Symbol,Price,Date,Volume,Rating,RatingVoteCount,OneYearEstimate
TFSC,$9.73,1440091202857,400,100% bearish,of 1 rating,N/A
FCCY,NULL,1440091202888,0,100% bullish,of 1 rating,$13
FLWS,$9.6,1440091202920,"101,680",100% bullish,of 5 ratings,$15
FCTY,NULL,1440091202955,0,100% bullish,of 1 rating,$8.50
TFSCW,NULL,1440091202983,0,100% bearish,of 1 rating,N/A
TFSCU,NULL,1440091203019,0,Not yet rated,NULL,N/A
TFSCR,NULL,1440091203046,0,Not yet rated,NULL,N/A
PIH,$7.49,1440091203072,"3,740",100% bearish,of 1 rating,N/A
VNET,$20.09,1440091203226,"199,703",60% bullish,of 5 ratings,$29.50
DSLV,$58.7222,1440091203328,"8,667",100% bearish,of 1 rating,N/A
SRCE,$30.1,1440091203356,"4,784",100% bullish,of 3 ratings,$33
DGLD,$77.461,1440091203416,"7,103",100% bullish,of 1 rating,N/A
TWOU,$35.01,1440091203558,"119,458",50% bullish,of 2 ratings,$39
USLV,$15.27,1440091203602,"242,986",86% bullish,of 7 ratings,N/A
UGLD,$9.77,1440091203659,"165,862",100% bearish,of 1 rating,N/A
JOBS,$26.04,1440091203758,"83,063",50% bullish,of 4 ratings,$36
SHLM,$35.5,1440091203983,"38,744",100% bearish,of 1 rating,$50
CAFD,$15.64,1440091204018,"69,024",Not yet rated,NULL,$25
EGHT,$8.35,1440091204040,"114,735",82% bullish,of 17 ratings,$11
ABAX,$47.63,1440091204074,"59,540",100% bearish,of 1 rating,$60
AAON,$22.47,1440091204103,"23,003",100% bearish,of 1 rating,$24
SIXD,$2.11,1440091204161,"52,887",Not yet rated,NULL,N/A
AVHI,$13.86,1440091204183,"12,932",100% bearish,of 1 rating,$19
ABY,$20.94,1440091204264,"71,313",100% bearish,of 2 ratings,$46
ABGB,$4.01,1440091204396,"57,962",67% bullish,of 3 ratings,$5.50
ABEO,$4.98,1440091204426,"80,596",67% bullish,of 3 ratings,$15.50
ABEOW,$1.71,1440091204470,"1,450",100% bullish,of 1 rating,N/A
ABMD,$103.79,1440091204532,"141,630",75% bullish,of 4 ratings,$100.50
AXAS,$1.66,1440091204790,"213,000",78% bullish,of 9 ratings,$3.50
ACHC,$77.14,1440091204872,"251,318",50% bullish,of 2 ratings,$92
ACST,$0.3602,1440091204926,"30,900",100% bullish,of 2 ratings,N/A
ACTG,$8.74,1440091204960,"82,272",67% bullish,of 3 ratings,$18.50
ACAD,$37.04,1440091204993,"390,205",80% bullish,of 20 ratings,$48
AXDX,$18.71,1440091205032,"68,653",100% bearish,of 1 rating,N/A
ANCX,$18.86,1440091205065,"12,797",Not yet rated,NULL,$19
VXDN,$13.7,1440091205092,"3,515",Not yet rated,NULL,N/A
XLRN,$29.33,1440091205221,"34,534",50% bullish,of 2 ratings,$57
VXUP,$17.9,1440091205393,"16,570",Not yet rated,NULL,N/A
ARAY,$5.87,1440091205420,"549,081",100% bearish,of 1 rating,$10.50
ACRX,$4.32,1440091205498,"122,129",67% bearish,of 6 ratings,$5.50
ACET,$24.91,1440091205566,"36,907",75% bullish,of 4 ratings,$30
AKAO,$7.07,1440091205656,"46,629",75% bullish,of 4 ratings,$15
ACHN,$8.11,1440091205702,"536,634",90% bullish,of 21 ratings,$16
ACIW,$22.44,1440091205885,"115,657",50% bullish,of 2 ratings,$24
ACOR,$29.44,1440091205913,"95,737",67% bearish,of 3 ratings,$38.50
ACTS,$1.35,1440091205935,"29,685",100% bearish,of 1 rating,N/A
ACNB,$20.15,1440091205957,472,Not yet rated,NULL,N/A
ATVI,$28.21,1440091206001,"1,974,683",68% bullish,of 84 ratings,$31.50
ACTA,$13.42,1440091206097,"59,325",67% bearish,of 3 ratings,$25
ACPW,$1.8501,1440091206164,"6,235",100% bullish,of 4 ratings,$3.50
ACXM,$20.43,1440091206241,"91,112",67% bullish,of 3 ratings,N/A
ACUR,$0.61,1440091206297,638,100% bullish,of 5 ratings,$1
ADMS,$20.05,1440091206434,"35,964",100% bearish,of 2 ratings,$36
ADUS,$29.365,1440091206567,"35,983",100% bearish,of 1 rating,$31
ADAP,$15.07,1440091206598,"25,163",67% bullish,of 3 ratings,$22
AEY,$2.3201,1440091206635,"3,024",100% bearish,of 2 ratings,N/A
ADMP,$3.545,1440091206665,"4,038",50% bullish,of 2 ratings,$10
ADEP,$7.07,1440091206700,"12,377",50% bullish,of 2 ratings,$10.75
ADMA,$9.5599,1440091206727,350,Not yet rated,NULL,$19
AEIS,$25.47,1440091206967,"70,239",50% bullish,of 2 ratings,$32.50
AMD,$1.715,1440091207004,"4,507,755",83% bullish,of 102 ratings,$2
ADTN,$15.63,1440091207032,"131,698",67% bullish,of 3 ratings,$17.125
ADRO,$20.54,1440091207190,"60,137",80% bullish,of 5 ratings,$45.50
ADXS,$14.23,1440091207221,"359,316",64% bullish,of 14 ratings,$27
ADXSW,$9.97,1440091207242,"2,792",100% bullish,of 1 rating,N/A
ADBE,$83.86,1440091207322,"564,391",65% bullish,of 17 ratings,$90
MULT,NULL,1440091207593,0,100% bearish,of 1 rating,N/A
AEGR,$18.16,1440091207692,"122,730",50% bullish,of 6 ratings,$26
YPRO,$23.2299,1440091207718,"1,502",100% bearish,of 1 rating,N/A
AMTX,$3.52,1440091207746,"10,899",50% bullish,of 2 ratings,$26.11
AEPI,$57.0025,1440091207791,"2,836",100% bearish,of 1 rating,N/A
AERI,$15.91,1440091207969,"164,516",75% bullish,of 4 ratings,$31.50
AVAV,$24.84,1440091208043,"51,098",50% bullish,of 4 ratings,$31
AEMD,$6.65,1440091208175,"17,018",Not yet rated,NULL,$27.50
AEGN,$18.62,1440091208307,"62,140",100% bearish,of 1 rating,$21
AFFX,$9.44,1440091208457,"90,372",80% bullish,of 5 ratings,$12
AGEN,$7.33,1440091208490,"241,327",85% bullish,of 13 ratings,$14
AEHR,$2.1364,1440091208559,"1,069",50% bullish,of 2 ratings,N/A
AEZS,$0.1057,1440091208594,"4,515,425",90% bullish,of 21 ratings,$1.50
AFMD,$10.39,1440091208691,"106,583",50% bullish,of 4 ratings,$15
AGRX,$8.3,1440091208717,"20,382",100% bearish,of 1 rating,$17.50
AGIO,$88.24,1440091208746,"136,571",88% bullish,of 8 ratings,$114
AGFSW,$1.8375,1440091209051,"5,945",100% bearish,of 2 ratings,N/A
AGYS,$9.6,1440091209083,"5,654",100% bearish,of 1 rating,N/A
AIRM,$37.67,1440091209111,"61,781",80% bearish,of 5 ratings,$53
AGFS,$9.6,1440091209188,"104,709",100% bearish,of 1 rating,N/A
ATSG,$9.33,1440091209243,"28,666",67% bullish,of 3 ratings,$13
AIMT,$22.44,1440091209272,"92,122",Not yet rated,NULL,N/A
AIRT,$22.5,1440091209333,"2,119",100% bullish,of 1 rating,N/A
AMCN,$4.91,1440091209379,"286,932",83% bullish,of 6 ratings,N/A
AIXG,$6.06,1440091209534,"5,978",67% bearish,of 3 ratings,$6
AKAM,$70.77,1440091209644,"636,909",63% bullish,of 8 ratings,$77
AKBA,$6.5,1440091209669,"145,402",100% bearish,of 1 rating,$18
AKRX,$41.96,1440091209706,"254,363",78% bullish,of 9 ratings,$56
ALSK,$2.14,1440091209806,"35,360",78% bullish,of 18 ratings,$2
AKER,$2.81,1440091209857,"4,227",Not yet rated,NULL,N/A
ALRM,$16.97,1440091209884,"114,300",100% bearish,of 1 rating,$22
AMRI,$20.05,1440091209959,"57,635",75% bearish,of 4 ratings,$24
ABDC,$12.92,1440091210049,"6,486",Not yet rated,NULL,$15
ALDX,$7.75,1440091210154,"8,170",100% bearish,of 1 rating,$14.50
ALDR,$37.34,1440091210185,"140,073",67% bearish,of 3 ratings,$62
ALXA,$1.09,1440091210255,"8,220",83% bullish,of 6 ratings,$2.125
ADHD,$8.51,1440091210290,"81,511",50% bullish,of 4 ratings,$18
ALXN,$181.735,1440091210330,"300,610",88% bullish,of 8 ratings,$223
ALCO,$42.61,1440091210467,"2,220",50% bullish,of 2 ratings,N/A
ALKS,$64.2,1440091210603,"207,471",67% bullish,of 3 ratings,$75
ALGN,$58.74,1440091210634,"171,275",100% bearish,of 2 ratings,$73
ALIM,$3.45,1440091210705,"23,099",80% bullish,of 5 ratings,$10
ALGT,$219.99,1440091210741,"42,202",100% bearish,of 1 rating,$235
ALLB,$23.59,1440091210838,200,Not yet rated,NULL,N/A
AFOP,$17.75,1440091210867,"78,382",75% bullish,of 8 ratings,$21
AIQ,$14.71,1440091210923,"5,625",67% bullish,of 3 ratings,N/A
AHGP,$37.2454,1440091211005,"25,781",67% bullish,of 3 ratings,N/A
ARLP,$24.97,1440091211034,"70,870",67% bearish,of 3 ratings,$32
AHPI,$1.44,1440091211168,700,50% bullish,of 2 ratings,N/A
AMOT,$16.39,1440091211300,"26,211",100% bearish,of 1 rating,N/A
ALQA,$4.46,1440091211333,"15,297",75% bullish,of 4 ratings,$8.50
ALLT,$5.02,1440091211439,"28,428",75% bullish,of 4 ratings,$6.25
AFAM,$47.55,1440091211464,"22,668",50% bullish,of 2 ratings,$44
ALNY,$105,1440091211597,"268,868",67% bullish,of 3 ratings,$148.50
AOSL,$7.2,1440091211624,"23,608",67% bullish,of 3 ratings,$9
MDRX,$13.96,1440091211646,"592,505",60% bullish,of 5 ratings,$16
ATEC,$0.5901,1440091211846,"11,838",100% bullish,of 1 rating,$2
ALTR,$48.96,1440091211879,"639,842",80% bearish,of 5 ratings,$54
SMCP,NULL,1440091211933,0,Not yet rated,NULL,N/A
AIMC,$25.83,1440091211955,"9,841",100% bearish,of 1 rating,$28.50
ASPS,$29.32,1440091211992,"29,112",67% bullish,of 3 ratings,$46.50
AMRN,$2.0101,1440091212087,"1,126,852",85% bullish,of 39 ratings,$8
AMRK,NULL,1440091212113,0,50% bullish,of 2 ratings,$14
AYA,$22.01,1440091212302,"17,441",100% bearish,of 1 rating,$40
AMAG,$62.37,1440091212354,"80,479",100% bullish,of 2 ratings,$77.50
AMBC,$15.87,1440091212380,"78,021",100% bearish,of 1 rating,$16.50
AMZN,$519.57,1440091212437,"1,408,648",81% bullish,of 263 ratings,$646
AMBCW,$7.35,1440091212517,"1,600",100% bearish,of 1 rating,N/A
AMBA,$99.828,1440091212570,"1,029,693",83% bullish,of 12 ratings,$102.50
AMCX,$70.08,1440091212661,"377,081",67% bullish,of 3 ratings,$85.50
EPAX,$2.67,1440091212792,"29,013",100% bearish,of 1 rating,N/A
AMED,$41.205,1440091212818,"159,618",100% bearish,of 1 rating,$42
AMDA,$0.485,1440091212847,"749,087",90% bullish,of 10 ratings,$1
DOX,$59.25,1440091212891,"74,192",100% bullish,of 2 ratings,$60
ASBI,$22.65,1440091212979,600,Not yet rated,NULL,N/A
UHAL,$373.43,1440091213021,"5,985",100% bullish,of 2 ratings,$393.50
ATAX,$5.3,1440091213158,"52,292",100% bullish,of 1 rating,$6.50
AAL,$42.3425,1440091213185,"2,763,596",93% bullish,of 87 ratings,$57
AMOV,$18.38,1440091213260,"5,676",100% bearish,of 1 rating,N/A
AGNC,$20.0232,1440091213340,"1,815,116",75% bullish,of 28 ratings,$22
AGNCB,$24.3,1440091213366,"11,400",Not yet rated,NULL,N/A
AGNCP,$25.394,1440091213421,"1,672",Not yet rated,NULL,N/A
MTGEP,NULL,1440091213582,0,Not yet rated,NULL,N/A
ACAS,$14.19,1440091213616,"552,700",60% bullish,of 5 ratings,$16.75
ACSF,$12.745,1440091213646,"4,376",100% bearish,of 1 rating,$15
MTGE,$15.97,1440091213679,"79,744",75% bullish,of 4 ratings,$19.50
ANCI,$1.58,1440091213773,"2,500",100% bearish,of 1 rating,N/A
AETI,NULL,1440091213873,0,67% bearish,of 3 ratings,N/A
AMIC,NULL,1440091213973,0,Not yet rated,NULL,N/A
AMNB,$23.09,1440091214256,"2,744",Not yet rated,NULL,$25.50
APEI,$21.61,1440091214334,"22,873",100% bearish,of 1 rating,$25.50
AMSWA,$9.29,1440091214389,"4,244",100% bearish,of 2 ratings,$10.75
AMRB,$10,1440091214430,"1,217",Not yet rated,NULL,$11
ANAT,$102.48,1440091214465,"4,055",100% bullish,of 1 rating,N/A
ARII,$38.72,1440091214521,"77,729",67% bearish,of 3 ratings,$45
ASEI,$39.75,1440091214666,"41,668",100% bearish,of 1 rating,$52.50
AMWD,$62.49,1440091214738,"63,525",50% bullish,of 2 ratings,$58
CRMT,$42.53,1440091214881,"10,490",100% bearish,of 1 rating,$49
AMSC,$3.755,1440091214908,"13,991",50% bullish,of 4 ratings,N/A
ABCB,$27.75,1440091214962,"19,836",Not yet rated,NULL,$31
AMSF,$50.63,1440091215036,"25,681",Not yet rated,NULL,$57.50
ASRV,$3.26,1440091215182,"1,460",100% bullish,of 2 ratings,N/A
ASRVP,NULL,1440091215314,0,Not yet rated,NULL,N/A
AMGN,$163.27,1440091215529,"828,371",89% bullish,of 19 ratings,$185
FOLD,$15.5504,1440091215554,"310,592",56% bullish,of 9 ratings,$21
AMPH,$14.11,1440091215581,"89,088",50% bullish,of 2 ratings,$20
AMKR,$4.28,1440091215611,"391,475",100% bearish,of 2 ratings,$5
ATLO,$23.6228,1440091215633,"2,259",Not yet rated,NULL,N/A
AMSG,$82.42,1440091215805,"99,515",100% bearish,of 1 rating,$85.50
AMSGP,NULL,1440091215842,0,Not yet rated,NULL,N/A
ASYS,$5.52,1440091215864,"29,185",67% bullish,of 3 ratings,$12
AFSI,$63.98,1440091215938,"197,604",60% bullish,of 5 ratings,$72
AMRS,$1.64,1440091215968,"34,705",70% bullish,of 10 ratings,N/A
ANAC,$131.315,1440091216015,"193,341",80% bullish,of 5 ratings,$180.50
ADI,$55.405,1440091216146,"1,696,246",67% bullish,of 3 ratings,$69
ALOG,$83.43,1440091216175,"24,116",100% bearish,of 2 ratings,$100.50
ANAD,$0.38,1440091216251,"122,708",100% bullish,of 2 ratings,$.50
ANCB,NULL,1440091216439,0,Not yet rated,NULL,$23
ABCW,$39.84,1440091216464,"7,507",67% bullish,of 3 ratings,N/A
AMCF,$0.2599,1440091216497,"1,284",100% bullish,of 7 ratings,N/A
ANGI,$4.2745,1440091216597,"153,103",64% bullish,of 11 ratings,$5.50
ANIP,$52.42,1440091216623,"96,452",89% bullish,of 19 ratings,$66
ANGO,$14.73,1440091216656,"14,626",67% bullish,of 3 ratings,$19
ANIK,$34.79,1440091216766,"28,970",60% bullish,of 5 ratings,$51.25
ANTH,$8.29,1440091216815,"418,041",80% bullish,of 10 ratings,$13
ANSS,$94.04,1440091216958,"136,675",100% bearish,of 1 rating,$100
ATRS,$1.81,1440091217000,"157,559",92% bullish,of 12 ratings,$4.50
ATNY,$2.35,1440091217142,700,50% bullish,of 2 ratings,$3.75
ABAC,$0.79,1440091217168,"6,310",100% bearish,of 1 rating,N/A
APIC,$6.89,1440091217208,"139,176",100% bearish,of 1 rating,$19
APOG,$51.8,1440091217455,"49,300",100% bullish,of 1 rating,$62
APOL,$11.1,1440091217485,"385,704",87% bearish,of 68 ratings,$14
APPF,$16.27,1440091217512,"14,830",50% bullish,of 2 ratings,$22
AINV,$6.52,1440091217662,"607,976",50% bullish,of 4 ratings,$8
AAPL,$112.88,1440091217685,"23,314,733",86% bullish,of 2335 ratings,$150
ARCI,$1.25,1440091217707,200,Not yet rated,NULL,N/A
AGTC,$15.21,1440091217761,"77,239",50% bullish,of 2 ratings,$33
APDN,$3.23,1440091217789,"25,111",Not yet rated,NULL,$9
AMCC,$5.32,1440091217970,"135,904",80% bullish,of 5 ratings,$8
APDNW,$1.21,1440091218017,"2,300",Not yet rated,NULL,N/A
AMAT,$16.075,1440091218075,"3,408,638",82% bullish,of 11 ratings,$23
AAOI,$20.77,1440091218218,"115,407",50% bullish,of 4 ratings,$26
AQMS,$5.05,1440091218350,"5,582",Not yet rated,NULL,N/A
APTO,$4.9226,1440091218379,"5,350",Not yet rated,NULL,$17
APRI,$1.32,1440091218508,"312,725",83% bullish,of 6 ratings,$4.86
AQXP,$16.02,1440091218552,"282,160",50% bullish,of 2 ratings,$2
AUMA,NULL,1440091218577,0,Not yet rated,NULL,N/A
AREX,$2.37,1440091218640,"227,422",100% bearish,of 1 rating,$3
AUMAW,NULL,1440091218666,0,Not yet rated,NULL,N/A
AUMAU,NULL,1440091218722,0,Not yet rated,NULL,N/A
ARDM,$7.1,1440091218855,"4,007",100% bullish,of 1 rating,$26
PETX,$17.05,1440091218928,"111,415",100% bearish,of 2 ratings,$26
ARCW,$3.59,1440091219063,995,100% bearish,of 2 ratings,$10.50
ABUS,$7.55,1440091219150,"180,594",86% bullish,of 14 ratings,$23
ARCB,$30.98,1440091219297,"73,957",50% bullish,of 2 ratings,$39.50
ABIO,$0.89,1440091219323,"52,519",50% bullish,of 2 ratings,$3.75
ACGL,$72.45,1440091219491,"74,040",50% bullish,of 2 ratings,$72
ACAT,$28.015,1440091219520,"44,905",100% bearish,of 3 ratings,$33
RKDA,$5.75,1440091219571,"3,804",100% bearish,of 2 ratings,$10
ARNA,$2.925,1440091219600,"850,870",90% bullish,of 77 ratings,$5.50
ARDX,$17.61,1440091219626,"32,557",50% bullish,of 2 ratings,$24.50
ARCC,$15.8349,1440091219733,"264,145",67% bearish,of 3 ratings,$17.875
AGIIL,$25.48,1440091219802,"2,417",Not yet rated,NULL,N/A
AGII,$58.4731,1440091219828,"41,898",Not yet rated,NULL,$59.50
ARGS,$5.74,1440091219961,"71,940",50% bullish,of 2 ratings,$19.50
ARIA,$6.9199,1440091219991,"913,311",87% bullish,of 46 ratings,$9
ARIS,$3.28,1440091220066,"2,625",Not yet rated,NULL,$4.50
ARKR,NULL,1440091220126,0,50% bullish,of 2 ratings,N/A
ARMH,$41.83,1440091220203,"704,603",54% bearish,of 13 ratings,$61
ARTX,$1.53,1440091220308,"109,238",88% bullish,of 16 ratings,$4.50
ARWAR,NULL,1440091220333,0,Not yet rated,NULL,N/A
ARWAU,NULL,1440091220489,0,100% bullish,of 1 rating,N/A
ARQL,$1.65,1440091220523,"84,361",75% bullish,of 4 ratings,$5
ARWAW,NULL,1440091220552,0,Not yet rated,NULL,N/A
ARRY,$5.4536,1440091220578,"338,278",100% bullish,of 7 ratings,$10
ARWA,NULL,1440091220619,0,Not yet rated,NULL,N/A
ARRS,$27.44,1440091220713,"264,032",50% bullish,of 2 ratings,$38
DWAT,$10.2301,1440091220846,300,100% bearish,of 1 rating,N/A
AROW,$27.27,1440091220875,"5,903",Not yet rated,NULL,N/A
ARWR,$5.51,1440091220897,"302,869",75% bullish,of 4 ratings,$10.50
ARTW,$4.5099,1440091221050,300,75% bearish,of 4 ratings,N/A
ARTNA,$22.62,1440091221077,"11,585",100% bearish,of 1 rating,$29
ASBB,$23.72,1440091221257,305,Not yet rated,NULL,N/A
ASNA,$11.67,1440091221286,"775,235",50% bullish,of 2 ratings,$18
ASND,$17.8,1440091221316,"17,164",100% bullish,of 1 rating,$30
ASTI,$0.121,1440091221416,"891,627",83% bullish,of 6 ratings,$3
ASCMA,$27.74,1440091221445,"36,895",100% bearish,of 1 rating,$45
ASML,$87.82,1440091221644,"519,796",67% bullish,of 3 ratings,$127
APWC,$2,1440091221704,600,100% bearish,of 1 rating,N/A
ASMI,$36.57,1440091221729,300,50% bullish,of 2 ratings,N/A
AZPN,$38.7,1440091221877,"277,614",50% bullish,of 2 ratings,$42
ASMB,$12.91,1440091221944,"37,896",67% bullish,of 3 ratings,N/A
ASFI,$9.01,1440091221972,"2,610",100% bullish,of 1 rating,N/A
ASTE,$36.68,1440091222009,"15,498",100% bearish,of 1 rating,$48
ATRO,$53.75,1440091222155,"44,726",100% bearish,of 2 ratings,$80
ASTC,$2.36,1440091222185,"9,358",100% bullish,of 5 ratings,N/A
ALOT,$13.14,1440091222215,"1,312",100% bearish,of 1 rating,N/A
ASUR,$5.8187,1440091222313,"2,758",100% bearish,of 1 rating,$8
ATAI,$2.93,1440091222357,"17,651",100% bearish,of 1 rating,N/A
ATRA,$44.17,1440091222497,"47,339",50% bullish,of 2 ratings,$68
ATHN,$136.07,1440091222551,"34,001",67% bearish,of 3 ratings,$153
ATHX,$1.19,1440091222602,"67,323",89% bullish,of 9 ratings,$5
AFCB,NULL,1440091222640,0,Not yet rated,NULL,N/A
AAPC,$10.2,1440091222730,170,Not yet rated,NULL,N/A
AAME,$3.44,1440091222876,104,Not yet rated,NULL,N/A
ACFC,$6.22,1440091222921,"44,993",Not yet rated,NULL,$6.50
ATLC,$3.98,1440091223091,492,67% bullish,of 3 ratings,N/A
ATNI,$73.41,1440091223116,"22,215",100% bearish,of 1 rating,$69.50
AFH,$16.94,1440091223148,"7,934",Not yet rated,NULL,$21.50
ATML,$7.34,1440091223176,"1,622,277",78% bullish,of 9 ratings,$9.50
AAWW,$41.8,1440091223203,"202,211",50% bullish,of 2 ratings,$65
ATRC,$26.48,1440091223332,"30,425",100% bullish,of 1 rating,$30
ATOS,$0.9172,1440091223403,"95,409",100% bullish,of 7 ratings,$7
ATTU,$14.57,1440091223608,"18,889",100% bearish,of 1 rating,$20.50
ATRM,$2.87,1440091223634,690,50% bullish,of 2 ratings,N/A
ATRI,$394.45,1440091223706,501,Not yet rated,NULL,N/A
LIFE,$14.64,1440091223793,"14,294",86% bullish,of 7 ratings,$43
AUBN,$27.21,1440091223838,100,Not yet rated,NULL,N/A
AUDC,$3.26,1440091223870,"47,377",80% bullish,of 5 ratings,$5
EARS,$5.01,1440091223898,"35,045",100% bearish,of 2 ratings,$11.50
AUPH,$3.36,1440091223973,"3,000",100% bearish,of 1 rating,$8
ADAT,$0.11,1440091224030,"50,455",100% bullish,of 2 ratings,N/A
ABTL,$18.45,1440091224116,"45,332",100% bullish,of 4 ratings,$20.25
ADSK,$53.41,1440091224246,"630,349",83% bullish,of 6 ratings,$69.50
AAVL,$10.5801,1440091224274,"153,886",100% bearish,of 1 rating,$20
AVGO,$116.982,1440091224352,"941,949",88% bullish,of 8 ratings,$160
AVNU,$12.45,1440091224422,"1,820",Not yet rated,NULL,$14
ADP,$83.15,1440091224452,"678,204",100% bearish,of 1 rating,$88
AVEO,$1.4196,1440091224558,"565,318",75% bullish,of 8 ratings,$3
AVNW,$1.11,1440091224587,"26,741",50% bullish,of 2 ratings,$2.20
AVID,$7.84,1440091224663,"80,138",100% bearish,of 1 rating,$20
CAR,$44.855,1440091224719,"554,004",80% bullish,of 5 ratings,$60
AWRE,$3.24,1440091224913,"8,094",67% bullish,of 3 ratings,N/A
AXPW,$1.1,1440091224968,"27,751",83% bullish,of 6 ratings,N/A
AVGR,$15.2,1440091225046,"16,421",100% bearish,of 1 rating,$20
ACLS,$3.37,1440091225131,"449,444",67% bullish,of 6 ratings,$4.75
AXGN,$3.89,1440091225181,"15,959",Not yet rated,NULL,$5
AXPWW,NULL,1440091225209,0,Not yet rated,NULL,N/A
RILY,$9.8601,1440091225336,505,Not yet rated,NULL,N/A
AXTI,$2.16,1440091225362,"7,830",50% bullish,of 2 ratings,$2.75
BCOM,$19.98,1440091225440,187,100% bearish,of 1 rating,N/A
BEAV,$50.04,1440091225650,"259,475",67% bearish,of 3 ratings,$59
BOSC,$2.25,1440091225672,"2,414",50% bullish,of 2 ratings,N/A
BCPC,$60.01,1440091225708,"38,797",100% bearish,of 1 rating,$75
BIDU,$158.97,1440091225742,"1,782,870",81% bullish,of 88 ratings,$215
BWINA,NULL,1440091225769,0,Not yet rated,NULL,N/A
BWINB,$23.02,1440091225839,248,Not yet rated,NULL,N/A
BLDP,$1.305,1440091225865,"145,698",91% bullish,of 22 ratings,$2.50
BANF,$61.41,1440091226090,706,Not yet rated,NULL,$68
BKMU,$7.18,1440091226116,"25,978",Not yet rated,NULL,$8
BANFP,NULL,1440091226142,0,Not yet rated,NULL,N/A
BOCH,$5.78,1440091226497,"12,190",Not yet rated,NULL,$6.50
BMRC,$48.9499,1440091227548,"3,381",Not yet rated,NULL,$52
BKSC,$15.83,1440091227593,800,Not yet rated,NULL,N/A
OZRK,$41.84,1440091227738,"68,883",67% bullish,of 3 ratings,$49.50
BFIN,$12,1440091227961,"5,534",Not yet rated,NULL,$13
BOTJ,NULL,1440091228215,0,Not yet rated,NULL,N/A
BANR,$45.66,1440091228245,"20,365",100% bullish,of 3 ratings,$50
TAPR,$29.86,1440091228275,900,100% bearish,of 1 rating,N/A
BWFG,$18.25,1440091228345,"1,627",100% bearish,of 1 rating,N/A
BZUN,$6.02,1440091228399,"394,658",50% bullish,of 2 ratings,$13.85
BSET,$30.64,1440091228426,"33,884",100% bearish,of 1 rating,$35
BHACW,NULL,1440091228451,0,Not yet rated,NULL,N/A
BHAC,NULL,1440091228476,0,Not yet rated,NULL,N/A
BYBK,NULL,1440091228675,0,100% bearish,of 1 rating,N/A
BYLK,$12.96,1440091228775,"1,904",Not yet rated,NULL,$14
BHACR,NULL,1440091228859,0,Not yet rated,NULL,N/A
BHACU,$10.19,1440091228909,200,Not yet rated,NULL,N/A
BBSI,$34.86,1440091228958,"42,103",67% bearish,of 3 ratings,$62.50
BBCN,$15.19,1440091228987,"70,675",100% bearish,of 1 rating,$16
BV,$5.16,1440091229162,"104,506",67% bullish,of 6 ratings,$9
BCBP,$11.68,1440091229195,"4,354",Not yet rated,NULL,N/A
BDCV,$5.04,1440091229221,"8,015",100% bearish,of 1 rating,$10.19
BECN,$36.5,1440091229296,"95,674",50% bullish,of 2 ratings,$40
BEBE,$1.82,1440091229395,"28,559",75% bullish,of 4 ratings,$3.075
BBGI,$4.8499,1440091229422,100,100% bearish,of 1 rating,N/A
BSF,$8.91,1440091229554,"3,942",Not yet rated,NULL,N/A
BELFB,$19.74,1440091229660,"8,164",100% bearish,of 1 rating,N/A
BBBY,$63.34,1440091229697,"630,757",71% bullish,of 7 ratings,$75
BELFA,NULL,1440091229723,0,100% bearish,of 1 rating,N/A
BLPH,$5.66,1440091229858,"26,624",100% bearish,of 1 rating,$12.50
BLCM,$17.61,1440091230056,"64,105",50% bullish,of 4 ratings,$40
BGMD,$0.8295,1440091230086,"163,743",100% bullish,of 10 ratings,N/A
BNFT,$37.93,1440091230108,"27,803",67% bullish,of 3 ratings,$46
BNCL,$12.77,1440091230142,"124,448",100% bullish,of 3 ratings,$12.50
BGFV,$11.12,1440091230242,"35,281",57% bullish,of 7 ratings,$12
BNTC,$8.22,1440091230271,"76,378",100% bullish,of 1 rating,N/A
BIND,$4.63,1440091230319,"27,987",67% bullish,of 3 ratings,$13.50
BGCP,$9.27,1440091230408,"268,468",88% bullish,of 8 ratings,$14
BASI,$1.3,1440091230538,"6,406",Not yet rated,NULL,N/A
ORPN,$5.5,1440091230625,"4,450",100% bullish,of 1 rating,$28.50
BCDA,NULL,1440091230686,0,Not yet rated,NULL,N/A
BIOC,$2.02,1440091230713,"483,052",83% bullish,of 6 ratings,$3.85
BCRX,$11.79,1440091230755,"138,902",63% bullish,of 8 ratings,$18
BDSI,$6.39,1440091230841,"268,445",88% bullish,of 8 ratings,$17
BIOD,$0.6549,1440091230928,"68,801",80% bullish,of 5 ratings,$4
BIIB,$311.139,1440091230973,"412,375",88% bullish,of 16 ratings,$400
BIOL,$1.48,1440091231070,"42,099",Not yet rated,NULL,N/A
BLRX,$1.47,1440091231102,"107,697",100% bullish,of 12 ratings,$5
BLFS,$2.08,1440091231129,"11,509",100% bearish,of 1 rating,$4.75
BMRN,$133.3,1440091231151,"285,919",80% bullish,of 5 ratings,$160
BVXV,$4,1440091231287,"6,358",Not yet rated,NULL,N/A
BVXVW,$0.7051,1440091231315,"3,000",100% bearish,of 1 rating,N/A
BPTH,$1.18,1440091231465,"9,644",100% bullish,of 2 ratings,$5
BRLI,NULL,1440091231680,0,83% bullish,of 6 ratings,N/A
BIOS,$1.63,1440091231710,"437,123",71% bullish,of 7 ratings,$4
BBC,$31,1440091231732,"8,932",Not yet rated,NULL,N/A
BSTC,$49.97,1440091231770,"45,165",100% bearish,of 1 rating,$76
BBP,$33.1,1440091231867,"28,380",Not yet rated,NULL,N/A
BSPM,$0.7002,1440091231893,"2,200",50% bullish,of 2 ratings,N/A
TECH,$104.1,1440091231941,"25,422",100% bullish,of 1 rating,$117
BITI,$18.648,1440091232036,"26,825",100% bullish,of 1 rating,$28
BOTA,$2.31,1440091232177,"49,366",88% bullish,of 8 ratings,N/A
BEAT,$12.98,1440091232246,"233,523",67% bearish,of 3 ratings,$15
BJRI,$46.39,1440091232280,"43,651",50% bullish,of 2 ratings,$55
BBOX,$15.29,1440091232302,"14,511",100% bearish,of 1 rating,N/A
BDMS,NULL,1440091232378,0,100% bearish,of 1 rating,N/A
BDE,$7.52,1440091232551,"40,051",50% bullish,of 2 ratings,$9
BLKB,$59.75,1440091232655,"43,143",100% bearish,of 2 ratings,$66
BKCC,$9.29,1440091232702,"52,468",100% bullish,of 2 ratings,$10
HAWK,$44.03,1440091232751,"140,181",90% bullish,of 10 ratings,$49
BBRY,$7.36,1440091232777,"2,121,963",61% bullish,of 330 ratings,$9
ADRD,$22.77,1440091232834,"2,138",100% bearish,of 1 rating,N/A
ADRA,$27.77,1440091232860,908,Not yet rated,NULL,N/A
ADRE,$30.25,1440091232998,"4,267",Not yet rated,NULL,N/A
ADRU,$22.5308,1440091233030,208,100% bearish,of 1 rating,N/A
BLMN,$21.16,1440091233133,"300,290",83% bullish,of 6 ratings,$27.50
BCOR,$13.56,1440091233169,"62,585",57% bullish,of 7 ratings,$15
BUFF,$26.75,1440091233273,"102,825",83% bullish,of 12 ratings,$31.50
BBLU,$0.8809,1440091233302,"57,479",100% bullish,of 2 ratings,$4.43
BLBD,$12.33,1440091233405,"2,489",Not yet rated,NULL,N/A
BHBK,$14.2201,1440091233543,"22,182",100% bullish,of 1 rating,$14.50
BLUE,$124.28,1440091233575,"318,631",71% bullish,of 7 ratings,$217.50
BKEP,$6.8999,1440091233602,"22,364",100% bearish,of 1 rating,$8.50
NILE,$34.34,1440091233677,"19,768",50% bullish,of 2 ratings,$34
BPMC,$26.41,1440091233771,"44,469",50% bullish,of 2 ratings,$47.50
BKEPP,$7.75,1440091233830,"9,900",100% bearish,of 1 rating,N/A
BNCN,$21.54,1440091233862,"22,730",Not yet rated,NULL,$23
BOBE,$45.2,1440091233960,"25,771",75% bullish,of 4 ratings,$57
BOFI,$128.88,1440091233991,"71,755",100% bullish,of 6 ratings,$144
WIFI,$8.285,1440091234039,"164,121",50% bullish,of 2 ratings,$13.50
BOJA,$20.82,1440091234173,"100,722",100% bullish,of 1 rating,$30
BOKF,$63.43,1440091234200,"33,128",100% bearish,of 1 rating,$71
BONA,$11.955,1440091234338,"116,399",75% bullish,of 4 ratings,$8.50
BNSO,$1.3816,1440091234441,"3,002",100% bearish,of 1 rating,N/A
BPFH,$12.27,1440091234473,"153,266",100% bearish,of 1 rating,$14
BAMM,$3.2078,1440091234494,"1,958",60% bullish,of 5 ratings,N/A
BPFHW,NULL,1440091234575,0,100% bearish,of 1 rating,N/A
BPFHP,NULL,1440091234634,0,100% bearish,of 1 rating,N/A
EPAY,$26.22,1440091234706,"47,123",100% bearish,of 2 ratings,$30
BDBD,$8.53,1440091234776,"248,062",60% bullish,of 5 ratings,$10
BCLI,$3.0272,1440091234806,"38,744",80% bullish,of 5 ratings,$12
BBEP,$2.32,1440091234828,"933,722",69% bullish,of 13 ratings,$5.625
BBRG,$13,1440091234958,"16,947",67% bullish,of 3 ratings,$14.50
BBEPP,$13.5099,1440091235049,"17,311",100% bearish,of 1 rating,N/A
BDGE,$27.42,1440091235188,"5,405",Not yet rated,NULL,$31.75
BLIN,$1.33,1440091235218,"19,477",50% bullish,of 2 ratings,$2.20
BCOV,$5.25,1440091235281,"51,895",67% bullish,of 3 ratings,$10.20
BRID,NULL,1440091235314,0,100% bearish,of 1 rating,N/A
BRCM,$49.945,1440091235414,"1,710,995",75% bullish,of 12 ratings,$56
BSFT,$31.84,1440091235489,"45,563",57% bullish,of 7 ratings,$40.50
BVSN,$6.03,1440091235551,"1,708",60% bearish,of 5 ratings,N/A
BYFC,$1.49,1440091235660,"13,810",50% bullish,of 2 ratings,N/A
BRKL,$10.87,1440091235785,"44,456",100% bearish,of 1 rating,$10.75
BWEN,$3.4,1440091235813,"18,411",100% bullish,of 3 ratings,$8
BRKR,$19.67,1440091235858,"304,586",100% bearish,of 2 ratings,$22
BRCD,$9.875,1440091235944,"2,622,521",92% bullish,of 13 ratings,$12.50
BRKS,$10.55,1440091236001,"51,715",67% bullish,of 3 ratings,$15.25
BMTC,$29.47,1440091236029,"9,598",Not yet rated,NULL,$34
BSQR,$6.48,1440091236195,"53,433",67% bullish,of 3 ratings,N/A
BLMT,$20.84,1440091236233,"3,042",Not yet rated,NULL,N/A
BLDR,$15.1,1440091236367,"503,542",50% bullish,of 2 ratings,$22
BWLD,$194.12,1440091236395,"116,929",82% bullish,of 11 ratings,$205
BUR,$1.99,1440091236443,816,100% bearish,of 1 rating,$8
CFFI,NULL,1440091236541,0,100% bearish,of 1 rating,N/A
CHRW,$69.63,1440091236602,"501,539",Not yet rated,NULL,$72
CCMP,$44.41,1440091236674,"25,491",50% bullish,of 2 ratings,$59
CA,$28.52,1440091236732,"644,404",50% bullish,of 4 ratings,$33
CDNS,$20.715,1440091236831,"516,739",75% bullish,of 4 ratings,$22.50
CDZI,$7.42,1440091236960,"8,383",100% bearish,of 1 rating,N/A
CZR,$7.02,1440091236986,"406,827",60% bearish,of 5 ratings,$10.50
CSTE,$43.67,1440091237052,"443,435",100% bearish,of 1 rating,$65
CACQ,$7.25,1440091237073,"11,505",100% bearish,of 1 rating,$12.25
PRSS,$4.35,1440091237154,"3,805",80% bullish,of 5 ratings,$4.50
CLBS,$1.359,1440091237208,"62,582",79% bullish,of 14 ratings,$4
CLMS,$11.71,1440091237234,"13,166",Not yet rated,NULL,$10.50
CHY,$11.79,1440091237961,"117,495",Not yet rated,NULL,N/A
CCD,$20.6822,1440091238310,"30,000",Not yet rated,NULL,N/A
CHI,$10.97,1440091238403,"74,029",100% bearish,of 1 rating,N/A
CFGE,NULL,1440091238429,0,Not yet rated,NULL,N/A
CHW,$7.8369,1440091238460,"129,012",100% bearish,of 1 rating,N/A
CGO,$12.479,1440091238562,"15,185",100% bearish,of 1 rating,N/A
CAMP,$15.937,1440091238691,"107,670",88% bullish,of 8 ratings,$25
CSQ,$10.24,1440091238741,"179,092",Not yet rated,NULL,N/A
CALM,$50.35,1440091238916,"156,354",80% bullish,of 5 ratings,$65
CFNB,NULL,1440091238945,0,100% bearish,of 1 rating,N/A
CALD,$15.82,1440091238980,"68,558",100% bearish,of 1 rating,$20.50
CLMT,$26.282,1440091239010,"66,341",75% bullish,of 8 ratings,$31
CALA,$5.08,1440091239035,"159,153",100% bullish,of 3 ratings,$19.50
CVGW,$54.47,1440091239076,"58,147",50% bullish,of 2 ratings,$58.50
CAMB,$9.95,1440091239113,400,Not yet rated,NULL,N/A
ABCD,$4.8,1440091239166,"40,855",83% bullish,of 6 ratings,N/A
CAMBU,NULL,1440091239454,0,100% bearish,of 1 rating,N/A
CAMBW,NULL,1440091239545,0,Not yet rated,NULL,N/A
CAC,$39.765,1440091239591,"1,596",Not yet rated,NULL,N/A
CPHC,$10.53,1440091239682,196,100% bearish,of 1 rating,N/A
CAMT,$2.83,1440091239713,"19,470",73% bullish,of 11 ratings,$4
CGIX,$9.87,1440091239741,"15,240",67% bullish,of 3 ratings,$14.375
CSIQ,$19.18,1440091239770,"1,850,314",86% bullish,of 28 ratings,$45
CBNJ,$10.85,1440091239818,"1,408",100% bullish,of 1 rating,N/A
CPLA,$48.28,1440091239946,"24,297",50% bullish,of 2 ratings,$65
CCBG,$15.1,1440091240047,"3,265",Not yet rated,NULL,$17.25
CPLP,$6.89,1440091240092,"314,816",71% bullish,of 7 ratings,$11
CBF,$30.06,1440091240124,"39,942",Not yet rated,NULL,$32
CSWC,$47.9,1440091240225,"6,199",Not yet rated,NULL,N/A
CPTA,$14.66,1440091240255,"32,284",Not yet rated,NULL,$18.50
CFFN,$12.05,1440091240392,"108,295",Not yet rated,NULL,$12.75
CAPN,$2.28,1440091240493,"126,344",100% bullish,of 1 rating,$10.85
CAPNW,$0.76,1440091240524,"3,300",Not yet rated,NULL,N/A
CPST,$0.385,1440091240595,"345,351",95% bullish,of 22 ratings,$1
CAPR,$3.97,1440091240629,"13,913",Not yet rated,NULL,$12
CARA,$21.28,1440091240655,"135,839",50% bullish,of 4 ratings,$25
CARB,$11.28,1440091240699,"35,521",75% bullish,of 4 ratings,$12
CRDC,$0.39,1440091240727,"13,563",100% bullish,of 1 rating,$1.25
CBYL,$6.99,1440091240887,"14,408",100% bearish,of 1 rating,$20
CFNL,$22.72,1440091241054,"40,753",Not yet rated,NULL,$24
CRME,$9.35,1440091241084,"16,582",89% bullish,of 9 ratings,$11.25
CSII,$24.07,1440091241142,"82,059",100% bearish,of 2 ratings,$42.125
CDNA,$6.3694,1440091241184,"1,900",100% bearish,of 1 rating,$9
CATM,$35.33,1440091241214,"152,548",100% bearish,of 1 rating,$44
CECO,$3.62,1440091241314,"85,500",67% bearish,of 3 ratings,$6
CARO,$15.43,1440091241692,"8,733",100% bearish,of 1 rating,$19
CTRE,$11.99,1440091241724,"163,607",50% bullish,of 2 ratings,N/A
CLBH,NULL,1440091241745,0,Not yet rated,NULL,$16.50
CKEC,$22.27,1440091241776,"71,576",50% bullish,of 2 ratings,$35.915
CART,$5.45,1440091241825,"2,256",100% bearish,of 1 rating,N/A
TAST,$12.37,1440091241906,"82,640",Not yet rated,NULL,$14.25
CRZO,$33.28,1440091242071,"179,968",67% bearish,of 3 ratings,$57
CRTN,$2.71,1440091242101,100,100% bearish,of 1 rating,N/A
CACB,$5.53,1440091242170,"22,233",Not yet rated,NULL,$5.50
CARV,$6.04,1440091242270,317,50% bullish,of 2 ratings,N/A
CASY,$107.47,1440091242297,"80,399",50% bullish,of 2 ratings,$99.50
CASM,$1.091,1440091242326,"36,048",100% bullish,of 1 rating,$3.50
CWST,$6.39,1440091242357,"57,101",50% bullish,of 2 ratings,$7
CSCD,$14.37,1440091242379,"37,494",100% bullish,of 2 ratings,$17
CASS,$49.59,1440091242615,"5,208",100% bearish,of 1 rating,N/A
CASI,$1.49,1440091242699,"7,980",100% bullish,of 1 rating,$3.50
CATB,$11.78,1440091242831,"7,107",100% bearish,of 1 rating,$28
CATYW,NULL,1440091242888,0,100% bearish,of 1 rating,N/A
CATY,$30.77,1440091242915,"115,135",100% bearish,of 1 rating,$33.50
CVCO,$73.45,1440091242962,"5,986",100% bearish,of 1 rating,N/A
CAVM,$68.685,1440091243047,"126,283",67% bearish,of 3 ratings,$72
CPRX,$3.65,1440091243075,"423,150",71% bullish,of 7 ratings,$7
CNLMR,NULL,1440091243101,0,Not yet rated,NULL,N/A
CBFV,$20.62,1440091243129,"2,673",Not yet rated,NULL,N/A
CNLMU,$10.4,1440091243314,100,100% bullish,of 1 rating,N/A
CNLM,$9.98,1440091243347,200,Not yet rated,NULL,N/A
CBOE,$63.55,1440091243410,"115,868",Not yet rated,NULL,$60
CNLMW,NULL,1440091243443,0,Not yet rated,NULL,N/A
CDK,$48.32,1440091243489,"156,628",67% bearish,of 3 ratings,$50
CDW,$39.11,1440091243587,"191,980",75% bullish,of 4 ratings,$44
CECE,$9.7,1440091243791,"64,906",50% bullish,of 2 ratings,$16
CELG,$126.68,1440091243842,"1,414,984",92% bullish,of 13 ratings,$155.50
CPXX,$2.1301,1440091243873,"29,365",100% bullish,of 2 ratings,$7
CLDN,$1.05,1440091243942,"83,523",71% bullish,of 7 ratings,$3
CLDX,$14.0099,1440091243976,"718,760",89% bullish,of 9 ratings,$36
CELGZ,$1.8101,1440091244005,"24,149",80% bullish,of 5 ratings,N/A
CLRB,$3.08,1440091244059,500,100% bearish,of 1 rating,N/A
CLLS,$30.24,1440091244085,"66,075",75% bullish,of 4 ratings,$51.50
CLRBW,NULL,1440091244294,0,Not yet rated,NULL,N/A
CBMG,$21.5,1440091244426,"56,733",50% bullish,of 2 ratings,N/A
CEMP,$36.4188,1440091244459,"329,948",71% bullish,of 7 ratings,$52
CLTX,$2.28,1440091244485,"5,287,255",100% bullish,of 2 ratings,N/A
CLSN,$2.07,1440091244517,"20,344",80% bullish,of 10 ratings,$7.50
CYAD,$53.29,1440091244538,"1,418",100% bullish,of 1 rating,$87.50
CETX,$2.5325,1440091244668,"7,752",Not yet rated,NULL,$5.60
CSFL,$14.07,1440091244872,"51,904",Not yet rated,NULL,$15
CVCY,NULL,1440091244913,0,Not yet rated,NULL,$12
CFBK,$1.372,1440091244949,100,Not yet rated,NULL,N/A
CENT,$12.16,1440091244981,"15,937",Not yet rated,NULL,$10
CETV,$2,1440091245081,"30,418",67% bullish,of 3 ratings,$2.80
CENTA,$12.86,1440091245124,"30,369",Not yet rated,NULL,N/A
CENX,$5.3,1440091245304,"965,790",67% bullish,of 6 ratings,$9
CNBKA,$41.1,1440091245353,34,100% bullish,of 1 rating,N/A
CNTY,$6.2653,1440091245379,"5,468",80% bullish,of 5 ratings,$7.75
CPHD,$48.1,1440091245533,"117,339",50% bullish,of 2 ratings,$66.50
CRNT,$1.43,1440091245617,"60,552",50% bullish,of 2 ratings,$2
CERN,$63.58,1440091245643,"377,396",67% bullish,of 3 ratings,$79
CERE,$1.23,1440091245716,"244,724",88% bullish,of 8 ratings,N/A
CERS,$4.92,1440091245819,"148,471",75% bullish,of 4 ratings,$7
CERU,$3.3496,1440091245859,"11,075",75% bullish,of 4 ratings,$15
KOOL,$0.6866,1440091245890,"3,670",100% bullish,of 5 ratings,$7
CEVA,$18.7,1440091245912,"15,288",100% bearish,of 1 rating,$25
HOTR,$1.31,1440091246044,"144,866",100% bullish,of 2 ratings,$5
CYOU,$20.095,1440091246073,"177,181",50% bullish,of 6 ratings,$24
CTHR,$1.21,1440091246251,"80,863",50% bullish,of 2 ratings,$2.50
HOTRW,$0.1399,1440091246322,"4,399",Not yet rated,NULL,N/A
GTLS,$23.01,1440091246384,"82,195",50% bullish,of 4 ratings,$40
CHTR,$183.12,1440091246456,"410,674",100% bearish,of 2 ratings,$196
CEMI,$4.41,1440091246562,"8,918",50% bullish,of 2 ratings,$7.50
CHEK,$3.08,1440091246590,38,Not yet rated,NULL,$7.75
CHFN,$12.47,1440091246623,"2,322",Not yet rated,NULL,$14
CHKP,$79.875,1440091246651,"346,239",50% bullish,of 4 ratings,$92
CHEKW,NULL,1440091246730,0,Not yet rated,NULL,N/A
CHFC,$32.09,1440091246870,"24,341",100% bearish,of 1 rating,$36
CCXI,$7,1440091247005,"20,991",67% bullish,of 3 ratings,$14
CHKE,$26.14,1440091247033,"3,161",100% bearish,of 1 rating,$32.50
CHEV,$14.67,1440091247060,400,Not yet rated,NULL,N/A
CHMG,$26.6,1440091247093,"3,212",Not yet rated,NULL,$30
CHMA,$26.15,1440091247168,"50,049",Not yet rated,NULL,$40
CBNK,$16.52,1440091247221,100,100% bearish,of 1 rating,N/A
PLCE,$60.46,1440091247306,"124,849",100% bearish,of 1 rating,$71
CALI,$0.916,1440091247441,"4,592",67% bullish,of 3 ratings,N/A
CADC,NULL,1440091247471,0,78% bullish,of 9 ratings,N/A
CMRX,$48.54,1440091247492,"53,045",50% bullish,of 2 ratings,$57
CAAS,$6.69,1440091247527,"8,756",93% bullish,of 14 ratings,$11.50
CBPO,$102.59,1440091247630,"63,036",75% bullish,of 8 ratings,$140.50
CCCL,$0.86,1440091247703,"1,972",100% bullish,of 6 ratings,N/A
CBAK,$2.04,1440091247774,"33,326",67% bullish,of 9 ratings,N/A
CCCR,$0.8,1440091247845,"11,457",67% bearish,of 3 ratings,N/A
JRJC,$4.2,1440091247871,"24,097",82% bullish,of 11 ratings,N/A
CHOP,$1.23,1440091247998,"4,600",50% bullish,of 2 ratings,N/A
HGSH,NULL,1440091248101,0,67% bullish,of 3 ratings,N/A
CNIT,$1.62,1440091248209,"64,272",67% bullish,of 6 ratings,N/A
CHNR,NULL,1440091248315,0,100% bearish,of 1 rating,N/A
CJJD,$2.01,1440091248341,"9,863",100% bullish,of 1 rating,N/A
HTHT,$25.86,1440091248369,"17,145",50% bullish,of 2 ratings,$28
CHLN,$1.93,1440091248398,"16,760",67% bullish,of 3 ratings,N/A
CNTF,$0.92,1440091248548,"22,200",Not yet rated,NULL,N/A
CREG,$0.7516,1440091248650,"8,926",100% bullish,of 3 ratings,N/A
CPGI,$6.7065,1440091248682,140,Not yet rated,NULL,N/A
CSUN,$1.3982,1440091248709,"11,789",80% bullish,of 5 ratings,N/A
CXDC,$6.2,1440091248782,"24,302",67% bullish,of 3 ratings,N/A
CNYD,NULL,1440091248981,0,67% bullish,of 3 ratings,N/A
CCIH,$8.73,1440091249007,"51,892",67% bullish,of 6 ratings,$12.65
IMOS,$15.37,1440091249184,"79,899",60% bullish,of 5 ratings,$21.50
CHSCL,$27.0007,1440091249219,"11,283",Not yet rated,NULL,N/A
CNET,$0.83,1440091249242,"22,697",50% bullish,of 2 ratings,N/A
CHSCM,$26.22,1440091249274,"18,422",Not yet rated,NULL,N/A
CHSCN,$27.2401,1440091249304,"1,624",Not yet rated,NULL,N/A
CHSCO,$28.4,1440091249333,"1,900",Not yet rated,NULL,N/A
CHSCP,$30.3,1440091249406,"3,631",Not yet rated,NULL,N/A
CHDN,$133.78,1440091249539,"31,299",Not yet rated,NULL,$165
CDTX,$14.14,1440091249673,"15,568",Not yet rated,NULL,$22
CHUY,$31.748,1440091249731,"68,057",50% bullish,of 2 ratings,$34
CIFC,$7.1461,1440091249815,"1,318",Not yet rated,NULL,N/A
CMCT,$15.03,1440091249886,300,100% bearish,of 1 rating,N/A
CINF,$55.9501,1440091249913,"114,848",50% bullish,of 4 ratings,$50.50
CMPR,$68.87,1440091249935,"114,144",50% bullish,of 2 ratings,$72.50
CTAS,$86.93,1440091250171,"124,698",100% bearish,of 1 rating,$91
CRUS,$28.44,1440091250205,"526,179",75% bullish,of 12 ratings,$44.50
CIDM,$0.6597,1440091250227,"48,582",50% bullish,of 2 ratings,$2.10
CSCO,$27.19,1440091250263,"9,221,993",84% bullish,of 208 ratings,$32
CPHR,$6.4,1440091250291,"7,153",100% bearish,of 1 rating,$16
CZNC,$19.9,1440091250328,"9,452",Not yet rated,NULL,N/A
CTRN,$27.933,1440091250398,"90,635",100% bearish,of 1 rating,$30.50
CZWI,NULL,1440091250475,0,Not yet rated,NULL,N/A
CZFC,$12.75,1440091250666,700,Not yet rated,NULL,N/A
CIZN,NULL,1440091250737,0,Not yet rated,NULL,N/A
CIVB,$10.3,1440091250883,"2,800",Not yet rated,NULL,$11
CHCO,$47.62,1440091250913,"19,713",Not yet rated,NULL,$46
CIVBP,NULL,1440091250971,0,Not yet rated,NULL,N/A
CTXS,$76.21,1440091250997,"255,831",86% bullish,of 7 ratings,$80
CLNE,$4.22,1440091251028,"375,557",80% bullish,of 15 ratings,$9
CDTI,$1.563,1440091251059,"62,058",75% bullish,of 4 ratings,$3.20
CLFD,$17.29,1440091251184,"40,067",67% bullish,of 3 ratings,$18
CLNT,$1.95,1440091251240,"7,892",75% bullish,of 8 ratings,N/A
CLRO,$12.25,1440091251290,"5,027",50% bullish,of 2 ratings,$14.25
CLIR,$5.17,1440091251316,"19,527",100% bullish,of 3 ratings,N/A
CBLI,$3.99,1440091251458,"10,171",60% bullish,of 5 ratings,N/A
CSBK,$13.69,1440091251545,"21,831",Not yet rated,NULL,N/A
CLVS,$74.42,1440091251676,"171,256",60% bullish,of 5 ratings,$101.50
CCNE,$17.265,1440091251766,"1,364",50% bullish,of 2 ratings,$21.50
CME,$96.74,1440091251832,"392,345",67% bullish,of 3 ratings,$102
CMFN,$11.69,1440091251860,"7,729",100% bearish,of 1 rating,$15.50
CISG,$8.22,1440091251885,"75,631",100% bullish,of 5 ratings,$10
CNV,$4.6,1440091251917,"67,037",50% bullish,of 2 ratings,$7.15
CWAY,$11.45,1440091251940,"5,300",Not yet rated,NULL,N/A
COKE,$158.27,1440091252100,"15,258",79% bullish,of 19 ratings,N/A
COBZ,$12.97,1440091252127,"47,965",100% bullish,of 1 rating,$14
CDXS,$3.99,1440091252262,"18,555",64% bullish,of 11 ratings,$6
CDRB,$11.845,1440091252306,"2,496",67% bullish,of 3 ratings,N/A
CVLY,NULL,1440091252441,0,Not yet rated,NULL,N/A
CCOI,$28.82,1440091252513,"84,719",50% bullish,of 4 ratings,$35
CGNT,$1.633,1440091252585,"12,021",100% bullish,of 2 ratings,$2
CTSH,$66.03,1440091252658,"1,206,478",90% bullish,of 10 ratings,$74.50
CGNX,$36.63,1440091252691,"189,196",50% bullish,of 2 ratings,$47
JVA,$4.6764,1440091252713,"4,554",83% bullish,of 6 ratings,$7
COHR,$57.87,1440091252790,"28,542",50% bullish,of 2 ratings,$72
CHRS,$29.53,1440091252849,"43,818",67% bearish,of 3 ratings,$37
COHU,$9.69,1440091252982,"27,405",100% bearish,of 1 rating,$14.25
CLRX,$0.51,1440091253014,"17,077",50% bullish,of 2 ratings,N/A
CLCT,$19,1440091253115,"3,081",100% bearish,of 1 rating,N/A
COLL,$15.29,1440091253140,"22,144",100% bearish,of 1 rating,$26
CBAN,$8.76,1440091253294,705,Not yet rated,NULL,N/A
CIGI,$45.82,1440091253325,"3,900",100% bearish,of 1 rating,$52
COLM,$64.23,1440091253389,"34,824",100% bearish,of 1 rating,$71
CLCD,$7.7,1440091253421,"6,910",100% bearish,of 1 rating,$20.50
CMCSA,$58.32,1440091253550,"5,283,588",66% bullish,of 35 ratings,$69.50
CBMX,$1.12,1440091253578,"5,180",83% bullish,of 6 ratings,$3.15
CMCO,$19.89,1440091253608,"156,346",60% bullish,of 5 ratings,$28
COLB,$31.99,1440091253641,"98,074",Not yet rated,NULL,$36
CBSH,$46.11,1440091253742,"87,470",50% bullish,of 2 ratings,$46
CMCSK,$58.86,1440091253834,"1,395,772",Not yet rated,NULL,$84
CBSHP,$25.201,1440091253872,"2,992",100% bearish,of 1 rating,N/A
CVGI,$4.62,1440091254050,"30,177",50% bullish,of 2 ratings,$6
CUBN,NULL,1440091254079,0,Not yet rated,NULL,N/A
COMM,$30.63,1440091254180,"315,306",67% bearish,of 3 ratings,$35
ESXB,$5.1,1440091254279,"33,902",Not yet rated,NULL,N/A
CYHHZ,$0.011,1440091254309,"12,449",100% bullish,of 1 rating,N/A
CSAL,$21.9,1440091254338,"160,461",75% bullish,of 4 ratings,$30
JCS,$9.31,1440091254365,"5,100",67% bullish,of 3 ratings,N/A
CTBI,$34.67,1440091254393,"3,903",Not yet rated,NULL,$36
CWBC,$6.752,1440091254545,200,Not yet rated,NULL,N/A
COB,$10.59,1440091254586,"1,900",100% bullish,of 1 rating,$11.75
CVLT,$36.91,1440091254733,"79,203",75% bullish,of 4 ratings,$44.50
CIZ,$34.0754,1440091254765,"4,910",100% bearish,of 1 rating,N/A
CIL,$34.44,1440091254797,"1,400",Not yet rated,NULL,N/A
CID,$34.7,1440091254865,"10,500",Not yet rated,NULL,N/A
CSA,NULL,1440091255044,0,Not yet rated,NULL,N/A
CFO,$36.86,1440091255124,"4,427",100% bearish,of 1 rating,N/A
CDC,$36.137,1440091255157,442,Not yet rated,NULL,N/A
CSF,$38.02,1440091255179,175,100% bearish,of 1 rating,N/A
CDL,NULL,1440091255267,0,Not yet rated,NULL,N/A
CFA,$37.15,1440091255308,200,100% bearish,of 1 rating,N/A
CSB,$34.01,1440091255335,"2,380",Not yet rated,NULL,N/A
CGEN,$5.13,1440091255356,"94,135",50% bullish,of 2 ratings,$11
CPSI,$45.47,1440091255499,"11,079",100% bearish,of 1 rating,$45.50
CTG,$6.68,1440091255524,"7,918",100% bearish,of 1 rating,$8.50
SCOR,$60.871,1440091255590,"184,769",100% bearish,of 1 rating,$66
CHCI,$0.612,1440091255719,"9,605",50% bullish,of 2 ratings,N/A
CNSI,$18.97,1440091255931,"9,348",100% bearish,of 2 ratings,$29
CMTL,$26.71,1440091255969,"11,923",100% bearish,of 2 ratings,$37
CXRX,$76.51,1440091255991,"1,262",Not yet rated,NULL,$90
CNAT,$4.29,1440091256066,"21,275",83% bullish,of 6 ratings,$13
CCUR,$5.0994,1440091256096,"3,259",75% bullish,of 4 ratings,N/A
CDOR,$1.4511,1440091256123,"3,612",100% bullish,of 1 rating,N/A
CNCE,$15.5099,1440091256156,"110,549",75% bullish,of 4 ratings,$22
CDORP,$7.1489,1440091256177,636,100% bearish,of 1 rating,N/A
CDORO,NULL,1440091256381,0,100% bearish,of 1 rating,N/A
CNFR,$10.4,1440091256606,"14,960",Not yet rated,NULL,N/A
CNMD,$55.85,1440091256738,"11,873",Not yet rated,NULL,$59
CNXR,$6.36,1440091256770,"12,250",100% bearish,of 1 rating,$12
CTWS,$34.89,1440091256798,"6,456",100% bearish,of 1 rating,$44
CFMS,$21.95,1440091256825,"59,186",Not yet rated,NULL,$27
CNOB,$20.13,1440091256871,"9,028",100% bullish,of 1 rating,$23.50
CONN,$31.895,1440091257003,"107,751",67% bullish,of 3 ratings,$48.50
CWCO,$11.34,1440091257033,"27,607",67% bullish,of 3 ratings,$14.50
CTCT,$23.97,1440091257060,"84,923",67% bullish,of 3 ratings,$37
CPSS,$5.64,1440091257270,"9,120",100% bullish,of 1 rating,$10
CNSL,$20.092,1440091257317,"47,706",100% bearish,of 1 rating,$23
CFRX,$5.12,1440091257373,"17,725",Not yet rated,NULL,$14
CTRV,$4.02,1440091257402,"16,087",Not yet rated,NULL,$6.40
CFRXW,NULL,1440091257431,0,100% bearish,of 1 rating,N/A
CFRXZ,$0.51,1440091257505,400,Not yet rated,NULL,N/A
CRBP,$2.1501,1440091257715,"1,157,104",100% bullish,of 2 ratings,$6.25
CTRL,$7.78,1440091257742,"96,043",50% bullish,of 2 ratings,$11
CPRT,$35.66,1440091257821,"90,593",67% bearish,of 3 ratings,$40
CORT,$4.83,1440091257890,"93,373",67% bullish,of 3 ratings,$12
BVA,NULL,1440091257950,0,50% bullish,of 2 ratings,N/A
CORE,$63.01,1440091258023,"19,287",100% bearish,of 1 rating,$72
CORI,$10.89,1440091258169,"20,437",100% bearish,of 1 rating,$18
CSOD,$37.5,1440091258230,"200,498",50% bullish,of 2 ratings,$42
CRVL,$32.86,1440091258298,"2,783",100% bearish,of 1 rating,N/A
COST,$143.79,1440091258331,"430,158",83% bullish,of 24 ratings,$154.50
COSI,$1.1,1440091258393,"125,492",100% bullish,of 1 rating,N/A
CSGP,$188.39,1440091258560,"34,179",50% bullish,of 2 ratings,$235
CPAH,$0.4673,1440091258601,"1,750",50% bullish,of 2 ratings,N/A
ICBK,NULL,1440091258666,0,Not yet rated,NULL,$21
COWN,$5.28,1440091258733,"250,865",75% bullish,of 4 ratings,$7
COVS,$2.7,1440091258762,"42,995",67% bullish,of 3 ratings,N/A
CVTI,$24.13,1440091258838,"52,465",67% bearish,of 3 ratings,$39
CPSH,$2.4,1440091258901,"2,700",Not yet rated,NULL,N/A
COWNL,$27.21,1440091258932,"2,400",Not yet rated,NULL,N/A
CRAI,$22.6,1440091259034,"7,762",Not yet rated,NULL,$36
BREW,$7.81,1440091259180,"21,526",67% bullish,of 6 ratings,$15
CRAY,$21.39,1440091259212,"93,216",83% bullish,of 6 ratings,$38.50
CBRL,$147.2,1440091259233,"71,463",50% bullish,of 2 ratings,$155
GLDI,$11.1,1440091259323,"2,528",100% bearish,of 1 rating,N/A
CREE,$26.06,1440091259419,"345,820",65% bullish,of 17 ratings,$28.50
SLVO,$10.5599,1440091259457,"4,117",100% bearish,of 1 rating,N/A
CACC,$194.1332,1440091259485,"49,713",50% bullish,of 2 ratings,$158.50
CRTO,$45.7,1440091259549,"284,243",67% bullish,of 6 ratings,$64
CRESY,$11.04,1440091259575,"79,473",100% bearish,of 1 rating,$19
CROX,$14.67,1440091259749,"259,744",63% bullish,of 8 ratings,$16.50
CCRN,$14.789,1440091259776,"100,965",100% bearish,of 1 rating,$14.25
CRDS,$1.06,1440091259909,"21,800",50% bullish,of 4 ratings,$4.50
CRWS,$8.08,1440091259990,665,Not yet rated,NULL,$10
CYRX,$3.09,1440091260020,"8,838",Not yet rated,NULL,$9
CYRXW,$0.95,1440091260122,"10,400",Not yet rated,NULL,N/A
CSGS,$31.6,1440091260264,"36,924",Not yet rated,NULL,$40
CCLP,$14.94,1440091260314,"15,744",67% bearish,of 3 ratings,$21
CSPI,$6.17,1440091260368,855,67% bullish,of 3 ratings,N/A
CTCM,$1.74,1440091260396,"142,818",80% bearish,of 5 ratings,$3.90
CRWN,$4.71,1440091260428,"64,009",75% bullish,of 4 ratings,N/A
CTIB,$3.54,1440091260455,"2,475",100% bearish,of 1 rating,N/A
CTIC,$1.65,1440091260483,"837,823",84% bullish,of 76 ratings,$5.75
CTRP,$64.49,1440091260737,"1,224,401",75% bullish,of 8 ratings,$92
CUI,$5.27,1440091260794,"35,620",50% bullish,of 2 ratings,$10
CUNB,$22.15,1440091260866,"3,190",Not yet rated,NULL,$24.50
CMLS,$1.2,1440091260966,"331,996",50% bullish,of 4 ratings,$6
CPIX,$5.86,1440091260999,"3,789",Not yet rated,NULL,N/A
CUTR,$14.57,1440091261063,"10,521",67% bearish,of 3 ratings,$18
CVV,$11.92,1440091261128,"21,701",100% bullish,of 5 ratings,N/A
CRIS,$2.61,1440091261159,"124,704",100% bullish,of 8 ratings,$6
CVBF,$16.82,1440091261193,"147,540",Not yet rated,NULL,$18
CYAN,$7.5399,1440091261298,"3,690",100% bearish,of 1 rating,N/A
CYBR,$56.488,1440091261335,"930,735",86% bullish,of 7 ratings,$66
CYCC,$0.591,1440091261434,"31,012",73% bullish,of 11 ratings,N/A
CYBE,$5.93,1440091261462,"7,478",100% bearish,of 1 rating,N/A
CYBX,$64.62,1440091261495,"388,225",50% bullish,of 4 ratings,$70
CYCCP,NULL,1440091261638,0,100% bearish,of 1 rating,N/A
CBAY,$2.6502,1440091261745,"33,896",100% bullish,of 1 rating,$4
CYNA,$16.07,1440091261958,"15,307",100% bullish,of 1 rating,$31.50
CY,$9.585,1440091261990,"2,425,103",80% bullish,of 10 ratings,$15.50
CONE,$33.74,1440091262012,"138,242",67% bearish,of 3 ratings,$35
CYNO,$33.14,1440091262091,"48,002",67% bearish,of 3 ratings,$45.50
CYRN,$1.725,1440091262146,"55,091",67% bullish,of 3 ratings,$4
CYTK,$6.35,1440091262173,"90,893",71% bullish,of 14 ratings,$13.50
CYTX,$0.3919,1440091262256,"362,381",83% bullish,of 12 ratings,$5.50
CTSO,$7.15,1440091262300,"41,645",Not yet rated,NULL,$15.625
DAEG,$0.33,1440091262397,"13,173",100% bearish,of 1 rating,N/A
CYTR,$2.27,1440091262429,"146,506",67% bullish,of 6 ratings,$10
TVIZ,$13.88,1440091262533,400,100% bearish,of 1 rating,N/A
TVIX,$6.5999,1440091262558,"7,018,235",81% bullish,of 16 ratings,N/A
XIV,$44.005,1440091262614,"8,951,281",75% bearish,of 4 ratings,N/A
ZIV,$48.07,1440091262714,"61,553",Not yet rated,NULL,N/A
DJCO,$205.8,1440091262845,200,Not yet rated,NULL,N/A
DAKT,$11.89,1440091262932,"98,471",50% bullish,of 2 ratings,$14
DTLK,$5.41,1440091262974,"41,149",100% bearish,of 1 rating,$9
DAIO,$2.6699,1440091263007,"21,180",Not yet rated,NULL,N/A
DARA,$0.89,1440091263036,"19,322",83% bullish,of 6 ratings,$1.50
DRAM,$1.43,1440091263107,"1,012",78% bullish,of 9 ratings,N/A
DTEA,$12.16,1440091263242,"48,831",100% bearish,of 2 ratings,$24
PLAY,$35.035,1440091263304,"111,601",100% bullish,of 5 ratings,$42
DWCH,$5.23,1440091263333,"28,003",75% bullish,of 4 ratings,$8.25
DBVT,$40.52,1440091263438,"36,459",100% bearish,of 1 rating,$53
DWSN,$4.385,1440091263540,"6,130",67% bullish,of 3 ratings,$6
TRAK,$63,1440091263570,"660,890",50% bullish,of 2 ratings,$62.50
DHRM,$1.8595,1440091263673,"5,738",Not yet rated,NULL,N/A
TACO,$13.3,1440091263758,"59,189",100% bullish,of 3 ratings,$20
DFRG,$14.83,1440091263817,"34,589",100% bearish,of 1 rating,$20
DCTH,$0.499,1440091263895,"90,423",78% bullish,of 9 ratings,N/A
TACOW,$4.43,1440091263923,"5,233",100% bullish,of 1 rating,N/A
DGAS,$20.25,1440091264005,"7,258",67% bearish,of 3 ratings,N/A
DELTW,NULL,1440091264070,0,Not yet rated,NULL,N/A
DENN,$12.16,1440091264108,"154,316",100% bullish,of 3 ratings,$15
DELT,$2.77,1440091264133,"3,668",Not yet rated,NULL,N/A
XRAY,$55.98,1440091264310,"102,507",100% bullish,of 1 rating,$58
DEPO,$30.34,1440091264335,"322,045",60% bullish,of 5 ratings,$29
DERM,$24.235,1440091264514,"49,382",100% bearish,of 1 rating,$33.50
DXLG,$4.71,1440091264557,"11,288",100% bearish,of 1 rating,$8
DSWL,NULL,1440091264586,0,100% bullish,of 1 rating,N/A
DSCI,$6.41,1440091264608,"20,246",50% bullish,of 2 ratings,$16
DEST,$11.8,1440091264629,"14,645",50% bullish,of 2 ratings,N/A
DXM,$0.313,1440091264765,"64,527",50% bullish,of 2 ratings,N/A
DHXM,NULL,1440091264837,0,Not yet rated,NULL,N/A
DXCM,$91.06,1440091264864,"364,914",57% bullish,of 7 ratings,$98
DHIL,$191.58,1440091264997,116,Not yet rated,NULL,N/A
DMND,$31.11,1440091265024,"117,685",75% bullish,of 12 ratings,$32
FANG,$71.14,1440091265102,"273,449",50% bullish,of 2 ratings,$86
DCIX,$1.79,1440091265157,"14,943",50% bullish,of 4 ratings,$3.50
DRNA,$9.85,1440091265293,"44,913",67% bearish,of 3 ratings,$25
DGII,$10.08,1440091265321,"16,181",100% bearish,of 1 rating,$10
DMRC,$35.68,1440091265342,"35,365",100% bearish,of 1 rating,$44
DRAD,$4,1440091265480,"6,220",100% bullish,of 1 rating,$5.25
DGLY,$7.11,1440091265534,"64,401",50% bullish,of 6 ratings,$20
APPS,$2.34,1440091265561,"36,212",100% bearish,of 1 rating,$10.25
DCOM,$17.05,1440091265638,"39,201",100% bearish,of 2 ratings,$16.50
DIOD,$19.47,1440091265698,"46,853",75% bearish,of 4 ratings,$24
DPRX,$12.26,1440091265728,"71,218",100% bullish,of 2 ratings,$27.75
DISCA,$27.745,1440091265750,"2,486,333",67% bullish,of 3 ratings,$34
DISCK,$26.73,1440091265898,"2,960,443",100% bearish,of 1 rating,$32
DISCB,$30.53,1440091265924,50,100% bearish,of 1 rating,$35
DSCO,$0.4401,1440091266074,"71,757",83% bullish,of 6 ratings,$2.75
DVCR,$11.15,1440091266206,"6,649",100% bullish,of 1 rating,N/A
BAGR,$3.05,1440091266233,"5,056",100% bearish,of 1 rating,$6
DISH,$63.68,1440091266255,"653,926",69% bullish,of 13 ratings,$73
DLHC,$2.58,1440091266292,"1,404",100% bearish,of 1 rating,N/A
DLTR,$80.94,1440091266387,"584,175",82% bullish,of 11 ratings,$88
DNBF,$26.71,1440091266414,"1,238",Not yet rated,NULL,$27.50
DGICB,NULL,1440091266544,0,100% bearish,of 1 rating,N/A
DGICA,$14.41,1440091266629,"3,190",100% bearish,of 1 rating,$17
DRWI,$0.2499,1440091266690,"363,272",60% bullish,of 5 ratings,$.45
DMLP,$13.95,1440091266718,"39,538",100% bearish,of 1 rating,N/A
HILL,$9.675,1440091266744,"4,159,353",60% bearish,of 5 ratings,$9
DORM,$50.39,1440091266770,"37,331",100% bearish,of 1 rating,$56
DRWIW,$0.068,1440091266799,200,Not yet rated,NULL,N/A
DWA,$18.16,1440091267002,"187,430",63% bullish,of 8 ratings,$26
DRYS,$0.3477,1440091267032,"1,982,066",77% bullish,of 31 ratings,$.60
DSPG,$8.8,1440091267273,"20,045",100% bearish,of 1 rating,$13.50
CADTR,NULL,1440091267299,0,Not yet rated,NULL,N/A
CADTU,NULL,1440091267350,0,Not yet rated,NULL,N/A
CADT,NULL,1440091267378,0,Not yet rated,NULL,N/A
DSKX,$3.21,1440091267399,"93,740",100% bullish,of 1 rating,N/A
CADTW,NULL,1440091267453,0,Not yet rated,NULL,N/A
DTSI,$27.1,1440091267479,"26,960",100% bearish,of 2 ratings,$39.50
DNKN,$50.19,1440091267625,"710,698",67% bullish,of 15 ratings,$56.50
DRRX,$2.01,1440091267694,"81,315",50% bullish,of 6 ratings,$3
BOOM,$10.24,1440091267880,"24,913",67% bullish,of 3 ratings,$12
DXPE,$28.6,1440091267953,"48,792",50% bullish,of 2 ratings,N/A
DYNT,$2.95,1440091267979,"5,539",75% bullish,of 4 ratings,N/A
DYSL,$1.71,1440091268005,"364,004",100% bullish,of 2 ratings,N/A
DYAX,$22.46,1440091268033,"84,120",89% bullish,of 9 ratings,$30
ETFC,$26.73,1440091268168,"870,916",57% bullish,of 14 ratings,$33
DVAX,$28.25,1440091268201,"107,260",70% bullish,of 10 ratings,$40
EBMT,$11.46,1440091268297,"1,300",Not yet rated,NULL,$13.50
EGBN,$43.58,1440091268331,"22,298",Not yet rated,NULL,$48
EGRX,$65.825,1440091268462,"146,214",67% bullish,of 3 ratings,$97
EGLE,$6.7,1440091268597,"7,400",60% bullish,of 5 ratings,N/A
EROC,$1.17,1440091268622,"164,207",50% bullish,of 2 ratings,$3
EWBC,$42.9,1440091268651,"614,692",100% bearish,of 1 rating,$50
ELNK,$8.68,1440091268686,"218,292",60% bullish,of 5 ratings,$9.50
EACQU,$10.2,1440091268785,944,Not yet rated,NULL,N/A
EML,$17.0392,1440091268812,"12,500",Not yet rated,NULL,N/A
EBAY,$26.79,1440091268942,"3,682,591",81% bullish,of 117 ratings,$48
EVBS,$6.45,1440091268969,886,Not yet rated,NULL,$7
EBIX,$29.62,1440091269113,"100,448",69% bullish,of 13 ratings,$40
ECHO,$25.88,1440091269148,"136,029",67% bearish,of 3 ratings,$35.50
SATS,$45.52,1440091269170,"43,866",50% bullish,of 2 ratings,$60
ELON,$0.599,1440091269202,"6,919",50% bullish,of 2 ratings,N/A
ECTE,$1.49,1440091269245,"1,900",75% bullish,of 4 ratings,N/A
EEI,$11.22,1440091269392,900,67% bearish,of 3 ratings,N/A
ESES,$3.4,1440091269421,"1,649",100% bearish,of 1 rating,$7
ECACU,$10.09,1440091269442,"13,500",Not yet rated,NULL,N/A
EDUC,$4.7,1440091269650,"5,966",100% bearish,of 1 rating,N/A
EDAP,$3.4563,1440091269683,"23,521",60% bullish,of 5 ratings,$4.50
EDGW,$7.15,1440091269739,"11,300",100% bearish,of 1 rating,N/A
LOCO,$12.61,1440091269962,"1,028,962",69% bullish,of 13 ratings,$20
EGLT,$11.74,1440091269996,"60,240",50% bullish,of 2 ratings,$21
EGAN,$3.5,1440091270017,"105,300",50% bullish,of 2 ratings,$6.25
EFUT,$4.2711,1440091270054,"1,000",Not yet rated,NULL,N/A
EHTH,$14.34,1440091270093,"42,025",50% bullish,of 4 ratings,$16.50
EMITF,$1.299,1440091270154,"3,704",75% bullish,of 4 ratings,N/A
ESIO,$4.62,1440091270406,"45,705",50% bullish,of 2 ratings,$10
ERI,$9.46,1440091270444,"40,246",100% bearish,of 1 rating,$10
ELRC,$10.26,1440091270472,"7,660",100% bearish,of 1 rating,N/A
EA,$68.9,1440091270535,"1,642,590",77% bullish,of 35 ratings,$80
ELSE,$4.07,1440091270562,486,60% bullish,of 5 ratings,N/A
ESLT,$81.336,1440091270584,"2,656",100% bullish,of 2 ratings,N/A
EFII,$44.29,1440091270638,"41,293",80% bullish,of 5 ratings,$55
ELEC,NULL,1440091270804,0,Not yet rated,NULL,N/A
ELECW,NULL,1440091270876,0,Not yet rated,NULL,N/A
ELECU,NULL,1440091270950,0,Not yet rated,NULL,N/A
EBIO,$3.1999,1440091270975,"420,393",100% bearish,of 2 ratings,$8.35
RDEN,$10.68,1440091271041,"34,656",100% bearish,of 4 ratings,$15
CAPX,NULL,1440091271114,0,Not yet rated,NULL,N/A
ESBK,$19.51,1440091271221,"2,700",Not yet rated,NULL,N/A
LONG,$17.05,1440091271260,"19,651",67% bullish,of 3 ratings,$15.75
ELTK,$1.13,1440091271449,"25,248",67% bearish,of 3 ratings,N/A
EMCF,NULL,1440091271481,0,100% bearish,of 1 rating,N/A
EMCI,$23.63,1440091271511,"6,300",Not yet rated,NULL,N/A
EMKR,$7.0701,1440091271537,"31,788",75% bullish,of 4 ratings,$8.50
EMMS,$1.33,1440091271588,"11,100",67% bullish,of 6 ratings,N/A
EMMSP,NULL,1440091271736,0,100% bearish,of 1 rating,N/A
ERS,$3.39,1440091271799,"1,385",Not yet rated,NULL,N/A
NYNY,$4.02,1440091271844,"30,449",50% bullish,of 2 ratings,N/A
ECPG,$39.37,1440091272005,"63,476",100% bullish,of 2 ratings,$52
ENTA,$41.03,1440091272033,"60,127",50% bullish,of 2 ratings,$42
ENDP,$82.18,1440091272083,"492,788",50% bullish,of 6 ratings,$104
WIRE,$32.74,1440091272166,"20,927",100% bearish,of 1 rating,$37
ECYT,$5.03,1440091272222,"130,798",83% bullish,of 6 ratings,$12
ELGX,$13.1,1440091272324,"227,490",75% bullish,of 4 ratings,$17
EFOI,$17.23,1440091272454,"403,520",50% bullish,of 2 ratings,$20.50
WATT,$7.02,1440091272481,"33,566",50% bullish,of 2 ratings,$13
EIGI,$15.5,1440091272516,"211,901",67% bearish,of 3 ratings,$20
ERII,$2.83,1440091272543,"24,062",80% bullish,of 5 ratings,$2.50
ENOC,$8.09,1440091272614,"68,512",75% bullish,of 4 ratings,$18
EXXI,$1.6299,1440091272642,"503,808",86% bullish,of 7 ratings,$3.50
ENG,$1.022,1440091272806,"17,756",100% bullish,of 3 ratings,N/A
ENPH,$4.545,1440091272902,"234,323",75% bullish,of 4 ratings,$11
ENFC,$18.1337,1440091272953,"2,684",Not yet rated,NULL,N/A
ESGR,$151.59,1440091272984,"8,886",100% bearish,of 1 rating,$185
ENTG,$14.04,1440091273089,"79,152",100% bearish,of 1 rating,$18
ETRM,$0.2474,1440091273115,"279,135",69% bearish,of 35 ratings,$1.625
ENTL,$22.26,1440091273144,"6,469",Not yet rated,NULL,$28
EFSC,$24.62,1440091273311,"10,442",Not yet rated,NULL,$27
EBTC,$20.62,1440091273339,640,Not yet rated,NULL,N/A
EGT,$2.15,1440091273368,"6,725",100% bullish,of 1 rating,N/A
ENZN,$1.09,1440091273516,"215,075",100% bullish,of 9 ratings,N/A
ENVI,$1.7701,1440091273549,"5,814",67% bullish,of 3 ratings,N/A
ENZY,$8.99,1440091273576,"5,276",67% bullish,of 3 ratings,$9.50
EPIQ,$14.03,1440091273657,"34,441",100% bearish,of 1 rating,$18
EPZM,$16.5,1440091273840,"69,958",60% bullish,of 5 ratings,$34
PLUS,$79.1,1440091273870,"114,212",50% bullish,of 2 ratings,$88
EPRS,$4.8,1440091273903,"52,296",82% bullish,of 11 ratings,$15
EQIX,$281.02,1440091273925,"106,018",67% bullish,of 3 ratings,$312.50
EQFN,$8.3,1440091274006,"2,400",Not yet rated,NULL,N/A
ERIC,$9.9,1440091274150,"494,026",63% bullish,of 8 ratings,$13.30
ERIE,$87.25,1440091274179,"4,801",Not yet rated,NULL,$73
EAC,$3.65,1440091274209,"9,179",100% bearish,of 1 rating,$8
ESCA,$18.2632,1440091274316,"3,329",100% bearish,of 1 rating,$22
ESCR,$0.181,1440091274450,"40,816",50% bullish,of 2 ratings,N/A
ESMC,$1.3,1440091274482,101,Not yet rated,NULL,N/A
ESCRP,NULL,1440091274509,0,100% bearish,of 1 rating,N/A
ESPR,$53.66,1440091274651,"882,930",67% bearish,of 9 ratings,$123
EPIX,NULL,1440091274678,0,Not yet rated,NULL,N/A
ESSA,$12.8676,1440091274707,"3,854",100% bearish,of 1 rating,N/A
ESND,$35.87,1440091274882,"20,325",50% bullish,of 2 ratings,$40
ETSY,$14.241,1440091275016,"351,179",80% bullish,of 5 ratings,$16
ESSX,$0.48,1440091275051,"18,600",50% bullish,of 2 ratings,N/A
ESEA,$6.12,1440091275195,"2,047",100% bullish,of 1 rating,$15
EEFT,$68.06,1440091275223,"72,791",100% bearish,of 1 rating,$67.50
CLWT,NULL,1440091275244,0,100% bearish,of 1 rating,N/A
EVLV,$2.24,1440091275374,"61,971",60% bullish,of 5 ratings,$6.50
EVEP,$7.94,1440091275400,"137,021",50% bullish,of 2 ratings,$15
EVK,$3.86,1440091275459,"1,312",75% bearish,of 4 ratings,N/A
EVOK,$4.23,1440091275533,"141,384",100% bearish,of 1 rating,$13.75
EVOL,$6.25,1440091275635,"7,387",75% bullish,of 4 ratings,$10
EXA,$10.67,1440091275687,"5,422",100% bearish,of 1 rating,$13
EXAC,$18.82,1440091275741,"12,373",100% bearish,of 1 rating,$22.50
EXAS,$21.9196,1440091275783,"234,175",78% bullish,of 9 ratings,$31
EXEL,$5.495,1440091275829,"1,355,572",81% bullish,of 16 ratings,$6
EXFO,$2.8999,1440091275889,600,67% bearish,of 3 ratings,$3.95
EXLS,$37.12,1440091276156,"34,534",100% bullish,of 1 rating,$41
ESRX,$88.866,1440091276189,"1,086,166",67% bearish,of 6 ratings,$101
EXPD,$49.65,1440091276212,"729,243",80% bullish,of 5 ratings,$50.50
EXPE,$119.33,1440091276249,"274,950",64% bullish,of 11 ratings,$130
EXTR,$2.895,1440091276349,"431,357",80% bullish,of 5 ratings,$3
EXPO,$43.14,1440091276379,"14,221",100% bearish,of 1 rating,$45.50
EXLP,$19.23,1440091276401,"36,864",100% bearish,of 1 rating,$27
EYEG,$4.2301,1440091276438,"12,285",Not yet rated,NULL,N/A
EYEGW,NULL,1440091276535,0,Not yet rated,NULL,N/A
EZCH,$21.19,1440091276608,"42,499",75% bullish,of 8 ratings,$19.50
EZPW,$6.09,1440091276837,"58,827",50% bullish,of 4 ratings,$7.50
FFIV,$128.2,1440091276970,"312,611",71% bullish,of 7 ratings,$132
FB,$91.855,1440091276997,"15,207,869",73% bullish,of 1065 ratings,$111
FRP,$16.8,1440091277129,"15,050",100% bearish,of 1 rating,$18
FCS,$13.46,1440091277155,"396,968",67% bearish,of 3 ratings,$17
DAVE,$14.1,1440091277182,"11,404",100% bearish,of 1 rating,$15.50
FWM,$2.33,1440091277234,"67,911",100% bearish,of 2 ratings,$3.20
FALC,$1.6201,1440091277317,"7,982",63% bearish,of 8 ratings,N/A
FARM,$22.49,1440091277365,"6,414",100% bearish,of 1 rating,$35
FFKT,$26.82,1440091277510,"2,078",Not yet rated,NULL,$29
FAST,$39.675,1440091277540,"522,753",80% bullish,of 5 ratings,$46
FMNB,$8.1108,1440091277566,"2,446",Not yet rated,NULL,N/A
FARO,$39.29,1440091277594,"37,019",50% bullish,of 2 ratings,$48
FATE,$6.03,1440091277618,"102,769",50% bullish,of 2 ratings,$11
FBSS,$15.451,1440091277822,163,Not yet rated,NULL,N/A
FBRC,$22.8,1440091277895,"2,625",100% bearish,of 1 rating,$29
FHCO,$1.3948,1440091278027,"13,200",50% bullish,of 4 ratings,N/A
FEIC,$80.48,1440091278056,"132,333",50% bullish,of 2 ratings,$95.50
FDML,$9.27,1440091278084,"79,665",50% bullish,of 4 ratings,$14
FNHC,$22.54,1440091278114,"21,426",100% bearish,of 1 rating,$35
FENX,$9.73,1440091278217,"13,409",100% bullish,of 1 rating,$14.25
FGEN,$24.785,1440091278257,"62,137",100% bearish,of 1 rating,$39
FCSC,$5.78,1440091278286,"69,468",100% bearish,of 1 rating,$8.125
ONEQ,$193,1440091278416,"10,309",100% bullish,of 1 rating,N/A
LION,$19.39,1440091278444,"29,451",100% bullish,of 1 rating,$20
FDUS,$14.86,1440091278476,"11,363",100% bullish,of 1 rating,$18
FRGI,$53.74,1440091278631,"47,380",50% bullish,of 2 ratings,$70
FSAM,$8.8704,1440091278661,"1,232",100% bearish,of 1 rating,$11
FSCFL,$24.82,1440091278694,"5,305",Not yet rated,NULL,N/A
FSC,$6.565,1440091278794,"426,297",75% bullish,of 4 ratings,$8
FSFR,$9.11,1440091278820,"32,310",100% bearish,of 1 rating,$11.50
FITBI,$27.7443,1440091278998,"2,011",Not yet rated,NULL,N/A
FITB,$20.5408,1440091279031,"1,926,920",54% bullish,of 13 ratings,$22
FNSR,$16.055,1440091279081,"525,452",71% bullish,of 7 ratings,$24.50
FNGN,$34.55,1440091279111,"132,333",67% bullish,of 3 ratings,$47
FISI,$24.74,1440091279139,"35,517",100% bullish,of 2 ratings,$24.50
FNTCU,NULL,1440091279273,0,Not yet rated,NULL,N/A
FNJN,$1.73,1440091279326,"5,972",100% bearish,of 1 rating,$5
FNTC,$9.82,1440091279353,100,Not yet rated,NULL,N/A
FEYE,$40.82,1440091279489,"1,966,792",87% bullish,of 15 ratings,$55.50
FBNC,$16.95,1440091279517,"13,457",100% bullish,of 1 rating,$20
FNTCW,NULL,1440091279545,0,Not yet rated,NULL,N/A
FNLC,$18.72,1440091279694,"2,610",100% bullish,of 1 rating,N/A
FCVA,$4.78,1440091279741,"1,580",Not yet rated,NULL,N/A
FRBA,$6.0499,1440091279775,500,Not yet rated,NULL,$8
BUSE,$6.36,1440091279874,"28,962",Not yet rated,NULL,$6.875
FBIZ,$43.75,1440091279902,"6,074",100% bearish,of 2 ratings,$52
FCFS,$38.49,1440091279950,"36,584",100% bearish,of 2 ratings,$48
FCAP,$27,1440091280033,200,Not yet rated,NULL,N/A
FCNCA,$242.51,1440091280137,"1,138",Not yet rated,NULL,N/A
FCLF,NULL,1440091280164,0,Not yet rated,NULL,N/A
FCBC,$17.65,1440091280196,"3,492",Not yet rated,NULL,$18
FCCO,$11.9,1440091280295,836,Not yet rated,NULL,$13.25
FCFP,$6.824,1440091280462,"1,500",Not yet rated,NULL,N/A
FBNK,$16.36,1440091280620,"1,480",100% bearish,of 1 rating,$17.50
FFNM,$6.42,1440091280651,100,Not yet rated,NULL,N/A
FFBC,$18.95,1440091280708,"43,861",67% bearish,of 3 ratings,$20.25
FDEF,$37.88,1440091280751,"10,843",Not yet rated,NULL,$38
FFIN,$31,1440091280791,"43,615",50% bullish,of 2 ratings,$31.75
FFBCW,NULL,1440091280851,0,100% bearish,of 1 rating,N/A
THFF,$33.22,1440091280876,"3,657",Not yet rated,NULL,$35
FFNW,$12.54,1440091280945,"20,414",Not yet rated,NULL,$14
INBK,$31.75,1440091281125,"6,414",50% bullish,of 2 ratings,$37
FFWM,$21.27,1440091281156,"5,316",Not yet rated,NULL,$24
FRME,$25.565,1440091281263,"64,284",Not yet rated,NULL,$26.50
FIBK,$27.24,1440091281297,"20,034",Not yet rated,NULL,$32
FMBH,NULL,1440091281334,0,Not yet rated,NULL,N/A
FMBI,$17.99,1440091281402,"90,622",Not yet rated,NULL,$20
FNBC,$34.97,1440091281487,"29,746",Not yet rated,NULL,$41.50
FNFG,$9.395,1440091281538,"813,567",80% bullish,of 5 ratings,$9
FNWB,$12.06,1440091281616,"6,470",Not yet rated,NULL,N/A
FSFG,$31.12,1440091281648,100,Not yet rated,NULL,N/A
FSLR,$48.69,1440091281683,"636,640",74% bullish,of 39 ratings,$65
FSBK,$7.8501,1440091281775,"3,389",100% bullish,of 1 rating,N/A
FSGI,$2.49,1440091281801,"2,957",Not yet rated,NULL,N/A
FBZ,NULL,1440091281937,0,Not yet rated,NULL,N/A
BICK,$19.93,1440091281962,400,100% bullish,of 1 rating,N/A
FCAN,$24.94,1440091282101,400,Not yet rated,NULL,N/A
FTCS,$37.85,1440091282240,"25,894",Not yet rated,NULL,N/A
FCA,$20.8905,1440091282274,"3,750",Not yet rated,NULL,N/A
FV,$24.1099,1440091282296,"744,757",Not yet rated,NULL,N/A
FEMB,$42.01,1440091282345,100,Not yet rated,NULL,N/A
IFV,$18.1164,1440091282371,"1,045,408",100% bearish,of 1 rating,N/A
FTSM,$59.938,1440091282429,"5,996",100% bearish,of 1 rating,N/A
FEUZ,$31.41,1440091282462,697,Not yet rated,NULL,N/A
TDIV,$25.2,1440091282562,"100,175",100% bearish,of 1 rating,N/A
MDIV,$19.7108,1440091282696,"87,950",Not yet rated,NULL,N/A
FGM,$35.81,1440091282722,"16,844",Not yet rated,NULL,N/A
FTGC,$22.615,1440091282787,"59,479",Not yet rated,NULL,N/A
FTHI,$20.24,1440091282958,"5,292",Not yet rated,NULL,N/A
HYLS,$49.735,1440091283049,"10,815",100% bearish,of 1 rating,N/A
FHK,$33.91,1440091283096,"60,805",Not yet rated,NULL,N/A
CU,$13.03,1440091283126,"4,423",100% bearish,of 1 rating,N/A
FPXI,$28.12,1440091283159,825,Not yet rated,NULL,N/A
YDIV,$16.86,1440091283227,"1,800",Not yet rated,NULL,N/A
SKYY,$29.705,1440091283255,"25,493",100% bullish,of 1 rating,N/A
PLTM,$6.71,1440091283322,"3,632",100% bearish,of 1 rating,N/A
QABA,$38.44,1440091283576,"19,877",100% bearish,of 1 rating,N/A
FMB,$51.14,1440091283607,"4,628",Not yet rated,NULL,N/A
FTLB,NULL,1440091283630,0,100% bearish,of 1 rating,N/A
LMBS,$50.47,1440091283680,"8,714",Not yet rated,NULL,N/A
FJP,$48.15,1440091283706,"58,005",Not yet rated,NULL,N/A
FONE,$35.26,1440091283768,"1,849",Not yet rated,NULL,N/A
QCLN,$15.32,1440091283836,"14,411",Not yet rated,NULL,N/A
CIBR,$18.7499,1440091283899,"79,627",Not yet rated,NULL,N/A
GRID,$32.3901,1440091283990,100,100% bearish,of 1 rating,N/A
CARZ,$35.8184,1440091284026,"1,457",100% bearish,of 1 rating,N/A
RDVY,$22.0599,1440091284054,"1,646",Not yet rated,NULL,N/A
QTEC,$40.78,1440091284128,"48,062",Not yet rated,NULL,N/A
QQEW,$42.93,1440091284188,"69,586",Not yet rated,NULL,N/A
AIRR,$16.521,1440091284331,"3,859",100% bearish,of 1 rating,N/A
QINC,NULL,1440091284425,0,Not yet rated,NULL,N/A
QQXT,$41.8644,1440091284527,"1,381",Not yet rated,NULL,N/A
FTSL,$48.9727,1440091284553,"17,012",100% bearish,of 1 rating,N/A
FKO,NULL,1440091284588,0,Not yet rated,NULL,N/A
FTW,NULL,1440091284614,0,Not yet rated,NULL,N/A
FSZ,$39.77,1440091284686,"11,551",Not yet rated,NULL,N/A
FDIV,$48.09,1440091284717,323,100% bearish,of 1 rating,N/A
FKU,$42.9,1440091284816,"11,282",Not yet rated,NULL,N/A
TUSA,NULL,1440091284866,0,Not yet rated,NULL,N/A
FMER,$17.95,1440091285035,"291,884",50% bullish,of 2 ratings,$20
SVVC,$10.6,1440091285066,"10,175",100% bullish,of 1 rating,$26
FSV,$32.02,1440091285095,"1,820",Not yet rated,NULL,$33.60
FUNC,$8.27,1440091285170,800,Not yet rated,NULL,N/A
FIVE,$36.44,1440091285301,"91,178",75% bearish,of 4 ratings,$44
FISV,$89.22,1440091285347,"278,865",100% bearish,of 3 ratings,$90
FPRX,$18.26,1440091285394,"105,247",50% bullish,of 2 ratings,$35
FLML,$21.23,1440091285538,"82,366",50% bullish,of 2 ratings,$30
FIVN,$4.2,1440091285566,"156,026",100% bullish,of 1 rating,$8.50
FLKS,$14.27,1440091285595,"32,897",50% bullish,of 2 ratings,$27
FLXN,$24.31,1440091285834,"49,515",100% bearish,of 1 rating,$40
MBSD,$24.932,1440091285861,805,Not yet rated,NULL,N/A
FLXS,$32.13,1440091285888,"29,231",100% bearish,of 2 ratings,N/A
SKOR,$50.5,1440091285918,200,Not yet rated,NULL,N/A
FLEX,$10.83,1440091285945,"940,247",63% bullish,of 8 ratings,$12
FLIR,$29.83,1440091286023,"265,773",100% bearish,of 1 rating,$38.50
FLDM,$12.71,1440091286124,"222,257",67% bearish,of 3 ratings,$21.50
FOGO,$18.75,1440091286276,"72,066",50% bullish,of 2 ratings,$25.50
FFIC,$20.48,1440091286316,"9,300",Not yet rated,NULL,$21
FOMX,$10.13,1440091286369,"186,662",50% bullish,of 2 ratings,$23.50
FORM,$6.185,1440091286396,"53,921",67% bullish,of 3 ratings,$10.50
FONR,$9.76,1440091286425,"16,861",100% bullish,of 1 rating,N/A
FES,$0.9484,1440091286558,300,50% bullish,of 2 ratings,$1
FORTY,NULL,1440091286626,0,Not yet rated,NULL,N/A
FORR,$32.7,1440091286731,"11,772",Not yet rated,NULL,N/A
FTNT,$44.99,1440091286835,"736,531",80% bullish,of 10 ratings,$52
FBIO,$2.78,1440091286896,"61,839",83% bullish,of 6 ratings,N/A
FWRD,$48.12,1440091286993,"143,866",100% bearish,of 1 rating,$50
FWP,$25.675,1440091287031,"4,971",100% bearish,of 1 rating,$45
FORD,$1.02,1440091287171,"86,011",50% bullish,of 2 ratings,N/A
FXCB,$17.27,1440091287213,"1,084",Not yet rated,NULL,$19
FMI,$20.025,1440091287244,"63,929",100% bearish,of 2 ratings,$27.50
FOSL,$61.35,1440091287274,"334,704",50% bullish,of 4 ratings,$70
FOXF,$15.45,1440091287300,"10,185",100% bearish,of 1 rating,$19
FRAN,$10.3,1440091287458,"208,288",50% bullish,of 4 ratings,$15
FELE,$29.42,1440091287596,"105,843",50% bullish,of 4 ratings,$33
FREE,$0.5001,1440091287633,"2,099,000",92% bullish,of 12 ratings,N/A
FRED,$14.54,1440091287698,"37,418",50% bullish,of 2 ratings,$16.50
FEIM,$11.09,1440091287858,"2,300",100% bearish,of 1 rating,N/A
RAIL,$20.67,1440091287884,"31,165",100% bearish,of 1 rating,$24.50
FTR,$5.24,1440091287910,"7,959,424",78% bullish,of 27 ratings,$6.25
FTRPR,$103.57,1440091287936,"101,848",100% bearish,of 1 rating,N/A
FRPT,$13.26,1440091288094,"123,297",67% bearish,of 3 ratings,$23.50
FRPH,$30.87,1440091288122,200,100% bearish,of 1 rating,N/A
FSBW,$23.44,1440091288279,1,Not yet rated,NULL,N/A
FTD,$29.96,1440091288339,"17,076",100% bearish,of 1 rating,$40
FSYS,$6.555,1440091288470,"26,834",67% bullish,of 3 ratings,$10
FULL,$3.1928,1440091288498,"2,235",67% bearish,of 3 ratings,$4.25
FTEK,$2.195,1440091288524,"20,125",75% bullish,of 4 ratings,N/A
FCEL,$0.7814,1440091288554,"455,703",88% bullish,of 40 ratings,$2.65
FULLL,$25.38,1440091288833,"1,500",Not yet rated,NULL,N/A
FLL,$1.6,1440091288881,"49,395",75% bullish,of 4 ratings,$2.825
FFHL,NULL,1440091288912,0,50% bullish,of 4 ratings,N/A
FXEN,$0.9701,1440091288942,"34,950",75% bullish,of 4 ratings,$1.10
FXENP,NULL,1440091288973,0,100% bearish,of 1 rating,N/A
FULT,$12.63,1440091289012,"241,837",100% bearish,of 1 rating,$13
FSNN,$2.552,1440091289075,"1,600",67% bullish,of 3 ratings,$6
GK,$71.06,1440091289173,"10,758",Not yet rated,NULL,$78
WILC,$5.1499,1440091289306,"5,470",100% bullish,of 2 ratings,N/A
GLPG,$63.65,1440091289438,"3,735",100% bullish,of 1 rating,$75
GAIA,$5.94,1440091289464,"8,880",50% bullish,of 2 ratings,$8.50
GALT,$2.019,1440091289521,"38,796",80% bullish,of 5 ratings,N/A
GALTW,NULL,1440091289695,0,100% bullish,of 1 rating,N/A
GALE,$1.36,1440091289722,"450,422",89% bullish,of 47 ratings,$4
GLPI,$32.7,1440091289748,"115,577",100% bearish,of 1 rating,$37.50
GALTU,NULL,1440091289797,0,100% bearish,of 1 rating,N/A
GPIC,$10.89,1440091289830,200,100% bearish,of 1 rating,N/A
GRMN,$39.5401,1440091289927,"225,517",50% bullish,of 6 ratings,$48
GGAC,NULL,1440091289954,0,100% bearish,of 1 rating,N/A
GLMD,$8.6,1440091289982,"1,969",67% bullish,of 3 ratings,$20.50
GGACR,NULL,1440091290116,0,100% bullish,of 1 rating,N/A
GGACW,$0.12,1440091290169,500,Not yet rated,NULL,N/A
GGACU,NULL,1440091290200,0,Not yet rated,NULL,N/A
GARS,$14.81,1440091290337,"6,454",Not yet rated,NULL,$16
GNCMA,$17.02,1440091290469,"31,947",100% bearish,of 1 rating,$12
GENC,$9.43,1440091290499,200,100% bearish,of 1 rating,N/A
GFNCP,NULL,1440091290525,0,Not yet rated,NULL,N/A
GFN,$3.8,1440091290552,"17,581",100% bearish,of 2 ratings,$8
GFNSL,$25.76,1440091290585,"1,300",Not yet rated,NULL,N/A
GENE,$2.56,1440091290690,"124,862",100% bullish,of 12 ratings,N/A
GNMK,$9.15,1440091290770,"42,183",67% bullish,of 6 ratings,$14
GNCA,$12.49,1440091290904,"73,355",100% bearish,of 1 rating,$20
GHDX,$25.32,1440091290931,"34,624",50% bullish,of 2 ratings,$30
THRM,$45.18,1440091290983,"90,140",75% bearish,of 4 ratings,$55.50
GNVC,$2.41,1440091291009,"3,510",90% bullish,of 10 ratings,$8.50
GNTX,$15.44,1440091291080,"554,657",Not yet rated,NULL,$20
GTWN,$18.57,1440091291188,1,Not yet rated,NULL,N/A
GERN,$3.09,1440091291362,"378,644",88% bullish,of 16 ratings,$5.25
GABC,$29.73,1440091291392,"6,080",Not yet rated,NULL,$31.50
ROCK,$18.17,1440091291428,"16,440",80% bullish,of 5 ratings,$24
GEOS,$15.3616,1440091291528,"67,589",100% bearish,of 3 ratings,$25.50
GEVO,$2.37,1440091291553,"165,860",75% bullish,of 12 ratings,$5
GIGA,$1.4,1440091291586,"4,581",100% bearish,of 1 rating,N/A
GIGM,$0.6256,1440091291621,"6,600",100% bullish,of 2 ratings,N/A
GIII,$67.685,1440091291691,"38,361",67% bullish,of 3 ratings,$75
GILT,$4.5,1440091291826,"8,806",50% bullish,of 2 ratings,N/A
GILD,$113.18,1440091291958,"2,474,653",91% bullish,of 86 ratings,$129
GLAD,$8.35,1440091292017,"30,240",50% bullish,of 2 ratings,$8.75
GLADO,$25.52,1440091292099,152,Not yet rated,NULL,N/A
GBCI,$26.515,1440091292151,"101,783",50% bullish,of 2 ratings,$31
GOOD,$15.64,1440091292191,"11,281",Not yet rated,NULL,$19
GOODP,NULL,1440091292284,0,Not yet rated,NULL,N/A
GOODO,NULL,1440091292313,0,Not yet rated,NULL,N/A
GOODN,$25.6499,1440091292342,400,Not yet rated,NULL,N/A
GAIN,$7.6998,1440091292373,"86,064",100% bullish,of 2 ratings,$8.25
GAINO,$25.7499,1440091292552,200,Not yet rated,NULL,N/A
GAINN,$25.3,1440091292607,"32,861",Not yet rated,NULL,N/A
GAINP,$26.065,1440091292635,"1,222",Not yet rated,NULL,N/A
LAND,$9.48,1440091292657,"9,675",50% bullish,of 2 ratings,$13.75
GLBZ,NULL,1440091292787,0,Not yet rated,NULL,N/A
GBT,$43.5,1440091292930,"54,408",100% bearish,of 1 rating,N/A
ENT,$11.58,1440091293071,"206,902",100% bearish,of 1 rating,$18
GDEF,NULL,1440091293173,0,Not yet rated,NULL,N/A
GSOL,$8.35,1440091293209,"5,247",100% bearish,of 1 rating,N/A
GPACU,NULL,1440091293242,0,Not yet rated,NULL,N/A
QQQC,$20.1959,1440091293306,"8,373",100% bearish,of 1 rating,N/A
ACTX,$13.78,1440091293335,"1,051",100% bullish,of 1 rating,N/A
SOCL,$17.7896,1440091293369,"35,754",100% bullish,of 2 ratings,N/A
GBLI,$26.6,1440091293470,"5,400",Not yet rated,NULL,N/A
ALTY,NULL,1440091293538,0,Not yet rated,NULL,N/A
SRET,$13.85,1440091293643,"1,301",Not yet rated,NULL,N/A
YLCO,$12.1099,1440091293774,100,Not yet rated,NULL,N/A
GAI,$5.4001,1440091293800,"1,762",50% bullish,of 2 ratings,N/A
GSM,$13.6,1440091293867,"112,462",50% bullish,of 2 ratings,$24.50
GBIM,$2.246,1440091294007,"7,583",50% bullish,of 2 ratings,N/A
GLBS,NULL,1440091294037,0,67% bullish,of 3 ratings,N/A
GLYC,$7.25,1440091294071,"1,412",50% bullish,of 2 ratings,$14
GOGO,$15.78,1440091294159,"310,245",80% bullish,of 5 ratings,$25
GLRI,$1.163,1440091294194,"2,789",100% bearish,of 1 rating,$6
GLNG,$37.33,1440091294226,"220,841",83% bullish,of 6 ratings,$58
GLUU,$4.56,1440091294288,"1,507,213",92% bullish,of 26 ratings,$9
GMLP,$19.54,1440091294327,"103,223",50% bullish,of 4 ratings,$32.50
GLDC,NULL,1440091294466,0,50% bullish,of 2 ratings,N/A
GDEN,$8.82,1440091294595,"6,195",50% bullish,of 2 ratings,N/A
GOGL,$3.16,1440091294727,"149,189",75% bullish,of 4 ratings,$5
GTIM,$6.355,1440091294758,"46,075",Not yet rated,NULL,$11.50
GBDC,$16.5,1440091294818,"29,178",Not yet rated,NULL,$17.75
GOOGL,$679.7125,1440091294859,"594,358",88% bullish,of 1079 ratings,$749
GOOG,$647.07,1440091294889,"613,837",89% bullish,of 65 ratings,$825
GPRO,$51.3101,1440091294916,"3,707,617",78% bullish,of 58 ratings,$72
GMAN,$4.51,1440091294946,"26,996",60% bullish,of 5 ratings,$8
GPIA,NULL,1440091295049,0,Not yet rated,NULL,N/A
GPIAU,NULL,1440091295215,0,Not yet rated,NULL,N/A
GPIAW,NULL,1440091295245,0,Not yet rated,NULL,N/A
LOPE,$36.62,1440091295320,"90,209",100% bearish,of 2 ratings,$50
GRVY,$3.67,1440091295345,519,50% bullish,of 2 ratings,N/A
GBSNU,$17.25,1440091295480,"2,750",Not yet rated,NULL,N/A
GBSN,$2.09,1440091295552,"38,583",100% bearish,of 1 rating,$8.25
GLDD,$5.485,1440091295752,"58,716",100% bearish,of 4 ratings,$7.75
GPP,$14.752,1440091295783,"23,793",Not yet rated,NULL,$20.50
GNBC,$12.6,1440091295814,"4,299",100% bearish,of 1 rating,$17
GSBC,$40.51,1440091295835,"9,663",100% bullish,of 1 rating,$44
GRBK,$13.75,1440091295868,"67,704",77% bullish,of 13 ratings,N/A
GPRE,$20.25,1440091295898,"230,571",67% bullish,of 6 ratings,$28.50
GLRE,$26.1,1440091296034,"88,451",100% bullish,of 1 rating,$41
GCBC,NULL,1440091296069,0,100% bullish,of 1 rating,N/A
GRPN,$4.065,1440091296210,"3,339,302",61% bullish,of 71 ratings,$6.75
GRFS,$31.1,1440091296241,"41,626",50% bullish,of 2 ratings,$35
GRIF,NULL,1440091296268,0,100% bearish,of 1 rating,N/A
OMAB,$40.5,1440091296350,"8,542",100% bullish,of 1 rating,$44
GSIT,$4.81,1440091296504,"6,632",100% bearish,of 1 rating,N/A
GSIG,$13.32,1440091296534,"6,360",100% bearish,of 2 ratings,N/A
GGAL,$19.18,1440091296565,"117,885",80% bullish,of 5 ratings,$40
GSVC,$9.29,1440091296604,"22,142",50% bullish,of 2 ratings,$14.50
GTXI,$0.91,1440091296664,"41,795",100% bullish,of 5 ratings,$.75
GBNK,$15.8,1440091296692,"10,587",100% bearish,of 1 rating,$18
GFED,NULL,1440091296828,0,Not yet rated,NULL,$17
GUID,$7.71,1440091296864,"56,083",100% bearish,of 3 ratings,$10
GULTU,$0.308,1440091296962,"2,911,132",100% bearish,of 1 rating,N/A
GIFI,$12.35,1440091297092,"24,780",100% bearish,of 1 rating,$16
GURE,$1.75,1440091297124,"19,018",88% bullish,of 8 ratings,N/A
GPOR,$33.91,1440091297196,"315,952",75% bullish,of 4 ratings,$55
GWGH,$7.55,1440091297375,200,100% bearish,of 1 rating,$15.05
GWPH,$102.2,1440091297402,"145,272",78% bullish,of 9 ratings,$148.50
HLG,NULL,1440091297428,0,100% bearish,of 1 rating,N/A
GYRO,$3,1440091297458,"4,726",100% bearish,of 1 rating,N/A
HEES,$16.485,1440091297490,"117,041",67% bearish,of 3 ratings,$31
HNRG,$7.22,1440091297591,"80,075",100% bearish,of 1 rating,$10
HALL,$11.5779,1440091297692,"3,758",Not yet rated,NULL,N/A
HMPR,$1.92,1440091297789,"181,905",100% bullish,of 1 rating,N/A
HALO,$17.95,1440091297835,"423,938",67% bullish,of 3 ratings,$22.50
HBK,$13.72,1440091297862,550,50% bullish,of 2 ratings,N/A
HBHC,$27.53,1440091297934,"101,423",50% bullish,of 2 ratings,$30
HBHCL,$24.59,1440091297994,"13,528",Not yet rated,NULL,N/A
HNH,$28.66,1440091298138,"7,969",100% bullish,of 1 rating,N/A
HAFC,$24.77,1440091298211,"24,816",100% bullish,of 2 ratings,$28.50
HQCL,$9.89,1440091298270,"5,853",67% bullish,of 3 ratings,N/A
HNSN,$0.503,1440091298297,"23,263",88% bullish,of 8 ratings,$.40
HRMNU,NULL,1440091298427,0,Not yet rated,NULL,N/A
HDNG,$10.32,1440091298497,966,50% bullish,of 4 ratings,N/A
HLIT,$5.725,1440091298601,"65,834",100% bearish,of 1 rating,$6.50
HRMNW,NULL,1440091298629,0,Not yet rated,NULL,N/A
HRMN,NULL,1440091298659,0,Not yet rated,NULL,N/A
TINY,$2.4504,1440091298763,"10,852",50% bullish,of 2 ratings,$5.26
HART,$0.64,1440091298807,"70,733",100% bearish,of 1 rating,N/A
HBIO,$4.33,1440091298953,"14,244",Not yet rated,NULL,$10
HAS,$78.345,1440091299000,"234,283",63% bullish,of 8 ratings,$84.50
HCAPL,$25.51,1440091299134,"1,087",Not yet rated,NULL,N/A
HCAP,$12.114,1440091299166,"4,439",50% bullish,of 2 ratings,$15
HA,$24.75,1440091299196,"214,139",67% bullish,of 9 ratings,$27
HWBK,$13.49,1440091299224,328,100% bearish,of 1 rating,N/A
HCOM,$22.73,1440091299254,754,100% bearish,of 1 rating,$28
HWKN,$36.36,1440091299357,"4,548",Not yet rated,NULL,N/A
HAYN,$39.11,1440091299429,"28,219",100% bearish,of 1 rating,$59
HDS,$33.9,1440091299609,"418,317",100% bearish,of 2 ratings,$39.50
HIIQ,$4.58,1440091299661,"13,950",50% bullish,of 2 ratings,$7
HSTM,$25,1440091299692,"42,621",50% bullish,of 2 ratings,$33.75
HQY,$31.347,1440091299794,"78,475",67% bullish,of 3 ratings,$31
HWAY,$12.46,1440091299823,"92,369",100% bearish,of 1 rating,$15
HCSG,$34.14,1440091299855,"44,004",50% bullish,of 4 ratings,$35
HTLF,$36.44,1440091299927,"17,177",100% bullish,of 1 rating,$39.50
HTLD,$20.64,1440091299955,"147,679",Not yet rated,NULL,$22.50
HTWR,$85.98,1440091300002,"42,398",50% bullish,of 2 ratings,$103
HTBX,$5.4,1440091300142,"15,558",50% bullish,of 2 ratings,$15.50
HSII,$20.26,1440091300268,"32,405",100% bullish,of 3 ratings,$25
HELE,$89,1440091300294,"70,602",67% bearish,of 3 ratings,$100
HMTV,$12.97,1440091300370,806,100% bearish,of 1 rating,$16
HMNY,$2.29,1440091300429,"1,100",100% bearish,of 1 rating,N/A
HNNA,$23,1440091300459,"5,148",Not yet rated,NULL,N/A
HCACU,$10.02,1440091300566,200,Not yet rated,NULL,N/A
HERO,$0.0682,1440091300671,"641,476",81% bullish,of 16 ratings,$.75
HTBK,$10.7,1440091300733,"23,886",Not yet rated,NULL,$12
HSIC,$143.865,1440091300762,"88,756",83% bullish,of 6 ratings,$146
MLHR,$28.82,1440091300895,"66,655",50% bullish,of 2 ratings,$33.50
HFWA,$17.9797,1440091300932,"6,610",100% bullish,of 1 rating,$20
HCCI,$11.95,1440091300959,"3,654",100% bearish,of 1 rating,$16.50
HRTX,$33.255,1440091300992,"212,950",67% bullish,of 6 ratings,$41
HEOP,$7.79,1440091301023,"4,452",Not yet rated,NULL,$8.50
HSKA,$33.66,1440091301222,"14,488",100% bearish,of 1 rating,$38
HFFC,$16.209,1440091301368,"2,302",Not yet rated,NULL,N/A
HIHO,$4.22,1440091301419,"5,120",Not yet rated,NULL,N/A
HIBB,$39.391,1440091301450,"98,300",100% bearish,of 1 rating,$48.50
HIMX,$6.61,1440091301481,"1,037,849",86% bullish,of 21 ratings,$8.50
HPJ,$2.65,1440091301554,"12,950",75% bullish,of 4 ratings,$12.43
HIFS,$118.35,1440091301580,461,Not yet rated,NULL,N/A
HMNF,$11.2,1440091301630,100,Not yet rated,NULL,N/A
HMSY,$9.26,1440091301718,"336,026",67% bullish,of 3 ratings,$19.35
HSGX,$6.29,1440091301860,"2,300",100% bearish,of 1 rating,$17
HOLI,$17.4,1440091301890,"147,635",50% bullish,of 4 ratings,$27
HOLX,$41.47,1440091301916,"394,842",67% bullish,of 3 ratings,$42
HBCP,$24.05,1440091302050,"1,545",Not yet rated,NULL,$29
HFBL,$21.8,1440091302082,"6,661",Not yet rated,NULL,N/A
HOMB,$39.8,1440091302124,"33,046",Not yet rated,NULL,$41
AWAY,$30.26,1440091302224,"245,360",67% bullish,of 3 ratings,$36
HMIN,$29.11,1440091302324,"59,965",100% bearish,of 2 ratings,$35
HTBI,$18.48,1440091302352,"13,741",67% bullish,of 3 ratings,$18.625
HMST,$21.32,1440091302423,"40,536",100% bullish,of 2 ratings,$27
HKTV,$4.9101,1440091302486,"15,500",100% bearish,of 1 rating,N/A
CETC,$0.8111,1440091302588,"59,425",86% bullish,of 7 ratings,N/A
HZNP,$30.19,1440091302684,"651,581",85% bullish,of 20 ratings,$40
HFBC,$11.5,1440091302711,"3,400",Not yet rated,NULL,N/A
HOFT,$24.78,1440091302758,"11,858",100% bearish,of 1 rating,N/A
HBNC,$24.51,1440091302784,"17,949",100% bullish,of 1 rating,$27
ZINC,$7.58,1440091302846,"206,324",100% bearish,of 1 rating,$17
HRZN,$10.79,1440091303001,"24,457",100% bearish,of 1 rating,$14.25
HDP,$25.32,1440091303098,"144,952",67% bearish,of 3 ratings,$30.50
HMHC,$22.28,1440091303205,"156,263",Not yet rated,NULL,$27
HWCC,$7.26,1440091303246,"27,963",100% bearish,of 1 rating,$9
HBMD,NULL,1440091303309,0,100% bearish,of 1 rating,N/A
HOVNP,NULL,1440091303341,0,100% bearish,of 1 rating,N/A
HSNI,$62.12,1440091303447,"74,296",Not yet rated,NULL,$80
HTGM,$5.87,1440091303478,"8,884",100% bearish,of 1 rating,$19.50
HUBG,$40.011,1440091303554,"67,330",100% bearish,of 1 rating,$43
HCBK,$9.9216,1440091303582,"549,258",83% bullish,of 6 ratings,$8.61
HSON,$2.91,1440091303733,"4,861",100% bearish,of 1 rating,$5
HBAN,$11.4099,1440091303762,"2,220,740",76% bullish,of 17 ratings,$12.50
HDSN,$2.93,1440091303799,"40,724",100% bullish,of 1 rating,$6.25
HBANP,$1358,1440091303900,79,100% bearish,of 1 rating,N/A
HURC,$30.14,1440091304005,"7,797",100% bearish,of 1 rating,N/A
HURN,$74.5,1440091304038,"32,069",50% bullish,of 2 ratings,$80
HBP,$3.2,1440091304185,"2,800",100% bullish,of 1 rating,N/A
HDRA,$9.69,1440091304283,100,Not yet rated,NULL,N/A
HTCH,$1.635,1440091304311,"25,330",100% bearish,of 1 rating,$3.50
HDRAR,$0.3701,1440091304336,"1,700",Not yet rated,NULL,N/A
HDRAW,NULL,1440091304469,0,Not yet rated,NULL,N/A
HDRAU,$10.1,1440091304500,"5,825",Not yet rated,NULL,N/A
HYGS,$7.4,1440091304530,"13,482",50% bullish,of 2 ratings,$13
IDSY,$3.89,1440091304600,"10,538",100% bearish,of 1 rating,$7
IKGH,$1.75,1440091304691,"2,800",75% bullish,of 4 ratings,N/A
IACI,$71.8225,1440091304825,"329,957",75% bullish,of 4 ratings,$90
IBKC,$61.7,1440091304855,"43,346",100% bullish,of 1 rating,$70
ICAD,$3.53,1440091304956,"13,061",50% bullish,of 2 ratings,$7.25
IEP,$68.932,1440091304981,"68,083",75% bullish,of 4 ratings,$99
ICLR,$80.15,1440091305114,"127,755",100% bearish,of 3 ratings,$85
ICFI,$36.15,1440091305159,"41,212",50% bullish,of 2 ratings,$48.50
ICON,$12.775,1440091305243,"154,272",50% bullish,of 2 ratings,$18.50
ICUI,$120.49,1440091305326,"23,911",Not yet rated,NULL,$122
IPWR,$7.5,1440091305375,"5,540",100% bullish,of 1 rating,$15
IDRA,$2.51,1440091305402,"768,128",89% bullish,of 9 ratings,$6.50
INVE,$4.615,1440091305458,"44,276",75% bullish,of 4 ratings,$4
DSKY,$11.84,1440091305487,"296,698",67% bullish,of 6 ratings,$11.50
IDXX,$76.85,1440091305535,"161,583",100% bearish,of 1 rating,$77
IROQ,NULL,1440091305683,0,100% bullish,of 1 rating,N/A
IRG,$4.74,1440091305718,"5,468",100% bearish,of 1 rating,$4.50
RXDX,$12.64,1440091305915,"76,362",100% bullish,of 1 rating,$20
IKAN,$2.727,1440091305977,"25,102",83% bullish,of 6 ratings,$5
IIVI,$17.97,1440091306018,"63,881",100% bearish,of 1 rating,$22
IKNX,NULL,1440091306048,0,100% bearish,of 1 rating,N/A
KANG,$15.5775,1440091306150,"226,887",50% bullish,of 2 ratings,$22.55
ILMN,$201.57,1440091306178,"283,465",80% bullish,of 5 ratings,$240
ISNS,$4.06,1440091306260,"19,051",50% bullish,of 2 ratings,N/A
ICCC,$8.32,1440091306338,"9,816",100% bullish,of 1 rating,N/A
IMMR,$11.37,1440091306442,"117,316",80% bullish,of 5 ratings,$15.50
IMDZ,$16.17,1440091306468,"29,452",100% bearish,of 1 rating,$33
IMNP,$1.44,1440091306497,"60,764",50% bullish,of 2 ratings,$6
IMGN,$12.74,1440091306638,"301,592",75% bullish,of 4 ratings,$17.50
IMMU,$1.755,1440091306707,"220,493",86% bullish,of 7 ratings,$2
IMMY,$7.46,1440091306744,"13,388",100% bearish,of 1 rating,$11
IPXL,$44.53,1440091306804,"227,797",67% bullish,of 3 ratings,$46.50
INCY,$110,1440091306893,"304,182",50% bullish,of 6 ratings,$125.50
SAAS,$7.64,1440091306923,"148,808",50% bullish,of 2 ratings,$15
INCR,$43.476,1440091306953,"134,878",50% bullish,of 2 ratings,$53
INDB,$47.29,1440091307055,"10,863",Not yet rated,NULL,$44
IBCP,$14.43,1440091307095,"10,792",100% bullish,of 1 rating,$14.50
IBTX,$43.53,1440091307229,"16,434",100% bullish,of 2 ratings,$47.25
INFN,$22.18,1440091307262,"1,367,768",71% bullish,of 7 ratings,$28
IDSA,$3.54,1440091307301,"2,325",Not yet rated,NULL,N/A
INFI,$9.09,1440091307358,"219,967",50% bullish,of 4 ratings,$18
IPCC,$81.25,1440091307384,"9,404",Not yet rated,NULL,$77.50
III,$4.25,1440091307580,"19,623",57% bullish,of 7 ratings,$6
IFON,$1.21,1440091307618,"133,827",75% bullish,of 4 ratings,N/A
IMKTA,$54.19,1440091307660,"35,763",100% bearish,of 1 rating,N/A
INWK,$7.46,1440091307691,"31,974",50% bullish,of 2 ratings,$10
INNL,$12.63,1440091307751,588,100% bearish,of 1 rating,$16.50
INOD,$2.5,1440091307792,"27,817",100% bearish,of 1 rating,N/A
IPHS,$48.76,1440091307920,"17,345",100% bearish,of 1 rating,$60
IOSP,$46.28,1440091308026,"32,776",100% bearish,of 1 rating,N/A
ISSC,$2.93,1440091308082,"8,862",67% bearish,of 3 ratings,N/A
ITEK,$14.689,1440091308171,"256,054",100% bearish,of 3 ratings,$20
INOV,$21.06,1440091308213,"116,163",100% bearish,of 1 rating,$33
INO,$7.2501,1440091308242,"521,811",89% bullish,of 18 ratings,$20
INGN,$49.84,1440091308312,"56,982",100% bearish,of 1 rating,$50.50
ISIG,$2.6,1440091308480,"9,000",100% bearish,of 1 rating,N/A
NSIT,$26.5,1440091308507,"36,177",50% bullish,of 2 ratings,N/A
INSM,$26.5,1440091308582,"56,014",71% bullish,of 7 ratings,$31.50
PODD,$29.3,1440091308652,"187,478",50% bullish,of 2 ratings,$35
IIIN,$17.89,1440091308723,"30,221",100% bearish,of 2 ratings,N/A
NTEC,$6.03,1440091308792,"12,278",Not yet rated,NULL,N/A
INSY,$32.63,1440091308875,"250,379",75% bullish,of 4 ratings,$48
IDTI,$17.83,1440091309011,"911,748",60% bullish,of 5 ratings,$25
IART,$60.878,1440091309036,"77,311",100% bearish,of 1 rating,$71.50
INTC,$27.79,1440091309263,"8,883,386",82% bullish,of 238 ratings,$36
IPCI,$2.155,1440091309393,"20,470",67% bullish,of 6 ratings,$7.75
IQNT,$19.82,1440091309424,"284,425",86% bullish,of 7 ratings,$20
IESC,$7.08,1440091309446,"1,500",100% bearish,of 1 rating,N/A
IBKR,$40.395,1440091309479,"231,941",100% bullish,of 1 rating,N/A
ISSI,$22.32,1440091309501,"144,514",67% bullish,of 3 ratings,$19.75
IPAR,$28.24,1440091309530,"12,758",67% bullish,of 3 ratings,$38
ININ,$39.97,1440091309721,"43,709",67% bearish,of 3 ratings,$57
ICLD,$1.81,1440091309752,"178,009",75% bullish,of 4 ratings,N/A
ICPT,$198.67,1440091309782,"101,693",70% bullish,of 10 ratings,$359.50
IDCC,$48.88,1440091309883,"66,897",80% bullish,of 5 ratings,$63
ICLDW,NULL,1440091309935,0,100% bearish,of 1 rating,N/A
TILE,$25.12,1440091309972,"141,990",67% bearish,of 3 ratings,$27
IMI,$2,1440091310013,"1,600",67% bullish,of 3 ratings,$2.22
IBOC,$26.35,1440091310176,"46,810",100% bearish,of 1 rating,N/A
INAP,$8.715,1440091310202,"56,153",75% bullish,of 4 ratings,$11
IGLD,$7.25,1440091310276,712,50% bullish,of 2 ratings,N/A
ISCA,$32.08,1440091310302,"12,989",100% bearish,of 1 rating,N/A
IIJI,$9.23,1440091310332,400,50% bullish,of 2 ratings,$11.50
INPH,$0.3248,1440091310472,"12,518",50% bullish,of 2 ratings,N/A
PTNT,$3,1440091310501,810,Not yet rated,NULL,N/A
XENT,$28.035,1440091310529,"59,424",50% bullish,of 2 ratings,$36.50
INTX,$2.52,1440091310563,"5,218",67% bullish,of 3 ratings,N/A
ISIL,$10.4999,1440091310709,"219,651",50% bullish,of 6 ratings,$15
IILG,$21.03,1440091310738,"26,376",100% bearish,of 1 rating,$30.50
IVAC,$4.92,1440091310776,"8,028",Not yet rated,NULL,$6.625
ITCI,$29.76,1440091310956,"177,234",75% bearish,of 4 ratings,$40
INTLL,NULL,1440091310981,0,Not yet rated,NULL,N/A
INTL,$27,1440091311010,"24,320",67% bearish,of 3 ratings,N/A
IIN,$6.42,1440091311039,510,100% bearish,of 1 rating,$12
ISRG,$519.73,1440091311173,"39,695",67% bullish,of 3 ratings,$600
INTU,$104.16,1440091311200,"277,970",100% bullish,of 7 ratings,$110.50
INVT,$0.285,1440091311224,"25,229",67% bullish,of 3 ratings,N/A
ISTR,$15.69,1440091311379,4,100% bearish,of 1 rating,$18.50
ISBC,$12.01,1440091311410,"782,819",100% bullish,of 1 rating,$13.25
SNAK,$8.56,1440091311436,"18,858",50% bullish,of 2 ratings,$14
ITIC,NULL,1440091311477,0,100% bearish,of 2 ratings,N/A
IVTY,$11.89,1440091311664,"15,509",Not yet rated,NULL,$18
NVIV,$10.9899,1440091311691,"134,370",50% bullish,of 4 ratings,$24.50
IPAS,$1.0621,1440091311821,"12,468",67% bullish,of 3 ratings,N/A
DFVL,NULL,1440091311895,0,Not yet rated,NULL,N/A
IRIX,$7.18,1440091311956,"13,000",100% bearish,of 1 rating,N/A
IPGP,$87.93,1440091311990,"69,768",100% bearish,of 2 ratings,$109.50
DTUL,NULL,1440091312013,0,Not yet rated,NULL,N/A
IPCM,$79.18,1440091312035,"121,471",50% bullish,of 2 ratings,$80.125
IRMD,$25.31,1440091312092,"15,553",67% bearish,of 3 ratings,$25
IRDM,$6.75,1440091312248,"154,003",60% bullish,of 5 ratings,$11.50
IRDMB,$267.5,1440091312351,120,67% bearish,of 3 ratings,N/A
IRWD,$11.235,1440091312377,"533,370",100% bearish,of 1 rating,$13
IRBT,$30.08,1440091312410,"93,769",67% bullish,of 6 ratings,$37
IRCP,$33.5,1440091312438,957,100% bullish,of 2 ratings,N/A
GNMA,$50,1440091312513,"2,246",Not yet rated,NULL,N/A
COMT,$33.01,1440091312572,"4,100",100% bearish,of 1 rating,N/A
IFEU,$39.3801,1440091312719,"3,815",Not yet rated,NULL,N/A
FCHI,$47.9,1440091312744,470,Not yet rated,NULL,N/A
IFAS,$28.61,1440091312777,800,Not yet rated,NULL,N/A
IFNA,$55.731,1440091312810,"3,600",Not yet rated,NULL,N/A
IFGL,$29.615,1440091312832,"12,065",Not yet rated,NULL,N/A
ACWX,$41.6949,1440091312910,"338,998",100% bearish,of 1 rating,N/A
ACWI,$57.59,1440091312968,"347,734",Not yet rated,NULL,N/A
AAXJ,$54.01,1440091312993,"839,227",Not yet rated,NULL,N/A
AXJS,NULL,1440091313168,0,Not yet rated,NULL,N/A
AAIT,$30.2135,1440091313194,306,100% bullish,of 1 rating,N/A
EGRW,$46.251,1440091313355,"5,037",Not yet rated,NULL,N/A
EMEY,$24.3966,1440091313418,500,Not yet rated,NULL,N/A
EEME,$38.47,1440091313456,571,100% bearish,of 1 rating,N/A
EMDI,$44.2402,1440091313486,860,Not yet rated,NULL,N/A
EUFN,$22.46,1440091313516,"80,352",100% bearish,of 1 rating,N/A
EEML,$28.308,1440091313546,"1,120",Not yet rated,NULL,N/A
EEMA,$50.883,1440091313574,"6,647",Not yet rated,NULL,N/A
EVAL,$36.3,1440091313596,"3,982",Not yet rated,NULL,N/A
UAE,$17.95,1440091313787,"1,450",Not yet rated,NULL,N/A
IEUS,$46.58,1440091313845,"1,697",100% bearish,of 1 rating,N/A
IBB,$356.74,1440091313874,"475,241",63% bullish,of 8 ratings,N/A
SOXX,$81.69,1440091313981,"360,127",50% bullish,of 2 ratings,N/A
QAT,NULL,1440091314050,0,Not yet rated,NULL,N/A
EMIF,$29.4199,1440091314082,"3,050",Not yet rated,NULL,N/A
ICLN,$9.7235,1440091314185,"11,047",50% bullish,of 2 ratings,N/A
ISHG,$79.39,1440091314230,"1,498",100% bearish,of 1 rating,N/A
INDY,$29.05,1440091314258,"203,655",100% bullish,of 1 rating,N/A
WOOD,$50.2228,1440091314288,"6,536",50% bullish,of 2 ratings,N/A
IGOV,$91.27,1440091314388,"7,049",100% bearish,of 1 rating,N/A
ITRN,$24.81,1440091314594,"1,763",50% bullish,of 2 ratings,N/A
ISIS,$48.62,1440091314628,"403,656",53% bullish,of 15 ratings,$67
ISRL,$136.99,1440091314649,121,100% bearish,of 1 rating,N/A
ISLE,$17.65,1440091314683,"93,918",50% bullish,of 4 ratings,$16
ITRI,$32.63,1440091314727,"73,741",Not yet rated,NULL,$37
ITUS,$4.35,1440091314784,"3,900",Not yet rated,NULL,N/A
XXIA,$15.64,1440091314902,"112,183",71% bullish,of 7 ratings,$14.625
IXYS,$10.83,1440091315046,"84,640",50% bullish,of 4 ratings,N/A
JJSF,$117.5,1440091315133,"10,228",100% bearish,of 1 rating,N/A
JBHT,$79.09,1440091315176,"281,966",50% bullish,of 4 ratings,$89.50
JASO,$7.82,1440091315208,"403,457",82% bullish,of 17 ratings,$10
MAYS,$59,1440091315235,100,Not yet rated,NULL,N/A
JCOM,$71.9425,1440091315310,"34,322",100% bullish,of 2 ratings,$77
JKHY,$70.7666,1440091315363,"66,215",50% bullish,of 2 ratings,$72
JACK,$84.75,1440091315469,"144,705",83% bullish,of 6 ratings,$105
JXSB,NULL,1440091315518,0,Not yet rated,NULL,N/A
JAXB,$13.22,1440091315599,15,100% bullish,of 1 rating,N/A
JMBA,$13.4,1440091315731,"37,490",75% bullish,of 4 ratings,$18
JAKK,$9.66,1440091315758,"358,376",60% bearish,of 5 ratings,$10.50
JAGX,$2.95,1440091315780,300,Not yet rated,NULL,N/A
JRVR,$26.7,1440091315914,"5,611",Not yet rated,NULL,$32
JASN,$4.96,1440091315942,"28,152",50% bullish,of 2 ratings,$9.50
ERW,NULL,1440091315963,0,Not yet rated,NULL,N/A
JASNW,$0.25,1440091316125,"5,000",50% bullish,of 2 ratings,N/A
JD,$25.38,1440091316158,"3,386,746",75% bullish,of 16 ratings,$36
JAZZ,$183.735,1440091316259,"119,534",80% bullish,of 15 ratings,$206.50
JBLU,$23.2,1440091316393,"2,200,627",94% bullish,of 16 ratings,$27
DATE,$6.47,1440091316421,"102,448",75% bullish,of 4 ratings,$9
JTPY,$3,1440091316443,"2,116",100% bearish,of 1 rating,N/A
JCTCF,NULL,1440091316475,0,100% bullish,of 1 rating,N/A
JIVE,$4.11,1440091316606,"241,759",75% bullish,of 4 ratings,$5
JST,$4.14,1440091316632,"28,648",75% bullish,of 4 ratings,N/A
WYIGU,$10.0524,1440091316766,400,Not yet rated,NULL,N/A
JOEZ,$0.18,1440091316788,"106,815",92% bullish,of 12 ratings,N/A
JBSS,$48.79,1440091316818,"10,683",67% bearish,of 3 ratings,N/A
JNP,$9.84,1440091316867,"9,385",100% bullish,of 3 ratings,$15
JOUT,$24.02,1440091316966,"2,605",100% bearish,of 1 rating,$34
KTWO,$21.68,1440091317026,"87,927",100% bearish,of 1 rating,$28.50
JUNO,$39.1,1440091317057,"562,573",73% bullish,of 11 ratings,$71.50
KBIO,$1.91,1440091317207,"36,237",50% bullish,of 4 ratings,N/A
KMDA,$3.709,1440091317243,"7,815",50% bullish,of 2 ratings,$8
KALU,$83.925,1440091317271,"37,448",67% bearish,of 3 ratings,$91
KNDI,$7.3799,1440091317482,"203,935",86% bullish,of 22 ratings,N/A
KCLI,$47.75,1440091317567,"3,663",Not yet rated,NULL,N/A
KBSF,$3.9,1440091317610,"1,750",100% bullish,of 1 rating,N/A
KRNY,$11.55,1440091317639,"170,220",100% bearish,of 1 rating,$12
KCAP,$4.77,1440091317661,"39,671",75% bullish,of 4 ratings,$6
KPTI,$13.29,1440091317696,"149,771",67% bearish,of 3 ratings,$39
KMPH,$20.55,1440091317830,"17,021",100% bearish,of 2 ratings,$22
KELYA,$14.87,1440091317863,"47,001",67% bullish,of 6 ratings,$20
KELYB,NULL,1440091317997,0,50% bullish,of 2 ratings,N/A
KFFB,$8.76,1440091318026,100,100% bearish,of 1 rating,N/A
