Symbol,Price,Date,Volume,Rating,RatingVoteCount,OneYearEstimate
TFSCU,NULL,1439932202604,0,Not yet rated,NULL,N/A
TFSCR,NULL,1439932202666,0,Not yet rated,NULL,N/A
PIH,$7.39,1439932202738,"8,473",100% bearish,of 1 rating,N/A
FCTY,$7.5,1439932202771,900,100% bullish,of 1 rating,$8.50
TFSCW,$0.22,1439932202793,4,100% bearish,of 1 rating,N/A
FCCY,$11.59,1439932202816,"3,256",100% bullish,of 1 rating,$13
FLWS,$9.74,1439932202844,"141,603",100% bullish,of 5 ratings,$15
TFSC,NULL,1439932202873,0,100% bearish,of 1 rating,N/A
SRCE,$31.05,1439932203015,"19,091",100% bullish,of 3 ratings,$33
DGLD,$85.9,1439932203050,"3,632",100% bullish,of 1 rating,N/A
USLV,$13.4,1439932203147,"438,656",86% bullish,of 7 ratings,N/A
DSLV,$67.29,1439932203172,"38,482",100% bearish,of 1 rating,N/A
UGLD,$8.88,1439932203212,"132,721",100% bearish,of 1 rating,N/A
TWOU,$34.96,1439932203237,"365,438",50% bullish,of 2 ratings,$39
VNET,$21.05,1439932203302,"214,370",60% bullish,of 5 ratings,$29.50
JOBS,$28.03,1439932203436,"68,539",50% bullish,of 4 ratings,$36
EGHT,$8.55,1439932203653,"220,865",82% bullish,of 17 ratings,$11
CAFD,$15.31,1439932203680,"145,644",Not yet rated,NULL,$25
SHLM,$35.87,1439932203740,"119,982",100% bearish,of 1 rating,$50
SIXD,$2.54,1439932203762,"64,564",Not yet rated,NULL,N/A
AAON,$23.04,1439932203793,"83,142",100% bearish,of 1 rating,$24
AVHI,$14.38,1439932203819,"28,601",100% bearish,of 1 rating,$19
ABAX,$47.93,1439932203841,"86,051",100% bearish,of 1 rating,$60
ABGB,$4.66,1439932204015,"70,434",67% bullish,of 3 ratings,$5.50
ABEO,$5.24,1439932204061,"101,807",67% bullish,of 3 ratings,$15.50
ABY,$21.47,1439932204090,"309,678",100% bearish,of 2 ratings,$46
ABEOW,$2.08,1439932204118,"5,825",100% bullish,of 1 rating,N/A
ABMD,$104.93,1439932204160,"340,740",75% bullish,of 4 ratings,$86
AXAS,$1.74,1439932204250,"575,647",78% bullish,of 9 ratings,$3.50
ACTG,$8.7,1439932204280,"202,596",67% bullish,of 3 ratings,$18.50
ACHC,$81.6598,1439932204504,"228,469",50% bullish,of 2 ratings,$92
ACAD,$38.8,1439932204536,"536,713",85% bullish,of 20 ratings,$48
ACST,$0.365,1439932204570,"95,166",100% bullish,of 2 ratings,N/A
XLRN,$30.72,1439932204718,"136,800",50% bullish,of 2 ratings,$57
ANCX,$19.21,1439932204745,"14,875",Not yet rated,NULL,$19
AXDX,$18.86,1439932204773,"84,893",100% bearish,of 1 rating,N/A
ARAY,$5.93,1439932204803,"1,244,704",100% bearish,of 1 rating,$10.50
VXDN,$14.86,1439932204901,915,Not yet rated,NULL,N/A
ACET,$25.35,1439932204972,"55,580",75% bullish,of 4 ratings,$30
VXUP,$17.03,1439932205001,"4,565",Not yet rated,NULL,N/A
ACRX,$4.34,1439932205061,"121,153",67% bearish,of 6 ratings,$5.50
AKAO,$7.08,1439932205092,"47,781",75% bullish,of 4 ratings,$15
ACHN,$8.62,1439932205113,"2,304,986",90% bullish,of 21 ratings,$16
ACIW,$22.9,1439932205144,"194,622",50% bullish,of 2 ratings,$24
ACNB,$20.43,1439932205403,929,Not yet rated,NULL,N/A
ACOR,$31.15,1439932205428,"188,786",67% bearish,of 3 ratings,$38.50
ACTS,$1.4,1439932205559,"35,262",100% bearish,of 1 rating,N/A
ACUR,$0.6,1439932205602,"35,138",100% bullish,of 5 ratings,$1
ACTA,$13.61,1439932205628,"92,025",67% bearish,of 3 ratings,$25
ATVI,$29.22,1439932205658,"2,675,140",68% bullish,of 84 ratings,$31.50
ACPW,$1.87,1439932205691,"12,650",100% bullish,of 4 ratings,$3.50
ACXM,$21.1,1439932205764,"261,530",67% bullish,of 3 ratings,N/A
ADMS,$20.63,1439932205793,"44,589",100% bearish,of 2 ratings,$36
ADAP,$15.46,1439932205959,"87,059",67% bullish,of 3 ratings,$22
ADEP,$7.31,1439932205988,"9,982",50% bullish,of 2 ratings,$10.75
ADMP,$3.84,1439932206062,"64,339",50% bullish,of 2 ratings,$10
ADUS,$30.66,1439932206122,"78,320",100% bearish,of 1 rating,$31
AEY,$2.29,1439932206194,"3,324",100% bearish,of 2 ratings,N/A
ADMA,$9.47,1439932206277,"10,548",Not yet rated,NULL,$19
ADBE,$86.45,1439932206334,"1,011,305",65% bullish,of 17 ratings,$90
ADTN,$16.15,1439932206469,"165,768",67% bullish,of 3 ratings,$17.125
AEIS,$26.12,1439932206534,"103,710",50% bullish,of 2 ratings,$32.50
ADRO,$21.57,1439932206562,"147,206",80% bullish,of 5 ratings,$45.50
AMD,$1.8,1439932206596,"5,861,434",83% bullish,of 102 ratings,$2
ADXS,$16.09,1439932206643,"398,018",64% bullish,of 14 ratings,$27
MULT,NULL,1439932206698,0,100% bearish,of 1 rating,N/A
ADXSW,$11.6,1439932206780,"4,056",100% bullish,of 1 rating,N/A
YPRO,$23.022,1439932206812,"1,468",100% bearish,of 1 rating,N/A
AEGN,$18.55,1439932206915,"78,350",100% bearish,of 1 rating,$21
AEGR,$18.98,1439932206943,"482,425",50% bullish,of 6 ratings,$26
AEHR,$2.22,1439932206989,109,50% bullish,of 2 ratings,N/A
AEPI,$57.69,1439932207187,"9,486",100% bearish,of 1 rating,N/A
AMTX,$3.43,1439932207253,"7,120",50% bullish,of 2 ratings,$26.11
AERI,$16.1,1439932207286,"247,931",75% bullish,of 4 ratings,$31.50
AVAV,$25.67,1439932207355,"137,838",50% bullish,of 4 ratings,$31
AEMD,$7.44,1439932207381,"104,703",Not yet rated,NULL,$27.50
AFFX,$9.81,1439932207413,"388,579",80% bullish,of 5 ratings,$12
AEZS,$0.1262,1439932207443,"11,147,893",90% bullish,of 21 ratings,$1.625
AGEN,$7.44,1439932207550,"577,306",85% bullish,of 13 ratings,$14
AFMD,$11.39,1439932207601,"88,637",50% bullish,of 4 ratings,$15
AGRX,$8.73,1439932207704,"27,969",100% bearish,of 1 rating,$18
AGFS,$10.1,1439932207797,"184,902",100% bearish,of 1 rating,N/A
AGIO,$95.37,1439932207832,"236,929",88% bullish,of 8 ratings,$114
AGYS,$9.52,1439932207890,"18,689",100% bearish,of 1 rating,N/A
AGFSW,$2.13,1439932208142,"73,631",100% bearish,of 1 rating,N/A
AIMT,$23.37,1439932208173,"97,064",Not yet rated,NULL,N/A
AIRT,$23.09,1439932208225,"1,119",100% bullish,of 1 rating,N/A
AIRM,$39.8,1439932208273,"137,129",80% bearish,of 5 ratings,$53
AMCN,$5.09,1439932208308,"380,306",83% bullish,of 6 ratings,N/A
AIXG,$5.95,1439932208403,"7,109",67% bearish,of 3 ratings,$6
ATSG,$9.63,1439932208429,"93,478",67% bullish,of 3 ratings,$13
AKAM,$73.85,1439932208498,"755,951",63% bullish,of 8 ratings,$77
AKBA,$6.89,1439932208581,"177,783",100% bearish,of 1 rating,$18
AKER,$3.08,1439932208633,"187,446",Not yet rated,NULL,N/A
AKRX,$43.8253,1439932208765,"334,355",78% bullish,of 9 ratings,$56
ALSK,$2.16,1439932208810,"63,279",78% bullish,of 18 ratings,$2
ALRM,$17.18,1439932208896,"79,175",100% bearish,of 1 rating,$22
ABDC,$12.99,1439932209027,"10,693",Not yet rated,NULL,$15
AMRI,$20.76,1439932209052,"132,972",75% bearish,of 4 ratings,$24
ADHD,$9.17,1439932209082,"138,573",50% bullish,of 4 ratings,$18
ALDR,$37.86,1439932209189,"256,746",67% bearish,of 3 ratings,$62
ALDX,$7.74,1439932209254,"14,507",100% bearish,of 1 rating,$14.50
ALGN,$60.5273,1439932209398,"229,275",100% bearish,of 2 ratings,$73
ALCO,$42.63,1439932209435,"5,524",50% bullish,of 2 ratings,N/A
ALXA,$1.18,1439932209534,"6,397",83% bullish,of 6 ratings,$2.125
ALIM,$3.7,1439932209563,"48,025",80% bullish,of 5 ratings,$10
ALXN,$187.42,1439932209595,"607,855",88% bullish,of 8 ratings,$223
ALKS,$67.67,1439932209663,"400,640",67% bullish,of 3 ratings,$75
ALGT,$228.84,1439932209691,"116,309",100% bearish,of 1 rating,$235
ALLB,$23.62,1439932209824,"3,163",Not yet rated,NULL,N/A
AFOP,$18.55,1439932209922,"42,474",75% bullish,of 8 ratings,$21
AIQ,$14.82,1439932209974,"5,120",67% bullish,of 3 ratings,N/A
ARLP,$24.68,1439932210023,"61,261",67% bearish,of 3 ratings,$32
AHPI,$1.44,1439932210106,323,50% bullish,of 2 ratings,N/A
AHGP,$36.04,1439932210153,"20,769",67% bullish,of 3 ratings,N/A
ALQA,$4.58,1439932210179,"11,069",75% bullish,of 4 ratings,$8.50
AMOT,$16.905,1439932210238,"37,023",100% bearish,of 1 rating,N/A
ALLT,$5.07,1439932210489,"121,658",75% bullish,of 4 ratings,$6.25
AFAM,$49.24,1439932210520,"36,689",50% bullish,of 2 ratings,$44
ALNY,$109.2,1439932210573,"398,800",67% bullish,of 3 ratings,$148.50
MDRX,$14.2,1439932210622,"1,025,809",60% bullish,of 5 ratings,$16
ATEC,$0.6,1439932210667,"126,781",100% bullish,of 1 rating,$2
SMCP,NULL,1439932210700,0,Not yet rated,NULL,N/A
ALTR,$48.95,1439932210887,"1,708,193",80% bearish,of 5 ratings,$54
ASPS,$30.66,1439932210946,"180,422",67% bullish,of 3 ratings,$46.50
AOSL,$6.99,1439932210975,"71,894",67% bullish,of 3 ratings,$9
AMAG,$63.54,1439932211050,"214,954",100% bullish,of 2 ratings,$75
AIMC,$26.22,1439932211087,"55,462",100% bearish,of 1 rating,$28.50
AMRK,$10.59,1439932211188,"17,448",50% bullish,of 2 ratings,$14
AMRN,$2.24,1439932211215,"576,911",85% bullish,of 39 ratings,$8
AYA,$23.07,1439932211241,"18,977",100% bearish,of 1 rating,$40
AMZN,$535.02,1439932211415,"1,182,571",81% bullish,of 262 ratings,$646
AMBA,$105.1,1439932211551,"859,187",83% bullish,of 12 ratings,$102.50
AMBC,$16.94,1439932211586,"215,178",100% bearish,of 1 rating,$16.50
EPAX,$2.66,1439932211616,"515,108",100% bearish,of 1 rating,N/A
AMCX,$73.78,1439932211642,"585,953",67% bullish,of 3 ratings,$85.50
AMBCW,$8.25,1439932211698,"2,300",100% bearish,of 1 rating,N/A
DOX,$60.47,1439932211726,"324,015",100% bullish,of 2 ratings,$60
AMDA,$0.495,1439932211799,"735,563",90% bullish,of 10 ratings,$1
UHAL,$382.9,1439932211824,"16,046",100% bullish,of 2 ratings,$393.50
AMED,$45.51,1439932211953,"147,585",100% bearish,of 1 rating,$42
ATAX,$5.29,1439932212055,"82,036",100% bullish,of 1 rating,$6.50
AMOV,$18.84,1439932212080,"3,919",100% bearish,of 1 rating,N/A
ASBI,$22.8,1439932212149,"4,007",Not yet rated,NULL,N/A
AAL,$43.61,1439932212219,"3,835,776",93% bullish,of 87 ratings,$57
AGNC,$19.836,1439932212250,"1,897,172",75% bullish,of 28 ratings,$22
AGNCB,$24.19,1439932212350,"7,826",Not yet rated,NULL,N/A
AGNCP,$25.31,1439932212520,"11,446",Not yet rated,NULL,N/A
MTGE,$15.98,1439932212556,"230,066",75% bullish,of 4 ratings,$19.50
ACSF,$12.79,1439932212589,"28,999",100% bearish,of 1 rating,$15
MTGEP,$24.4,1439932212615,"2,305",Not yet rated,NULL,N/A
ACAS,$14.25,1439932212645,"602,747",60% bullish,of 5 ratings,$16.75
ANCI,$1.73,1439932212673,"1,318",100% bearish,of 1 rating,N/A
AETI,$3.76,1439932212841,5,67% bearish,of 3 ratings,N/A
ANAT,$104.2691,1439932212984,"9,621",100% bullish,of 1 rating,N/A
AMIC,NULL,1439932213068,0,Not yet rated,NULL,N/A
AMNB,$23.29,1439932213097,"9,143",Not yet rated,NULL,$25.50
ARII,$40.21,1439932213119,"101,854",67% bearish,of 3 ratings,$45
APEI,$22.17,1439932213171,"87,111",100% bearish,of 1 rating,$29
AMRB,$10.08,1439932213250,"1,304",Not yet rated,NULL,$11
AMSWA,$9.33,1439932213309,"16,835",100% bearish,of 2 ratings,$10.75
ASEI,$39.11,1439932213337,"51,221",100% bearish,of 1 rating,$52.50
CRMT,$44.98,1439932213579,"13,137",100% bearish,of 1 rating,$49
ABCB,$28.31,1439932213609,"66,286",Not yet rated,NULL,$30.50
AMWD,$65.5879,1439932213649,"64,678",50% bullish,of 2 ratings,$58
AMSF,$50.72,1439932213676,"40,943",Not yet rated,NULL,$57.50
ASRV,$3.3,1439932213701,"1,169",100% bullish,of 2 ratings,N/A
AMSC,$3.95,1439932213730,"39,687",50% bullish,of 4 ratings,N/A
ASRVP,NULL,1439932213875,0,Not yet rated,NULL,N/A
ATLO,$24.25,1439932214007,"3,880",Not yet rated,NULL,N/A
AMGN,$167.72,1439932214038,"1,619,636",89% bullish,of 19 ratings,$185
AMKR,$4.28,1439932214064,"651,594",100% bearish,of 2 ratings,$5
FOLD,$16.31,1439932214095,"703,621",56% bullish,of 9 ratings,$21
AMPH,$14.61,1439932214117,"132,158",50% bullish,of 2 ratings,$20
AMSG,$85.04,1439932214174,"189,109",100% bearish,of 1 rating,$85.50
AMSGP,$161.75,1439932214343,48,Not yet rated,NULL,N/A
ASYS,$5.69,1439932214375,"22,218",67% bullish,of 3 ratings,$12
AMRS,$1.64,1439932214402,"68,560",70% bullish,of 10 ratings,N/A
AFSI,$63.4773,1439932214474,"409,083",60% bullish,of 5 ratings,$72
ABCW,$40.31,1439932214797,"7,455",67% bullish,of 3 ratings,N/A
ANAD,$0.36,1439932214837,"603,753",100% bullish,of 2 ratings,$.50
ANCB,$22.48,1439932214863,100,Not yet rated,NULL,$23
ADI,$61.97,1439932214892,"2,330,761",67% bullish,of 3 ratings,$68
ANAC,$132.58,1439932214914,"312,953",80% bullish,of 5 ratings,$180.50
ALOG,$83.72,1439932214953,"54,975",100% bearish,of 2 ratings,$100.50
ANGI,$4.45,1439932214975,"715,549",64% bullish,of 11 ratings,$5.50
AMCF,$0.27,1439932214996,"23,581",100% bullish,of 7 ratings,N/A
ANIK,$36.08,1439932215301,"65,871",60% bullish,of 5 ratings,$51.25
ANGO,$14.86,1439932215327,"52,298",67% bullish,of 3 ratings,$19
ANIP,$55.34,1439932215359,"201,277",89% bullish,of 19 ratings,$66
ANSS,$97.06,1439932215386,"265,931",100% bearish,of 1 rating,$100
ANTH,$9.21,1439932215547,"420,826",80% bullish,of 10 ratings,$13
ATRS,$1.88,1439932215574,"308,879",92% bullish,of 12 ratings,$4.50
APIC,$7.74,1439932215651,"52,033",100% bearish,of 1 rating,$19
APOG,$54.08,1439932215709,"109,652",100% bullish,of 1 rating,$62
ABAC,$0.9099,1439932215739,"3,000",100% bearish,of 1 rating,N/A
ATNY,$2.36,1439932215843,"3,442",50% bullish,of 2 ratings,$3.75
AAPL,$116.66,1439932215875,"20,776,392",86% bullish,of 2333 ratings,$150
AINV,$6.65,1439932215910,"1,216,293",50% bullish,of 4 ratings,$8
APPF,$17.89,1439932215939,"49,495",50% bullish,of 2 ratings,$22
APOL,$11.62,1439932216010,"546,313",87% bearish,of 68 ratings,$14
ARCI,$1.26,1439932216070,"10,564",Not yet rated,NULL,N/A
APDN,$3.3,1439932216096,"90,544",Not yet rated,NULL,$9
AGTC,$15.8,1439932216388,"110,203",50% bullish,of 2 ratings,$33
APDNW,$1.2,1439932216446,"7,500",Not yet rated,NULL,N/A
AMAT,$16.59,1439932216492,"8,881,436",82% bullish,of 11 ratings,$23
AAOI,$21.83,1439932216525,"177,334",50% bullish,of 4 ratings,$26
APRI,$1.14,1439932216548,"98,974",83% bullish,of 6 ratings,$4.86
AMCC,$5.7,1439932216576,"691,398",80% bullish,of 5 ratings,$8
AREX,$2.76,1439932216606,"379,644",100% bearish,of 1 rating,$3
APTO,$5.05,1439932216632,"6,227",Not yet rated,NULL,$17
AQMS,$5.5,1439932216904,"14,083",Not yet rated,NULL,N/A
AQXP,$18.04,1439932216933,"625,911",50% bullish,of 2 ratings,$2
AUMA,$9.8799,1439932216957,600,Not yet rated,NULL,N/A
AUMAW,NULL,1439932217009,0,Not yet rated,NULL,N/A
AUMAU,$9.89,1439932217040,"1,124",Not yet rated,NULL,N/A
ARDM,$7.365,1439932217143,"1,200",100% bullish,of 1 rating,$26
PETX,$17.05,1439932217169,"140,527",100% bearish,of 2 ratings,$26
ABUS,$8.23,1439932217247,"286,254",86% bullish,of 14 ratings,$23
ARCW,$3.775,1439932217345,"3,528",100% bearish,of 2 ratings,$10.50
ABIO,$0.91,1439932217381,"96,046",50% bullish,of 2 ratings,$3.75
ARCB,$32.28,1439932217447,"94,465",50% bullish,of 2 ratings,$39.50
RKDA,$5.72,1439932217472,"33,345",100% bearish,of 2 ratings,$10
ACGL,$73.8752,1439932217499,"208,564",50% bullish,of 2 ratings,$72
ACAT,$29.54,1439932217715,"113,460",100% bearish,of 3 ratings,$33
ARNA,$3.2,1439932217743,"1,577,445",90% bullish,of 77 ratings,$5.50
ARDX,$19.36,1439932217884,"190,716",50% bullish,of 2 ratings,$22
AGII,$58.66,1439932217915,"71,567",Not yet rated,NULL,$58
ARGS,$4.55,1439932217946,"9,294",50% bullish,of 2 ratings,$19.50
AGIIL,$25.37,1439932218015,"13,743",Not yet rated,NULL,N/A
ARCC,$16,1439932218047,"547,412",67% bearish,of 3 ratings,$17.875
ARIS,$3.32,1439932218073,"6,466",Not yet rated,NULL,$4.50
ARIA,$7.33,1439932218099,"1,217,121",87% bullish,of 46 ratings,$9
ARKR,NULL,1439932218278,0,50% bullish,of 2 ratings,N/A
ARTX,$1.54,1439932218329,"76,707",88% bullish,of 16 ratings,$4.50
ARMH,$42.92,1439932218354,"1,952,067",54% bearish,of 13 ratings,$61
ARWA,NULL,1439932218417,0,Not yet rated,NULL,N/A
ARWAR,NULL,1439932218552,0,Not yet rated,NULL,N/A
ARWAU,NULL,1439932218583,0,100% bullish,of 1 rating,N/A
ARWAW,NULL,1439932218678,0,Not yet rated,NULL,N/A
ARRY,$5.67,1439932218714,"680,185",100% bullish,of 7 ratings,$10
ARRS,$27.54,1439932218808,"299,953",50% bullish,of 2 ratings,$38
ARQL,$1.7,1439932218836,"29,538",75% bullish,of 4 ratings,$5
DWAT,$10.5199,1439932218864,200,100% bearish,of 1 rating,N/A
AROW,$27.42,1439932218890,"10,657",Not yet rated,NULL,N/A
ARTNA,$22.37,1439932219076,"13,516",100% bearish,of 1 rating,$29
ARTW,$4.49,1439932219181,"2,800",75% bearish,of 4 ratings,N/A
ARWR,$5.75,1439932219238,"790,014",75% bullish,of 4 ratings,$10.50
ASBB,NULL,1439932219407,0,Not yet rated,NULL,N/A
ASNA,$12.35,1439932219434,"877,875",50% bullish,of 2 ratings,$18
ASND,$17.97,1439932219456,"23,324",100% bullish,of 1 rating,$30
ASCMA,$28.26,1439932219490,"87,936",100% bearish,of 1 rating,$45
APWC,$2.07,1439932219586,200,100% bearish,of 1 rating,N/A
ASTI,$0.1533,1439932219634,"1,326,263",83% bullish,of 6 ratings,$3
ASML,$93.2829,1439932219766,"686,422",67% bullish,of 3 ratings,$127
ASMI,$38.69,1439932219795,790,50% bullish,of 2 ratings,N/A
AZPN,$39.21,1439932219824,"631,348",50% bullish,of 2 ratings,$42
ASMB,$13.65,1439932219860,"47,014",67% bullish,of 3 ratings,N/A
ASTE,$37.92,1439932219958,"30,473",100% bearish,of 1 rating,$48
ASFI,$9.03,1439932219985,"3,275",100% bullish,of 1 rating,N/A
ALOT,$13.89,1439932220126,103,100% bearish,of 1 rating,N/A
ASUR,$5.88,1439932220258,"1,030",Not yet rated,NULL,$8
ATRO,$57.38,1439932220284,"82,450",100% bearish,of 2 ratings,$80
ASTC,$2.4,1439932220341,"13,690",100% bullish,of 5 ratings,N/A
ATAI,$3.03,1439932220413,"2,360",100% bearish,of 1 rating,N/A
ATHX,$1.2,1439932220493,"109,905",89% bullish,of 9 ratings,$5
ATHN,$139.04,1439932220524,"152,935",67% bearish,of 3 ratings,$153
ATRA,$49.52,1439932220546,"115,225",50% bullish,of 2 ratings,$68
AFCB,NULL,1439932220582,0,Not yet rated,NULL,N/A
AAPC,$10.18,1439932220683,28,Not yet rated,NULL,N/A
AAME,$3.53,1439932220748,"3,000",Not yet rated,NULL,N/A
ATNI,$74.52,1439932220887,"36,775",100% bearish,of 1 rating,$69.50
ATLC,$3.95,1439932220913,"6,082",67% bullish,of 3 ratings,N/A
ACFC,$6.54,1439932220940,"48,096",Not yet rated,NULL,$6.50
AAWW,$45.2,1439932220996,"160,404",50% bullish,of 2 ratings,$65
AFH,$17.1,1439932221124,"36,319",Not yet rated,NULL,$21.50
ATRC,$27.44,1439932221176,"63,689",100% bullish,of 1 rating,$30
ATRM,$2.8501,1439932221312,600,50% bullish,of 2 ratings,N/A
ATML,$7.75,1439932221342,"4,974,225",78% bullish,of 9 ratings,$9.50
ATOS,$0.948,1439932221363,"254,076",100% bullish,of 7 ratings,$7
ATRI,$399.88,1439932221403,"2,111",Not yet rated,NULL,N/A
ATTU,$15.38,1439932221497,"56,739",100% bearish,of 1 rating,$20.50
LIFE,$15.11,1439932221529,"33,914",86% bullish,of 7 ratings,$43
AUBN,$27,1439932221632,250,Not yet rated,NULL,N/A
AUDC,$3.34,1439932221658,"54,169",80% bullish,of 5 ratings,$5
EARS,$5.02,1439932221789,"6,040",100% bearish,of 2 ratings,$12
AUPH,$3.5,1439932221854,"17,024",100% bearish,of 1 rating,$8
ADSK,$54.59,1439932221937,"722,613",83% bullish,of 6 ratings,$69.50
ABTL,$19,1439932222008,"46,887",100% bullish,of 4 ratings,$20.25
ADP,$84.69,1439932222106,"1,790,517",100% bearish,of 1 rating,$88
ADAT,$0.1201,1439932222135,"35,392",100% bullish,of 2 ratings,N/A
AVGO,$122.24,1439932222177,"1,179,050",88% bullish,of 8 ratings,$160
AVEO,$1.56,1439932222204,"2,521,137",75% bullish,of 8 ratings,$3
AVNU,$13,1439932222285,"227,766",Not yet rated,NULL,$14
AAVL,$11.05,1439932222336,"429,820",100% bearish,of 1 rating,$20
AVNW,$1.14,1439932222418,"14,863",50% bullish,of 2 ratings,$2.20
AVID,$8.61,1439932222469,"303,064",100% bearish,of 1 rating,$20
AVGR,$15.5,1439932222575,"16,630",100% bearish,of 1 rating,$20
AWRE,$3.32,1439932222706,"7,944",67% bullish,of 3 ratings,N/A
CAR,$46.51,1439932222739,"1,344,272",80% bullish,of 5 ratings,$60
AXGN,$3.92,1439932222841,"15,325",Not yet rated,NULL,$5
AXPWW,NULL,1439932222888,0,Not yet rated,NULL,N/A
ACLS,$3.18,1439932222914,"361,051",67% bullish,of 6 ratings,$4.75
AXPW,$1.19,1439932222943,"141,212",83% bullish,of 6 ratings,N/A
AXTI,$2.21,1439932222970,"46,442",50% bullish,of 2 ratings,$2.75
BCOM,$20,1439932223102,157,100% bearish,of 1 rating,N/A
RILY,$10,1439932223131,"3,498",Not yet rated,NULL,N/A
BIDU,$166.11,1439932223270,"2,367,012",81% bullish,of 88 ratings,$215
BOSC,$2.32,1439932223299,"2,180",50% bullish,of 2 ratings,N/A
BCPC,$60.7,1439932223320,"102,340",100% bearish,of 1 rating,$75
BEAV,$51.15,1439932223352,"391,473",67% bearish,of 3 ratings,$59
BWINA,$23.35,1439932223491,"1,421",Not yet rated,NULL,N/A
BWINB,$23.17,1439932223557,"3,218",Not yet rated,NULL,N/A
BANF,$63.48,1439932223685,"14,813",Not yet rated,NULL,$68
BKMU,$7.25,1439932223711,"44,494",Not yet rated,NULL,$8
BANFP,NULL,1439932223738,0,Not yet rated,NULL,N/A
BLDP,$1.34,1439932223790,"97,195",91% bullish,of 22 ratings,$2.50
BOCH,$5.83,1439932223920,"20,054",Not yet rated,NULL,$6.50
BMRC,$48.71,1439932223970,"6,645",Not yet rated,NULL,$52
BKSC,$16,1439932224102,"2,881",Not yet rated,NULL,N/A
BOTJ,$11.49,1439932224154,"1,315",Not yet rated,NULL,N/A
BFIN,$12.12,1439932224197,"17,211",Not yet rated,NULL,$13
OZRK,$43.41,1439932224252,"229,640",67% bullish,of 3 ratings,$49.50
BWFG,NULL,1439932224283,0,100% bearish,of 1 rating,N/A
BANR,$47.38,1439932224330,"32,486",100% bullish,of 3 ratings,$50
BZUN,$7.87,1439932224461,"160,967",50% bullish,of 2 ratings,$13.85
TAPR,$31.97,1439932224593,"3,387",100% bearish,of 1 rating,N/A
BHAC,NULL,1439932224679,0,Not yet rated,NULL,N/A
BHACW,$0.1208,1439932224709,800,Not yet rated,NULL,N/A
BHACU,$10.15,1439932224735,"3,591",Not yet rated,NULL,N/A
BBSI,$37.23,1439932224788,"48,622",67% bearish,of 3 ratings,$62.50
BHACR,NULL,1439932224813,0,Not yet rated,NULL,N/A
BSET,$31.23,1439932224950,"45,850",100% bearish,of 1 rating,$35
BYBK,$5,1439932225053,"33,405",100% bearish,of 1 rating,N/A
BYLK,$12.92,1439932225079,"42,964",Not yet rated,NULL,$14
BV,$5.3,1439932225113,"271,500",67% bullish,of 6 ratings,$9
BBCN,$15.64,1439932225158,"191,900",100% bearish,of 1 rating,$16
BDCV,$5,1439932225217,"23,780",100% bearish,of 1 rating,$10.19
BCBP,$11.74,1439932225243,"2,576",Not yet rated,NULL,N/A
BECN,$35.9143,1439932225392,"153,100",50% bullish,of 2 ratings,$40
BBGI,$5,1439932225493,2,100% bearish,of 1 rating,N/A
BSF,$9.26,1439932225551,"12,366",Not yet rated,NULL,N/A
BEBE,$1.8,1439932225583,"49,111",75% bullish,of 4 ratings,$3.075
BELFA,$17.36,1439932225716,795,100% bearish,of 1 rating,N/A
BBBY,$63.51,1439932225744,"909,689",71% bullish,of 7 ratings,$75
BELFB,$20.04,1439932225765,"8,553",100% bearish,of 1 rating,N/A
BLPH,$4.88,1439932225895,"92,819",100% bearish,of 1 rating,$12.50
BNTC,$7.97,1439932225947,"429,067",100% bullish,of 1 rating,N/A
BLCM,$18.63,1439932225976,"170,273",50% bullish,of 4 ratings,$40
BNCL,$13.05,1439932225998,"214,340",100% bullish,of 3 ratings,$12.50
BNFT,$39.65,1439932226033,"63,286",67% bullish,of 3 ratings,$46
BGMD,$0.88,1439932226130,"183,159",100% bullish,of 10 ratings,N/A
BIND,$4.48,1439932226322,"24,828",67% bullish,of 3 ratings,$13.50
BGFV,$11.18,1439932226350,"50,003",57% bullish,of 7 ratings,$12
BASI,$1.54,1439932226425,"21,301",Not yet rated,NULL,N/A
BGCP,$9.65,1439932226450,"877,306",88% bullish,of 8 ratings,$14
ORPN,$5.7,1439932226611,"17,780",100% bullish,of 1 rating,$28.50
BIOC,$1.98,1439932226637,"215,291",83% bullish,of 6 ratings,$3.70
BCDA,NULL,1439932226667,0,Not yet rated,NULL,N/A
BDSI,$6.79,1439932226718,"585,765",88% bullish,of 8 ratings,$17
BCRX,$11.87,1439932226778,"421,892",63% bullish,of 8 ratings,$18
BIOD,$0.7,1439932226821,"176,807",80% bullish,of 5 ratings,$4
BIIB,$312,1439932226849,"667,944",88% bullish,of 16 ratings,$400
BIOL,$1.61,1439932226881,"33,890",Not yet rated,NULL,N/A
BLFS,$2.15,1439932227008,"69,292",100% bearish,of 1 rating,$4.75
BLRX,$1.58,1439932227035,"116,850",100% bullish,of 12 ratings,$5
BMRN,$137.23,1439932227110,"329,548",80% bullish,of 5 ratings,$160
BVXV,$4.1,1439932227278,"3,723",Not yet rated,NULL,N/A
BVXVW,NULL,1439932227344,0,100% bearish,of 1 rating,N/A
BPTH,$1.13,1439932227411,"34,084",100% bullish,of 2 ratings,$5
BIOS,$1.54,1439932227446,"821,949",71% bullish,of 7 ratings,$4
BBC,$32.59,1439932227480,"38,710",Not yet rated,NULL,N/A
BRLI,$34.95,1439932227510,"208,996",83% bullish,of 6 ratings,N/A
BBP,$34.49,1439932227579,"25,913",Not yet rated,NULL,N/A
BSTC,$53.05,1439932227611,"79,469",100% bearish,of 1 rating,$76
BSPM,$0.7,1439932227712,"16,193",50% bullish,of 2 ratings,N/A
BOTA,$2.31,1439932227767,"38,911",88% bullish,of 8 ratings,N/A
BEAT,$12.22,1439932227910,"162,350",67% bearish,of 3 ratings,$15
TECH,$105.8027,1439932227951,"129,957",100% bullish,of 1 rating,$117
BITI,$19.15,1439932228001,"7,014",100% bullish,of 1 rating,$28
BDMS,NULL,1439932228165,0,100% bearish,of 1 rating,N/A
BBOX,$15.54,1439932228263,"43,362",100% bearish,of 1 rating,N/A
BJRI,$46.39,1439932228292,"165,818",50% bullish,of 2 ratings,$55
BBRY,$7.56,1439932228329,"1,845,305",61% bullish,of 330 ratings,$9
BDE,$7.5,1439932228350,"160,592",50% bullish,of 2 ratings,$9
HAWK,$44.88,1439932228385,"329,648",90% bullish,of 10 ratings,$49
BLKB,$62.58,1439932228435,"86,438",100% bearish,of 2 ratings,$66
BKCC,$9.49,1439932228483,"138,852",100% bullish,of 2 ratings,$10
ADRA,$28.66,1439932228725,700,Not yet rated,NULL,N/A
ADRU,NULL,1439932228825,0,100% bearish,of 1 rating,N/A
ADRD,$23.3701,1439932228851,"1,317",100% bearish,of 1 rating,N/A
BLMN,$21.73,1439932228878,"677,474",83% bullish,of 6 ratings,$27.50
ADRE,$31.38,1439932228900,"4,618",Not yet rated,NULL,N/A
BCOR,$13.73,1439932229039,"195,338",57% bullish,of 7 ratings,$15
BUFF,$27.22,1439932229066,"374,402",83% bullish,of 12 ratings,$33
BLBD,$12.96,1439932229141,"9,048",Not yet rated,NULL,N/A
BBLU,$0.825,1439932229207,"198,979",100% bullish,of 2 ratings,$4.43
BHBK,$14.37,1439932229238,"53,161",100% bullish,of 1 rating,$14.50
BKEP,$6.99,1439932229261,"16,738",100% bearish,of 1 rating,$8.50
BKEPP,$7.88,1439932229297,"6,127",100% bearish,of 1 rating,N/A
NILE,$34.91,1439932229406,"53,212",50% bullish,of 2 ratings,$34
BLUE,$129.61,1439932229474,"304,415",86% bullish,of 7 ratings,$217.50
BPMC,$28.62,1439932229511,"106,784",50% bullish,of 2 ratings,$47.50
BOBE,$45.92,1439932229667,"77,172",75% bullish,of 4 ratings,$57
BNCN,$22,1439932229713,"53,168",Not yet rated,NULL,$23
BOFI,$131.04,1439932229843,"81,178",100% bullish,of 6 ratings,$137.50
WIFI,$8.76,1439932229894,"298,086",50% bullish,of 2 ratings,$13.50
BOJA,$22.15,1439932229930,"131,834",100% bullish,of 1 rating,$30
BNSO,$1.35,1439932229976,"8,900",100% bearish,of 1 rating,N/A
BONA,$12.15,1439932230005,"228,376",75% bullish,of 4 ratings,$8.50
BOKF,$65.9568,1439932230036,"87,343",100% bearish,of 1 rating,$71
BPFH,$12.54,1439932230080,"179,589",100% bearish,of 1 rating,$14
BAMM,$3.2,1439932230170,"20,088",60% bullish,of 5 ratings,N/A
EPAY,$26.62,1439932230362,"86,772",100% bearish,of 2 ratings,$30
BPFHP,$25.31,1439932230391,"2,050",100% bearish,of 1 rating,N/A
BPFHW,NULL,1439932230412,0,100% bearish,of 1 rating,N/A
BCLI,$3.14,1439932230541,"221,585",80% bullish,of 5 ratings,$12
BDBD,$8.8,1439932230597,"489,273",60% bullish,of 5 ratings,$10
BBEP,$2.54,1439932230623,"1,746,695",69% bullish,of 13 ratings,$5.625
BBEPP,$13.89,1439932230698,"25,583",100% bearish,of 1 rating,N/A
BBRG,$13.22,1439932230726,"42,498",67% bullish,of 3 ratings,$14.50
BLIN,$1.35,1439932230765,"8,040",50% bullish,of 2 ratings,$2.80
BDGE,$27.93,1439932230857,"15,318",Not yet rated,NULL,$31.75
BCOV,$5.52,1439932230913,"57,424",67% bullish,of 3 ratings,$10.20
BRID,$8.84,1439932231045,"7,776",100% bearish,of 1 rating,N/A
BRCM,$51.12,1439932231178,"1,316,189",75% bullish,of 12 ratings,$56
BSFT,$33.83,1439932231204,"96,212",57% bullish,of 7 ratings,$40.50
BVSN,$5.98,1439932231235,"5,679",60% bearish,of 5 ratings,N/A
BYFC,$1.45,1439932231333,320,50% bullish,of 2 ratings,N/A
BWEN,$3.53,1439932231420,"29,061",100% bullish,of 3 ratings,$8
BRCD,$10,1439932231509,"1,780,505",92% bullish,of 13 ratings,$12.50
BRKL,$10.9,1439932231555,"240,900",100% bearish,of 1 rating,$10.75
BRKR,$20.1224,1439932231585,"249,992",100% bearish,of 2 ratings,$22
BRKS,$10.54,1439932231617,"148,165",67% bullish,of 3 ratings,$15.25
BMTC,$30.03,1439932231643,"41,101",Not yet rated,NULL,$34
BLMT,$21.18,1439932231682,"6,321",Not yet rated,NULL,N/A
BSQR,$6.86,1439932231808,"113,595",67% bullish,of 3 ratings,N/A
BWLD,$196.02,1439932231911,"149,234",82% bullish,of 11 ratings,$205
BLDR,$14.9318,1439932231982,"938,128",50% bullish,of 2 ratings,$22
BUR,$2,1439932232114,"2,700",100% bearish,of 1 rating,$8
CZR,$7.3,1439932232428,"809,010",60% bearish,of 5 ratings,$10.50
CDZI,$7.52,1439932232494,"18,445",100% bearish,of 1 rating,N/A
CCMP,$44.79,1439932232525,"74,228",50% bullish,of 2 ratings,$59
CFFI,NULL,1439932232546,0,100% bearish,of 1 rating,N/A
CHRW,$69.75,1439932232568,"730,775",Not yet rated,NULL,$72
CDNS,$21.62,1439932232603,"1,217,388",75% bullish,of 4 ratings,$22.50
CA,$29.53,1439932232624,"1,177,720",50% bullish,of 4 ratings,$33
CACQ,$7.08,1439932232756,"24,686",100% bearish,of 1 rating,$12.25
CSTE,$48.04,1439932233020,"688,642",100% bearish,of 1 rating,$65
CLMS,$11.84,1439932233078,"36,813",Not yet rated,NULL,$10.50
PRSS,$4.67,1439932233157,"4,756",80% bullish,of 5 ratings,$4.50
CLBS,$1.4,1439932233187,"51,349",79% bullish,of 14 ratings,$4
CHY,$11.97,1439932233215,"198,193",Not yet rated,NULL,N/A
CHI,$11.09,1439932233291,"201,041",100% bearish,of 1 rating,N/A
CFGE,$11.15,1439932233349,12,Not yet rated,NULL,N/A
CHW,$8.07,1439932233377,"134,272",100% bearish,of 1 rating,N/A
CSQ,$10.57,1439932233508,"314,742",Not yet rated,NULL,N/A
CCD,$21.29,1439932233540,"89,283",Not yet rated,NULL,N/A
CAMP,$16.37,1439932233569,"166,275",86% bullish,of 7 ratings,$25
CGO,$12.66,1439932233592,"13,648",100% bearish,of 1 rating,N/A
CVGW,$54.3,1439932233629,"30,261",50% bullish,of 2 ratings,$58.50
CFNB,NULL,1439932233726,0,100% bearish,of 1 rating,N/A
CALA,$5.58,1439932233873,"274,532",100% bullish,of 3 ratings,$19.50
CALD,$16.17,1439932233910,"126,315",100% bearish,of 1 rating,$20.50
CALM,$51.7,1439932234007,"286,229",80% bullish,of 5 ratings,$65
CLMT,$26.62,1439932234109,"100,487",75% bullish,of 8 ratings,$31
ABCD,$4.65,1439932234142,"44,053",83% bullish,of 6 ratings,N/A
CAMB,NULL,1439932234167,0,Not yet rated,NULL,N/A
CAC,$40.04,1439932234214,"4,304",Not yet rated,NULL,N/A
CAMBW,NULL,1439932234243,0,Not yet rated,NULL,N/A
CAMBU,NULL,1439932234312,0,100% bearish,of 1 rating,N/A
CSIQ,$22.87,1439932234343,"1,733,396",86% bullish,of 28 ratings,$45
CGIX,$10.6,1439932234517,"16,555",67% bullish,of 3 ratings,$14.375
CAMT,$2.91,1439932234545,"14,274",73% bullish,of 11 ratings,$4
CPHC,$10.61,1439932234566,729,100% bearish,of 1 rating,N/A
CPLA,$49.27,1439932234700,"49,501",50% bullish,of 2 ratings,$65
CBNJ,$10.96,1439932234726,"14,733",100% bullish,of 1 rating,N/A
CBF,$30.58,1439932234777,"32,864",Not yet rated,NULL,$32
CSWC,$49.17,1439932234911,"4,954",Not yet rated,NULL,N/A
CCBG,$15.01,1439932234945,"4,412",Not yet rated,NULL,$17.25
CPLP,$7.1,1439932234975,"217,801",71% bullish,of 7 ratings,$11
CFFN,$12.18,1439932235043,"369,685",Not yet rated,NULL,$12.75
CAPN,$2.63,1439932235073,"656,097",100% bullish,of 1 rating,$10.85
CPTA,$14.88,1439932235101,"74,746",Not yet rated,NULL,$18.50
CAPNW,$0.7699,1439932235129,100,Not yet rated,NULL,N/A
CAPR,$4.28,1439932235159,"29,087",Not yet rated,NULL,$12
CARA,$21.49,1439932235366,"130,769",50% bullish,of 4 ratings,$27.50
CPST,$0.403,1439932235392,"529,841",95% bullish,of 22 ratings,$1
CRDC,$0.38,1439932235538,"103,481",100% bullish,of 1 rating,$1.25
CARB,$11.51,1439932235568,"91,043",75% bullish,of 4 ratings,$12
CBYL,$6.53,1439932235601,"18,258",100% bearish,of 1 rating,$20
CRME,$9.78,1439932235667,"9,129",89% bullish,of 9 ratings,$11.25
CFNL,$23.53,1439932235703,"109,024",Not yet rated,NULL,$24
CSII,$24.15,1439932235802,"193,761",100% bearish,of 2 ratings,$42.125
CATM,$35.25,1439932235832,"238,997",100% bearish,of 1 rating,$44
CDNA,$6.35,1439932235912,"4,036",100% bearish,of 1 rating,$9
CTRE,$11.7477,1439932235969,"492,927",50% bullish,of 2 ratings,N/A
CECO,$3.75,1439932235998,"238,656",67% bearish,of 3 ratings,$6
CKEC,$23.4,1439932236019,"99,302",50% bullish,of 2 ratings,$35.915
CLBH,NULL,1439932236081,0,Not yet rated,NULL,$16.50
CARO,$15.45,1439932236214,"1,955",100% bearish,of 1 rating,$19
CART,$5.49,1439932236245,500,100% bearish,of 1 rating,N/A
CRZO,$35.27,1439932236349,"526,359",67% bearish,of 3 ratings,$57
CRTN,$2.76,1439932236482,"2,059",100% bearish,of 1 rating,N/A
TAST,$12.89,1439932236510,"125,230",Not yet rated,NULL,$14.25
CSCD,$14.01,1439932236672,"92,520",100% bullish,of 2 ratings,$17
CACB,$5.51,1439932236702,"33,474",Not yet rated,NULL,$5.50
CASM,$1.11,1439932236730,"29,170",100% bullish,of 1 rating,$3.50
CARV,$5.99,1439932236751,100,50% bullish,of 2 ratings,N/A
CASY,$107.62,1439932236787,"338,335",50% bullish,of 2 ratings,$99.50
CWST,$6.4,1439932236885,"119,664",50% bullish,of 2 ratings,$7
CASI,$1.44,1439932236951,"2,400",100% bullish,of 1 rating,$3.50
CPRX,$4.07,1439932237080,"287,428",71% bullish,of 7 ratings,$7
CASS,$50.78,1439932237153,"10,862",100% bearish,of 1 rating,N/A
CATB,$11.89,1439932237183,"30,545",100% bearish,of 1 rating,$28
CATY,$32.02,1439932237234,"272,244",100% bearish,of 1 rating,$33.50
CATYW,NULL,1439932237340,0,100% bearish,of 1 rating,N/A
CBFV,NULL,1439932237432,0,Not yet rated,NULL,N/A
CVCO,$74.4389,1439932237475,"22,131",100% bearish,of 1 rating,N/A
CNLM,NULL,1439932237512,0,Not yet rated,NULL,N/A
CAVM,$72.46,1439932237572,"469,743",67% bearish,of 3 ratings,$72
CNLMU,NULL,1439932237646,0,100% bullish,of 1 rating,N/A
CNLMR,NULL,1439932237705,0,Not yet rated,NULL,N/A
CNLMW,NULL,1439932237778,0,Not yet rated,NULL,N/A
CDK,$49.89,1439932237867,"429,901",67% bearish,of 3 ratings,$50
CBOE,$64.1872,1439932237920,"234,406",Not yet rated,NULL,$60
CECE,$10.27,1439932238008,"43,277",50% bullish,of 2 ratings,$16
CDW,$39.45,1439932238054,"512,115",75% bullish,of 4 ratings,$44
CPXX,$2.2,1439932238205,"104,493",100% bullish,of 2 ratings,$7
CELGZ,$1.98,1439932238241,"15,391",80% bullish,of 5 ratings,N/A
CLDN,$1.08,1439932238277,"117,910",71% bullish,of 7 ratings,$3
CELG,$130.2,1439932238298,"1,811,283",92% bullish,of 13 ratings,$155.50
CLDX,$15.71,1439932238334,"1,013,181",89% bullish,of 9 ratings,$36
CLRB,$3.14,1439932238373,"7,596",100% bearish,of 1 rating,N/A
CLLS,$32.77,1439932238398,"50,143",75% bullish,of 4 ratings,$51.50
CLTX,$1.02,1439932238870,"2,210,395",100% bullish,of 2 ratings,N/A
CLSN,$2.19,1439932238908,"50,653",80% bullish,of 10 ratings,$7.50
CBMG,$22.46,1439932238930,"69,065",50% bullish,of 2 ratings,N/A
CETX,$2.5,1439932239002,"11,700",Not yet rated,NULL,$5.60
CLRBW,NULL,1439932239029,0,Not yet rated,NULL,N/A
CYAD,$57.26,1439932239051,119,100% bullish,of 1 rating,$87.50
CEMP,$36.78,1439932239080,"307,899",71% bullish,of 7 ratings,$48.50
CSFL,$14.25,1439932239211,"60,828",Not yet rated,NULL,$15
CETV,$2.2,1439932239240,"43,208",67% bullish,of 3 ratings,$2.80
CFBK,NULL,1439932239309,0,Not yet rated,NULL,N/A
CENTA,$12.58,1439932239337,"108,605",Not yet rated,NULL,N/A
CENT,$11.98,1439932239379,"52,445",Not yet rated,NULL,$10
CENX,$5.32,1439932239469,"3,150,721",67% bullish,of 6 ratings,$9
CVCY,$11.14,1439932239497,277,Not yet rated,NULL,$12
CNBKA,$41.38,1439932239523,"2,189",100% bullish,of 1 rating,N/A
CNTY,$6.36,1439932239711,"17,541",80% bullish,of 5 ratings,$7.75
CRNT,$1.5,1439932239854,"253,915",50% bullish,of 2 ratings,$2
CERN,$65.6,1439932239929,"1,545,594",67% bullish,of 3 ratings,$79
CERE,$1.52,1439932239993,"315,593",88% bullish,of 8 ratings,N/A
CPHD,$51.35,1439932240018,"397,691",50% bullish,of 2 ratings,$66.50
CEVA,$19.52,1439932240058,"86,325",100% bearish,of 1 rating,$25
KOOL,$0.7,1439932240084,"5,638",100% bullish,of 5 ratings,$7
CERU,$3.53,1439932240157,"27,390",75% bullish,of 4 ratings,$15
CERS,$5.09,1439932240184,"587,168",75% bullish,of 4 ratings,$7
CYOU,$20.14,1439932240230,"131,216",50% bullish,of 6 ratings,$24
HOTR,$1.48,1439932240405,"102,314",100% bullish,of 2 ratings,$5
CHTR,$188.81,1439932240583,"718,875",100% bearish,of 2 ratings,$196
GTLS,$24.54,1439932240610,"197,939",50% bullish,of 4 ratings,$40
CTHR,$1.21,1439932240631,"1,202",50% bullish,of 2 ratings,$2.50
CHFN,$12.48,1439932240664,"14,939",Not yet rated,NULL,$14
HOTRW,NULL,1439932240685,0,Not yet rated,NULL,N/A
CHKP,$82.54,1439932240831,"778,012",50% bullish,of 4 ratings,$92
CHEK,$3.11,1439932240860,"1,902",Not yet rated,NULL,$7.75
CHEKW,NULL,1439932240936,0,Not yet rated,NULL,N/A
CHFC,$32.73,1439932241030,"26,352",100% bearish,of 1 rating,$36
CCXI,$7.03,1439932241063,"89,584",67% bullish,of 3 ratings,$14
CEMI,$4.6,1439932241095,"8,704",50% bullish,of 2 ratings,$7.50
CHMG,$26.6,1439932241162,"5,140",Not yet rated,NULL,$30
CHKE,$27.3,1439932241190,"23,814",100% bearish,of 1 rating,$32.50
CHEV,$14.7,1439932241226,"8,759",Not yet rated,NULL,N/A
CHMA,$26.63,1439932241405,"98,506",Not yet rated,NULL,$40
CBNK,NULL,1439932241485,0,100% bearish,of 1 rating,N/A
PLCE,$61.18,1439932241537,"197,159",100% bearish,of 1 rating,$71
CADC,$3.4,1439932241583,"2,273",78% bullish,of 9 ratings,N/A
CALI,$0.99,1439932241611,"262,555",67% bullish,of 3 ratings,N/A
CMRX,$52.51,1439932241638,"238,595",50% bullish,of 2 ratings,$57
CAAS,$6.8,1439932241773,"12,921",93% bullish,of 14 ratings,$11.50
CBPO,$110.18,1439932241833,"138,859",75% bullish,of 8 ratings,$140.50
CBAK,$2.27,1439932241906,"12,404",67% bullish,of 9 ratings,N/A
CHOP,$1.28,1439932242037,"7,748",50% bullish,of 2 ratings,N/A
JRJC,$4.41,1439932242068,"93,993",82% bullish,of 11 ratings,N/A
CCCL,$0.96,1439932242097,"46,807",100% bullish,of 6 ratings,N/A
CCCR,$0.69,1439932242118,"22,729",67% bearish,of 3 ratings,N/A
HGSH,$1.98,1439932242171,"3,100",67% bullish,of 3 ratings,N/A
CNIT,$1.73,1439932242338,"94,735",67% bullish,of 6 ratings,N/A
CHLN,$1.61,1439932242365,"5,645",67% bullish,of 3 ratings,N/A
CJJD,$2.05,1439932242495,"169,493",100% bullish,of 1 rating,N/A
HTHT,$26.22,1439932242526,"228,871",50% bullish,of 2 ratings,$28
CHNR,$2.05,1439932242628,"2,766",100% bearish,of 1 rating,N/A
CREG,$0.8,1439932242699,"10,301",100% bullish,of 3 ratings,N/A
CPGI,$6.77,1439932242725,"5,087",Not yet rated,NULL,N/A
CNYD,$3.16,1439932242901,"1,200",67% bullish,of 3 ratings,N/A
CNTF,$0.9301,1439932242927,"51,336",Not yet rated,NULL,N/A
CCIH,$9.82,1439932242998,"66,490",67% bullish,of 6 ratings,$12.65
CSUN,$1.53,1439932243127,681,80% bullish,of 5 ratings,N/A
CXDC,$6.22,1439932243160,"25,260",67% bullish,of 3 ratings,N/A
CNET,$0.7901,1439932243182,"39,851",50% bullish,of 2 ratings,N/A
IMOS,$15.77,1439932243214,"115,720",60% bullish,of 5 ratings,$21.50
CHSCL,$27.1,1439932243262,"28,882",Not yet rated,NULL,N/A
CHSCM,$26.25,1439932243420,"37,580",Not yet rated,NULL,N/A
CHSCN,$27.44,1439932243447,"11,971",Not yet rated,NULL,N/A
CHSCO,$28.45,1439932243584,"7,853",Not yet rated,NULL,N/A
CHSCP,$30.53,1439932243612,"1,640",Not yet rated,NULL,N/A
CHDN,$138.56,1439932243640,"57,234",Not yet rated,NULL,$165
CHUY,$32.54,1439932243675,"110,562",50% bullish,of 2 ratings,$34
CDTX,$14.28,1439932243771,"25,711",Not yet rated,NULL,$22
CIFC,$7.27,1439932243799,"2,884",Not yet rated,NULL,N/A
CMCT,$15.175,1439932243961,"1,587",100% bearish,of 1 rating,N/A
CMPR,$70.87,1439932244007,"203,824",50% bullish,of 2 ratings,$72.50
CINF,$56.89,1439932244067,"285,787",50% bullish,of 4 ratings,$50.50
CIDM,$0.6798,1439932244117,"141,264",50% bullish,of 2 ratings,$2.10
CTAS,$88.86,1439932244144,"344,945",100% bearish,of 1 rating,$91
CPHR,$7,1439932244174,"4,336",100% bearish,of 1 rating,$16
CSCO,$28.25,1439932244277,"23,368,974",84% bullish,of 208 ratings,$32
CRUS,$29.14,1439932244367,"732,408",75% bullish,of 12 ratings,$44.50
CZNC,$20.03,1439932244427,"11,555",Not yet rated,NULL,N/A
CZFC,NULL,1439932244556,0,Not yet rated,NULL,N/A
CZWI,$9.1,1439932244584,"1,200",Not yet rated,NULL,N/A
CTRN,$22.74,1439932244616,"122,096",100% bearish,of 1 rating,$29.50
CIZN,$19.5001,1439932244643,201,Not yet rated,NULL,N/A
CTXS,$78.09,1439932244713,"860,845",86% bullish,of 7 ratings,$80
CHCO,$48.25,1439932244931,"21,828",Not yet rated,NULL,$46
CDTI,$1.77,1439932244956,"93,314",75% bullish,of 4 ratings,$3.20
CIVBP,NULL,1439932244990,0,Not yet rated,NULL,N/A
CIVB,$10.32,1439932245025,"1,450",Not yet rated,NULL,$11
CLNT,$2.01,1439932245095,"1,299",75% bullish,of 8 ratings,N/A
CLRO,$11.78,1439932245123,"7,460",50% bullish,of 2 ratings,$14.25
CLFD,$18.16,1439932245150,"19,038",67% bullish,of 3 ratings,$18
CLNE,$4.57,1439932245178,"850,445",80% bullish,of 15 ratings,$9
CLIR,$5.33,1439932245391,"40,661",100% bullish,of 3 ratings,N/A
CBLI,$3.72,1439932245420,"16,259",60% bullish,of 5 ratings,N/A
CSBK,$13.97,1439932245526,"38,369",Not yet rated,NULL,N/A
CME,$98.29,1439932245590,"627,355",67% bullish,of 3 ratings,$102
CMFN,$11.67,1439932245615,"18,158",100% bearish,of 1 rating,$15.50
CLVS,$79.56,1439932245656,"219,022",60% bullish,of 5 ratings,$101.50
CCNE,$17.36,1439932245682,"10,045",50% bullish,of 2 ratings,$21.50
CISG,$8.39,1439932245820,"82,877",100% bullish,of 5 ratings,$10
CNV,$4.79,1439932245850,"13,501",50% bullish,of 2 ratings,$7.15
CWAY,$11.51,1439932245926,200,Not yet rated,NULL,N/A
COKE,$164.7,1439932245985,"22,020",79% bullish,of 19 ratings,N/A
CDRB,$12.98,1439932246062,"15,939",67% bullish,of 3 ratings,N/A
COBZ,$13.13,1439932246118,"34,452",100% bullish,of 1 rating,$14
CDXS,$4.04,1439932246165,"78,243",64% bullish,of 11 ratings,$6
CVLY,$20.83,1439932246217,272,Not yet rated,NULL,N/A
JVA,$4.72,1439932246315,"11,260",83% bullish,of 6 ratings,$7
CCOI,$29.18,1439932246444,"427,399",50% bullish,of 4 ratings,$35
CGNT,$1.59,1439932246488,"37,640",100% bullish,of 2 ratings,$2
CTSH,$67.84,1439932246590,"1,322,196",90% bullish,of 10 ratings,$74.50
CGNX,$37.1,1439932246683,"457,035",50% bullish,of 2 ratings,$47
COHR,$58.02,1439932246717,"62,184",50% bullish,of 2 ratings,$72
CHRS,$31.99,1439932246744,"56,780",67% bearish,of 3 ratings,$37
COHU,$9.31,1439932246814,"77,219",100% bearish,of 1 rating,$14.25
CLRX,$0.495,1439932246874,"14,752",50% bullish,of 2 ratings,$1.85
CIGI,$47.19,1439932246971,"3,094",100% bearish,of 1 rating,$52
CLCT,$19.76,1439932247002,"17,671",100% bearish,of 1 rating,N/A
COLL,$15.67,1439932247032,"43,473",100% bearish,of 1 rating,$26
CBAN,$8.76,1439932247073,"4,839",Not yet rated,NULL,N/A
CLCD,$7.66,1439932247134,"12,312",100% bearish,of 1 rating,$20.50
COLB,$33.39,1439932247217,"140,149",Not yet rated,NULL,$36
COLM,$66.69,1439932247367,"109,840",100% bearish,of 1 rating,$71
CMCO,$21.36,1439932247428,"24,449",60% bullish,of 5 ratings,$28
CMCSA,$59.69,1439932247499,"6,243,099",66% bullish,of 35 ratings,$69.50
CBMX,$1.24,1439932247532,"38,842",83% bullish,of 6 ratings,$3.15
CMCSK,$60.11,1439932247583,"1,810,189",Not yet rated,NULL,$84
CBSH,$47.4305,1439932247633,"130,454",50% bullish,of 2 ratings,$46
CUBN,$14.02,1439932247658,"4,278",Not yet rated,NULL,N/A
CBSHP,$25.36,1439932247687,"5,089",100% bearish,of 1 rating,N/A
JCS,$9.71,1439932247857,"2,036",67% bullish,of 3 ratings,N/A
COMM,$31.34,1439932247920,"338,403",67% bearish,of 3 ratings,$35
CVGI,$4.54,1439932247947,"156,747",50% bullish,of 2 ratings,$6
CSAL,$23.1354,1439932247977,"370,858",75% bullish,of 4 ratings,$30
ESXB,$5.03,1439932248007,"3,200",Not yet rated,NULL,N/A
CYHHZ,$0.012,1439932248110,"443,661",100% bullish,of 1 rating,N/A
CTBI,$35.01,1439932248151,"38,733",Not yet rated,NULL,$36
CWBC,$6.72,1439932248348,200,Not yet rated,NULL,N/A
COB,$10.67,1439932248410,"18,049",100% bullish,of 1 rating,$11.50
CVLT,$37.31,1439932248441,"334,066",75% bullish,of 4 ratings,$44.50
CIZ,$35.13,1439932248475,"2,656",100% bearish,of 1 rating,N/A
CIL,NULL,1439932248569,0,Not yet rated,NULL,N/A
CSA,$34.56,1439932248595,"1,950",Not yet rated,NULL,N/A
CID,NULL,1439932248646,0,Not yet rated,NULL,N/A
CDC,$36.66,1439932248675,"13,532",Not yet rated,NULL,N/A
CFO,$37.68,1439932248782,"15,922",100% bearish,of 1 rating,N/A
CSF,$38.5,1439932248881,"3,464",100% bearish,of 1 rating,N/A
CSB,$34.6299,1439932248940,225,Not yet rated,NULL,N/A
CDL,NULL,1439932248980,0,Not yet rated,NULL,N/A
CFA,NULL,1439932249070,0,100% bearish,of 1 rating,N/A
CGEN,$5.73,1439932249121,"80,345",50% bullish,of 2 ratings,$11
CTG,$6.92,1439932249227,"108,215",100% bearish,of 1 rating,$8.50
CPSI,$46.06,1439932249310,"51,295",100% bearish,of 1 rating,$45.50
SCOR,$64.3,1439932249368,"173,773",100% bearish,of 1 rating,$66
CNSI,$19.43,1439932249472,"51,533",100% bearish,of 2 ratings,$29
CNAT,$4.49,1439932249503,"122,519",83% bullish,of 6 ratings,$13
CMTL,$27.66,1439932249530,"26,081",100% bearish,of 2 ratings,$37
CHCI,$0.55,1439932249551,"2,289",50% bullish,of 2 ratings,N/A
CCUR,$5.22,1439932249755,"10,615",75% bullish,of 4 ratings,N/A
CNCE,$16.27,1439932249786,"278,986",75% bullish,of 4 ratings,$22
CXRX,$79,1439932249823,"5,953",Not yet rated,NULL,$90
CDOR,$1.42,1439932249845,"2,629",100% bullish,of 1 rating,N/A
CDORP,$6.52,1439932249917,202,100% bearish,of 1 rating,N/A
CDORO,$18.8999,1439932249945,480,100% bearish,of 1 rating,N/A
CNFR,$10.45,1439932250078,"15,563",Not yet rated,NULL,N/A
CFMS,$22.99,1439932250125,"186,108",Not yet rated,NULL,$27
CNOB,$20.13,1439932250305,"45,724",100% bullish,of 1 rating,$23.50
CNXR,$6.69,1439932250339,"36,993",100% bearish,of 1 rating,$12
CNMD,$56.87,1439932250365,"61,005",Not yet rated,NULL,$59
CTWS,$34.77,1439932250406,"13,600",100% bearish,of 1 rating,$44
CONN,$33.88,1439932250495,"301,915",67% bullish,of 3 ratings,$48.50
CWCO,$11.74,1439932250522,"33,408",67% bullish,of 3 ratings,$14.50
CNSL,$20.46,1439932250544,"124,354",100% bearish,of 1 rating,$23
CTCT,$24.56,1439932250589,"190,376",67% bullish,of 3 ratings,$37
CFRX,$5.4,1439932250775,"67,449",Not yet rated,NULL,$14
CPSS,$5.83,1439932250837,"26,602",100% bullish,of 1 rating,$10
CFRXW,$2.205,1439932250867,"6,857",100% bearish,of 1 rating,N/A
CFRXZ,$0.753,1439932250894,"2,901",Not yet rated,NULL,N/A
CTRV,$4.51,1439932250948,"9,706",Not yet rated,NULL,$6.40
CTRL,$8.24,1439932250975,"88,929",50% bullish,of 2 ratings,$11
CPRT,$36.5,1439932251050,"107,957",67% bearish,of 3 ratings,$40
CORT,$5.34,1439932251270,"95,910",67% bullish,of 3 ratings,$12
CORI,$11.81,1439932251300,"47,106",100% bearish,of 1 rating,$18
CORE,$64.18,1439932251331,"60,298",100% bearish,of 1 rating,$72
CSOD,$37.81,1439932251352,"279,692",50% bullish,of 2 ratings,$42
BVA,$3.8201,1439932251386,700,50% bullish,of 2 ratings,N/A
CRBP,$1.88,1439932251415,"66,572",100% bullish,of 1 rating,$6.25
COSI,$1.16,1439932251552,"54,306",100% bullish,of 1 rating,N/A
CRVL,$33.23,1439932251580,"12,120",100% bearish,of 1 rating,N/A
CSGP,$193.68,1439932251713,"55,401",50% bullish,of 2 ratings,$235
CPAH,$0.45,1439932251845,"3,880",50% bullish,of 2 ratings,N/A
COST,$145.63,1439932251875,"694,971",83% bullish,of 24 ratings,$154.50
CVTI,$25.26,1439932251978,"55,605",67% bearish,of 3 ratings,$39
COVS,$2.84,1439932252053,"82,274",67% bullish,of 3 ratings,N/A
ICBK,$18.25,1439932252079,600,Not yet rated,NULL,$21
COWN,$5.46,1439932252145,"615,348",75% bullish,of 4 ratings,$7
COWNL,$26.751,1439932252175,957,Not yet rated,NULL,N/A
CPSH,$2.45,1439932252275,"1,745",Not yet rated,NULL,N/A
CRAI,$22.79,1439932252793,"10,820",Not yet rated,NULL,$36
BREW,$8.18,1439932252850,"35,390",67% bullish,of 6 ratings,$15
CRAY,$22.49,1439932252937,"209,896",83% bullish,of 6 ratings,$38.50
CBRL,$149.98,1439932252982,"131,745",50% bullish,of 2 ratings,$155
CACC,$202.4795,1439932253008,"58,565",50% bullish,of 2 ratings,$158.50
GLDI,$10.92,1439932253038,"1,900",100% bearish,of 1 rating,N/A
SLVO,$10.26,1439932253257,"13,309",100% bearish,of 1 rating,N/A
CRTO,$47.6,1439932253292,"234,415",67% bullish,of 6 ratings,$64
CRESY,$11.47,1439932253323,"43,571",100% bearish,of 1 rating,$19
CROX,$14.66,1439932253355,"594,307",63% bullish,of 8 ratings,$16.50
CREE,$27.13,1439932253383,"1,101,835",65% bullish,of 17 ratings,$28.50
CCRN,$14.83,1439932253404,"288,312",100% bearish,of 1 rating,$14.25
CRDS,$1.06,1439932253462,"13,574",50% bullish,of 4 ratings,$4.50
CRWN,$4.79,1439932253540,"85,851",75% bullish,of 4 ratings,N/A
CYRX,$2.97,1439932253685,"24,608",Not yet rated,NULL,$9
CYRXW,$0.85,1439932253732,"18,841",Not yet rated,NULL,N/A
CRWS,$8.1,1439932253758,"1,550",Not yet rated,NULL,$10
CSGS,$32.06,1439932253820,"54,683",Not yet rated,NULL,$40
CCLP,$14.67,1439932253967,"49,518",67% bearish,of 3 ratings,$21
CTIC,$1.83,1439932253995,"355,730",84% bullish,of 76 ratings,$5.75
CSPI,$6.15,1439932254026,"2,445",67% bullish,of 3 ratings,N/A
CTCM,$1.78,1439932254057,"638,358",80% bearish,of 5 ratings,$3.90
CTRP,$69,1439932254127,"1,330,037",75% bullish,of 8 ratings,$92
CTIB,NULL,1439932254156,0,100% bearish,of 1 rating,N/A
CPIX,$6.07,1439932254221,"1,287",Not yet rated,NULL,N/A
CUNB,$22.18,1439932254247,"15,931",Not yet rated,NULL,$24.50
CMLS,$1.26,1439932254392,"418,076",50% bullish,of 4 ratings,$6
CUI,$5.44,1439932254452,"25,082",50% bullish,of 2 ratings,$10
CRIS,$2.76,1439932254496,"240,298",100% bullish,of 8 ratings,$6
CUTR,$14.92,1439932254584,"35,933",67% bearish,of 3 ratings,$18
CVV,$12.3,1439932254674,"17,722",100% bullish,of 5 ratings,N/A
CYAN,NULL,1439932254707,0,100% bearish,of 1 rating,N/A
CVBF,$17.52,1439932254733,"192,936",Not yet rated,NULL,$18
CYBR,$59.5,1439932254817,"732,448",86% bullish,of 7 ratings,$66
CYCC,$0.6,1439932254894,"29,024",73% bullish,of 11 ratings,N/A
CYBX,$59.6,1439932254923,"79,212",50% bullish,of 4 ratings,$70
CYBE,$5.9,1439932254954,"25,956",100% bearish,of 1 rating,N/A
CYCCP,NULL,1439932254995,0,100% bearish,of 1 rating,N/A
CBAY,$2.73,1439932255142,"97,166",100% bullish,of 1 rating,$4
CYNA,$15.05,1439932255286,"9,791",100% bullish,of 1 rating,$33
CY,$10.02,1439932255354,"3,765,489",80% bullish,of 10 ratings,$15.50
CYNO,$34.15,1439932255442,"92,264",67% bearish,of 3 ratings,$45.50
CYRN,$1.77,1439932255472,"219,063",67% bullish,of 3 ratings,$4
CYTK,$6.56,1439932255505,"100,749",71% bullish,of 14 ratings,$13.50
CONE,$34.4831,1439932255603,"215,856",67% bearish,of 3 ratings,$35
CTSO,$7.7,1439932255637,"69,790",Not yet rated,NULL,$15.625
CYTR,$2.36,1439932255697,"455,720",67% bullish,of 6 ratings,$10
DAEG,$0.35,1439932255729,"33,200",100% bearish,of 1 rating,N/A
CYTX,$0.3988,1439932255762,"385,625",83% bullish,of 12 ratings,$5.50
TVIX,$5.62,1439932255870,"2,862,636",81% bullish,of 16 ratings,N/A
TVIZ,$12.97,1439932255892,200,100% bearish,of 1 rating,N/A
ZIV,$49.68,1439932255969,"22,959",Not yet rated,NULL,N/A
DJCO,$208.75,1439932255995,"1,376",Not yet rated,NULL,N/A
XIV,$47.79,1439932256023,"5,448,755",75% bearish,of 4 ratings,N/A
DAKT,$11.75,1439932256679,"108,092",50% bullish,of 2 ratings,$14
DARA,$0.923,1439932256893,"75,355",83% bullish,of 6 ratings,$1.50
DAIO,$2.62,1439932256928,272,Not yet rated,NULL,N/A
DTLK,$5.75,1439932257062,"53,295",100% bearish,of 1 rating,$9
DWCH,$5.42,1439932257767,"17,182",75% bullish,of 4 ratings,$8.25
PLAY,$36.26,1439932257855,"103,602",100% bullish,of 5 ratings,$42
DRAM,$1.495,1439932257882,500,78% bullish,of 9 ratings,N/A
DTEA,$12.73,1439932258022,"62,932",100% bearish,of 2 ratings,$24
TRAK,$62.25,1439932258191,"140,863",50% bullish,of 2 ratings,$62.50
DWSN,$5.09,1439932258228,"28,649",67% bullish,of 3 ratings,$6
DBVT,$43.69,1439932258254,"66,865",100% bearish,of 1 rating,$53
TACO,$13.51,1439932258334,"286,894",100% bullish,of 3 ratings,$20
TACOW,$4.45,1439932258404,"11,310",100% bullish,of 1 rating,N/A
DFRG,$15.21,1439932258430,"104,392",100% bearish,of 1 rating,$20
DHRM,$1.81,1439932258601,"5,925",Not yet rated,NULL,N/A
DCTH,$0.49,1439932258659,"80,562",78% bullish,of 9 ratings,N/A
DGAS,$20.32,1439932258730,"3,402",67% bearish,of 3 ratings,N/A
DENN,$12.35,1439932258792,"319,691",100% bullish,of 3 ratings,$15
DELT,$2.58,1439932258821,"1,900",Not yet rated,NULL,N/A
DELTW,NULL,1439932258932,0,Not yet rated,NULL,N/A
XRAY,$57.19,1439932259072,"630,516",100% bullish,of 1 rating,$58
DSCI,$6.53,1439932259106,"21,929",50% bullish,of 2 ratings,$16
DEPO,$31.85,1439932259127,"417,729",80% bullish,of 5 ratings,$32
DERM,$24.76,1439932259209,"42,614",100% bearish,of 1 rating,$33
DEST,$12.38,1439932259258,"33,762",50% bullish,of 2 ratings,N/A
DSWL,$1.76,1439932259374,"16,854",100% bullish,of 1 rating,N/A
DXLG,$4.9,1439932259501,"38,149",100% bearish,of 1 rating,$8
DXM,$0.3088,1439932259606,"277,751",50% bullish,of 2 ratings,N/A
DXCM,$96.8,1439932259654,"380,169",57% bullish,of 7 ratings,$98
DMND,$31.92,1439932259735,"91,934",75% bullish,of 12 ratings,$32
DHXM,$7.55,1439932259761,503,Not yet rated,NULL,N/A
DHIL,$192.73,1439932259787,"1,616",Not yet rated,NULL,N/A
FANG,$73.38,1439932259820,"391,295",50% bullish,of 2 ratings,$86
DCIX,$1.87,1439932259920,"10,950",50% bullish,of 4 ratings,$3.50
DGII,$9.94,1439932260002,"158,492",100% bearish,of 1 rating,$10
DRNA,$10.16,1439932260028,"85,612",67% bearish,of 3 ratings,$25
DRAD,$4.04,1439932260247,"8,565",100% bullish,of 1 rating,$5.25
DMRC,$37.21,1439932260278,"40,346",100% bearish,of 1 rating,$44
DGLY,$7.45,1439932260300,"181,044",50% bullish,of 6 ratings,$20
APPS,$2.29,1439932260380,"81,593",100% bearish,of 1 rating,$10.25
DCOM,$17.23,1439932260439,"35,049",100% bearish,of 2 ratings,$16.50
DIOD,$19.87,1439932260589,"161,227",75% bearish,of 4 ratings,$24
DPRX,$13.5,1439932260677,"8,861",100% bullish,of 2 ratings,$27.75
DISCA,$29.05,1439932260747,"927,066",67% bullish,of 3 ratings,$34
DSCO,$0.4575,1439932260774,"184,904",83% bullish,of 6 ratings,$2.75
DISCB,NULL,1439932260805,0,100% bearish,of 1 rating,$35
DISH,$66.68,1439932260835,"478,151",69% bullish,of 13 ratings,$73
DISCK,$27.75,1439932260904,"1,510,295",100% bearish,of 1 rating,$40
DVCR,$11.7,1439932261154,"2,875",100% bullish,of 1 rating,N/A
DLHC,$2.6,1439932261218,942,100% bearish,of 1 rating,N/A
BAGR,$2.98,1439932261301,"26,161",100% bearish,of 1 rating,$6
DNBF,$26.5,1439932261329,302,Not yet rated,NULL,$27.50
DLTR,$79.37,1439932261352,"701,290",82% bullish,of 11 ratings,$88
DGICA,$14.58,1439932261409,"7,501",100% bearish,of 1 rating,$17
DGICB,$20.05,1439932261488,4,100% bearish,of 1 rating,N/A
DMLP,$14.71,1439932261539,"94,892",100% bearish,of 1 rating,N/A
DORM,$51.47,1439932261569,"150,158",100% bearish,of 1 rating,$56
HILL,$5.18,1439932261673,"374,983",60% bearish,of 5 ratings,$8
DRWI,$0.285,1439932261707,"99,467",60% bullish,of 5 ratings,$.45
DWA,$19.44,1439932261802,"218,598",63% bullish,of 8 ratings,$26
DRYS,$0.34,1439932261832,"2,899,581",77% bullish,of 31 ratings,$.60
DRWIW,$0.0695,1439932261859,"9,897",Not yet rated,NULL,N/A
DSKX,$3.41,1439932262067,"255,595",100% bullish,of 1 rating,N/A
DSPG,$8.79,1439932262104,"59,344",100% bearish,of 1 rating,$13.50
CADT,NULL,1439932262244,0,Not yet rated,NULL,N/A
CADTW,NULL,1439932262383,0,Not yet rated,NULL,N/A
CADTU,NULL,1439932262404,0,Not yet rated,NULL,N/A
CADTR,NULL,1439932262440,0,Not yet rated,NULL,N/A
DTSI,$27.37,1439932262469,"74,080",100% bearish,of 2 ratings,$39.50
DXPE,$29.92,1439932262496,"236,525",50% bullish,of 2 ratings,N/A
DNKN,$51.37,1439932262533,"540,188",67% bullish,of 15 ratings,$56.50
DRRX,$2.11,1439932262559,"225,204",50% bullish,of 6 ratings,$3
DYAX,$23.17,1439932262622,"356,426",89% bullish,of 9 ratings,$30
DYSL,$1.46,1439932262753,"52,136",100% bullish,of 2 ratings,N/A
BOOM,$10.09,1439932262783,"29,617",67% bullish,of 3 ratings,$12
DVAX,$29.8,1439932262804,"207,362",70% bullish,of 10 ratings,$40
DYNT,$3.08,1439932262881,400,75% bullish,of 4 ratings,N/A
ETFC,$28.18,1439932263061,"1,248,426",57% bullish,of 14 ratings,$33
EBMT,$11.4069,1439932263318,500,Not yet rated,NULL,$13.50
EGLE,$7.12,1439932263448,"22,006",60% bullish,of 5 ratings,N/A
EGBN,$44.84,1439932263479,"58,505",Not yet rated,NULL,$48
EROC,$1.42,1439932263509,"192,536",50% bullish,of 2 ratings,$3
EGRX,$68.44,1439932263579,"154,063",67% bullish,of 3 ratings,$97
EACQU,$10.2,1439932263608,"3,627",Not yet rated,NULL,N/A
ELNK,$9.18,1439932263661,"617,363",80% bullish,of 5 ratings,$9.50
EVBS,$6.46,1439932263715,"6,477",Not yet rated,NULL,$7
EWBC,$45.051,1439932263745,"286,349",100% bearish,of 1 rating,$50
EML,$17.05,1439932263851,"1,849",Not yet rated,NULL,N/A
EBAY,$27.77,1439932263926,"6,428,614",81% bullish,of 117 ratings,$48
EBIX,$29.84,1439932263989,"141,889",69% bullish,of 13 ratings,$40
ECTE,$1.59,1439932264016,"15,543",75% bullish,of 4 ratings,N/A
ECHO,$25.8,1439932264042,"382,950",67% bearish,of 3 ratings,$35.50
ELON,$0.55,1439932264070,"65,153",50% bullish,of 2 ratings,N/A
SATS,$46.55,1439932264227,"66,588",50% bullish,of 2 ratings,$60
EDAP,$3.53,1439932264386,"7,347",60% bullish,of 5 ratings,$4.50
ECACU,NULL,1439932264419,0,Not yet rated,NULL,N/A
EEI,$11.17,1439932264445,911,67% bearish,of 3 ratings,N/A
EDUC,$4.71,1439932264639,"4,559",100% bearish,of 1 rating,N/A
EDGW,$7.17,1439932264666,300,100% bearish,of 1 rating,N/A
ESES,$3.35,1439932264692,"4,736",100% bearish,of 1 rating,$7
EFUT,$4.35,1439932264742,"16,007",Not yet rated,NULL,N/A
LOCO,$14.08,1439932264904,"855,640",69% bullish,of 13 ratings,$23
EGLT,$12.29,1439932264937,"15,992",50% bullish,of 2 ratings,$21
EGAN,$3.5,1439932264958,"3,750",50% bullish,of 2 ratings,$6.25
EHTH,$14.91,1439932264980,"87,214",50% bullish,of 4 ratings,$16.50
EMITF,$1.26,1439932265035,"6,773",75% bullish,of 4 ratings,N/A
ESLT,$82.67,1439932265114,"6,351",100% bullish,of 2 ratings,N/A
ESIO,$4.59,1439932265379,"51,944",50% bullish,of 2 ratings,$10
ELRC,$10.27,1439932265412,"18,509",100% bearish,of 1 rating,N/A
ERI,$9.72,1439932265442,"103,695",100% bearish,of 1 rating,$10
EA,$73.85,1439932265511,"1,682,099",77% bullish,of 35 ratings,$80
ELSE,$3.99,1439932265541,800,60% bullish,of 5 ratings,N/A
EFII,$45.49,1439932265569,"206,303",80% bullish,of 5 ratings,$55
ELEC,NULL,1439932265645,0,Not yet rated,NULL,N/A
ELECU,NULL,1439932265775,0,Not yet rated,NULL,N/A
EBIO,$4.05,1439932265806,"735,047",100% bearish,of 2 ratings,$8.35
ELECW,NULL,1439932265839,0,Not yet rated,NULL,N/A
ESBK,$20.0578,1439932265943,"1,725",Not yet rated,NULL,N/A
CAPX,$23.93,1439932265974,104,Not yet rated,NULL,N/A
RDEN,$10.62,1439932266002,"127,646",100% bearish,of 4 ratings,$15
LONG,$17.18,1439932266027,"39,477",67% bullish,of 3 ratings,$15.75
EMCI,$23.93,1439932266242,"12,854",Not yet rated,NULL,N/A
EMCF,NULL,1439932266340,0,100% bearish,of 1 rating,N/A
ELTK,$1.04,1439932266398,"10,291",67% bearish,of 3 ratings,N/A
EMMS,$1.23,1439932266425,"13,275",67% bullish,of 6 ratings,N/A
EMMSP,$3.4,1439932266495,300,100% bearish,of 1 rating,N/A
EMKR,$7.2,1439932266526,"153,571",75% bullish,of 4 ratings,$8.50
ERS,$2.9,1439932266584,"12,800",Not yet rated,NULL,N/A
NYNY,$4.28,1439932266626,"23,137",50% bullish,of 2 ratings,N/A
ECPG,$40.43,1439932266772,"121,793",100% bullish,of 2 ratings,$52
WIRE,$33.97,1439932266870,"101,787",100% bearish,of 1 rating,$37
ENDP,$85.41,1439932266914,"498,700",50% bullish,of 6 ratings,$104
ENTA,$40.38,1439932266946,"100,933",50% bullish,of 2 ratings,$42
ELGX,$13.14,1439932266975,"433,070",75% bullish,of 4 ratings,$17
ECYT,$5.28,1439932267154,"116,666",83% bullish,of 6 ratings,$12
EIGI,$15.97,1439932267184,"326,626",67% bearish,of 3 ratings,$20
WATT,$7.05,1439932267288,"79,195",50% bullish,of 2 ratings,$13
EFOI,$15.2,1439932267479,"165,290",50% bullish,of 2 ratings,$17
EXXI,$1.72,1439932267609,"889,403",86% bullish,of 7 ratings,$3.50
ENOC,$8.62,1439932267666,"148,173",75% bullish,of 4 ratings,$18
ESGR,$156.5,1439932267699,"120,632",100% bearish,of 1 rating,$185
ENPH,$5.01,1439932267721,"858,931",75% bullish,of 4 ratings,$11
ERII,$3.03,1439932267742,"104,136",80% bullish,of 5 ratings,$2.50
ENG,$1.04,1439932267764,"21,129",100% bullish,of 3 ratings,N/A
ENTG,$14.47,1439932267810,"350,929",100% bearish,of 1 rating,$18
ENFC,$18.5,1439932267893,"2,500",Not yet rated,NULL,N/A
ETRM,$0.28,1439932268194,"639,635",69% bearish,of 35 ratings,$1.625
EBTC,$20.8,1439932268224,"2,122",Not yet rated,NULL,N/A
ENTL,$23.11,1439932268329,"101,504",Not yet rated,NULL,$28
EFSC,$24.88,1439932268367,"236,234",Not yet rated,NULL,$27
EGT,$2.38,1439932268501,"7,205",100% bullish,of 1 rating,N/A
ENVI,$1.76,1439932268584,"19,694",67% bullish,of 3 ratings,N/A
ENZN,$1.07,1439932268611,"506,742",100% bullish,of 9 ratings,N/A
ENZY,$8.71,1439932268637,"7,112",67% bullish,of 3 ratings,$9.50
EPRS,$5,1439932268746,"56,134",82% bullish,of 11 ratings,$15
EPIQ,$14.1,1439932268777,"43,363",100% bearish,of 1 rating,$18
PLUS,$74.87,1439932268807,"23,891",50% bullish,of 2 ratings,$88
EPZM,$17.54,1439932268834,"262,191",60% bullish,of 5 ratings,$34
EQIX,$287.42,1439932268937,"178,766",67% bullish,of 3 ratings,$312.50
EQFN,$8.31,1439932269027,"1,406",Not yet rated,NULL,N/A
EAC,$3.62,1439932269053,"41,560",100% bearish,of 1 rating,$8
ERIC,$10.48,1439932269216,"1,038,227",63% bullish,of 8 ratings,$13.30
ERIE,$87.8024,1439932269315,"14,878",Not yet rated,NULL,$73
ESCA,$18.04,1439932269641,"9,132",100% bearish,of 1 rating,$22
EPIX,$7,1439932269706,180,Not yet rated,NULL,N/A
ESPR,$65.12,1439932269735,"3,553,432",67% bearish,of 9 ratings,$130
ESCR,$0.2099,1439932269768,"21,540",50% bullish,of 2 ratings,N/A
ESCRP,$1.69,1439932269793,"2,463",100% bearish,of 1 rating,N/A
ESSA,$12.86,1439932269820,"2,288",100% bearish,of 1 rating,N/A
ESMC,NULL,1439932269856,0,Not yet rated,NULL,N/A
ESND,$35.99,1439932269956,"102,158",100% bearish,of 1 rating,$40
ETSY,$15.86,1439932270092,"484,293",80% bullish,of 5 ratings,$16
ESSX,$0.4501,1439932270118,"11,169",50% bullish,of 2 ratings,N/A
CLWT,$2.5501,1439932270297,"1,600",100% bearish,of 1 rating,N/A
EEFT,$68.66,1439932270344,"143,373",100% bearish,of 1 rating,$67.50
EVOK,$5.11,1439932270611,"1,480,628",100% bearish,of 1 rating,$13.75
ESEA,$6.26,1439932270639,"1,442",100% bullish,of 1 rating,$15
EVLV,$2.24,1439932270675,"124,405",60% bullish,of 5 ratings,$6.50
EVEP,$8.65,1439932270698,"310,103",50% bullish,of 2 ratings,$15
EXA,$10.695,1439932270724,"25,052",100% bearish,of 1 rating,$13
EVK,$4.07,1439932270758,330,75% bearish,of 4 ratings,N/A
EVOL,$6.4,1439932270789,"20,863",75% bullish,of 4 ratings,$10
EXAS,$23.04,1439932270856,"510,870",78% bullish,of 9 ratings,$31
EXAC,$18.51,1439932270984,"34,364",100% bearish,of 1 rating,$22.50
EXEL,$5.72,1439932271014,"2,165,250",81% bullish,of 16 ratings,$6
EXFO,$2.82,1439932271118,"6,591",67% bearish,of 3 ratings,$3.95
EXPE,$123.32,1439932271360,"579,507",64% bullish,of 11 ratings,$130
EXPO,$43.85,1439932271388,"32,471",100% bearish,of 1 rating,$45.50
EXTR,$3.01,1439932271421,"476,962",80% bullish,of 5 ratings,$3
EXLS,$36.94,1439932271443,"70,520",100% bullish,of 1 rating,$41
ESRX,$89.87,1439932271481,"3,669,709",67% bearish,of 6 ratings,$101
EXPD,$49.66,1439932271502,"962,796",80% bullish,of 5 ratings,$50.50
EXLP,$20.71,1439932271523,"26,120",100% bearish,of 1 rating,$27
EYEG,$4.57,1439932271574,"12,005",Not yet rated,NULL,N/A
EYEGW,NULL,1439932271775,0,Not yet rated,NULL,N/A
EZPW,$6.08,1439932271811,"117,384",50% bullish,of 4 ratings,$7.50
FB,$95.19,1439932271856,"13,682,420",73% bullish,of 1064 ratings,$111
FFIV,$133,1439932271883,"439,603",71% bullish,of 7 ratings,$132
EZCH,$22.06,1439932271904,"175,493",75% bullish,of 8 ratings,$19.50
FRP,$17.73,1439932272185,"72,035",100% bearish,of 1 rating,$18
DAVE,$14.95,1439932272218,"14,817",100% bearish,of 1 rating,$15.50
FALC,$1.65,1439932272240,"61,852",63% bearish,of 8 ratings,N/A
FWM,$2.29,1439932272271,"122,352",100% bearish,of 2 ratings,$3.20
FCS,$14.17,1439932272293,"381,367",67% bearish,of 3 ratings,$17
FMNB,$8.11,1439932272320,"12,642",Not yet rated,NULL,N/A
FFKT,$27.56,1439932272349,"10,659",Not yet rated,NULL,$29
FARM,$22.4,1439932272381,"9,490",100% bearish,of 1 rating,$35
FARO,$40.68,1439932272759,"86,933",50% bullish,of 2 ratings,$48
FATE,$7.75,1439932272805,"73,050",100% bearish,of 1 rating,$11
FAST,$40.72,1439932272836,"1,019,305",80% bullish,of 5 ratings,$46
FBSS,NULL,1439932272937,0,Not yet rated,NULL,N/A
FEIC,$81.46,1439932273023,"269,649",50% bullish,of 2 ratings,$95.50
FDML,$9.69,1439932273067,"123,205",50% bullish,of 4 ratings,$14
FHCO,$1.49,1439932273093,"22,719",50% bullish,of 4 ratings,N/A
FBRC,$23.69,1439932273125,"38,972",100% bearish,of 1 rating,$29
FNHC,$23.16,1439932273151,"96,822",100% bearish,of 1 rating,$35
FCSC,$6.26,1439932273223,"114,934",100% bearish,of 1 rating,$8.125
FENX,$9.71,1439932273325,"31,934",100% bullish,of 1 rating,$14.25
FGEN,$24.77,1439932273366,"351,328",100% bearish,of 1 rating,$39
ONEQ,$199.01,1439932273406,"50,084",100% bullish,of 1 rating,N/A
LION,$20.16,1439932273515,"77,255",100% bullish,of 1 rating,$20
FRGI,$54.48,1439932273567,"98,965",50% bullish,of 2 ratings,$70
FDUS,$14.9,1439932273592,"47,456",100% bullish,of 1 rating,$18
FSAM,$8.78,1439932273802,"13,457",100% bearish,of 1 rating,$11
FSC,$6.48,1439932273838,"508,206",75% bullish,of 4 ratings,$8
FSCFL,$25,1439932273868,"7,363",Not yet rated,NULL,N/A
FITBI,$27.77,1439932273942,"21,230",Not yet rated,NULL,N/A
FSFR,$9.1,1439932273974,"92,362",100% bearish,of 1 rating,$11.50
FITB,$21.16,1439932274000,"2,430,941",54% bullish,of 13 ratings,$22
FNGN,$35.7,1439932274025,"258,282",67% bullish,of 3 ratings,$47
FISI,$24.76,1439932274056,"14,068",100% bullish,of 2 ratings,$24.50
FNSR,$17.11,1439932274189,"972,896",86% bullish,of 7 ratings,$25
FNJN,$1.685,1439932274230,"19,702",100% bearish,of 1 rating,$5
FNTC,NULL,1439932274319,0,Not yet rated,NULL,N/A
FNTCU,NULL,1439932274365,0,Not yet rated,NULL,N/A
FNTCW,NULL,1439932274389,0,Not yet rated,NULL,N/A
FEYE,$43.25,1439932274565,"2,218,662",87% bullish,of 15 ratings,$55.50
FBNC,$17.14,1439932274593,"11,344",100% bullish,of 1 rating,$20
FRBA,$6.04,1439932274645,895,Not yet rated,NULL,$8
FNLC,$18.82,1439932274724,"9,349",100% bullish,of 1 rating,N/A
BUSE,$6.44,1439932274778,"46,130",Not yet rated,NULL,$6.875
FCAP,NULL,1439932274803,0,Not yet rated,NULL,N/A
FBIZ,$44.03,1439932274833,"9,070",100% bearish,of 2 ratings,$52
FCVA,NULL,1439932274862,0,Not yet rated,NULL,N/A
FCFS,$38.29,1439932274963,"68,796",100% bearish,of 2 ratings,$48
FCNCA,$249.29,1439932275051,"4,628",Not yet rated,NULL,N/A
FCLF,$9.48,1439932275183,"1,120",Not yet rated,NULL,N/A
FCBC,$18.03,1439932275214,"14,655",Not yet rated,NULL,$17
FCFP,$6.99,1439932275242,200,Not yet rated,NULL,N/A
FCCO,$12.02,1439932275318,"1,707",Not yet rated,NULL,$13.25
FDEF,$37.59,1439932275579,"25,519",Not yet rated,NULL,$38
FBNK,$16.28,1439932275651,"10,319",100% bearish,of 1 rating,$17.50
FFBC,$19.45,1439932275679,"123,044",67% bearish,of 3 ratings,$20.25
FFBCW,NULL,1439932275712,0,100% bearish,of 1 rating,N/A
FFIN,$32.61,1439932275738,"95,029",50% bullish,of 2 ratings,$31.75
FFNM,$6.34,1439932275768,57,Not yet rated,NULL,N/A
THFF,$33.78,1439932275808,"19,820",Not yet rated,NULL,$35
FFNW,$12.5,1439932275869,"3,992",Not yet rated,NULL,$14
FIBK,$28.06,1439932276135,"31,955",Not yet rated,NULL,$32
FFWM,$21.4,1439932276162,"10,703",Not yet rated,NULL,$24
FRME,$26.08,1439932276189,"39,839",Not yet rated,NULL,$26.50
INBK,$34.77,1439932276211,"12,312",50% bullish,of 2 ratings,$37
FMBI,$18.6,1439932276347,"220,738",Not yet rated,NULL,$20
FMBH,NULL,1439932276394,0,Not yet rated,NULL,N/A
FNBC,$35.8,1439932276425,"83,969",Not yet rated,NULL,$41
FNFG,$9.788,1439932276527,"1,028,064",80% bullish,of 5 ratings,$9
FNWB,$12.24,1439932276556,"6,538",Not yet rated,NULL,N/A
FSFG,$31.2,1439932276602,103,Not yet rated,NULL,N/A
FSLR,$51.63,1439932276659,"1,003,054",74% bullish,of 39 ratings,$65
FSGI,$2.47,1439932276742,"1,972",Not yet rated,NULL,N/A
BICK,$20.655,1439932276790,306,100% bullish,of 1 rating,N/A
FSBK,$7.85,1439932276875,"6,157",100% bullish,of 1 rating,N/A
FBZ,NULL,1439932276925,0,Not yet rated,NULL,N/A
FCAN,$25.6,1439932277021,315,Not yet rated,NULL,N/A
FTCS,$38.74,1439932277080,"17,670",Not yet rated,NULL,N/A
FCA,$22.43,1439932277123,"4,514",Not yet rated,NULL,N/A
FV,$24.81,1439932277209,"1,207,866",Not yet rated,NULL,N/A
FEMB,NULL,1439932277253,0,Not yet rated,NULL,N/A
IFV,$18.75,1439932277298,"404,983",100% bearish,of 1 rating,N/A
FTSM,$59.94,1439932277339,"28,813",100% bearish,of 1 rating,N/A
FEUZ,$32.79,1439932277367,"2,080",Not yet rated,NULL,N/A
TDIV,$25.92,1439932277474,"106,063",100% bearish,of 1 rating,N/A
MDIV,$19.88,1439932277505,"126,817",Not yet rated,NULL,N/A
FGM,$37.2,1439932277692,"9,246",Not yet rated,NULL,N/A
FTHI,NULL,1439932277751,0,Not yet rated,NULL,N/A
FTGC,$22.64,1439932277781,"46,352",Not yet rated,NULL,N/A
HYLS,$49.79,1439932277807,"224,235",100% bearish,of 1 rating,N/A
FHK,$35.33,1439932277878,"33,035",Not yet rated,NULL,N/A
YDIV,NULL,1439932277977,0,Not yet rated,NULL,N/A
SKYY,$30.64,1439932278054,"48,763",100% bullish,of 1 rating,N/A
FPXI,NULL,1439932278084,0,Not yet rated,NULL,N/A
CU,$12.99,1439932278113,"5,345",100% bearish,of 1 rating,N/A
PLTM,$6.42,1439932278224,"2,900",100% bearish,of 1 rating,N/A
LMBS,$50.49,1439932278326,500,Not yet rated,NULL,N/A
FTLB,NULL,1439932278418,0,100% bearish,of 1 rating,N/A
FMB,$50.76,1439932278498,"3,718",Not yet rated,NULL,N/A
QABA,$39.64,1439932278525,"12,025",100% bearish,of 1 rating,N/A
FJP,$50.2,1439932278578,"10,545",Not yet rated,NULL,N/A
CIBR,$19.58,1439932278605,"52,550",Not yet rated,NULL,N/A
FONE,$36.81,1439932278771,22,Not yet rated,NULL,N/A
QCLN,$16.09,1439932278832,"9,432",Not yet rated,NULL,N/A
GRID,$34.48,1439932278862,526,100% bearish,of 1 rating,N/A
CARZ,$36.71,1439932278900,"2,005",100% bearish,of 1 rating,N/A
RDVY,$22.57,1439932278971,"7,829",Not yet rated,NULL,N/A
QQXT,$42.93,1439932278997,"8,476",Not yet rated,NULL,N/A
QQEW,$44.17,1439932279039,"15,029",Not yet rated,NULL,N/A
AIRR,$17,1439932279130,"3,412",100% bearish,of 1 rating,N/A
QTEC,$42.15,1439932279311,"20,954",Not yet rated,NULL,N/A
FTSL,$48.97,1439932279440,"33,370",100% bearish,of 1 rating,N/A
FDIV,$48.35,1439932279537,"1,050",100% bearish,of 1 rating,N/A
QINC,$21.59,1439932279562,"1,702",Not yet rated,NULL,N/A
FKO,$23.83,1439932279610,"1,950",Not yet rated,NULL,N/A
FTW,$31.43,1439932279693,"7,750",Not yet rated,NULL,N/A
TUSA,$26.2754,1439932279741,490,Not yet rated,NULL,N/A
FSZ,$40.45,1439932279781,"15,503",Not yet rated,NULL,N/A
FKU,$43.98,1439932279919,"19,456",Not yet rated,NULL,N/A
FUNC,$8.28,1439932279940,"1,900",Not yet rated,NULL,N/A
SVVC,$10.86,1439932279979,"13,325",100% bullish,of 1 rating,$26
FSV,$32.63,1439932280017,"15,315",Not yet rated,NULL,$33.60
FMER,$18.79,1439932280053,"733,745",50% bullish,of 2 ratings,$20
FISV,$90.28,1439932280150,"347,547",100% bearish,of 3 ratings,$90
FIVE,$37.74,1439932280205,"201,860",75% bearish,of 4 ratings,$44
FPRX,$18.7,1439932280232,"272,690",50% bullish,of 2 ratings,$35
FIVN,$4.19,1439932280503,"190,872",100% bullish,of 1 rating,$8.50
FLXN,$24.21,1439932280584,"73,552",100% bearish,of 1 rating,$39.50
FLML,$21.27,1439932280619,"71,073",50% bullish,of 2 ratings,$30
MBSD,$24.85,1439932280641,"1,080",Not yet rated,NULL,N/A
SKOR,$50.01,1439932280671,704,Not yet rated,NULL,N/A
FLKS,$14.66,1439932280698,"35,258",50% bullish,of 2 ratings,$27
FLXS,$41.59,1439932280719,"15,452",100% bearish,of 2 ratings,N/A
FLEX,$11.1464,1439932280755,"1,073,184",63% bullish,of 8 ratings,$12
FLIR,$30.37,1439932280889,"343,083",100% bearish,of 1 rating,$38.50
FLDM,$12.84,1439932280957,"251,790",67% bearish,of 3 ratings,$21.50
FFIC,$20.95,1439932281029,"33,545",Not yet rated,NULL,$21
FOGO,$19.71,1439932281103,"100,060",50% bullish,of 2 ratings,$25.50
FOMX,$10.62,1439932281204,"167,381",50% bullish,of 2 ratings,$23.50
FONR,$9.52,1439932281232,"6,961",100% bullish,of 1 rating,N/A
FORM,$6.41,1439932281303,"307,340",67% bullish,of 3 ratings,$10.50
FES,$0.934,1439932281455,"3,000",50% bullish,of 2 ratings,$1
FORTY,NULL,1439932281485,0,Not yet rated,NULL,N/A
FORR,$32.33,1439932281506,"24,257",Not yet rated,NULL,N/A
FTNT,$47.75,1439932281551,"765,781",80% bullish,of 10 ratings,$52
FBIO,$3.03,1439932281585,"92,644",83% bullish,of 6 ratings,N/A
FWRD,$49.1,1439932281685,"133,679",100% bearish,of 1 rating,$50
FORD,$1.1,1439932281713,"138,833",50% bullish,of 2 ratings,N/A
FWP,$27.23,1439932281761,"47,122",100% bearish,of 1 rating,$45
FOSL,$62.24,1439932281942,"565,654",50% bullish,of 4 ratings,$70
FMI,$20.12,1439932281972,"210,102",100% bearish,of 2 ratings,$27.50
FXCB,$17.46,1439932282080,"6,066",Not yet rated,NULL,$19
FELE,$29.82,1439932282130,"308,186",50% bullish,of 4 ratings,$33
FRAN,$10.31,1439932282158,"1,427,913",50% bullish,of 4 ratings,$15
FOXF,$15.71,1439932282187,"49,101",100% bearish,of 1 rating,$19
FRED,$14.51,1439932282213,"100,148",50% bullish,of 2 ratings,$16.50
FREE,$0.511,1439932282242,"492,624",92% bullish,of 12 ratings,N/A
FEIM,$11,1439932282374,"2,668",100% bearish,of 1 rating,N/A
RAIL,$21.8,1439932282400,"77,132",100% bearish,of 1 rating,$24.50
FRPT,$14.23,1439932282534,"193,074",67% bearish,of 3 ratings,$23.50
FTR,$5.42,1439932282612,"11,921,442",78% bullish,of 27 ratings,$6.25
FRPH,$31.39,1439932282643,"2,006",100% bearish,of 1 rating,N/A
FTRPR,$105.74,1439932282669,"37,800",100% bearish,of 1 rating,N/A
FSBW,$23.48,1439932282741,"1,753",Not yet rated,NULL,N/A
FCEL,$0.825,1439932282899,"536,750",88% bullish,of 40 ratings,$2.65
FTEK,$2.17,1439932282929,"19,506",75% bullish,of 4 ratings,N/A
FTD,$30.86,1439932282960,"129,214",100% bearish,of 1 rating,$40
FSYS,$6.58,1439932282998,"21,723",67% bullish,of 3 ratings,$10
FULL,$3.2,1439932283070,"27,407",67% bearish,of 3 ratings,$4.25
FULLL,$25.6299,1439932283102,200,Not yet rated,NULL,N/A
FLL,$1.55,1439932283123,"14,796",75% bullish,of 4 ratings,$2.825
FULT,$13.13,1439932283321,"631,952",100% bearish,of 1 rating,$13
FSNN,$2.65,1439932283377,"1,150",67% bullish,of 3 ratings,$6
FXEN,$1.03,1439932283546,"99,072",75% bullish,of 4 ratings,$1.10
FFHL,NULL,1439932283590,0,50% bullish,of 4 ratings,N/A
FXENP,$16.5,1439932283634,"1,355",100% bearish,of 1 rating,N/A
GK,$71.89,1439932283680,"53,070",Not yet rated,NULL,$78
WILC,$5.19,1439932283764,"3,566",100% bullish,of 2 ratings,N/A
GALT,$2.17,1439932283795,"38,281",80% bullish,of 5 ratings,N/A
GALTU,NULL,1439932283835,0,100% bearish,of 1 rating,N/A
GAIA,$6.01,1439932283901,"40,817",50% bullish,of 2 ratings,$8.50
GLPG,$64.04,1439932283973,"41,716",100% bullish,of 1 rating,$75
GALTW,$0.65,1439932284000,"18,100",100% bullish,of 1 rating,N/A
GALE,$1.45,1439932284028,"761,565",89% bullish,of 47 ratings,$4
GLMD,$8.96,1439932284159,"3,890",67% bullish,of 3 ratings,$20.50
GPIC,$10.84,1439932284205,"1,255",100% bearish,of 1 rating,N/A
GLPI,$33.5433,1439932284234,"247,636",100% bearish,of 1 rating,$37.50
GGAC,$9.82,1439932284483,750,100% bearish,of 1 rating,N/A
GENC,$9.47,1439932284629,"1,100",100% bearish,of 1 rating,N/A
GGACR,$0.2,1439932284662,"8,200",100% bullish,of 1 rating,N/A
GGACW,$0.12,1439932284685,"11,870",Not yet rated,NULL,N/A
GGACU,NULL,1439932284715,0,Not yet rated,NULL,N/A
GRMN,$40.29,1439932284737,"462,932",50% bullish,of 6 ratings,$48
GARS,$14.78,1439932284776,"14,960",Not yet rated,NULL,$16
GNCMA,$17.83,1439932284799,"72,793",100% bearish,of 1 rating,$12
GFN,$3.98,1439932284874,"17,606",100% bearish,of 2 ratings,$8
GENE,$2.72,1439932285611,"68,689",100% bullish,of 12 ratings,N/A
GNMK,$9.45,1439932285649,"89,094",67% bullish,of 6 ratings,$14
GFNSL,$25.8,1439932285675,"5,050",Not yet rated,NULL,N/A
GFNCP,$97.9999,1439932285702,310,Not yet rated,NULL,N/A
GNCA,$12.86,1439932285732,"161,042",100% bearish,of 1 rating,$20
GHDX,$26.47,1439932285760,"187,985",50% bullish,of 2 ratings,$30
GNTX,$15.91,1439932285781,"1,392,651",Not yet rated,NULL,$20
THRM,$48.4,1439932285837,"151,404",75% bearish,of 4 ratings,$55.50
GTWN,$18.98,1439932286052,"3,815",Not yet rated,NULL,N/A
GNVC,$2.41,1439932286090,"4,378",90% bullish,of 10 ratings,$8.50
GABC,$29.48,1439932286125,"10,803",Not yet rated,NULL,$31.50
GERN,$3.36,1439932286154,"1,346,138",88% bullish,of 16 ratings,$5.25
GEVO,$2.26,1439932286192,"420,016",75% bullish,of 12 ratings,N/A
GEOS,$15.58,1439932286218,"75,088",100% bearish,of 3 ratings,$25.50
ROCK,$18.6,1439932286243,"86,185",80% bullish,of 5 ratings,$24
GIGM,$0.6533,1439932286514,"28,300",100% bullish,of 2 ratings,N/A
GIGA,$1.44,1439932286545,"3,566",100% bearish,of 1 rating,N/A
GILT,$4.56,1439932286573,"12,528",50% bullish,of 2 ratings,N/A
GILD,$117.06,1439932286650,"3,634,889",91% bullish,of 86 ratings,$129
GOOD,$15.79,1439932286708,"29,694",Not yet rated,NULL,$19
GIII,$69.44,1439932286737,"112,574",67% bullish,of 3 ratings,$75
GBCI,$28.05,1439932286761,"118,437",50% bullish,of 2 ratings,$31
GLADO,$25.5,1439932286791,"2,150",Not yet rated,NULL,N/A
GOODN,$25.67,1439932286988,91,Not yet rated,NULL,N/A
GLAD,$8.22,1439932287023,"46,743",50% bullish,of 2 ratings,$8.75
GOODO,$25.25,1439932287090,404,Not yet rated,NULL,N/A
GAIN,$7.92,1439932287122,"85,937",100% bullish,of 2 ratings,$8.25
GOODP,$25.25,1439932287198,950,Not yet rated,NULL,N/A
GAINN,$25.16,1439932287252,"4,450",Not yet rated,NULL,N/A
GAINO,$25.29,1439932287280,"2,735",Not yet rated,NULL,N/A
GAINP,$26.09,1439932287361,"1,562",Not yet rated,NULL,N/A
GBT,$44.83,1439932287521,"418,401",Not yet rated,NULL,N/A
LAND,$9.395,1439932287554,"27,447",50% bullish,of 2 ratings,$13.75
GDEF,NULL,1439932287653,0,Not yet rated,NULL,N/A
GLBZ,$12.12,1439932287683,376,Not yet rated,NULL,N/A
ENT,$12.71,1439932287710,"248,863",100% bearish,of 1 rating,$18
GPACU,$10.05,1439932287756,500,Not yet rated,NULL,N/A
GBLI,$26.99,1439932287785,"18,474",Not yet rated,NULL,N/A
GSOL,$8.62,1439932287978,"15,851",100% bearish,of 1 rating,N/A
ACTX,$14.24,1439932288056,200,100% bullish,of 1 rating,N/A
QQQC,$21.13,1439932288096,"3,062",100% bearish,of 1 rating,N/A
ALTY,NULL,1439932288188,0,Not yet rated,NULL,N/A
SOCL,$18.47,1439932288219,"46,386",100% bullish,of 2 ratings,N/A
SRET,$13.8973,1439932288240,840,Not yet rated,NULL,N/A
YLCO,$12.36,1439932288272,"2,202",Not yet rated,NULL,N/A
GAI,$5.47,1439932288321,870,50% bullish,of 2 ratings,N/A
GLBS,$1.4,1439932288605,"8,900",67% bullish,of 3 ratings,N/A
GBIM,$2.11,1439932288638,"28,299",50% bullish,of 2 ratings,N/A
GLUU,$4.7,1439932288669,"1,747,331",92% bullish,of 26 ratings,$9
GSM,$13.74,1439932288690,"236,068",50% bullish,of 2 ratings,$24.50
GLRI,$1.22,1439932288737,"5,513",100% bearish,of 1 rating,$6
GOGO,$16.29,1439932288765,"482,778",80% bullish,of 5 ratings,$25
GLYC,$7.4,1439932288801,"4,408",50% bullish,of 2 ratings,$14
GLNG,$39.37,1439932288898,"455,933",83% bullish,of 6 ratings,$58
GLDC,NULL,1439932289030,0,50% bullish,of 2 ratings,N/A
GMLP,$20.09,1439932289081,"108,253",50% bullish,of 4 ratings,$32.50
GDEN,$9.15,1439932289106,800,50% bullish,of 2 ratings,N/A
GOGL,$3.49,1439932289132,"143,360",75% bullish,of 4 ratings,$5
GOOGL,$688.73,1439932289309,"711,961",88% bullish,of 1078 ratings,$747
GPRO,$57.3,1439932289444,"2,696,649",79% bullish,of 58 ratings,$72
GOOG,$655.19,1439932289476,"660,087",89% bullish,of 65 ratings,$795
GBDC,$16.63,1439932289504,"38,185",Not yet rated,NULL,$17.75
GTIM,$7.02,1439932289530,"54,688",Not yet rated,NULL,$11.50
GMAN,$4.66,1439932289574,"26,917",60% bullish,of 5 ratings,$8
GPIAU,$10.1,1439932289673,576,Not yet rated,NULL,N/A
GPIA,NULL,1439932289706,0,Not yet rated,NULL,N/A
GPIAW,NULL,1439932289810,0,Not yet rated,NULL,N/A
GRVY,$3.57,1439932289874,511,50% bullish,of 2 ratings,N/A
GBSN,$2.2482,1439932289942,"92,012",100% bearish,of 1 rating,$8.25
LOPE,$38.6,1439932289969,"166,244",100% bearish,of 2 ratings,$50
GBSNU,$16.79,1439932290006,"18,220",Not yet rated,NULL,N/A
GLDD,$5.64,1439932290106,"182,838",100% bearish,of 4 ratings,$7.75
GNBC,$13.16,1439932290204,"10,038",100% bearish,of 1 rating,$17
GSBC,$41.94,1439932290230,"10,429",100% bullish,of 1 rating,$44
GRBK,$14.36,1439932290258,"192,343",77% bullish,of 13 ratings,N/A
GPRE,$21.74,1439932290400,"462,302",67% bullish,of 6 ratings,$28.50
GPP,$14.77,1439932290429,"36,651",Not yet rated,NULL,$20.50
GCBC,$28.4999,1439932290455,100,100% bullish,of 1 rating,N/A
GLRE,$26.66,1439932290590,"61,754",100% bullish,of 1 rating,$41
GRPN,$4.2,1439932290652,"7,373,552",61% bullish,of 71 ratings,$6.75
GRFS,$32.62,1439932290681,"345,014",50% bullish,of 2 ratings,$35
GRIF,NULL,1439932290702,0,100% bearish,of 1 rating,N/A
GGAL,$20.75,1439932290835,"131,024",80% bullish,of 5 ratings,$40
OMAB,$42.32,1439932290865,"36,216",100% bullish,of 1 rating,$44
GSIG,$13.54,1439932290972,"23,706",100% bearish,of 2 ratings,N/A
GSIT,$5.02,1439932291076,"1,880",100% bearish,of 1 rating,N/A
GSVC,$9.65,1439932291105,"23,283",50% bullish,of 2 ratings,$14.50
GTXI,$0.97,1439932291140,"23,938",100% bullish,of 5 ratings,$.75
GBNK,$16.03,1439932291166,"18,993",100% bearish,of 1 rating,$18
GUID,$8.97,1439932291238,"23,442",100% bearish,of 3 ratings,$10
GFED,$14.8,1439932291383,2,Not yet rated,NULL,$17
GIFI,$12.86,1439932291410,"66,102",100% bearish,of 1 rating,$16
GURE,$1.83,1439932291446,"21,377",88% bullish,of 8 ratings,N/A
GULTU,$0.34,1439932291541,"90,985",100% bearish,of 1 rating,N/A
GPOR,$35.64,1439932291569,"797,317",75% bullish,of 4 ratings,$55.50
GWPH,$113.503,1439932291599,"110,200",78% bullish,of 9 ratings,$148.50
GWGH,$7.64,1439932291730,118,100% bearish,of 1 rating,$15.05
GYRO,$2.9,1439932291757,"6,370",100% bearish,of 1 rating,N/A
HLG,$9.49,1439932291887,314,100% bearish,of 1 rating,N/A
HEES,$17.11,1439932291921,"165,352",67% bearish,of 3 ratings,$31
HALO,$19.047,1439932292022,"766,498",67% bullish,of 3 ratings,$22.50
HNRG,$7.48,1439932292056,"69,374",100% bearish,of 1 rating,$10
HBK,$13.72,1439932292127,700,50% bullish,of 2 ratings,N/A
HMPR,$1.94,1439932292158,"33,276",100% bullish,of 1 rating,N/A
HALL,$11.77,1439932292180,"12,696",Not yet rated,NULL,N/A
HBHC,$28.63,1439932292314,"396,100",50% bullish,of 2 ratings,$30
HBHCL,$24.6,1439932292342,"29,288",Not yet rated,NULL,N/A
HNH,$28.85,1439932292364,"4,658",100% bullish,of 1 rating,N/A
HAFC,$25.63,1439932292413,"54,342",100% bullish,of 2 ratings,$28.50
HNSN,$0.53,1439932292550,"41,203",88% bullish,of 8 ratings,$.40
HQCL,$10.67,1439932292575,"13,034",67% bullish,of 3 ratings,N/A
HDNG,$10.77,1439932292715,"39,940",50% bullish,of 4 ratings,N/A
HLIT,$5.86,1439932292745,"260,549",100% bearish,of 1 rating,$6.50
HRMNU,NULL,1439932292779,0,Not yet rated,NULL,N/A
HRMN,NULL,1439932292805,0,Not yet rated,NULL,N/A
HRMNW,NULL,1439932292850,0,Not yet rated,NULL,N/A
TINY,$2.48,1439932292990,"31,315",50% bullish,of 2 ratings,$5.26
HART,$0.665,1439932293053,"184,827",100% bearish,of 1 rating,N/A
HCAP,$12.23,1439932293086,"3,356",50% bullish,of 2 ratings,$15
HCAPL,$25.6499,1439932293116,"3,200",Not yet rated,NULL,N/A
HBIO,$4.47,1439932293147,"67,924",Not yet rated,NULL,$10
HAS,$80.38,1439932293249,"454,745",63% bullish,of 8 ratings,$84.50
HCOM,$23.1,1439932293277,"9,416",100% bearish,of 1 rating,$28
HA,$25.72,1439932293338,"395,705",67% bullish,of 9 ratings,$27
HWKN,$36.79,1439932293507,"18,406",Not yet rated,NULL,N/A
HWBK,$13.64,1439932293554,300,100% bearish,of 1 rating,N/A
HAYN,$39.83,1439932293608,"27,127",100% bearish,of 1 rating,$59
HDS,$34.69,1439932293716,"478,438",100% bearish,of 2 ratings,$39.50
HSTM,$25.66,1439932293782,"71,443",50% bullish,of 2 ratings,$33.75
HIIQ,$4.7,1439932293818,"12,302",50% bullish,of 2 ratings,$7
HCSG,$34.5541,1439932293840,"111,473",50% bullish,of 4 ratings,$35
HQY,$33.47,1439932293914,"95,029",67% bullish,of 3 ratings,$31
HTLD,$21.25,1439932293941,"164,212",Not yet rated,NULL,$22.50
HWAY,$12.5,1439932293997,"161,464",100% bearish,of 1 rating,$15
HTLF,$37.53,1439932294191,"19,605",100% bullish,of 1 rating,$39.50
HTBX,$5.95,1439932294262,"45,005",50% bullish,of 2 ratings,$15.50
HTWR,$88.32,1439932294288,"70,118",50% bullish,of 2 ratings,$103
HELE,$92.41,1439932294334,"102,227",67% bearish,of 3 ratings,$100
HSII,$20.07,1439932294362,"44,804",100% bullish,of 3 ratings,$25
HMNY,$2.2801,1439932294384,"1,000",100% bearish,of 1 rating,N/A
HMTV,$13.21,1439932294562,"10,917",100% bearish,of 1 rating,$16
HNNA,$22.99,1439932294609,"8,700",Not yet rated,NULL,N/A
HCACU,$9.98,1439932294692,"1,500",Not yet rated,NULL,N/A
HSIC,$147.31,1439932294739,"318,462",83% bullish,of 6 ratings,$146
HTBK,$11.02,1439932294764,"36,526",Not yet rated,NULL,$12
HERO,$0.072,1439932294790,"1,591,671",81% bullish,of 16 ratings,$.75
HFWA,$18.41,1439932294824,"29,014",100% bullish,of 1 rating,$20
HEOP,$8,1439932294934,"13,356",Not yet rated,NULL,$8.50
HCCI,$12.55,1439932295104,"14,040",100% bearish,of 1 rating,$16.50
HSKA,$34.05,1439932295203,"25,963",100% bearish,of 1 rating,$38
HRTX,$32.24,1439932295231,"235,572",67% bullish,of 6 ratings,$41
MLHR,$29.57,1439932295257,"223,932",50% bullish,of 2 ratings,$33.50
HFFC,$16.44,1439932295283,463,Not yet rated,NULL,N/A
HIBB,$40.39,1439932295417,"237,093",100% bearish,of 1 rating,$48.50
HIHO,$4.12,1439932295463,"11,042",Not yet rated,NULL,N/A
HPJ,$2.75,1439932295496,"21,800",75% bullish,of 4 ratings,$12.43
HIMX,$6.8,1439932295597,"1,067,981",85% bullish,of 20 ratings,$8.50
HIFS,$117.46,1439932295629,"1,848",Not yet rated,NULL,N/A
HSGX,$6.67,1439932295659,"1,810",100% bearish,of 1 rating,$17
HMNF,$11.4,1439932295687,"2,331",Not yet rated,NULL,N/A
HMSY,$9.4211,1439932295730,"930,092",67% bullish,of 3 ratings,$19.35
HOLX,$42.6051,1439932295858,"1,251,914",67% bullish,of 3 ratings,$42
HOLI,$17.81,1439932295930,"287,985",50% bullish,of 4 ratings,$27
HBCP,$24.29,1439932296014,472,Not yet rated,NULL,$29
HFBL,$22,1439932296173,9,Not yet rated,NULL,N/A
AWAY,$31.207,1439932296271,"531,692",67% bullish,of 3 ratings,$36
HMIN,$29.56,1439932296301,"39,663",100% bearish,of 2 ratings,$35
HMST,$21.65,1439932296335,"64,586",100% bullish,of 2 ratings,$27
HOMB,$40.98,1439932296357,"106,546",Not yet rated,NULL,$41
HTBI,$18.49,1439932296404,"22,205",67% bullish,of 3 ratings,$18.625
CETC,$0.8402,1439932296439,"101,918",86% bullish,of 7 ratings,N/A
HKTV,$5.19,1439932296498,"2,426",100% bearish,of 1 rating,N/A
HBNC,$24.87,1439932296639,"20,733",100% bullish,of 1 rating,$27
HOFT,$25.17,1439932296665,"10,968",100% bearish,of 1 rating,N/A
HFBC,$11.54,1439932296692,"4,062",Not yet rated,NULL,N/A
HZNP,$31.74,1439932296825,"1,002,678",85% bullish,of 20 ratings,$40
HRZN,$11.04,1439932296850,"38,649",100% bearish,of 1 rating,$14.25
ZINC,$7.94,1439932297029,"679,483",100% bearish,of 1 rating,$17
HDP,$25.99,1439932297059,"130,890",67% bearish,of 3 ratings,$30.50
HWCC,$7.36,1439932297088,"187,766",100% bearish,of 1 rating,$9
HBMD,$14.6,1439932297115,304,100% bearish,of 1 rating,N/A
HMHC,$22.86,1439932297141,"366,742",Not yet rated,NULL,$27
HOVNP,$5.51,1439932297192,"6,482",100% bearish,of 1 rating,N/A
HSNI,$63.19,1439932297286,"130,386",Not yet rated,NULL,$80
HTGM,$5.76,1439932297312,"16,213",100% bearish,of 1 rating,$19.50
HUBG,$41.29,1439932297513,"75,276",100% bearish,of 1 rating,$43
HSON,$3,1439932297553,"18,951",100% bearish,of 1 rating,$5
HCBK,$10.3579,1439932297585,"620,536",83% bullish,of 6 ratings,$8.61
HDSN,$3.1,1439932297687,"8,228",100% bullish,of 1 rating,$6.25
HBANP,$1358,1439932297753,601,100% bearish,of 1 rating,N/A
HBAN,$11.84,1439932297783,"4,481,321",76% bullish,of 17 ratings,$12.50
HURN,$75.4,1439932297887,"59,038",50% bullish,of 2 ratings,$80
HURC,$30.87,1439932297915,"12,823",100% bearish,of 1 rating,N/A
HTCH,$1.66,1439932297962,"54,692",100% bearish,of 1 rating,$3.50
HDRA,NULL,1439932298046,0,Not yet rated,NULL,N/A
HBP,$3.23,1439932298143,"6,915",100% bullish,of 1 rating,N/A
HDRAR,NULL,1439932298172,0,Not yet rated,NULL,N/A
HDRAU,NULL,1439932298199,0,Not yet rated,NULL,N/A
HDRAW,NULL,1439932298245,0,Not yet rated,NULL,N/A
HYGS,$7.74,1439932298403,"14,621",50% bullish,of 2 ratings,$13
IDSY,$4.01,1439932298462,"4,300",100% bearish,of 1 rating,$7
IBKC,$63.34,1439932298631,"88,328",100% bullish,of 1 rating,$70
IACI,$74.19,1439932298667,"374,981",75% bullish,of 4 ratings,$90
IKGH,$1.86,1439932298714,"46,564",75% bullish,of 4 ratings,N/A
ICAD,$3.61,1439932298745,"60,800",50% bullish,of 2 ratings,$7.25
IEP,$72.85,1439932298852,"51,612",75% bullish,of 4 ratings,$99
ICON,$13.17,1439932298881,"913,377",50% bullish,of 2 ratings,$18.50
ICLR,$80.73,1439932298902,"593,500",100% bearish,of 3 ratings,$85
ICFI,$35.45,1439932298934,"61,778",50% bullish,of 2 ratings,$48.50
IPWR,$7.68,1439932299104,"9,744",100% bullish,of 1 rating,$15
IDRA,$2.66,1439932299131,"826,528",89% bullish,of 9 ratings,$6.50
INVE,$5.03,1439932299153,"142,201",75% bullish,of 4 ratings,$4
ICUI,$121.14,1439932299188,"142,507",Not yet rated,NULL,$122
IDXX,$78.4094,1439932299288,"329,923",100% bearish,of 1 rating,$77
DSKY,$12.38,1439932299344,"86,950",67% bullish,of 6 ratings,$11.50
IIVI,$17.72,1439932299578,"149,388",100% bearish,of 1 rating,$22
IRG,$4.47,1439932299606,"11,703",100% bearish,of 1 rating,$4.50
KANG,$17.04,1439932299627,"81,823",50% bullish,of 2 ratings,$22.55
RXDX,$13.47,1439932299660,"124,873",100% bullish,of 1 rating,$20
IKAN,$2.73,1439932299682,"18,944",83% bullish,of 6 ratings,$5
IROQ,$16.6,1439932299740,"2,500",100% bullish,of 1 rating,N/A
ILMN,$207.0248,1439932299838,"593,639",80% bullish,of 5 ratings,$240
IKNX,NULL,1439932299866,0,100% bearish,of 1 rating,N/A
IMMR,$12.31,1439932300007,"76,691",80% bullish,of 5 ratings,$15.50
ISNS,$4.18,1439932300034,"17,985",50% bullish,of 2 ratings,N/A
IMNP,$1.54,1439932300065,"130,621",50% bullish,of 2 ratings,$6
ICCC,$8.39,1439932300090,"4,483",100% bullish,of 1 rating,N/A
IMDZ,$16.86,1439932300166,"62,352",100% bearish,of 1 rating,$33
IMMU,$1.91,1439932300326,"559,301",86% bullish,of 7 ratings,$2
IMGN,$13.54,1439932300358,"617,425",75% bullish,of 4 ratings,$17.50
IMMY,$7.78,1439932300490,"4,326",100% bearish,of 1 rating,$11
IPXL,$46.8856,1439932300520,"516,223",67% bullish,of 3 ratings,$46.50
INCR,$44.42,1439932300577,"485,341",50% bullish,of 2 ratings,$53
INCY,$113.97,1439932300627,"1,234,506",50% bullish,of 6 ratings,$125.50
SAAS,$8.01,1439932300682,"239,903",50% bullish,of 2 ratings,$15
INDB,$48.25,1439932300756,"36,505",Not yet rated,NULL,$44
IBTX,$43.06,1439932300899,"20,346",100% bullish,of 2 ratings,$47.25
INFN,$24.48,1439932300924,"1,000,660",71% bullish,of 7 ratings,$27.50
IDSA,$3.74,1439932300957,"3,300",Not yet rated,NULL,N/A
IBCP,$14.61,1439932300978,"40,764",100% bullish,of 1 rating,$14.50
INFI,$9.38,1439932301136,"284,436",50% bullish,of 4 ratings,$18
III,$4.2,1439932301166,"59,852",57% bullish,of 7 ratings,$6
IPCC,$80.48,1439932301188,"29,387",Not yet rated,NULL,$77
IMKTA,$54.315,1439932301319,"109,340",100% bearish,of 1 rating,N/A
IFON,$1.36,1439932301345,"32,769",75% bullish,of 4 ratings,N/A
INWK,$7.76,1439932301416,"85,068",50% bullish,of 2 ratings,$10
INNL,NULL,1439932301510,0,100% bearish,of 1 rating,$16.50
INOD,$2.54,1439932301536,"10,752",100% bearish,of 1 rating,N/A
IPHS,$50.11,1439932301690,"63,751",100% bearish,of 1 rating,$60
IOSP,$46.74,1439932301716,"93,285",100% bearish,of 1 rating,N/A
INGN,$50.28,1439932301852,"126,953",100% bearish,of 1 rating,$50.50
NSIT,$26.35,1439932301899,"86,477",50% bullish,of 2 ratings,N/A
ISSC,$2.99,1439932301929,"5,421",67% bearish,of 3 ratings,N/A
INOV,$21.57,1439932301950,"295,896",100% bearish,of 1 rating,$33
INO,$7.44,1439932301985,"650,719",89% bullish,of 18 ratings,$20
ITEK,$15.99,1439932302085,"644,302",67% bearish,of 3 ratings,$20
ISIG,$2.58,1439932302159,"5,500",100% bearish,of 1 rating,N/A
IIIN,$17.71,1439932302297,"16,055",100% bearish,of 2 ratings,N/A
INSM,$27.43,1439932302323,"196,770",71% bullish,of 7 ratings,$32
PODD,$30.62,1439932302359,"288,293",50% bullish,of 2 ratings,$35
INSY,$35.01,1439932302386,"385,513",75% bullish,of 4 ratings,$48
NTEC,$6.09,1439932302408,"2,952",Not yet rated,NULL,N/A
IESC,$7.37,1439932302601,"13,530",100% bearish,of 1 rating,N/A
IART,$62.81,1439932302658,"93,694",100% bearish,of 1 rating,$71.50
ISSI,$22.34,1439932302685,"73,936",67% bullish,of 3 ratings,$19.75
IDTI,$18.04,1439932302707,"6,480,518",60% bullish,of 5 ratings,$25
IQNT,$21.4,1439932302743,"1,396,995",86% bullish,of 7 ratings,$20
INTC,$29.1,1439932302773,"11,916,179",82% bullish,of 238 ratings,$36
IPCI,$2.19,1439932302885,"28,691",67% bullish,of 6 ratings,$7.75
IPAR,$28.83,1439932302912,"83,266",67% bullish,of 3 ratings,$38
IBKR,$42.3715,1439932302987,"187,341",100% bullish,of 1 rating,N/A
ICPT,$211.22,1439932303143,"121,849",70% bullish,of 10 ratings,$363
ININ,$39.99,1439932303179,"37,823",67% bearish,of 3 ratings,$57
ICLD,$1.86,1439932303273,"182,803",75% bullish,of 4 ratings,N/A
ICLDW,NULL,1439932303299,0,100% bearish,of 1 rating,N/A
IDCC,$49.7,1439932303371,"152,430",80% bullish,of 5 ratings,$63
INAP,$8.75,1439932303430,"124,495",75% bullish,of 4 ratings,$11
TILE,$26.13,1439932303465,"305,063",67% bearish,of 3 ratings,$27
IMI,$2.07,1439932303560,300,67% bullish,of 3 ratings,$2.22
ISCA,$33.85,1439932303596,"79,494",100% bearish,of 1 rating,N/A
IGLD,$7.85,1439932303693,"3,085",50% bullish,of 2 ratings,N/A
IBOC,$27.52,1439932303726,"61,553",100% bearish,of 1 rating,N/A
IIJI,NULL,1439932303778,0,50% bullish,of 2 ratings,$11.50
PTNT,$3.09,1439932303826,575,Not yet rated,NULL,N/A
INPH,$0.35,1439932303877,"18,156",50% bullish,of 2 ratings,N/A
XENT,$29.92,1439932303970,"158,920",50% bullish,of 2 ratings,$36.50
ISIL,$10.8,1439932304103,"513,432",50% bullish,of 6 ratings,$15
INTX,$2.56,1439932304133,"26,512",67% bullish,of 3 ratings,N/A
IILG,$21.47,1439932304172,"68,178",100% bearish,of 1 rating,$30.50
INTL,$28.42,1439932304269,"73,894",67% bearish,of 3 ratings,N/A
INTLL,$25.87,1439932304297,"15,128",Not yet rated,NULL,N/A
IVAC,$4.99,1439932304322,"13,630",Not yet rated,NULL,$6.625
ITCI,$30.23,1439932304457,"215,928",75% bearish,of 4 ratings,$40
INTU,$105.72,1439932304535,"541,842",100% bullish,of 7 ratings,$107.50
IIN,$6.47,1439932304565,110,100% bearish,of 1 rating,$12
SNAK,$8.75,1439932304697,"56,664",50% bullish,of 2 ratings,$14
INVT,$0.2899,1439932304762,"80,832",67% bullish,of 3 ratings,N/A
ISRG,$529.7,1439932304799,"78,349",67% bullish,of 3 ratings,$600
ISTR,$15.75,1439932304839,"1,102",100% bearish,of 1 rating,$18.50
ITIC,$71.99,1439932304894,200,100% bearish,of 2 ratings,N/A
ISBC,$12.3,1439932304926,"1,563,242",100% bullish,of 1 rating,$13.25
NVIV,$11.66,1439932305033,"193,194",50% bullish,of 4 ratings,$24.50
IPAS,$1.06,1439932305062,"27,886",67% bullish,of 3 ratings,N/A
IVTY,$11.38,1439932305093,"17,432",Not yet rated,NULL,$18
DTUL,$64.46,1439932305194,300,Not yet rated,NULL,N/A
DFVL,$65.55,1439932305253,"2,000",Not yet rated,NULL,N/A
IPCM,$79.56,1439932305323,"86,049",50% bullish,of 2 ratings,$80.125
IPGP,$91.27,1439932305417,"132,497",100% bearish,of 2 ratings,$109.50
IRMD,$26.28,1439932305485,"8,099",67% bearish,of 3 ratings,$25
IRIX,$7.05,1439932305588,"6,956",100% bearish,of 1 rating,N/A
IRDM,$6.85,1439932305621,"212,526",60% bullish,of 5 ratings,$11.50
IRDMB,$270,1439932305821,550,67% bearish,of 3 ratings,N/A
COMT,$33.6,1439932305884,"8,476",100% bearish,of 1 rating,N/A
IRBT,$31.21,1439932305922,"135,951",67% bullish,of 6 ratings,$37
IRWD,$11.63,1439932305955,"689,220",100% bearish,of 1 rating,$13
GNMA,$50.1,1439932306022,"3,810",Not yet rated,NULL,N/A
IRCP,$35,1439932306052,"2,608",100% bullish,of 2 ratings,N/A
IFAS,NULL,1439932306101,0,Not yet rated,NULL,N/A
FCHI,$49.6,1439932306124,"3,661",Not yet rated,NULL,N/A
IFEU,$40.0701,1439932306259,"1,399",Not yet rated,NULL,N/A
IFGL,$30.06,1439932306288,"100,752",Not yet rated,NULL,N/A
ACWX,$42.9,1439932306358,"192,838",100% bearish,of 1 rating,N/A
IFNA,$55.96,1439932306388,"1,500",Not yet rated,NULL,N/A
AAXJ,$55.67,1439932306486,"755,795",Not yet rated,NULL,N/A
ACWI,$59.03,1439932306513,"326,951",Not yet rated,NULL,N/A
AXJS,$52.38,1439932306584,128,Not yet rated,NULL,N/A
AAIT,$30.54,1439932306658,"2,999",100% bullish,of 1 rating,N/A
EMEY,NULL,1439932306766,0,Not yet rated,NULL,N/A
EEME,$39,1439932306821,32,100% bearish,of 1 rating,N/A
EEMA,$52.485,1439932306853,"31,290",Not yet rated,NULL,N/A
EMDI,NULL,1439932306878,0,Not yet rated,NULL,N/A
EGRW,$48.8812,1439932306919,512,Not yet rated,NULL,N/A
EVAL,$36.85,1439932306944,"220,260",Not yet rated,NULL,N/A
EEML,$28.75,1439932306975,178,Not yet rated,NULL,N/A
QAT,$21.99,1439932307205,200,Not yet rated,NULL,N/A
IEUS,$47.17,1439932307231,"6,704",100% bearish,of 1 rating,N/A
EUFN,$23.16,1439932307259,"142,246",100% bearish,of 1 rating,N/A
UAE,$18.51,1439932307312,"1,100",Not yet rated,NULL,N/A
IBB,$368.28,1439932307444,"332,435",63% bullish,of 8 ratings,N/A
SOXX,$84.86,1439932307506,"171,090",50% bullish,of 2 ratings,N/A
WOOD,$51.54,1439932307580,"11,464",50% bullish,of 2 ratings,N/A
ICLN,$10.24,1439932307609,"10,460",50% bullish,of 2 ratings,N/A
INDY,$29.54,1439932307630,"124,324",100% bullish,of 1 rating,N/A
EMIF,$30.01,1439932307666,"5,162",Not yet rated,NULL,N/A
IGOV,$89.96,1439932307763,"23,279",100% bearish,of 1 rating,N/A
ISHG,$78.57,1439932307796,"5,394",100% bearish,of 1 rating,N/A
ISIS,$51.33,1439932307895,"643,677",53% bullish,of 15 ratings,$67
ISLE,$19.19,1439932308026,"191,986",50% bullish,of 4 ratings,$16
ISRL,$138,1439932308125,278,100% bearish,of 1 rating,N/A
ITRI,$33.49,1439932308151,"269,379",Not yet rated,NULL,$37
ITRN,$25.53,1439932308180,"1,426",50% bullish,of 2 ratings,N/A
ITUS,$4.31,1439932308427,"2,466",Not yet rated,NULL,N/A
XXIA,$15.62,1439932308470,"258,601",71% bullish,of 7 ratings,$14.625
IXYS,$10.83,1439932308532,"127,540",50% bullish,of 4 ratings,N/A
JJSF,$118.8,1439932308572,"31,038",100% bearish,of 1 rating,N/A
JCOM,$73.06,1439932308607,"126,598",100% bullish,of 2 ratings,$77
MAYS,$57.05,1439932308637,"2,165",Not yet rated,NULL,N/A
JASO,$8.3,1439932308658,"651,732",82% bullish,of 17 ratings,$10
JBHT,$79.95,1439932308703,"476,417",50% bullish,of 4 ratings,$89.50
JKHY,$71.5757,1439932308806,"65,913",50% bullish,of 2 ratings,$72
JACK,$85.94,1439932308963,"428,695",83% bullish,of 6 ratings,$105
JXSB,$24.21,1439932309106,200,Not yet rated,NULL,N/A
JAXB,$12.94,1439932309140,"13,000",100% bullish,of 1 rating,N/A
JMBA,$13.78,1439932309239,"418,357",75% bullish,of 4 ratings,$18
ERW,NULL,1439932309265,0,Not yet rated,NULL,N/A
JAGX,$2.93,1439932309309,"3,800",Not yet rated,NULL,N/A
JAKK,$9.61,1439932309348,"211,449",60% bearish,of 5 ratings,$10.50
JASN,$5.18,1439932309453,"18,584",50% bullish,of 2 ratings,$9.50
JRVR,$26.9,1439932309489,"11,699",Not yet rated,NULL,$27
JAZZ,$187.6825,1439932309516,"164,771",80% bullish,of 15 ratings,$206.50
JASNW,NULL,1439932309537,0,50% bullish,of 2 ratings,N/A
JD,$26.62,1439932309590,"4,347,271",75% bullish,of 16 ratings,$36
JBLU,$24.06,1439932309743,"4,294,953",94% bullish,of 16 ratings,$27
JTPY,$2.96,1439932309775,200,100% bearish,of 1 rating,N/A
JCTCF,$9.54,1439932309875,40,100% bullish,of 1 rating,N/A
DATE,$6.49,1439932309910,"137,591",75% bullish,of 4 ratings,$9
JST,$4.35,1439932310068,"10,829",75% bullish,of 4 ratings,N/A
WYIGU,$10.02,1439932310114,997,Not yet rated,NULL,N/A
JOEZ,$0.189,1439932310136,"128,218",92% bullish,of 12 ratings,N/A
JBSS,$48.23,1439932310200,"38,739",67% bearish,of 3 ratings,N/A
JIVE,$4.08,1439932310231,"579,284",75% bullish,of 4 ratings,$5
JUNO,$41.77,1439932310339,"1,351,222",73% bullish,of 11 ratings,$71.50
JNP,$9.88,1439932310368,"9,860",100% bullish,of 3 ratings,$15
JOUT,$26.95,1439932310390,"11,158",100% bearish,of 1 rating,$34
KALU,$85.42,1439932310438,"70,772",67% bearish,of 3 ratings,$91
KBIO,$1.97,1439932310581,"117,878",50% bullish,of 4 ratings,N/A
KTWO,$22.12,1439932310610,"134,946",100% bearish,of 1 rating,$28.50
KMDA,$3.86,1439932310635,"15,221",50% bullish,of 2 ratings,$8
KNDI,$7.66,1439932310785,"606,610",86% bullish,of 22 ratings,N/A
KPTI,$13.42,1439932310857,"481,620",67% bearish,of 3 ratings,$41
KCLI,$47.74,1439932310990,"16,720",Not yet rated,NULL,N/A
KCAP,$4.82,1439932311275,"103,434",75% bullish,of 4 ratings,$6.75
