Symbol,Price,Date,Volume,Rating,RatingVoteCount,OneYearEstimate
FLWS,$9.56,1439824202704,"25,989",100% bullish,of 5 ratings,$15
PIH,$7.67,1439824202750,700,100% bearish,of 1 rating,N/A
FCCY,NULL,1439824202781,0,100% bullish,of 1 rating,$13
TFSC,NULL,1439824202812,0,100% bearish,of 1 rating,N/A
TFSCU,NULL,1439824202850,0,Not yet rated,NULL,N/A
FCTY,NULL,1439824202881,0,100% bullish,of 1 rating,$8.50
TFSCW,NULL,1439824202907,0,100% bearish,of 1 rating,N/A
TFSCR,NULL,1439824202979,0,Not yet rated,NULL,N/A
SRCE,$31.21,1439824203162,"3,252",100% bullish,of 3 ratings,$33
DSLV,$62,1439824203194,"1,704",100% bearish,of 1 rating,N/A
USLV,$14.722,1439824203263,"58,403",86% bullish,of 7 ratings,N/A
VNET,$21.09,1439824203295,"207,477",60% bullish,of 5 ratings,$29.50
DGLD,$84.78,1439824203364,894,100% bullish,of 1 rating,N/A
TWOU,$35.74,1439824203429,"261,043",50% bullish,of 2 ratings,$39
JOBS,$28.5,1439824203455,"14,303",50% bullish,of 4 ratings,$36
UGLD,$8.912,1439824203617,"34,478",100% bearish,of 1 rating,N/A
SIXD,$3.28,1439824203770,"27,704",Not yet rated,NULL,N/A
AVHI,$14.04,1439824203903,"5,681",100% bearish,of 1 rating,$19
EGHT,$8.65,1439824203934,"39,973",82% bullish,of 17 ratings,$11
ABAX,$48.27,1439824203956,"23,035",100% bearish,of 1 rating,$60
SHLM,$35.395,1439824203988,"14,654",100% bearish,of 1 rating,$50
CAFD,$15.82,1439824204039,"32,948",Not yet rated,NULL,$25
AAON,$23,1439824204177,"18,192",100% bearish,of 1 rating,$24
ABGB,$4.9217,1439824204229,"15,968",67% bullish,of 3 ratings,$5.50
ABY,$22.07,1439824204250,"121,422",100% bearish,of 2 ratings,$46
ABMD,$105.33,1439824204384,"117,085",75% bullish,of 4 ratings,$86
ABEOW,$2.1,1439824204415,"1,100",100% bullish,of 1 rating,N/A
ABEO,$5.29,1439824204515,"35,114",67% bullish,of 3 ratings,$15.50
AXAS,$1.84,1439824204647,"106,030",78% bullish,of 9 ratings,$3.50
ACTG,$8.58,1439824204698,"27,279",67% bullish,of 3 ratings,$18.50
ACAD,$38.27,1439824204777,"131,421",85% bullish,of 20 ratings,$48
ACHC,$81.095,1439824204834,"131,519",50% bullish,of 2 ratings,$92
ACST,$0.4131,1439824204930,"7,804",100% bullish,of 2 ratings,N/A
AXDX,$19.676,1439824204961,"44,526",100% bearish,of 1 rating,N/A
ANCX,$19.15,1439824204992,"8,741",Not yet rated,NULL,$19
XLRN,$31.27,1439824205091,"25,747",50% bullish,of 2 ratings,$57
ARAY,$6.17,1439824205124,"120,603",100% bearish,of 1 rating,$10.50
VXDN,$16.87,1439824205223,"1,310",Not yet rated,NULL,N/A
ACET,$25.12,1439824205373,"22,920",75% bullish,of 4 ratings,$30
VXUP,$16.85,1439824205401,"4,875",Not yet rated,NULL,N/A
ACRX,$4.47,1439824205440,"76,108",67% bearish,of 6 ratings,$5.50
ACHN,$8.16,1439824205583,"1,105,239",90% bullish,of 21 ratings,$16
AKAO,$7.25,1439824205621,"52,193",75% bullish,of 4 ratings,$15
ACNB,$20.22,1439824205760,100,Not yet rated,NULL,N/A
ACOR,$32.1501,1439824205801,"41,141",67% bearish,of 3 ratings,$38.50
ACIW,$23,1439824205894,"20,693",50% bullish,of 2 ratings,$24
ATVI,$28.94,1439824205980,"377,615",68% bullish,of 84 ratings,$31.50
ACUR,$0.6441,1439824206038,"32,110",100% bullish,of 5 ratings,$1
ACTS,$1.52,1439824206064,"23,735",100% bearish,of 1 rating,N/A
ACTA,$13.71,1439824206196,"21,825",67% bearish,of 3 ratings,$25
ACXM,$21.15,1439824206221,"62,217",67% bullish,of 3 ratings,N/A
ACPW,$1.9,1439824206277,"4,340",100% bullish,of 4 ratings,$3.50
ADMS,$21.97,1439824206436,"6,541",100% bearish,of 2 ratings,$36
ADMP,$3.537,1439824206467,"7,101",50% bullish,of 2 ratings,$10
ADAP,$15.1,1439824206495,"24,355",67% bullish,of 3 ratings,$22
ADUS,$28.5,1439824206690,"10,118",100% bearish,of 1 rating,$31
ADMA,NULL,1439824206793,0,Not yet rated,NULL,$19
ADBE,$86.33,1439824206934,"274,032",65% bullish,of 17 ratings,$90
ADEP,$7.3552,1439824206962,"5,424",50% bullish,of 2 ratings,$10.75
AEIS,$26.38,1439824206988,"80,727",50% bullish,of 2 ratings,$32.50
AEY,$2.3895,1439824207019,"5,841",100% bearish,of 2 ratings,N/A
AMD,$1.86,1439824207120,"2,188,288",83% bullish,of 102 ratings,$2
ADTN,$16.155,1439824207146,"36,132",67% bullish,of 3 ratings,$17.125
ADRO,$21.11,1439824207275,"31,233",80% bullish,of 5 ratings,$45.50
ADXSW,$11.41,1439824207410,785,100% bullish,of 1 rating,N/A
ADXS,$16.1,1439824207471,"176,116",64% bullish,of 14 ratings,$27
MULT,NULL,1439824207492,0,100% bearish,of 1 rating,N/A
YPRO,NULL,1439824207541,0,100% bearish,of 1 rating,N/A
AEGR,$18.245,1439824207623,"79,575",50% bullish,of 6 ratings,$26
AEGN,$18.83,1439824207755,"13,809",100% bearish,of 1 rating,$21
AMTX,$3.28,1439824207972,"2,065",50% bullish,of 2 ratings,$26.11
AERI,$15.83,1439824208003,"35,260",75% bullish,of 4 ratings,$31.50
AEPI,$57.07,1439824208038,"10,212",100% bearish,of 1 rating,N/A
AEZS,$0.1343,1439824208069,"2,181,659",90% bullish,of 21 ratings,$1.625
AEHR,$2.21,1439824208097,212,50% bullish,of 2 ratings,N/A
AVAV,$25.95,1439824208168,"33,501",50% bullish,of 4 ratings,$31
AFMD,$11.84,1439824208248,"58,716",50% bullish,of 4 ratings,$15
AEMD,$6.785,1439824208275,"4,836",Not yet rated,NULL,$27.50
AGEN,$7.5725,1439824208405,"171,444",85% bullish,of 13 ratings,$14
AGRX,$8.755,1439824208544,"2,667",100% bearish,of 1 rating,$18
AFFX,$9.575,1439824208573,"129,747",80% bullish,of 5 ratings,$12
AGYS,$9.4,1439824208649,"2,249",100% bearish,of 1 rating,N/A
AGIO,$93.6291,1439824208727,"61,980",88% bullish,of 8 ratings,$114
AGFSW,$2.42,1439824208784,"9,500",100% bearish,of 1 rating,N/A
AIMT,$25.5701,1439824208809,"19,998",Not yet rated,NULL,N/A
AGFS,$11,1439824208862,"10,479",100% bearish,of 1 rating,N/A
AIRM,$39.9,1439824208969,"34,006",80% bearish,of 5 ratings,$53
AIRT,$22.1,1439824209051,807,100% bullish,of 1 rating,N/A
ATSG,$9.775,1439824209078,"20,874",67% bullish,of 3 ratings,$13
AMCN,$4.98,1439824209112,"104,042",83% bullish,of 6 ratings,N/A
AKAM,$72.97,1439824209214,"153,238",63% bullish,of 8 ratings,$77
AIXG,$5.97,1439824209240,902,67% bearish,of 3 ratings,$6
AKBA,$7.15,1439824209280,"34,575",100% bearish,of 1 rating,$18
ALRM,$17.2,1439824209500,"6,848",100% bearish,of 1 rating,$22
AKER,$3.8299,1439824209528,954,Not yet rated,NULL,N/A
AKRX,$43.75,1439824209553,"66,876",78% bullish,of 9 ratings,$56
ALSK,$2.11,1439824209603,"28,120",78% bullish,of 18 ratings,$2
ADHD,$9.37,1439824209698,"90,291",50% bullish,of 4 ratings,$18
ABDC,$12.98,1439824209831,"9,642",Not yet rated,NULL,$15
ALDR,$37.82,1439824209866,"125,410",67% bearish,of 3 ratings,$62
ALXN,$188.88,1439824209895,"95,731",88% bullish,of 8 ratings,$223
AMRI,$20.79,1439824209916,"11,310",75% bearish,of 4 ratings,$24
ALDX,$7.98,1439824209961,"4,000",100% bearish,of 1 rating,$14.50
ALXA,$1.16,1439824210060,"5,400",83% bullish,of 6 ratings,$2.125
ALCO,$42.825,1439824210088,"1,103",50% bullish,of 2 ratings,N/A
ALGN,$60.795,1439824210217,"83,746",100% bearish,of 2 ratings,$73
ALIM,$3.9,1439824210323,"14,279",80% bullish,of 5 ratings,$10
ALGT,$235.92,1439824210403,"21,966",100% bearish,of 1 rating,$235
AFOP,$18.92,1439824210492,"12,316",75% bullish,of 8 ratings,$21
ALKS,$66.89,1439824210535,"106,720",67% bullish,of 3 ratings,$75
AIQ,$15.34,1439824210565,"2,248",67% bullish,of 3 ratings,N/A
ALLB,$23.9,1439824210623,"1,210",Not yet rated,NULL,N/A
AHGP,$36.1348,1439824210669,"5,234",67% bullish,of 3 ratings,N/A
AMOT,$18.03,1439824215690,"8,781",100% bearish,of 1 rating,N/A
ARLP,$24.975,1439824215725,"39,326",67% bearish,of 3 ratings,$32
AHPI,$1.45,1439824215750,700,50% bullish,of 2 ratings,N/A
ALQA,$4.7,1439824215820,"17,815",75% bullish,of 4 ratings,$8.50
AFAM,$49.2548,1439824215845,"10,419",50% bullish,of 2 ratings,$44
MDRX,$14.2,1439824215872,"478,737",60% bullish,of 5 ratings,$16
ALLT,$5.09,1439824215897,"17,465",75% bullish,of 4 ratings,$6.25
ALNY,$108.44,1439824216287,"73,019",67% bullish,of 3 ratings,$148.50
ATEC,$0.6999,1439824216381,"7,181",100% bullish,of 1 rating,$2
AOSL,$7.45,1439824216697,"3,944",67% bullish,of 3 ratings,$9
AMRN,$2.341,1439824216749,"192,717",85% bullish,of 39 ratings,$8
AMRK,$10.347,1439824216808,"1,312",50% bullish,of 2 ratings,$14
SMCP,NULL,1439824216829,0,Not yet rated,NULL,N/A
AMAG,$63.5,1439824216851,"116,213",100% bullish,of 2 ratings,$75
ASPS,$30.76,1439824216874,"23,185",67% bullish,of 3 ratings,$46.50
AIMC,$26.612,1439824216910,"22,201",100% bearish,of 1 rating,$28.50
ALTR,$49.21,1439824216940,"234,780",80% bearish,of 5 ratings,$54
AMZN,$533.84,1439824217089,"459,199",81% bullish,of 261 ratings,$646
AMBCW,NULL,1439824217162,0,100% bearish,of 1 rating,N/A
AYA,$22.91,1439824217242,"6,596",100% bearish,of 1 rating,$40
EPAX,$2.65,1439824217294,"101,207",100% bearish,of 1 rating,N/A
AMBC,$17.08,1439824217320,"49,086",100% bearish,of 1 rating,$16.50
AMBA,$109.576,1439824217345,"328,851",83% bullish,of 12 ratings,$102.50
AMCX,$75.31,1439824217555,"104,313",67% bullish,of 3 ratings,$85.50
DOX,$60.26,1439824217583,"42,572",100% bullish,of 2 ratings,$60
AMDA,$0.5013,1439824217632,"430,897",90% bullish,of 10 ratings,$1
UHAL,$384.9972,1439824217660,"6,060",100% bullish,of 2 ratings,$393.50
ASBI,NULL,1439824217730,0,Not yet rated,NULL,N/A
AMED,$45.8,1439824217830,"23,333",100% bearish,of 1 rating,$42
AGNC,$19.9,1439824217930,"931,193",75% bullish,of 28 ratings,$22
AAL,$43.83,1439824217980,"1,631,454",93% bullish,of 87 ratings,$57
ATAX,$5.3,1439824218081,"13,412",100% bullish,of 1 rating,$6.50
AMOV,$18.4,1439824218112,100,100% bearish,of 1 rating,N/A
AGNCP,$25.216,1439824218307,200,Not yet rated,NULL,N/A
AGNCB,$24.23,1439824218332,800,Not yet rated,NULL,N/A
ACSF,$12.8,1439824218414,"9,705",100% bearish,of 1 rating,$15
MTGE,$15.86,1439824218544,"112,157",75% bullish,of 4 ratings,$19.50
MTGEP,$24.2587,1439824218602,400,Not yet rated,NULL,N/A
AETI,$4.06,1439824218822,435,67% bearish,of 3 ratings,N/A
ACAS,$14.37,1439824218893,"248,552",60% bullish,of 5 ratings,$16.75
AMNB,$23.45,1439824218923,900,Not yet rated,NULL,$25.50
ANCI,$1.69,1439824218978,800,100% bearish,of 1 rating,N/A
AMIC,$10.1,1439824219007,236,Not yet rated,NULL,N/A
ANAT,$104.52,1439824219029,546,100% bullish,of 1 rating,N/A
APEI,$22.08,1439824219082,"15,616",100% bearish,of 1 rating,$29
AMRB,$10.08,1439824219237,"1,420",Not yet rated,NULL,$11
AMWD,$65.31,1439824219371,"17,928",50% bullish,of 2 ratings,$58
ASEI,$39.54,1439824219403,"7,155",100% bearish,of 1 rating,$52.50
AMSC,$4.1268,1439824219424,"7,350",50% bullish,of 4 ratings,N/A
ARII,$40.53,1439824219463,"61,931",67% bearish,of 3 ratings,$45
CRMT,$45.68,1439824219560,700,100% bearish,of 1 rating,$49
AMSWA,$9.33,1439824219585,932,100% bearish,of 2 ratings,$10.75
ABCB,$28.49,1439824219831,"34,358",Not yet rated,NULL,$30.50
ASRV,$3.35,1439824219859,"4,909",100% bullish,of 2 ratings,N/A
AMSF,$50.5799,1439824219884,"5,509",Not yet rated,NULL,$57.50
ATLO,$23.78,1439824219931,"1,912",Not yet rated,NULL,N/A
ASRVP,NULL,1439824220015,0,Not yet rated,NULL,N/A
AMGN,$169.35,1439824220104,"383,218",89% bullish,of 19 ratings,$185
FOLD,$16.26,1439824220174,"183,776",56% bullish,of 9 ratings,$21
AMKR,$4.525,1439824220207,"162,059",100% bearish,of 2 ratings,$5
AMPH,$14.45,1439824220276,"48,505",50% bullish,of 2 ratings,$20
AMSG,$85.6801,1439824220304,"56,323",100% bearish,of 1 rating,$85.50
AFSI,$62.95,1439824220435,"117,857",60% bullish,of 5 ratings,$72
ASYS,$5.86,1439824220469,"12,263",67% bullish,of 3 ratings,$12
AMSGP,NULL,1439824220534,0,Not yet rated,NULL,N/A
AMRS,$1.64,1439824220605,"10,695",70% bullish,of 10 ratings,N/A
ANAC,$136.165,1439824220735,"80,282",80% bullish,of 5 ratings,$180.50
ANAD,$0.3386,1439824220787,"175,221",100% bullish,of 2 ratings,$.50
ADI,$59.15,1439824220841,"325,005",67% bullish,of 3 ratings,$68
ALOG,$80.42,1439824220871,"14,999",100% bearish,of 2 ratings,$100.50
ANCB,NULL,1439824220971,0,Not yet rated,NULL,$23
ANGI,$4.4,1439824221037,"91,289",64% bullish,of 11 ratings,$5.50
ABCW,$41.5,1439824221066,"2,586",67% bullish,of 3 ratings,N/A
AMCF,NULL,1439824221087,0,100% bullish,of 7 ratings,N/A
ANGO,$15.03,1439824221285,"7,200",67% bullish,of 3 ratings,$19
ANIP,$55.23,1439824221310,"44,111",89% bullish,of 19 ratings,$66
ANIK,$36.03,1439824221446,"11,470",60% bullish,of 5 ratings,$51.25
ANSS,$96.13,1439824221477,"114,277",100% bearish,of 1 rating,$100
ATRS,$1.88,1439824221579,"153,154",92% bullish,of 12 ratings,$4.50
ABAC,$0.9,1439824221610,"11,524",100% bearish,of 1 rating,N/A
ANTH,$9.5409,1439824221709,"155,524",80% bullish,of 10 ratings,$13
APIC,$7.99,1439824221776,"25,951",100% bearish,of 1 rating,$19
APOG,$54.5899,1439824221842,"40,285",100% bullish,of 1 rating,$62
AINV,$6.5,1439824221872,"1,651,192",50% bullish,of 4 ratings,$8
APOL,$11.9,1439824221897,"135,453",87% bearish,of 68 ratings,$14
ATNY,$2.41,1439824221918,"1,700",50% bullish,of 2 ratings,$3.75
APPF,$16.8,1439824222070,"1,399",50% bullish,of 2 ratings,$22
APDN,$3.29,1439824222202,"11,591",Not yet rated,NULL,$9
AAPL,$117.23,1439824222228,"8,770,763",86% bullish,of 2331 ratings,$150
ARCI,$1.31,1439824222291,200,Not yet rated,NULL,N/A
APDNW,$1.33,1439824222444,"4,900",Not yet rated,NULL,N/A
AGTC,$15.825,1439824222470,"5,073",50% bullish,of 2 ratings,$33
AMAT,$16.835,1439824222549,"2,559,724",82% bullish,of 11 ratings,$23.50
APTO,$5.1,1439824222682,102,Not yet rated,NULL,$17
AMCC,$5.905,1439824222715,"161,184",80% bullish,of 5 ratings,$8
AAOI,$22.21,1439824222744,"85,172",50% bullish,of 4 ratings,$26
AREX,$2.67,1439824222765,"52,338",100% bearish,of 1 rating,$3
APRI,$1.1879,1439824222786,"20,065",83% bullish,of 6 ratings,$4.86
AUMA,$9.75,1439824222948,"99,314",Not yet rated,NULL,N/A
AQXP,$21.2,1439824222977,"514,836",50% bullish,of 2 ratings,$2
AQMS,$5.3015,1439824223015,"4,382",Not yet rated,NULL,N/A
AUMAU,NULL,1439824223078,0,Not yet rated,NULL,N/A
AUMAW,NULL,1439824223281,0,Not yet rated,NULL,N/A
RKDA,$4.46,1439824223426,"2,043",100% bearish,of 2 ratings,$10
ARCW,$3.5899,1439824223452,"2,776",100% bearish,of 2 ratings,$10.50
PETX,$17.005,1439824223491,"39,046",100% bearish,of 2 ratings,$26
ABUS,$8.35,1439824223516,"105,684",86% bullish,of 14 ratings,$23
ARCB,$32.79,1439824223586,"28,317",50% bullish,of 2 ratings,$39.50
ARDM,$7.4,1439824223611,530,100% bullish,of 1 rating,$26
ABIO,$0.8942,1439824223658,"32,292",50% bullish,of 2 ratings,$3.75
ARDX,$18.88,1439824223943,"19,135",50% bullish,of 2 ratings,$22
ACGL,$73.52,1439824223995,"26,650",50% bullish,of 2 ratings,$72
ARNA,$3.39,1439824224022,"292,063",90% bullish,of 77 ratings,$5.50
ACAT,$30.23,1439824224043,"18,744",100% bearish,of 3 ratings,$33
ARCC,$16,1439824224072,"167,836",67% bearish,of 3 ratings,$17.875
AGII,$57.4025,1439824224231,"44,572",Not yet rated,NULL,$58
AGIIL,$25.3,1439824224327,401,Not yet rated,NULL,N/A
ARIS,$3.26,1439824224370,227,Not yet rated,NULL,$4.50
ARGS,$4.29,1439824224398,"5,090",50% bullish,of 2 ratings,$19.50
ARKR,NULL,1439824224458,0,50% bullish,of 2 ratings,N/A
ARTX,$1.57,1439824224487,"36,325",88% bullish,of 16 ratings,$4.50
ARIA,$7.41,1439824224524,"227,803",87% bullish,of 46 ratings,$9
ARMH,$42.98,1439824224625,"888,206",54% bearish,of 13 ratings,$61
ARWA,NULL,1439824224686,0,Not yet rated,NULL,N/A
ARWAR,NULL,1439824224819,0,Not yet rated,NULL,N/A
ARWAU,NULL,1439824224877,0,100% bullish,of 1 rating,N/A
ARRY,$5.77,1439824225023,"123,717",100% bullish,of 7 ratings,$10
ARQL,$1.7,1439824225052,"7,579",75% bullish,of 4 ratings,$5
DWAT,$10.21,1439824225158,"8,406",100% bearish,of 1 rating,N/A
ARWAW,NULL,1439824225264,0,Not yet rated,NULL,N/A
ARWR,$5.61,1439824225292,"304,264",75% bullish,of 4 ratings,$10.50
ARRS,$27.55,1439824225371,"118,269",50% bullish,of 2 ratings,$38
ARTNA,$22.33,1439824225428,"1,623",100% bearish,of 1 rating,$29
AROW,$27.99,1439824225454,"2,118",Not yet rated,NULL,N/A
ASND,$16.66,1439824225504,"37,305",100% bullish,of 1 rating,$30
ASBB,$24.5,1439824225586,100,Not yet rated,NULL,N/A
ARTW,$4.44,1439824225611,102,75% bearish,of 4 ratings,N/A
ASNA,$12.41,1439824225661,"169,908",50% bullish,of 2 ratings,$18
ASCMA,$29.45,1439824225791,"32,975",100% bearish,of 1 rating,$45
ASTI,$0.1603,1439824225879,"1,169,128",83% bullish,of 6 ratings,$3
APWC,$2.09,1439824225946,20,100% bearish,of 1 rating,N/A
ASMI,$38.94,1439824226051,300,50% bullish,of 2 ratings,N/A
ASML,$92.4,1439824226079,"193,152",67% bullish,of 3 ratings,$127
ASFI,$9.25,1439824226112,"5,400",100% bullish,of 1 rating,N/A
AZPN,$39.18,1439824226140,"219,500",50% bullish,of 2 ratings,$42
ASTE,$38.17,1439824226304,"23,005",100% bearish,of 1 rating,$48
ASMB,$13.42,1439824226343,"5,912",67% bullish,of 3 ratings,N/A
ATRO,$58.62,1439824226401,"45,018",100% bearish,of 2 ratings,$80
ALOT,NULL,1439824226448,0,100% bearish,of 1 rating,N/A
ASUR,$6,1439824226504,"1,690",Not yet rated,NULL,$8
ASTC,$2.4,1439824226532,475,100% bullish,of 5 ratings,N/A
ATRA,$48.62,1439824226702,"40,551",50% bullish,of 2 ratings,$68
ATAI,$3.16,1439824226782,"21,546",100% bearish,of 1 rating,N/A
ATHX,$1.19,1439824226876,"39,749",89% bullish,of 9 ratings,$5
AFCB,NULL,1439824226911,0,Not yet rated,NULL,N/A
AAPC,$10.19,1439824226943,44,Not yet rated,NULL,N/A
ATHN,$139.64,1439824226969,"25,103",67% bearish,of 3 ratings,$153
AAME,NULL,1439824227050,0,Not yet rated,NULL,N/A
ATLC,$3.94,1439824227114,"1,900",67% bullish,of 3 ratings,N/A
ATNI,$73.68,1439824227207,"17,998",100% bearish,of 1 rating,$69.50
ACFC,$6.43,1439824227233,"78,261",Not yet rated,NULL,$6.50
AAWW,$45.35,1439824227368,"35,203",50% bullish,of 2 ratings,$65
ATML,$7.87,1439824227435,"566,386",78% bullish,of 9 ratings,$9.50
ATOS,$0.9592,1439824227462,"16,595",100% bullish,of 7 ratings,$7
AFH,$17.12,1439824227500,"1,237",Not yet rated,NULL,$21.50
ATRI,$398.02,1439824227629,618,Not yet rated,NULL,N/A
ATRC,$27.16,1439824227735,"22,011",100% bullish,of 1 rating,$30
ATTU,$14.62,1439824227788,524,100% bearish,of 1 rating,$20.50
ATRM,$3,1439824227815,"1,032",50% bullish,of 2 ratings,N/A
AUBN,NULL,1439824227970,0,Not yet rated,NULL,N/A
LIFE,$15.985,1439824228004,"30,748",86% bullish,of 7 ratings,$43
AUDC,$3.2779,1439824228025,"20,151",80% bullish,of 5 ratings,$5
AUPH,$3.5399,1439824228055,"5,245",100% bearish,of 1 rating,$8
EARS,$5,1439824228105,"7,563",100% bearish,of 2 ratings,$12
ADAT,$0.12,1439824228368,"3,199",100% bullish,of 2 ratings,N/A
ADSK,$54.97,1439824228418,"103,258",83% bullish,of 6 ratings,$69.50
ABTL,$19.83,1439824228467,"13,449",100% bullish,of 4 ratings,$20.25
AVGO,$123.2,1439824228600,"344,508",88% bullish,of 8 ratings,$160
ADP,$83.5,1439824228627,"374,552",100% bearish,of 1 rating,$88
AAVL,$11.01,1439824228656,"567,185",100% bearish,of 1 rating,$20
AVNU,NULL,1439824228767,0,Not yet rated,NULL,$14
AVNW,$1.14,1439824228846,"10,702",50% bullish,of 2 ratings,$2.20
AVEO,$1.975,1439824228874,"11,632,295",75% bullish,of 8 ratings,$3
AVGR,$15.5,1439824229031,"4,190",100% bearish,of 1 rating,$20
AWRE,$3.2,1439824229096,200,67% bullish,of 3 ratings,N/A
AVID,$9.22,1439824229127,"36,158",100% bearish,of 1 rating,$20
ACLS,$3.21,1439824229226,"79,132",67% bullish,of 6 ratings,$4.75
AXPW,$1.35,1439824229254,"15,765",83% bullish,of 6 ratings,N/A
CAR,$45.22,1439824229281,"464,684",80% bullish,of 5 ratings,$60
AXPWW,$1.47,1439824229571,192,Not yet rated,NULL,N/A
AXTI,$2.19,1439824229668,"4,610",50% bullish,of 2 ratings,$2.75
BCOM,$19.97,1439824229751,416,100% bearish,of 1 rating,N/A
RILY,$10,1439824229781,50,Not yet rated,NULL,N/A
BEAV,$50.79,1439824229803,"45,575",67% bearish,of 3 ratings,$59
AXGN,$3.8025,1439824229839,"6,635",Not yet rated,NULL,$5
BOSC,$2.37,1439824229860,"6,576",50% bullish,of 2 ratings,N/A
BIDU,$166.26,1439824229932,"707,298",81% bullish,of 88 ratings,$215
BWINA,NULL,1439824230123,0,Not yet rated,NULL,N/A
BCPC,$60.78,1439824230148,"37,028",100% bearish,of 1 rating,$75
BLDP,$1.32,1439824230174,"48,445",91% bullish,of 22 ratings,$2.50
BWINB,$23.45,1439824230352,"13,484",Not yet rated,NULL,N/A
BANF,$63.79,1439824230378,600,Not yet rated,NULL,$68
BANFP,NULL,1439824230529,0,Not yet rated,NULL,N/A
BKMU,$7.35,1439824230589,"4,132",Not yet rated,NULL,$8
BKSC,NULL,1439824230654,0,Not yet rated,NULL,N/A
BMRC,$48.54,1439824230683,305,Not yet rated,NULL,$52
BOCH,$5.79,1439824230704,"1,728",Not yet rated,NULL,$6.50
BFIN,$12.33,1439824230838,700,Not yet rated,NULL,$13
OZRK,$43.57,1439824230868,"51,338",67% bullish,of 3 ratings,$49.50
BOTJ,$11.11,1439824230914,"1,256",Not yet rated,NULL,N/A
BWFG,$18.02,1439824230977,592,100% bearish,of 1 rating,N/A
BANR,$47.95,1439824231148,"2,556",100% bullish,of 3 ratings,$50
BZUN,$7.68,1439824231174,"18,672",50% bullish,of 2 ratings,$13.85
TAPR,$31.2,1439824231353,26,100% bearish,of 1 rating,N/A
BHAC,NULL,1439824231455,0,Not yet rated,NULL,N/A
BHACR,NULL,1439824231481,0,Not yet rated,NULL,N/A
BHACU,NULL,1439824231511,0,Not yet rated,NULL,N/A
BHACW,NULL,1439824231568,0,Not yet rated,NULL,N/A
BSET,$31.53,1439824231613,"30,304",100% bearish,of 1 rating,$35
BBSI,$37.18,1439824231638,"9,857",67% bearish,of 3 ratings,$62.50
BYBK,$5.09,1439824231669,300,100% bearish,of 1 rating,N/A
BYLK,$12.9499,1439824231857,"1,324",Not yet rated,NULL,$14
BV,$5.37,1439824231900,"24,025",67% bullish,of 6 ratings,$9
BCBP,$11.7499,1439824231994,"3,585",Not yet rated,NULL,N/A
BBCN,$15.48,1439824232040,"27,902",100% bearish,of 1 rating,$16
BDCV,$4.97,1439824232065,3,100% bearish,of 1 rating,$10.19
BECN,$36,1439824232270,"23,234",50% bullish,of 2 ratings,$40
BSF,$9.1,1439824232325,30,Not yet rated,NULL,N/A
BELFB,$20.07,1439824232428,"2,541",100% bearish,of 1 rating,N/A
BBGI,$4.85,1439824232462,157,100% bearish,of 1 rating,N/A
BEBE,$1.89,1439824232484,"2,700",75% bullish,of 4 ratings,$3.075
BLPH,$4.04,1439824232559,"5,980",100% bearish,of 1 rating,$12.50
BBBY,$63.29,1439824232621,"258,512",71% bullish,of 7 ratings,$75
BELFA,$16.71,1439824232642,6,100% bearish,of 1 rating,N/A
BNCL,$12.89,1439824232787,"16,760",100% bullish,of 3 ratings,$12.50
BLCM,$18.555,1439824232919,"77,541",50% bullish,of 4 ratings,$40
BNFT,$39.71,1439824232980,"16,741",67% bullish,of 3 ratings,$46
BGMD,$0.8311,1439824233010,"116,711",100% bullish,of 10 ratings,N/A
BNTC,NULL,1439824233114,0,100% bullish,of 1 rating,N/A
BGFV,$11.18,1439824233163,"38,628",57% bullish,of 7 ratings,$12
BIND,$4.4901,1439824233190,"9,644",67% bullish,of 3 ratings,$13.50
BGCP,$9.495,1439824233220,"92,436",88% bullish,of 8 ratings,$14
BASI,$1.65,1439824233365,750,Not yet rated,NULL,N/A
ORPN,$5.55,1439824233422,"4,410",100% bullish,of 1 rating,$28.50
BCDA,NULL,1439824233451,0,Not yet rated,NULL,N/A
BIOD,$0.7003,1439824233583,"87,005",80% bullish,of 5 ratings,$4
BCRX,$12.04,1439824233641,"92,906",63% bullish,of 8 ratings,$18
BIIB,$314.61,1439824233668,"175,359",88% bullish,of 16 ratings,$400
BIOC,$1.873,1439824233796,"92,558",83% bullish,of 6 ratings,$3.70
BDSI,$6.56,1439824233827,"240,831",88% bullish,of 8 ratings,$17
BIOL,$1.6101,1439824233868,"7,308",Not yet rated,NULL,N/A
BLFS,$2.16,1439824234031,"2,003",100% bearish,of 1 rating,$4.75
BLRX,$1.54,1439824234098,"127,971",100% bullish,of 12 ratings,$7
BMRN,$136.95,1439824234126,"53,532",80% bullish,of 5 ratings,$160
BPTH,$1.169,1439824234153,"13,582",100% bullish,of 2 ratings,$5
BVXV,$4.2001,1439824234203,"26,331",Not yet rated,NULL,N/A
BRLI,$35.44,1439824234299,"39,671",83% bullish,of 6 ratings,$32
BIOS,$1.48,1439824234405,"443,275",71% bullish,of 7 ratings,$4
BVXVW,NULL,1439824234432,0,100% bearish,of 1 rating,N/A
BBC,$32.951,1439824234507,"3,096",Not yet rated,NULL,N/A
BSTC,$52.25,1439824234640,"16,982",100% bearish,of 1 rating,$76
BSPM,$0.66,1439824234818,374,50% bullish,of 2 ratings,N/A
BBP,$34.085,1439824234847,"8,400",Not yet rated,NULL,N/A
BOTA,$2.28,1439824234911,"16,007",86% bullish,of 7 ratings,N/A
BEAT,$12.32,1439824234940,"47,583",67% bearish,of 3 ratings,$15
TECH,$106.01,1439824234961,"31,289",100% bullish,of 1 rating,$117
BITI,$19.37,1439824234997,"17,681",100% bullish,of 1 rating,$28
BDMS,NULL,1439824235106,0,100% bearish,of 1 rating,N/A
BJRI,$46.4,1439824235168,"37,214",50% bullish,of 2 ratings,$55
BBOX,$16,1439824235307,"7,228",100% bearish,of 1 rating,N/A
BLKB,$63.38,1439824235379,"11,590",100% bearish,of 2 ratings,$66
BBRY,$7.5899,1439824235404,"568,636",61% bullish,of 330 ratings,$9
HAWK,$43.89,1439824235556,"72,243",90% bullish,of 10 ratings,$49
ADRA,NULL,1439824235617,0,Not yet rated,NULL,N/A
BDE,$7.6699,1439824235653,"24,461",50% bullish,of 2 ratings,$9
ADRE,$31.3777,1439824235682,"4,692",Not yet rated,NULL,N/A
BKCC,$9.46,1439824235708,"43,753",100% bullish,of 2 ratings,$10
ADRD,$23.4025,1439824235735,764,100% bearish,of 1 rating,N/A
BLMN,$21.82,1439824235916,"138,320",83% bullish,of 6 ratings,$27.50
ADRU,$23.04,1439824235941,"1,545",100% bearish,of 1 rating,N/A
BLBD,$13.09,1439824236015,"1,700",Not yet rated,NULL,N/A
BCOR,$13.65,1439824236075,"12,265",57% bullish,of 7 ratings,$15
BBLU,$0.8836,1439824236159,"10,582",100% bullish,of 2 ratings,$4.43
BUFF,$26.2999,1439824236194,"116,888",83% bullish,of 12 ratings,N/A
BHBK,$14.48,1439824236299,"7,182",100% bullish,of 1 rating,$14.50
BKEP,$6.8445,1439824236398,"12,028",100% bearish,of 1 rating,$8.50
BKEPP,NULL,1439824236439,0,100% bearish,of 1 rating,N/A
BLUE,$129.4,1439824236541,"175,420",86% bullish,of 7 ratings,$217.50
BPMC,$26.38,1439824236614,"64,258",50% bullish,of 2 ratings,$47.50
NILE,$34.52,1439824236683,"28,658",50% bullish,of 2 ratings,$34
BOFI,$129.7925,1439824236758,"22,056",100% bullish,of 6 ratings,$137.50
BOBE,$46.309,1439824236788,"18,436",75% bullish,of 4 ratings,$57
BOJA,$22.5416,1439824236890,"82,010",100% bullish,of 1 rating,$30
WIFI,$9.145,1439824236927,"69,793",50% bullish,of 2 ratings,$13.50
BOKF,$65.51,1439824237021,"19,921",100% bearish,of 1 rating,$71
BNCN,$21.96,1439824237047,"10,613",Not yet rated,NULL,$22
BONA,$12.27,1439824237194,"173,246",75% bullish,of 4 ratings,$8.50
BAMM,$3.22,1439824237215,"1,899",60% bullish,of 5 ratings,N/A
BNSO,$1.4506,1439824237297,"28,494",100% bearish,of 1 rating,N/A
BPFH,$12.489,1439824237546,"9,983",100% bearish,of 1 rating,$14
BPFHW,$6.4,1439824237650,"1,278",100% bearish,of 1 rating,N/A
EPAY,$26.12,1439824237680,"7,036",100% bearish,of 2 ratings,$30
BPFHP,NULL,1439824237710,0,100% bearish,of 1 rating,N/A
BCLI,$2.85,1439824237779,"34,422",80% bullish,of 5 ratings,$12
BDBD,$9.08,1439824237806,"133,223",60% bullish,of 5 ratings,$10
BBEPP,$14.426,1439824238144,"5,573",100% bearish,of 1 rating,N/A
BRID,NULL,1439824238172,0,100% bearish,of 1 rating,N/A
BBRG,$13.03,1439824238193,"16,768",67% bullish,of 3 ratings,$14.50
BDGE,$27.97,1439824238234,"1,128",Not yet rated,NULL,$31.75
BBEP,$2.6,1439824238261,"569,011",69% bullish,of 13 ratings,$5.625
BCOV,$5.49,1439824238329,"9,741",67% bullish,of 3 ratings,$10.20
BLIN,$1.45,1439824238378,500,50% bullish,of 2 ratings,$2.80
BRCM,$50.94,1439824238406,"364,435",75% bullish,of 12 ratings,$56
BSFT,$34.1,1439824238576,"14,571",57% bullish,of 7 ratings,$40.50
BVSN,$5.91,1439824238634,526,60% bearish,of 5 ratings,N/A
BRCD,$10.085,1439824238834,"220,332",92% bullish,of 13 ratings,$12.50
BRKL,$10.85,1439824238859,"24,085",100% bearish,of 1 rating,$10.75
BYFC,$1.48,1439824238903,200,50% bullish,of 2 ratings,N/A
BRKS,$11.05,1439824238997,"21,310",67% bullish,of 3 ratings,$15.25
BWEN,$3.57,1439824239031,"5,240",100% bullish,of 3 ratings,$8
BRKR,$20.32,1439824239099,"30,548",100% bearish,of 2 ratings,$22
BSQR,$7.33,1439824239164,"107,190",67% bullish,of 3 ratings,N/A
BLMT,$21.16,1439824239228,100,Not yet rated,NULL,N/A
BMTC,$29.89,1439824239361,"11,530",Not yet rated,NULL,$34
BWLD,$196.16,1439824239399,"20,230",82% bullish,of 11 ratings,$205
BLDR,$14.23,1439824239425,"101,424",50% bullish,of 2 ratings,$22
CHRW,$69.21,1439824239558,"128,358",Not yet rated,NULL,$72
CFFI,$36.4999,1439824239586,"3,700",100% bearish,of 1 rating,N/A
BUR,$2.078,1439824239630,900,100% bearish,of 1 rating,$8
CCMP,$45.77,1439824239759,"2,564",50% bullish,of 2 ratings,$59
CA,$29.4,1439824239838,"200,020",50% bullish,of 4 ratings,$33
CDNS,$21.66,1439824239942,"178,988",75% bullish,of 4 ratings,$22.50
CACQ,$7.23,1439824239969,"2,262",100% bearish,of 1 rating,$12.25
CDZI,$7.375,1439824240038,"7,102",100% bearish,of 1 rating,N/A
CSTE,$49.03,1439824240097,"216,094",100% bearish,of 1 rating,$65
CZR,$7.535,1439824240125,"215,014",60% bearish,of 5 ratings,$10.50
CLBS,$1.41,1439824240203,"95,045",79% bullish,of 14 ratings,$4
PRSS,$4.642,1439824240261,"7,132",80% bullish,of 5 ratings,$4.50
CHY,$11.8699,1439824240480,"68,936",Not yet rated,NULL,N/A
CLMS,$11.99,1439824240513,"9,701",Not yet rated,NULL,$10.50
CHI,$11.14,1439824240540,"72,852",100% bearish,of 1 rating,N/A
CHW,$8.1,1439824240569,"48,114",100% bearish,of 1 rating,N/A
CCD,$20.8745,1439824240612,"26,019",Not yet rated,NULL,N/A
CFGE,$11.0699,1439824240675,"2,000",Not yet rated,NULL,N/A
CGO,$12.81,1439824240700,"11,650",100% bearish,of 1 rating,N/A
CVGW,$52.84,1439824240910,"13,373",50% bullish,of 2 ratings,$58.50
CAMP,$16.44,1439824240969,"32,059",86% bullish,of 7 ratings,$25
CSQ,$10.5595,1439824240997,"73,714",Not yet rated,NULL,N/A
CFNB,NULL,1439824241018,0,100% bearish,of 1 rating,N/A
CALA,$5.52,1439824241148,"64,568",100% bullish,of 3 ratings,$19.50
CALD,$16.375,1439824241173,"57,409",100% bearish,of 1 rating,$20.50
CLMT,$26.236,1439824241339,"78,040",75% bullish,of 8 ratings,$31
ABCD,$4.6625,1439824241374,"16,762",83% bullish,of 6 ratings,N/A
CALM,$52.155,1439824241396,"76,182",80% bullish,of 5 ratings,$65
CAMBU,NULL,1439824241474,0,100% bearish,of 1 rating,N/A
CAMB,NULL,1439824241501,0,Not yet rated,NULL,N/A
CAMBW,NULL,1439824241538,0,Not yet rated,NULL,N/A
CAC,$40.41,1439824241634,"2,200",Not yet rated,NULL,N/A
CAMT,$2.9,1439824241659,"8,763",73% bullish,of 11 ratings,$4
CSIQ,$24.23,1439824241799,"568,758",86% bullish,of 28 ratings,$45
CGIX,$11.14,1439824241824,"8,192",67% bullish,of 3 ratings,$14.375
CPHC,NULL,1439824242055,0,100% bearish,of 1 rating,N/A
CBNJ,$10.88,1439824242093,"15,550",100% bullish,of 1 rating,N/A
CBF,$30.26,1439824242119,"1,172",Not yet rated,NULL,$32
CPLA,$49.87,1439824242144,"13,697",50% bullish,of 2 ratings,$65
CCBG,NULL,1439824242287,0,Not yet rated,NULL,$17.25
CPLP,$7.31,1439824242318,"100,746",71% bullish,of 7 ratings,$11
CSWC,$49.76,1439824242339,"5,384",Not yet rated,NULL,N/A
CPTA,$15.11,1439824242469,"14,219",Not yet rated,NULL,$18.50
CFFN,$12.23,1439824242499,"30,577",Not yet rated,NULL,$12.75
CAPN,$2.4099,1439824242561,"207,151",100% bullish,of 1 rating,$10.85
CAPNW,NULL,1439824242692,0,Not yet rated,NULL,N/A
CPST,$0.4048,1439824242735,"211,621",95% bullish,of 22 ratings,$1
CAPR,$4.18,1439824242760,"2,184",Not yet rated,NULL,$12
CARB,$11.57,1439824242829,"26,238",75% bullish,of 4 ratings,$12
CBYL,$6.2301,1439824243057,"1,243",100% bearish,of 1 rating,$20
CRDC,$0.3801,1439824243085,"51,511",100% bullish,of 1 rating,$1.25
CARA,$21.95,1439824243113,"86,233",50% bullish,of 4 ratings,$27.50
CFNL,$23.63,1439824243134,"7,644",Not yet rated,NULL,$24
CATM,$35.1494,1439824243264,"16,680",100% bearish,of 1 rating,$44
CSII,$24.05,1439824243296,"33,282",100% bearish,of 2 ratings,$42.125
CRME,$9.75,1439824243321,"3,412",89% bullish,of 9 ratings,$11.25
CDNA,$6.32,1439824243352,20,100% bearish,of 1 rating,$9
CTRE,$11.33,1439824243489,"57,118",50% bullish,of 2 ratings,N/A
CECO,$4,1439824243538,"99,240",67% bearish,of 3 ratings,$6
CLBH,NULL,1439824243803,0,Not yet rated,NULL,$16.50
CRZO,$34.7,1439824243942,"74,090",67% bearish,of 3 ratings,$57
CKEC,$23.98,1439824243969,"22,656",50% bullish,of 2 ratings,$35.915
CARV,$5.85,1439824244009,200,50% bullish,of 2 ratings,N/A
CRTN,NULL,1439824244038,0,100% bearish,of 1 rating,N/A
CART,$5.49,1439824244063,159,100% bearish,of 1 rating,N/A
CARO,$15.64,1439824244097,"11,264",100% bearish,of 1 rating,$19
TAST,$12.8601,1439824244238,"27,468",Not yet rated,NULL,$14.25
CASM,$1.12,1439824244263,"8,962",100% bullish,of 1 rating,$3.50
CACB,$5.54,1439824244292,"5,460",Not yet rated,NULL,$5.50
CWST,$6.34,1439824244452,"11,025",50% bullish,of 2 ratings,$7
CASY,$107.8323,1439824244478,"40,461",50% bullish,of 2 ratings,$99.50
CSCD,$14,1439824244508,"4,900",100% bullish,of 2 ratings,$17
CASI,$1.47,1439824244612,11,100% bullish,of 1 rating,$3.50
CASS,$51.7,1439824244823,769,100% bearish,of 1 rating,N/A
CATB,$11.81,1439824244852,"6,136",100% bearish,of 1 rating,$28
CPRX,$4.18,1439824244879,"86,786",71% bullish,of 7 ratings,$7
CATYW,NULL,1439824244952,0,100% bearish,of 1 rating,N/A
CVCO,$73.18,1439824245015,"1,619",100% bearish,of 1 rating,N/A
CATY,$32.15,1439824245048,"42,783",100% bearish,of 1 rating,$33.50
CAVM,$73.25,1439824245069,"102,217",67% bearish,of 3 ratings,$72
CNLM,NULL,1439824245098,0,Not yet rated,NULL,N/A
CBFV,NULL,1439824245246,0,Not yet rated,NULL,N/A
CNLMR,NULL,1439824245375,0,Not yet rated,NULL,N/A
CNLMW,NULL,1439824245402,0,Not yet rated,NULL,N/A
CNLMU,NULL,1439824245449,0,100% bullish,of 1 rating,N/A
CBOE,$63.86,1439824245617,"51,127",Not yet rated,NULL,$60
CPXX,$2.22,1439824245751,"30,335",100% bullish,of 2 ratings,$7
CDK,$51.1,1439824245783,"48,648",67% bearish,of 3 ratings,$50
CELG,$130.703,1439824245810,"397,717",92% bullish,of 13 ratings,$155.50
CECE,$10.07,1439824245850,"21,209",50% bullish,of 2 ratings,$16
CDW,$39.6,1439824245879,"228,520",75% bullish,of 4 ratings,$44
CLDN,$1.05,1439824245906,"64,796",71% bullish,of 7 ratings,$3
CELGZ,$2.07,1439824245938,"2,000",80% bullish,of 5 ratings,N/A
CLRB,NULL,1439824246107,0,100% bearish,of 1 rating,N/A
CLDX,$16.07,1439824246133,"326,477",89% bullish,of 9 ratings,$36
CLRBW,NULL,1439824246162,0,Not yet rated,NULL,N/A
CLLS,$32.95,1439824246263,"8,131",75% bullish,of 4 ratings,$51.50
CBMG,$23,1439824246333,"17,710",50% bullish,of 2 ratings,N/A
CLSN,$2.19,1439824246631,"44,841",80% bullish,of 10 ratings,$7.50
CYAD,$55.11,1439824246662,200,100% bullish,of 1 rating,$87.50
CLTX,$0.6,1439824246693,"4,130",100% bullish,of 2 ratings,N/A
CFBK,NULL,1439824246714,0,Not yet rated,NULL,N/A
CEMP,$36.79,1439824246748,"174,280",71% bullish,of 7 ratings,$48.50
CSFL,$14.135,1439824246769,"20,897",Not yet rated,NULL,$15
CETX,$2.56,1439824246801,"7,414",Not yet rated,NULL,$5.60
CETV,$2.26,1439824246994,"9,287",67% bullish,of 3 ratings,$2.80
CENT,$11.415,1439824247138,"3,178",Not yet rated,NULL,$10
CENX,$5.93,1439824247189,"369,499",67% bullish,of 6 ratings,$9
CVCY,$11.11,1439824247217,811,Not yet rated,NULL,$12
CENTA,$12.22,1439824247238,"8,893",Not yet rated,NULL,N/A
CPHD,$50.92,1439824247389,"128,004",50% bullish,of 2 ratings,$67
CRNT,$1.425,1439824247451,"188,064",50% bullish,of 2 ratings,$2
CNTY,$6.32,1439824247476,"4,270",80% bullish,of 5 ratings,$7.75
CERE,$1.6001,1439824247504,"313,467",88% bullish,of 8 ratings,N/A
CNBKA,$41.56,1439824247534,692,100% bullish,of 1 rating,N/A
CERN,$64.64,1439824247633,"362,531",67% bullish,of 3 ratings,$79
CERU,$3.3014,1439824247733,"40,452",75% bullish,of 4 ratings,$15
CERS,$4.8,1439824247765,"110,025",75% bullish,of 4 ratings,$7
KOOL,$0.72,1439824247895,"12,215",100% bullish,of 5 ratings,$7
CYOU,$20,1439824247921,"102,506",50% bullish,of 6 ratings,$24
CEVA,$19.08,1439824248106,"15,620",100% bearish,of 1 rating,$25
HOTR,$1.4501,1439824248207,"376,125",100% bullish,of 2 ratings,$5
CTHR,$1.201,1439824248248,"2,804",50% bullish,of 2 ratings,$2.50
CHTR,$182.335,1439824248286,"131,018",100% bearish,of 2 ratings,$196
HOTRW,NULL,1439824248420,0,Not yet rated,NULL,N/A
CHFN,$12.53,1439824248476,"2,899",Not yet rated,NULL,$14
GTLS,$25.09,1439824248504,"63,264",50% bullish,of 4 ratings,$40
CHEK,NULL,1439824248525,0,Not yet rated,NULL,$7.75
CHKP,$81.26,1439824248570,"75,470",50% bullish,of 4 ratings,$92
CHEKW,$1.11,1439824248674,"1,000",Not yet rated,NULL,N/A
CHFC,$32.74,1439824248702,"8,211",100% bearish,of 1 rating,$36
CEMI,$4.73,1439824248728,100,50% bullish,of 2 ratings,$7.50
CCXI,$6.56,1439824248864,"6,684",67% bullish,of 3 ratings,$14
CHEV,$14.35,1439824249121,300,Not yet rated,NULL,N/A
CHMA,$28.685,1439824249150,"229,084",Not yet rated,NULL,$40
CMRX,$50.925,1439824249172,"19,703",50% bullish,of 2 ratings,$57
CHKE,$27.84,1439824249230,"1,919",100% bearish,of 1 rating,$32.50
CBNK,$16.62,1439824249311,100,100% bearish,of 1 rating,N/A
CHMG,$26.5,1439824249338,150,Not yet rated,NULL,$30
PLCE,$59.81,1439824249413,"46,066",100% bearish,of 1 rating,$71
CAAS,$6.65,1439824249480,"24,411",93% bullish,of 14 ratings,$11.50
CALI,$1.0035,1439824249510,"13,000",67% bullish,of 3 ratings,N/A
CADC,NULL,1439824249560,0,78% bullish,of 9 ratings,N/A
CBAK,$2.34,1439824249591,"15,247",67% bullish,of 9 ratings,N/A
CBPO,$109.85,1439824249730,"44,900",75% bullish,of 8 ratings,$140.50
JRJC,$4.46,1439824249876,500,82% bullish,of 11 ratings,N/A
CCCL,NULL,1439824249902,0,100% bullish,of 6 ratings,N/A
CCCR,$0.66,1439824249981,"7,554",67% bearish,of 3 ratings,N/A
CHOP,$1.31,1439824250131,749,50% bullish,of 2 ratings,N/A
HGSH,$1.834,1439824250235,"5,883",67% bullish,of 3 ratings,N/A
CNIT,$1.88,1439824250264,"93,494",67% bullish,of 6 ratings,N/A
CHLN,$1.38,1439824250290,928,67% bullish,of 3 ratings,N/A
CHNR,NULL,1439824250362,0,100% bearish,of 1 rating,N/A
HTHT,$23.99,1439824250442,"85,358",50% bullish,of 2 ratings,$28
CREG,$0.8,1439824250472,"17,588",100% bullish,of 3 ratings,N/A
CJJD,$2.26,1439824250499,"8,828",100% bullish,of 1 rating,N/A
CXDC,$6.2,1439824250630,"7,842",67% bullish,of 3 ratings,N/A
CPGI,$6.98,1439824250659,24,Not yet rated,NULL,N/A
CSUN,NULL,1439824250688,0,80% bullish,of 5 ratings,N/A
CNTF,$0.9498,1439824250788,"4,526",Not yet rated,NULL,N/A
CNYD,$3.22,1439824250885,100,67% bullish,of 3 ratings,N/A
CNET,$0.8,1439824251028,"32,765",50% bullish,of 2 ratings,N/A
CHSCN,$27.4495,1439824251178,"3,682",Not yet rated,NULL,N/A
CHSCO,$28.5,1439824251209,"2,001",Not yet rated,NULL,N/A
CHSCM,$26.3599,1439824251237,"4,841",Not yet rated,NULL,N/A
CCIH,$10.005,1439824251258,"6,474",67% bullish,of 6 ratings,$12.65
CHSCP,$30.8,1439824251291,"1,166",Not yet rated,NULL,N/A
IMOS,$16.75,1439824251317,"21,458",60% bullish,of 5 ratings,$21.50
CHDN,$135.98,1439824251387,"39,138",Not yet rated,NULL,$165
CHUY,$33.54,1439824251471,"18,043",50% bullish,of 2 ratings,$34
CDTX,$14.41,1439824251682,901,Not yet rated,NULL,$22
CIFC,$7.3,1439824251712,3,Not yet rated,NULL,N/A
CMCT,NULL,1439824251740,0,100% bearish,of 1 rating,N/A
CHSCL,$27.1999,1439824251815,"18,479",Not yet rated,NULL,N/A
CMPR,$70.09,1439824251889,"35,205",50% bullish,of 2 ratings,$72.50
CINF,$56.56,1439824251918,"42,840",50% bullish,of 4 ratings,$50.50
CIDM,$0.69,1439824252015,"44,746",50% bullish,of 2 ratings,$2.10
CTAS,$88.43,1439824252117,"45,552",100% bearish,of 1 rating,$91
CPHR,$7.02,1439824252162,"3,500",100% bearish,of 1 rating,$16
CRUS,$29.55,1439824252249,"85,098",75% bullish,of 12 ratings,$44.50
CSCO,$28.895,1439824252278,"5,568,029",84% bullish,of 208 ratings,$32.50
CTRN,$22.93,1439824252308,"9,696",100% bearish,of 1 rating,$29.50
CZNC,$20.319,1439824252431,451,Not yet rated,NULL,N/A
CZFC,NULL,1439824252465,0,Not yet rated,NULL,N/A
CZWI,NULL,1439824252486,0,Not yet rated,NULL,N/A
CIZN,$19.44,1439824252563,200,Not yet rated,NULL,N/A
CTXS,$77.515,1439824252744,"138,223",86% bullish,of 7 ratings,$80
CIVB,$10.28,1439824252769,6,Not yet rated,NULL,$11
CHCO,$48.56,1439824252796,"9,152",Not yet rated,NULL,$46
CLNT,$2.03,1439824252928,"23,000",75% bullish,of 8 ratings,N/A
CDTI,$1.7,1439824253009,"77,890",75% bullish,of 4 ratings,$3.25
CLNE,$4.89,1439824253040,"333,475",80% bullish,of 15 ratings,$9
CIVBP,NULL,1439824253142,0,Not yet rated,NULL,N/A
CLFD,$18.058,1439824253223,"4,719",67% bullish,of 3 ratings,$18
CLRO,$11.815,1439824253276,881,50% bullish,of 2 ratings,$14.25
CSBK,$14.03,1439824253307,"6,342",Not yet rated,NULL,N/A
CBLI,$3.7605,1439824253328,"23,682",60% bullish,of 5 ratings,N/A
CLVS,$78.475,1439824253405,"61,909",60% bullish,of 5 ratings,$101.50
CLIR,$4.97,1439824253462,"28,392",100% bullish,of 3 ratings,N/A
CME,$97.84,1439824253630,"131,884",67% bullish,of 3 ratings,$102
CMFN,$11.31,1439824253798,"12,217",100% bearish,of 1 rating,$15.50
CWAY,$11.47,1439824253832,300,Not yet rated,NULL,N/A
CISG,$8.61,1439824253854,"11,733",100% bullish,of 5 ratings,$10
CCNE,$17.49,1439824253884,"2,315",50% bullish,of 2 ratings,$21.50
CNV,$4.7004,1439824253928,"1,715",50% bullish,of 2 ratings,$7.15
COBZ,$12.845,1439824254014,"19,956",100% bullish,of 1 rating,$14
CDRB,$12.4,1439824254040,780,67% bullish,of 3 ratings,N/A
COKE,$163.55,1439824254091,"2,906",79% bullish,of 19 ratings,N/A
CDXS,$3.855,1439824254251,"36,917",64% bullish,of 11 ratings,$6
CVLY,NULL,1439824254323,0,Not yet rated,NULL,N/A
CGNT,$1.59,1439824254349,"3,759",100% bullish,of 2 ratings,$2
CCOI,$29.25,1439824254425,"46,408",50% bullish,of 4 ratings,$35
JVA,$4.77,1439824254506,175,83% bullish,of 6 ratings,$7
CTSH,$67.18,1439824254532,"388,605",90% bullish,of 10 ratings,$74.50
CGNX,$37.083,1439824254554,"54,875",50% bullish,of 2 ratings,$47
COHR,$59.31,1439824254750,"5,820",50% bullish,of 2 ratings,$72
CHRS,$33.88,1439824254823,"10,103",67% bearish,of 3 ratings,$37
CLCT,$19.94,1439824254854,"1,817",100% bearish,of 1 rating,N/A
CLRX,$0.5015,1439824254905,"9,837",50% bullish,of 2 ratings,$1.85
COHU,$9.495,1439824254955,"8,569",100% bearish,of 1 rating,$14.25
CIGI,$47.26,1439824255010,"2,628",100% bearish,of 1 rating,$52
CBAN,NULL,1439824255144,0,Not yet rated,NULL,N/A
COLL,$15.89,1439824255191,"10,650",100% bearish,of 1 rating,$26
CLCD,$7.5438,1439824255281,"5,400",100% bearish,of 1 rating,$20.50
COLB,$33.03,1439824255319,"20,650",Not yet rated,NULL,$36
CMCO,$21.86,1439824255384,"3,128",60% bullish,of 5 ratings,$28
COLM,$66.035,1439824255413,"20,502",100% bearish,of 1 rating,$71
CBMX,$1.321,1439824255519,"4,264",83% bullish,of 6 ratings,$3.15
CMCSK,$60.14,1439824255584,"484,907",Not yet rated,NULL,$84
CMCSA,$59.635,1439824255614,"1,491,013",66% bullish,of 35 ratings,$69.50
CBSH,$47.6,1439824255668,"37,832",50% bullish,of 2 ratings,$46
CUBN,$13.8,1439824255865,"4,000",Not yet rated,NULL,N/A
CVGI,$4.76,1439824255897,"78,999",50% bullish,of 2 ratings,$6
CBSHP,$25.4321,1439824255923,"2,804",100% bearish,of 1 rating,N/A
COMM,$31.65,1439824255995,"90,168",67% bearish,of 3 ratings,$35
CSAL,$23.235,1439824256125,"107,400",75% bullish,of 4 ratings,$30
JCS,$9.71,1439824256150,100,67% bullish,of 3 ratings,N/A
ESXB,$5.06,1439824256222,859,Not yet rated,NULL,N/A
CYHHZ,$0.012,1439824256328,"70,400",100% bullish,of 1 rating,N/A
COB,$10.79,1439824256601,600,100% bullish,of 1 rating,$11.50
CTBI,$35.08,1439824256655,"2,768",Not yet rated,NULL,$36
CWBC,NULL,1439824256687,0,Not yet rated,NULL,N/A
CVLT,$37.6,1439824256708,"59,243",75% bullish,of 4 ratings,$44.50
CID,NULL,1439824256729,0,Not yet rated,NULL,N/A
CIL,NULL,1439824256771,0,Not yet rated,NULL,N/A
CIZ,$35.08,1439824256792,"1,342",100% bearish,of 1 rating,N/A
CSA,NULL,1439824256865,0,Not yet rated,NULL,N/A
CSF,NULL,1439824257105,0,100% bearish,of 1 rating,N/A
CFA,$37.5399,1439824257252,250,100% bearish,of 1 rating,N/A
CFO,$37.5968,1439824257279,"1,813",100% bearish,of 1 rating,N/A
CDC,NULL,1439824257299,0,Not yet rated,NULL,N/A
CSB,NULL,1439824257433,0,Not yet rated,NULL,N/A
CDL,NULL,1439824257462,0,Not yet rated,NULL,N/A
CPSI,$46.73,1439824257483,"6,842",100% bearish,of 1 rating,$45.50
SCOR,$64.57,1439824257513,"65,332",100% bearish,of 1 rating,$66
CGEN,$5.75,1439824257534,"18,545",50% bullish,of 2 ratings,$11
CTG,$6.59,1439824257668,"15,323",100% bearish,of 1 rating,$8.50
CMTL,$28.26,1439824257702,"1,694",100% bearish,of 2 ratings,$37
CNAT,$4.1599,1439824257832,"35,066",83% bullish,of 6 ratings,$13
CNSI,$19.06,1439824257862,"14,531",100% bearish,of 2 ratings,$29
CHCI,$0.5499,1439824257913,"25,400",50% bullish,of 2 ratings,N/A
CNCE,$17.072,1439824257939,"34,092",75% bullish,of 4 ratings,$22
CXRX,$77.8762,1439824258232,"2,755",Not yet rated,NULL,$90
CDOR,$1.4,1439824258294,"3,482",100% bullish,of 1 rating,N/A
CDORP,NULL,1439824258333,0,100% bearish,of 1 rating,N/A
CCUR,$5.14,1439824258375,"3,800",75% bullish,of 4 ratings,N/A
CFMS,$22.4,1439824258405,"60,422",Not yet rated,NULL,$27
CNMD,$56.35,1439824258436,"4,822",Not yet rated,NULL,$59
CNFR,$10.5,1439824258457,"6,493",Not yet rated,NULL,N/A
CDORO,$19.55,1439824258478,350,100% bearish,of 1 rating,N/A
CNOB,$20.25,1439824258734,"2,145",100% bullish,of 1 rating,$23.50
CTWS,$35.09,1439824258803,"1,844",100% bearish,of 1 rating,$44
CONN,$35.2,1439824258829,"20,330",67% bullish,of 3 ratings,$48.50
CNXR,$6.791,1439824258854,"8,810",100% bearish,of 1 rating,$12
CNSL,$20.6,1439824259019,"12,890",100% bearish,of 1 rating,$23
CFRXW,$1.96,1439824259151,"9,800",100% bearish,of 1 rating,N/A
CWCO,$12.0101,1439824259206,"9,527",67% bullish,of 3 ratings,$14.50
CTCT,$24.485,1439824259235,"25,851",67% bullish,of 3 ratings,$37
CTRV,$4.58,1439824259268,"9,652",Not yet rated,NULL,$6.40
CPSS,$5.67,1439824259289,"6,270",100% bullish,of 1 rating,$10
CFRXZ,$0.54,1439824259310,"9,100",Not yet rated,NULL,N/A
CFRX,$5.17,1439824259348,"41,056",Not yet rated,NULL,$14
CRBP,$1.8899,1439824259546,"18,325",100% bullish,of 1 rating,$6.25
CPRT,$36.49,1439824259575,"24,140",67% bearish,of 3 ratings,$40
CORT,$5.48,1439824259596,"53,762",67% bullish,of 3 ratings,$12
CTRL,$8.63,1439824259618,"19,282",50% bullish,of 2 ratings,$11
CORE,$64.42,1439824259911,"19,420",100% bearish,of 1 rating,$72
BVA,$3.9,1439824259940,101,50% bullish,of 2 ratings,N/A
CSOD,$38.76,1439824259968,"100,808",50% bullish,of 2 ratings,$42
CORI,$11.565,1439824259993,"11,567",100% bearish,of 1 rating,$18
COST,$145.93,1439824260024,"140,411",83% bullish,of 24 ratings,$154.50
CSGP,$195.17,1439824260290,"16,205",50% bullish,of 2 ratings,$235
COSI,$1.2,1439824260318,"9,436",100% bullish,of 1 rating,N/A
ICBK,$18.43,1439824260447,80,Not yet rated,NULL,$21
CRVL,$33.045,1439824260505,901,100% bearish,of 1 rating,N/A
CPAH,$0.451,1439824260537,"2,485",50% bullish,of 2 ratings,N/A
COVS,$2.97,1439824260558,"30,325",67% bullish,of 3 ratings,N/A
CVTI,$25.42,1439824260580,"19,910",67% bearish,of 3 ratings,$39
COWN,$5.565,1439824260786,"220,727",75% bullish,of 4 ratings,$7
COWNL,NULL,1439824260816,0,Not yet rated,NULL,N/A
CPSH,NULL,1439824260841,0,Not yet rated,NULL,N/A
CRAI,$23.14,1439824261041,"2,773",Not yet rated,NULL,$36
BREW,$8.27,1439824261074,"10,367",67% bullish,of 6 ratings,$15
CRAY,$22.96,1439824261100,"24,965",83% bullish,of 6 ratings,$38.50
CBRL,$152,1439824261126,"38,412",50% bullish,of 2 ratings,$155
GLDI,$11.0105,1439824261177,"1,250",100% bearish,of 1 rating,N/A
CACC,$205.75,1439824261337,"10,019",50% bullish,of 2 ratings,$158.50
SLVO,$10.5999,1439824261442,"1,565",100% bearish,of 1 rating,N/A
CREE,$27.5,1439824261470,"194,771",65% bullish,of 17 ratings,$28.50
CRESY,$11.44,1439824261503,"4,282",100% bearish,of 1 rating,$19
CRDS,$1.13,1439824261607,879,50% bullish,of 4 ratings,$4.50
CRTO,$46.49,1439824261635,"79,666",67% bullish,of 6 ratings,$64
CROX,$14.89,1439824261710,"159,378",63% bullish,of 8 ratings,$16.50
CCRN,$14.125,1439824261797,"58,656",100% bearish,of 1 rating,$14.25
CYRX,$3.05,1439824261861,"9,742",Not yet rated,NULL,$9
CRWN,$4.77,1439824261934,"9,440",75% bullish,of 4 ratings,N/A
CRWS,$8.0801,1439824262006,"4,414",Not yet rated,NULL,$10
CYRXW,NULL,1439824262060,0,Not yet rated,NULL,N/A
CCLP,$15.3079,1439824262165,"14,374",67% bearish,of 3 ratings,$21
CSGS,$31.945,1439824262204,"12,281",Not yet rated,NULL,$40
CTIB,NULL,1439824262333,0,100% bearish,of 1 rating,N/A
CTIC,$1.78,1439824262360,"142,754",84% bullish,of 76 ratings,$5.75
CSPI,$6.11,1439824262413,"4,300",67% bullish,of 3 ratings,N/A
CTCM,$1.7801,1439824262440,"62,383",80% bearish,of 5 ratings,$3.90
CUNB,$22.54,1439824262597,300,Not yet rated,NULL,$24.50
CTRP,$71.625,1439824262625,"154,079",75% bullish,of 8 ratings,$92
CUI,$5.55,1439824262654,"6,586",50% bullish,of 2 ratings,$10
CPIX,$5.93,1439824262842,100,Not yet rated,NULL,N/A
CRIS,$2.89,1439824262942,"84,021",100% bullish,of 8 ratings,$6
CMLS,$1.34,1439824262978,"55,635",50% bullish,of 4 ratings,$6
CUTR,$15,1439824263000,"5,378",67% bearish,of 3 ratings,$18
CVBF,$17.48,1439824263071,"30,070",Not yet rated,NULL,$18
CVV,$13.2,1439824263097,"103,463",100% bullish,of 5 ratings,N/A
CYBR,$59.4023,1439824263140,"484,704",86% bullish,of 7 ratings,$66
CYAN,$7.62,1439824263166,610,100% bearish,of 1 rating,N/A
CYBE,$5.69,1439824263445,734,100% bearish,of 1 rating,N/A
CYBX,$59.1,1439824263478,"57,195",50% bullish,of 4 ratings,$70
CYCC,$0.6,1439824263530,"21,986",73% bullish,of 11 ratings,N/A
CYCCP,NULL,1439824263578,0,100% bearish,of 1 rating,N/A
CYNA,$15.04,1439824263714,"3,658",100% bullish,of 1 rating,$33
CY,$10.215,1439824263745,"704,052",80% bullish,of 10 ratings,$15.50
CBAY,$2.63,1439824263766,"15,611",100% bullish,of 1 rating,$4
CYNO,$34.03,1439824263818,"25,157",67% bearish,of 3 ratings,$45.50
CYTK,$6.62,1439824264111,"69,451",71% bullish,of 14 ratings,$13.50
CONE,$35.41,1439824264141,"223,381",67% bearish,of 3 ratings,$35
CYTX,$0.3932,1439824264170,"178,469",83% bullish,of 12 ratings,$5.50
CTSO,$7.39,1439824264216,"65,676",Not yet rated,NULL,$15.625
CYRN,$1.62,1439824264245,"93,051",67% bullish,of 3 ratings,$4
CYTR,$2.47,1439824264299,"182,815",67% bullish,of 6 ratings,$10
DAEG,$0.378,1439824264326,"7,855",100% bearish,of 1 rating,N/A
TVIZ,NULL,1439824264355,0,100% bearish,of 1 rating,N/A
ZIV,$50.19,1439824264538,"31,692",Not yet rated,NULL,N/A
TVIX,$5.5159,1439824264643,"1,375,117",81% bullish,of 16 ratings,N/A
XIV,$48.33,1439824264778,"2,555,884",75% bearish,of 4 ratings,N/A
DJCO,$210.4,1439824264844,"3,915",Not yet rated,NULL,N/A
DARA,$0.8801,1439824264911,"5,575",83% bullish,of 6 ratings,$1.50
DAKT,$12.1,1439824264943,"17,252",50% bullish,of 2 ratings,$14
DAIO,$2.6,1439824264970,12,Not yet rated,NULL,N/A
DTLK,$6.03,1439824264992,"8,768",100% bearish,of 1 rating,$9
DRAM,$1.494,1439824265046,100,78% bullish,of 9 ratings,N/A
DWCH,$5.2375,1439824265234,"12,176",75% bullish,of 4 ratings,$8.25
DWSN,$5.02,1439824265333,"1,581",67% bullish,of 3 ratings,$6
DBVT,$41.3932,1439824265360,"13,627",100% bearish,of 1 rating,$53
DTEA,$13.1101,1439824265389,"20,957",100% bearish,of 2 ratings,$24
PLAY,$37.11,1439824265411,"9,507",100% bullish,of 5 ratings,$42
DHRM,$1.73,1439824265440,75,Not yet rated,NULL,N/A
TRAK,$62.22,1439824265462,"20,705",50% bullish,of 2 ratings,$62.50
TACO,$13.8304,1439824265900,"76,083",100% bullish,of 3 ratings,$20
DGAS,$20.32,1439824265931,50,67% bearish,of 3 ratings,N/A
DCTH,$0.5001,1439824265952,"42,112",78% bullish,of 9 ratings,N/A
DELT,$2.4999,1439824265975,535,Not yet rated,NULL,N/A
TACOW,$4.55,1439824265996,"2,948",100% bullish,of 1 rating,N/A
DFRG,$15.305,1439824266035,"11,085",100% bearish,of 1 rating,$20
XRAY,$57,1439824266291,"40,780",100% bullish,of 1 rating,$58
DELTW,$0.17,1439824266344,"2,500",Not yet rated,NULL,N/A
DENN,$12.5,1439824266369,"66,667",100% bullish,of 3 ratings,$15
DSCI,$6.73,1439824266508,"38,254",50% bullish,of 2 ratings,$16
DERM,$24.95,1439824266538,"32,324",100% bearish,of 1 rating,$23
DEPO,$31.42,1439824266564,"125,696",75% bullish,of 4 ratings,$32
DXM,$0.3226,1439824266697,"34,636",50% bullish,of 2 ratings,N/A
DEST,$11.88,1439824266800,"5,247",50% bullish,of 2 ratings,N/A
DSWL,NULL,1439824266822,0,100% bullish,of 1 rating,N/A
DXCM,$97.89,1439824266843,"214,762",57% bullish,of 7 ratings,$98
DXLG,$4.8,1439824266897,"1,183",100% bearish,of 1 rating,$8
DHXM,NULL,1439824266979,0,Not yet rated,NULL,N/A
DMND,$32.05,1439824267007,"17,817",75% bullish,of 12 ratings,$32
DHIL,$191.008,1439824267035,385,Not yet rated,NULL,N/A
FANG,$72.5013,1439824267061,"158,987",50% bullish,of 2 ratings,$86
DCIX,$1.87,1439824267238,"8,248",50% bullish,of 4 ratings,$3.50
DRAD,$3.996,1439824267439,"3,200",100% bullish,of 1 rating,$5.25
DRNA,$11.02,1439824267471,"12,091",67% bearish,of 3 ratings,$25
DGLY,$7.73,1439824267538,"57,083",50% bullish,of 6 ratings,$20
DGII,$10.06,1439824267567,"1,624",100% bearish,of 1 rating,$10
DMRC,$37.57,1439824267600,"19,043",100% bearish,of 1 rating,$44
DCOM,$17.242,1439824267671,"13,306",100% bearish,of 2 ratings,$16.50
DIOD,$20.2,1439824267731,"13,061",75% bearish,of 4 ratings,$24
DPRX,$14.01,1439824267763,"7,900",100% bullish,of 2 ratings,$27.75
APPS,$2.36,1439824267859,"16,125",100% bearish,of 1 rating,$10.25
DISCA,$28.73,1439824267961,"239,635",67% bullish,of 3 ratings,$34
DISCB,NULL,1439824268027,0,100% bearish,of 1 rating,$35
DISCK,$27.39,1439824268059,"179,489",100% bearish,of 1 rating,$40
DSCO,$0.4772,1439824268087,"160,117",83% bullish,of 6 ratings,$2.75
DISH,$66.98,1439824268161,"134,922",69% bullish,of 13 ratings,$73
DVCR,$12.62,1439824268294,714,100% bullish,of 1 rating,N/A
BAGR,$2.86,1439824268491,"4,694",100% bearish,of 1 rating,$6
DLTR,$78.07,1439824268562,"128,567",82% bullish,of 11 ratings,$88
DNBF,NULL,1439824268598,0,Not yet rated,NULL,$27.50
DGICA,$14.48,1439824268621,"1,523",100% bearish,of 1 rating,$17
DGICB,$21.37,1439824268653,4,100% bearish,of 1 rating,N/A
DMLP,$14.65,1439824268693,"9,467",100% bearish,of 1 rating,N/A
DLHC,$2.51,1439824268719,50,100% bearish,of 1 rating,N/A
HILL,$5.435,1439824268867,"52,251",60% bearish,of 5 ratings,$8
DORM,$52.465,1439824268907,"27,833",100% bearish,of 1 rating,$56
DRWI,$0.3,1439824268969,"32,500",60% bullish,of 5 ratings,$.45
DRWIW,NULL,1439824268994,0,Not yet rated,NULL,N/A
DRYS,$0.3767,1439824269186,"821,371",77% bullish,of 31 ratings,$.60
DSKX,$2.95,1439824269254,"476,509",100% bullish,of 1 rating,N/A
DWA,$19.62,1439824269283,"58,894",63% bullish,of 8 ratings,$26
DSPG,$9.03,1439824269313,"4,549",100% bearish,of 1 rating,$13.50
CADT,NULL,1439824269344,0,Not yet rated,NULL,N/A
CADTW,NULL,1439824269413,0,Not yet rated,NULL,N/A
CADTU,NULL,1439824269442,0,Not yet rated,NULL,N/A
CADTR,$0.195,1439824269547,300,Not yet rated,NULL,N/A
DNKN,$52.52,1439824269734,"50,718",67% bullish,of 15 ratings,$56.50
DXPE,$30.21,1439824269765,"12,834",50% bullish,of 2 ratings,N/A
DRRX,$2.185,1439824269787,"29,983",50% bullish,of 6 ratings,$3
DTSI,$27.33,1439824269809,"15,329",100% bearish,of 2 ratings,$39.50
DYAX,$22.77,1439824269842,"91,330",89% bullish,of 9 ratings,$30
BOOM,$10.125,1439824270013,"9,435",67% bullish,of 3 ratings,$12
DYNT,$3.03,1439824270044,"1,950",75% bullish,of 4 ratings,N/A
DYSL,NULL,1439824270071,0,100% bullish,of 2 ratings,N/A
DVAX,$30.232,1439824270148,"53,814",70% bullish,of 10 ratings,$40
EGBN,$44.73,1439824270217,"14,514",Not yet rated,NULL,$48
ETFC,$28.48,1439824270297,"233,316",57% bullish,of 14 ratings,$33
EBMT,NULL,1439824270330,0,Not yet rated,NULL,$13.50
EGLE,$7.785,1439824270434,"5,550",60% bullish,of 5 ratings,N/A
EROC,$1.51,1439824270539,"106,931",50% bullish,of 2 ratings,$3
EGRX,$71.72,1439824270567,"124,840",67% bullish,of 3 ratings,$97
EACQU,$10.05,1439824270697,900,Not yet rated,NULL,N/A
EVBS,NULL,1439824270793,0,Not yet rated,NULL,$7
EML,$17.19,1439824270823,"1,402",Not yet rated,NULL,N/A
EWBC,$45.145,1439824270858,"227,487",100% bearish,of 1 rating,$50
ELNK,$9.245,1439824270958,"132,394",80% bullish,of 5 ratings,$9.50
EBIX,$30.787,1439824270989,"13,861",69% bullish,of 13 ratings,$40
EBAY,$28.08,1439824271010,"1,942,697",81% bullish,of 117 ratings,$48
ECHO,$25.16,1439824271140,"30,554",67% bearish,of 3 ratings,$36
ECTE,$1.4899,1439824271167,"13,352",75% bullish,of 4 ratings,N/A
ELON,$0.58,1439824271188,"22,629",50% bullish,of 2 ratings,N/A
EEI,$11.17,1439824271376,284,67% bearish,of 3 ratings,N/A
SATS,$46.25,1439824271457,"8,991",50% bullish,of 2 ratings,$60
EDAP,$3.65,1439824271530,"12,703",60% bullish,of 5 ratings,$4.50
ECACU,$10.02,1439824271560,"1,100",Not yet rated,NULL,N/A
EDGW,$7.12,1439824271582,50,100% bearish,of 1 rating,N/A
EDUC,$4.7,1439824271619,"1,300",100% bearish,of 1 rating,N/A
ESES,$3.34,1439824271646,"2,827",100% bearish,of 1 rating,$7
EFUT,$4.65,1439824271712,"2,899",Not yet rated,NULL,N/A
EGAN,$3.54,1439824271780,"50,341",50% bullish,of 2 ratings,$6.25
EGLT,$12.6,1439824272017,"19,483",50% bullish,of 2 ratings,$21
EHTH,$14.935,1439824272073,"19,587",50% bullish,of 4 ratings,$16.50
LOCO,$14.67,1439824272122,"714,771",69% bullish,of 13 ratings,$23
ERI,$9.375,1439824272149,"24,069",100% bearish,of 1 rating,$10
ESLT,$81.3566,1439824272199,"3,117",100% bullish,of 2 ratings,N/A
EMITF,$1.287,1439824272220,"4,408",75% bullish,of 4 ratings,N/A
ELRC,$10.3499,1439824272389,"2,890",100% bearish,of 1 rating,N/A
ESIO,$4.61,1439824272450,"34,149",50% bullish,of 2 ratings,$10
ELEC,NULL,1439824272536,0,Not yet rated,NULL,N/A
EA,$73.18,1439824272580,"571,488",77% bullish,of 35 ratings,$80
ELECW,NULL,1439824272608,0,Not yet rated,NULL,N/A
ELSE,$4.07,1439824272671,"4,543",60% bullish,of 5 ratings,N/A
ELECU,NULL,1439824272736,0,Not yet rated,NULL,N/A
EFII,$45.935,1439824272765,"18,548",80% bullish,of 5 ratings,$55
EBIO,$4.0625,1439824272901,"658,882",100% bearish,of 2 ratings,$8.35
RDEN,$10.2,1439824272979,"14,752",100% bearish,of 4 ratings,$15
LONG,$17.1,1439824273044,"28,396",67% bullish,of 3 ratings,$15.75
CAPX,NULL,1439824273070,0,Not yet rated,NULL,N/A
ESBK,NULL,1439824273202,0,Not yet rated,NULL,N/A
ELTK,$1.13,1439824273289,"1,095",67% bearish,of 3 ratings,N/A
EMCI,$24.44,1439824273318,"2,229",Not yet rated,NULL,N/A
EMCF,NULL,1439824273371,0,100% bearish,of 1 rating,N/A
EMKR,$7.27,1439824273453,"109,645",75% bullish,of 4 ratings,$8.50
EMMS,$1.22,1439824273486,"21,295",67% bullish,of 6 ratings,N/A
EMMSP,NULL,1439824273530,0,100% bearish,of 1 rating,N/A
NYNY,$4.59,1439824273586,"8,501",50% bullish,of 2 ratings,N/A
ERS,$3.014,1439824273719,"3,834",Not yet rated,NULL,N/A
ENTA,$40.56,1439824273748,"24,181",50% bullish,of 2 ratings,$42
WIRE,$33.9,1439824273851,"10,286",100% bearish,of 1 rating,$41
ECPG,$40.489,1439824273890,"36,201",100% bullish,of 2 ratings,$52
ECYT,$5.42,1439824273985,"33,670",83% bullish,of 6 ratings,$12
ELGX,$13.04,1439824274012,"197,966",75% bullish,of 4 ratings,$17
ENDP,$85.23,1439824274041,"246,201",50% bullish,of 6 ratings,$104
WATT,$7.0899,1439824274174,"53,930",50% bullish,of 2 ratings,$13
EIGI,$16.515,1439824274200,"85,960",67% bearish,of 3 ratings,$20
ENOC,$8.89,1439824274454,"44,815",75% bullish,of 4 ratings,$18
EXXI,$1.68,1439824274483,"248,934",86% bullish,of 7 ratings,$3.50
EFOI,$15.11,1439824274505,"419,148",50% bullish,of 2 ratings,$17
ERII,$2.81,1439824274526,"1,900",80% bullish,of 5 ratings,$2.50
ENG,$1.0701,1439824274566,"3,600",100% bullish,of 3 ratings,N/A
ENPH,$5.435,1439824274587,"90,660",75% bullish,of 4 ratings,$11
ESGR,$161.46,1439824274716,"4,777",100% bearish,of 1 rating,$185
ENFC,NULL,1439824274855,0,Not yet rated,NULL,N/A
ENTG,$14.755,1439824274953,"128,605",100% bearish,of 1 rating,$18
ETRM,$0.2789,1439824275030,"379,778",69% bearish,of 35 ratings,$1.625
ENTL,$22.85,1439824275086,"1,813",Not yet rated,NULL,$28
EGT,NULL,1439824275135,0,100% bullish,of 1 rating,N/A
EBTC,$20.3,1439824275160,106,Not yet rated,NULL,N/A
EFSC,$24.65,1439824275187,"4,053",Not yet rated,NULL,$27
ENZY,$8.91,1439824275347,"9,721",67% bullish,of 3 ratings,$9.50
ENZN,$1.0941,1439824275383,"315,901",100% bullish,of 9 ratings,N/A
ENVI,$1.8,1439824275413,"5,000",67% bullish,of 3 ratings,N/A
EQIX,$283.73,1439824275542,"37,206",67% bullish,of 3 ratings,$312.50
PLUS,$73.92,1439824275567,"3,232",50% bullish,of 2 ratings,$88
EPRS,$5.1092,1439824275638,"11,244",82% bullish,of 11 ratings,$15
EPZM,$17.97,1439824275666,"33,143",60% bullish,of 5 ratings,$34
EPIQ,$14.11,1439824275710,"3,118",100% bearish,of 1 rating,$18
EQFN,NULL,1439824275842,0,Not yet rated,NULL,N/A
EAC,$3.57,1439824275977,349,100% bearish,of 1 rating,$7.50
ERIC,$10.395,1439824276009,"433,312",63% bullish,of 8 ratings,$13.30
ESCRP,$1.7,1439824276036,"1,300",100% bearish,of 1 rating,N/A
ERIE,$86.34,1439824276112,"2,597",Not yet rated,NULL,$73
ESCR,$0.2249,1439824276169,"1,017",50% bullish,of 2 ratings,N/A
ESCA,$18.7,1439824276247,"2,466",100% bearish,of 1 rating,$22
ESSA,$12.79,1439824276317,"2,699",100% bearish,of 1 rating,N/A
ESPR,$75.63,1439824276348,"263,424",67% bearish,of 9 ratings,$130
ESMC,$1.31,1439824276452,606,Not yet rated,NULL,N/A
EPIX,NULL,1439824276526,0,Not yet rated,NULL,N/A
ESND,$36.49,1439824276581,"9,182",100% bearish,of 1 rating,$40
ESSX,$0.4899,1439824276607,"11,760",50% bullish,of 2 ratings,N/A
ETSY,$17.185,1439824276683,"260,674",80% bullish,of 5 ratings,$16
EEFT,$68.79,1439824276813,"15,480",100% bearish,of 1 rating,$67.50
CLWT,$2.52,1439824276842,10,100% bearish,of 1 rating,N/A
ESEA,$6.46,1439824276863,79,100% bullish,of 1 rating,$15
EVEP,$9.17,1439824276997,"140,466",50% bullish,of 2 ratings,$15
EVK,$3.91,1439824277027,"2,084",75% bearish,of 4 ratings,N/A
EVLV,$2.225,1439824277070,"13,375",60% bullish,of 5 ratings,$6.50
EVOL,$6.3799,1439824277171,"2,636",75% bullish,of 4 ratings,$10
EXA,$10.6,1439824277216,"3,140",100% bearish,of 1 rating,$13
EVOK,$4.6397,1439824277244,"3,466",100% bearish,of 1 rating,$13.75
EXAC,$18.4601,1439824277382,"6,940",100% bearish,of 1 rating,$22.50
EXAS,$23.46,1439824277486,"100,133",78% bullish,of 9 ratings,$31
EXEL,$5.88,1439824277571,"403,958",81% bullish,of 16 ratings,$6
EXLS,$37.14,1439824277657,"10,145",100% bullish,of 1 rating,$41
EXPD,$49.15,1439824277703,"94,418",80% bullish,of 5 ratings,$50.50
EXFO,$2.9,1439824277741,"1,100",67% bearish,of 3 ratings,$3.95
EXPE,$122.08,1439824277768,"97,220",64% bullish,of 11 ratings,$130
ESRX,$89.16,1439824277836,"287,240",67% bearish,of 6 ratings,$101
EXPO,$43.91,1439824277864,"9,497",100% bearish,of 1 rating,$45.50
EXLP,$20.75,1439824278001,"38,172",100% bearish,of 1 rating,$27
EXTR,$2.95,1439824278157,"109,703",80% bullish,of 5 ratings,$3
EYEGW,NULL,1439824278183,0,Not yet rated,NULL,N/A
EZCH,$21.2001,1439824278243,"40,383",75% bullish,of 8 ratings,$19.50
EZPW,$6.12,1439824278315,"42,027",50% bullish,of 4 ratings,$7.50
EYEG,$3.8601,1439824278372,"11,315",Not yet rated,NULL,N/A
FB,$93.9,1439824278456,"4,489,542",73% bullish,of 1063 ratings,$111
FFIV,$133.58,1439824278481,"90,597",71% bullish,of 7 ratings,$132
FRP,$17.5755,1439824278543,"9,873",100% bearish,of 1 rating,$18
FCS,$14.525,1439824278573,"79,289",67% bearish,of 3 ratings,$17
FWM,$2.27,1439824278709,"26,730",100% bearish,of 2 ratings,$3.20
FALC,$1.66,1439824278743,"24,935",63% bearish,of 8 ratings,N/A
FFKT,$26.82,1439824278843,"5,908",Not yet rated,NULL,$29
DAVE,$14.854,1439824278885,"7,624",100% bearish,of 1 rating,$15.50
FMNB,$7.94,1439824278935,"6,668",Not yet rated,NULL,N/A
FARM,$23.49,1439824278957,"6,660",100% bearish,of 1 rating,$35
FARO,$42.46,1439824279095,"14,167",50% bullish,of 2 ratings,$48
FAST,$40.5,1439824279121,"143,343",80% bullish,of 5 ratings,$46
FATE,$7.41,1439824279261,"2,833",100% bearish,of 1 rating,$11
FBSS,NULL,1439824279288,0,Not yet rated,NULL,N/A
FBRC,$23.12,1439824279321,"2,109",100% bearish,of 1 rating,$29
FNHC,$24.33,1439824279360,"15,354",100% bearish,of 1 rating,$35
FDML,$9.8,1439824279416,"21,443",50% bullish,of 4 ratings,$14
FHCO,$1.5,1439824279523,"4,700",50% bullish,of 4 ratings,N/A
FEIC,$81.74,1439824279553,"41,402",50% bullish,of 2 ratings,$95.50
FGEN,$24.99,1439824279657,"159,253",100% bearish,of 1 rating,$39
FENX,$9.81,1439824279815,"12,550",100% bullish,of 1 rating,$14.25
FCSC,$6.51,1439824279840,"27,808",100% bearish,of 1 rating,$8.125
ONEQ,$199.17,1439824279883,"2,284",100% bullish,of 1 rating,N/A
LION,$20.35,1439824279971,"47,822",100% bullish,of 1 rating,$20
FDUS,$14.56,1439824280028,"11,173",100% bullish,of 1 rating,$18
FSAM,$8.67,1439824280054,"2,946",100% bearish,of 1 rating,$11
FRGI,$56.1699,1439824280104,"43,215",50% bullish,of 2 ratings,$70
FSC,$6.5,1439824280129,"125,613",75% bullish,of 4 ratings,$8
FSCFL,$24.98,1439824280192,400,Not yet rated,NULL,N/A
FSFR,$9.175,1439824280296,"30,454",100% bearish,of 1 rating,$11.50
FITB,$21.095,1439824280326,"600,310",54% bullish,of 13 ratings,$22
FNGN,$36.56,1439824280462,"48,339",67% bullish,of 3 ratings,$47
FITBI,$27.7601,1439824280535,"4,651",Not yet rated,NULL,N/A
FISI,$24.146,1439824280594,"2,336",100% bullish,of 2 ratings,$24.50
FNSR,$17.57,1439824280668,"191,372",83% bullish,of 6 ratings,$25
FNJN,$1.7699,1439824280693,"8,104",100% bearish,of 1 rating,$5
FNTCW,NULL,1439824280721,0,Not yet rated,NULL,N/A
FNTCU,NULL,1439824280750,0,Not yet rated,NULL,N/A
FNTC,NULL,1439824280857,0,Not yet rated,NULL,N/A
FEYE,$43.2,1439824280937,"621,273",87% bullish,of 15 ratings,$55.50
FNLC,$18.705,1439824280994,"7,200",100% bullish,of 1 rating,N/A
FBNC,$17.22,1439824281015,"3,400",100% bullish,of 1 rating,$20
FRBA,$6.02,1439824281101,50,Not yet rated,NULL,$8
FBIZ,$44.39,1439824281204,"1,525",100% bearish,of 2 ratings,$52
BUSE,$6.46,1439824281302,"11,090",Not yet rated,NULL,$6.875
FCFS,$38.5,1439824281447,"13,666",100% bearish,of 2 ratings,$48
FCAP,$26.12,1439824281485,"4,166",Not yet rated,NULL,N/A
FCNCA,$254.5,1439824281580,"2,794",Not yet rated,NULL,N/A
FCVA,NULL,1439824281608,0,Not yet rated,NULL,N/A
FCLF,$9.2,1439824281641,200,Not yet rated,NULL,N/A
FCCO,$12,1439824281662,101,Not yet rated,NULL,$13.25
FCBC,$18.07,1439824281683,"2,502",Not yet rated,NULL,$17
FCFP,$7,1439824281869,"1,400",Not yet rated,NULL,N/A
FFBC,$19.08,1439824282002,"19,922",67% bearish,of 3 ratings,$20.25
FBNK,$16.26,1439824282029,805,100% bearish,of 1 rating,$17.50
FDEF,$37.19,1439824282107,"3,524",Not yet rated,NULL,$38
FFIN,$32.648,1439824282166,"4,241",50% bullish,of 2 ratings,$31.75
FFBCW,NULL,1439824282192,0,100% bearish,of 1 rating,N/A
FFNM,$6.42,1439824282214,400,Not yet rated,NULL,N/A
THFF,$33.69,1439824282402,860,Not yet rated,NULL,$35
FFWM,$21.5,1439824282428,592,Not yet rated,NULL,$24
FFNW,$12.52,1439824282454,"1,876",Not yet rated,NULL,$14
INBK,$35.875,1439824282609,"10,813",50% bullish,of 2 ratings,$37
FIBK,$28.1699,1439824282639,"9,904",Not yet rated,NULL,$32
FMBI,$18.51,1439824282668,"21,836",Not yet rated,NULL,$20
FMBH,$21.86,1439824282700,"3,157",Not yet rated,NULL,N/A
FRME,$26.095,1439824282728,"124,715",Not yet rated,NULL,$26.50
FNBC,$36.57,1439824282802,"15,063",Not yet rated,NULL,$41
FNFG,$9.73,1439824283007,"283,780",80% bullish,of 5 ratings,$9
FSLR,$51.685,1439824283037,"299,949",74% bullish,of 39 ratings,$65
FSFG,$31.49,1439824283140,"4,568",Not yet rated,NULL,N/A
FSBK,$7.8,1439824283168,"1,536",100% bullish,of 1 rating,N/A
FNWB,$12.3,1439824283196,"1,800",Not yet rated,NULL,N/A
FSGI,$2.49,1439824283225,100,Not yet rated,NULL,N/A
FCAN,NULL,1439824283253,0,Not yet rated,NULL,N/A
FBZ,NULL,1439824283330,0,Not yet rated,NULL,N/A
BICK,NULL,1439824283491,0,100% bullish,of 1 rating,N/A
FTCS,$38.6795,1439824283570,"4,141",Not yet rated,NULL,N/A
FCA,$22.87,1439824283669,"1,402",Not yet rated,NULL,N/A
IFV,$18.84,1439824283696,"237,077",100% bearish,of 1 rating,N/A
FEMB,NULL,1439824283748,0,Not yet rated,NULL,N/A
FV,$24.81,1439824283774,"289,881",Not yet rated,NULL,N/A
FTSM,$59.9345,1439824283828,"5,799",100% bearish,of 1 rating,N/A
TDIV,$26.0413,1439824284002,"8,414",100% bearish,of 1 rating,N/A
FEUZ,$32.5,1439824284033,100,Not yet rated,NULL,N/A
FGM,$37.39,1439824284134,"2,106",Not yet rated,NULL,N/A
MDIV,$19.8599,1439824284165,"28,922",Not yet rated,NULL,N/A
FTGC,$22.84,1439824284196,"157,954",Not yet rated,NULL,N/A
HYLS,$49.68,1439824284217,"19,834",100% bearish,of 1 rating,N/A
FTHI,$20.57,1439824284295,"1,106",Not yet rated,NULL,N/A
FHK,$35.9398,1439824284353,"1,039",Not yet rated,NULL,N/A
FPXI,NULL,1439824284380,0,Not yet rated,NULL,N/A
YDIV,NULL,1439824284530,0,Not yet rated,NULL,N/A
SKYY,$30.61,1439824284555,"11,773",100% bullish,of 1 rating,N/A
CU,$13.3999,1439824284768,"1,112",100% bearish,of 1 rating,N/A
PLTM,$6.46,1439824284833,848,100% bearish,of 1 rating,N/A
FJP,$50.44,1439824284900,"15,565",Not yet rated,NULL,N/A
QABA,$39.51,1439824284934,"10,221",100% bearish,of 1 rating,N/A
FMB,$51.2,1439824284963,204,Not yet rated,NULL,N/A
FTLB,NULL,1439824285033,0,100% bearish,of 1 rating,N/A
LMBS,NULL,1439824285061,0,Not yet rated,NULL,N/A
CIBR,$19.625,1439824285191,"33,437",Not yet rated,NULL,N/A
QCLN,$16.034,1439824285263,"3,786",Not yet rated,NULL,N/A
FONE,$36.47,1439824285295,160,Not yet rated,NULL,N/A
GRID,NULL,1439824285351,0,100% bearish,of 1 rating,N/A
CARZ,$36.87,1439824285402,62,100% bearish,of 1 rating,N/A
QQEW,$44.21,1439824285429,"6,881",Not yet rated,NULL,N/A
RDVY,$22.46,1439824285477,"4,464",Not yet rated,NULL,N/A
QQXT,$42.6725,1439824285622,"2,326",Not yet rated,NULL,N/A
QTEC,$42.2973,1439824285790,"2,736",Not yet rated,NULL,N/A
AIRR,$17.01,1439824285818,"4,735",100% bearish,of 1 rating,N/A
FDIV,$47.6999,1439824285850,"1,440",100% bearish,of 1 rating,N/A
FTSL,$48.988,1439824285885,"9,378",100% bearish,of 1 rating,N/A
QINC,$21.44,1439824285949,101,Not yet rated,NULL,N/A
FSZ,$40.695,1439824285978,374,Not yet rated,NULL,N/A
FKO,NULL,1439824286008,0,Not yet rated,NULL,N/A
FTW,$31.1,1439824286114,251,Not yet rated,NULL,N/A
TUSA,NULL,1439824286200,0,Not yet rated,NULL,N/A
FKU,$43.872,1439824286281,"1,232",Not yet rated,NULL,N/A
FUNC,$8.3,1439824286307,500,Not yet rated,NULL,N/A
FMER,$18.69,1439824286506,"109,166",50% bullish,of 2 ratings,$20
FISV,$89.77,1439824286534,"88,745",100% bearish,of 3 ratings,$90
FSV,$33.09,1439824286559,"1,228",Not yet rated,NULL,$33.60
FIVE,$37.95,1439824286587,"92,951",75% bearish,of 4 ratings,$44
FIVN,$4.495,1439824286617,"46,809",100% bullish,of 1 rating,$8.50
FLML,$21.42,1439824286715,"95,917",50% bullish,of 2 ratings,$30
SVVC,$10.67,1439824286744,"6,700",100% bullish,of 1 rating,$26
FPRX,$19.21,1439824286769,"58,724",50% bullish,of 2 ratings,$35
FLKS,$14,1439824286906,"3,913",50% bullish,of 2 ratings,$27
SKOR,$50.43,1439824286981,20,Not yet rated,NULL,N/A
FLXN,$23.83,1439824287045,"5,950",100% bearish,of 1 rating,$39.50
FLXS,$40.45,1439824287148,"3,340",100% bearish,of 2 ratings,N/A
MBSD,NULL,1439824287172,0,Not yet rated,NULL,N/A
FLEX,$11.11,1439824287374,"250,473",63% bullish,of 8 ratings,$12
FFIC,$20.97,1439824287402,"4,138",Not yet rated,NULL,$21
FOGO,$19.12,1439824287431,"27,526",50% bullish,of 2 ratings,$25.50
FLDM,$12.89,1439824287459,"77,559",67% bearish,of 3 ratings,$21.50
FLIR,$30.5237,1439824287493,"25,100",100% bearish,of 1 rating,$38.50
FONR,$9.55,1439824287514,501,100% bullish,of 1 rating,N/A
FOMX,$10.391,1439824287591,"24,759",50% bullish,of 2 ratings,$23.50
FES,$1.07,1439824287658,120,50% bullish,of 2 ratings,$1
FORTY,$35,1439824287834,400,Not yet rated,NULL,N/A
FORM,$6.7,1439824287889,"20,345",67% bullish,of 3 ratings,$10.50
FORR,$32.39,1439824287914,"8,242",Not yet rated,NULL,N/A
FTNT,$47.22,1439824288097,"156,568",80% bullish,of 10 ratings,$52
FBIO,$3.1,1439824288131,"29,401",83% bullish,of 6 ratings,N/A
FWRD,$48.67,1439824288161,"16,978",100% bearish,of 1 rating,$50
FORD,$1.133,1439824288263,"427,219",50% bullish,of 2 ratings,N/A
FMI,$20.407,1439824288315,"48,045",100% bearish,of 2 ratings,$27.50
FWP,$25.24,1439824288344,"7,794",100% bearish,of 1 rating,$45
FXCB,$17.42,1439824288373,112,Not yet rated,NULL,$19
FOSL,$61.66,1439824288400,"134,257",50% bullish,of 4 ratings,$70
FRAN,$11.38,1439824288533,"121,787",50% bullish,of 4 ratings,$15
FOXF,$15.76,1439824288563,"5,936",100% bearish,of 1 rating,$19
FELE,$30.06,1439824288668,"21,801",50% bullish,of 4 ratings,$33
FRED,$14.45,1439824288704,"7,504",50% bullish,of 2 ratings,$16.50
FREE,$0.53,1439824288736,"368,145",92% bullish,of 12 ratings,N/A
FEIM,$10.81,1439824288994,100,100% bearish,of 1 rating,N/A
FTR,$5.57,1439824289025,"2,449,865",78% bullish,of 27 ratings,$6.25
FRPT,$14.56,1439824289059,"33,793",67% bearish,of 3 ratings,$23.50
FTRPR,$108.11,1439824289124,"22,800",100% bearish,of 1 rating,N/A
RAIL,$21.9,1439824289157,"24,179",100% bearish,of 1 rating,$24.50
FSBW,NULL,1439824289178,0,Not yet rated,NULL,N/A
FRPH,$31.06,1439824289212,606,100% bearish,of 1 rating,N/A
FSYS,$6.8,1439824289256,"8,475",67% bullish,of 3 ratings,$10
FTD,$30.07,1439824289437,"6,118",100% bearish,of 1 rating,$40
FTEK,$2.25,1439824289463,"12,700",75% bullish,of 4 ratings,N/A
FCEL,$0.8189,1439824289509,"85,836",88% bullish,of 40 ratings,$2.65
FULL,$3.2099,1439824289654,"25,568",67% bearish,of 3 ratings,$4.25
FULLL,$25.5,1439824289713,300,Not yet rated,NULL,N/A
FLL,$1.6,1439824289901,700,75% bullish,of 4 ratings,$2.825
FSNN,$2.6101,1439824290000,588,67% bullish,of 3 ratings,$6
FXEN,$1.01,1439824290029,"104,057",75% bullish,of 4 ratings,$1.10
GK,$71.64,1439824290057,"3,583",Not yet rated,NULL,$78
FULT,$13.09,1439824290079,"62,156",100% bearish,of 1 rating,$13
FXENP,$16.5,1439824290114,350,100% bearish,of 1 rating,N/A
FFHL,$0.88,1439824290139,30,50% bullish,of 4 ratings,N/A
WILC,$5.2149,1439824290208,"3,793",100% bullish,of 2 ratings,N/A
GLPG,$59.97,1439824290406,"3,805",100% bullish,of 1 rating,$75
GAIA,$6.12,1439824290431,"5,234",50% bullish,of 2 ratings,$8.50
GALT,$2.246,1439824290493,"61,412",80% bullish,of 5 ratings,N/A
GALTU,NULL,1439824290595,0,100% bearish,of 1 rating,N/A
GALTW,NULL,1439824290656,0,100% bullish,of 1 rating,N/A
GLMD,$8.6001,1439824290733,"6,050",67% bullish,of 3 ratings,$20.50
GLPI,$33.15,1439824290758,"23,526",100% bearish,of 1 rating,$37.50
GALE,$1.44,1439824290798,"148,835",89% bullish,of 47 ratings,$4
GRMN,$40.05,1439824290889,"80,697",50% bullish,of 6 ratings,$48
GPIC,$10.27,1439824290926,864,100% bearish,of 1 rating,N/A
GGAC,NULL,1439824290960,0,100% bearish,of 1 rating,N/A
GGACU,NULL,1439824290989,0,Not yet rated,NULL,N/A
GGACW,NULL,1439824291060,0,Not yet rated,NULL,N/A
GGACR,NULL,1439824291129,0,100% bullish,of 1 rating,N/A
GARS,$14.88,1439824291155,"3,326",Not yet rated,NULL,$16
GENC,$9.49,1439824291301,125,100% bearish,of 1 rating,N/A
GNMK,$9.52,1439824291634,"14,724",67% bullish,of 6 ratings,$14
GFNCP,$93.77,1439824291660,100,Not yet rated,NULL,N/A
GENE,$2.66,1439824291695,"33,461",100% bullish,of 12 ratings,N/A
GFNSL,NULL,1439824291725,0,Not yet rated,NULL,N/A
GNCMA,$18.09,1439824291796,"12,542",100% bearish,of 1 rating,$12
GFN,$4,1439824291828,"23,650",100% bearish,of 2 ratings,$8
GHDX,$25.6203,1439824291924,"27,362",50% bullish,of 2 ratings,$30
GNCA,$12.9899,1439824291954,"15,031",100% bearish,of 1 rating,$20
GNTX,$15.87,1439824292056,"225,052",Not yet rated,NULL,$20
GEOS,$15.58,1439824292187,"16,208",100% bearish,of 3 ratings,$25.50
GNVC,$2.43,1439824292213,"2,407",90% bullish,of 10 ratings,$8.50
GTWN,NULL,1439824292239,0,Not yet rated,NULL,N/A
THRM,$48.59,1439824292261,"23,520",75% bearish,of 4 ratings,$55.50
GERN,$3.205,1439824292396,"404,517",88% bullish,of 16 ratings,$5.25
GABC,$29.435,1439824292449,"1,255",Not yet rated,NULL,$31.50
GEVO,$2.1824,1439824292476,"80,497",75% bullish,of 12 ratings,N/A
ROCK,$18.6,1439824292502,"78,424",80% bullish,of 5 ratings,$24
GIII,$69.7,1439824292634,"18,695",67% bullish,of 3 ratings,$75
GIGA,$1.4301,1439824292742,"7,914",100% bearish,of 1 rating,N/A
GIGM,$0.6572,1439824292773,"11,885",100% bullish,of 2 ratings,N/A
GILD,$116.73,1439824292799,"1,146,688",91% bullish,of 86 ratings,$129
GILT,$4.57,1439824292871,"3,320",50% bullish,of 2 ratings,N/A
GBCI,$28.09,1439824292999,"11,016",50% bullish,of 2 ratings,$31
GLAD,$8.3398,1439824293027,"21,424",50% bullish,of 2 ratings,$8.75
GOOD,$15.87,1439824293159,"16,526",Not yet rated,NULL,$19
GOODO,$25.2267,1439824293193,450,Not yet rated,NULL,N/A
GLADO,$25.41,1439824293214,"1,290",Not yet rated,NULL,N/A
GOODN,NULL,1439824293235,0,Not yet rated,NULL,N/A
GAINN,$25.218,1439824293291,"18,435",Not yet rated,NULL,N/A
GOODP,$25.1601,1439824293365,100,Not yet rated,NULL,N/A
GAIN,$7.98,1439824293446,"48,181",100% bullish,of 2 ratings,$8.25
GAINO,$25.4801,1439824293475,915,Not yet rated,NULL,N/A
GAINP,$26.14,1439824293608,45,Not yet rated,NULL,N/A
LAND,$9.69,1439824293650,"1,783",50% bullish,of 2 ratings,$13.75
GLBZ,NULL,1439824293807,0,Not yet rated,NULL,N/A
GDEF,$10.54,1439824293881,1,Not yet rated,NULL,N/A
GBT,$51,1439824293907,"144,151",Not yet rated,NULL,N/A
GBLI,$27.2,1439824293970,"1,804",Not yet rated,NULL,N/A
ENT,$12.41,1439824294035,"17,298",100% bearish,of 1 rating,$18
GPACU,NULL,1439824294236,0,Not yet rated,NULL,N/A
QQQC,$21.04,1439824294331,"6,592",100% bearish,of 1 rating,N/A
GSOL,$8.4601,1439824294362,"4,219",100% bearish,of 1 rating,N/A
SOCL,$18.675,1439824294430,"4,483",100% bullish,of 2 ratings,N/A
ACTX,NULL,1439824294459,0,100% bullish,of 1 rating,N/A
ALTY,NULL,1439824294561,0,Not yet rated,NULL,N/A
SRET,$13.79,1439824294588,"2,925",Not yet rated,NULL,N/A
YLCO,$12.24,1439824294668,250,Not yet rated,NULL,N/A
GAI,$5.49,1439824294717,712,50% bullish,of 2 ratings,N/A
GSM,$14.06,1439824294861,"42,191",50% bullish,of 2 ratings,$24.50
GBIM,$2.44,1439824294888,"3,173",50% bullish,of 2 ratings,N/A
GLRI,$1.2,1439824295154,"3,462",100% bearish,of 1 rating,$6
GLNG,$38.12,1439824295182,"233,728",83% bullish,of 6 ratings,$58
GLBS,$1.21,1439824295214,"3,218",67% bullish,of 3 ratings,N/A
GOGO,$16.438,1439824295254,"98,602",80% bullish,of 5 ratings,$25
GLYC,$7.47,1439824295313,"8,176",50% bullish,of 2 ratings,$14
GMLP,$20.5001,1439824295340,"16,868",50% bullish,of 4 ratings,$33
GLUU,$4.7375,1439824295391,"353,608",92% bullish,of 26 ratings,$9
GLDC,NULL,1439824295416,0,50% bullish,of 2 ratings,N/A
GOGL,$3.66,1439824295571,"34,049",75% bullish,of 4 ratings,$5
GDEN,$9.11,1439824295655,400,50% bullish,of 2 ratings,N/A
GTIM,$7.31,1439824295718,"16,365",Not yet rated,NULL,$11.50
GOOGL,$689.37,1439824295824,"213,660",88% bullish,of 1078 ratings,$747
GBDC,$16.6,1439824295883,"23,175",Not yet rated,NULL,$17.75
GPRO,$59.05,1439824295914,"611,706",79% bullish,of 58 ratings,$72
GOOG,$656.92,1439824295969,"198,011",89% bullish,of 64 ratings,$795
GMAN,$4.75,1439824296052,"29,872",60% bullish,of 5 ratings,$8
GPIA,NULL,1439824296113,0,Not yet rated,NULL,N/A
GPIAU,NULL,1439824296145,0,Not yet rated,NULL,N/A
GPIAW,NULL,1439824296170,0,Not yet rated,NULL,N/A
LOPE,$39.34,1439824296248,"27,827",100% bearish,of 2 ratings,$50
GRVY,$3.41,1439824296394,100,50% bullish,of 2 ratings,N/A
GLDD,$5.59,1439824296424,"10,532",100% bearish,of 4 ratings,$7.75
GBSN,$2.4,1439824296484,"16,039",100% bearish,of 1 rating,$8.25
GBSNU,NULL,1439824296515,0,Not yet rated,NULL,N/A
GNBC,$13.48,1439824296615,914,100% bearish,of 1 rating,$17
GSBC,$42.13,1439824296640,"4,918",100% bullish,of 1 rating,$44
GRBK,$13.88,1439824296873,"50,691",77% bullish,of 13 ratings,N/A
GPRE,$23.17,1439824296901,"74,069",67% bullish,of 6 ratings,$28.50
GCBC,NULL,1439824296930,0,100% bullish,of 1 rating,N/A
GRIF,NULL,1439824296960,0,100% bearish,of 1 rating,N/A
GPP,NULL,1439824296991,0,Not yet rated,NULL,$20.50
GLRE,$26.58,1439824297063,"8,410",100% bullish,of 1 rating,$41
GRFS,$32.045,1439824297090,"57,353",50% bullish,of 2 ratings,$35
GRPN,$4.32,1439824297170,"1,146,385",61% bullish,of 71 ratings,$6.75
OMAB,$43.45,1439824297325,"5,282",100% bullish,of 1 rating,$44
GGAL,$20.76,1439824297393,"61,396",80% bullish,of 5 ratings,$40
GSIG,$13.48,1439824297420,"1,082",100% bearish,of 2 ratings,N/A
GSIT,$5,1439824297551,717,100% bearish,of 1 rating,N/A
GTXI,$1,1439824297577,"8,871",100% bullish,of 5 ratings,$.75
GSVC,$9.51,1439824297610,"11,622",50% bullish,of 2 ratings,$14.50
GFED,NULL,1439824297737,0,Not yet rated,NULL,$17
GULTU,$0.378,1439824297767,"7,650",100% bearish,of 1 rating,N/A
GBNK,$16.13,1439824297796,"1,435",100% bearish,of 1 rating,$18
GIFI,$12.04,1439824297841,"8,272",100% bearish,of 1 rating,$16
GUID,$9.15,1439824297866,"20,879",100% bearish,of 3 ratings,$10
GURE,$1.8701,1439824298009,"20,922",88% bullish,of 8 ratings,N/A
GPOR,$36.07,1439824298036,"444,848",75% bullish,of 4 ratings,$55.50
GWPH,$114.343,1439824298082,"36,790",78% bullish,of 9 ratings,$148.50
GWGH,NULL,1439824298186,0,100% bearish,of 1 rating,$15.05
GYRO,NULL,1439824298318,0,100% bearish,of 1 rating,N/A
HLG,$9.44,1439824298399,153,100% bearish,of 1 rating,N/A
HEES,$17.23,1439824298461,"48,698",67% bearish,of 3 ratings,$31
HNRG,$7.68,1439824298495,"33,890",100% bearish,of 1 rating,$10
HBK,$13.5,1439824298517,400,50% bullish,of 2 ratings,N/A
HALL,$11.4999,1439824298551,"18,991",Not yet rated,NULL,N/A
HALO,$19.42,1439824298591,"315,337",67% bullish,of 3 ratings,$22.50
HBHCL,$24.61,1439824298653,"6,369",Not yet rated,NULL,N/A
HBHC,$28.94,1439824298795,"32,389",50% bullish,of 2 ratings,$30
HAFC,$25.73,1439824298882,"7,091",100% bullish,of 2 ratings,$28.50
HNH,$28.59,1439824298908,257,100% bullish,of 1 rating,N/A
HMPR,$1.98,1439824298933,"1,200",100% bullish,of 1 rating,N/A
HDNG,$9.34,1439824299185,720,50% bullish,of 4 ratings,N/A
HRMN,NULL,1439824299216,0,Not yet rated,NULL,N/A
HQCL,$11.09,1439824299243,610,67% bullish,of 3 ratings,N/A
HNSN,$0.5198,1439824299298,"89,973",88% bullish,of 8 ratings,$.40
HLIT,$5.825,1439824299331,"143,190",100% bearish,of 1 rating,$6.50
HRMNW,NULL,1439824299360,0,Not yet rated,NULL,N/A
HRMNU,NULL,1439824299433,0,Not yet rated,NULL,N/A
TINY,$2.6,1439824299462,"3,800",50% bullish,of 2 ratings,$5.26
HART,$0.8,1439824299712,"20,230",100% bearish,of 1 rating,N/A
HBIO,$4.58,1439824299738,"16,164",Not yet rated,NULL,$10
HCAP,$12.38,1439824299788,"3,174",50% bullish,of 2 ratings,$15
HCAPL,NULL,1439824299877,0,Not yet rated,NULL,N/A
HAS,$80.7807,1439824299961,"98,269",63% bullish,of 8 ratings,$84.50
HCOM,$23.32,1439824300014,"3,750",100% bearish,of 1 rating,$28
HA,$25.55,1439824300040,"185,713",67% bullish,of 9 ratings,$27
HWKN,$38,1439824300115,"3,312",Not yet rated,NULL,N/A
HDS,$34.6425,1439824300218,"108,417",100% bearish,of 2 ratings,$39.50
HAYN,$40.915,1439824300240,"8,516",100% bearish,of 1 rating,$59
HWBK,NULL,1439824300273,0,100% bearish,of 1 rating,N/A
HCSG,$34.78,1439824300295,"13,827",50% bullish,of 4 ratings,$35
HIIQ,$4.56,1439824300430,"7,169",50% bullish,of 2 ratings,$7
HWAY,$12.48,1439824300563,"33,866",100% bearish,of 1 rating,$15
HQY,$33.97,1439824300593,"56,811",67% bullish,of 3 ratings,$31
HSTM,$25.97,1439824300695,"18,794",50% bullish,of 2 ratings,$33.75
HTLD,$21.27,1439824300720,"28,103",Not yet rated,NULL,$22.50
HTLF,$37.17,1439824300745,"7,317",100% bullish,of 1 rating,$39.50
HTBX,$5.62,1439824300909,"7,606",50% bullish,of 2 ratings,$15.50
HTWR,$90.52,1439824300947,"35,689",50% bullish,of 2 ratings,$103
HELE,$90.68,1439824300973,"6,833",67% bearish,of 3 ratings,$100
HSII,$20.2,1439824301007,"7,375",100% bullish,of 3 ratings,$25
HMTV,$13.49,1439824301174,441,100% bearish,of 1 rating,$16
HSIC,$145.5,1439824301206,"80,977",83% bullish,of 6 ratings,$146
HNNA,$23.21,1439824301239,200,Not yet rated,NULL,N/A
HMNY,NULL,1439824301265,0,100% bearish,of 1 rating,N/A
HERO,$0.0781,1439824301341,"688,182",81% bullish,of 16 ratings,$.75
HCACU,NULL,1439824301400,0,Not yet rated,NULL,N/A
MLHR,$28.98,1439824301773,"37,474",100% bullish,of 1 rating,$33.50
HEOP,$8.03,1439824301807,"5,500",Not yet rated,NULL,$8.50
HCCI,$12.76,1439824301829,"9,550",100% bearish,of 1 rating,$16.50
HFWA,$18.4,1439824301862,"1,066",100% bullish,of 1 rating,$20
HRTX,$30.86,1439824301883,"65,625",67% bullish,of 6 ratings,$41
HSKA,$34.645,1439824301904,"5,932",100% bearish,of 1 rating,$38
HTBK,$10.89,1439824301943,"5,978",Not yet rated,NULL,$12
HIBB,$41.115,1439824301964,"22,505",100% bearish,of 1 rating,$48.50
HPJ,$2.7663,1439824302126,"2,901",75% bullish,of 4 ratings,$12.43
HIMX,$6.9,1439824302223,"215,035",85% bullish,of 20 ratings,$8.50
HFFC,$16.5,1439824302255,2,Not yet rated,NULL,N/A
HIHO,$3.9301,1439824302282,"9,290",Not yet rated,NULL,N/A
HSGX,$6.73,1439824302307,"4,650",100% bearish,of 1 rating,$17
HIFS,$119.5,1439824302354,204,Not yet rated,NULL,N/A
HOLX,$42.82,1439824302607,"490,759",67% bullish,of 3 ratings,$42
HMSY,$9.7,1439824302637,"304,920",67% bullish,of 3 ratings,$19.35
HOMB,$41.12,1439824302666,"48,317",Not yet rated,NULL,$41
HOLI,$18.625,1439824302691,"106,149",50% bullish,of 4 ratings,$27
HMNF,$11.5,1439824302723,20,Not yet rated,NULL,N/A
HBCP,NULL,1439824302797,0,Not yet rated,NULL,$29
HFBL,NULL,1439824302926,0,Not yet rated,NULL,N/A
HMIN,$29.49,1439824302952,"12,714",100% bearish,of 2 ratings,$35
AWAY,$30.83,1439824303132,"80,711",67% bullish,of 3 ratings,$36
HMST,$22.101,1439824303159,"5,849",100% bullish,of 2 ratings,$27
HTBI,$18.415,1439824303236,"6,502",67% bullish,of 3 ratings,$18.625
HOFT,$25.14,1439824303382,"3,057",100% bearish,of 1 rating,N/A
CETC,$1.019,1439824303414,"35,632",86% bullish,of 7 ratings,N/A
HKTV,$5.21,1439824303443,868,100% bearish,of 1 rating,N/A
HBNC,$24.6,1439824303516,"1,160",100% bullish,of 1 rating,$27
HFBC,$11.6299,1439824303543,102,Not yet rated,NULL,N/A
HZNP,$31.55,1439824303615,"414,071",85% bullish,of 20 ratings,$40
HDP,$26.25,1439824303672,"49,904",67% bearish,of 3 ratings,$30.50
HRZN,$11.154,1439824303747,"7,929",100% bearish,of 1 rating,$14.25
ZINC,$8.69,1439824303847,"55,101",100% bearish,of 1 rating,$17
HBMD,$14.88,1439824304201,100,100% bearish,of 1 rating,N/A
HWCC,$7.32,1439824304232,"20,042",100% bearish,of 1 rating,$9
HOVNP,$5.1501,1439824304263,"1,202",100% bearish,of 1 rating,N/A
HCBK,$10.32,1439824304331,"177,241",83% bullish,of 6 ratings,$8.61
HUBG,$41.91,1439824304358,"11,564",100% bearish,of 1 rating,$43
HTGM,$5.86,1439824304389,"3,996",100% bearish,of 1 rating,$19.50
HMHC,$23.5,1439824304418,"54,002",Not yet rated,NULL,$27
HSNI,$62.92,1439824304519,"85,599",Not yet rated,NULL,$80
HSON,$2.91,1439824304654,"17,156",100% bearish,of 1 rating,$5
HBAN,$11.753,1439824304716,"2,062,141",76% bullish,of 17 ratings,$12.50
HBANP,$1357,1439824304813,40,100% bearish,of 1 rating,N/A
HURC,$30.95,1439824304843,"2,295",100% bearish,of 1 rating,N/A
HDSN,$3.17,1439824304875,"5,002",100% bullish,of 1 rating,$6.25
HURN,$75.9,1439824304971,"15,109",50% bullish,of 2 ratings,$80
HTCH,$1.63,1439824305137,"8,676",100% bearish,of 1 rating,$3.50
HBP,$3.1499,1439824305193,"10,100",100% bullish,of 1 rating,N/A
HDRA,NULL,1439824305223,0,Not yet rated,NULL,N/A
HDRAU,NULL,1439824305248,0,Not yet rated,NULL,N/A
HDRAR,NULL,1439824305326,0,Not yet rated,NULL,N/A
HYGS,$7.72,1439824305390,"8,068",50% bullish,of 2 ratings,$13
HDRAW,NULL,1439824305461,0,Not yet rated,NULL,N/A
IACI,$74.775,1439824305522,"58,103",75% bullish,of 4 ratings,$90
IDSY,NULL,1439824305555,0,100% bearish,of 1 rating,$7
IKGH,$1.67,1439824305621,"2,143",75% bullish,of 4 ratings,N/A
ICAD,$3.49,1439824305690,"1,006",50% bullish,of 2 ratings,$7.25
IBKC,$63.64,1439824305716,"16,054",100% bullish,of 1 rating,$70
IEP,$72.8504,1439824305755,"56,485",75% bullish,of 4 ratings,$99
ICLR,$80.02,1439824305932,"764,446",100% bearish,of 3 ratings,$82
ICUI,$121.65,1439824306088,"18,075",Not yet rated,NULL,$122
ICON,$13.6,1439824306120,"120,529",50% bullish,of 2 ratings,$18.50
IDRA,$2.635,1439824306153,"315,871",89% bullish,of 9 ratings,$6.50
IPWR,$7.95,1439824306175,"1,145",100% bullish,of 1 rating,$15
ICFI,$35.6,1439824306239,"7,108",50% bullish,of 2 ratings,$48.50
IDXX,$78.66,1439824306267,"46,849",100% bearish,of 1 rating,$77
INVE,$4.39,1439824306306,"47,651",75% bullish,of 4 ratings,$4
DSKY,$12.49,1439824306437,"44,127",67% bullish,of 6 ratings,$11.50
RXDX,$13.26,1439824306623,"33,109",100% bullish,of 1 rating,$20
IRG,$4.51,1439824306654,400,100% bearish,of 1 rating,$4.50
IIVI,$17.61,1439824306680,"30,195",100% bearish,of 1 rating,$22
IROQ,$16.6,1439824306755,842,100% bullish,of 1 rating,N/A
KANG,$16.765,1439824306887,"32,674",50% bullish,of 2 ratings,$22.55
IKAN,$2.7201,1439824306913,"4,201",83% bullish,of 6 ratings,$5
IKNX,$11.3475,1439824306937,470,100% bearish,of 1 rating,N/A
IMMR,$12.58,1439824307077,"11,071",80% bullish,of 5 ratings,$15.50
ISNS,$4.25,1439824307106,800,50% bullish,of 2 ratings,N/A
ILMN,$209.035,1439824307134,"111,449",80% bullish,of 5 ratings,$240
IMDZ,$16.92,1439824307236,"13,821",100% bearish,of 1 rating,$33
IMGN,$14.14,1439824307413,"214,009",75% bullish,of 4 ratings,$17.50
IMNP,$1.605,1439824307438,"39,979",50% bullish,of 2 ratings,$6
IPXL,$45.8475,1439824307474,"138,397",67% bullish,of 3 ratings,$46.50
ICCC,$9.08,1439824307501,"2,736",100% bullish,of 1 rating,N/A
IMMU,$1.815,1439824307528,"63,892",86% bullish,of 7 ratings,$2
IMMY,$7.69,1439824307666,"10,550",100% bearish,of 1 rating,$11
INCR,$44.56,1439824307727,"130,513",50% bullish,of 2 ratings,$53
INCY,$106.565,1439824307907,"161,272",50% bullish,of 6 ratings,$125.50
IBCP,$14.47,1439824307937,"7,927",100% bullish,of 1 rating,$14.50
INDB,$48.5535,1439824307971,"11,548",Not yet rated,NULL,$44
SAAS,$8.11,1439824307997,"130,625",50% bullish,of 2 ratings,$15
IBTX,$43.82,1439824308028,"2,507",100% bullish,of 2 ratings,$47.25
IDSA,$3.8004,1439824308068,"8,699",Not yet rated,NULL,N/A
INFN,$24.34,1439824308129,"493,979",71% bullish,of 7 ratings,$27.50
INFI,$9.56,1439824308216,"99,172",50% bullish,of 4 ratings,$18
III,$4.25,1439824308418,"8,737",57% bullish,of 7 ratings,$6
IPCC,$78.54,1439824308509,"2,538",Not yet rated,NULL,$77
INWK,$7.83,1439824308574,"16,074",50% bullish,of 2 ratings,$10
IMKTA,$54.88,1439824308610,"18,517",100% bearish,of 1 rating,N/A
INNL,$12.06,1439824308642,"1,300",100% bearish,of 1 rating,$16.50
IFON,$1.38,1439824308667,"44,738",75% bullish,of 4 ratings,N/A
INOD,$2.597,1439824308745,500,100% bearish,of 1 rating,N/A
IPHS,$51.315,1439824308818,"26,596",100% bearish,of 1 rating,$60
ISSC,$3.003,1439824308878,"2,700",67% bearish,of 3 ratings,N/A
IOSP,$46.628,1439824308962,"15,732",100% bearish,of 1 rating,N/A
INGN,$50.75,1439824308992,"117,566",100% bearish,of 1 rating,$50.50
ITEK,$15.45,1439824309018,"678,630",67% bearish,of 3 ratings,$20
INO,$7.6501,1439824309148,"218,031",89% bullish,of 18 ratings,$20
NSIT,$26.59,1439824309176,"17,355",50% bullish,of 2 ratings,N/A
INOV,$21.01,1439824309210,"19,683",100% bearish,of 1 rating,$33
ISIG,$2.64,1439824309399,400,100% bearish,of 1 rating,N/A
IIIN,$17.88,1439824309505,504,100% bearish,of 2 ratings,N/A
NTEC,$6.0201,1439824309545,"4,064",Not yet rated,NULL,N/A
PODD,$30.47,1439824309570,"115,388",50% bullish,of 2 ratings,$35
INSM,$26.61,1439824309595,"53,364",71% bullish,of 7 ratings,$32
INSY,$34.78,1439824309636,"122,743",75% bullish,of 4 ratings,$48
IART,$62.47,1439824309744,"45,387",100% bearish,of 1 rating,$71.50
IESC,$7.01,1439824309773,"4,066",100% bearish,of 1 rating,N/A
IDTI,$19.25,1439824309800,"162,478",60% bullish,of 5 ratings,$25
INTC,$29.115,1439824309991,"3,470,467",82% bullish,of 238 ratings,$36
ISSI,$22.27,1439824310023,"21,121",67% bullish,of 3 ratings,$19.75
IQNT,$17.395,1439824310126,"20,125",86% bullish,of 7 ratings,$20
IPCI,$2.3,1439824310167,"31,000",67% bullish,of 6 ratings,$7.75
IPAR,$28.76,1439824310334,"18,432",67% bullish,of 3 ratings,$38
IBKR,$41.88,1439824310381,"52,592",100% bullish,of 1 rating,N/A
ICPT,$213.8236,1439824310408,"34,415",70% bullish,of 10 ratings,$363
IDCC,$50.01,1439824310539,"46,627",75% bullish,of 4 ratings,$63
TILE,$25.9,1439824310568,"146,042",67% bearish,of 3 ratings,$27
ICLDW,$1.06,1439824310589,1,100% bearish,of 1 rating,N/A
ININ,$40.51,1439824310610,"2,801",67% bearish,of 3 ratings,$57
ICLD,$2.065,1439824310647,"963,641",75% bullish,of 4 ratings,N/A
IMI,$2.09,1439824310874,696,67% bullish,of 3 ratings,$2.22
INAP,$8.87,1439824310903,"10,428",75% bullish,of 4 ratings,$11
ISCA,$33.56,1439824310928,"8,514",100% bearish,of 1 rating,N/A
IBOC,$27.57,1439824310979,"12,393",100% bearish,of 1 rating,N/A
IIJI,NULL,1439824311113,0,50% bullish,of 2 ratings,$11.50
IGLD,$7.7387,1439824311157,200,50% bullish,of 2 ratings,N/A
INPH,$0.346,1439824311253,"1,269",50% bullish,of 2 ratings,N/A
XENT,$28.514,1439824311302,"20,821",50% bullish,of 2 ratings,$36.50
ISIL,$10.98,1439824311335,"55,800",50% bullish,of 6 ratings,$15
PTNT,$3.06,1439824311366,300,Not yet rated,NULL,N/A
IILG,$21.46,1439824311387,"8,592",100% bearish,of 1 rating,$30.50
INTX,$2.51,1439824311432,"6,373",67% bullish,of 3 ratings,N/A
IVAC,$5.1,1439824311519,"3,084",Not yet rated,NULL,$6.625
INTLL,$25.7,1439824311750,"1,300",Not yet rated,NULL,N/A
ITCI,$31.233,1439824311778,"142,991",75% bearish,of 4 ratings,$40
INTL,$28.8499,1439824311816,"8,824",67% bearish,of 3 ratings,N/A
IIN,NULL,1439824311965,0,100% bearish,of 1 rating,$12
INTU,$105.59,1439824311991,"84,542",100% bullish,of 7 ratings,$107.50
INVT,$0.295,1439824312057,"38,596",67% bullish,of 3 ratings,N/A
SNAK,$8.79,1439824312083,"10,851",50% bullish,of 2 ratings,$14
ISRG,$531.31,1439824312224,"20,465",67% bullish,of 3 ratings,$600
ISBC,$12.31,1439824312274,"221,738",100% bullish,of 1 rating,$13.25
ISTR,$15.75,1439824312305,108,100% bearish,of 1 rating,$18.50
ITIC,$71.18,1439824312406,48,100% bearish,of 2 ratings,N/A
NVIV,$11.955,1439824312432,"48,070",50% bullish,of 4 ratings,$24.50
IPAS,$1.08,1439824312460,"10,966",67% bullish,of 3 ratings,N/A
IVTY,$10.88,1439824312488,"1,800",Not yet rated,NULL,$18
DTUL,NULL,1439824312622,0,Not yet rated,NULL,N/A
DFVL,NULL,1439824312646,0,Not yet rated,NULL,N/A
IPCM,$79.49,1439824312911,"20,925",50% bullish,of 2 ratings,$80.125
IPGP,$91.695,1439824313050,"35,024",100% bearish,of 2 ratings,$109.50
IRIX,$6.93,1439824313115,"1,626",100% bearish,of 1 rating,N/A
IRDM,$7.04,1439824313144,"69,757",60% bullish,of 5 ratings,$11.50
IRMD,$26.28,1439824313181,"3,388",67% bearish,of 3 ratings,$25
IRBT,$31.1,1439824313210,"36,205",67% bullish,of 6 ratings,$37
IRDMB,NULL,1439824313261,0,67% bearish,of 3 ratings,N/A
IRWD,$11.72,1439824313342,"293,224",100% bearish,of 1 rating,$13
IRCP,NULL,1439824313423,0,100% bullish,of 2 ratings,N/A
COMT,$33.542,1439824313512,456,100% bearish,of 1 rating,N/A
IFAS,$29.05,1439824313619,200,Not yet rated,NULL,N/A
GNMA,$50.13,1439824313651,"1,910",Not yet rated,NULL,N/A
IFEU,$40.4499,1439824313684,"6,568",Not yet rated,NULL,N/A
FCHI,$50.01,1439824313756,100,Not yet rated,NULL,N/A
IFGL,$30.12,1439824313781,"65,382",Not yet rated,NULL,N/A
IFNA,NULL,1439824313955,0,Not yet rated,NULL,N/A
ACWX,$43.1099,1439824314005,"43,151",100% bearish,of 1 rating,N/A
AAXJ,$56.33,1439824314033,"132,565",Not yet rated,NULL,N/A
ACWI,$59.23,1439824314060,"74,758",Not yet rated,NULL,N/A
AXJS,NULL,1439824314085,0,Not yet rated,NULL,N/A
EEMA,$53.13,1439824314218,"7,578",Not yet rated,NULL,N/A
EMDI,NULL,1439824314256,0,Not yet rated,NULL,N/A
AAIT,$30.622,1439824314281,200,100% bullish,of 1 rating,N/A
EMEY,$25.71,1439824314434,214,Not yet rated,NULL,N/A
EEME,$39.81,1439824314460,834,100% bearish,of 1 rating,N/A
EGRW,$48.52,1439824314504,"3,017",Not yet rated,NULL,N/A
EEML,$28.58,1439824314590,156,Not yet rated,NULL,N/A
EVAL,$37.1,1439824314641,335,Not yet rated,NULL,N/A
EUFN,$23.1804,1439824314746,"41,058",100% bearish,of 1 rating,N/A
UAE,$19.3332,1439824314883,850,Not yet rated,NULL,N/A
SOXX,$85.89,1439824315016,"77,463",50% bullish,of 2 ratings,N/A
IEUS,$47.68,1439824315044,100,100% bearish,of 1 rating,N/A
QAT,NULL,1439824315068,0,Not yet rated,NULL,N/A
ICLN,$10.28,1439824315100,"26,668",50% bullish,of 2 ratings,N/A
IBB,$367.98,1439824315123,"256,744",63% bullish,of 8 ratings,N/A
EMIF,$30.34,1439824315144,870,Not yet rated,NULL,N/A
ISHG,$78.7699,1439824315352,484,100% bearish,of 1 rating,N/A
WOOD,$51.21,1439824315378,"2,431",50% bullish,of 2 ratings,N/A
IGOV,$90.3599,1439824315514,909,100% bearish,of 1 rating,N/A
INDY,$29.69,1439824315541,"127,025",100% bullish,of 1 rating,N/A
ISIS,$50.57,1439824315564,"164,438",53% bullish,of 15 ratings,$67
ISLE,$19.3,1439824315594,"32,306",50% bullish,of 4 ratings,$16
ITRI,$33.43,1439824315742,"23,643",Not yet rated,NULL,$37
ISRL,NULL,1439824315792,0,100% bearish,of 1 rating,N/A
ITRN,$25.94,1439824315817,"5,483",50% bullish,of 2 ratings,N/A
ITUS,$3.92,1439824315874,113,Not yet rated,NULL,N/A
XXIA,$15.645,1439824315907,"84,019",71% bullish,of 7 ratings,$14.625
IXYS,$11.1099,1439824316007,"16,340",50% bullish,of 4 ratings,N/A
JJSF,$118.09,1439824316064,"4,367",100% bearish,of 1 rating,N/A
MAYS,NULL,1439824316090,0,Not yet rated,NULL,N/A
JBHT,$80.35,1439824316167,"51,070",50% bullish,of 4 ratings,$89.50
JASO,$8.18,1439824316222,"195,298",82% bullish,of 17 ratings,$10
JCOM,$73.22,1439824316248,"43,159",100% bullish,of 2 ratings,$77
JKHY,$71.25,1439824316409,"33,066",50% bullish,of 2 ratings,$72
JACK,$87.7111,1439824316452,"32,945",83% bullish,of 6 ratings,$105
JXSB,NULL,1439824316625,0,Not yet rated,NULL,N/A
JAXB,NULL,1439824316717,0,100% bullish,of 1 rating,N/A
JAGX,$2.99,1439824316822,300,Not yet rated,NULL,N/A
JAKK,$9.77,1439824316870,"40,221",60% bearish,of 5 ratings,$10.50
JRVR,$26.93,1439824317024,"1,600",Not yet rated,NULL,$27
JAZZ,$185.87,1439824317068,"25,650",80% bullish,of 15 ratings,$206.50
JASN,$5.295,1439824317124,"11,900",50% bullish,of 2 ratings,$9.50
JMBA,$13.92,1439824317157,"34,114",75% bullish,of 4 ratings,$18
ERW,$51.83,1439824317186,20,Not yet rated,NULL,N/A
JASNW,$0.21,1439824317219,"1,000",50% bullish,of 2 ratings,N/A
JD,$27.61,1439824317253,"1,291,916",75% bullish,of 16 ratings,$36
JBLU,$24.355,1439824317283,"1,461,271",94% bullish,of 16 ratings,$27
JTPY,NULL,1439824317434,0,100% bearish,of 1 rating,N/A
JCTCF,NULL,1439824317493,0,100% bullish,of 1 rating,N/A
JST,$4.4,1439824317566,"8,662",75% bullish,of 4 ratings,N/A
DATE,$6.57,1439824317625,"26,340",75% bullish,of 4 ratings,$9
JIVE,$4.11,1439824317795,"51,787",75% bullish,of 4 ratings,$5
JNP,$9.97,1439824317932,"9,590",100% bullish,of 3 ratings,$15
JOEZ,$0.1974,1439824317964,"64,692",92% bullish,of 12 ratings,N/A
JOUT,$24.9,1439824317992,"1,053",100% bearish,of 1 rating,$34
WYIGU,NULL,1439824318024,0,Not yet rated,NULL,N/A
JBSS,$48.44,1439824318045,"5,363",67% bearish,of 3 ratings,N/A
KTWO,$21.35,1439824318080,"7,079",100% bearish,of 1 rating,$28.50
JUNO,$40.24,1439824318102,"327,370",73% bullish,of 11 ratings,$70
KBIO,$1.9884,1439824318358,"3,587",50% bullish,of 4 ratings,N/A
KALU,$85.26,1439824318383,"20,383",67% bearish,of 3 ratings,$91
KMDA,$3.91,1439824318413,900,50% bullish,of 2 ratings,$8
KNDI,$7.03,1439824318440,"73,999",86% bullish,of 22 ratings,N/A
KCLI,$47.83,1439824318578,"3,182",Not yet rated,NULL,N/A
KPTI,$13.0601,1439824318681,"144,373",67% bearish,of 3 ratings,$41
KBSF,$4.15,1439824318742,"8,550",100% bullish,of 1 rating,N/A
KCAP,$4.925,1439824318768,"23,583",75% bullish,of 4 ratings,$6.75
KELYA,$14.725,1439824318823,"13,332",67% bullish,of 6 ratings,$20
KELYB,NULL,1439824318905,0,50% bullish,of 2 ratings,N/A
KRNY,$11.7399,1439824318936,"296,073",100% bearish,of 1 rating,$12
KMPH,$22.648,1439824318964,"36,863",100% bearish,of 2 ratings,$22
KFFB,$8.3,1439824318985,135,100% bearish,of 1 rating,N/A
KERX,$6.29,1439824319120,"305,714",82% bullish,of 11 ratings,$12
KEQU,NULL,1439824319187,0,100% bullish,of 1 rating,N/A
GMCR,$50.34,1439824319324,"282,323",71% bullish,of 42 ratings,$64
KTEC,NULL,1439824319390,0,Not yet rated,NULL,N/A
KTCC,$10.3699,1439824319607,"3,572",100% bearish,of 1 rating,$15
KFRC,$28.36,1439824319633,"18,870",100% bullish,of 2 ratings,$29
KIN,$5.93,1439824319768,"2,955",50% bullish,of 2 ratings,$6.25
KONE,$4.18,1439824319803,"1,476",Not yet rated,NULL,N/A
KINS,$8.2,1439824319830,"11,360",100% bullish,of 1 rating,N/A
KGJI,$0.75,1439824319858,"40,939",89% bullish,of 9 ratings,N/A
KBAL,$11.715,1439824319883,"21,122",50% bullish,of 2 ratings,N/A
KE,$11.81,1439824319938,"10,972",67% bearish,of 3 ratings,$16
KIRK,$26.7,1439824320080,"3,098",50% bullish,of 2 ratings,$32
KITE,$60.99,1439824320137,"955,834",88% bullish,of 8 ratings,$85
KLXI,$39.625,1439824320216,"57,243",100% bearish,of 1 rating,$49
KLAC,$51.54,1439824320241,"198,864",100% bearish,of 1 rating,$61.50
KONA,$20.89,1439824320421,"7,655",50% bullish,of 2 ratings,$28
