Symbol,Price,Date,Volume,Rating,RatingVoteCount,OneYearEstimate
FCCY,$11.56,1441732502572,100,100% bullish,of 1 rating,$13
FCTY,$7.9,1441732502641,512,100% bullish,of 1 rating,$8.50
TFSCU,NULL,1441732502670,0,Not yet rated,NULL,N/A
PIH,$7.54,1441732502691,503,100% bearish,of 1 rating,N/A
FLWS,$8.3542,1441732502713,"155,867",80% bullish,of 5 ratings,$15
TFSCW,$0.3,1441732502746,"4,500",100% bearish,of 1 rating,N/A
TFSC,NULL,1441732502767,0,100% bearish,of 1 rating,N/A
TFSCR,$0.3723,1441732502788,"1,000",Not yet rated,NULL,N/A
TWOU,$35.95,1441732502942,"129,545",50% bullish,of 2 ratings,$39
JOBS,$26.58,1441732503111,"45,347",50% bullish,of 4 ratings,$36
VNET,$18.26,1441732503145,"184,612",60% bullish,of 5 ratings,$35
UGLD,$9.0072,1441732503178,"43,058",100% bearish,of 1 rating,N/A
USLV,$12.89,1441732503206,"150,866",86% bullish,of 7 ratings,N/A
DGLD,$82.99,1441732503231,"3,137",100% bullish,of 1 rating,N/A
SRCE,$30.7,1441732503264,"7,752",100% bullish,of 3 ratings,$33
DSLV,$66.7892,1441732503285,"12,897",100% bearish,of 1 rating,N/A
SIXD,$2.89,1441732503694,"17,321",Not yet rated,NULL,N/A
CAFD,$14.3,1441732503723,"69,023",Not yet rated,NULL,$24.50
EGHT,$7.95,1441732503749,"74,533",82% bullish,of 17 ratings,$11
ABY,$20.55,1441732503774,"1,487,396",100% bearish,of 2 ratings,$46
AVHI,$13.57,1441732503823,"5,543",100% bearish,of 1 rating,$19
AAON,$19.74,1441732503928,"21,446",100% bearish,of 1 rating,$24
ABGB,$5.6699,1441732503955,"53,866",67% bullish,of 3 ratings,$5.50
ABAX,$48.495,1441732503980,"20,772",100% bearish,of 1 rating,$60
ABEO,$4.76,1441732504195,"18,023",50% bullish,of 4 ratings,$15.50
ABMD,$95.33,1441732504225,"182,098",75% bullish,of 4 ratings,$100.50
SHLM,$32.28,1441732504247,"58,651",100% bearish,of 1 rating,$47
AXAS,$1.675,1441732504267,"469,759",78% bullish,of 9 ratings,$3.50
ABEOW,$1.7101,1441732504398,100,100% bullish,of 1 rating,N/A
ACTG,$9.11,1441732504425,"114,809",67% bullish,of 3 ratings,$18.50
ACHC,$73.48,1441732504446,"119,944",50% bullish,of 2 ratings,$92
ACAD,$40.25,1441732504684,"278,666",80% bullish,of 20 ratings,$48
ACST,$0.3002,1441732504817,"17,902",100% bullish,of 2 ratings,N/A
AXDX,$17.82,1441732504844,"58,953",100% bearish,of 1 rating,N/A
ANCX,$20.33,1441732504977,"12,181",Not yet rated,NULL,$20
ARAY,$6.605,1441732505009,"145,203",100% bearish,of 1 rating,$10.50
VXUP,$1.541,1441732505037,"25,275",100% bearish,of 1 rating,N/A
VXDN,$1.89,1441732505062,"4,689",100% bearish,of 1 rating,N/A
ACRX,$4.045,1441732505111,"377,415",67% bearish,of 6 ratings,$7
XLRN,$30.07,1441732505308,"62,118",50% bullish,of 2 ratings,$57
AKAO,$6.955,1441732505440,"24,134",75% bullish,of 4 ratings,$15
ACET,$22.88,1441732505468,"34,346",75% bullish,of 4 ratings,$30
ACIW,$21.54,1441732505489,"72,921",67% bearish,of 3 ratings,$24
ACHN,$7.855,1441732505520,"2,563,935",90% bullish,of 21 ratings,$16
ACOR,$33,1441732505656,"67,616",67% bearish,of 3 ratings,$38.50
ACTS,$1.61,1441732505714,"4,201",100% bearish,of 1 rating,N/A
ACNB,$20.12,1441732505743,300,Not yet rated,NULL,N/A
ACPW,$1.96,1441732505847,"18,683",100% bullish,of 4 ratings,$3.25
ACUR,$2.9934,1441732506080,"6,400",100% bullish,of 5 ratings,$5
ATVI,$28.455,1441732506109,"2,269,940",67% bullish,of 84 ratings,$31.50
ADMS,$19.605,1441732506143,"37,238",100% bearish,of 2 ratings,$36
ACXM,$20.83,1441732506169,"38,216",67% bullish,of 3 ratings,N/A
ADUS,$29.6,1441732506239,"19,147",100% bearish,of 1 rating,$31
ACTA,$14.13,1441732506267,"26,041",67% bearish,of 3 ratings,$25
ADAP,$11.2,1441732506298,"9,491",67% bullish,of 3 ratings,$22
ADMP,$3.85,1441732506396,"9,829",50% bullish,of 2 ratings,$10
AEY,$2.39,1441732506498,550,100% bearish,of 2 ratings,N/A
ADMA,$9.02,1441732506604,"3,199",Not yet rated,NULL,$19
ADBE,$78.72,1441732506646,"627,679",61% bullish,of 18 ratings,$90
ADEP,$7.775,1441732506734,"42,479",50% bullish,of 2 ratings,$10.75
AEIS,$24.4625,1441732506865,"89,380",50% bullish,of 2 ratings,$32.50
ADTN,$15.685,1441732506890,"48,844",67% bullish,of 3 ratings,$17.125
ADRO,$18.77,1441732506917,"94,406",80% bullish,of 5 ratings,$45.50
AMD,$1.865,1441732506949,"2,662,061",83% bullish,of 103 ratings,$2
ADXS,$13.92,1441732506975,"249,685",64% bullish,of 14 ratings,$27
ADXSW,$9.97,1441732507054,150,100% bullish,of 1 rating,N/A
YPRO,NULL,1441732507138,0,100% bearish,of 1 rating,N/A
MULT,NULL,1441732507225,0,100% bearish,of 1 rating,N/A
AEGR,$17.96,1441732507372,"63,390",50% bullish,of 6 ratings,$26
AEGN,$18.005,1441732507397,"40,819",100% bearish,of 2 ratings,$21
AEHR,NULL,1441732507423,0,50% bullish,of 2 ratings,N/A
AMTX,$2.922,1441732507444,"4,728",50% bullish,of 2 ratings,N/A
AEPI,$62.97,1441732507576,"21,889",100% bearish,of 1 rating,N/A
AVAV,$20.69,1441732507768,"57,688",50% bullish,of 4 ratings,$28
AEZS,$0.0785,1441732507801,"7,275,961",90% bullish,of 21 ratings,$1.50
AERI,$16.15,1441732507822,"245,245",75% bullish,of 4 ratings,$31.50
AFFX,$9.401,1441732507859,"250,190",80% bullish,of 5 ratings,$12.50
AFMD,$9.9,1441732507899,"56,607",50% bullish,of 4 ratings,$15
AEMD,$7.3,1441732507954,"76,513",Not yet rated,NULL,$27.50
AGRX,$8.8001,1441732507988,"4,535",100% bearish,of 1 rating,$17.50
AGEN,$7.06,1441732508057,"150,788",85% bullish,of 13 ratings,$14
AGYS,$9.73,1441732508233,"3,605",100% bearish,of 1 rating,N/A
AGIO,$88.92,1441732508392,"91,736",88% bullish,of 8 ratings,$114
AGFS,$10.05,1441732508454,"59,199",100% bearish,of 1 rating,N/A
AIRT,$22.706,1441732508482,"3,035",100% bullish,of 1 rating,N/A
AGFSW,$2.1,1441732508503,"10,300",100% bearish,of 2 ratings,N/A
AIRM,$36.4,1441732508532,"51,041",80% bearish,of 5 ratings,$53
AIMT,$22.6564,1441732508553,"121,783",Not yet rated,NULL,$35.50
AIXG,$6.9,1441732508686,"7,744",67% bearish,of 3 ratings,$5.25
AKAM,$73.47,1441732508882,"322,282",63% bullish,of 8 ratings,$77.50
AMCN,$4.6,1441732508909,"163,360",83% bullish,of 6 ratings,N/A
ATSG,$8.86,1441732508930,"35,627",67% bullish,of 3 ratings,$13
AKBA,$7.63,1441732508952,"160,321",100% bearish,of 1 rating,$18
AKRX,$39.03,1441732508996,"175,972",78% bullish,of 9 ratings,$56
AKER,$2.7497,1441732509017,"1,520",Not yet rated,NULL,N/A
ALRM,$16.23,1441732509084,"27,162",100% bearish,of 1 rating,$22
ALSK,$2.2643,1441732509363,"56,337",78% bullish,of 18 ratings,$2
ABDC,$12.81,1441732509393,"16,268",Not yet rated,NULL,$15
AMRI,$20.6,1441732509419,"73,956",75% bearish,of 4 ratings,$24
ADHD,$7.88,1441732509490,"40,021",50% bullish,of 4 ratings,$18
ALDR,$41.98,1441732509590,"122,203",67% bearish,of 3 ratings,$62
ALDX,$7.17,1441732509632,"9,677",100% bearish,of 1 rating,$14.50
ALXN,$174,1441732509768,"300,412",88% bullish,of 8 ratings,$223.50
ALXA,$1.35,1441732509797,"34,378",83% bullish,of 6 ratings,$2.125
ALCO,$42.75,1441732509818,"4,634",50% bullish,of 2 ratings,N/A
ALGN,$54.96,1441732509858,"94,464",100% bearish,of 2 ratings,$73
ALIM,$2.99,1441732509957,"25,900",80% bullish,of 5 ratings,$10
ALKS,$66.76,1441732509983,"220,980",67% bullish,of 3 ratings,$75
ALGT,$209.25,1441732510051,"33,978",100% bearish,of 2 ratings,$235
ALLB,$23.31,1441732510082,100,Not yet rated,NULL,N/A
AFOP,$19.09,1441732510185,"28,993",75% bullish,of 8 ratings,$21
AIQ,$14.89,1441732510349,"5,957",67% bullish,of 3 ratings,N/A
ARLP,$25.0101,1441732510458,"48,118",67% bearish,of 3 ratings,$32
AHGP,$35.68,1441732510485,"16,984",67% bullish,of 3 ratings,N/A
ALQA,$4.5298,1441732510564,"7,982",75% bullish,of 4 ratings,$8.50
AHPI,NULL,1441732510619,0,50% bullish,of 2 ratings,N/A
ALLT,$5.18,1441732510670,"11,649",75% bullish,of 4 ratings,$6.25
MDRX,$13.28,1441732510755,"646,942",60% bullish,of 5 ratings,$16
ALNY,$101.43,1441732510814,"177,161",67% bullish,of 3 ratings,$151.50
AMOT,$17.9,1441732510887,"29,889",100% bearish,of 1 rating,N/A
AFAM,$45.56,1441732510916,"23,555",50% bullish,of 2 ratings,$44
SMCP,$23.1701,1441732510944,575,Not yet rated,NULL,N/A
AOSL,$8.25,1441732510973,"9,444",67% bullish,of 3 ratings,$9
ATEC,$0.55,1441732511070,"79,814",100% bullish,of 1 rating,$2
ALTR,$50.41,1441732511178,"2,366,064",67% bearish,of 6 ratings,$54
ASPS,$26.345,1441732511259,"77,945",67% bullish,of 3 ratings,$46.50
AIMC,$24.04,1441732511396,"37,038",100% bearish,of 2 ratings,$28.50
AMAG,$60.43,1441732511417,"145,509",100% bullish,of 2 ratings,$75
AMRN,$2.375,1441732511474,"633,128",85% bullish,of 40 ratings,$8
AMRK,$10.88,1441732511512,"39,754",50% bullish,of 2 ratings,$14
AYA,$21.01,1441732511607,"8,597",100% bearish,of 1 rating,$40
AMBA,$72.57,1441732511637,"1,198,662",71% bullish,of 14 ratings,$102.50
AMZN,$510.24,1441732511658,"1,210,585",81% bullish,of 269 ratings,$646
AMBC,$16.41,1441732511692,"61,732",100% bearish,of 1 rating,$16.50
AMBCW,NULL,1441732511793,0,100% bearish,of 1 rating,N/A
EPAX,$2.71,1441732511901,"29,041",100% bearish,of 1 rating,N/A
DOX,$56.9575,1441732511964,"219,905",67% bearish,of 3 ratings,$60
AMCX,$73.3,1441732512037,"172,853",67% bullish,of 3 ratings,$87.50
AMDA,$0.4179,1441732512122,"2,962,918",90% bullish,of 10 ratings,$1
AMED,$40.62,1441732512183,"57,990",100% bearish,of 1 rating,$42
UHAL,$374.01,1441732512316,"10,441",100% bullish,of 2 ratings,$393.50
AMOV,$17.79,1441732512387,760,100% bearish,of 1 rating,N/A
ATAX,$5.3051,1441732512423,"37,825",100% bullish,of 1 rating,$6.50
AAL,$41.17,1441732512453,"2,785,147",93% bullish,of 88 ratings,$57
AGNCB,$24.2575,1441732512478,"4,254",Not yet rated,NULL,N/A
AGNC,$19.0508,1441732512515,"857,771",71% bullish,of 28 ratings,$22
ASBI,$22.9401,1441732512547,"10,567",Not yet rated,NULL,N/A
AGNCP,$25.39,1441732512650,"2,750",Not yet rated,NULL,N/A
MTGEP,NULL,1441732512780,0,Not yet rated,NULL,N/A
MTGE,$15.21,1441732512805,"142,408",75% bullish,of 4 ratings,$19.50
ACSF,$12.1972,1441732512939,"5,538",100% bearish,of 1 rating,$15
ACAS,$13.89,1441732512963,"488,500",60% bullish,of 5 ratings,$16.75
ANCI,$1.41,1441732513144,700,100% bearish,of 1 rating,N/A
AETI,$3.4594,1441732513188,"1,600",67% bearish,of 3 ratings,N/A
AMIC,$10.01,1441732513286,200,100% bearish,of 1 rating,N/A
AMNB,$23.4,1441732513332,"3,688",Not yet rated,NULL,$25.50
ANAT,$97.885,1441732513461,"25,815",100% bullish,of 1 rating,N/A
APEI,$22.3288,1441732513492,"12,963",100% bearish,of 1 rating,$25.50
AMRB,$10.3524,1441732513522,"2,699",Not yet rated,NULL,$11
ARII,$40.51,1441732513546,"65,898",67% bearish,of 3 ratings,$45
ASEI,$39.27,1441732513622,"10,930",100% bearish,of 1 rating,$52.50
AMSC,$5.22,1441732513708,"29,669",50% bullish,of 4 ratings,N/A
AMSWA,$9.0992,1441732513753,"10,169",100% bearish,of 2 ratings,$10.75
CRMT,$35.61,1441732513897,"6,502",100% bearish,of 1 rating,$38
AMWD,$68.47,1441732513922,"49,568",50% bullish,of 2 ratings,$70
ABCB,$27.64,1441732513993,"20,272",Not yet rated,NULL,$31
AMSF,$47.22,1441732514141,"7,385",Not yet rated,NULL,$57.50
ATLO,$23.08,1441732514166,894,Not yet rated,NULL,N/A
ASRV,$3.22,1441732514212,"3,600",100% bullish,of 2 ratings,N/A
AMGN,$152.69,1441732514245,"1,319,365",89% bullish,of 19 ratings,$185
ASRVP,NULL,1441732514303,0,Not yet rated,NULL,N/A
AMKR,$5.49,1441732514338,"486,140",100% bearish,of 2 ratings,$5
FOLD,$16.82,1441732514363,"672,594",56% bullish,of 9 ratings,$21
AMPH,$14.12,1441732514523,"81,869",50% bullish,of 2 ratings,$20
AMSG,$80.82,1441732514571,"129,777",100% bearish,of 1 rating,$85.50
AMSGP,$152.74,1441732514713,146,Not yet rated,NULL,N/A
ASYS,$5.32,1441732514742,"13,396",67% bullish,of 3 ratings,$12
AFSI,$58.18,1441732514767,"109,205",60% bullish,of 5 ratings,$72
AMRS,$1.8,1441732514896,"94,209",70% bullish,of 10 ratings,N/A
ANAC,$135.63,1441732514948,"81,954",80% bullish,of 5 ratings,$180.50
ADI,$56.89,1441732515025,"944,991",75% bullish,of 4 ratings,$69
ANAD,$0.297,1441732515055,"228,286",100% bullish,of 2 ratings,$.50
ABCW,$42.3,1441732515129,"14,255",67% bullish,of 3 ratings,N/A
ANCB,$21.6,1441732515156,"5,169",Not yet rated,NULL,$23
ALOG,$82.73,1441732515182,"31,188",100% bearish,of 2 ratings,$100.50
AMCF,NULL,1441732515315,0,NULL,NULL,NULL
ANGI,$5.23,1441732515361,"141,203",64% bullish,of 11 ratings,$5.50
ANGO,$14.63,1441732515444,"14,881",67% bullish,of 3 ratings,$19
ANIK,$36.47,1441732515579,"26,980",60% bullish,of 5 ratings,$51.25
ANIP,$53.03,1441732515604,"37,428",89% bullish,of 19 ratings,$66
ANSS,$91.615,1441732515665,"78,519",100% bearish,of 1 rating,$100
ANTH,$7.52,1441732515747,"176,256",80% bullish,of 10 ratings,$13
ATRS,$1.845,1441732515879,"86,520",92% bullish,of 12 ratings,$4.50
ABAC,$0.79,1441732515915,40,100% bearish,of 1 rating,N/A
APIC,$7.83,1441732515942,"61,271",100% bearish,of 1 rating,$19
APOG,$54.33,1441732516009,"29,691",50% bullish,of 2 ratings,$67
ATNY,$2.4245,1441732516038,"9,666",50% bullish,of 2 ratings,$3.75
APPF,$17.75,1441732516140,"20,365",50% bullish,of 2 ratings,$22
APOL,$11.58,1441732516194,"353,603",87% bearish,of 68 ratings,$14
AINV,$6.48,1441732516299,"315,677",50% bullish,of 4 ratings,$8
AAPL,$110.81,1441732516324,"15,756,786",86% bullish,of 2368 ratings,$150
APDN,$3.55,1441732516450,"31,197",Not yet rated,NULL,$9
ARCI,$1.155,1441732516545,"2,918",Not yet rated,NULL,N/A
APDNW,$1.5,1441732516571,"1,435",Not yet rated,NULL,N/A
AGTC,$16.82,1441732516610,"15,464",50% bullish,of 2 ratings,$33
AAOI,$21.4157,1441732516646,"102,115",50% bullish,of 4 ratings,$26
AMAT,$15.753,1441732516780,"4,289,195",82% bullish,of 11 ratings,$23
AMCC,$5.89,1441732516806,"117,861",80% bullish,of 5 ratings,$8
AREX,$2.65,1441732516828,"346,232",50% bullish,of 2 ratings,$3
APTO,$5.15,1441732516958,"3,104",Not yet rated,NULL,$17
APRI,$1.7201,1441732517013,"136,538",83% bullish,of 6 ratings,$4.86
AQMS,$4.995,1441732517039,"8,316",Not yet rated,NULL,N/A
AQXP,$15.8366,1441732517115,"113,020",67% bearish,of 3 ratings,$2
AUMA,NULL,1441732517174,0,Not yet rated,NULL,N/A
AUMAU,NULL,1441732517361,0,Not yet rated,NULL,N/A
AUMAW,NULL,1441732517387,0,Not yet rated,NULL,N/A
ABUS,$7.035,1441732517436,"70,211",86% bullish,of 14 ratings,$21.50
ARDM,$7.33,1441732517521,300,100% bullish,of 1 rating,$26
ABIO,$7.1368,1441732517547,"90,069",50% bullish,of 2 ratings,$26.242
ARCW,$3.24,1441732517568,"13,654",100% bearish,of 2 ratings,$10.50
PETX,$18.0801,1441732517602,"56,042",100% bearish,of 2 ratings,$26
RKDA,$5.31,1441732517758,"13,849",100% bearish,of 2 ratings,$10
ARCB,$29.39,1441732517786,"29,277",67% bearish,of 3 ratings,$39.50
ACAT,$24.95,1441732517835,"102,476",100% bearish,of 3 ratings,$33
ACGL,$69.33,1441732517860,"107,447",50% bullish,of 2 ratings,$72
ARNA,$2.75,1441732517998,"305,429",90% bullish,of 78 ratings,$5.50
ARDX,$20.55,1441732518023,"107,240",50% bullish,of 2 ratings,$24.50
ARCC,$15.551,1441732518158,"356,210",67% bearish,of 3 ratings,$17.75
AGIIL,$25.305,1441732518333,"5,158",Not yet rated,NULL,N/A
ARGS,$6.19,1441732518360,"8,506",50% bullish,of 2 ratings,$19.50
AGII,$54.72,1441732518388,"13,747",Not yet rated,NULL,$59.50
ARIS,$3.76,1441732518417,"7,496",Not yet rated,NULL,$4.50
ARIA,$7.87,1441732518520,"1,630,483",87% bullish,of 46 ratings,$9
ARKR,$24.64,1441732518602,"2,780",50% bullish,of 2 ratings,N/A
ARMH,$43.99,1441732518634,"683,844",54% bearish,of 13 ratings,$60
ARWA,NULL,1441732518736,0,Not yet rated,NULL,N/A
ARTX,$1.37,1441732518761,"43,155",88% bullish,of 16 ratings,$4.50
ARWAR,NULL,1441732518915,0,Not yet rated,NULL,N/A
ARWAW,NULL,1441732518949,0,Not yet rated,NULL,N/A
ARWAU,NULL,1441732518974,0,100% bullish,of 1 rating,N/A
ARQL,$1.71,1441732518999,"51,676",75% bullish,of 4 ratings,$5
ARRY,$5.77,1441732519138,"366,936",100% bullish,of 7 ratings,$10
ARRS,$26.7101,1441732519163,"181,393",50% bullish,of 2 ratings,$38
DWAT,$9.7615,1441732519197,"7,605",100% bearish,of 1 rating,N/A
ARWR,$5.5058,1441732519299,"347,406",75% bullish,of 4 ratings,$10.50
ARTNA,$21.7999,1441732519370,"3,283",100% bearish,of 1 rating,$29
AROW,$27.2024,1441732519437,"3,160",Not yet rated,NULL,N/A
ARTW,$4.02,1441732519462,390,75% bearish,of 4 ratings,N/A
ASNA,$12.155,1441732519632,"923,707",50% bullish,of 2 ratings,$17.50
ASBB,$25.23,1441732519663,6,Not yet rated,NULL,N/A
ASND,$20.07,1441732519699,"9,650",50% bullish,of 2 ratings,$30
ASTI,$0.2448,1441732519766,"2,441,740",83% bullish,of 6 ratings,$3
ASCMA,$28.17,1441732519791,"32,855",100% bearish,of 1 rating,$45
ASMI,NULL,1441732519817,0,NULL,NULL,NULL
ASML,$93.33,1441732519923,"272,436",50% bullish,of 4 ratings,$127
APWC,$1.75,1441732519951,204,100% bearish,of 1 rating,N/A
AZPN,$39.39,1441732520126,"163,766",50% bullish,of 2 ratings,$42
ASTE,$38.21,1441732520256,"34,011",100% bearish,of 1 rating,$49
ASFI,$8.74,1441732520281,"2,500",100% bullish,of 1 rating,N/A
ALOT,$13.95,1441732520411,522,100% bearish,of 1 rating,N/A
ASTC,$2.307,1441732520447,"13,307",100% bullish,of 5 ratings,N/A
ATRO,$50.08,1441732520503,"54,106",100% bearish,of 2 ratings,$80
ASMB,$13.33,1441732520528,"13,466",67% bullish,of 3 ratings,N/A
ASUR,$5.57,1441732520582,881,50% bullish,of 2 ratings,$8
ATRA,$43.75,1441732520608,"78,820",50% bullish,of 2 ratings,$68
ATAI,$2.36,1441732520844,"13,869",100% bearish,of 1 rating,N/A
ATHN,$135.52,1441732520924,"75,634",67% bearish,of 3 ratings,$153
AFCB,NULL,1441732521030,0,Not yet rated,NULL,N/A
AAPC,$10.1,1441732521132,200,Not yet rated,NULL,N/A
ATHX,$1.1521,1441732521220,"35,419",89% bullish,of 9 ratings,$5
AAME,$3.46,1441732521267,"1,202",Not yet rated,NULL,N/A
ATLC,$3.87,1441732521473,"2,900",67% bullish,of 3 ratings,N/A
ACFC,$5.5725,1441732521504,"4,565",100% bearish,of 1 rating,$6.50
AAWW,$38.71,1441732521525,"67,946",50% bullish,of 2 ratings,$65
ATNI,$73.78,1441732521546,"16,974",100% bearish,of 1 rating,$69.50
AFH,$16.26,1441732521588,"26,999",Not yet rated,NULL,$21.50
ATML,$7.955,1441732521675,"1,455,885",78% bullish,of 9 ratings,$9.50
ATOS,$0.89,1441732521705,"32,870",100% bullish,of 7 ratings,$7
ATRC,$24.38,1441732521730,"37,259",100% bullish,of 1 rating,$30
ATRM,$3.105,1441732521866,100,50% bullish,of 2 ratings,N/A
ATTU,$13.19,1441732521899,"4,475",100% bearish,of 1 rating,$20.50
ATRI,$379.95,1441732521927,"1,336",Not yet rated,NULL,N/A
LIFE,$15.11,1441732522059,"22,027",86% bullish,of 7 ratings,$43
AUBN,$26.86,1441732522084,502,Not yet rated,NULL,N/A
EARS,$4.46,1441732522295,"4,208",100% bearish,of 2 ratings,$8.49
AUPH,$3.4,1441732522332,"6,920",100% bearish,of 1 rating,$8
AUDC,$3.31,1441732522394,"5,931",80% bullish,of 5 ratings,$5
ADSK,$46.255,1441732522426,"397,080",67% bullish,of 6 ratings,$66
ABTL,$19.205,1441732522454,"31,354",100% bullish,of 4 ratings,$20.25
ADP,$77.55,1441732522479,"433,970",100% bearish,of 1 rating,$88
ADAT,$0.3497,1441732522526,"183,895",100% bullish,of 2 ratings,N/A
AVGO,$127.26,1441732522659,"814,334",88% bullish,of 8 ratings,$165
AVEO,$1.37,1441732522791,"219,406",75% bullish,of 8 ratings,$3
AVNU,$13,1441732522819,"5,100",Not yet rated,NULL,$14
AVNW,$1.1986,1441732522948,"12,865",50% bullish,of 2 ratings,N/A
AAVL,$10.545,1441732522976,"101,756",100% bearish,of 1 rating,$20
AVID,$8.73,1441732523112,"94,301",100% bearish,of 1 rating,$20
CAR,$43.29,1441732523144,"285,911",67% bullish,of 6 ratings,$60
AWRE,$3.2368,1441732523172,"4,268",67% bullish,of 3 ratings,N/A
AVGR,$15.3,1441732523197,"8,559",100% bearish,of 1 rating,$20
AXPW,$1.7794,1441732523245,"361,336",86% bullish,of 7 ratings,N/A
ACLS,$3.465,1441732523417,"794,924",67% bullish,of 6 ratings,$4.75
AXPWW,$0.95,1441732523455,30,Not yet rated,NULL,N/A
BCOM,$19.52,1441732523520,109,100% bearish,of 1 rating,N/A
AXGN,$4.7968,1441732523553,"31,538",Not yet rated,NULL,$5
AXTI,$2.16,1441732523574,"6,212",50% bullish,of 2 ratings,$2.75
RILY,NULL,1441732523655,0,Not yet rated,NULL,N/A
BOSC,$2.24,1441732523714,"28,454",50% bullish,of 2 ratings,N/A
BIDU,$146.36,1441732523967,"1,475,966",81% bullish,of 88 ratings,$210
BWINB,$22.3,1441732524020,"6,295",Not yet rated,NULL,N/A
BEAV,$49.8,1441732524041,"104,616",67% bearish,of 3 ratings,$59
BWINA,$22.98,1441732524062,187,Not yet rated,NULL,N/A
BCPC,$57.745,1441732524098,"30,581",100% bearish,of 1 rating,$75
BLDP,$1.35,1441732524119,"111,416",91% bullish,of 22 ratings,$2.50
BANFP,NULL,1441732524254,0,Not yet rated,NULL,N/A
BANF,$60.8301,1441732524314,"4,870",Not yet rated,NULL,$68
BKSC,$16.34,1441732524507,"4,998",Not yet rated,NULL,N/A
BOCH,$5.7901,1441732524534,"10,891",Not yet rated,NULL,$6.50
BKMU,$7.11,1441732524555,"25,876",Not yet rated,NULL,$8
BOTJ,$10.94,1441732524687,"1,666",Not yet rated,NULL,N/A
BMRC,$48.56,1441732524713,899,Not yet rated,NULL,$52
BWFG,$18.3,1441732524916,"3,445",100% bearish,of 1 rating,N/A
OZRK,$41.79,1441732524943,"113,600",67% bullish,of 3 ratings,$49.50
BANR,$44.23,1441732524975,"16,071",100% bullish,of 3 ratings,$50
BFIN,$12.12,1441732525014,"7,718",Not yet rated,NULL,$13
TAPR,$33.44,1441732525072,265,100% bearish,of 1 rating,N/A
BHACR,NULL,1441732525102,0,Not yet rated,NULL,N/A
BZUN,$5.34,1441732525128,"50,879",50% bullish,of 2 ratings,$11.50
BHAC,NULL,1441732525165,0,Not yet rated,NULL,N/A
BHACU,NULL,1441732525271,0,Not yet rated,NULL,N/A
BHACW,NULL,1441732525503,0,Not yet rated,NULL,N/A
BBSI,$34.5,1441732525563,"18,215",67% bearish,of 3 ratings,$62.50
BSET,$30.34,1441732525693,"16,241",100% bearish,of 1 rating,$35
BYBK,$5.0501,1441732525719,"6,600",100% bearish,of 1 rating,N/A
BYLK,$12.8777,1441732525766,"6,972",Not yet rated,NULL,$14
BBCN,$14.51,1441732525791,"42,880",100% bearish,of 1 rating,$16
BDCV,$4.924,1441732525859,"3,542",100% bearish,of 1 rating,$10.19
BCBP,NULL,1441732525923,0,Not yet rated,NULL,N/A
BV,$5.12,1441732525948,"171,945",67% bullish,of 6 ratings,$8.75
BECN,$36.3,1441732525977,"122,495",50% bullish,of 2 ratings,$40
BBGI,NULL,1441732526168,0,100% bearish,of 1 rating,N/A
BEBE,$1.2,1441732526198,"176,227",75% bullish,of 4 ratings,$2.125
BSF,$8.79,1441732526245,"2,019",Not yet rated,NULL,N/A
BELFA,$15.98,1441732526270,8,100% bearish,of 1 rating,N/A
BBBY,$62.66,1441732526300,"524,528",71% bullish,of 7 ratings,$75
BELFB,$18.64,1441732526473,"13,110",100% bearish,of 1 rating,N/A
BLPH,$3.9899,1441732526569,"15,680",100% bearish,of 1 rating,$12.50
BGMD,$0.6262,1441732526701,"156,418",100% bullish,of 10 ratings,N/A
BNCL,$12.75,1441732526731,"115,440",100% bullish,of 3 ratings,$12.50
BLCM,$16.67,1441732526752,"94,915",50% bullish,of 4 ratings,$40
BNFT,$36.49,1441732526773,"18,267",67% bullish,of 3 ratings,$46
BNTC,$6.8001,1441732526794,"3,061",100% bullish,of 1 rating,N/A
BGCP,$8.97,1441732526839,"306,410",88% bullish,of 8 ratings,$14
BIND,$5.07,1441732526943,"52,549",75% bullish,of 4 ratings,$13.50
BGFV,$11.47,1441732527035,"53,133",57% bullish,of 7 ratings,$12
BASI,$1.65,1441732527145,5,Not yet rated,NULL,N/A
BCDA,NULL,1441732527326,0,Not yet rated,NULL,N/A
BIOD,$0.7001,1441732527363,"24,400",80% bullish,of 5 ratings,$4
ORPN,$5.54,1441732527398,"2,500",100% bullish,of 1 rating,$28.50
BCRX,$11.87,1441732527424,"112,424",63% bullish,of 8 ratings,$18
BIOC,$2.16,1441732527445,"283,099",83% bullish,of 6 ratings,$3.85
BIIB,$303.99,1441732527590,"455,128",88% bullish,of 16 ratings,$400
BDSI,$6.6,1441732527617,"296,935",88% bullish,of 8 ratings,$17
BIOL,$1.55,1441732527641,"7,196",Not yet rated,NULL,N/A
BLRX,$1.7637,1441732527799,"106,833",100% bullish,of 12 ratings,$5
BVXV,$4.2,1441732527827,"83,395",Not yet rated,NULL,N/A
BMRN,$129.38,1441732527854,"193,031",80% bullish,of 5 ratings,$160
BLFS,$2.36,1441732527901,"43,713",50% bullish,of 2 ratings,$4.75
BPTH,$1.19,1441732527993,"16,513",100% bullish,of 2 ratings,$5
BVXVW,NULL,1441732528041,0,100% bearish,of 1 rating,N/A
BRLI,NULL,1441732528132,0,NULL,NULL,NULL
BIOS,$2.475,1441732528237,"164,043",71% bullish,of 7 ratings,$4
BBP,$32.49,1441732528286,"2,335",Not yet rated,NULL,N/A
BSPM,$0.703,1441732528314,770,50% bullish,of 2 ratings,N/A
BBC,$32.37,1441732528334,"11,841",Not yet rated,NULL,N/A
BSTC,$49.6,1441732528366,"26,720",100% bearish,of 1 rating,$76
BOTA,$2.16,1441732528551,"19,561",88% bullish,of 8 ratings,N/A
TECH,$93.6,1441732528597,"92,169",100% bullish,of 1 rating,$117
BEAT,$16.17,1441732528688,"281,869",67% bearish,of 3 ratings,$15
BITI,$17.05,1441732528764,"11,845",100% bullish,of 1 rating,$28
BJRI,$45.24,1441732528795,"67,045",50% bullish,of 2 ratings,$55
BDMS,$13.1,1441732528821,100,100% bearish,of 1 rating,N/A
BBOX,$14.8098,1441732528898,"21,120",100% bearish,of 1 rating,N/A
BBRY,$7.325,1441732529077,"1,523,255",61% bullish,of 331 ratings,$9
HAWK,$40.33,1441732529107,"77,578",91% bullish,of 11 ratings,$49
BDE,$7.47,1441732529139,"18,520",50% bullish,of 2 ratings,$9
BLKB,$57.72,1441732529165,"22,784",100% bearish,of 2 ratings,$66
BKCC,$9.4721,1441732529244,"107,452",50% bullish,of 2 ratings,$10
ADRD,$21.6996,1441732529275,"2,449",100% bearish,of 1 rating,N/A
ADRE,$29.0501,1441732529304,"2,891",100% bearish,of 1 rating,N/A
ADRA,$26.76,1441732529370,"1,221",100% bearish,of 1 rating,N/A
ADRU,$21.55,1441732529475,"1,808",100% bearish,of 1 rating,N/A
BLMN,$20.79,1441732529649,"215,033",83% bullish,of 6 ratings,$27.50
BCOR,$13.21,1441732529748,"56,518",57% bullish,of 7 ratings,$15
BLBD,$11.54,1441732529773,"5,038",Not yet rated,NULL,N/A
BUFF,$23.42,1441732529805,"425,888",77% bullish,of 13 ratings,$31.50
BBLU,$0.9247,1441732529831,"34,434",100% bullish,of 2 ratings,$4.43
BHBK,$14.11,1441732529903,"4,927",100% bullish,of 1 rating,$14.50
BLUE,$134.53,1441732530004,"346,057",71% bullish,of 7 ratings,$217.50
NILE,$33.78,1441732530034,"9,301",50% bullish,of 2 ratings,$34
BKEP,$6.48,1441732530086,"9,205",100% bearish,of 1 rating,$8.50
BPMC,$29.44,1441732530165,"19,331",50% bullish,of 2 ratings,$47.50
BKEPP,$7.95,1441732530217,"2,120",100% bearish,of 1 rating,N/A
BNCN,$21.5,1441732530245,"10,790",Not yet rated,NULL,$24
BOFI,$116.41,1441732530302,"96,344",100% bullish,of 6 ratings,$144
BOBE,$46.41,1441732530454,"98,113",75% bullish,of 4 ratings,$57
WIFI,$7.825,1441732530593,"59,331",50% bullish,of 2 ratings,$13.50
BOJA,$21.19,1441732530620,"29,684",100% bullish,of 1 rating,$30
BOKF,$63.48,1441732530659,"30,169",100% bearish,of 1 rating,$69
BAMM,$3.21,1441732530869,"2,051",60% bullish,of 5 ratings,N/A
BONA,$11.31,1441732530916,"87,326",75% bullish,of 4 ratings,$8.50
BNSO,$1.269,1441732530998,"1,563",100% bearish,of 1 rating,N/A
BPFH,$11.9907,1441732531028,"64,536",100% bearish,of 1 rating,$14
BPFHP,$25.47,1441732531130,"3,800",100% bearish,of 1 rating,N/A
BPFHW,NULL,1441732531215,0,100% bearish,of 1 rating,N/A
EPAY,$26.68,1441732531369,"45,016",100% bearish,of 2 ratings,$30
BDBD,$8.38,1441732531399,"143,175",60% bullish,of 5 ratings,$10
BCLI,$3.175,1441732531424,"38,951",80% bullish,of 5 ratings,$12
BBEPP,$14.7755,1441732531468,"7,477",50% bullish,of 2 ratings,N/A
BBEP,$2.785,1441732531499,"834,829",69% bullish,of 13 ratings,$5.625
BBRG,$12.58,1441732531602,"18,561",67% bullish,of 3 ratings,$14.50
BDGE,$26.65,1441732531628,"8,852",Not yet rated,NULL,$31.75
BCOV,$5.22,1441732531852,"11,698",67% bullish,of 3 ratings,$10.20
BLIN,$1.59,1441732531909,"39,681",50% bullish,of 2 ratings,$2.20
BRCM,$52.02,1441732531934,"491,003",69% bullish,of 13 ratings,$56
BRID,NULL,1441732531981,0,100% bearish,of 1 rating,N/A
BYFC,$1.43,1441732532118,200,50% bullish,of 2 ratings,N/A
BSFT,$32.69,1441732532145,"55,512",57% bullish,of 7 ratings,$40.50
BVSN,$5.86,1441732532176,331,60% bearish,of 5 ratings,N/A
BWEN,$3.23,1441732532202,"16,950",75% bullish,of 4 ratings,$8
BRCD,$10.27,1441732532280,"768,065",92% bullish,of 13 ratings,$12
BRKR,$18.05,1441732532425,"54,526",100% bearish,of 2 ratings,$22
BRKL,$10.55,1441732532457,"43,092",100% bearish,of 1 rating,$12
BRKS,$10.45,1441732532482,"21,319",67% bullish,of 3 ratings,$15.25
BMTC,$29.83,1441732532558,"13,419",Not yet rated,NULL,$34
BLMT,$21.295,1441732532691,"5,800",Not yet rated,NULL,N/A
BSQR,$6.07,1441732532737,"17,418",67% bullish,of 3 ratings,N/A
BWLD,$198.43,1441732532762,"83,675",82% bullish,of 11 ratings,$205
BLDR,$15.73,1441732532894,"414,477",67% bullish,of 3 ratings,$22
CHRW,$68.57,1441732532964,"260,444",Not yet rated,NULL,$72
CFFI,$35.7,1441732533040,100,100% bearish,of 1 rating,N/A
CA,$27.735,1441732533066,"808,478",50% bullish,of 4 ratings,$33
BUR,$1.78,1441732533087,"6,626",100% bearish,of 1 rating,$8
CCMP,$42.83,1441732533230,"26,271",50% bullish,of 2 ratings,$59
CDZI,$7.8699,1441732533291,"8,925",100% bearish,of 1 rating,N/A
CDNS,$20.71,1441732533317,"498,960",75% bullish,of 4 ratings,$22.50
CSTE,$40.23,1441732533473,"112,755",50% bullish,of 2 ratings,$65
CACQ,$7.2,1441732533505,"110,762",100% bearish,of 1 rating,$12.25
CZR,$9.52,1441732533578,"396,390",60% bearish,of 5 ratings,$10.50
PRSS,$4.3,1441732533664,"29,402",80% bullish,of 5 ratings,$4.50
CLBS,$1.78,1441732533746,"39,682",79% bullish,of 14 ratings,$4
CHY,$11.0001,1441732533794,"184,166",Not yet rated,NULL,N/A
CHI,$10.29,1441732533877,"94,317",100% bearish,of 1 rating,N/A
CCD,$19.19,1441732533904,"56,155",Not yet rated,NULL,N/A
CLMS,$9.925,1441732533929,"30,176",Not yet rated,NULL,$10.50
CGO,$11.95,1441732534107,"8,895",100% bearish,of 1 rating,N/A
CHW,$7.44,1441732534140,"158,001",100% bearish,of 1 rating,N/A
CFGE,$10.52,1441732534161,12,Not yet rated,NULL,N/A
CSQ,$9.66,1441732534193,"177,264",Not yet rated,NULL,N/A
CAMP,$16.18,1441732534297,"102,359",88% bullish,of 8 ratings,$25
CFNB,NULL,1441732534430,0,100% bearish,of 1 rating,N/A
CVGW,$49.64,1441732534476,"42,468",50% bullish,of 2 ratings,$58
CALA,$6.09,1441732534575,"133,355",67% bullish,of 3 ratings,$19.50
ABCD,$5.16,1441732534701,"38,310",83% bullish,of 6 ratings,N/A
CLMT,$25.57,1441732534732,"73,450",75% bullish,of 8 ratings,$31
CALD,$16.66,1441732534758,"204,416",100% bearish,of 1 rating,$21
CALM,$55.675,1441732534803,"196,123",80% bullish,of 5 ratings,$63.50
CAMBU,NULL,1441732535046,0,100% bearish,of 1 rating,N/A
CAC,$40.35,1441732535077,"1,801",Not yet rated,NULL,N/A
CAMB,$10.1,1441732535102,"18,200",Not yet rated,NULL,N/A
CSIQ,$18.75,1441732535296,"601,094",86% bullish,of 28 ratings,$42.50
CGIX,$10.23,1441732535321,"20,340",67% bullish,of 3 ratings,$14.375
CAMT,$2.68,1441732535346,"22,766",73% bullish,of 11 ratings,$4
CPHC,$10.47,1441732535546,110,100% bearish,of 1 rating,N/A
CBNJ,$11.25,1441732535571,"52,798",100% bearish,of 1 rating,N/A
CBF,$30.76,1441732535634,"22,566",Not yet rated,NULL,$32
CCBG,$15.23,1441732535764,"3,526",Not yet rated,NULL,$17.25
CPTA,$14.35,1441732535810,"23,491",100% bearish,of 1 rating,$18.25
CPLA,$49.75,1441732535835,"25,452",67% bearish,of 3 ratings,$65
CPLP,$6.9362,1441732535979,"77,934",71% bullish,of 7 ratings,$11
CSWC,$44.47,1441732536037,"8,085",Not yet rated,NULL,N/A
CAMBW,$0.2201,1441732536066,"145,454",Not yet rated,NULL,N/A
CAPN,$2.6799,1441732536134,"3,875,959",100% bullish,of 1 rating,$10.85
CFFN,$11.895,1441732536163,"96,578",Not yet rated,NULL,$12.75
CAPNW,$0.755,1441732536266,"16,121",Not yet rated,NULL,N/A
CAPR,$4.3,1441732536292,"5,375",Not yet rated,NULL,$12
CPST,$0.392,1441732536652,"243,311",95% bullish,of 22 ratings,$1.25
CARA,$19.29,1441732537082,"76,427",50% bullish,of 4 ratings,$25
CBYL,$5.44,1441732537766,"2,486",100% bearish,of 1 rating,$20
CARB,$11.08,1441732537791,"15,077",75% bullish,of 4 ratings,$12
CRDC,$0.325,1441732538080,"70,810",100% bullish,of 1 rating,$1.25
CATM,$33.86,1441732538403,"52,825",100% bearish,of 1 rating,$44
CRME,$9.47,1441732538433,"1,400",89% bullish,of 9 ratings,$11.25
CSII,$23.23,1441732538455,"91,736",100% bearish,of 2 ratings,$42.125
CFNL,$22.41,1441732538536,"21,411",Not yet rated,NULL,$24
CECO,$3.98,1441732538604,"207,719",67% bearish,of 3 ratings,$6
CDNA,$7.05,1441732538626,"3,790",100% bearish,of 1 rating,$9
CTRE,$11.03,1441732538703,"53,799",50% bullish,of 2 ratings,$13.50
CKEC,$23.02,1441732538732,"78,291",50% bullish,of 2 ratings,$35.915
CLBH,$12.83,1441732538835,"2,893",Not yet rated,NULL,$16.50
CART,$5.3501,1441732538864,570,100% bearish,of 1 rating,N/A
CARO,$15.2999,1441732538889,600,100% bearish,of 1 rating,$19
CRZO,$36.12,1441732539067,"422,323",67% bearish,of 3 ratings,$54.50
TAST,$12.945,1441732539095,"83,847",Not yet rated,NULL,$14.25
CRTN,NULL,1441732539192,0,100% bearish,of 1 rating,N/A
CARV,$6.96,1441732539340,"8,616",50% bullish,of 2 ratings,N/A
CASM,$1.21,1441732539412,"6,137",100% bullish,of 1 rating,$3.50
CACB,$5.345,1441732539488,"14,751",Not yet rated,NULL,$5.50
CSCD,$15.76,1441732539555,"10,320",100% bullish,of 2 ratings,$17
CWST,$6.63,1441732539580,"92,628",50% bullish,of 2 ratings,$7.25
CASY,$108.1652,1441732539614,"80,805",50% bullish,of 2 ratings,$99.50
CASS,$49.31,1441732539711,"3,467",100% bearish,of 1 rating,N/A
CASI,$1.225,1441732539740,"24,640",100% bullish,of 1 rating,$3.50
CPRX,$3.915,1441732539912,"124,718",71% bullish,of 7 ratings,$7
CATB,$11.17,1441732539939,"18,120",100% bearish,of 1 rating,$28
CATY,$29.42,1441732540009,"166,557",100% bearish,of 1 rating,$33.50
CATYW,NULL,1441732540142,0,100% bearish,of 1 rating,N/A
CVCO,$71,1441732540167,"7,664",100% bearish,of 1 rating,N/A
CAVM,$71.38,1441732540299,"154,389",67% bearish,of 3 ratings,$72
CNLM,$9.99,1441732540373,"6,700",Not yet rated,NULL,N/A
CBFV,$20.599,1441732540402,304,Not yet rated,NULL,$25
CNLMR,NULL,1441732540432,0,Not yet rated,NULL,N/A
CNLMU,NULL,1441732540504,0,100% bullish,of 1 rating,N/A
CNLMW,$0.3,1441732540531,"1,000",Not yet rated,NULL,N/A
CBOE,$64.01,1441732540560,"90,647",Not yet rated,NULL,$63
CDK,$49.35,1441732540585,"79,516",67% bearish,of 3 ratings,$50
CECE,$8.96,1441732540851,"95,160",50% bullish,of 2 ratings,$16
CPXX,$2.48,1441732540877,"198,543",100% bullish,of 2 ratings,$7
CDW,$40.16,1441732541009,"429,544",75% bullish,of 4 ratings,$44
CLDN,$1.2628,1441732541077,"147,575",63% bullish,of 8 ratings,$3
CLDX,$14.52,1441732541102,"182,054",89% bullish,of 9 ratings,$36
CELGZ,$1.71,1441732541128,"3,851",80% bullish,of 5 ratings,N/A
CELG,$120.46,1441732541269,"1,122,794",92% bullish,of 13 ratings,$156
CLLS,$32.2,1441732541296,"25,698",75% bullish,of 4 ratings,$51.50
CLRBW,NULL,1441732541343,0,Not yet rated,NULL,N/A
CLRB,NULL,1441732541371,0,100% bearish,of 1 rating,N/A
CYAD,$44.55,1441732541535,"1,527",100% bullish,of 1 rating,$87.50
CBMG,$23.56,1441732541562,"25,757",50% bullish,of 2 ratings,N/A
CLSN,$2.12,1441732541589,"81,528",80% bullish,of 10 ratings,$7.50
CEMP,$35.5,1441732541722,"364,164",71% bullish,of 7 ratings,$52
CLTX,$1.9155,1441732541750,"54,822",100% bullish,of 2 ratings,N/A
CETX,$2.52,1441732541895,"6,068",Not yet rated,NULL,$5.60
CFBK,$1.34,1441732541979,"2,225",Not yet rated,NULL,N/A
CSFL,$14.13,1441732542026,"23,203",Not yet rated,NULL,$15
CETV,$2.11,1441732542159,"10,782",67% bullish,of 3 ratings,$2.80
CENTA,$15.49,1441732542189,"102,814",Not yet rated,NULL,N/A
CENT,$15.06,1441732542210,"180,901",Not yet rated,NULL,$10
CVCY,$11.75,1441732542244,400,Not yet rated,NULL,$12
CNTY,$5.88,1441732542291,"4,811",80% bullish,of 5 ratings,$7.75
CENX,$5.42,1441732542340,"557,684",67% bullish,of 6 ratings,$9
CNBKA,$39.826,1441732542370,"1,100",50% bullish,of 2 ratings,N/A
CPHD,$50.68,1441732542481,"202,342",67% bearish,of 3 ratings,$66
CERE,$1.1201,1441732542832,"51,773",88% bullish,of 8 ratings,N/A
CRNT,$1.3576,1441732542869,"118,032",50% bullish,of 2 ratings,$2
CERU,$4.415,1441732543072,"14,682",75% bullish,of 4 ratings,$14
CERS,$5.2975,1441732543101,"204,653",75% bullish,of 4 ratings,$7
CERN,$62.265,1441732543127,"471,073",67% bullish,of 3 ratings,$79
KOOL,$0.62,1441732543202,"8,746",100% bullish,of 5 ratings,$7
CEVA,$19.31,1441732543267,"11,427",100% bearish,of 1 rating,$25
HOTRW,$0.15,1441732543293,"9,000",Not yet rated,NULL,N/A
CYOU,$18.75,1441732543331,"68,180",50% bullish,of 6 ratings,$24
HOTR,$1.34,1441732543374,"81,281",100% bullish,of 2 ratings,$5
CTHR,$1.24,1441732543509,"2,562",50% bullish,of 2 ratings,$2.50
CHTR,$184.11,1441732543580,"207,948",67% bearish,of 3 ratings,$202
GTLS,$23.17,1441732543601,"75,012",50% bullish,of 4 ratings,$40
CHFN,$12.27,1441732543683,"4,281",Not yet rated,NULL,$14
CHKP,$77.4258,1441732543734,"344,787",50% bullish,of 4 ratings,$92
CHEK,$2.6,1441732543759,"3,650",Not yet rated,NULL,$7.75
CEMI,$4.22,1441732544082,"1,065",50% bullish,of 2 ratings,$7.50
CHFC,$30.89,1441732544114,"64,300",100% bearish,of 1 rating,$36
CCXI,$6.29,1441732544140,"25,229",67% bullish,of 3 ratings,$14
CHEKW,NULL,1441732544164,0,Not yet rated,NULL,N/A
CHMG,$26.41,1441732544192,676,Not yet rated,NULL,$30
CHKE,$25.51,1441732544225,"1,976",100% bearish,of 1 rating,$32.50
CBNK,$16.51,1441732544324,"1,100",100% bearish,of 1 rating,N/A
PLCE,$58.462,1441732544355,"66,214",100% bearish,of 1 rating,$69
CHEV,$14.67,1441732544465,"1,510",Not yet rated,NULL,N/A
CHMA,$28.3,1441732544497,"63,512",Not yet rated,NULL,$40
CMRX,$51.22,1441732544596,"57,353",50% bullish,of 2 ratings,$57
CADC,NULL,1441732544727,0,78% bullish,of 9 ratings,N/A
CALI,$0.82,1441732544760,6,67% bullish,of 3 ratings,N/A
CBPO,$97.66,1441732544914,"46,495",75% bullish,of 8 ratings,$140.50
CAAS,$5.98,1441732544944,"8,238",93% bullish,of 14 ratings,$11.50
CBAK,$2.0971,1441732544965,"33,144",67% bullish,of 9 ratings,N/A
JRJC,$3.5852,1441732545049,"38,950",82% bullish,of 11 ratings,N/A
CCCR,NULL,1441732545138,0,67% bearish,of 3 ratings,N/A
CCCL,$0.8255,1441732545178,"9,603",100% bullish,of 6 ratings,N/A
HGSH,$1.82,1441732545205,"1,410",67% bullish,of 3 ratings,N/A
CHOP,$1.1233,1441732545240,"1,623",50% bullish,of 2 ratings,N/A
CNIT,$1.2,1441732545378,"55,661",67% bullish,of 6 ratings,N/A
CHLN,$1.71,1441732545399,"7,807",67% bullish,of 3 ratings,N/A
CJJD,$1.8599,1441732545482,"4,460",100% bullish,of 1 rating,N/A
HTHT,$25.555,1441732545664,"28,208",50% bullish,of 2 ratings,$28.40
CPGI,NULL,1441732545793,0,Not yet rated,NULL,N/A
CREG,$0.6364,1441732545828,"7,850",100% bullish,of 3 ratings,N/A
CHNR,$1.71,1441732545849,"2,203",100% bearish,of 1 rating,N/A
CSUN,$1.361,1441732545870,"1,176",80% bullish,of 5 ratings,N/A
CNTF,$0.7999,1441732545922,"11,691",Not yet rated,NULL,N/A
CXDC,$6.09,1441732546003,"12,158",67% bearish,of 3 ratings,N/A
CNYD,$3.13,1441732546082,"3,600",67% bullish,of 3 ratings,N/A
CCIH,$7.91,1441732546111,"65,134",67% bullish,of 6 ratings,$12.65
CHSCL,$27.23,1441732546323,"17,472",Not yet rated,NULL,N/A
CHSCM,$26.2799,1441732546351,"19,131",Not yet rated,NULL,N/A
CNET,$0.82,1441732546371,"3,048",50% bullish,of 2 ratings,N/A
IMOS,$19.69,1441732546423,"146,922",60% bullish,of 5 ratings,$21.50
CHSCO,$28.5,1441732546679,"5,275",Not yet rated,NULL,N/A
CHSCP,$30.28,1441732546705,"13,969",Not yet rated,NULL,N/A
CHDN,$137.31,1441732546734,"14,333",Not yet rated,NULL,$165
CHSCN,$27,1441732546772,"3,750",Not yet rated,NULL,N/A
CHUY,$31.62,1441732546843,"36,254",50% bullish,of 2 ratings,$34
CDTX,$14.8,1441732546871,"10,350",Not yet rated,NULL,$22
CIFC,$7.48,1441732546899,"3,519",100% bearish,of 1 rating,N/A
CMCT,$17.55,1441732546943,"12,789",100% bearish,of 1 rating,N/A
CMPR,$72.67,1441732547173,"69,604",50% bullish,of 2 ratings,$72.50
CIDM,$0.5501,1441732547222,"25,977",50% bullish,of 2 ratings,$2.10
CTAS,$85.53,1441732547350,"90,133",100% bearish,of 1 rating,$91
CINF,$52.69,1441732547381,"162,560",50% bullish,of 4 ratings,$50.50
CRUS,$30.46,1441732547402,"209,041",75% bullish,of 12 ratings,$44.50
CSCO,$26.055,1441732547435,"5,813,958",83% bullish,of 210 ratings,$32
CPHR,$5.1317,1441732547461,"2,200",100% bearish,of 1 rating,$17
CTRN,$25.48,1441732547486,"26,932",100% bearish,of 1 rating,$31.50
CZNC,$19.6,1441732547772,"2,632",Not yet rated,NULL,N/A
CZFC,$12.75,1441732547805,"5,200",Not yet rated,NULL,N/A
CTXS,$68.89,1441732547859,"363,553",86% bullish,of 7 ratings,$80
CIZN,$19.5999,1441732547883,100,Not yet rated,NULL,N/A
CHCO,$47.48,1441732547908,"10,998",Not yet rated,NULL,$46
CZWI,$8.92,1441732547939,700,Not yet rated,NULL,N/A
CIVB,$10.04,1441732548172,100,Not yet rated,NULL,$11
CIVBP,NULL,1441732548201,0,Not yet rated,NULL,N/A
CLNE,$5.06,1441732548309,"310,853",80% bullish,of 15 ratings,$9
CDTI,$1.609,1441732548340,"18,496",75% bullish,of 4 ratings,$3.20
CLNT,$1.535,1441732548368,397,75% bullish,of 8 ratings,N/A
CLIR,$5.2,1441732548411,"44,074",100% bullish,of 3 ratings,N/A
CLRO,$11.38,1441732548517,"3,160",50% bullish,of 2 ratings,$14.25
CBLI,$4.33,1441732548652,"19,250",60% bullish,of 5 ratings,N/A
CLFD,$17.3,1441732548722,"9,923",67% bullish,of 3 ratings,$18
CSBK,$14.01,1441732548751,"21,458",Not yet rated,NULL,N/A
CMFN,$11.2,1441732548855,"6,921",100% bearish,of 1 rating,$15.50
CLVS,$83.4,1441732548900,"162,580",60% bullish,of 5 ratings,$101.50
CME,$93.44,1441732548924,"282,799",67% bullish,of 3 ratings,$102
CCNE,$17.05,1441732549086,"1,563",50% bullish,of 2 ratings,$21.50
CNV,$4.35,1441732549155,"36,376",50% bullish,of 2 ratings,$7.15
CISG,$7.94,1441732549184,"38,857",100% bullish,of 5 ratings,$10
CWAY,$11.2,1441732549212,"1,200",Not yet rated,NULL,N/A
COBZ,$12.92,1441732549349,"16,833",100% bullish,of 1 rating,$14
COKE,$166,1441732549373,"8,512",79% bullish,of 19 ratings,N/A
CDXS,$3.5,1441732549399,"6,086",64% bullish,of 11 ratings,$6
CDRB,$9.88,1441732549426,"11,938",67% bullish,of 3 ratings,N/A
CVLY,NULL,1441732549670,0,Not yet rated,NULL,N/A
CTSH,$62.77,1441732549759,"822,689",90% bullish,of 10 ratings,$75
JVA,$4.78,1441732549788,"7,694",83% bullish,of 6 ratings,$7
CCOI,$27.44,1441732549817,"113,999",50% bullish,of 4 ratings,$35
CGNX,$35.94,1441732549843,"170,717",50% bullish,of 2 ratings,$47
CGNT,$1.58,1441732549868,"8,701",100% bullish,of 2 ratings,$2
COHR,$56,1441732549923,"11,694",50% bullish,of 2 ratings,$72
CHRS,$25.61,1441732550111,"110,693",67% bearish,of 3 ratings,$37
COHU,$9.56,1441732550136,"39,906",100% bearish,of 1 rating,$14.25
COLL,$15.9,1441732550210,"26,732",100% bearish,of 1 rating,$26
CLCT,$17.7799,1441732550242,"8,067",100% bearish,of 1 rating,N/A
CLRX,$0.69,1441732550271,"14,839",50% bullish,of 2 ratings,N/A
CIGI,$42.335,1441732550343,"6,700",100% bearish,of 1 rating,$52
CBAN,$8.75,1441732550372,"1,200",Not yet rated,NULL,N/A
CLCD,$6.25,1441732550692,"6,637",100% bearish,of 1 rating,$20.50
CMCSA,$56.73,1441732550823,"2,858,959",66% bullish,of 35 ratings,$69.50
COLM,$62.59,1441732550848,"28,234",100% bearish,of 1 rating,$71
CMCO,$19.03,1441732550884,"22,723",60% bullish,of 5 ratings,$28
COLB,$30.19,1441732550913,"20,610",Not yet rated,NULL,$36
CBMX,$1.1199,1441732550939,"13,202",83% bullish,of 6 ratings,$3.15
CMCSK,$57.71,1441732551022,"840,902",Not yet rated,NULL,$84
CBSH,$44.26,1441732551071,"88,394",50% bullish,of 2 ratings,$46
CBSHP,$25.61,1441732551099,"12,372",100% bearish,of 1 rating,N/A
CUBN,$13.25,1441732551303,"4,100",Not yet rated,NULL,N/A
CVGI,$5.0103,1441732551348,"80,185",50% bullish,of 2 ratings,$6
COMM,$33.15,1441732551373,"375,324",67% bearish,of 3 ratings,$35
JCS,$8.72,1441732551399,200,67% bullish,of 3 ratings,N/A
CSAL,$20.485,1441732551420,"159,462",75% bullish,of 4 ratings,$30
ESXB,$5.06,1441732551605,"2,810",Not yet rated,NULL,N/A
CYHHZ,$0.0111,1441732551662,"19,144",100% bullish,of 1 rating,N/A
CWBC,NULL,1441732551928,0,Not yet rated,NULL,N/A
CTBI,$35.11,1441732551953,"4,727",Not yet rated,NULL,$36
CVLT,$35.77,1441732551993,"42,986",75% bullish,of 4 ratings,$44.50
CIZ,$32.8799,1441732552020,220,100% bearish,of 1 rating,N/A
COB,$10.36,1441732552040,"2,658",100% bullish,of 1 rating,$11.75
CIL,NULL,1441732552170,0,Not yet rated,NULL,N/A
CID,NULL,1441732552199,0,Not yet rated,NULL,N/A
CSA,NULL,1441732552249,0,Not yet rated,NULL,N/A
CSF,NULL,1441732552278,0,100% bearish,of 1 rating,N/A
CDC,$34.3465,1441732552307,830,Not yet rated,NULL,N/A
CFO,$35.27,1441732552406,"2,608",100% bearish,of 1 rating,N/A
CFA,NULL,1441732552451,0,100% bearish,of 1 rating,N/A
CDL,NULL,1441732552494,0,Not yet rated,NULL,N/A
CPSI,$45.46,1441732552756,"18,284",100% bearish,of 1 rating,$45.50
CSB,NULL,1441732552789,0,Not yet rated,NULL,N/A
CGEN,$5.16,1441732552815,"86,027",50% bullish,of 2 ratings,$11
CTG,$6.61,1441732552891,"9,127",100% bearish,of 1 rating,$8.50
CNSI,$18.56,1441732552947,"49,064",100% bearish,of 2 ratings,$29
CMTL,$26.41,1441732552975,"12,458",100% bearish,of 2 ratings,$37
CHCI,$0.67,1441732553002,"21,741",50% bullish,of 2 ratings,N/A
SCOR,$48.18,1441732553028,"122,851",100% bearish,of 1 rating,$66
CNCE,$16.495,1441732553266,"104,155",75% bullish,of 4 ratings,$22
CNAT,$3.97,1441732553304,"33,490",83% bullish,of 6 ratings,$13
CCUR,$5.29,1441732553399,"7,091",75% bullish,of 4 ratings,N/A
CDOR,$1.2998,1441732553476,"1,900",100% bullish,of 1 rating,N/A
CDORO,NULL,1441732553530,0,100% bearish,of 1 rating,N/A
CXRX,$76.6,1441732553556,"19,694",100% bearish,of 1 rating,$90
CDORP,$6.3,1441732553607,"1,800",100% bearish,of 1 rating,N/A
CFMS,$14.51,1441732553739,"136,987",100% bearish,of 1 rating,$26.50
CNFR,$10.0164,1441732553770,"7,452",Not yet rated,NULL,N/A
CNMD,$51.77,1441732553822,"12,971",Not yet rated,NULL,$59
CNXR,$7.36,1441732553869,"20,390",100% bearish,of 1 rating,$12
CTWS,$34.38,1441732553920,"5,988",100% bearish,of 1 rating,$44
CNOB,$19.16,1441732553966,"5,948",100% bullish,of 1 rating,$23.50
CONN,$29.93,1441732554125,"260,118",67% bullish,of 3 ratings,$48.50
CNSL,$19.97,1441732554288,"36,756",100% bearish,of 1 rating,$23
CPSS,$5.53,1441732554375,"13,730",100% bullish,of 1 rating,$10
CTCT,$25.15,1441732554408,"43,334",67% bullish,of 3 ratings,$37
CWCO,$10.5845,1441732554438,"26,458",67% bullish,of 3 ratings,$14.50
CFRXW,NULL,1441732554509,0,100% bearish,of 1 rating,N/A
CFRX,$4.99,1441732554541,"11,045",Not yet rated,NULL,$14
CFRXZ,NULL,1441732554562,0,Not yet rated,NULL,N/A
CTRV,$3.45,1441732554639,"3,588",Not yet rated,NULL,$6.40
CTRL,$8.72,1441732554804,"58,611",50% bullish,of 2 ratings,$11
CRBP,$1.855,1441732554834,"30,747",100% bullish,of 2 ratings,$6.25
CPRT,$35.05,1441732554933,"89,100",67% bearish,of 3 ratings,$40
CORT,$4.96,1441732554963,"70,980",67% bullish,of 3 ratings,$12
CORI,$11,1441732555034,"14,998",100% bearish,of 1 rating,$18
CORE,$59.34,1441732555059,"15,609",100% bearish,of 1 rating,$72
BVA,NULL,1441732555097,0,50% bullish,of 2 ratings,N/A
CRVL,$32.26,1441732555275,"8,935",100% bearish,of 1 rating,N/A
CSOD,$37.57,1441732555306,"86,759",50% bullish,of 2 ratings,$42
COSI,$1.08,1441732555403,"66,015",100% bullish,of 1 rating,N/A
CSGP,$177.98,1441732555434,"37,589",50% bullish,of 2 ratings,$235
CVTI,$22.98,1441732555473,"14,338",67% bearish,of 3 ratings,$39
CPAH,$0.4399,1441732555498,500,50% bullish,of 2 ratings,N/A
COST,$140.33,1441732555525,"321,490",79% bullish,of 24 ratings,$154.50
ICBK,$19,1441732555659,"1,983",Not yet rated,NULL,$21
COVS,$2.48,1441732555688,"71,413",67% bullish,of 3 ratings,N/A
COWN,$5.095,1441732555850,"286,960",75% bullish,of 4 ratings,$7
COWNL,NULL,1441732555981,0,Not yet rated,NULL,N/A
CRAI,$23.49,1441732556009,"14,713",100% bearish,of 1 rating,$36
CPSH,$2.35,1441732556030,"11,800",Not yet rated,NULL,N/A
BREW,$8.1,1441732556174,"5,466",67% bullish,of 6 ratings,$15
CACC,$200.09,1441732556209,"36,214",50% bullish,of 2 ratings,$158.50
CBRL,$148.94,1441732556230,"47,249",50% bullish,of 2 ratings,$155
CRAY,$21.79,1441732556252,"85,658",83% bullish,of 6 ratings,$38.50
GLDI,$11.0105,1441732556305,"14,012",100% bearish,of 1 rating,N/A
SLVO,$10.22,1441732556440,"3,503",100% bearish,of 1 rating,N/A
CREE,$26.92,1441732556468,"310,031",65% bullish,of 17 ratings,$29.50
CRTO,$35.45,1441732556528,"312,463",67% bullish,of 6 ratings,$64
CRESY,$10.23,1441732556667,"10,468",100% bearish,of 1 rating,$19
CROX,$14.01,1441732556740,"215,370",63% bullish,of 8 ratings,$16.50
CCRN,$14.42,1441732556872,"75,599",100% bearish,of 1 rating,$14.25
CRDS,$1.2032,1441732556935,"28,707",50% bullish,of 4 ratings,$3.375
CRWN,$5.25,1441732557006,"80,885",75% bullish,of 4 ratings,N/A
CRWS,$8.15,1441732557037,"8,677",Not yet rated,NULL,$10
CYRXW,$0.9101,1441732557062,"8,052",Not yet rated,NULL,N/A
CYRX,$3.08,1441732557136,"17,756",Not yet rated,NULL,$9
CSGS,$30,1441732557267,"28,560",Not yet rated,NULL,$40
CCLP,$13.59,1441732557297,"30,851",67% bearish,of 3 ratings,$20
CSPI,$5.78,1441732557400,200,67% bullish,of 3 ratings,N/A
CTCM,$1.71,1441732557495,"92,129",80% bearish,of 5 ratings,$3.90
CTIB,NULL,1441732557521,0,100% bearish,of 1 rating,N/A
CTIC,$1.56,1441732557543,"300,068",84% bullish,of 76 ratings,$5.75
CTRP,$63.79,1441732557711,"821,922",75% bullish,of 8 ratings,$92.50
CUNB,$22.09,1441732557736,"18,316",Not yet rated,NULL,$24.50
CUI,$5.3199,1441732558252,"4,650",50% bullish,of 2 ratings,$10
CPIX,$6.02,1441732558276,"5,086",Not yet rated,NULL,N/A
CUTR,$15.2599,1441732558621,"9,525",67% bearish,of 3 ratings,$18
CMLS,$1.29,1441732558651,"49,393",50% bullish,of 4 ratings,$6
CRIS,$2.58,1441732558684,"44,765",100% bullish,of 8 ratings,$6
CVBF,$16.42,1441732558710,"157,420",Not yet rated,NULL,$18
CVV,$11.715,1441732558735,"11,909",100% bullish,of 5 ratings,N/A
CYAN,$6.13,1441732558764,"1,326",100% bearish,of 1 rating,N/A
CYBX,$66.885,1441732558791,"199,567",50% bullish,of 4 ratings,$71.50
CYBE,$6.84,1441732558812,"3,187",100% bearish,of 1 rating,N/A
CYBR,$46.53,1441732559083,"522,656",75% bullish,of 8 ratings,$68.50
CYCC,$0.5851,1441732559115,"67,262",73% bullish,of 11 ratings,N/A
CYNA,$16.05,1441732559141,"3,177",50% bullish,of 2 ratings,$31.50
CYCCP,$5.5,1441732559165,564,100% bearish,of 1 rating,N/A
CYNO,$34.35,1441732559193,"61,839",67% bearish,of 3 ratings,$45.50
CBAY,$2.9,1441732559219,"299,762",100% bullish,of 2 ratings,$4
CONE,$32.4399,1441732559522,"104,408",67% bearish,of 3 ratings,$35.50
CYTK,$7.645,1441732559579,"144,662",71% bullish,of 14 ratings,$13.50
CYRN,$1.7999,1441732559606,"5,881",67% bullish,of 3 ratings,$4
CTSO,$7.39,1441732559633,"14,113",Not yet rated,NULL,$15.625
CYTX,$0.3922,1441732559657,"1,497,601",83% bullish,of 12 ratings,$5.50
CYTR,$2.545,1441732559688,"257,858",67% bullish,of 6 ratings,$10
CY,$10.29,1441732559709,"904,776",80% bullish,of 10 ratings,$15.50
DAEG,$0.35,1441732559842,"2,300",100% bearish,of 1 rating,N/A
TVIX,$14.8599,1441732559941,"5,350,926",81% bullish,of 16 ratings,N/A
XIV,$24.1,1441732560074,"8,956,673",75% bearish,of 4 ratings,N/A
ZIV,$36.07,1441732560099,"46,251",Not yet rated,NULL,N/A
DJCO,$199.7,1441732560149,"1,000",Not yet rated,NULL,N/A
TVIZ,$22.93,1441732560174,"1,107",100% bearish,of 1 rating,N/A
DARA,$0.8479,1441732560303,"9,280",83% bullish,of 6 ratings,$1.50
DAKT,$8.54,1441732560333,"55,135",50% bullish,of 2 ratings,$12
DAIO,$2.59,1441732560436,"5,511",Not yet rated,NULL,N/A
DRAM,$1.301,1441732560461,"8,536",78% bullish,of 9 ratings,N/A
DTLK,$5.59,1441732560628,"40,104",100% bearish,of 1 rating,$9
DTEA,$13.31,1441732560664,"58,767",100% bearish,of 2 ratings,$24
DWCH,$4.88,1441732560686,"23,862",75% bullish,of 4 ratings,$8.25
PLAY,$37.51,1441732560708,"175,448",100% bullish,of 5 ratings,$42
DWSN,$4.371,1441732560783,"2,469",67% bullish,of 3 ratings,N/A
DBVT,$37.2294,1441732560964,"30,016",100% bearish,of 1 rating,$53
TRAK,$62.9,1441732560994,"86,490",50% bullish,of 2 ratings,$62.50
DFRG,$14.005,1441732561095,"120,498",100% bearish,of 1 rating,$20
DHRM,$1.6,1441732561136,"1,300",Not yet rated,NULL,N/A
TACO,$14.1325,1441732561161,"183,854",75% bullish,of 4 ratings,$20
TACOW,$4.8406,1441732561394,"10,800",100% bullish,of 1 rating,N/A
DENN,$11.45,1441732561438,"64,421",100% bullish,of 3 ratings,$15
DELTW,$0.17,1441732561541,"2,200",Not yet rated,NULL,N/A
DGAS,$20.37,1441732561571,616,67% bearish,of 3 ratings,N/A
DCTH,$0.5353,1441732561602,"501,523",78% bullish,of 9 ratings,N/A
XRAY,$52.2,1441732561647,"133,008",100% bullish,of 1 rating,$58
DELT,$2.28,1441732561703,300,Not yet rated,NULL,N/A
DEPO,$27.22,1441732561736,"501,892",60% bullish,of 5 ratings,$29
DERM,$26.87,1441732561838,"29,570",100% bearish,of 1 rating,$33.50
DSCI,$6.28,1441732562092,"20,461",50% bullish,of 2 ratings,$16
DEST,$10.29,1441732562137,"19,569",50% bullish,of 2 ratings,N/A
DXM,$0.4102,1441732562226,"1,212,406",50% bullish,of 2 ratings,N/A
DXLG,$6.53,1441732562285,"35,841",100% bearish,of 1 rating,$8
DSWL,$1.4901,1441732562333,"6,673",100% bullish,of 1 rating,N/A
DXCM,$89.87,1441732562390,"104,940",57% bullish,of 7 ratings,$98
DHXM,$6.37,1441732562437,"3,200",100% bearish,of 1 rating,N/A
DCIX,$1.58,1441732562589,"32,000",50% bullish,of 4 ratings,$3.50
DMND,$30.9126,1441732562613,"28,956",75% bullish,of 12 ratings,$32
DHIL,$190.3,1441732562638,"1,033",100% bearish,of 1 rating,N/A
FANG,$66.67,1441732562663,"194,584",50% bullish,of 2 ratings,$86
DRNA,$11.25,1441732562824,"57,169",67% bearish,of 3 ratings,$25
DGII,$10.4325,1441732563304,"26,132",100% bearish,of 1 rating,$11
DMRC,$38.68,1441732563347,"21,850",100% bearish,of 1 rating,$44
DRAD,$3.81,1441732563591,"4,653",100% bullish,of 1 rating,$5.25
APPS,$2.16,1441732563735,"42,723",100% bearish,of 1 rating,$10.25
DGLY,$7.39,1441732563780,"37,618",50% bullish,of 6 ratings,$20
DISCB,$27.35,1441732563873,200,100% bearish,of 1 rating,$35
DIOD,$22.99,1441732563909,"105,750",75% bearish,of 4 ratings,$28
DCOM,$16.82,1441732563936,"18,120",100% bearish,of 2 ratings,$16
DISCA,$27.24,1441732563963,"871,421",67% bullish,of 3 ratings,$34
DPRX,$14.52,1441732563984,"9,723",100% bullish,of 2 ratings,$27.75
DSCO,$0.4351,1441732564407,"40,327",83% bullish,of 6 ratings,$2.75
DVCR,$10.6301,1441732564433,"2,220",100% bullish,of 1 rating,N/A
DISH,$60.03,1441732564464,"221,044",69% bullish,of 13 ratings,$73
DLHC,NULL,1441732564485,0,100% bearish,of 1 rating,N/A
BAGR,$2.76,1441732564563,"8,250",100% bearish,of 1 rating,$6
DNBF,$26.3,1441732564876,200,Not yet rated,NULL,$27.50
DGICA,$13.72,1441732564920,"4,966",100% bearish,of 1 rating,$17
DLTR,$68.04,1441732564956,"1,255,749",82% bullish,of 11 ratings,$85
DGICB,NULL,1441732564977,0,100% bearish,of 1 rating,N/A
DORM,$50.55,1441732564998,"30,244",100% bearish,of 1 rating,$56
DMLP,$14.81,1441732565037,"15,401",100% bearish,of 1 rating,N/A
HILL,$9.68,1441732565064,"522,323",60% bearish,of 5 ratings,$9.75
DISCK,$25.66,1441732565085,"492,470",100% bearish,of 1 rating,$32
DRWIW,$0.0399,1441732565374,"16,500",Not yet rated,NULL,N/A
DRWI,$0.18,1441732565438,"400,643",60% bullish,of 5 ratings,$.45
DWA,$21.2,1441732565464,"116,861",63% bullish,of 8 ratings,$26
DSKX,$3.46,1441732565679,"40,945",100% bullish,of 1 rating,N/A
CADT,$10,1441732565907,100,Not yet rated,NULL,N/A
DNKN,$49.21,1441732565933,"151,565",67% bullish,of 15 ratings,$56.50
DSPG,$9.03,1441732565961,"3,886",100% bearish,of 1 rating,$13.50
DTSI,$27.4,1441732565984,"35,288",100% bearish,of 2 ratings,$39.50
CADTR,NULL,1441732566014,0,Not yet rated,NULL,N/A
CADTW,NULL,1441732566035,0,Not yet rated,NULL,N/A
DRYS,$0.4587,1441732566170,"1,152,760",77% bullish,of 31 ratings,$.60
DRRX,$2.225,1441732566196,"38,316",50% bullish,of 6 ratings,$3
DXPE,$30.62,1441732566466,"39,938",50% bullish,of 2 ratings,N/A
CADTU,$10.26,1441732566517,201,Not yet rated,NULL,N/A
BOOM,$10.09,1441732566565,"55,395",67% bullish,of 3 ratings,$12
DYAX,$22.55,1441732566599,"143,721",89% bullish,of 9 ratings,$30
DYSL,$1.54,1441732566700,"12,963",100% bullish,of 2 ratings,N/A
DVAX,$28.97,1441732566846,"56,494",70% bullish,of 10 ratings,$40
DYNT,$3.12,1441732566871,300,75% bullish,of 4 ratings,N/A
ETFC,$27.175,1441732566938,"2,006,031",57% bullish,of 14 ratings,$32.50
EGRX,$83.15,1441732567123,"112,873",67% bullish,of 3 ratings,$97
EBMT,$11.48,1441732567177,"4,613",Not yet rated,NULL,$13.50
EGLE,$6.66,1441732567202,"4,788",60% bullish,of 5 ratings,N/A
ELNK,$8.59,1441732567234,"95,819",60% bullish,of 5 ratings,$9.50
EGBN,$41.95,1441732567269,"10,665",Not yet rated,NULL,$48
EROC,$1.5,1441732567335,"50,991",50% bullish,of 2 ratings,$3
EWBC,$39.6,1441732567514,"181,045",100% bearish,of 1 rating,$50
EACQU,$10,1441732567609,"1,600",Not yet rated,NULL,N/A
EML,$16.2,1441732567697,120,Not yet rated,NULL,N/A
EVBS,$6.71,1441732567826,"12,707",Not yet rated,NULL,$7
EBAY,$26.265,1441732567856,"4,635,261",81% bullish,of 117 ratings,$33
ELON,$0.6099,1441732567884,"45,947",50% bullish,of 2 ratings,N/A
ECHO,$23.2,1441732567914,"79,452",67% bearish,of 3 ratings,$34.50
EBIX,$28.07,1441732567957,"51,263",69% bullish,of 13 ratings,$40
ECTE,$1.48,1441732568010,"1,000",75% bullish,of 4 ratings,N/A
SATS,$44.01,1441732568115,"12,993",50% bullish,of 2 ratings,$60
EEI,$11.95,1441732568305,"2,000",67% bearish,of 3 ratings,N/A
EDAP,$3.5801,1441732568332,"13,044",60% bullish,of 5 ratings,$4.50
ECACU,$10.1,1441732568361,"7,500",Not yet rated,NULL,N/A
ESES,$3.21,1441732568390,"1,911",100% bearish,of 1 rating,$7
EDGW,$7.22,1441732568415,875,100% bearish,of 1 rating,N/A
EDUC,$7.0499,1441732568463,"19,313",100% bearish,of 1 rating,N/A
EFUT,$4.6,1441732568647,"1,259",Not yet rated,NULL,N/A
EGLT,$13.35,1441732568752,"31,740",50% bullish,of 2 ratings,$21
EGAN,$3.92,1441732568788,"9,493",50% bullish,of 2 ratings,$6.25
LOCO,$12.43,1441732568814,"208,691",69% bullish,of 13 ratings,$19.50
ESLT,$79.06,1441732568884,"2,723",67% bullish,of 3 ratings,N/A
EHTH,$14.33,1441732568911,"41,425",50% bullish,of 4 ratings,$17
EMITF,$1.26,1441732568941,"63,202",75% bullish,of 4 ratings,N/A
ERI,$9.41,1441732569194,"30,827",100% bearish,of 1 rating,$10
ESIO,$4.785,1441732569224,"23,418",50% bullish,of 2 ratings,$10
ELRC,$10.5,1441732569301,"8,582",100% bearish,of 1 rating,N/A
EFII,$43.98,1441732569374,"31,325",80% bullish,of 5 ratings,$55
EA,$67.61,1441732569507,"888,594",78% bullish,of 36 ratings,$80
ELEC,NULL,1441732569533,0,Not yet rated,NULL,N/A
ELECU,$10.09,1441732569561,700,Not yet rated,NULL,N/A
ELSE,NULL,1441732569586,0,60% bullish,of 5 ratings,N/A
RDEN,$11.58,1441732569885,"19,509",100% bearish,of 4 ratings,$15
ELECW,NULL,1441732570061,0,Not yet rated,NULL,N/A
CAPX,NULL,1441732570094,0,Not yet rated,NULL,N/A
EBIO,$3.3674,1441732570126,"65,679",100% bearish,of 2 ratings,$8.35
LONG,$16.91,1441732570153,"4,100",67% bullish,of 3 ratings,$15.75
ELTK,$1.2806,1441732570192,"17,367",67% bearish,of 3 ratings,N/A
ESBK,$19.63,1441732570217,795,Not yet rated,NULL,N/A
EMCI,$22.205,1441732570245,"2,306",Not yet rated,NULL,N/A
EMCF,$22.9,1441732570563,200,100% bearish,of 1 rating,N/A
EMKR,$6.9,1441732570624,"32,244",75% bullish,of 4 ratings,$8.50
EMMS,$1.25,1441732570692,"10,500",67% bullish,of 6 ratings,N/A
EMMSP,NULL,1441732570717,0,100% bearish,of 1 rating,N/A
ERS,$3.52,1441732570763,300,Not yet rated,NULL,N/A
NYNY,$4.76,1441732570792,"32,386",50% bullish,of 2 ratings,N/A
ENTA,$39.7,1441732570849,"49,534",50% bullish,of 2 ratings,$42
ECPG,$37.13,1441732570902,"65,178",100% bullish,of 2 ratings,$52
ECYT,$5.22,1441732571104,"121,518",83% bullish,of 6 ratings,$12
WIRE,$33.45,1441732571137,"29,786",100% bearish,of 1 rating,$37
ENDP,$75.46,1441732571167,"363,009",50% bullish,of 6 ratings,$101.50
ELGX,$13.22,1441732571241,"118,725",75% bullish,of 4 ratings,$17
EIGI,$14.95,1441732571265,"83,908",67% bearish,of 3 ratings,$22.50
WATT,$6.84,1441732571298,"24,501",50% bullish,of 2 ratings,$13
EFOI,$28.08,1441732571401,"797,050",67% bullish,of 3 ratings,$24.50
EXXI,$1.73,1441732571534,"540,161",86% bullish,of 7 ratings,$3.50
ENPH,$4.62,1441732571738,"221,965",75% bullish,of 4 ratings,$10
ENG,$1.0275,1441732571834,"1,645",100% bullish,of 3 ratings,N/A
ESGR,$150.94,1441732571864,"15,540",100% bearish,of 1 rating,$185
ERII,$2.61,1441732571893,"15,310",80% bullish,of 5 ratings,$2.50
ENFC,$17.58,1441732571914,100,Not yet rated,NULL,N/A
ENOC,$9.19,1441732571935,"88,770",75% bullish,of 4 ratings,$18
ENTG,$13.695,1441732571969,"160,241",100% bearish,of 1 rating,$18
EBTC,$21.25,1441732572256,800,Not yet rated,NULL,N/A
ENTL,$22.39,1441732572282,"11,590",Not yet rated,NULL,$28
ENVI,$1.92,1441732572340,"84,352",67% bullish,of 3 ratings,N/A
ETRM,$0.275,1441732572412,"288,153",69% bearish,of 35 ratings,$1.625
EGT,$2.0001,1441732572438,"8,721",100% bullish,of 1 rating,N/A
EFSC,$24.05,1441732572459,"6,408",Not yet rated,NULL,$27
ENZN,$1,1441732572490,"62,213",100% bullish,of 9 ratings,N/A
EPIQ,$12.49,1441732572760,"10,379",100% bearish,of 1 rating,$18
ENZY,$10.42,1441732572792,"28,001",67% bullish,of 3 ratings,$9.50
EPRS,$5.51,1441732572824,"16,375",82% bullish,of 11 ratings,$15
EQIX,$275.87,1441732572858,"126,930",75% bullish,of 4 ratings,$312.50
PLUS,$75.83,1441732572921,"7,615",50% bullish,of 2 ratings,$88
EQFN,$8.11,1441732572951,800,100% bearish,of 1 rating,N/A
EPZM,$19.905,1441732572976,"61,285",60% bullish,of 5 ratings,$34
EAC,$3.44,1441732573022,"5,996",100% bearish,of 1 rating,$8
ERIC,$9.7551,1441732573312,"755,926",67% bullish,of 9 ratings,$12.20
ERIE,$80.175,1441732573464,"6,288",Not yet rated,NULL,$73
ESCA,$18.4,1441732573526,"2,904",100% bearish,of 1 rating,$22
ESPR,$45.632,1441732573552,"136,576",70% bearish,of 10 ratings,$115
ESCR,$0.3697,1441732573580,"493,171",50% bullish,of 2 ratings,N/A
ESMC,$1.29,1441732573601,"1,100",Not yet rated,NULL,N/A
ESCRP,$1.38,1441732573630,"37,536",100% bearish,of 1 rating,N/A
ESND,$34.1,1441732573883,"21,855",100% bearish,of 2 ratings,$40
ESSA,$12.92,1441732573914,"1,600",100% bearish,of 1 rating,N/A
EPIX,$6.07,1441732573935,"1,250",Not yet rated,NULL,N/A
ETSY,$14.1524,1441732574018,"83,262",80% bullish,of 5 ratings,$16
CLWT,NULL,1441732574078,0,100% bearish,of 1 rating,N/A
ESSX,$0.46,1441732574109,"14,685",50% bullish,of 2 ratings,N/A
EEFT,$67.85,1441732574213,"42,771",100% bearish,of 1 rating,$67.50
ESEA,$4.457,1441732574271,599,100% bullish,of 1 rating,$15
EVEP,$8.373,1441732574354,"83,892",50% bullish,of 2 ratings,$14
EVK,NULL,1441732574570,0,75% bearish,of 4 ratings,N/A
EXA,$10.4601,1441732574728,"18,562",100% bearish,of 1 rating,$13
EVOL,$5.54,1441732574758,"10,704",75% bullish,of 4 ratings,$10
EVLV,$2.56,1441732574779,"52,014",60% bullish,of 5 ratings,$4.625
EXAS,$20.83,1441732574814,"407,772",78% bullish,of 9 ratings,$31
EXEL,$5.875,1441732574858,"1,945,061",81% bullish,of 16 ratings,$6
EXAC,$19.191,1441732574913,"8,392",100% bearish,of 1 rating,$22.50
EXFO,$3.06,1441732575050,"2,865",67% bearish,of 3 ratings,$3.95
EVOK,$3.63,1441732575111,"5,526",100% bearish,of 1 rating,$13.375
EXLS,$37.095,1441732575176,"25,726",50% bullish,of 2 ratings,$41
EXPD,$48.17,1441732575214,"853,275",80% bullish,of 5 ratings,$52
EXPE,$113.71,1441732575280,"255,712",64% bullish,of 11 ratings,$130
EXPO,$43.38,1441732575349,"39,498",100% bearish,of 1 rating,$45.50
ESRX,$83.65,1441732575556,"1,215,843",67% bearish,of 6 ratings,$101
EXLP,$18.46,1441732575613,"23,340",100% bearish,of 1 rating,$25
EZPW,$6.1,1441732575810,"43,683",50% bullish,of 4 ratings,$7
EYEGW,$1,1441732575846,"2,850",Not yet rated,NULL,N/A
EXTR,$3.185,1441732575868,"203,054",80% bullish,of 5 ratings,$3
EYEG,$4.251,1441732575893,"39,573",Not yet rated,NULL,N/A
EZCH,$22.95,1441732575946,"49,030",75% bullish,of 8 ratings,$19
FFIV,$120.19,1441732575972,"131,234",63% bullish,of 8 ratings,$132
FB,$89.16,1441732576049,"8,653,399",74% bullish,of 1078 ratings,$111
FCS,$13.945,1441732576150,"629,572",67% bearish,of 3 ratings,$17
FRP,$15.66,1441732576254,"38,654",100% bearish,of 1 rating,$18
FWM,$2.285,1441732576350,"85,728",100% bearish,of 2 ratings,$3.20
FALC,$1.76,1441732576452,"15,409",63% bearish,of 8 ratings,N/A
DAVE,$15.21,1441732576527,"8,279",100% bearish,of 1 rating,$15.50
FFKT,$25.56,1441732576594,"1,477",Not yet rated,NULL,$29
FARM,$22.05,1441732576674,"8,998",100% bearish,of 1 rating,$35
FMNB,$8.3601,1441732576755,"3,575",Not yet rated,NULL,N/A
FARO,$37.53,1441732576888,"30,166",50% bullish,of 2 ratings,$48
FATE,$6.26,1441732577249,"12,155",50% bullish,of 2 ratings,$11
FAST,$38.47,1441732577345,"740,551",80% bullish,of 5 ratings,$43
FBSS,NULL,1441732577488,0,Not yet rated,NULL,N/A
FBRC,$22.33,1441732577592,"4,111",100% bearish,of 1 rating,$29
FDML,$8.3,1441732577620,"77,322",50% bullish,of 4 ratings,$14
FNHC,$21.86,1441732577651,"12,942",100% bearish,of 1 rating,$35
FEIC,$75.6,1441732577751,"67,983",50% bullish,of 2 ratings,$95.50
FENX,$9.64,1441732577781,"24,350",100% bullish,of 1 rating,$14.25
FHCO,$1.41,1441732577806,"6,832",50% bullish,of 4 ratings,N/A
FGEN,$25.573,1441732577954,"273,731",100% bearish,of 1 rating,$39
FCSC,$6.01,1441732577979,"53,816",100% bearish,of 1 rating,$8.125
ONEQ,$187.7699,1441732578111,"5,484",100% bullish,of 1 rating,N/A
FDUS,$14.52,1441732578240,"8,367",50% bullish,of 2 ratings,$18
LION,$19.85,1441732578268,"19,358",100% bullish,of 1 rating,$20
FSAM,$7.74,1441732578289,"14,157",100% bearish,of 1 rating,$10.25
FRGI,$52.34,1441732578335,"14,392",50% bullish,of 2 ratings,$70
FSC,$6.53,1441732578421,"255,920",60% bullish,of 5 ratings,$8
FSFR,$8.8,1441732578557,"33,595",100% bearish,of 1 rating,$11.50
FSCFL,$24.443,1441732578586,"1,200",Not yet rated,NULL,N/A
FITBI,$27.49,1441732578684,"62,887",Not yet rated,NULL,N/A
FNGN,$29.76,1441732578716,"93,914",67% bullish,of 3 ratings,$47
FITB,$19.55,1441732578772,"944,778",54% bullish,of 13 ratings,$22
FNSR,$15.33,1441732578811,"208,471",71% bullish,of 7 ratings,$24
FISI,$24.45,1441732578903,"2,578",100% bullish,of 2 ratings,$24.50
FNJN,$1.6794,1441732578932,"2,772",100% bearish,of 1 rating,$5
FNTC,NULL,1441732579034,0,Not yet rated,NULL,N/A
FNTCW,NULL,1441732579247,0,Not yet rated,NULL,N/A
FNTCU,NULL,1441732579273,0,Not yet rated,NULL,N/A
FBNC,$16.94,1441732579343,"1,243",100% bullish,of 1 rating,$20
FEYE,$37.99,1441732579405,"1,224,675",88% bullish,of 16 ratings,$55.50
FNLC,$18.8607,1441732579440,"1,490",100% bullish,of 1 rating,N/A
FRBA,$6.14,1441732579462,"1,200",Not yet rated,NULL,$8
FCVA,$4.63,1441732579536,200,Not yet rated,NULL,N/A
BUSE,$19.45,1441732579565,"17,861",Not yet rated,NULL,$6.875
FBIZ,$23.025,1441732579696,"9,075",100% bearish,of 2 ratings,$26
FCAP,$26.1,1441732579827,680,Not yet rated,NULL,N/A
FCFS,$39.33,1441732579853,"8,266",100% bearish,of 3 ratings,$47
FCNCA,$230.22,1441732579986,"1,527",Not yet rated,NULL,N/A
FCLF,$9.19,1441732580011,200,Not yet rated,NULL,N/A
FCBC,$17.49,1441732580050,"3,811",Not yet rated,NULL,$18
FCCO,$12.39,1441732580211,200,Not yet rated,NULL,$13.25
FCFP,$6.88,1441732580236,600,Not yet rated,NULL,N/A
FDEF,$37.25,1441732580373,"5,316",Not yet rated,NULL,$38
FBNK,$16.95,1441732580411,"30,523",100% bearish,of 1 rating,$17.50
FFNM,$6.49,1441732580436,"1,000",Not yet rated,NULL,N/A
FFBCW,NULL,1441732580511,0,100% bearish,of 1 rating,N/A
FFBC,$18.5,1441732580642,"14,177",67% bearish,of 3 ratings,$20.25
FFIN,$30.4,1441732580667,"27,334",50% bullish,of 2 ratings,$31.75
THFF,$32.7,1441732580748,"7,272",Not yet rated,NULL,$35
FFNW,$12.21,1441732580799,"7,800",Not yet rated,NULL,$14
FFWM,$22.49,1441732580880,"18,002",Not yet rated,NULL,$24
INBK,$29.41,1441732580955,"8,919",50% bullish,of 2 ratings,$37
FMBH,NULL,1441732581172,0,Not yet rated,NULL,N/A
FMBI,$17.62,1441732581236,"32,392",Not yet rated,NULL,$20
FRME,$26.24,1441732581257,"20,657",Not yet rated,NULL,$26.50
FNBC,$34.92,1441732581289,"18,304",Not yet rated,NULL,$40
FNFG,$9.17,1441732581339,"390,342",80% bullish,of 5 ratings,$9
FIBK,$26.51,1441732581423,"23,582",Not yet rated,NULL,$32
FNWB,$12.15,1441732581468,"4,648",Not yet rated,NULL,N/A
FSFG,$30.48,1441732581557,787,Not yet rated,NULL,N/A
FSGI,$2.46,1441732581643,"5,470",Not yet rated,NULL,N/A
FSBK,$7.79,1441732581745,200,100% bullish,of 1 rating,N/A
FSLR,$48.555,1441732581773,"388,551",72% bullish,of 39 ratings,$65
BICK,NULL,1441732581831,0,100% bullish,of 1 rating,N/A
FTCS,$36.1872,1441732581986,"5,777",100% bearish,of 1 rating,N/A
FBZ,NULL,1441732582017,0,Not yet rated,NULL,N/A
FCAN,$24.61,1441732582042,351,Not yet rated,NULL,N/A
FCA,$19.77,1441732582178,415,Not yet rated,NULL,N/A
FV,$23.2999,1441732582224,"559,719",100% bearish,of 1 rating,N/A
IFV,$17.67,1441732582310,"126,403",100% bearish,of 1 rating,N/A
FEMB,$41.09,1441732582340,"3,600",Not yet rated,NULL,N/A
FTSM,$59.95,1441732582442,"23,766",100% bearish,of 1 rating,N/A
FEUZ,$30.89,1441732582490,100,Not yet rated,NULL,N/A
MDIV,$18.985,1441732582622,"58,797",Not yet rated,NULL,N/A
TDIV,$24.795,1441732582669,"31,791",100% bearish,of 1 rating,N/A
FGM,$35.92,1441732582759,"8,110",Not yet rated,NULL,N/A
FTGC,$22.45,1441732582863,"24,899",Not yet rated,NULL,N/A
FTHI,$19.47,1441732582888,479,Not yet rated,NULL,N/A
HYLS,$49.7414,1441732582959,"10,418",100% bearish,of 1 rating,N/A
FHK,$33.68,1441732583199,"1,300",Not yet rated,NULL,N/A
YDIV,NULL,1441732583226,0,Not yet rated,NULL,N/A
FPXI,$26.86,1441732583274,200,Not yet rated,NULL,N/A
SKYY,$28.5101,1441732583354,"14,945",100% bullish,of 1 rating,N/A
CU,$12.9,1441732583382,"4,128",100% bearish,of 1 rating,N/A
FJP,$45.068,1441732583413,"54,773",Not yet rated,NULL,N/A
FTLB,NULL,1441732583441,0,100% bearish,of 1 rating,N/A
PLTM,$6.18,1441732583510,220,100% bearish,of 1 rating,N/A
LMBS,NULL,1441732583799,0,Not yet rated,NULL,N/A
FMB,$51.22,1441732583824,"7,056",Not yet rated,NULL,N/A
CIBR,$17.5399,1441732583952,"16,904",Not yet rated,NULL,N/A
QABA,$37.5401,1441732583979,"9,892",100% bearish,of 1 rating,N/A
CARZ,$34.95,1441732584003,"3,139",100% bearish,of 1 rating,N/A
FONE,$35.42,1441732584034,237,Not yet rated,NULL,N/A
QCLN,$15.439,1441732584060,"10,210",Not yet rated,NULL,N/A
GRID,$31.11,1441732584107,35,100% bearish,of 1 rating,N/A
RDVY,$20.8765,1441732584263,"2,290",Not yet rated,NULL,N/A
QQEW,$41.67,1441732584398,"16,417",Not yet rated,NULL,N/A
QQXT,$40.202,1441732584432,"2,527",Not yet rated,NULL,N/A
QTEC,$40.2599,1441732584481,"4,663",Not yet rated,NULL,N/A
QINC,NULL,1441732584508,0,Not yet rated,NULL,N/A
AIRR,$16.55,1441732584559,"1,120",100% bearish,of 1 rating,N/A
FTSL,$48.88,1441732584580,"10,087",100% bearish,of 1 rating,N/A
FDIV,$47.4,1441732584873,300,100% bearish,of 1 rating,N/A
FTW,$31.2121,1441732584940,167,Not yet rated,NULL,N/A
FKO,NULL,1441732584973,0,Not yet rated,NULL,N/A
FSZ,$38.46,1441732585001,916,Not yet rated,NULL,N/A
FKU,$41.656,1441732585072,"2,897",Not yet rated,NULL,N/A
TUSA,$24.83,1441732585097,508,Not yet rated,NULL,N/A
FUNC,$8.07,1441732585129,"1,900",Not yet rated,NULL,N/A
SVVC,$9.4,1441732585154,"5,350",50% bullish,of 2 ratings,$26
FMER,$17.55,1441732585364,"121,594",50% bullish,of 2 ratings,$20
FISV,$85.79,1441732585497,"285,180",100% bearish,of 3 ratings,$90
FSV,$32.05,1441732585527,"2,800",Not yet rated,NULL,$33.60
FPRX,$20.21,1441732585560,"43,463",50% bullish,of 2 ratings,$35
FIVE,$33.81,1441732585630,"450,846",75% bearish,of 4 ratings,$43.50
FLML,$22.7199,1441732585730,"82,255",50% bullish,of 2 ratings,$30
FLKS,$11.4745,1441732585756,"24,029",50% bullish,of 2 ratings,$27
FIVN,$3.7531,1441732585786,"38,492",100% bullish,of 1 rating,$8.50
FLXN,$28.79,1441732585915,"33,815",100% bearish,of 1 rating,$40
SKOR,$50.44,1441732586019,"4,700",Not yet rated,NULL,N/A
MBSD,$24.93,1441732586048,"2,400",Not yet rated,NULL,N/A
FLXS,$30.555,1441732586073,"1,770",100% bearish,of 2 ratings,N/A
FLEX,$10.515,1441732586098,"636,825",63% bullish,of 8 ratings,$12
FLIR,$28.82,1441732586234,"202,908",100% bearish,of 2 ratings,$38.50
FLDM,$11.26,1441732586259,"123,465",67% bearish,of 3 ratings,$15
FFIC,$19.73,1441732586413,"10,065",Not yet rated,NULL,$20.50
FOMX,$9.8901,1441732586499,"19,278",50% bullish,of 2 ratings,$23.50
FOGO,$19.31,1441732586543,"13,668",50% bullish,of 2 ratings,$25.50
FES,$0.86,1441732586701,"36,200",50% bullish,of 2 ratings,$1
FONR,$10.72,1441732586736,"21,251",100% bullish,of 1 rating,N/A
FORM,$6.86,1441732586783,"37,206",67% bullish,of 3 ratings,$10.50
FORR,$31.2,1441732586990,"11,699",Not yet rated,NULL,N/A
FTNT,$42.65,1441732587034,"322,238",80% bullish,of 10 ratings,$52
FBIO,$2.54,1441732587122,"35,580",83% bullish,of 6 ratings,N/A
FORTY,NULL,1441732587149,0,100% bearish,of 1 rating,N/A
FORD,$1.66,1441732587192,"846,099",67% bullish,of 3 ratings,N/A
FWRD,$44.68,1441732587222,"27,132",100% bearish,of 1 rating,$50
FWP,$26.205,1441732587318,"25,700",100% bearish,of 1 rating,$45
FOSL,$60.92,1441732587386,"200,349",60% bearish,of 5 ratings,$80
FMI,$23.28,1441732587529,"35,057",100% bearish,of 2 ratings,$27.50
FXCB,$17.14,1441732587564,735,Not yet rated,NULL,$19
FELE,$27.82,1441732587723,"36,758",50% bullish,of 4 ratings,$33
FOXF,$15.2775,1441732587758,"7,297",100% bearish,of 1 rating,$19
FREE,$0.341,1441732587855,"325,462",92% bullish,of 12 ratings,N/A
FRED,$12.83,1441732587886,"31,081",50% bullish,of 2 ratings,$15.50
FRAN,$12.48,1441732587917,"529,608",50% bullish,of 4 ratings,$15
FRPT,$12.57,1441732587986,"85,264",67% bearish,of 3 ratings,$23.50
RAIL,$20.4975,1441732588013,"33,060",100% bearish,of 1 rating,$24.50
FEIM,$11.02,1441732588067,"1,800",100% bearish,of 1 rating,N/A
FTR,$5.37,1441732588202,"4,757,591",78% bullish,of 27 ratings,$6.25
FSBW,$23.29,1441732588335,300,Not yet rated,NULL,N/A
FRPH,$31.12,1441732588360,"4,624",100% bearish,of 1 rating,N/A
FTRPR,$104.7,1441732588385,"20,514",100% bearish,of 1 rating,N/A
FTD,$29.29,1441732588527,"7,318",100% bearish,of 1 rating,$40
FSYS,$6.315,1441732588561,"71,500",67% bullish,of 3 ratings,$8.50
FTEK,$2.0199,1441732588694,"10,077",75% bullish,of 4 ratings,N/A
FULT,$11.935,1441732588833,"123,179",100% bearish,of 1 rating,$13
FULL,$3.1199,1441732588861,"18,368",67% bearish,of 3 ratings,$4.25
FLL,$1.4535,1441732588889,"5,137",75% bullish,of 4 ratings,$3.50
FCEL,$0.9114,1441732588915,"743,598",88% bullish,of 41 ratings,$2.65
FULLL,$25.2999,1441732588945,900,Not yet rated,NULL,N/A
FSNN,$2.25,1441732589046,"9,400",67% bullish,of 3 ratings,$6
FXEN,$0.9801,1441732589078,"12,405",75% bullish,of 4 ratings,$1.10
FFHL,NULL,1441732589140,0,50% bullish,of 4 ratings,N/A
FXENP,$15.13,1441732589336,700,100% bearish,of 1 rating,N/A
GK,$68.1,1441732589437,"17,528",Not yet rated,NULL,$78
WILC,$4.77,1441732589523,300,100% bullish,of 2 ratings,N/A
GALT,$2.15,1441732589608,"56,706",80% bullish,of 5 ratings,N/A
GLPG,$59.03,1441732589635,"3,433",100% bullish,of 1 rating,$75
GAIA,$6.03,1441732589660,"9,743",50% bullish,of 2 ratings,$8.50
GALTU,NULL,1441732589685,0,100% bearish,of 1 rating,N/A
GALTW,NULL,1441732589850,0,100% bullish,of 1 rating,N/A
GALE,$1.5897,1441732589876,"185,680",89% bullish,of 47 ratings,$4
GLMD,$8.42,1441732590004,"2,663",67% bullish,of 3 ratings,$20.50
GLPI,$30.465,1441732590031,"98,955",100% bearish,of 1 rating,$37.50
GRMN,$37.417,1441732590056,"250,029",50% bullish,of 6 ratings,$46.50
GGAC,$9.92,1441732590094,81,100% bearish,of 1 rating,N/A
GPIC,$9.77,1441732590120,"2,500",100% bearish,of 1 rating,N/A
GGACR,$0.23,1441732590386,"12,000",100% bullish,of 1 rating,N/A
GARS,$14.55,1441732590419,"20,078",Not yet rated,NULL,$16
GGACU,NULL,1441732590450,0,Not yet rated,NULL,N/A
GENC,$9.04,1441732590519,200,100% bearish,of 1 rating,N/A
GGACW,$0.1469,1441732590553,480,Not yet rated,NULL,N/A
GNCMA,$17.31,1441732590582,"50,089",100% bearish,of 1 rating,$12
GFN,$3.8,1441732590687,"6,775",100% bearish,of 2 ratings,$8
GFNSL,$25.51,1441732590850,900,Not yet rated,NULL,N/A
GFNCP,$88.5,1441732590932,70,Not yet rated,NULL,N/A
GENE,$2.39,1441732590981,"41,005",100% bullish,of 12 ratings,N/A
GNMK,$9.96,1441732591021,"12,466",67% bullish,of 6 ratings,$14
GHDX,$25.23,1441732591050,"19,142",50% bullish,of 2 ratings,$30
GNCA,$11.18,1441732591076,"20,250",100% bearish,of 1 rating,$20
GNTX,$15.99,1441732591209,"776,175",Not yet rated,NULL,$20
THRM,$45.55,1441732591234,"76,790",75% bearish,of 4 ratings,$55.50
GNVC,$2.57,1441732591383,"16,641",90% bullish,of 10 ratings,$8.50
GEOS,$16.54,1441732591531,"20,083",100% bearish,of 3 ratings,$21
GABC,$28.7,1441732591561,"1,949",Not yet rated,NULL,$31.50
GTWN,NULL,1441732591596,0,Not yet rated,NULL,N/A
GERN,$3.33,1441732591623,"797,976",88% bullish,of 17 ratings,$5.25
GEVO,$2.361,1441732591648,"273,607",75% bullish,of 12 ratings,$5
ROCK,$16.82,1441732591864,"24,389",80% bullish,of 5 ratings,$24
GIGA,$1.31,1441732591892,"108,860",100% bearish,of 1 rating,N/A
GIGM,$0.5203,1441732591913,"27,970",100% bullish,of 2 ratings,N/A
GBCI,$26.19,1441732592093,"23,368",50% bullish,of 2 ratings,$31
GILD,$103.38,1441732592144,"2,477,922",91% bullish,of 89 ratings,$129
GLAD,$8.9742,1441732592171,"84,953",50% bullish,of 2 ratings,$8.75
GIII,$69.48,1441732592192,"82,223",67% bullish,of 3 ratings,$79
GILT,$4.17,1441732592244,"3,880",50% bullish,of 2 ratings,N/A
GLADO,$25.59,1441732592428,"2,800",Not yet rated,NULL,N/A
GOOD,$13.9799,1441732592488,"22,764",Not yet rated,NULL,$19
GOODN,$25.55,1441732592559,204,Not yet rated,NULL,N/A
GOODO,$25.14,1441732592589,200,Not yet rated,NULL,N/A
GAIN,$7.49,1441732592643,"49,585",100% bullish,of 2 ratings,$8.25
GOODP,$25.2,1441732592689,400,Not yet rated,NULL,N/A
GAINN,$25.21,1441732592714,"32,801",Not yet rated,NULL,N/A
GAINO,NULL,1441732592774,0,Not yet rated,NULL,N/A
GAINP,$25.65,1441732592990,"2,100",Not yet rated,NULL,N/A
GLBZ,NULL,1441732593065,0,Not yet rated,NULL,N/A
LAND,$9.18,1441732593091,"7,564",50% bullish,of 2 ratings,$13.75
ENT,$11.2499,1441732593126,"30,953",100% bearish,of 1 rating,$18
GBT,$51.1,1441732593219,"100,978",100% bearish,of 1 rating,N/A
GDEF,$10.65,1441732593249,400,Not yet rated,NULL,N/A
GBLI,$27.54,1441732593348,"2,632",Not yet rated,NULL,N/A
ACTX,NULL,1441732593447,0,100% bullish,of 1 rating,N/A
GPACU,NULL,1441732593505,0,Not yet rated,NULL,N/A
QQQC,$18.65,1441732593577,505,100% bearish,of 1 rating,N/A
GSOL,$8.427,1441732593608,"3,698",100% bearish,of 1 rating,N/A
ALTY,$14.2953,1441732593678,101,Not yet rated,NULL,N/A
SRET,$12.96,1441732593702,11,Not yet rated,NULL,N/A
SOCL,$17.45,1441732593737,"9,504",100% bullish,of 2 ratings,N/A
YLCO,$11.6199,1441732593915,"1,700",Not yet rated,NULL,N/A
GAI,$6.16,1441732593966,500,50% bullish,of 2 ratings,N/A
GSM,$14.32,1441732594074,"131,545",50% bullish,of 2 ratings,$22
GBIM,$2.71,1441732594104,844,50% bullish,of 2 ratings,N/A
GLBS,$1.25,1441732594179,"9,338",67% bullish,of 3 ratings,N/A
GLRI,$1,1441732594210,"17,286",100% bearish,of 1 rating,$4.25
GLYC,$6.9301,1441732594312,"25,667",50% bullish,of 2 ratings,$14
GLUU,$4.58,1441732594336,"648,513",92% bullish,of 26 ratings,$9
GOGO,$15.7604,1441732594393,"131,652",80% bullish,of 5 ratings,$25
GMLP,$21.0699,1441732594491,"37,132",50% bullish,of 4 ratings,$29
GLDC,$3.97,1441732594525,912,50% bullish,of 2 ratings,N/A
GLNG,$38.8208,1441732594553,"276,738",83% bullish,of 6 ratings,$55.50
GDEN,$9.07,1441732594629,"1,800",50% bullish,of 2 ratings,N/A
GOGL,$2.9,1441732594731,"48,024",75% bullish,of 4 ratings,$5
GBDC,$17.01,1441732594856,"91,212",Not yet rated,NULL,$17.75
GOOG,$610.18,1441732594881,"443,133",87% bullish,of 75 ratings,$787.50
GTIM,$7.065,1441732594958,"9,983",Not yet rated,NULL,$11.50
GPRO,$36.86,1441732595109,"4,134,822",78% bullish,of 60 ratings,$71
GMAN,$3.73,1441732595138,"11,759",60% bullish,of 5 ratings,$8.50
GOOGL,$638.7274,1441732595174,"520,863",88% bullish,of 1083 ratings,$749
GPIA,NULL,1441732595245,0,100% bearish,of 1 rating,N/A
LOPE,$37.71,1441732595279,"27,178",100% bearish,of 2 ratings,$50
GPIAW,NULL,1441732595306,0,Not yet rated,NULL,N/A
GPIAU,$9.96,1441732595376,700,Not yet rated,NULL,N/A
GRVY,$3.632,1441732595437,761,50% bullish,of 2 ratings,N/A
GBSNU,NULL,1441732595507,0,NULL,NULL,NULL
GBSN,$0.1599,1441732595666,"4,534,335",50% bullish,of 2 ratings,$8.25
GLDD,$5.46,1441732595700,"33,911",100% bearish,of 4 ratings,$7.75
GSBC,$41.34,1441732595835,"7,123",100% bullish,of 1 rating,$44
GNBC,$12,1441732595968,"16,750",100% bearish,of 1 rating,$16.50
GRBK,$11.94,1441732595995,"38,371",77% bullish,of 13 ratings,N/A
GPP,$13.826,1441732596017,"41,965",Not yet rated,NULL,$20.50
GCBC,$29,1441732596051,27,100% bullish,of 1 rating,N/A
GPRE,$20.54,1441732596150,"178,454",67% bullish,of 6 ratings,$28.50
GRIF,$32.6,1441732596224,"6,338",100% bearish,of 1 rating,N/A
GLRE,$24.73,1441732596252,"35,460",50% bullish,of 2 ratings,$34
GRFS,$31.76,1441732596326,"207,670",50% bullish,of 2 ratings,$35
GRPN,$4.24,1441732596414,"2,250,935",61% bullish,of 71 ratings,$6.75
OMAB,$41.213,1441732596458,"18,711",100% bullish,of 1 rating,$44
GGAL,$20.3,1441732596522,"107,170",80% bullish,of 5 ratings,$40
GSIG,$12.9499,1441732596653,"4,644",100% bearish,of 2 ratings,N/A
GSIT,$4.55,1441732596679,"3,288",100% bearish,of 1 rating,N/A
GTXI,$0.87,1441732596892,"3,100",100% bullish,of 5 ratings,$.75
GSVC,$8.973,1441732596916,"11,587",50% bullish,of 2 ratings,$15.75
GFED,$14.5,1441732597044,832,Not yet rated,NULL,$17
GULTU,$0.3302,1441732597094,"109,181",100% bearish,of 1 rating,N/A
GUID,$6.76,1441732597130,"18,402",100% bearish,of 3 ratings,$10
GIFI,$12.19,1441732597175,"23,800",100% bearish,of 1 rating,$16
GURE,$1.61,1441732597238,"18,562",88% bullish,of 8 ratings,N/A
GBNK,$15.6125,1441732597270,"3,508",100% bearish,of 1 rating,$18
GPOR,$32.53,1441732597366,"615,701",75% bullish,of 4 ratings,$54
GWPH,$105.38,1441732597476,"33,751",78% bullish,of 9 ratings,$148.50
HEES,$20.14,1441732597576,"135,525",67% bearish,of 3 ratings,$31
GWGH,$7.97,1441732597603,164,100% bearish,of 1 rating,$15.05
GYRO,$33.3,1441732597628,"4,846",100% bearish,of 1 rating,N/A
HNRG,$7.14,1441732597782,"36,277",100% bearish,of 1 rating,$10
HLG,$9,1441732597808,500,100% bearish,of 1 rating,N/A
HALL,$11.45,1441732597937,"23,201",Not yet rated,NULL,N/A
HBK,NULL,1441732597983,0,50% bullish,of 2 ratings,N/A
HNH,$25.08,1441732598160,"3,778",100% bullish,of 1 rating,N/A
HMPR,$1.91,1441732598192,"3,354",100% bullish,of 1 rating,N/A
HBHCL,$24.2,1441732598213,"32,753",Not yet rated,NULL,N/A
HBHC,$27.77,1441732598234,"113,271",50% bullish,of 2 ratings,$30
HALO,$17.13,1441732598270,"107,394",67% bullish,of 3 ratings,$22.50
HAFC,$24.52,1441732598406,"107,140",100% bullish,of 2 ratings,$28.50
HNSN,$0.5665,1441732598434,"53,397",88% bullish,of 8 ratings,$.40
HQCL,$12.58,1441732598511,"2,483",67% bullish,of 3 ratings,$14
HDNG,$10.63,1441732598576,"10,322",50% bullish,of 4 ratings,N/A
HLIT,$5.745,1441732598676,"62,062",100% bearish,of 1 rating,$6.50
HRMNU,NULL,1441732598762,0,Not yet rated,NULL,N/A
HRMN,NULL,1441732598911,0,Not yet rated,NULL,N/A
HART,$1.33,1441732599003,"69,607",100% bearish,of 1 rating,N/A
HRMNW,NULL,1441732599087,0,Not yet rated,NULL,N/A
TINY,$2.46,1441732599113,"8,308",50% bullish,of 2 ratings,$5.26
HBIO,$4.48,1441732599134,"33,249",100% bearish,of 1 rating,$10
HCAPL,$25.41,1441732599165,772,Not yet rated,NULL,N/A
HA,$24.44,1441732599195,"173,523",67% bullish,of 9 ratings,$27
HAS,$75.85,1441732599297,"278,894",63% bullish,of 8 ratings,$84.50
HCAP,$12,1441732599379,"3,974",50% bullish,of 2 ratings,$15
HCOM,$21.67,1441732599506,383,100% bearish,of 1 rating,$28
HAYN,$37.71,1441732599567,"11,272",100% bearish,of 1 rating,$59
HWBK,$13.506,1441732599609,735,100% bearish,of 1 rating,N/A
HDS,$32.98,1441732599699,"975,081",100% bearish,of 2 ratings,$39.50
HWKN,$38.305,1441732599724,"5,617",Not yet rated,NULL,N/A
HIIQ,$4.9301,1441732599770,"2,088",50% bullish,of 2 ratings,$7
HCSG,$33.25,1441732599912,"69,554",50% bullish,of 4 ratings,$35
HSTM,$24.64,1441732599938,"20,257",50% bullish,of 2 ratings,$33.75
HTLD,$20.71,1441732600070,"64,253",Not yet rated,NULL,$22.50
HTLF,$36.477,1441732600100,"12,787",100% bullish,of 1 rating,$39.50
HWAY,$11.62,1441732600203,"122,574",100% bearish,of 1 rating,$15
HQY,$30.23,1441732600275,"51,445",67% bullish,of 3 ratings,$35
HSII,$20.34,1441732600335,"7,035",100% bullish,of 3 ratings,$25
HTBX,$3.967,1441732600365,"12,495",50% bullish,of 2 ratings,$15.50
HTWR,$66.92,1441732600386,"110,202",50% bullish,of 2 ratings,$97.50
HELE,$85.99,1441732600417,"31,312",67% bearish,of 3 ratings,$100
HMTV,$13.33,1441732600648,"2,359",100% bearish,of 1 rating,$16
HMNY,$2.1475,1441732600679,"8,687",100% bearish,of 1 rating,N/A
HNNA,$24.5,1441732600776,"12,017",100% bearish,of 1 rating,N/A
HCACU,$10.01,1441732600835,"107,808",Not yet rated,NULL,N/A
HERO,NULL,1441732600860,0,NULL,NULL,NULL
HSIC,$135.18,1441732600885,"72,016",83% bullish,of 6 ratings,$146
HTBK,$10.82,1441732601014,"23,173",Not yet rated,NULL,$12
HFWA,$18.09,1441732601116,"7,339",100% bullish,of 1 rating,$20
HCCI,$11.93,1441732601247,"1,357",100% bearish,of 1 rating,$16.50
MLHR,$27.68,1441732601273,"41,128",50% bullish,of 2 ratings,$33.50
HEOP,$7.81,1441732601298,"5,186",Not yet rated,NULL,$8.50
HRTX,$40.2132,1441732601329,"513,502",57% bullish,of 7 ratings,$41
HSKA,$33.505,1441732601357,"17,376",100% bearish,of 1 rating,$38
HFFC,$16.02,1441732601430,"4,314",Not yet rated,NULL,N/A
HIBB,$39.52,1441732601488,"54,788",100% bearish,of 1 rating,$46.50
HPJ,$2.19,1441732601702,"17,372",75% bullish,of 4 ratings,$12.43
HIHO,$4.84,1441732601832,"54,603",Not yet rated,NULL,N/A
HIMX,$7.415,1441732601859,"458,492",86% bullish,of 21 ratings,$8.25
HIFS,$113.65,1441732601891,"3,237",Not yet rated,NULL,N/A
HMSY,$10.23,1441732602085,"174,276",67% bullish,of 3 ratings,$19.35
HOLI,$16.6,1441732602114,"126,160",50% bullish,of 4 ratings,$27
HSGX,$6.18,1441732602144,"3,687",100% bearish,of 1 rating,$17
HOLX,$39.375,1441732602181,"508,024",50% bullish,of 4 ratings,$42
HMNF,$11.42,1441732602243,418,Not yet rated,NULL,N/A
HBCP,$24.83,1441732602325,"1,566",Not yet rated,NULL,$29
HOMB,$38.415,1441732602375,"26,228",Not yet rated,NULL,$42
AWAY,$28.32,1441732602405,"152,023",75% bullish,of 4 ratings,$36
HMIN,$25.41,1441732602508,"31,496",100% bearish,of 2 ratings,$35
HFBL,$21.88,1441732602567,"7,300",Not yet rated,NULL,N/A
HTBI,$18.13,1441732602749,"8,869",67% bullish,of 3 ratings,$18.625
HMST,$22.321,1441732602782,"18,443",100% bullish,of 2 ratings,$27
CETC,$0.7588,1441732602855,"16,082",86% bullish,of 7 ratings,N/A
HFBC,$11.05,1441732602915,"6,707",Not yet rated,NULL,N/A
HKTV,$4.15,1441732602943,"47,992",100% bearish,of 1 rating,N/A
HOFT,$24.9699,1441732602984,"15,625",100% bearish,of 1 rating,N/A
HZNP,$29.28,1441732603047,"565,935",85% bullish,of 20 ratings,$40
HBNC,$23.4,1441732603081,"10,469",100% bullish,of 1 rating,$27
ZINC,$7.58,1441732603179,"132,979",100% bearish,of 1 rating,$17
HRZN,$10.375,1441732603206,"9,889",50% bullish,of 2 ratings,$14.25
HMHC,$22.87,1441732603351,"139,852",Not yet rated,NULL,$27
HDP,$24.17,1441732603376,"173,367",67% bearish,of 3 ratings,$30.50
HOVNP,$4.38,1441732603444,500,100% bearish,of 1 rating,N/A
HSNI,$60.01,1441732603636,"39,046",Not yet rated,NULL,$80
HWCC,$7.58,1441732603663,"11,294",100% bearish,of 1 rating,$9
HBMD,$13.8,1441732603690,"5,551",100% bearish,of 1 rating,N/A
HCBK,$9.44,1441732603821,"526,531",83% bullish,of 6 ratings,$8.61
HTGM,$6.22,1441732603849,"3,339",100% bearish,of 1 rating,$19.50
HUBG,$38.27,1441732603876,"81,433",100% bearish,of 1 rating,$43
HSON,$2.8,1441732603901,"51,444",100% bearish,of 1 rating,$5
HDSN,$2.99,1441732604030,"6,702",100% bullish,of 1 rating,$6.25
HBAN,$10.7,1441732604062,"1,888,988",76% bullish,of 17 ratings,$12.29
HBANP,NULL,1441732604198,0,100% bearish,of 1 rating,N/A
HTCH,$1.52,1441732604331,"31,606",100% bearish,of 1 rating,$3.50
HURC,$29.78,1441732604364,"2,100",100% bearish,of 1 rating,N/A
HURN,$73.9801,1441732604394,"28,053",50% bullish,of 2 ratings,$80
HDRA,NULL,1441732604414,0,Not yet rated,NULL,N/A
HBP,$3.06,1441732604461,200,100% bullish,of 1 rating,N/A
HDRAR,NULL,1441732604630,0,Not yet rated,NULL,N/A
HDRAU,NULL,1441732604674,0,Not yet rated,NULL,N/A
HYGS,$8.55,1441732604760,"6,308",50% bullish,of 2 ratings,$13
HDRAW,NULL,1441732604787,0,Not yet rated,NULL,N/A
IDSY,$3.79,1441732604820,"9,218",100% bearish,of 1 rating,$7
IACI,$69.65,1441732604848,"211,571",80% bullish,of 5 ratings,$90
IKGH,$1.55,1441732604916,"37,823",75% bullish,of 4 ratings,N/A
IBKC,$61.05,1441732605014,"19,699",100% bullish,of 1 rating,$70
IEP,$67.82,1441732605186,"59,362",75% bullish,of 4 ratings,$99
ICFI,$33.72,1441732605244,"4,558",50% bullish,of 2 ratings,$48.50
ICLR,$77.17,1441732605318,"97,140",100% bearish,of 3 ratings,$85
ICON,$13.26,1441732605389,"245,382",50% bullish,of 2 ratings,$18.50
ICUI,$111.18,1441732605454,"30,866",Not yet rated,NULL,$122
ICAD,$3.91,1441732605493,"14,249",50% bullish,of 2 ratings,$7.25
INVE,$4.46,1441732605517,"9,870",75% bullish,of 4 ratings,$4
IDRA,$2.95,1441732605652,"188,341",89% bullish,of 9 ratings,$6.50
IDXX,$74.36,1441732605680,"121,837",100% bearish,of 1 rating,$76
IPWR,$7.7,1441732605707,"4,005",100% bullish,of 1 rating,$15
IROQ,$16.725,1441732605760,200,100% bullish,of 1 rating,N/A
DSKY,$10.72,1441732605842,"55,391",67% bullish,of 6 ratings,$11.50
IRG,$5.26,1441732606013,"8,225",100% bearish,of 1 rating,$4.25
RXDX,$16.07,1441732606069,"89,243",100% bullish,of 1 rating,$20
IIVI,$16.96,1441732606198,"34,925",100% bearish,of 1 rating,$22
IKNX,NULL,1441732606298,0,100% bearish,of 1 rating,N/A
ILMN,$195.9,1441732606330,"206,998",80% bullish,of 5 ratings,$245
KANG,$15.29,1441732606351,"156,371",50% bullish,of 2 ratings,$23.10
IKAN,$2.745,1441732606384,"24,172",83% bullish,of 6 ratings,$5
ISNS,$4.1999,1441732606431,"5,944",50% bullish,of 2 ratings,N/A
ICCC,$7.2,1441732606491,"4,863",100% bullish,of 1 rating,N/A
IMMR,$12.89,1441732606644,"74,350",80% bullish,of 5 ratings,$15.50
IMMU,$2.3,1441732606753,"1,878,461",86% bullish,of 7 ratings,$2
IMDZ,$15.62,1441732606781,"65,956",100% bearish,of 1 rating,$33
IMNP,$1.4,1441732606807,"113,471",50% bullish,of 2 ratings,$6
IPXL,$44.95,1441732606828,"788,744",67% bullish,of 3 ratings,$46.50
IMGN,$13.28,1441732606859,"311,147",75% bullish,of 4 ratings,$17.50
IMMY,$7.5501,1441732607090,"2,501",100% bearish,of 1 rating,$11
SAAS,$7.255,1441732607176,"95,616",50% bullish,of 2 ratings,$15
INCY,$117.454,1441732607307,"164,048",50% bullish,of 6 ratings,$125.50
IBCP,$14.24,1441732607333,"19,632",100% bullish,of 1 rating,$14.50
INCR,$43,1441732607355,"89,353",50% bullish,of 2 ratings,$53
INDB,$44.57,1441732607387,"12,055",Not yet rated,NULL,$44
IBTX,$42.01,1441732607483,"4,259",100% bullish,of 2 ratings,$47.25
IDSA,NULL,1441732607577,0,Not yet rated,NULL,N/A
INFN,$20.52,1441732607644,"1,515,627",71% bullish,of 7 ratings,$28
INFI,$8.68,1441732607670,"78,334",50% bullish,of 4 ratings,$16.50
IPCC,$75.83,1441732607796,"4,806",Not yet rated,NULL,$77.50
IMKTA,$49.79,1441732607823,"25,441",100% bearish,of 1 rating,N/A
IFON,$1.26,1441732607844,"7,886",75% bullish,of 4 ratings,N/A
III,$3.75,1441732607872,"13,176",57% bullish,of 7 ratings,$6
INWK,$7.09,1441732608032,"17,918",50% bullish,of 2 ratings,$10
INNL,$13,1441732608164,"43,834",100% bearish,of 1 rating,$16.50
INOD,$2.33,1441732608230,"18,600",100% bearish,of 1 rating,N/A
IPHS,$45.82,1441732608255,"16,500",100% bearish,of 1 rating,$60
ISSC,$2.83,1441732608453,10,67% bearish,of 3 ratings,N/A
IOSP,$49.83,1441732608478,"48,425",100% bearish,of 1 rating,N/A
INGN,$52.58,1441732608499,"79,960",100% bearish,of 1 rating,$50.50
ITEK,$12.95,1441732608533,"95,679",100% bearish,of 3 ratings,$20
INO,$7.095,1441732608634,"249,916",89% bullish,of 18 ratings,$20
NSIT,$24.88,1441732608660,"28,705",50% bullish,of 2 ratings,N/A
ISIG,$2.64,1441732608686,"1,717",100% bearish,of 1 rating,N/A
INOV,$21.06,1441732608734,"99,941",100% bearish,of 1 rating,$33
PODD,$28.9,1441732609000,"41,962",67% bearish,of 3 ratings,$35
INSM,$24.77,1441732609094,"97,578",71% bullish,of 7 ratings,$31.50
INSY,$34.19,1441732609127,"262,048",75% bullish,of 4 ratings,$48
NTEC,$5.65,1441732609158,"1,498",100% bearish,of 1 rating,N/A
IIIN,$18.22,1441732609179,"12,963",100% bearish,of 2 ratings,N/A
IART,$62.81,1441732609208,"45,629",100% bearish,of 2 ratings,$71.50
IDTI,$19.795,1441732609262,"642,852",60% bullish,of 5 ratings,$25
INTC,$29.31,1441732609478,"7,982,295",82% bullish,of 238 ratings,$36
IESC,$7.18,1441732609550,"1,821",100% bearish,of 1 rating,N/A
IQNT,$19.52,1441732609576,"150,284",86% bullish,of 7 ratings,$20
IBKR,$38.16,1441732609605,"114,338",100% bullish,of 1 rating,N/A
ISSI,$21.97,1441732609638,"56,855",67% bullish,of 3 ratings,$19.75
IPCI,$2.2301,1441732609659,"10,327",67% bullish,of 6 ratings,$8
IPAR,$25.56,1441732609741,"16,682",67% bullish,of 3 ratings,$38
ININ,$36.21,1441732609828,"13,796",67% bearish,of 3 ratings,$57
ICPT,$192.5189,1441732609994,"68,499",70% bullish,of 10 ratings,$359.50
ICLDW,NULL,1441732610040,0,100% bearish,of 1 rating,N/A
ICLD,$2.0502,1441732610127,"175,084",75% bullish,of 4 ratings,N/A
IDCC,$48.63,1441732610186,"43,974",80% bullish,of 5 ratings,$63
IMI,$2,1441732610259,"8,113",67% bullish,of 3 ratings,$2.22
TILE,$24.52,1441732610342,"80,884",100% bearish,of 3 ratings,$27
IBOC,$25.33,1441732610391,"39,508",100% bearish,of 1 rating,N/A
INAP,$9.28,1441732610423,"44,297",75% bullish,of 4 ratings,$11
ISCA,$32.705,1441732610529,"12,138",100% bearish,of 1 rating,N/A
IGLD,$7.38,1441732610584,"1,075",50% bullish,of 2 ratings,N/A
IIJI,$8.6999,1441732610609,120,50% bullish,of 2 ratings,$12.50
PTNT,$2.98,1441732610634,200,Not yet rated,NULL,N/A
XENT,$25.2775,1441732610764,"65,951",50% bullish,of 2 ratings,$36.50
INPH,$0.29,1441732610808,145,50% bullish,of 2 ratings,N/A
INTX,$1.99,1441732610898,"2,090",67% bullish,of 3 ratings,N/A
ISIL,$10.8,1441732611234,"236,753",50% bullish,of 6 ratings,$15
INTLL,$26.09,1441732611291,100,Not yet rated,NULL,N/A
IILG,$19.64,1441732611337,"21,238",100% bearish,of 1 rating,$29
IVAC,$4.96,1441732611368,"7,447",100% bearish,of 1 rating,$6.625
INTL,$25.85,1441732611393,"5,415",67% bearish,of 3 ratings,N/A
ITCI,$27.21,1441732611436,"106,913",75% bearish,of 4 ratings,$40
IIN,$6.75,1441732611464,"2,100",100% bearish,of 1 rating,$12
INTU,$86.76,1441732611544,"500,462",86% bullish,of 7 ratings,$107.50
ISRG,$517.24,1441732611675,"27,941",67% bullish,of 3 ratings,$600
INVT,$0.34,1441732611734,"44,093",67% bullish,of 3 ratings,N/A
SNAK,$8.37,1441732611878,"18,703",50% bullish,of 2 ratings,$14
ISBC,$11.89,1441732611949,"449,250",100% bullish,of 1 rating,$13.25
ISTR,$15.91,1441732611975,"1,602",100% bearish,of 1 rating,$18.50
ITIC,$70.95,1441732612179,100,100% bearish,of 2 ratings,N/A
IVTY,$14.3001,1441732612209,"10,260",Not yet rated,NULL,$18
IPAS,$1.08,1441732612234,"3,050",67% bullish,of 3 ratings,N/A
NVIV,$10.9,1441732612265,"234,847",50% bullish,of 4 ratings,$24.50
DFVL,NULL,1441732612285,0,Not yet rated,NULL,N/A
IPCM,$79.21,1441732612317,"59,652",50% bullish,of 2 ratings,$80.125
DTUL,NULL,1441732612448,0,Not yet rated,NULL,N/A
IPGP,$83.16,1441732612476,"115,611",67% bearish,of 3 ratings,$109.50
IRIX,$6.86,1441732612648,753,100% bearish,of 1 rating,N/A
IRDM,$6.98,1441732612675,"144,482",60% bullish,of 5 ratings,$11.50
IRMD,$24.72,1441732612706,"7,412",67% bearish,of 3 ratings,$25
IRDMB,NULL,1441732612804,0,67% bearish,of 3 ratings,N/A
IRBT,$30.5,1441732612938,"65,798",67% bullish,of 6 ratings,$37
IRCP,NULL,1441732612982,0,100% bullish,of 2 ratings,N/A
IRWD,$11.28,1441732613013,"371,639",100% bearish,of 1 rating,$13
COMT,$33.4185,1441732613111,"2,447",100% bearish,of 1 rating,N/A
FCHI,NULL,1441732613136,0,NULL,NULL,NULL
GNMA,$50.03,1441732613165,"2,416",Not yet rated,NULL,N/A
IFAS,NULL,1441732613183,0,NULL,NULL,NULL
IFGL,$27.9653,1441732613215,"42,286",Not yet rated,NULL,N/A
IFEU,$38.06,1441732613380,100,Not yet rated,NULL,N/A
IFNA,NULL,1441732613402,0,NULL,NULL,NULL
ACWI,$55.09,1441732613549,"1,167,128",Not yet rated,NULL,N/A
ACWX,$40.04,1441732613604,"350,751",100% bearish,of 1 rating,N/A
AAXJ,$52.65,1441732613630,"380,091",Not yet rated,NULL,N/A
AXJS,NULL,1441732613677,0,NULL,NULL,NULL
EMDI,NULL,1441732613703,0,NULL,NULL,NULL
AAIT,NULL,1441732613760,0,NULL,NULL,NULL
EEME,NULL,1441732613848,0,NULL,NULL,NULL
EMEY,NULL,1441732613889,0,NULL,NULL,NULL
EGRW,NULL,1441732613912,0,NULL,NULL,NULL
EEMA,$49.5,1441732613948,"10,663",Not yet rated,NULL,N/A
EVAL,NULL,1441732613972,0,NULL,NULL,NULL
EEML,NULL,1441732614041,0,Not yet rated,NULL,N/A
EUFN,$21.48,1441732614146,"44,227",100% bearish,of 1 rating,N/A
IEUS,$45.28,1441732614208,"1,315",100% bearish,of 1 rating,N/A
QAT,$21.16,1441732614280,"1,500",Not yet rated,NULL,N/A
IBB,$345.98,1441732614439,"422,291",67% bullish,of 9 ratings,N/A
UAE,$17.799,1441732614464,"1,600",Not yet rated,NULL,N/A
WOOD,$47.9301,1441732614519,"3,620",50% bullish,of 2 ratings,N/A
SOXX,$84,1441732614553,"197,855",50% bullish,of 2 ratings,N/A
ICLN,$9.351,1441732614648,"15,059",50% bullish,of 2 ratings,N/A
EMIF,$28.095,1441732614675,"1,567",Not yet rated,NULL,N/A
INDY,$26.4519,1441732614704,"609,180",50% bullish,of 2 ratings,N/A
IGOV,$91.3,1441732614735,"12,306",100% bearish,of 1 rating,N/A
ISIS,$53.57,1441732614878,"303,724",53% bullish,of 15 ratings,$67
ISHG,$79.755,1441732614904,459,100% bearish,of 1 rating,N/A
ISLE,$19.8,1441732614925,"157,207",50% bullish,of 4 ratings,$17
ISRL,$125.71,1441732615058,103,100% bearish,of 1 rating,N/A
ITRI,$28.9,1441732615142,"29,760",100% bearish,of 1 rating,$37
XXIA,$15.141,1441732615301,"159,684",71% bullish,of 7 ratings,$14.625
ITUS,$4.09,1441732615334,"5,724",Not yet rated,NULL,N/A
ITRN,$23.65,1441732615358,557,50% bullish,of 2 ratings,N/A
IXYS,$11.575,1441732615387,"21,012",50% bullish,of 4 ratings,N/A
JJSF,$115.22,1441732615432,"11,674",100% bearish,of 1 rating,N/A
JBHT,$76.225,1441732615458,"208,250",50% bullish,of 4 ratings,$89.50
MAYS,$58.8,1441732615538,121,Not yet rated,NULL,N/A
JKHY,$67.67,1441732615725,"58,829",67% bearish,of 3 ratings,$72
JCOM,$67.802,1441732615757,"43,619",100% bullish,of 2 ratings,$77
JACK,$78.925,1441732615783,"78,834",71% bullish,of 7 ratings,$105
JASO,$7.93,1441732615863,"325,537",82% bullish,of 17 ratings,$10
JAXB,$13.15,1441732615936,222,100% bullish,of 1 rating,N/A
JXSB,NULL,1441732615960,0,Not yet rated,NULL,N/A
JAGX,$3.41,1441732616148,"4,500",Not yet rated,NULL,$10.50
JMBA,$14.17,1441732616173,"44,776",75% bullish,of 4 ratings,$18
JAKK,$9.86,1441732616212,"275,085",60% bearish,of 5 ratings,$11
ERW,NULL,1441732616364,0,Not yet rated,NULL,N/A
JRVR,$28.06,1441732616389,"12,510",Not yet rated,NULL,$32
JASN,$4.89,1441732616445,"4,554",50% bullish,of 2 ratings,$9.50
JD,$23.54,1441732616525,"9,203,410",75% bullish,of 16 ratings,$36
JASNW,NULL,1441732616575,0,50% bullish,of 2 ratings,N/A
JAZZ,$165.1,1441732616652,"81,951",80% bullish,of 15 ratings,$206.50
JTPY,$2.9699,1441732616742,"11,800",100% bearish,of 1 rating,N/A
DATE,$5.94,1441732616799,"29,121",75% bullish,of 4 ratings,$9
JBLU,$24.4284,1441732616824,"2,488,691",94% bullish,of 18 ratings,$27
JCTCF,NULL,1441732616882,0,100% bullish,of 1 rating,N/A
WYIGU,$9.95,1441732617045,"2,100",100% bearish,of 1 rating,N/A
JST,$3.73,1441732617070,"3,906",75% bullish,of 4 ratings,N/A
JIVE,$4.68,1441732617136,"841,719",75% bullish,of 4 ratings,$5
JBSS,$51.65,1441732617237,"13,400",67% bearish,of 3 ratings,N/A
JOEZ,$0.1526,1441732617267,"243,632",92% bullish,of 12 ratings,N/A
JOUT,$25.01,1441732617293,"14,307",100% bearish,of 1 rating,$34
JNP,$13.5399,1441732617373,"76,638",100% bullish,of 3 ratings,$15
KTWO,$20.8,1441732617620,"26,349",100% bearish,of 1 rating,$28.50
JUNO,$38.5,1441732617688,"397,656",73% bullish,of 11 ratings,$67
KNDI,$6.38,1441732617716,"108,145",86% bullish,of 22 ratings,N/A
KALU,$83.21,1441732617743,"41,818",67% bearish,of 3 ratings,$91
KBIO,$3.48,1441732617775,"764,575",50% bullish,of 4 ratings,N/A
KMDA,$3.53,1441732617800,"2,340",50% bullish,of 2 ratings,$8
KPTI,$14.51,1441732617878,"35,247",67% bearish,of 3 ratings,$35.50
KCLI,$46.4499,1441732617933,"3,309",Not yet rated,NULL,N/A
KCAP,$4.79,1441732618156,"36,576",75% bullish,of 4 ratings,$6
KRNY,$11.14,1441732618189,"383,685",100% bearish,of 1 rating,$12.50
KBSF,NULL,1441732618287,0,100% bullish,of 1 rating,N/A
KELYA,$14.22,1441732618312,"28,714",67% bullish,of 6 ratings,$20
KELYB,NULL,1441732618466,0,50% bullish,of 2 ratings,N/A
KMPH,$21.58,1441732618494,"10,366",100% bearish,of 2 ratings,$22
