Symbol,Price,Date,Volume,Rating,RatingVoteCount,OneYearEstimate
TFSC,NULL,1440011702972,0,100% bearish,of 1 rating,N/A
TFSCU,NULL,1440011703040,0,Not yet rated,NULL,N/A
FLWS,$9.76,1440011703067,"76,817",100% bullish,of 5 ratings,$15
FCCY,NULL,1440011703094,0,100% bullish,of 1 rating,$13
FCTY,$7.6,1440011703115,"4,600",100% bullish,of 1 rating,$8.50
TFSCW,NULL,1440011703146,0,100% bearish,of 1 rating,N/A
TFSCR,NULL,1440011703167,0,Not yet rated,NULL,N/A
PIH,$7.41,1440011703189,700,100% bearish,of 1 rating,N/A
TWOU,$35.05,1440011703383,"166,368",50% bullish,of 2 ratings,$39
DSLV,$61.55,1440011703412,"22,212",100% bearish,of 1 rating,N/A
DGLD,$82.79,1440011703433,"13,295",100% bullish,of 1 rating,N/A
VNET,$20.47,1440011703468,"287,098",60% bullish,of 5 ratings,$29.50
USLV,$14.6005,1440011703505,"262,862",86% bullish,of 7 ratings,N/A
JOBS,$27.36,1440011703603,"53,332",50% bullish,of 4 ratings,$36
SRCE,$30.77,1440011703628,"15,282",100% bullish,of 3 ratings,$33
UGLD,$9.2011,1440011703656,"88,083",100% bearish,of 1 rating,N/A
CAFD,$15.299,1440011704015,"105,098",Not yet rated,NULL,$25
AVHI,$14.14,1440011704076,"21,186",100% bearish,of 1 rating,$19
SHLM,$35.85,1440011704100,"88,322",100% bearish,of 1 rating,$50
ABY,$20.99,1440011704127,"185,806",100% bearish,of 2 ratings,$46
EGHT,$8.56,1440011704149,"118,428",82% bullish,of 17 ratings,$11
SIXD,$2.2563,1440011704177,"175,956",Not yet rated,NULL,N/A
ABAX,$47.82,1440011704216,"64,216",100% bearish,of 1 rating,$60
ABGB,$4.23,1440011704237,"82,702",67% bullish,of 3 ratings,$5.50
ABMD,$104.92,1440011704443,"288,232",75% bullish,of 4 ratings,$86
ABEO,$5.39,1440011704472,"163,658",67% bullish,of 3 ratings,$15.50
ABEOW,$2,1440011704499,"3,689",100% bullish,of 1 rating,N/A
AAON,$22.73,1440011704526,"38,738",100% bearish,of 1 rating,$24
AXAS,$1.63,1440011704547,"477,394",78% bullish,of 9 ratings,$3.50
ACTG,$8.9,1440011704743,"164,962",67% bullish,of 3 ratings,$18.50
ACHC,$79.17,1440011704876,"450,648",50% bullish,of 2 ratings,$92
XLRN,$31.05,1440011704907,"78,954",50% bullish,of 2 ratings,$57
AXDX,$19.01,1440011704934,"94,496",100% bearish,of 1 rating,N/A
ACAD,$38.3,1440011704955,"315,194",85% bullish,of 20 ratings,$48
ACST,$0.3601,1440011705004,"12,900",100% bullish,of 2 ratings,N/A
ANCX,$19.05,1440011705134,"11,403",Not yet rated,NULL,$19
ARAY,$5.88,1440011705160,"1,116,478",100% bearish,of 1 rating,$10.50
VXDN,$14.51,1440011705237,"1,638",Not yet rated,NULL,N/A
ACET,$25.22,1440011705291,"66,665",75% bullish,of 4 ratings,$30
ACRX,$4.19,1440011705321,"170,438",67% bearish,of 6 ratings,$5.50
AKAO,$7.01,1440011705422,"23,653",75% bullish,of 4 ratings,$15
VXUP,$17.37,1440011705510,"9,950",Not yet rated,NULL,N/A
ACHN,$8.3501,1440011705557,"781,299",90% bullish,of 21 ratings,$16
ACIW,$22.69,1440011705585,"91,831",50% bullish,of 2 ratings,$24
ACOR,$30.55,1440011705719,"96,484",67% bearish,of 3 ratings,$38.50
ACNB,$20.22,1440011705773,"1,063",Not yet rated,NULL,N/A
ACTS,$1.4,1440011705807,"24,604",100% bearish,of 1 rating,N/A
ACPW,$1.87,1440011705833,"14,664",100% bullish,of 4 ratings,$3.50
ACUR,$0.6221,1440011705907,"40,735",100% bullish,of 5 ratings,$1
ATVI,$28.77,1440011705981,"1,810,193",68% bullish,of 84 ratings,$31.50
ADMS,$20.35,1440011706052,"34,233",100% bearish,of 2 ratings,$36
ACXM,$20.78,1440011706078,"165,467",67% bullish,of 3 ratings,N/A
ACTA,$13.67,1440011706146,"47,068",67% bearish,of 3 ratings,$25
ADMP,$3.7087,1440011706279,"14,785",50% bullish,of 2 ratings,$10
ADAP,$15.25,1440011706305,"29,517",67% bullish,of 3 ratings,$22
AEY,$2.3501,1440011706327,"18,199",100% bearish,of 2 ratings,N/A
ADUS,$30,1440011706360,"27,782",100% bearish,of 1 rating,$31
ADBE,$85.49,1440011706498,"981,527",65% bullish,of 17 ratings,$90
ADMA,$9.5,1440011706524,"5,900",Not yet rated,NULL,$19
ADEP,$7.292,1440011706553,"12,253",50% bullish,of 2 ratings,$10.75
ADRO,$21.35,1440011706714,"86,344",80% bullish,of 5 ratings,$45.50
AMD,$1.795,1440011706749,"3,734,496",83% bullish,of 102 ratings,$2
ADTN,$15.85,1440011706779,"184,813",67% bullish,of 3 ratings,$17.125
AEIS,$25.69,1440011706800,"61,689",50% bullish,of 2 ratings,$32.50
ADXS,$15.03,1440011706847,"377,946",64% bullish,of 14 ratings,$27
ADXSW,$10.8799,1440011706931,"19,871",100% bullish,of 1 rating,N/A
MULT,NULL,1440011707084,0,100% bearish,of 1 rating,N/A
AEGR,$18.22,1440011707110,"147,251",50% bullish,of 6 ratings,$26
YPRO,$23.0735,1440011707136,"24,393",100% bearish,of 1 rating,N/A
AEHR,$2.207,1440011707272,"1,312",50% bullish,of 2 ratings,N/A
AEGN,$18.905,1440011707344,"87,555",100% bearish,of 1 rating,$21
AEPI,$57.52,1440011707441,"4,240",100% bearish,of 1 rating,N/A
AEZS,$0.11,1440011707473,"8,335,110",90% bullish,of 21 ratings,$1.50
AMTX,$3.42,1440011707495,"8,002",50% bullish,of 2 ratings,$26.11
AERI,$16.49,1440011707532,"229,667",75% bullish,of 4 ratings,$31.50
AEMD,$6.8,1440011707632,"26,139",Not yet rated,NULL,$27.50
AVAV,$25.74,1440011707654,"46,271",50% bullish,of 4 ratings,$31
AFMD,$10.92,1440011707731,"175,832",50% bullish,of 4 ratings,$15
AFFX,$9.7699,1440011707801,"74,286",80% bullish,of 5 ratings,$12
AGEN,$7.5,1440011707875,"270,239",85% bullish,of 13 ratings,$14
AGYS,$9.4,1440011707952,"4,422",100% bearish,of 1 rating,N/A
AGRX,$8.63,1440011708054,"9,399",100% bearish,of 1 rating,$18
AGIO,$94.09,1440011708133,"167,722",88% bullish,of 8 ratings,$114
AGFS,$9.93,1440011708211,"142,822",100% bearish,of 1 rating,N/A
AIMT,$23.9,1440011708249,"37,624",Not yet rated,NULL,N/A
AGFSW,$2.17,1440011708277,"6,035",100% bearish,of 2 ratings,N/A
AIRM,$38.87,1440011708303,"88,276",80% bearish,of 5 ratings,$53
AIRT,$22.9,1440011708342,350,100% bullish,of 1 rating,N/A
ATSG,$9.5,1440011708368,"69,488",67% bullish,of 3 ratings,$13
AMCN,$5.1,1440011708546,"226,758",83% bullish,of 6 ratings,N/A
AKAM,$72.89,1440011708575,"296,896",63% bullish,of 8 ratings,$77
AIXG,$6.153,1440011708720,"11,313",67% bearish,of 3 ratings,$6
AKBA,$6.8451,1440011708777,"141,676",100% bearish,of 1 rating,$18
AKER,$2.925,1440011708826,"59,091",Not yet rated,NULL,N/A
AKRX,$43.56,1440011708853,"194,749",78% bullish,of 9 ratings,$56
ALSK,$2.15,1440011708910,"75,533",78% bullish,of 18 ratings,$2
ALRM,$17.48,1440011708995,"36,960",100% bearish,of 1 rating,$22
ABDC,$12.9799,1440011709097,"15,554",Not yet rated,NULL,$15
AMRI,$20.32,1440011709125,"181,137",75% bearish,of 4 ratings,$24
ALDX,$7.93,1440011709258,"7,396",100% bearish,of 1 rating,$14.50
ALDR,$37.7,1440011709288,"141,009",67% bearish,of 3 ratings,$62
ALXN,$184.06,1440011709314,"445,840",88% bullish,of 8 ratings,$223
ADHD,$8.84,1440011709387,"148,655",50% bullish,of 4 ratings,$18
ALCO,$42.38,1440011709446,"9,065",50% bullish,of 2 ratings,N/A
ALXA,$1.09,1440011709641,"29,899",83% bullish,of 6 ratings,$2.125
ALGN,$59.795,1440011709676,"287,505",100% bearish,of 2 ratings,$73
ALIM,$3.622,1440011709697,"36,747",80% bullish,of 5 ratings,$10
ALKS,$66.03,1440011709773,"251,167",67% bullish,of 3 ratings,$75
ALLB,$23.74,1440011709878,"1,782",Not yet rated,NULL,N/A
AIQ,$14.85,1440011710040,"3,354",67% bullish,of 3 ratings,N/A
ALGT,$226.63,1440011710066,"116,666",100% bearish,of 1 rating,$235
AHGP,$35.96,1440011710142,"25,901",67% bullish,of 3 ratings,N/A
AHPI,$1.45,1440011710237,200,50% bullish,of 2 ratings,N/A
AMOT,$17.11,1440011710268,"49,309",100% bearish,of 1 rating,N/A
AFOP,$18.68,1440011710322,"39,301",75% bullish,of 8 ratings,$21
ARLP,$24.657,1440011710343,"59,609",67% bearish,of 3 ratings,$32
ALLT,$5.07,1440011710521,"72,663",75% bullish,of 4 ratings,$6.25
MDRX,$14.06,1440011710558,"734,140",60% bullish,of 5 ratings,$16
AFAM,$48.66,1440011710584,"31,809",50% bullish,of 2 ratings,$44
ALQA,$4.6,1440011710650,"17,286",75% bullish,of 4 ratings,$8.50
ALNY,$109.504,1440011710730,"183,647",67% bullish,of 3 ratings,$148.50
AOSL,$7.211,1440011710759,"50,555",67% bullish,of 3 ratings,$9
SMCP,$23.83,1440011710785,250,Not yet rated,NULL,N/A
ATEC,$0.6,1440011711121,"16,600",100% bullish,of 1 rating,$2
AMZN,$531.7625,1440011711225,"686,522",81% bullish,of 263 ratings,$646
ALTR,$49.23,1440011711253,"899,506",80% bearish,of 5 ratings,$54
AMAG,$64.23,1440011711285,"185,991",100% bullish,of 2 ratings,$77.50
AYA,$22.532,1440011711307,"24,386",100% bearish,of 1 rating,$40
AMRN,$2.15,1440011711329,"2,399,961",85% bullish,of 39 ratings,$8
ASPS,$30.37,1440011711369,"43,382",67% bullish,of 3 ratings,$46.50
AIMC,$26.11,1440011711390,"20,654",100% bearish,of 1 rating,$28.50
AMBA,$104.6,1440011711726,"959,815",83% bullish,of 12 ratings,$102.50
AMBCW,$7.58,1440011711751,612,100% bearish,of 1 rating,N/A
AMRK,$10.46,1440011711778,"1,600",50% bullish,of 2 ratings,$14
AMBC,$16.1517,1440011711800,"126,308",100% bearish,of 1 rating,$16.50
EPAX,$2.6611,1440011712052,"339,601",100% bearish,of 1 rating,N/A
AMDA,$0.4805,1440011712095,"751,474",90% bullish,of 10 ratings,$1
AMCX,$73.325,1440011712122,"321,802",67% bullish,of 3 ratings,$85.50
UHAL,$379.9,1440011712143,"12,003",100% bullish,of 2 ratings,$393.50
DOX,$60.325,1440011712184,"153,183",100% bullish,of 2 ratings,$60
AMED,$44.1699,1440011712276,"116,347",100% bearish,of 1 rating,$42
ATAX,$5.26,1440011712304,"55,697",100% bullish,of 1 rating,$6.50
ASBI,$22.65,1440011712340,900,Not yet rated,NULL,N/A
AAL,$43.66,1440011712435,"4,039,769",93% bullish,of 87 ratings,$57
AMOV,$18.5901,1440011712506,744,100% bearish,of 1 rating,N/A
AGNC,$19.8456,1440011712578,"1,146,431",71% bullish,of 28 ratings,$22
AGNCB,$24.113,1440011712651,"4,919",Not yet rated,NULL,N/A
ACAS,$14.2299,1440011713000,"625,676",60% bullish,of 5 ratings,$16.75
AETI,$4.1,1440011713039,"2,468",67% bearish,of 3 ratings,N/A
MTGEP,$24.51,1440011713090,300,Not yet rated,NULL,N/A
ACSF,$12.755,1440011713135,"7,652",100% bearish,of 1 rating,$15
ANCI,$1.7,1440011713165,100,100% bearish,of 1 rating,N/A
AGNCP,$25.39,1440011713187,"2,700",Not yet rated,NULL,N/A
AMIC,$10.01,1440011713220,200,Not yet rated,NULL,N/A
MTGE,$15.94,1440011713246,"107,475",75% bullish,of 4 ratings,$19.50
AMNB,$23.15,1440011713399,"1,643",Not yet rated,NULL,$25.50
ANAT,$104.2,1440011713476,"8,867",100% bullish,of 1 rating,N/A
ARII,$40.04,1440011713581,"106,603",67% bearish,of 3 ratings,$45
APEI,$21.885,1440011713618,"37,799",100% bearish,of 1 rating,$25.50
AMRB,$10.04,1440011713692,500,Not yet rated,NULL,$11
AMSWA,$9.43,1440011713889,"23,879",100% bearish,of 2 ratings,$10.75
AMSC,$3.89,1440011713922,"25,643",50% bullish,of 4 ratings,N/A
ASEI,$39.65,1440011713974,"35,173",100% bearish,of 1 rating,$52.50
AMWD,$67.12,1440011713995,"80,255",50% bullish,of 2 ratings,$58
CRMT,$43.79,1440011714030,"7,883",100% bearish,of 1 rating,$49
ABCB,$28.26,1440011714076,"26,240",Not yet rated,NULL,$31
AMSF,$50.98,1440011714250,"23,423",Not yet rated,NULL,$57.50
ASRVP,NULL,1440011714279,0,Not yet rated,NULL,N/A
ASRV,$3.282,1440011714360,"7,552",100% bullish,of 2 ratings,N/A
AMGN,$165.77,1440011714438,"1,299,071",89% bullish,of 19 ratings,$185
ATLO,$24.33,1440011714467,"1,848",Not yet rated,NULL,N/A
FOLD,$16.12,1440011714601,"280,588",56% bullish,of 9 ratings,$21
AMPH,$14.155,1440011714737,"83,650",50% bullish,of 2 ratings,$20
AMSG,$84.17,1440011714765,"212,865",100% bearish,of 1 rating,$85.50
ASYS,$5.65,1440011714801,"27,875",67% bullish,of 3 ratings,$12
AMSGP,$159.01,1440011714893,300,Not yet rated,NULL,N/A
AMKR,$4.42,1440011714920,"618,085",100% bearish,of 2 ratings,$5
AFSI,$64.47,1440011714953,"244,520",60% bullish,of 5 ratings,$72
AMRS,$1.63,1440011714992,"45,828",70% bullish,of 10 ratings,N/A
ANAC,$131.04,1440011715057,"247,468",80% bullish,of 5 ratings,$180.50
ANAD,$0.3601,1440011715189,"212,662",100% bullish,of 2 ratings,$.50
ADI,$58.79,1440011715254,"4,363,284",67% bullish,of 3 ratings,$68
ANCB,$22.3,1440011715325,401,Not yet rated,NULL,$23
ALOG,$82.75,1440011715461,"24,122",100% bearish,of 2 ratings,$100.50
ABCW,$40.1616,1440011715561,"3,881",67% bullish,of 3 ratings,N/A
ANGI,$4.51,1440011715663,"500,938",64% bullish,of 11 ratings,$5.50
AMCF,$0.299,1440011715692,710,100% bullish,of 7 ratings,N/A
ANGO,$14.96,1440011715724,"15,947",67% bullish,of 3 ratings,$19
ANIK,$35.92,1440011715829,"49,998",60% bullish,of 5 ratings,$51.25
ANIP,$55.12,1440011715854,"66,168",89% bullish,of 19 ratings,$66
ANSS,$95.99,1440011715880,"124,556",100% bearish,of 1 rating,$100
ATRS,$1.86,1440011716251,"203,184",92% bullish,of 12 ratings,$4.50
ANTH,$8.86,1440011716283,"381,081",80% bullish,of 10 ratings,$13
ABAC,$0.8442,1440011716385,"33,963",100% bearish,of 1 rating,N/A
APOG,$53.94,1440011716681,"76,016",100% bullish,of 1 rating,$62
APIC,$7.37,1440011716734,"91,360",100% bearish,of 1 rating,$19
ATNY,$2.35,1440011716814,"2,554",50% bullish,of 2 ratings,$3.75
APOL,$11.29,1440011716958,"455,969",87% bearish,of 68 ratings,$14
AINV,$6.625,1440011717101,"847,348",50% bullish,of 4 ratings,$8
APPF,$17.69,1440011717279,"63,854",50% bullish,of 2 ratings,$22
AAPL,$115.095,1440011717314,"20,519,734",86% bullish,of 2334 ratings,$150
ARCI,$1.25,1440011717346,460,Not yet rated,NULL,N/A
APDNW,NULL,1440011717374,0,Not yet rated,NULL,N/A
AMCC,$5.5983,1440011717408,"229,854",80% bullish,of 5 ratings,$8
AMAT,$16.485,1440011717434,"5,737,608",82% bullish,of 11 ratings,$23
APDN,$3.26,1440011717462,"41,044",Not yet rated,NULL,$9
AAOI,$21.77,1440011717779,"163,303",50% bullish,of 4 ratings,$26
AREX,$2.49,1440011717886,"318,183",100% bearish,of 1 rating,$3
APRI,$1.19,1440011717943,"125,619",83% bullish,of 6 ratings,$4.86
AGTC,$15.7,1440011717993,"41,787",50% bullish,of 2 ratings,$33
APTO,$4.99,1440011718019,476,Not yet rated,NULL,$17
AQXP,$17.326,1440011718205,"373,029",50% bullish,of 2 ratings,$2
AUMA,$9.75,1440011718275,"5,300",Not yet rated,NULL,N/A
AQMS,$5.2,1440011718439,"11,267",Not yet rated,NULL,N/A
ARDM,$7.44,1440011718476,"1,230",100% bullish,of 1 rating,$26
AUMAW,NULL,1440011718503,0,Not yet rated,NULL,N/A
AUMAU,NULL,1440011718529,0,Not yet rated,NULL,N/A
PETX,$17.33,1440011718568,"118,332",100% bearish,of 2 ratings,$26
ABUS,$7.74,1440011718596,"357,384",86% bullish,of 14 ratings,$23
ARCW,$3.63,1440011718733,"1,686",100% bearish,of 2 ratings,$10.50
RKDA,$5.78,1440011718795,"10,352",100% bearish,of 2 ratings,$10
ABIO,$0.8999,1440011718925,"79,711",50% bullish,of 2 ratings,$3.75
ARCB,$31.5,1440011719082,"80,891",50% bullish,of 2 ratings,$39.50
ACGL,$73.45,1440011719108,"97,958",50% bullish,of 2 ratings,$72
ARDX,$18.41,1440011719166,"58,594",50% bullish,of 2 ratings,$24.50
ACAT,$28.81,1440011719234,"112,048",100% bearish,of 3 ratings,$33
ARCC,$15.9651,1440011719298,"508,177",67% bearish,of 3 ratings,$17.875
ARNA,$3.04,1440011719324,"2,224,205",90% bullish,of 77 ratings,$5.50
AGII,$59.07,1440011719358,"66,715",Not yet rated,NULL,$59.50
AGIIL,$25.3201,1440011719455,"3,792",Not yet rated,NULL,N/A
ARGS,$4.7952,1440011719516,"12,441",50% bullish,of 2 ratings,$19.50
ARIS,$3.3,1440011719596,"4,700",Not yet rated,NULL,$4.50
ARIA,$7.22,1440011719652,"1,278,125",87% bullish,of 46 ratings,$9
ARMH,$42.29,1440011719684,"493,987",54% bearish,of 13 ratings,$61
ARKR,$25.17,1440011719905,210,50% bullish,of 2 ratings,N/A
ARTX,$1.56,1440011719932,"163,743",88% bullish,of 16 ratings,$4.50
ARWA,NULL,1440011720006,0,Not yet rated,NULL,N/A
ARWAR,NULL,1440011720147,0,Not yet rated,NULL,N/A
ARQL,$1.69,1440011720173,"55,012",75% bullish,of 4 ratings,$5
ARWAU,$10.13,1440011720209,"2,000",100% bullish,of 1 rating,N/A
ARRY,$5.65,1440011720342,"358,255",100% bullish,of 7 ratings,$10
ARWAW,NULL,1440011720377,0,Not yet rated,NULL,N/A
ARRS,$27.79,1440011720406,"908,922",50% bullish,of 2 ratings,$38
AROW,$27.42,1440011720432,"6,953",Not yet rated,NULL,N/A
DWAT,$10.4599,1440011720470,340,100% bearish,of 1 rating,N/A
ARWR,$5.56,1440011720607,"542,550",75% bullish,of 4 ratings,$10.50
ARTNA,$22.4,1440011720652,"1,155",100% bearish,of 1 rating,$29
ARTW,NULL,1440011720875,0,75% bearish,of 4 ratings,N/A
ASBB,$23.45,1440011720902,"1,200",Not yet rated,NULL,N/A
ASNA,$12.075,1440011720930,"1,507,607",50% bullish,of 2 ratings,$18
ASND,$17.985,1440011720952,"22,965",100% bullish,of 1 rating,$30
ASMI,$37.94,1440011721079,300,50% bullish,of 2 ratings,N/A
ASCMA,$28.19,1440011721106,"52,264",100% bearish,of 1 rating,$45
APWC,$1.99,1440011721128,500,100% bearish,of 1 rating,N/A
ASTI,$0.1439,1440011721182,"976,879",83% bullish,of 6 ratings,$3
ASML,$91.18,1440011721376,"607,530",67% bullish,of 3 ratings,$127
ASMB,$13.495,1440011721406,"48,836",67% bullish,of 3 ratings,N/A
AZPN,$39.17,1440011721433,"566,747",50% bullish,of 2 ratings,$42
ASFI,$9.01,1440011721459,"2,939",100% bullish,of 1 rating,N/A
ASTE,$37.53,1440011721516,"34,972",100% bearish,of 1 rating,$48
ATRO,$55.54,1440011721656,"74,684",100% bearish,of 2 ratings,$80
ALOT,$14.01,1440011721682,"1,902",100% bearish,of 1 rating,N/A
ASUR,$5.9095,1440011722038,"10,250",Not yet rated,NULL,$8
ASTC,$2.35,1440011722072,"18,258",100% bullish,of 5 ratings,N/A
ATRA,$47.76,1440011722173,"42,793",50% bullish,of 2 ratings,$68
ATAI,$2.92,1440011722204,"18,586",100% bearish,of 1 rating,N/A
AFCB,NULL,1440011722301,0,Not yet rated,NULL,N/A
ATHN,$139.41,1440011722331,"89,999",67% bearish,of 3 ratings,$153
AAPC,$10.15,1440011722530,"251,700",Not yet rated,NULL,N/A
ATHX,$1.22,1440011722584,"65,422",89% bullish,of 9 ratings,$5
AAME,$3.5999,1440011722637,"3,926",Not yet rated,NULL,N/A
ATLC,$3.9301,1440011722798,"3,316",67% bullish,of 3 ratings,N/A
AFH,$17.11,1440011722827,"22,652",Not yet rated,NULL,$21.50
AAWW,$44.29,1440011722856,"174,738",50% bullish,of 2 ratings,$65
ATNI,$74.5,1440011722877,"19,558",100% bearish,of 1 rating,$69.50
ACFC,$6.42,1440011722914,"25,299",Not yet rated,NULL,$6.50
ATML,$7.66,1440011723015,"2,723,428",78% bullish,of 9 ratings,$9.50
ATOS,$0.9202,1440011723144,"92,238",100% bullish,of 7 ratings,$7
ATRM,NULL,1440011723340,0,50% bullish,of 2 ratings,N/A
ATRI,$395.88,1440011723370,257,Not yet rated,NULL,N/A
ATTU,$15.14,1440011723415,"21,382",100% bearish,of 1 rating,$20.50
LIFE,$14.76,1440011723440,"58,470",86% bullish,of 7 ratings,$43
ATRC,$27.345,1440011723466,"36,772",100% bullish,of 1 rating,$30
AUDC,$3.28,1440011723702,"72,805",80% bullish,of 5 ratings,$5
AUBN,$27.19,1440011723786,100,Not yet rated,NULL,N/A
ADAT,$0.1195,1440011723835,"2,781",100% bullish,of 2 ratings,N/A
EARS,$5,1440011723918,"13,904",100% bearish,of 2 ratings,$12
AUPH,$3.38,1440011723947,"14,918",100% bearish,of 1 rating,$8
ADSK,$54.22,1440011723969,"468,329",83% bullish,of 6 ratings,$69.50
ABTL,$18.95,1440011724011,"24,773",100% bullish,of 4 ratings,$20.25
ADP,$84.485,1440011724101,"696,238",100% bearish,of 1 rating,$88
AVGO,$121.41,1440011724127,"1,067,254",88% bullish,of 8 ratings,$160
AVNU,$12.9042,1440011724372,"2,450",Not yet rated,NULL,$14
AAVL,$10.84,1440011724432,"328,437",100% bearish,of 1 rating,$20
AVEO,$1.56,1440011724476,"1,701,095",75% bullish,of 8 ratings,$3
AVNW,$1.15,1440011724579,"10,126",50% bullish,of 2 ratings,$2.20
AVID,$8.34,1440011724604,"139,101",100% bearish,of 1 rating,$20
CAR,$45.85,1440011724650,"778,878",80% bullish,of 5 ratings,$60
AVGR,$15.47,1440011724684,"3,801",100% bearish,of 1 rating,$20
ACLS,$3.31,1440011724783,"484,706",67% bullish,of 6 ratings,$4.75
AWRE,$3.24,1440011724809,"2,202",67% bullish,of 3 ratings,N/A
AXPW,$1.2,1440011724859,"85,335",83% bullish,of 6 ratings,N/A
AXPWW,NULL,1440011725058,0,Not yet rated,NULL,N/A
AXGN,$3.93,1440011725086,"23,814",Not yet rated,NULL,$5
BCOM,$19.97,1440011725110,108,100% bearish,of 1 rating,N/A
AXTI,$2.19,1440011725249,"21,061",50% bullish,of 2 ratings,$2.75
RILY,NULL,1440011725299,0,Not yet rated,NULL,N/A
BOSC,$2.26,1440011725325,"1,710",50% bullish,of 2 ratings,N/A
BEAV,$51.07,1440011725382,"295,774",67% bearish,of 3 ratings,$59
BIDU,$162.2,1440011725452,"2,608,385",81% bullish,of 88 ratings,$215
BCPC,$60.353,1440011725561,"28,545",100% bearish,of 1 rating,$75
BWINA,$23.22,1440011725610,500,Not yet rated,NULL,N/A
BLDP,$1.335,1440011725769,"123,757",91% bullish,of 22 ratings,$2.50
BWINB,$23.27,1440011725826,"2,545",Not yet rated,NULL,N/A
BANF,$63.04,1440011725853,"3,641",Not yet rated,NULL,$68
BANFP,$27.2,1440011725930,100,Not yet rated,NULL,N/A
BKMU,$7.27,1440011726069,"91,741",Not yet rated,NULL,$8
BOCH,$5.8101,1440011726171,"14,000",Not yet rated,NULL,$6.50
BMRC,$48.68,1440011726211,"1,062",Not yet rated,NULL,$52
BKSC,$16.135,1440011726243,300,Not yet rated,NULL,N/A
BOTJ,$11.2,1440011726343,147,Not yet rated,NULL,N/A
OZRK,$42.82,1440011726370,"139,986",67% bullish,of 3 ratings,$49.50
BWFG,NULL,1440011726522,0,100% bearish,of 1 rating,N/A
BFIN,$12.18,1440011726581,"4,291",Not yet rated,NULL,$13
BANR,$46.73,1440011726611,"15,475",100% bullish,of 3 ratings,$50
TAPR,$31.05,1440011726715,"1,805",100% bearish,of 1 rating,N/A
BHAC,NULL,1440011726786,0,Not yet rated,NULL,N/A
BHACU,NULL,1440011726846,0,Not yet rated,NULL,N/A
BZUN,$7.099,1440011726872,"796,856",50% bullish,of 2 ratings,$13.85
BHACR,NULL,1440011726904,0,Not yet rated,NULL,N/A
BHACW,NULL,1440011727005,0,Not yet rated,NULL,N/A
BBSI,$35.15,1440011727074,"61,910",67% bearish,of 3 ratings,$62.50
BSET,$31.41,1440011727266,"33,917",100% bearish,of 1 rating,$35
BYBK,$5.05,1440011727295,10,100% bearish,of 1 rating,N/A
BBCN,$15.53,1440011727470,"79,385",100% bearish,of 1 rating,$16
BYLK,$12.95,1440011727502,"5,446",Not yet rated,NULL,$14
BDCV,$4.99,1440011727612,650,100% bearish,of 1 rating,$10.19
BV,$5.25,1440011727673,"139,818",67% bullish,of 6 ratings,$9
BCBP,$11.65,1440011727699,"4,574",Not yet rated,NULL,N/A
BECN,$35.91,1440011727856,"107,437",50% bullish,of 2 ratings,$40
BSF,$9.1053,1440011727889,"2,767",Not yet rated,NULL,N/A
BBGI,$4.85,1440011727986,"1,016",100% bearish,of 1 rating,N/A
BEBE,$1.8301,1440011728014,"49,159",75% bullish,of 4 ratings,$3.075
BELFA,$17.0699,1440011728044,"1,015",100% bearish,of 1 rating,N/A
BBBY,$63.55,1440011728083,"390,524",71% bullish,of 7 ratings,$75
BELFB,$19.765,1440011728143,"22,011",100% bearish,of 1 rating,N/A
BLCM,$18.42,1440011728298,"110,244",50% bullish,of 4 ratings,$40
BLPH,$5.6,1440011728323,"65,928",100% bearish,of 1 rating,$12.50
BNFT,$38.33,1440011728515,"54,124",67% bullish,of 3 ratings,$46
BNCL,$12.96,1440011728709,"106,033",100% bullish,of 3 ratings,$12.50
BNTC,$8.16,1440011728993,"65,546",100% bullish,of 1 rating,N/A
BGMD,$0.8307,1440011729066,"145,256",100% bullish,of 10 ratings,N/A
BGCP,$9.43,1440011729558,"408,676",88% bullish,of 8 ratings,$14
BGFV,$11.35,1440011729739,"81,634",57% bullish,of 7 ratings,$12
BIND,$4.71,1440011729895,"39,965",67% bullish,of 3 ratings,$13.50
ORPN,$5.56,1440011730400,"23,103",100% bullish,of 1 rating,$28.50
BASI,$1.5001,1440011730736,753,Not yet rated,NULL,N/A
BIOC,$2.118,1440011730764,"1,163,242",83% bullish,of 6 ratings,$3.70
BCDA,NULL,1440011730789,0,Not yet rated,NULL,N/A
BCRX,$11.79,1440011730975,"194,953",63% bullish,of 8 ratings,$18
BIOD,$0.6917,1440011731004,"73,170",80% bullish,of 5 ratings,$4
BIIB,$315.05,1440011731108,"571,981",88% bullish,of 16 ratings,$400
BDSI,$6.54,1440011731137,"413,896",88% bullish,of 8 ratings,$17
BIOL,$1.55,1440011731164,"19,042",Not yet rated,NULL,N/A
BMRN,$134.84,1440011731312,"189,104",80% bullish,of 5 ratings,$160
BLRX,$1.515,1440011731351,"66,186",100% bullish,of 12 ratings,$5
BVXV,$4.05,1440011731379,"1,300",Not yet rated,NULL,N/A
BPTH,$1.17,1440011731446,"55,067",100% bullish,of 2 ratings,$5
BLFS,$2.15,1440011731542,"41,609",100% bearish,of 1 rating,$4.75
BVXVW,NULL,1440011731612,0,100% bearish,of 1 rating,N/A
BRLI,$34.62,1440011731643,"146,409",83% bullish,of 6 ratings,N/A
BIOS,$1.7345,1440011731778,"771,208",71% bullish,of 7 ratings,$4
BSTC,$51.8495,1440011731910,"124,822",100% bearish,of 1 rating,$76
BBC,$32.0501,1440011731961,"12,000",Not yet rated,NULL,N/A
BBP,$34.08,1440011731990,"28,306",Not yet rated,NULL,N/A
BSPM,$0.726,1440011732094,"14,516",50% bullish,of 2 ratings,N/A
TECH,$105.247,1440011732164,"69,811",100% bullish,of 1 rating,$117
BEAT,$13.01,1440011732193,"246,565",67% bearish,of 3 ratings,$15
BOTA,$2.31,1440011732238,"22,108",88% bullish,of 8 ratings,N/A
BITI,$19.1936,1440011732263,"14,608",100% bullish,of 1 rating,$28
BDMS,$12.76,1440011732463,250,100% bearish,of 1 rating,N/A
BJRI,$46.9,1440011732492,"71,196",50% bullish,of 2 ratings,$55
BBOX,$15.5,1440011732522,"26,246",100% bearish,of 1 rating,N/A
BDE,$7.6,1440011732629,"57,210",50% bullish,of 2 ratings,$9
BLKB,$61.375,1440011732681,"86,071",100% bearish,of 2 ratings,$66
BBRY,$7.55,1440011732707,"3,490,895",61% bullish,of 330 ratings,$9
HAWK,$44.43,1440011732895,"99,840",90% bullish,of 10 ratings,$49
BKCC,$9.29,1440011732924,"154,700",100% bullish,of 2 ratings,$10
ADRD,$23.262,1440011733024,"1,115",100% bearish,of 1 rating,N/A
ADRA,$28.5,1440011733066,100,Not yet rated,NULL,N/A
ADRE,$30.73,1440011733095,"34,026",Not yet rated,NULL,N/A
BLMN,$21.6,1440011733158,"494,432",83% bullish,of 6 ratings,$27.50
ADRU,$22.7224,1440011733287,"1,273",100% bearish,of 1 rating,N/A
BCOR,$13.61,1440011733353,"67,563",57% bullish,of 7 ratings,$15
BLBD,$12.89,1440011733379,"5,935",Not yet rated,NULL,N/A
BUFF,$27.455,1440011733417,"323,740",83% bullish,of 12 ratings,$31.50
BBLU,$0.8511,1440011733519,"36,252",100% bullish,of 2 ratings,$4.43
BHBK,$14.38,1440011733725,"15,027",100% bullish,of 1 rating,$14.50
NILE,$34.78,1440011733759,"47,911",50% bullish,of 2 ratings,$34
BPMC,$27.04,1440011733792,"26,595",50% bullish,of 2 ratings,$47.50
BKEPP,$7.88,1440011733828,"5,300",100% bearish,of 1 rating,N/A
BLUE,$126.13,1440011733858,"286,215",86% bullish,of 7 ratings,$217.50
BKEP,$6.9601,1440011733962,"18,551",100% bearish,of 1 rating,$8.50
BNCN,$21.88,1440011733987,"15,311",Not yet rated,NULL,$23
WIFI,$8.65,1440011734226,"207,674",50% bullish,of 2 ratings,$13.50
BOFI,$131.435,1440011734255,"84,770",100% bullish,of 6 ratings,$144
BOKF,$64.85,1440011734357,"63,052",100% bearish,of 1 rating,$71
BNSO,$1.3526,1440011734383,"46,537",100% bearish,of 1 rating,N/A
BOJA,$21.801,1440011734435,"159,245",100% bullish,of 1 rating,$30
BONA,$12.11,1440011734460,"93,257",75% bullish,of 4 ratings,$8.50
BOBE,$45.8,1440011734515,"32,654",75% bullish,of 4 ratings,$57
BAMM,$3.1908,1440011734623,"11,834",60% bullish,of 5 ratings,N/A
BPFH,$12.375,1440011734727,"133,392",100% bearish,of 1 rating,$14
BPFHP,$25.62,1440011734815,"2,750",100% bearish,of 1 rating,N/A
BPFHW,$5.6,1440011734898,"1,310",100% bearish,of 1 rating,N/A
EPAY,$26.48,1440011734958,"55,107",100% bearish,of 2 ratings,$30
BDBD,$8.66,1440011735102,"306,807",60% bullish,of 5 ratings,$10
BCLI,$3.14,1440011735133,"77,145",80% bullish,of 5 ratings,$12
BBRG,$13.08,1440011735161,"21,987",67% bullish,of 3 ratings,$14.50
BBEP,$2.377,1440011735254,"1,955,883",69% bullish,of 13 ratings,$5.625
BDGE,$27.865,1440011735289,"9,573",Not yet rated,NULL,$31.75
BBEPP,$13.6522,1440011735316,"24,455",100% bearish,of 1 rating,N/A
BLIN,$1.3301,1440011735449,"8,000",50% bullish,of 2 ratings,$2.20
BRID,$8.8,1440011735656,200,100% bearish,of 1 rating,N/A
BCOV,$5.39,1440011735690,"21,699",67% bullish,of 3 ratings,$10.20
BSFT,$33.11,1440011735723,"30,293",57% bullish,of 7 ratings,$40.50
BRCM,$51.11,1440011735754,"1,274,329",75% bullish,of 12 ratings,$56
BVSN,$6,1440011735787,"14,602",60% bearish,of 5 ratings,N/A
BYFC,$1.45,1440011735857,"8,576",50% bullish,of 2 ratings,N/A
BWEN,$3.47,1440011735922,"43,178",100% bullish,of 3 ratings,$8
BRCD,$10.005,1440011736026,"1,929,168",92% bullish,of 13 ratings,$12.50
BRKL,$10.96,1440011736099,"266,125",100% bearish,of 1 rating,$10.75
BRKS,$10.61,1440011736158,"86,311",67% bullish,of 3 ratings,$15.25
BRKR,$20.06,1440011736231,"232,567",100% bearish,of 2 ratings,$22
BMTC,$29.92,1440011736259,"10,538",Not yet rated,NULL,$34
BLMT,$21.07,1440011736391,"3,902",Not yet rated,NULL,N/A
BSQR,$6.95,1440011736519,"33,846",67% bullish,of 3 ratings,N/A
BWLD,$198.19,1440011736565,"228,826",82% bullish,of 11 ratings,$205
BUR,$1.98,1440011736616,"1,200",100% bearish,of 1 rating,$8
CFFI,$36.315,1440011736662,"4,876",100% bearish,of 1 rating,N/A
BLDR,$15.46,1440011736687,"917,137",50% bullish,of 2 ratings,$22
CHRW,$70.825,1440011736713,"819,811",Not yet rated,NULL,$72
CA,$29.285,1440011737093,"1,347,695",50% bullish,of 4 ratings,$33
CCMP,$44.77,1440011737392,"20,176",50% bullish,of 2 ratings,$59
CDZI,$7.43,1440011737551,"53,300",100% bearish,of 1 rating,N/A
CDNS,$21.64,1440011737597,"762,782",75% bullish,of 4 ratings,$22.50
CACQ,$7.32,1440011737729,"17,781",100% bearish,of 1 rating,$12.25
CZR,$6.97,1440011737975,"434,355",60% bearish,of 5 ratings,$10.50
CSTE,$43.39,1440011738069,"2,121,019",100% bearish,of 1 rating,$65
PRSS,$4.62,1440011738100,"5,800",80% bullish,of 5 ratings,$4.50
CLBS,$1.39,1440011738127,"113,480",79% bullish,of 14 ratings,$4
CLMS,$11.87,1440011738175,"45,557",Not yet rated,NULL,$10.50
CHY,$11.8619,1440011738259,"165,852",Not yet rated,NULL,N/A
CHI,$11.1,1440011738284,"156,074",100% bearish,of 1 rating,N/A
CCD,$21.22,1440011738335,"82,559",Not yet rated,NULL,N/A
CGO,$12.66,1440011738557,"18,706",100% bearish,of 1 rating,N/A
CFGE,NULL,1440011738587,0,Not yet rated,NULL,N/A
CAMP,$16.3,1440011738616,"153,088",86% bullish,of 7 ratings,$25
CHW,$7.97,1440011738637,"119,713",100% bearish,of 1 rating,N/A
CSQ,$10.4401,1440011738674,"205,383",Not yet rated,NULL,N/A
CVGW,$54.76,1440011738696,"63,074",50% bullish,of 2 ratings,$58.50
CFNB,$13.4,1440011738773,202,100% bearish,of 1 rating,N/A
CALA,$5.24,1440011738906,"186,078",100% bullish,of 3 ratings,$19.50
CALM,$50.16,1440011739052,"324,186",80% bullish,of 5 ratings,$65
CALD,$15.94,1440011739079,"44,386",100% bearish,of 1 rating,$20.50
CLMT,$26.3315,1440011739140,"161,904",75% bullish,of 8 ratings,$31
ABCD,$4.73,1440011739166,"39,455",83% bullish,of 6 ratings,N/A
CAMBW,NULL,1440011739398,0,Not yet rated,NULL,N/A
CAMB,NULL,1440011739428,0,Not yet rated,NULL,N/A
CAMBU,NULL,1440011739460,0,100% bearish,of 1 rating,N/A
CAC,$40.245,1440011739534,"5,100",Not yet rated,NULL,N/A
CSIQ,$19.8181,1440011739561,"8,545,889",86% bullish,of 28 ratings,$45
CGIX,$10.06,1440011739598,"32,421",67% bullish,of 3 ratings,$14.375
CPHC,NULL,1440011739626,0,100% bearish,of 1 rating,N/A
CAMT,$2.92,1440011739699,"8,410",73% bullish,of 11 ratings,$4
CBNJ,$10.96,1440011739830,"10,734",100% bullish,of 1 rating,N/A
CPLA,$48.6,1440011739993,"55,701",50% bullish,of 2 ratings,$65
CCBG,$15.012,1440011740046,"2,005",Not yet rated,NULL,$17.25
CBF,$30.66,1440011740097,"19,690",Not yet rated,NULL,$32
CPLP,$7.06,1440011740228,"199,207",71% bullish,of 7 ratings,$11
CFFN,$12.15,1440011740262,"127,824",Not yet rated,NULL,$12.75
CSWC,$48.32,1440011740317,"6,525",Not yet rated,NULL,N/A
CAPN,$2.42,1440011740359,"153,867",100% bullish,of 1 rating,$10.85
CPTA,$14.7935,1440011740387,"23,633",Not yet rated,NULL,$18.50
CAPR,$4.23,1440011740452,"13,504",Not yet rated,NULL,$12
CAPNW,NULL,1440011740590,0,Not yet rated,NULL,N/A
CPST,$0.3828,1440011740617,"399,527",95% bullish,of 22 ratings,$1
CARA,$21.52,1440011740662,"71,653",50% bullish,of 4 ratings,$27.50
CBYL,$6.75,1440011740802,"31,117",100% bearish,of 1 rating,$20
CRDC,$0.395,1440011740898,"30,601",100% bullish,of 1 rating,$1.25
CARB,$11.62,1440011740924,"40,377",75% bullish,of 4 ratings,$12
CRME,$9.61,1440011741068,"14,963",89% bullish,of 9 ratings,$11.25
CFNL,$23.265,1440011741102,"42,342",Not yet rated,NULL,$24
CATM,$35.05,1440011741123,"153,352",100% bearish,of 1 rating,$44
CDNA,$6.36,1440011741158,900,100% bearish,of 1 rating,$9
CECO,$3.6,1440011741198,"289,492",67% bearish,of 3 ratings,$6
CSII,$23.99,1440011741226,"81,507",100% bearish,of 2 ratings,$42.125
CKEC,$23.38,1440011741355,"50,951",50% bullish,of 2 ratings,$35.915
CTRE,$11.965,1440011741408,"124,007",50% bullish,of 2 ratings,N/A
CARO,$15.755,1440011741512,"2,200",100% bearish,of 1 rating,$19
CLBH,$12.9,1440011741573,"9,777",Not yet rated,NULL,$16.50
CRZO,$33.82,1440011741640,"369,062",67% bearish,of 3 ratings,$57
CART,$5.4501,1440011741665,900,100% bearish,of 1 rating,N/A
TAST,$12.88,1440011741710,"67,913",Not yet rated,NULL,$14.25
CARV,$6.15,1440011741810,"1,241",50% bullish,of 2 ratings,N/A
CRTN,NULL,1440011741835,0,100% bearish,of 1 rating,N/A
CSCD,$14.2,1440011741991,"152,261",100% bullish,of 2 ratings,$17
CASM,$1.17,1440011742019,"176,587",100% bullish,of 1 rating,$3.50
CACB,$5.6098,1440011742046,"18,364",Not yet rated,NULL,$5.50
CASY,$107.93,1440011742151,"152,318",50% bullish,of 2 ratings,$99.50
CWST,$6.435,1440011742218,"38,465",50% bullish,of 2 ratings,$7
CASI,$1.49,1440011742244,"2,675",100% bullish,of 1 rating,$3.50
CASS,$50.35,1440011742296,"9,698",100% bearish,of 1 rating,N/A
CATB,$11.98,1440011742550,"31,835",100% bearish,of 1 rating,$28
CPRX,$3.81,1440011742576,"466,163",71% bullish,of 7 ratings,$7
CATYW,NULL,1440011742639,0,100% bearish,of 1 rating,N/A
CATY,$31.6,1440011742723,"120,952",100% bearish,of 1 rating,$33.50
CBFV,$20.0273,1440011742777,350,Not yet rated,NULL,N/A
CAVM,$71.58,1440011742805,"112,570",67% bearish,of 3 ratings,$72
CNLM,NULL,1440011742826,0,Not yet rated,NULL,N/A
CVCO,$74.65,1440011742847,"3,890",100% bearish,of 1 rating,N/A
CNLMU,$10.31,1440011743173,600,100% bullish,of 1 rating,N/A
CNLMR,NULL,1440011743206,0,Not yet rated,NULL,N/A
CDK,$49.365,1440011743227,"202,161",67% bearish,of 3 ratings,$50
CNLMW,NULL,1440011743248,0,Not yet rated,NULL,N/A
CBOE,$63.5,1440011743304,"174,544",Not yet rated,NULL,$60
CDW,$39.37,1440011743381,"355,500",75% bullish,of 4 ratings,$44
CECE,$10.04,1440011743406,"50,325",50% bullish,of 2 ratings,$16
CELG,$128.8148,1440011743577,"1,230,205",92% bullish,of 13 ratings,$155.50
CELGZ,$1.86,1440011743608,"16,300",80% bullish,of 5 ratings,N/A
CPXX,$2.14,1440011743633,"93,905",100% bullish,of 2 ratings,$7
CLDN,$1.05,1440011743666,"55,728",71% bullish,of 7 ratings,$3
CLRB,$3.12,1440011743766,"1,922",100% bearish,of 1 rating,N/A
CLDX,$15.04,1440011743864,"997,146",89% bullish,of 9 ratings,$36
CLRBW,$0.94,1440011743890,"2,300",Not yet rated,NULL,N/A
CLLS,$32.21,1440011744037,"20,676",75% bullish,of 4 ratings,$51.50
CBMG,$22.922,1440011744110,"43,244",50% bullish,of 2 ratings,N/A
CLTX,$2.5001,1440011744211,"7,512,575",100% bullish,of 2 ratings,N/A
CLSN,$2.1141,1440011744242,"146,685",80% bullish,of 10 ratings,$7.50
CETX,$2.5548,1440011744305,"4,600",Not yet rated,NULL,$5.60
CEMP,$38.5,1440011744348,"699,994",71% bullish,of 7 ratings,$48.50
CETV,$2.11,1440011744382,"59,040",67% bullish,of 3 ratings,$2.80
CYAD,$56.126,1440011744412,"3,288",100% bullish,of 1 rating,$87.50
CSFL,$14.245,1440011744453,"49,687",Not yet rated,NULL,$15
CFBK,NULL,1440011744596,0,Not yet rated,NULL,N/A
CENT,$12.09,1440011744641,"40,037",Not yet rated,NULL,$10
CVCY,$11.31,1440011744781,"1,212",Not yet rated,NULL,$12
CENTA,$12.72,1440011744807,"90,647",Not yet rated,NULL,N/A
CENX,$5.07,1440011744837,"1,027,347",67% bullish,of 6 ratings,$9
CNBKA,$41.2,1440011744943,118,100% bullish,of 1 rating,N/A
CPHD,$50.3,1440011745080,"105,594",50% bullish,of 2 ratings,$66.50
CRNT,$1.485,1440011745133,"182,213",50% bullish,of 2 ratings,$2
CNTY,$6.39,1440011745178,"9,553",80% bullish,of 5 ratings,$7.75
CERE,$1.3801,1440011745204,"527,332",88% bullish,of 8 ratings,N/A
CERU,$3.42,1440011745276,"5,401",75% bullish,of 4 ratings,$15
CERN,$65.22,1440011745365,"1,065,103",67% bullish,of 3 ratings,$79
CERS,$5.04,1440011745439,"321,208",75% bullish,of 4 ratings,$7
KOOL,$0.72,1440011745532,"5,085",100% bullish,of 5 ratings,$7
CYOU,$20.0301,1440011745558,"214,123",50% bullish,of 6 ratings,$24
CEVA,$19.17,1440011745608,"24,198",100% bearish,of 1 rating,$25
HOTRW,$0.33,1440011745739,700,Not yet rated,NULL,N/A
HOTR,$1.3801,1440011745814,"361,051",100% bullish,of 2 ratings,$5
CTHR,$1.3,1440011745918,"24,582",50% bullish,of 2 ratings,$2.50
GTLS,$23.91,1440011745939,"114,999",50% bullish,of 4 ratings,$40
CHTR,$188.29,1440011745973,"529,595",100% bearish,of 2 ratings,$196
CHFN,$12.52,1440011745999,"5,672",Not yet rated,NULL,$14
CHKP,$81.045,1440011746025,"197,641",50% bullish,of 4 ratings,$92
CHEK,$2.99,1440011746250,"3,309",Not yet rated,NULL,$7.75
CHEKW,NULL,1440011746326,0,Not yet rated,NULL,N/A
CEMI,$4.4,1440011746432,"24,332",50% bullish,of 2 ratings,$7.50
CHFC,$32.84,1440011746477,"16,258",100% bearish,of 1 rating,$36
CCXI,$6.9,1440011746503,"22,143",67% bullish,of 3 ratings,$14
CHMG,$26.543,1440011746529,200,Not yet rated,NULL,$30
CHEV,$14.82,1440011746659,"1,150",Not yet rated,NULL,N/A
CHKE,$26.7036,1440011746688,"12,517",100% bearish,of 1 rating,$32.50
CBNK,$16.5,1440011746713,300,100% bearish,of 1 rating,N/A
CHMA,$26.18,1440011746854,"108,760",Not yet rated,NULL,$40
PLCE,$61.5,1440011746885,"124,652",100% bearish,of 1 rating,$71
CALI,$1.005,1440011746918,"14,924",67% bullish,of 3 ratings,N/A
CMRX,$50.916,1440011746944,"74,020",50% bullish,of 2 ratings,$57
CADC,NULL,1440011746972,0,78% bullish,of 9 ratings,N/A
CBAK,$2.24,1440011747161,"37,504",67% bullish,of 9 ratings,N/A
CAAS,$6.7199,1440011747187,"19,291",93% bullish,of 14 ratings,$11.50
CCCR,$0.8,1440011747414,"10,266",67% bearish,of 3 ratings,N/A
CCCL,$0.94,1440011747445,"10,738",100% bullish,of 6 ratings,N/A
CBPO,$110.77,1440011747467,"136,706",75% bullish,of 8 ratings,$140.50
JRJC,$4.45,1440011747501,"82,637",82% bullish,of 11 ratings,N/A
HGSH,$1.9582,1440011747523,800,67% bullish,of 3 ratings,N/A
CHOP,$1.3,1440011747553,"2,504",50% bullish,of 2 ratings,N/A
CNIT,$1.67,1440011747606,"133,159",67% bullish,of 6 ratings,N/A
CHLN,$2.1101,1440011747744,"64,681",67% bullish,of 3 ratings,N/A
CHNR,NULL,1440011747906,0,100% bearish,of 1 rating,N/A
CJJD,$2.0499,1440011747935,"12,500",100% bullish,of 1 rating,N/A
HTHT,$26.6,1440011747961,"99,777",50% bullish,of 2 ratings,$28
CSUN,$1.48,1440011747992,"19,216",80% bullish,of 5 ratings,N/A
CPGI,NULL,1440011748089,0,Not yet rated,NULL,N/A
CREG,$0.82,1440011748121,"14,900",100% bullish,of 3 ratings,N/A
CNTF,$0.94,1440011748330,"81,150",Not yet rated,NULL,N/A
CXDC,$6.2201,1440011748365,"22,594",67% bullish,of 3 ratings,N/A
CCIH,$9.67,1440011748397,"23,397",67% bullish,of 6 ratings,$12.65
CNYD,$3.4,1440011748418,249,67% bullish,of 3 ratings,N/A
IMOS,$15.44,1440011748452,"80,985",60% bullish,of 5 ratings,$21.50
CNET,$0.8789,1440011748481,"105,502",50% bullish,of 2 ratings,N/A
CHSCL,$27,1440011748508,"34,131",Not yet rated,NULL,N/A
CHSCM,$26.2599,1440011748747,"28,278",Not yet rated,NULL,N/A
CHSCN,$27.308,1440011748831,"7,811",Not yet rated,NULL,N/A
CHSCP,$30.74,1440011748964,"1,511",Not yet rated,NULL,N/A
CHSCO,$28.4634,1440011749016,"4,019",Not yet rated,NULL,N/A
CDTX,$13.93,1440011749063,"33,103",Not yet rated,NULL,$22
CHUY,$32.22,1440011749158,"33,716",50% bullish,of 2 ratings,$34
CIFC,$7.21,1440011749187,30,Not yet rated,NULL,N/A
CMPR,$70.71,1440011749215,"143,492",50% bullish,of 2 ratings,$72.50
CMCT,NULL,1440011749236,0,100% bearish,of 1 rating,N/A
CINF,$56.47,1440011749291,"160,790",50% bullish,of 4 ratings,$50.50
CTAS,$87.485,1440011749443,"157,485",100% bearish,of 1 rating,$91
CIDM,$0.6801,1440011749474,"313,477",50% bullish,of 2 ratings,$2.10
CPHR,$6.48,1440011749610,"10,822",100% bearish,of 1 rating,$16
CHDN,$136.75,1440011749632,"16,132",Not yet rated,NULL,$165
CRUS,$29.02,1440011749671,"535,932",75% bullish,of 12 ratings,$44.50
CSCO,$27.7551,1440011749710,"11,718,119",84% bullish,of 208 ratings,$32
CZWI,$9.1,1440011749939,335,Not yet rated,NULL,N/A
CZNC,$20.08,1440011749973,"5,737",Not yet rated,NULL,N/A
CTRN,$27.685,1440011750000,"195,055",100% bearish,of 1 rating,$29.50
CIZN,$20.32,1440011750073,"3,130",Not yet rated,NULL,N/A
CZFC,$12.7501,1440011750100,500,Not yet rated,NULL,N/A
CHCO,$47.94,1440011750232,"8,998",Not yet rated,NULL,$46
CIVB,$10.32,1440011750261,"5,681",Not yet rated,NULL,$11
CTXS,$77.58,1440011750283,"322,890",86% bullish,of 7 ratings,$80
CIVBP,NULL,1440011750414,0,Not yet rated,NULL,N/A
CDTI,$1.66,1440011750463,"88,715",75% bullish,of 4 ratings,$3.20
CLNT,$1.999,1440011750643,"1,700",75% bullish,of 8 ratings,N/A
CLNE,$4.27,1440011750669,"1,045,094",80% bullish,of 15 ratings,$9
CLFD,$17.96,1440011750704,"77,578",67% bullish,of 3 ratings,$18
CLIR,$5.385,1440011750804,"49,470",100% bullish,of 3 ratings,N/A
CBLI,$3.87,1440011750829,"10,333",60% bullish,of 5 ratings,N/A
CLRO,$11.86,1440011750855,"4,700",50% bullish,of 2 ratings,$14.25
CLVS,$76.937,1440011750996,"212,377",60% bullish,of 5 ratings,$101.50
CMFN,$11.405,1440011751021,"17,585",100% bearish,of 1 rating,$15.50
CME,$97.23,1440011751077,"683,632",67% bullish,of 3 ratings,$102
CSBK,$13.93,1440011751098,"17,430",Not yet rated,NULL,N/A
CCNE,$17.47,1440011751177,"4,953",50% bullish,of 2 ratings,$21.50
CWAY,NULL,1440011751312,0,Not yet rated,NULL,N/A
CISG,$8.61,1440011751340,"141,676",100% bullish,of 5 ratings,$10
CNV,$4.68,1440011751384,"11,504",50% bullish,of 2 ratings,$7.15
COKE,$161.75,1440011751543,"14,718",79% bullish,of 19 ratings,N/A
COBZ,$13.17,1440011751574,"32,079",100% bullish,of 1 rating,$14
CDRB,$12.461,1440011751675,"3,581",67% bullish,of 3 ratings,N/A
CVLY,$20.55,1440011751740,"3,838",Not yet rated,NULL,N/A
CCOI,$28.94,1440011751766,"178,487",50% bullish,of 4 ratings,$35
CDXS,$4.043,1440011751803,"19,800",64% bullish,of 11 ratings,$6
JVA,$4.75,1440011751902,"17,888",83% bullish,of 6 ratings,$7
CGNT,$1.633,1440011751963,"46,651",100% bullish,of 2 ratings,$2
CGNX,$36.995,1440011751994,"209,087",50% bullish,of 2 ratings,$47
CTSH,$67.17,1440011752092,"880,087",90% bullish,of 10 ratings,$74.50
COHR,$57.64,1440011752141,"48,038",50% bullish,of 2 ratings,$72
CHRS,$30.565,1440011752225,"65,271",67% bearish,of 3 ratings,$37
COHU,$9.8025,1440011752277,"155,629",100% bearish,of 1 rating,$14.25
CLRX,$0.4995,1440011752466,"108,791",50% bullish,of 2 ratings,N/A
CLCT,$19.4035,1440011752550,"8,716",100% bearish,of 1 rating,N/A
COLL,$15.06,1440011752598,"33,549",100% bearish,of 1 rating,$26
CLCD,$7.5,1440011752646,"13,550",100% bearish,of 1 rating,$20.50
CIGI,$46.48,1440011752678,"10,524",100% bearish,of 1 rating,$52
CBAN,$8.75,1440011752700,375,Not yet rated,NULL,N/A
COLM,$65.75,1440011752730,"81,812",100% bearish,of 1 rating,$71
COLB,$33.1,1440011752865,"62,898",Not yet rated,NULL,$36
CMCO,$20.6,1440011752893,"19,354",60% bullish,of 5 ratings,$28
CMCSK,$60.29,1440011753077,"1,861,551",Not yet rated,NULL,$84
CBMX,$1.22,1440011753210,"12,535",83% bullish,of 6 ratings,$3.15
CMCSA,$59.96,1440011753238,"7,306,067",66% bullish,of 35 ratings,$69.50
CBSH,$46.97,1440011753371,"155,070",50% bullish,of 2 ratings,$46
COMM,$31.44,1440011753402,"513,803",67% bearish,of 3 ratings,$35
CUBN,$13.66,1440011753428,"16,028",Not yet rated,NULL,N/A
CBSHP,$25.24,1440011753456,"13,584",100% bearish,of 1 rating,N/A
CVGI,$4.633,1440011753485,"49,221",50% bullish,of 2 ratings,$6
CSAL,$22.56,1440011753511,"260,704",75% bullish,of 4 ratings,$30
ESXB,$5.06,1440011753738,"15,805",Not yet rated,NULL,N/A
JCS,$9.45,1440011753804,"5,688",67% bullish,of 3 ratings,N/A
CYHHZ,$0.0115,1440011753829,"2,246",100% bullish,of 1 rating,N/A
CWBC,$6.75,1440011753885,"3,868",Not yet rated,NULL,N/A
CTBI,$35.2353,1440011753914,"12,900",Not yet rated,NULL,$36
COB,$10.56,1440011754020,"3,701",100% bullish,of 1 rating,$11.75
CVLT,$37.52,1440011754073,"164,526",75% bullish,of 4 ratings,$44.50
CID,NULL,1440011754264,0,Not yet rated,NULL,N/A
CIL,NULL,1440011754290,0,Not yet rated,NULL,N/A
CIZ,NULL,1440011754318,0,100% bearish,of 1 rating,N/A
CDC,$36.5199,1440011754343,"14,633",Not yet rated,NULL,N/A
CSA,NULL,1440011754488,0,Not yet rated,NULL,N/A
CFO,$37.461,1440011754514,"14,602",100% bearish,of 1 rating,N/A
CFA,NULL,1440011754542,0,100% bearish,of 1 rating,N/A
CSF,$38.2,1440011754564,650,100% bearish,of 1 rating,N/A
CDL,NULL,1440011754770,0,Not yet rated,NULL,N/A
CSB,NULL,1440011754799,0,Not yet rated,NULL,N/A
CGEN,$5.6001,1440011754847,"72,249",50% bullish,of 2 ratings,$11
CTG,$6.8,1440011754978,"10,412",100% bearish,of 1 rating,$8.50
SCOR,$63.41,1440011755008,"114,608",100% bearish,of 1 rating,$66
CHCI,$0.5899,1440011755107,"9,815",50% bullish,of 2 ratings,N/A
CPSI,$46.014,1440011755153,"36,061",100% bearish,of 1 rating,$45.50
CMTL,$27.37,1440011755182,"11,024",100% bearish,of 2 ratings,$37
CNSI,$19.305,1440011755483,"62,495",100% bearish,of 2 ratings,$29
CNAT,$4.4,1440011755511,"67,320",83% bullish,of 6 ratings,$13
CNCE,$16.27,1440011755567,"93,182",75% bullish,of 4 ratings,$22
CCUR,$5.2199,1440011755670,"7,879",75% bullish,of 4 ratings,N/A
CXRX,$79.07,1440011755698,"3,002",Not yet rated,NULL,$90
CDOR,$1.437,1440011755728,"5,145",100% bullish,of 1 rating,N/A
CDORP,$7.0489,1440011755827,100,100% bearish,of 1 rating,N/A
CDORO,$18.34,1440011755855,6,100% bearish,of 1 rating,N/A
CFMS,$22.88,1440011756060,"138,208",Not yet rated,NULL,$27
CNFR,$10.26,1440011756196,"64,055",Not yet rated,NULL,N/A
CNMD,$56.68,1440011756224,"30,626",Not yet rated,NULL,$59
CNOB,$20.39,1440011756245,"23,146",100% bullish,of 1 rating,$23.50
CTWS,$35.08,1440011756298,"6,119",100% bearish,of 1 rating,$44
CNXR,$6.32,1440011756379,"21,658",100% bearish,of 1 rating,$12
CNSL,$20.33,1440011756455,"51,006",100% bearish,of 1 rating,$23
CONN,$32.73,1440011756476,"105,815",67% bullish,of 3 ratings,$48.50
CTCT,$24.25,1440011756624,"133,980",67% bullish,of 3 ratings,$37
CWCO,$11.7357,1440011756730,"28,735",67% bullish,of 3 ratings,$14.50
CPSS,$5.69,1440011756756,"19,008",100% bullish,of 1 rating,$10
CFRXW,$2.185,1440011756810,"1,018",100% bearish,of 1 rating,N/A
CFRX,$5.15,1440011756867,"50,504",Not yet rated,NULL,$14
CFRXZ,$0.7,1440011756968,"16,402",Not yet rated,NULL,N/A
CTRV,$4.3399,1440011757039,"5,828",Not yet rated,NULL,$6.40
CTRL,$8.13,1440011757107,"51,980",50% bullish,of 2 ratings,$11
CRBP,$2.5914,1440011757210,"20,308,163",100% bullish,of 2 ratings,$6.25
CPRT,$36.16,1440011757250,"88,645",67% bearish,of 3 ratings,$40
BVA,$3.7601,1440011757277,500,50% bullish,of 2 ratings,N/A
CORT,$5.12,1440011757303,"169,353",67% bullish,of 3 ratings,$12
CORE,$63.56,1440011757511,"40,872",100% bearish,of 1 rating,$72
CSOD,$37.87,1440011757537,"109,589",50% bullish,of 2 ratings,$42
CORI,$11.43,1440011757677,"13,978",100% bearish,of 1 rating,$18
COSI,$1.13,1440011757723,"78,071",100% bullish,of 1 rating,N/A
CRVL,$33.02,1440011757755,"4,892",100% bearish,of 1 rating,N/A
COST,$144.88,1440011757781,"557,866",83% bullish,of 24 ratings,$154.50
CSGP,$191.57,1440011757851,"60,497",50% bullish,of 2 ratings,$235
CPAH,$0.4899,1440011757936,"1,925",50% bullish,of 2 ratings,N/A
ICBK,$18.43,1440011758035,1,Not yet rated,NULL,$21
CVTI,$25.02,1440011758226,"53,527",67% bearish,of 3 ratings,$39
COWNL,$26.75,1440011758256,"3,128",Not yet rated,NULL,N/A
COWN,$5.435,1440011758286,"356,254",75% bullish,of 4 ratings,$7
CRAI,$22.95,1440011758361,"24,316",Not yet rated,NULL,$36
CPSH,$2.4001,1440011758428,"3,000",Not yet rated,NULL,N/A
CBRL,$150.549,1440011758528,"61,527",50% bullish,of 2 ratings,$155
BREW,$8.01,1440011758671,"25,075",67% bullish,of 6 ratings,$15
CRAY,$22.28,1440011758807,"59,610",83% bullish,of 6 ratings,$38.50
CACC,$194.35,1440011758828,"63,005",50% bullish,of 2 ratings,$158.50
SLVO,$10.4535,1440011758860,"2,296",100% bearish,of 1 rating,N/A
GLDI,$11.07,1440011758886,"49,280",100% bearish,of 1 rating,N/A
COVS,$2.72,1440011758912,"31,412",67% bullish,of 3 ratings,N/A
CREE,$27.18,1440011759074,"629,614",65% bullish,of 17 ratings,$28.50
CRESY,$11.21,1440011759131,"5,298",100% bearish,of 1 rating,$19
CRTO,$47.13,1440011759156,"135,750",67% bullish,of 6 ratings,$64
CROX,$14.75,1440011759226,"381,755",63% bullish,of 8 ratings,$16.50
CCRN,$15.055,1440011759332,"232,577",100% bearish,of 1 rating,$14.25
CRDS,$1.14,1440011759357,"244,527",50% bullish,of 4 ratings,$4.50
CRWS,$8.06,1440011759385,850,Not yet rated,NULL,$10
CRWN,$4.8,1440011759608,"50,950",75% bullish,of 4 ratings,N/A
CYRX,$3.0001,1440011759646,"26,080",Not yet rated,NULL,$9
CYRXW,$0.98,1440011759677,"6,150",Not yet rated,NULL,N/A
CCLP,$14.9019,1440011759786,"92,373",67% bearish,of 3 ratings,$21
CSPI,$6.23,1440011759816,"1,204",67% bullish,of 3 ratings,N/A
CTCM,$1.76,1440011759916,"107,579",80% bearish,of 5 ratings,$3.90
CTIC,$1.71,1440011760002,"729,993",84% bullish,of 76 ratings,$5.75
CSGS,$31.88,1440011760030,"34,909",Not yet rated,NULL,$40
CTRP,$68.03,1440011760060,"813,113",75% bullish,of 8 ratings,$92
CTIB,$3.55,1440011760163,"1,400",100% bearish,of 1 rating,N/A
CUI,$5.3299,1440011760355,"19,794",50% bullish,of 2 ratings,$10
CUNB,$22.5,1440011760391,"2,168",Not yet rated,NULL,$24.50
CPIX,$5.93,1440011760418,"8,791",Not yet rated,NULL,N/A
CMLS,$1.28,1440011760439,"237,277",50% bullish,of 4 ratings,$6
CUTR,$14.86,1440011760575,"10,206",67% bearish,of 3 ratings,$18
CVBF,$17.34,1440011760607,"116,874",Not yet rated,NULL,$18
CRIS,$2.65,1440011760636,"100,934",100% bullish,of 8 ratings,$6
CVV,$12.267,1440011760709,"15,205",100% bullish,of 5 ratings,N/A
CYBR,$60.3048,1440011761023,"973,911",86% bullish,of 7 ratings,$66
CBAY,$2.75,1440011761156,"45,206",100% bullish,of 1 rating,$4
CYBX,$60.205,1440011761183,"109,988",50% bullish,of 4 ratings,$70
CYCCP,NULL,1440011761204,0,100% bearish,of 1 rating,N/A
CYAN,$7.6301,1440011761226,"3,335",100% bearish,of 1 rating,N/A
CYCC,$0.6198,1440011761261,"72,986",73% bullish,of 11 ratings,N/A
CYBE,$5.888,1440011761282,"8,713",100% bearish,of 1 rating,N/A
CYNA,$15.72,1440011761417,"13,151",100% bullish,of 1 rating,$33
CY,$9.83,1440011761576,"3,240,692",80% bullish,of 10 ratings,$15.50
CYNO,$34.056,1440011761608,"54,303",67% bearish,of 3 ratings,$45.50
CONE,$34.42,1440011761635,"357,103",67% bearish,of 3 ratings,$35
CYTK,$6.49,1440011761656,"80,600",71% bullish,of 14 ratings,$13.50
CYTX,$0.3949,1440011761694,"395,274",83% bullish,of 12 ratings,$5.50
CYRN,$1.72,1440011761715,"84,750",67% bullish,of 3 ratings,$4
CTSO,$7.37,1440011761850,"29,355",Not yet rated,NULL,$15.625
DAEG,$0.323,1440011762075,"4,000",100% bearish,of 1 rating,N/A
TVIX,$5.94,1440011762102,"5,171,191",81% bullish,of 16 ratings,N/A
CYTR,$2.2697,1440011762132,"254,331",67% bullish,of 6 ratings,$10
TVIZ,NULL,1440011762158,0,100% bearish,of 1 rating,N/A
ZIV,$49.41,1440011762230,"19,432",Not yet rated,NULL,N/A
XIV,$46.59,1440011762332,"11,270,938",75% bearish,of 4 ratings,N/A
DARA,$0.9023,1440011762414,"129,665",83% bullish,of 6 ratings,$1.50
DJCO,$210.79,1440011762445,101,Not yet rated,NULL,N/A
DAKT,$11.73,1440011762490,"48,564",50% bullish,of 2 ratings,$14
DRAM,$1.47,1440011762623,"13,269",78% bullish,of 9 ratings,N/A
DTLK,$5.78,1440011762655,"68,819",100% bearish,of 1 rating,$9
DAIO,$2.61,1440011762676,586,Not yet rated,NULL,N/A
DWCH,$5.4899,1440011762709,"74,501",75% bullish,of 4 ratings,$8.25
PLAY,$35.455,1440011762810,"216,066",100% bullish,of 5 ratings,$42
DTEA,$12.68,1440011762996,"30,394",100% bearish,of 2 ratings,$24
DWSN,$4.8201,1440011763129,"75,136",67% bullish,of 3 ratings,$6
DHRM,$1.801,1440011763157,"1,100",Not yet rated,NULL,N/A
TRAK,$62.35,1440011763187,"318,268",50% bullish,of 2 ratings,$62.50
DFRG,$15.215,1440011763208,"60,478",100% bearish,of 1 rating,$20
DBVT,$43.26,1440011763266,"53,461",100% bearish,of 1 rating,$53
TACO,$13.3,1440011763363,"238,529",100% bullish,of 3 ratings,$20
DGAS,$20.26,1440011763510,736,67% bearish,of 3 ratings,N/A
DCTH,$0.4814,1440011763551,"183,950",78% bullish,of 9 ratings,N/A
DELTW,NULL,1440011763605,0,Not yet rated,NULL,N/A
DELT,$2.78,1440011763631,150,Not yet rated,NULL,N/A
DENN,$12.39,1440011763652,"151,174",100% bullish,of 3 ratings,$15
TACOW,$4.31,1440011763686,"69,149",100% bullish,of 1 rating,N/A
XRAY,$56.65,1440011763925,"113,991",100% bullish,of 1 rating,$58
DERM,$24.55,1440011763992,"265,613",100% bearish,of 1 rating,$33
DEPO,$31.54,1440011764023,"194,731",80% bullish,of 5 ratings,$32
DSCI,$6.52,1440011764044,"26,563",50% bullish,of 2 ratings,$16
DXLG,$4.88,1440011764120,"18,568",100% bearish,of 1 rating,$8
DEST,$11.95,1440011764191,"31,820",50% bullish,of 2 ratings,N/A
DSWL,NULL,1440011764219,0,100% bullish,of 1 rating,N/A
DXM,$0.3066,1440011764412,"59,893",50% bullish,of 2 ratings,N/A
DXCM,$95.05,1440011764444,"314,607",57% bullish,of 7 ratings,$98
DHXM,$7.0796,1440011764476,"1,900",Not yet rated,NULL,N/A
DHIL,$193.52,1440011764548,701,Not yet rated,NULL,N/A
FANG,$71.9025,1440011764577,"455,297",50% bullish,of 2 ratings,$86
DMND,$31.26,1440011764605,"49,482",75% bullish,of 12 ratings,$32
DCIX,$1.85,1440011764759,"32,779",50% bullish,of 4 ratings,$3.50
DRNA,$10.72,1440011764789,"65,494",67% bearish,of 3 ratings,$25
DGII,$10.1799,1440011764889,"25,347",100% bearish,of 1 rating,$10
DRAD,$4.05,1440011764963,"5,836",100% bullish,of 1 rating,$5.25
DMRC,$37.36,1440011765023,"62,776",100% bearish,of 1 rating,$44
DGLY,$7.36,1440011765067,"43,241",50% bullish,of 6 ratings,$20
DIOD,$19.71,1440011765199,"98,151",75% bearish,of 4 ratings,$24
APPS,$2.41,1440011765228,"97,412",100% bearish,of 1 rating,$10.25
DCOM,$17.155,1440011765252,"39,310",100% bearish,of 2 ratings,$16.50
DPRX,$13.26,1440011765282,"1,800",100% bullish,of 2 ratings,$27.75
DISCA,$28.82,1440011765414,"722,932",67% bullish,of 3 ratings,$34
DISCK,$27.64,1440011765486,"1,085,637",100% bearish,of 1 rating,$40
DISCB,NULL,1440011765519,0,100% bearish,of 1 rating,$35
DSCO,$0.4569,1440011765627,"51,747",83% bullish,of 6 ratings,$2.75
BAGR,$3.01,1440011765815,"11,997",100% bearish,of 1 rating,$6
DLHC,$2.65,1440011765845,"4,491",100% bearish,of 1 rating,N/A
DISH,$65.97,1440011765972,"268,395",69% bullish,of 13 ratings,$73
DVCR,$11.7,1440011765998,"2,030",100% bullish,of 1 rating,N/A
DGICA,$14.555,1440011766050,"3,392",100% bearish,of 1 rating,$17
DLTR,$80.35,1440011766077,"1,160,906",82% bullish,of 11 ratings,$88
DNBF,$27.132,1440011766148,"14,490",Not yet rated,NULL,$27.50
DGICB,$17.92,1440011766207,2,100% bearish,of 1 rating,N/A
DORM,$51.07,1440011766399,"50,378",100% bearish,of 1 rating,$56
HILL,$9.69,1440011766458,"22,520,011",60% bearish,of 5 ratings,$8
DMLP,$13.92,1440011766493,"31,696",100% bearish,of 1 rating,N/A
DRWI,$0.285,1440011766590,"78,336",60% bullish,of 5 ratings,$.45
DWA,$19.2299,1440011766616,"176,058",63% bullish,of 8 ratings,$26
DRWIW,$0.0472,1440011766644,"10,900",Not yet rated,NULL,N/A
DRYS,$0.3439,1440011766670,"1,810,859",77% bullish,of 31 ratings,$.60
DSPG,$8.8,1440011766915,"17,915",100% bearish,of 1 rating,$13.50
DSKX,$3.305,1440011766945,"120,252",100% bullish,of 1 rating,N/A
CADT,$10.02,1440011767053,4,Not yet rated,NULL,N/A
CADTW,NULL,1440011767087,0,Not yet rated,NULL,N/A
CADTR,NULL,1440011767115,0,Not yet rated,NULL,N/A
DTSI,$27.29,1440011767137,"20,171",100% bearish,of 2 ratings,$39.50
CADTU,NULL,1440011767168,0,Not yet rated,NULL,N/A
DNKN,$50.89,1440011767314,"1,268,850",67% bullish,of 15 ratings,$56.50
DRRX,$2.05,1440011767382,"105,534",50% bullish,of 6 ratings,$3
BOOM,$10.2,1440011767545,"44,682",67% bullish,of 3 ratings,$12
DYSL,$1.4,1440011767573,"9,330",100% bullish,of 2 ratings,N/A
DXPE,$29.16,1440011767594,"36,544",50% bullish,of 2 ratings,N/A
DYAX,$22.97,1440011767624,"194,520",89% bullish,of 9 ratings,$30
DYNT,$3.04,1440011767788,"3,200",75% bullish,of 4 ratings,N/A
DVAX,$29.16,1440011767851,"127,903",70% bullish,of 10 ratings,$40
EBMT,$11.53,1440011767880,9,Not yet rated,NULL,$13.50
EGBN,$44.7,1440011767984,"21,433",Not yet rated,NULL,$48
ETFC,$27.53,1440011768016,"968,796",57% bullish,of 14 ratings,$33
EGRX,$68.28,1440011768042,"125,598",67% bullish,of 3 ratings,$97
EGLE,$6.96,1440011768073,"7,496",60% bullish,of 5 ratings,N/A
EROC,$1.225,1440011768098,"674,866",50% bullish,of 2 ratings,$3
EWBC,$44.62,1440011768294,"531,855",100% bearish,of 1 rating,$50
ELNK,$9.0508,1440011768392,"344,782",80% bullish,of 5 ratings,$9.50
EML,$17,1440011768523,"2,010",Not yet rated,NULL,N/A
EACQU,$10.2,1440011768559,"2,300",Not yet rated,NULL,N/A
EVBS,$6.5,1440011768703,"5,213",Not yet rated,NULL,$7
ECTE,$1.48,1440011768768,"5,043",75% bullish,of 4 ratings,N/A
ELON,$0.5638,1440011768797,"11,530",50% bullish,of 2 ratings,N/A
ECHO,$25.685,1440011768818,"112,557",67% bearish,of 3 ratings,$35.50
EBIX,$30.1051,1440011768851,"123,116",69% bullish,of 13 ratings,$40
EBAY,$27.42,1440011768983,"4,224,730",81% bullish,of 117 ratings,$48
EEI,$11.3,1440011769013,"1,200",67% bearish,of 3 ratings,N/A
SATS,$46.11,1440011769039,"47,289",50% bullish,of 2 ratings,$60
ESES,$3.495,1440011769172,"4,746",100% bearish,of 1 rating,$7
EDGW,$7.15,1440011769221,802,100% bearish,of 1 rating,N/A
ECACU,NULL,1440011769246,0,Not yet rated,NULL,N/A
EDAP,$3.55,1440011769273,"8,227",60% bullish,of 5 ratings,$4.50
EDUC,$4.68,1440011769492,300,100% bearish,of 1 rating,N/A
EFUT,$4.304,1440011769591,"6,600",Not yet rated,NULL,N/A
EGAN,$3.64,1440011769620,"117,228",50% bullish,of 2 ratings,$6.25
LOCO,$13.3,1440011769672,"1,297,917",69% bullish,of 13 ratings,$20
EMITF,$1.3054,1440011769804,"17,706",75% bullish,of 4 ratings,N/A
ESLT,$81.375,1440011769833,"6,587",100% bullish,of 2 ratings,N/A
EHTH,$14.72,1440011769855,"63,421",50% bullish,of 4 ratings,$16.50
EGLT,$11.8899,1440011769876,"46,006",50% bullish,of 2 ratings,$21
ERI,$9.67,1440011769939,"34,006",100% bearish,of 1 rating,$10
ELRC,$10.26,1440011770042,"9,214",100% bearish,of 1 rating,N/A
ELSE,$4.02,1440011770333,"3,465",60% bullish,of 5 ratings,N/A
EA,$71.51,1440011770359,"1,060,654",77% bullish,of 35 ratings,$80
EFII,$45.08,1440011770431,"76,600",80% bullish,of 5 ratings,$55
ESIO,$4.61,1440011770533,"23,080",50% bullish,of 2 ratings,$10
ELEC,NULL,1440011770586,0,Not yet rated,NULL,N/A
RDEN,$10.79,1440011770615,"65,464",100% bearish,of 4 ratings,$15
EBIO,$3.771,1440011770637,"458,510",100% bearish,of 2 ratings,$8.35
ELECU,$10.08,1440011770658,"1,100",Not yet rated,NULL,N/A
ELECW,NULL,1440011770897,0,Not yet rated,NULL,N/A
ESBK,$19.608,1440011770929,279,Not yet rated,NULL,N/A
CAPX,NULL,1440011770950,0,Not yet rated,NULL,N/A
LONG,$17.1,1440011771080,"15,334",67% bullish,of 3 ratings,$15.75
EMCI,$23.91,1440011771140,"10,586",Not yet rated,NULL,N/A
ELTK,$1.11,1440011771166,"13,520",67% bearish,of 3 ratings,N/A
EMCF,$23.9499,1440011771245,600,100% bearish,of 1 rating,N/A
EMKR,$7.22,1440011771378,"50,427",75% bullish,of 4 ratings,$8.50
EMMS,$1.33,1440011771522,"47,618",67% bullish,of 6 ratings,N/A
NYNY,$4.13,1440011771547,"36,752",50% bullish,of 2 ratings,N/A
EMMSP,NULL,1440011771577,0,100% bearish,of 1 rating,N/A
ERS,$2.8999,1440011771733,500,Not yet rated,NULL,N/A
ENTA,$40.3475,1440011771766,"43,917",50% bullish,of 2 ratings,$42
ECPG,$39.81,1440011771787,"55,493",100% bullish,of 2 ratings,$52
WIRE,$33.38,1440011771934,"52,682",100% bearish,of 1 rating,$37
ENDP,$84.56,1440011772017,"377,358",50% bullish,of 6 ratings,$104
ECYT,$5.245,1440011772117,"77,168",83% bullish,of 6 ratings,$12
ELGX,$13.1,1440011772219,"279,912",75% bullish,of 4 ratings,$17
WATT,$6.95,1440011772266,"50,709",50% bullish,of 2 ratings,$13
EFOI,$17.13,1440011772295,"625,205",50% bullish,of 2 ratings,$17
EIGI,$15.87,1440011772396,"352,331",67% bearish,of 3 ratings,$20
EXXI,$1.68,1440011772471,"591,369",86% bullish,of 7 ratings,$3.50
ERII,$2.92,1440011772530,"57,767",80% bullish,of 5 ratings,$2.50
ENOC,$8.32,1440011772558,"93,009",75% bullish,of 4 ratings,$18
ESGR,$154.405,1440011772689,"6,915",100% bearish,of 1 rating,$185
ENPH,$4.975,1440011772730,"236,276",75% bullish,of 4 ratings,$11
ENTG,$14.32,1440011772757,"209,975",100% bearish,of 1 rating,$18
ENG,$1.0101,1440011772778,"4,882",100% bullish,of 3 ratings,N/A
ENTL,$22.435,1440011772976,"10,796",Not yet rated,NULL,$28
ENFC,$18.28,1440011773110,"1,995",Not yet rated,NULL,N/A
ETRM,$0.2416,1440011773187,"511,668",69% bearish,of 35 ratings,$1.625
EFSC,$24.84,1440011773217,"12,189",Not yet rated,NULL,$27
EBTC,$21.25,1440011773238,538,Not yet rated,NULL,N/A
ENVI,$1.79,1440011773271,"2,400",67% bullish,of 3 ratings,N/A
EGT,$2.164,1440011773293,"1,005",100% bullish,of 1 rating,N/A
ENZN,$1.07,1440011773322,"382,209",100% bullish,of 9 ratings,N/A
PLUS,$76.875,1440011773748,"24,422",50% bullish,of 2 ratings,$88
EPZM,$17.2,1440011773788,"143,121",60% bullish,of 5 ratings,$34
ENZY,$8.99,1440011773839,"16,771",67% bullish,of 3 ratings,$9.50
EPRS,$4.99,1440011773868,"73,482",82% bullish,of 11 ratings,$15
EPIQ,$14.19,1440011773890,"23,388",100% bearish,of 1 rating,$18
EQIX,$285.5399,1440011773926,"158,419",67% bullish,of 3 ratings,$312.50
EAC,$3.673,1440011774022,"13,290",100% bearish,of 1 rating,$8
EQFN,NULL,1440011774057,0,Not yet rated,NULL,N/A
ERIC,$10.14,1440011774284,"1,173,262",63% bullish,of 8 ratings,$13.30
ESCA,$18.18,1440011774310,"5,733",100% bearish,of 1 rating,$22
ESCR,$0.1901,1440011774341,"26,448",50% bullish,of 2 ratings,N/A
ERIE,$87.38,1440011774362,"4,662",Not yet rated,NULL,$73
ESCRP,$1.67,1440011774491,"2,000",100% bearish,of 1 rating,N/A
ESMC,$1.35,1440011774517,200,Not yet rated,NULL,N/A
ESPR,$56.42,1440011774595,"1,979,308",67% bearish,of 9 ratings,$130
ESSA,$12.9699,1440011774726,"8,856",100% bearish,of 1 rating,N/A
ESND,$36.37,1440011774762,"105,310",100% bearish,of 1 rating,$40
EPIX,NULL,1440011774783,0,Not yet rated,NULL,N/A
ESSX,$0.4701,1440011774858,"58,639",50% bullish,of 2 ratings,N/A
ETSY,$14.95,1440011774888,"381,711",80% bullish,of 5 ratings,$16
EEFT,$68.47,1440011774929,"84,274",100% bearish,of 1 rating,$67.50
CLWT,$2.5,1440011775025,718,100% bearish,of 1 rating,N/A
ESEA,$6.12,1440011775166,350,100% bullish,of 1 rating,$15
EVEP,$8.1299,1440011775309,"247,720",50% bullish,of 2 ratings,$15
EVLV,$2.275,1440011775362,"52,086",60% bullish,of 5 ratings,$6.50
EVK,$4,1440011775394,660,75% bearish,of 4 ratings,N/A
EVOK,$4.287,1440011775421,"249,455",100% bearish,of 1 rating,$13.75
EVOL,$6.33,1440011775447,"12,568",75% bullish,of 4 ratings,$10
EXA,$10.7,1440011775494,"23,588",100% bearish,of 1 rating,$13
EXAS,$22.51,1440011775652,"480,470",78% bullish,of 9 ratings,$31
EXAC,$18.66,1440011775703,"12,387",100% bearish,of 1 rating,$22.50
EXEL,$5.73,1440011775878,"1,662,965",81% bullish,of 16 ratings,$6
EXPD,$49.81,1440011775967,"816,647",80% bullish,of 5 ratings,$50.50
EXLS,$36.945,1440011776071,"64,876",100% bullish,of 1 rating,$41
EXPO,$43.58,1440011776096,"18,951",100% bearish,of 1 rating,$45.50
EXPE,$123.06,1440011776123,"269,318",64% bullish,of 11 ratings,$130
ESRX,$89.67,1440011776259,"1,609,875",67% bearish,of 6 ratings,$101
EXLP,$20.46,1440011776284,"31,155",100% bearish,of 1 rating,$27
EXFO,$2.82,1440011776312,"4,369",67% bearish,of 3 ratings,$3.95
EXTR,$2.935,1440011776446,"362,041",80% bullish,of 5 ratings,$3
EYEGW,$1.23,1440011776526,"1,300",Not yet rated,NULL,N/A
EZPW,$6.05,1440011776584,"212,886",50% bullish,of 4 ratings,$7.50
EZCH,$21.86,1440011776610,"73,302",75% bullish,of 8 ratings,$19.50
EYEG,$4.2,1440011776658,"39,988",Not yet rated,NULL,N/A
FFIV,$132.74,1440011776799,"233,360",71% bullish,of 7 ratings,$132
FCS,$14.005,1440011776861,"315,933",67% bearish,of 3 ratings,$17
FB,$95.4499,1440011776899,"11,195,254",73% bullish,of 1065 ratings,$111
FRP,$17.565,1440011777170,"12,122",100% bearish,of 1 rating,$18
FALC,$1.664,1440011777233,"15,712",63% bearish,of 8 ratings,N/A
FWM,$2.2101,1440011777255,"111,084",100% bearish,of 2 ratings,$3.20
FFKT,$27.05,1440011777289,"4,586",Not yet rated,NULL,$29
DAVE,$14.29,1440011777318,"21,748",100% bearish,of 1 rating,$15.50
FMNB,$8.1,1440011777347,"15,371",Not yet rated,NULL,N/A
FARO,$40.1,1440011777381,"29,395",50% bullish,of 2 ratings,$48
FARM,$22.49,1440011777481,"5,856",100% bearish,of 1 rating,$35
FAST,$40.295,1440011777558,"539,078",80% bullish,of 5 ratings,$46
FATE,$6.879,1440011777584,"63,469",50% bullish,of 2 ratings,$11
FBRC,$22.66,1440011777764,"9,328",100% bearish,of 1 rating,$29
FBSS,$15.45,1440011777822,300,Not yet rated,NULL,N/A
FDML,$9.42,1440011777979,"131,152",50% bullish,of 4 ratings,$14
FEIC,$81.055,1440011778134,"137,588",50% bullish,of 2 ratings,$95.50
FENX,$9.71,1440011778167,"32,298",100% bullish,of 1 rating,$14.25
FHCO,$1.42,1440011778195,"32,514",50% bullish,of 4 ratings,N/A
FNHC,$23.38,1440011778328,"81,892",100% bearish,of 1 rating,$35
FGEN,$24.9,1440011778464,"119,001",100% bearish,of 1 rating,$39
FCSC,$5.99,1440011778494,"163,451",100% bearish,of 1 rating,$8.125
LION,$20.02,1440011778540,"20,871",100% bullish,of 1 rating,$20
FRGI,$54.16,1440011778568,"55,691",50% bullish,of 2 ratings,$70
ONEQ,$197.165,1440011778597,"5,923",100% bullish,of 1 rating,N/A
FDUS,$14.95,1440011778632,"22,172",100% bullish,of 1 rating,$18
FSAM,$8.75,1440011778657,"4,058",100% bearish,of 1 rating,$11
FSC,$6.49,1440011779028,"339,299",75% bullish,of 4 ratings,$8
FSFR,$9.075,1440011779117,"57,147",100% bearish,of 1 rating,$11.50
FITB,$21.03,1440011779159,"2,154,774",54% bullish,of 13 ratings,$22
FSCFL,$25.2,1440011779299,"5,951",Not yet rated,NULL,N/A
FITBI,$27.738,1440011779326,"8,819",Not yet rated,NULL,N/A
FISI,$24.9097,1440011779353,"17,350",100% bullish,of 2 ratings,$24.50
FNSR,$16.79,1440011779383,"387,898",71% bullish,of 7 ratings,$24.50
FNGN,$35.8,1440011779484,"99,202",67% bullish,of 3 ratings,$47
FNTC,NULL,1440011779577,0,Not yet rated,NULL,N/A
FNJN,$1.6399,1440011779609,"64,047",100% bearish,of 1 rating,$5
FNTCU,NULL,1440011779637,0,Not yet rated,NULL,N/A
FNTCW,NULL,1440011779673,0,Not yet rated,NULL,N/A
FEYE,$43.4399,1440011779770,"1,769,372",87% bullish,of 15 ratings,$55.50
FBNC,$17.24,1440011779826,"18,532",100% bullish,of 1 rating,$20
FNLC,$18.86,1440011779852,"5,244",100% bullish,of 1 rating,N/A
FRBA,$5.9501,1440011780055,"3,000",Not yet rated,NULL,$8
FCVA,$4.7501,1440011780210,"4,009",Not yet rated,NULL,N/A
BUSE,$6.46,1440011780235,"31,373",Not yet rated,NULL,$6.875
FCNCA,$247.52,1440011780273,978,Not yet rated,NULL,N/A
FCLF,$9.0601,1440011780303,702,Not yet rated,NULL,N/A
FBIZ,$44.07,1440011780332,"5,370",100% bearish,of 2 ratings,$52
FCFS,$38.6,1440011780372,"51,931",100% bearish,of 2 ratings,$48
FCAP,$26.8,1440011780399,"5,461",Not yet rated,NULL,N/A
FCBC,$18.11,1440011780533,"3,073",Not yet rated,NULL,$18
FCCO,$11.98,1440011780681,"11,607",Not yet rated,NULL,$13.25
FCFP,$6.9069,1440011780721,"1,000",Not yet rated,NULL,N/A
FBNK,$16.61,1440011780787,"10,853",100% bearish,of 1 rating,$17.50
FFNM,$6.252,1440011780918,"1,116",Not yet rated,NULL,N/A
FDEF,$37.92,1440011780945,"19,730",Not yet rated,NULL,$38
FFBCW,$7.64,1440011780975,"1,000",100% bearish,of 1 rating,N/A
FFBC,$19.2752,1440011781078,"77,285",67% bearish,of 3 ratings,$20.25
THFF,$33.6278,1440011781108,"12,241",Not yet rated,NULL,$35
FFNW,$12.54,1440011781164,"12,178",Not yet rated,NULL,$14
FFIN,$32.06,1440011781208,"48,821",50% bullish,of 2 ratings,$31.75
INBK,$33.2589,1440011781339,"11,220",50% bullish,of 2 ratings,$37
FIBK,$27.81,1440011781365,"29,928",Not yet rated,NULL,$32
FFWM,$21.29,1440011781426,"9,318",Not yet rated,NULL,$24
FRME,$25.99,1440011781528,"92,742",Not yet rated,NULL,$26.50
FMBH,$21.5,1440011781557,"3,279",Not yet rated,NULL,N/A
FMBI,$18.53,1440011781662,"124,046",Not yet rated,NULL,$20
FNBC,$35.33,1440011781792,"29,887",Not yet rated,NULL,$41.50
FNWB,$12.13,1440011781868,"4,487",Not yet rated,NULL,N/A
FNFG,$9.6329,1440011781900,"538,826",80% bullish,of 5 ratings,$9
FSGI,$2.5,1440011781922,"40,872",Not yet rated,NULL,N/A
FSFG,NULL,1440011781954,0,Not yet rated,NULL,N/A
FSLR,$50.11,1440011781975,"1,405,189",74% bullish,of 39 ratings,$65
BICK,$20.426,1440011782162,"1,466",100% bullish,of 1 rating,N/A
FBZ,NULL,1440011782253,0,Not yet rated,NULL,N/A
FSBK,$7.85,1440011782291,"2,700",100% bullish,of 1 rating,N/A
FTCS,$38.6694,1440011782383,"8,669",Not yet rated,NULL,N/A
FCA,$21.5201,1440011782421,250,Not yet rated,NULL,N/A
FCAN,$25.257,1440011782448,"1,500",Not yet rated,NULL,N/A
IFV,$18.495,1440011782612,"329,891",100% bearish,of 1 rating,N/A
FEMB,$42.06,1440011782638,380,Not yet rated,NULL,N/A
FV,$24.5799,1440011782665,"1,081,770",Not yet rated,NULL,N/A
FEUZ,$32.22,1440011782801,"3,758",Not yet rated,NULL,N/A
FTSM,$59.94,1440011782852,"18,342",100% bearish,of 1 rating,N/A
TDIV,$25.65,1440011782878,"59,733",100% bearish,of 1 rating,N/A
MDIV,$19.82,1440011782947,"112,577",Not yet rated,NULL,N/A
FGM,$36.7187,1440011782979,"26,076",Not yet rated,NULL,N/A
FTGC,$22.49,1440011783000,"31,850",Not yet rated,NULL,N/A
FTHI,NULL,1440011783078,0,Not yet rated,NULL,N/A
HYLS,$49.79,1440011783318,"43,710",100% bearish,of 1 rating,N/A
SKYY,$30.3345,1440011783363,"31,440",100% bullish,of 1 rating,N/A
FPXI,$28.64,1440011783399,341,Not yet rated,NULL,N/A
YDIV,$16.91,1440011783446,"3,386",Not yet rated,NULL,N/A
FHK,$34.79,1440011783472,"35,097",Not yet rated,NULL,N/A
PLTM,$6.38,1440011783494,"2,843",100% bearish,of 1 rating,N/A
FJP,$49.3301,1440011783525,"16,182",Not yet rated,NULL,N/A
CU,$12.75,1440011783557,"6,123",100% bearish,of 1 rating,N/A
FTLB,NULL,1440011783690,0,100% bearish,of 1 rating,N/A
LMBS,$50.4663,1440011783931,200,Not yet rated,NULL,N/A
FMB,$51.1995,1440011783958,"4,033",Not yet rated,NULL,N/A
QABA,$39.3057,1440011783979,"8,329",100% bearish,of 1 rating,N/A
CIBR,$19.4468,1440011784012,"46,085",Not yet rated,NULL,N/A
FONE,$35.8301,1440011784110,630,Not yet rated,NULL,N/A
QCLN,$15.77,1440011784170,"20,637",Not yet rated,NULL,N/A
GRID,$34.42,1440011784252,201,100% bearish,of 1 rating,N/A
RDVY,$22.3321,1440011784354,"1,100",Not yet rated,NULL,N/A
QQEW,$43.8801,1440011784409,"49,309",Not yet rated,NULL,N/A
CARZ,$36.361,1440011784430,606,100% bearish,of 1 rating,N/A
QTEC,$41.7059,1440011784466,"19,072",Not yet rated,NULL,N/A
AIRR,$16.8,1440011784501,"2,100",100% bearish,of 1 rating,N/A
QINC,NULL,1440011784562,0,Not yet rated,NULL,N/A
QQXT,$42.6401,1440011784597,"6,295",Not yet rated,NULL,N/A
FTSL,$48.9201,1440011784749,"24,385",100% bearish,of 1 rating,N/A
FKO,$22.96,1440011784807,75,Not yet rated,NULL,N/A
FSZ,$40.4799,1440011785059,"11,989",Not yet rated,NULL,N/A
FDIV,$48.28,1440011785084,"13,702",100% bearish,of 1 rating,N/A
FTW,$30.58,1440011785111,"2,388",Not yet rated,NULL,N/A
TUSA,$26.165,1440011785144,"4,186",Not yet rated,NULL,N/A
FUNC,$8.33,1440011785240,"2,399",Not yet rated,NULL,N/A
FMER,$18.59,1440011785266,"402,311",50% bullish,of 2 ratings,$20
SVVC,$10.77,1440011785299,"7,206",100% bullish,of 1 rating,$26
FKU,$43.47,1440011785320,"17,299",Not yet rated,NULL,N/A
FISV,$89.78,1440011785548,"277,454",100% bearish,of 3 ratings,$90
FIVE,$36.63,1440011785588,"241,977",75% bearish,of 4 ratings,$44
FSV,$32.09,1440011785617,"13,521",Not yet rated,NULL,$33.60
FPRX,$18.7,1440011785643,"211,357",50% bullish,of 2 ratings,$35
FIVN,$4.22,1440011785692,"163,559",100% bullish,of 1 rating,$8.50
FLML,$21.92,1440011785851,"92,933",50% bullish,of 2 ratings,$30
FLXN,$24.19,1440011786032,"42,078",100% bearish,of 1 rating,$39.50
SKOR,$50.01,1440011786060,"1,500",Not yet rated,NULL,N/A
FLKS,$14.5,1440011786092,"26,369",50% bullish,of 2 ratings,$27
FLEX,$10.95,1440011786114,"897,473",63% bullish,of 8 ratings,$12
FLIR,$30.11,1440011786146,"215,696",100% bearish,of 1 rating,$38.50
FLXS,$34.005,1440011786172,"56,528",100% bearish,of 2 ratings,N/A
MBSD,$24.89,1440011786305,"9,130",Not yet rated,NULL,N/A
FFIC,$20.79,1440011786438,"23,772",Not yet rated,NULL,$21
FLDM,$12.78,1440011786525,"218,586",67% bearish,of 3 ratings,$21.50
FOGO,$18.94,1440011786621,"197,591",50% bullish,of 2 ratings,$25.50
FONR,$9.62,1440011786647,"6,133",100% bullish,of 1 rating,N/A
FOMX,$10.76,1440011786669,"82,657",50% bullish,of 2 ratings,$23.50
FORM,$6.37,1440011786803,"79,932",67% bullish,of 3 ratings,$10.50
FES,$0.93,1440011786830,"2,201",50% bullish,of 2 ratings,$1
FORTY,$34.14,1440011786887,"1,716",Not yet rated,NULL,N/A
FORR,$32.62,1440011786984,"37,970",Not yet rated,NULL,N/A
FTNT,$47.36,1440011787014,"376,823",80% bullish,of 10 ratings,$52
FBIO,$2.99,1440011787041,"76,853",83% bullish,of 6 ratings,N/A
FWRD,$48.68,1440011787071,"182,908",100% bearish,of 1 rating,$50
FORD,$1.055,1440011787092,"140,603",50% bullish,of 2 ratings,N/A
FWP,$26,1440011787237,"16,845",100% bearish,of 1 rating,$45
FOSL,$61.98,1440011787385,"384,976",50% bullish,of 4 ratings,$70
FOXF,$15.62,1440011787522,"11,974",100% bearish,of 1 rating,$19
FXCB,$17.35,1440011787589,"2,603",Not yet rated,NULL,$19
FMI,$20.23,1440011787619,"104,814",100% bearish,of 2 ratings,$27.50
FRAN,$10.6,1440011787667,"404,656",50% bullish,of 4 ratings,$15
FREE,$0.507,1440011787726,"327,875",92% bullish,of 12 ratings,N/A
FELE,$29.55,1440011787765,"213,197",50% bullish,of 4 ratings,$33
FRED,$14.66,1440011787793,"88,592",50% bullish,of 2 ratings,$16.50
FEIM,$10.849,1440011787827,551,100% bearish,of 1 rating,N/A
RAIL,$21.48,1440011787923,"41,280",100% bearish,of 1 rating,$24.50
FTR,$5.345,1440011787953,"8,440,380",78% bullish,of 27 ratings,$6.25
FRPT,$13.97,1440011788017,"213,833",67% bearish,of 3 ratings,$23.50
FTRPR,$105.0932,1440011788124,"70,705",100% bearish,of 1 rating,N/A
FSBW,$23.18,1440011788202,500,Not yet rated,NULL,N/A
FRPH,$31.25,1440011788229,200,100% bearish,of 1 rating,N/A
FTD,$30.615,1440011788464,"30,952",100% bearish,of 1 rating,$40
FTEK,$2.13,1440011788491,"26,415",75% bullish,of 4 ratings,N/A
FSYS,$6.6,1440011788568,"27,211",67% bullish,of 3 ratings,$10
FCEL,$0.8413,1440011788625,"601,924",88% bullish,of 40 ratings,$2.65
FULL,$3.2,1440011788652,"13,749",67% bearish,of 3 ratings,$4.25
FLL,$1.5702,1440011788673,"19,276",75% bullish,of 4 ratings,$2.825
FULLL,$25.55,1440011788707,"1,600",Not yet rated,NULL,N/A
FULT,$13.04,1440011788841,"344,441",100% bearish,of 1 rating,$13
FFHL,NULL,1440011789007,0,50% bullish,of 4 ratings,N/A
FSNN,$2.7199,1440011789036,"1,700",67% bullish,of 3 ratings,$6
FXENP,$16.4,1440011789139,300,100% bearish,of 1 rating,N/A
FXEN,$1.01,1440011789179,"35,475",75% bullish,of 4 ratings,$1.10
GK,$71.45,1440011789206,"16,125",Not yet rated,NULL,$78
WILC,$5.1183,1440011789339,"1,680",100% bullish,of 2 ratings,N/A
GLPG,$63.68,1440011789368,"7,373",100% bullish,of 1 rating,$75
GAIA,$5.985,1440011789399,"9,838",50% bullish,of 2 ratings,$8.50
GALTU,NULL,1440011789425,0,100% bearish,of 1 rating,N/A
GALT,$2.049,1440011789453,"98,973",80% bullish,of 5 ratings,N/A
GALTW,NULL,1440011789594,0,100% bullish,of 1 rating,N/A
GALE,$1.41,1440011789623,"433,912",89% bullish,of 47 ratings,$4
GLMD,$8.88,1440011789656,"9,900",67% bullish,of 3 ratings,$20.50
GLPI,$33.32,1440011789787,"205,472",100% bearish,of 1 rating,$37.50
GPIC,$11.39,1440011789812,210,100% bearish,of 1 rating,N/A
GRMN,$39.62,1440011789975,"302,452",50% bullish,of 6 ratings,$48
GGAC,NULL,1440011790076,0,100% bearish,of 1 rating,N/A
GGACR,NULL,1440011790130,0,100% bullish,of 1 rating,N/A
GGACU,NULL,1440011790207,0,Not yet rated,NULL,N/A
GENC,$9.4315,1440011790235,297,100% bearish,of 1 rating,N/A
GARS,$14.84,1440011790257,"10,561",Not yet rated,NULL,$16
GGACW,NULL,1440011790293,0,Not yet rated,NULL,N/A
GNCMA,$17.65,1440011790391,"45,858",100% bearish,of 1 rating,$12
GFN,$3.9001,1440011790421,"15,880",100% bearish,of 2 ratings,$8
GFNSL,$25.8,1440011790479,"2,735",Not yet rated,NULL,N/A
GFNCP,NULL,1440011790617,0,Not yet rated,NULL,N/A
GNMK,$9.42,1440011790693,"95,901",67% bullish,of 6 ratings,$14
GENE,$2.673,1440011790718,"43,250",100% bullish,of 12 ratings,N/A
GNTX,$15.83,1440011790951,"1,025,826",Not yet rated,NULL,$20
THRM,$46.81,1440011790996,"89,064",75% bearish,of 4 ratings,$55.50
GNCA,$12.78,1440011791085,"123,401",100% bearish,of 1 rating,$20
GTWN,$18.27,1440011791115,400,Not yet rated,NULL,N/A
GNVC,$2.37,1440011791136,"7,428",90% bullish,of 10 ratings,$8.50
GHDX,$26.545,1440011791170,"85,803",50% bullish,of 2 ratings,$30
GEOS,$15.475,1440011791191,"68,036",100% bearish,of 3 ratings,$25.50
GERN,$3.24,1440011791353,"967,473",88% bullish,of 16 ratings,$5.25
GEVO,$2.4799,1440011791382,"1,527,394",75% bullish,of 12 ratings,N/A
GABC,$29.69,1440011791407,"2,536",Not yet rated,NULL,$31.50
GIGM,$0.6303,1440011791585,"15,408",100% bullish,of 2 ratings,N/A
GIGA,$1.43,1440011791610,"17,098",100% bearish,of 1 rating,N/A
GBCI,$27.58,1440011791802,"41,478",50% bullish,of 2 ratings,$31
GILT,$4.5611,1440011791830,"14,346",50% bullish,of 2 ratings,N/A
GIII,$69.32,1440011791852,"67,473",67% bullish,of 3 ratings,$75
ROCK,$18.45,1440011791881,"45,269",80% bullish,of 5 ratings,$24
GOODN,$25.629,1440011792017,"1,000",Not yet rated,NULL,N/A
GLAD,$8.215,1440011792051,"32,890",50% bullish,of 2 ratings,$8.75
GOOD,$15.74,1440011792150,"32,734",Not yet rated,NULL,$19
GILD,$116.13,1440011792185,"2,784,285",91% bullish,of 86 ratings,$129
GLADO,$25.45,1440011792212,"1,050",Not yet rated,NULL,N/A
GAIN,$7.835,1440011792278,"109,435",100% bullish,of 2 ratings,$8.25
GOODO,$25.175,1440011792305,200,Not yet rated,NULL,N/A
GOODP,$25.0199,1440011792376,"2,629",Not yet rated,NULL,N/A
GAINN,$25.15,1440011792606,"24,000",Not yet rated,NULL,N/A
GAINO,$25.3,1440011793037,"1,000",Not yet rated,NULL,N/A
LAND,$9.32,1440011793194,"11,353",50% bullish,of 2 ratings,$13.75
GAINP,$26.1,1440011793219,"1,375",Not yet rated,NULL,N/A
GLBZ,NULL,1440011793363,0,Not yet rated,NULL,N/A
GBT,$44.8,1440011793496,"117,532",100% bearish,of 1 rating,N/A
ENT,$12.55,1440011793783,"88,665",100% bearish,of 1 rating,$18
GDEF,$10.55,1440011793811,300,Not yet rated,NULL,N/A
ACTX,$14.0447,1440011793976,190,100% bullish,of 1 rating,N/A
GPACU,NULL,1440011794046,0,Not yet rated,NULL,N/A
QQQC,$20.9134,1440011794075,"1,088",100% bearish,of 1 rating,N/A
GBLI,$26.99,1440011794097,"5,375",Not yet rated,NULL,N/A
GSOL,$8.655,1440011794231,"1,744",100% bearish,of 1 rating,N/A
ALTY,NULL,1440011794291,0,Not yet rated,NULL,N/A
SOCL,$18.3501,1440011794335,"12,038",100% bullish,of 2 ratings,N/A
SRET,$13.9199,1440011794434,915,Not yet rated,NULL,N/A
GAI,$5.42,1440011794475,"2,137",50% bullish,of 2 ratings,N/A
YLCO,$12.2101,1440011794505,"2,125",Not yet rated,NULL,N/A
GBIM,$2.22,1440011794607,"12,751",50% bullish,of 2 ratings,N/A
GSM,$13.52,1440011794632,"144,555",50% bullish,of 2 ratings,$24.50
GLBS,$1.13,1440011794694,500,67% bullish,of 3 ratings,N/A
GLUU,$4.725,1440011794786,"1,505,883",92% bullish,of 26 ratings,$9
GOGO,$16.3,1440011794881,"228,995",80% bullish,of 5 ratings,$25
GLRI,$1.145,1440011794910,"3,200",100% bearish,of 1 rating,$6
GLYC,$7.2501,1440011794940,"2,800",50% bullish,of 2 ratings,$14
GLNG,$38.0856,1440011794969,"434,754",83% bullish,of 6 ratings,$58
GMLP,$19.75,1440011795047,"177,262",50% bullish,of 4 ratings,$32.50
GLDC,$4.149,1440011795152,400,50% bullish,of 2 ratings,N/A
GDEN,$8.84,1440011795191,"12,959",50% bullish,of 2 ratings,N/A
GOGL,$3.38,1440011795253,"211,287",75% bullish,of 4 ratings,$5
GBDC,$16.623,1440011795325,"41,313",Not yet rated,NULL,$17.75
GTIM,$6.73,1440011795388,"18,850",Not yet rated,NULL,$11.50
GOOG,$661.3875,1440011795430,"644,411",89% bullish,of 65 ratings,$795
GOOGL,$695.04,1440011795455,"808,728",88% bullish,of 1078 ratings,$747
GPIA,NULL,1440011795679,0,Not yet rated,NULL,N/A
GMAN,$4.63,1440011795813,"12,754",60% bullish,of 5 ratings,$8
GPRO,$54.7135,1440011795843,"3,486,880",79% bullish,of 58 ratings,$72
GPIAW,NULL,1440011795866,0,Not yet rated,NULL,N/A
GPIAU,NULL,1440011795887,0,Not yet rated,NULL,N/A
LOPE,$37.3672,1440011795926,"191,143",100% bearish,of 2 ratings,$50
GBSN,$2.245,1440011796026,"60,590",100% bearish,of 1 rating,$8.25
GRVY,$3.673,1440011796052,975,50% bullish,of 2 ratings,N/A
GSBC,$41.94,1440011796215,"11,483",100% bullish,of 1 rating,$44
GLDD,$5.72,1440011796309,"122,517",100% bearish,of 4 ratings,$7.75
GBSNU,$17,1440011796342,"3,840",Not yet rated,NULL,N/A
GNBC,$13.04,1440011796372,"2,349",100% bearish,of 1 rating,$17
GRBK,$14.25,1440011796446,"84,800",77% bullish,of 13 ratings,N/A
GPP,$14.85,1440011796473,"2,960",Not yet rated,NULL,$20.50
GCBC,NULL,1440011796608,0,100% bullish,of 1 rating,N/A
GPRE,$21.095,1440011796634,"202,655",67% bullish,of 6 ratings,$28.50
GLRE,$26.555,1440011796661,"62,116",100% bullish,of 1 rating,$41
GRIF,NULL,1440011796826,0,100% bearish,of 1 rating,N/A
GRFS,$31.86,1440011796855,"84,875",50% bullish,of 2 ratings,$35
OMAB,$42.36,1440011796894,"7,937",100% bullish,of 1 rating,$44
GRPN,$4.21,1440011796930,"3,823,712",61% bullish,of 71 ratings,$6.75
GGAL,$19.69,1440011797103,"162,757",80% bullish,of 5 ratings,$40
GSIG,$13.4601,1440011797140,"7,644",100% bearish,of 2 ratings,N/A
GSIT,$4.86,1440011797204,"55,102",100% bearish,of 1 rating,N/A
GTXI,$0.94,1440011797273,"59,591",100% bullish,of 5 ratings,$.75
GBNK,$16.21,1440011797346,"6,825",100% bearish,of 1 rating,$18
GFED,NULL,1440011797374,0,Not yet rated,NULL,$17
GSVC,$9.46,1440011797400,"9,303",50% bullish,of 2 ratings,$14.50
GUID,$8.72,1440011797536,"24,152",100% bearish,of 3 ratings,$10
GULTU,$0.3151,1440011797561,"3,022,781",100% bearish,of 1 rating,N/A
GIFI,$12.76,1440011797707,"42,696",100% bearish,of 1 rating,$16
GWGH,$7.58,1440011797833,200,100% bearish,of 1 rating,$15.05
GPOR,$34.07,1440011797860,"880,952",75% bullish,of 4 ratings,$55
GWPH,$112.16,1440011797882,"63,301",78% bullish,of 9 ratings,$148.50
GURE,$1.795,1440011797936,"55,678",88% bullish,of 8 ratings,N/A
GYRO,$3,1440011798040,"1,044",100% bearish,of 1 rating,N/A
HEES,$17.06,1440011798142,"171,982",67% bearish,of 3 ratings,$31
HALL,$11.79,1440011798272,"10,025",Not yet rated,NULL,N/A
HBK,$13.7,1440011798316,100,50% bullish,of 2 ratings,N/A
HLG,$9.4966,1440011798347,"3,103",100% bearish,of 1 rating,N/A
HNRG,$7.63,1440011798369,"30,651",100% bearish,of 1 rating,$10
HMPR,$1.95,1440011798416,"7,185",100% bullish,of 1 rating,N/A
HALO,$18.55,1440011798499,"693,332",67% bullish,of 3 ratings,$22.50
HBHCL,$24.5746,1440011798525,"22,422",Not yet rated,NULL,N/A
HBHC,$28.27,1440011798581,"187,123",50% bullish,of 2 ratings,$30
HNH,$28.91,1440011798837,"9,375",100% bullish,of 1 rating,N/A
HAFC,$25.42,1440011798866,"58,918",100% bullish,of 2 ratings,$28.50
HNSN,$0.5121,1440011798968,"34,648",88% bullish,of 8 ratings,$.40
HDNG,$10.7899,1440011799031,"5,284",50% bullish,of 4 ratings,N/A
HQCL,$10.4,1440011799175,"5,817",67% bullish,of 3 ratings,N/A
HLIT,$5.86,1440011799206,"125,410",100% bearish,of 1 rating,$6.50
HRMN,NULL,1440011799227,0,Not yet rated,NULL,N/A
HRMNU,NULL,1440011799257,0,Not yet rated,NULL,N/A
HRMNW,NULL,1440011799278,0,Not yet rated,NULL,N/A
TINY,$2.49,1440011799314,"18,748",50% bullish,of 2 ratings,$5.26
HBIO,$4.48,1440011799412,"8,536",Not yet rated,NULL,$10
HART,$0.6,1440011799455,"113,819",100% bearish,of 1 rating,N/A
HCAP,$12.19,1440011799651,"3,425",50% bullish,of 2 ratings,$15
HA,$25.58,1440011799738,"194,123",67% bullish,of 9 ratings,$27
HCAPL,$25.4201,1440011799830,600,Not yet rated,NULL,N/A
HAS,$79.31,1440011799877,"301,911",63% bullish,of 8 ratings,$84.50
HCOM,$22.97,1440011800036,"3,354",100% bearish,of 1 rating,$28
HDS,$34.56,1440011800084,"352,293",100% bearish,of 2 ratings,$39.50
HWKN,$36.415,1440011800110,"9,101",Not yet rated,NULL,N/A
HAYN,$39.34,1440011800178,"18,078",100% bearish,of 1 rating,$59
HIIQ,$4.645,1440011800211,"16,771",50% bullish,of 2 ratings,$7
HCSG,$34.33,1440011800275,"137,856",50% bullish,of 4 ratings,$35
HWBK,NULL,1440011800314,0,100% bearish,of 1 rating,N/A
HQY,$32.4115,1440011800407,"95,602",67% bullish,of 3 ratings,$31
HTLD,$20.99,1440011800492,"127,136",Not yet rated,NULL,$22.50
HWAY,$12.44,1440011800552,"154,099",100% bearish,of 1 rating,$15
HSTM,$25.3701,1440011800584,"56,212",50% bullish,of 2 ratings,$33.75
HTLF,$37.258,1440011800718,"12,707",100% bullish,of 1 rating,$39.50
HTBX,$5.7,1440011800880,"9,765",50% bullish,of 2 ratings,$15.50
HTWR,$87.79,1440011800905,"58,428",50% bullish,of 2 ratings,$103
HELE,$92.529,1440011801055,"73,185",67% bearish,of 3 ratings,$100
HMTV,$13.11,1440011801082,"10,898",100% bearish,of 1 rating,$16
HSII,$20.06,1440011801108,"25,096",100% bullish,of 3 ratings,$25
HMNY,$2.44,1440011801145,200,100% bearish,of 1 rating,N/A
HCACU,$9.9801,1440011801244,"2,100",Not yet rated,NULL,N/A
HNNA,$23.25,1440011801278,450,Not yet rated,NULL,N/A
HERO,$0.0703,1440011801371,"1,073,173",81% bullish,of 16 ratings,$.75
HSIC,$146.81,1440011801396,"185,094",83% bullish,of 6 ratings,$146
HTBK,$10.946,1440011801544,"10,295",Not yet rated,NULL,$12
HFWA,$18.32,1440011801644,"15,978",100% bullish,of 1 rating,$20
HEOP,$8,1440011801682,"3,544",Not yet rated,NULL,$8.50
HRTX,$32.13,1440011801778,"137,113",67% bullish,of 6 ratings,$41
HSKA,$34.31,1440011801806,"20,940",100% bearish,of 1 rating,$38
MLHR,$29.34,1440011801832,"69,508",50% bullish,of 2 ratings,$33.50
HCCI,$12.25,1440011801885,"1,915",100% bearish,of 1 rating,$16.50
HFFC,NULL,1440011802028,0,Not yet rated,NULL,N/A
HIBB,$40.2733,1440011802065,"132,072",100% bearish,of 1 rating,$48.50
HIHO,$4.26,1440011802096,"15,741",Not yet rated,NULL,N/A
HPJ,$2.6599,1440011802230,"31,721",75% bullish,of 4 ratings,$12.43
HSGX,$6.26,1440011802293,"2,749",100% bearish,of 1 rating,$17
HIMX,$6.68,1440011802321,"991,721",85% bullish,of 20 ratings,$8.50
HIFS,$116.7,1440011802362,"3,729",Not yet rated,NULL,N/A
HMNF,$11.4,1440011802544,4,Not yet rated,NULL,N/A
HMSY,$9.52,1440011802569,"445,971",67% bullish,of 3 ratings,$19.35
HOLI,$17.59,1440011802729,"157,545",50% bullish,of 4 ratings,$27
HOMB,$40.57,1440011802757,"44,890",Not yet rated,NULL,$41
HOLX,$42.138,1440011802788,"734,769",67% bullish,of 3 ratings,$42
HBCP,$24.55,1440011802809,"4,220",Not yet rated,NULL,$29
AWAY,$31.385,1440011803006,"705,357",67% bullish,of 3 ratings,$36
HMIN,$29.43,1440011803034,"61,245",100% bearish,of 2 ratings,$35
HFBL,NULL,1440011803061,0,Not yet rated,NULL,N/A
HMST,$21.81,1440011803165,"51,858",100% bullish,of 2 ratings,$27
HTBI,$18.62,1440011803191,"6,707",67% bullish,of 3 ratings,$18.625
HKTV,$5.0901,1440011803232,"18,100",100% bearish,of 1 rating,N/A
CETC,$0.8264,1440011803334,"36,994",86% bullish,of 7 ratings,N/A
HOFT,$25.17,1440011803375,"9,835",100% bearish,of 1 rating,N/A
HBNC,$25.1,1440011803543,"7,108",100% bullish,of 1 rating,$27
HRZN,$10.94,1440011803610,"16,462",100% bearish,of 1 rating,$14.25
HFBC,$11.6,1440011803635,"2,002",Not yet rated,NULL,N/A
HZNP,$31.2,1440011803675,"581,603",85% bullish,of 20 ratings,$40
ZINC,$7.6,1440011803814,"504,194",100% bearish,of 1 rating,$17
HMHC,$22.555,1440011803841,"218,066",Not yet rated,NULL,$27
HDP,$26.23,1440011803862,"131,551",67% bearish,of 3 ratings,$30.50
HWCC,$7.335,1440011803894,"20,841",100% bearish,of 1 rating,$9
HOVNP,$5.67,1440011804042,"9,384",100% bearish,of 1 rating,N/A
HTGM,$5.52,1440011804210,"6,200",100% bearish,of 1 rating,$19.50
HSNI,$63.12,1440011804368,"58,691",Not yet rated,NULL,$80
HUBG,$41.03,1440011804394,"51,075",100% bearish,of 1 rating,$43
HSON,$2.93,1440011804416,"18,437",100% bearish,of 1 rating,$5
HCBK,$10.255,1440011804447,"541,932",83% bullish,of 6 ratings,$8.61
HBMD,$14.1475,1440011804468,186,100% bearish,of 1 rating,N/A
HDSN,$2.98,1440011804622,"29,426",100% bullish,of 1 rating,$6.25
HBAN,$11.675,1440011804727,"3,857,297",76% bullish,of 17 ratings,$12.50
HURC,$30.33,1440011804765,"10,220",100% bearish,of 1 rating,N/A
HBANP,$1345,1440011804796,28,100% bearish,of 1 rating,N/A
HURN,$75.025,1440011804826,"18,301",50% bullish,of 2 ratings,$80
HBP,$3.24,1440011804900,"1,580",100% bullish,of 1 rating,N/A
HTCH,$1.67,1440011804929,"21,730",100% bearish,of 1 rating,$3.50
HDRA,NULL,1440011805027,0,Not yet rated,NULL,N/A
HDRAR,NULL,1440011805631,0,Not yet rated,NULL,N/A
HDRAU,$10.2,1440011805830,100,Not yet rated,NULL,N/A
HDRAW,NULL,1440011805980,0,Not yet rated,NULL,N/A
IDSY,$3.95,1440011806039,"17,811",100% bearish,of 1 rating,$7
IACI,$73.67,1440011806065,"234,010",75% bullish,of 4 ratings,$90
HYGS,$7.4518,1440011806095,"15,638",50% bullish,of 2 ratings,$13
IKGH,$1.85,1440011806116,"59,952",75% bullish,of 4 ratings,N/A
IBKC,$62.835,1440011806149,"80,040",100% bullish,of 1 rating,$70
ICFI,$35.93,1440011806248,"26,529",50% bullish,of 2 ratings,$48.50
ICAD,$3.59,1440011806317,"30,689",50% bullish,of 2 ratings,$7.25
ICON,$13.11,1440011806345,"317,937",50% bullish,of 2 ratings,$18.50
ICLR,$80.05,1440011806490,"350,781",100% bearish,of 3 ratings,$85
ICUI,$121.66,1440011806517,"27,856",Not yet rated,NULL,$122
INVE,$4.865,1440011806567,"140,300",75% bullish,of 4 ratings,$4
IEP,$72.65,1440011806596,"56,547",75% bullish,of 4 ratings,$99
IPWR,$7.78,1440011806704,"1,840",100% bullish,of 1 rating,$15
DSKY,$12.3,1440011806983,"77,028",67% bullish,of 6 ratings,$11.50
IROQ,NULL,1440011807014,0,100% bullish,of 1 rating,N/A
IIVI,$17.84,1440011807035,"85,230",100% bearish,of 1 rating,$22
IDRA,$2.57,1440011807072,"852,941",89% bullish,of 9 ratings,$6.50
RXDX,$12.9124,1440011807094,"71,913",100% bullish,of 1 rating,$20
IDXX,$78.23,1440011807168,"188,079",100% bearish,of 1 rating,$77
KANG,$16.39,1440011807228,"98,176",50% bullish,of 2 ratings,$22.55
IRG,$4.48,1440011807254,"5,900",100% bearish,of 1 rating,$4.50
IKAN,$2.72,1440011807429,"7,770",83% bullish,of 6 ratings,$5
ILMN,$205.78,1440011807455,"371,186",80% bullish,of 5 ratings,$240
IKNX,$11.5,1440011807613,"4,294",100% bearish,of 1 rating,N/A
ISNS,$4.156,1440011807718,"6,400",50% bullish,of 2 ratings,N/A
ICCC,$8.09,1440011807759,"46,851",100% bullish,of 1 rating,N/A
IMDZ,$16.48,1440011807801,"53,131",100% bearish,of 1 rating,$33
IMNP,$1.51,1440011807852,"117,025",50% bullish,of 2 ratings,$6
IMMU,$1.84,1440011807878,"380,379",86% bullish,of 7 ratings,$2
IMMR,$12.23,1440011807954,"63,722",80% bullish,of 5 ratings,$15.50
IMGN,$12.85,1440011808021,"507,722",75% bullish,of 4 ratings,$17.50
IPXL,$46.56,1440011808111,"286,146",67% bullish,of 3 ratings,$46.50
INCR,$43.78,1440011808150,"201,279",50% bullish,of 2 ratings,$53
IMMY,$7.51,1440011808178,"5,203",100% bearish,of 1 rating,$11
SAAS,$7.82,1440011808242,"169,171",50% bullish,of 2 ratings,$15
INDB,$48.04,1440011808377,"38,607",Not yet rated,NULL,$44
INCY,$111.825,1440011808403,"452,152",50% bullish,of 6 ratings,$125.50
IBCP,$14.72,1440011808570,"17,135",100% bullish,of 1 rating,$14.50
IBTX,$44.22,1440011808631,"7,951",100% bullish,of 2 ratings,$47.25
IDSA,$3.69,1440011808659,302,Not yet rated,NULL,N/A
INFI,$9.38,1440011808717,"284,225",50% bullish,of 4 ratings,$18
INFN,$24.595,1440011808806,"524,198",71% bullish,of 7 ratings,$28
IPCC,$81.27,1440011808848,"8,542",Not yet rated,NULL,$77.50
III,$4.25,1440011808876,"27,361",57% bullish,of 7 ratings,$6
IFON,$1.2999,1440011808947,"75,982",75% bullish,of 4 ratings,N/A
INWK,$7.64,1440011809047,"36,936",50% bullish,of 2 ratings,$10
IMKTA,$54.03,1440011809074,"53,088",100% bearish,of 1 rating,N/A
INNL,$13.7,1440011809205,"3,444",100% bearish,of 1 rating,$16.50
INOD,$2.55,1440011809232,"26,200",100% bearish,of 1 rating,N/A
IPHS,$49.38,1440011809363,"44,055",100% bearish,of 1 rating,$60
IOSP,$46.88,1440011809431,"37,081",100% bearish,of 1 rating,N/A
INGN,$51.0501,1440011809492,"44,890",100% bearish,of 1 rating,$50.50
ISSC,$3.02,1440011809566,500,67% bearish,of 3 ratings,N/A
ITEK,$15.49,1440011809782,"377,141",67% bearish,of 3 ratings,$20
INO,$7.5865,1440011809814,"1,253,116",89% bullish,of 18 ratings,$20
NSIT,$26.355,1440011809843,"35,576",50% bullish,of 2 ratings,N/A
INSM,$27.16,1440011809891,"67,172",71% bullish,of 7 ratings,$32
ISIG,$2.58,1440011809924,"6,950",100% bearish,of 1 rating,N/A
INSY,$34.07,1440011809991,"382,986",75% bullish,of 4 ratings,$48
PODD,$30.2,1440011810019,"125,503",50% bullish,of 2 ratings,$35
IIIN,$17.93,1440011810052,"8,842",100% bearish,of 2 ratings,N/A
INOV,$21.4763,1440011810220,"104,592",100% bearish,of 1 rating,$33
NTEC,$5.8925,1440011810260,"11,180",Not yet rated,NULL,N/A
IESC,$7.3,1440011810429,"3,554",100% bearish,of 1 rating,N/A
IART,$61.99,1440011810461,"80,787",100% bearish,of 1 rating,$71.50
INTC,$28.415,1440011810483,"13,381,333",82% bullish,of 238 ratings,$36
IDTI,$18.31,1440011810515,"1,225,219",60% bullish,of 5 ratings,$25
ISSI,$22.335,1440011810561,"273,122",67% bullish,of 3 ratings,$19.75
IQNT,$19.745,1440011810774,"310,081",86% bullish,of 7 ratings,$20
IPAR,$28.71,1440011810822,"28,436",67% bullish,of 3 ratings,$38
IPCI,$2.1501,1440011810917,"22,331",67% bullish,of 6 ratings,$7.75
ICLD,$1.89,1440011810943,"171,759",75% bullish,of 4 ratings,N/A
ININ,$40.05,1440011810973,"38,778",67% bearish,of 3 ratings,$57
ICPT,$209.19,1440011811001,"88,823",70% bullish,of 10 ratings,$363
IBKR,$41.88,1440011811030,"117,369",100% bullish,of 1 rating,N/A
ICLDW,NULL,1440011811127,0,100% bearish,of 1 rating,N/A
IDCC,$49.44,1440011811231,"75,296",80% bullish,of 5 ratings,$63
IBOC,$27.25,1440011811560,"33,471",100% bearish,of 1 rating,N/A
INAP,$8.755,1440011811590,"89,620",75% bullish,of 4 ratings,$11
TILE,$25.88,1440011811667,"277,058",67% bearish,of 3 ratings,$27
IMI,$1.99,1440011811693,"2,830",67% bullish,of 3 ratings,$2.22
ISCA,$33.12,1440011811829,"43,896",100% bearish,of 1 rating,N/A
PTNT,$3.01,1440011811973,"7,700",Not yet rated,NULL,N/A
IGLD,$7.62,1440011812009,"2,105",50% bullish,of 2 ratings,N/A
IIJI,$10.14,1440011812046,100,50% bullish,of 2 ratings,$11.50
INPH,$0.3299,1440011812068,"8,697",50% bullish,of 2 ratings,N/A
INTX,$2.5007,1440011812143,"24,517",67% bullish,of 3 ratings,N/A
XENT,$29.47,1440011812172,"81,779",50% bullish,of 2 ratings,$36.50
IILG,$21.215,1440011812209,"30,375",100% bearish,of 1 rating,$30.50
ISIL,$10.72,1440011812371,"494,045",50% bullish,of 6 ratings,$15
INTL,$27.4,1440011812499,"39,115",67% bearish,of 3 ratings,N/A
IVAC,$5.005,1440011812525,"10,100",Not yet rated,NULL,$6.625
INTLL,$25.903,1440011812595,633,Not yet rated,NULL,N/A
ITCI,$30.245,1440011812664,"180,119",75% bearish,of 4 ratings,$40
IIN,$6.3601,1440011812691,"1,000",100% bearish,of 1 rating,$12
ISRG,$525.29,1440011812767,"81,314",67% bullish,of 3 ratings,$600
INTU,$105.81,1440011812826,"670,743",100% bullish,of 7 ratings,$107.50
SNAK,$8.855,1440011812992,"74,276",50% bullish,of 2 ratings,$14
INVT,$0.2865,1440011813021,"68,600",67% bullish,of 3 ratings,N/A
ISTR,$15.75,1440011813053,"1,329",100% bearish,of 1 rating,$18.50
ISBC,$12.25,1440011813153,"566,838",100% bullish,of 1 rating,$13.25
IVTY,$12.02,1440011813182,"12,857",Not yet rated,NULL,$18
ITIC,NULL,1440011813208,0,100% bearish,of 2 ratings,N/A
NVIV,$10.7,1440011813234,"279,072",50% bullish,of 4 ratings,$24.50
IPAS,$1.08,1440011813453,"41,804",67% bullish,of 3 ratings,N/A
DTUL,NULL,1440011813547,0,Not yet rated,NULL,N/A
IPGP,$91.15,1440011813632,"181,944",100% bearish,of 2 ratings,$109.50
DFVL,NULL,1440011813661,0,Not yet rated,NULL,N/A
IRIX,$7.3,1440011813696,"6,500",100% bearish,of 1 rating,N/A
IPCM,$79.21,1440011813719,"383,573",50% bullish,of 2 ratings,$80.125
IRDM,$6.8199,1440011813793,"230,384",60% bullish,of 5 ratings,$11.50
IRMD,$26.345,1440011813825,"7,961",67% bearish,of 3 ratings,$25
IRDMB,$267.2325,1440011813932,220,67% bearish,of 3 ratings,N/A
IRWD,$11.48,1440011814092,"399,153",100% bearish,of 1 rating,$13
IRBT,$30.81,1440011814122,"96,091",67% bullish,of 6 ratings,$37
IRCP,NULL,1440011814177,0,100% bullish,of 2 ratings,N/A
COMT,$32.8469,1440011814228,"5,434",100% bearish,of 1 rating,N/A
GNMA,$50.11,1440011814278,"3,913",Not yet rated,NULL,N/A
IFAS,$28.9388,1440011814416,"1,860",Not yet rated,NULL,N/A
FCHI,$48.75,1440011814446,"1,414",Not yet rated,NULL,N/A
IFEU,$39.9101,1440011814467,"43,194",Not yet rated,NULL,N/A
IFGL,$29.97,1440011814652,"25,186",Not yet rated,NULL,N/A
IFNA,$53.402,1440011814680,600,Not yet rated,NULL,N/A
ACWX,$42.445,1440011814705,"221,029",100% bearish,of 1 rating,N/A
ACWI,$58.44,1440011814761,"344,148",Not yet rated,NULL,N/A
AAXJ,$55.06,1440011814866,"630,446",Not yet rated,NULL,N/A
AXJS,NULL,1440011814890,0,Not yet rated,NULL,N/A
AAIT,$30.43,1440011814916,570,100% bullish,of 1 rating,N/A
EEMA,$51.95,1440011815046,"19,499",Not yet rated,NULL,N/A
EMDI,$46.055,1440011815348,200,Not yet rated,NULL,N/A
EEME,NULL,1440011815373,0,100% bearish,of 1 rating,N/A
EMEY,$25.31,1440011815670,300,Not yet rated,NULL,N/A
EGRW,$48.5,1440011815946,100,Not yet rated,NULL,N/A
EUFN,$22.9306,1440011817027,"70,271",100% bearish,of 1 rating,N/A
EEML,$28.35,1440011817053,"1,427",Not yet rated,NULL,N/A
EVAL,$36.6901,1440011817075,"3,095",Not yet rated,NULL,N/A
IEUS,$47.4599,1440011817207,"5,007",100% bearish,of 1 rating,N/A
QAT,NULL,1440011817232,0,Not yet rated,NULL,N/A
UAE,$18.235,1440011817258,"14,396",Not yet rated,NULL,N/A
IBB,$365.415,1440011817283,"562,347",63% bullish,of 8 ratings,N/A
SOXX,$84.11,1440011817309,"183,888",50% bullish,of 2 ratings,N/A
ICLN,$10.13,1440011817457,"94,227",50% bullish,of 2 ratings,N/A
WOOD,$50.85,1440011817489,"4,986",50% bullish,of 2 ratings,N/A
EMIF,$29.525,1440011817642,"12,025",Not yet rated,NULL,N/A
ISIS,$50.28,1440011817716,"523,645",53% bullish,of 15 ratings,$67
IGOV,$90.7,1440011817744,"14,786",100% bearish,of 1 rating,N/A
INDY,$29.76,1440011817765,"156,898",100% bullish,of 1 rating,N/A
ISLE,$18.47,1440011817794,"110,382",50% bullish,of 4 ratings,$16
ISHG,$78.9582,1440011818097,"2,889",100% bearish,of 1 rating,N/A
ISRL,$138,1440011818273,34,100% bearish,of 1 rating,N/A
ITUS,$4.28,1440011818301,100,Not yet rated,NULL,N/A
ITRN,$25.18,1440011818331,"1,212",50% bullish,of 2 ratings,N/A
XXIA,$15.67,1440011818352,"148,126",71% bullish,of 7 ratings,$14.625
JJSF,$118.56,1440011818384,"17,431",100% bearish,of 1 rating,N/A
IXYS,$10.85,1440011818406,"128,305",50% bullish,of 4 ratings,N/A
ITRI,$33,1440011818538,"154,518",Not yet rated,NULL,$37
JCOM,$73.109,1440011818700,"38,606",100% bullish,of 2 ratings,$77
MAYS,NULL,1440011818735,0,Not yet rated,NULL,N/A
JBHT,$79.635,1440011818761,"451,323",50% bullish,of 4 ratings,$89.50
JKHY,$71.12,1440011818786,"52,143",50% bullish,of 2 ratings,$72
JACK,$85.92,1440011818815,"217,848",83% bullish,of 6 ratings,$105
JASO,$8.01,1440011818841,"525,573",82% bullish,of 17 ratings,$10
JXSB,NULL,1440011818971,0,Not yet rated,NULL,N/A
JAXB,NULL,1440011819146,0,100% bullish,of 1 rating,N/A
JAGX,$2.99,1440011819182,"2,700",Not yet rated,NULL,N/A
ERW,NULL,1440011819231,0,Not yet rated,NULL,N/A
JMBA,$13.44,1440011819256,"53,886",75% bullish,of 4 ratings,$18
JAKK,$9.31,1440011819283,"203,695",60% bearish,of 5 ratings,$10.50
JRVR,$26.735,1440011819304,"10,882",Not yet rated,NULL,$32
JASN,$5.13,1440011819449,"11,000",50% bullish,of 2 ratings,$9.50
JASNW,$0.24,1440011819601,"2,100",50% bullish,of 2 ratings,N/A
JAZZ,$186.08,1440011819637,"155,586",80% bullish,of 15 ratings,$206.50
JD,$26.805,1440011819678,"4,169,065",75% bullish,of 16 ratings,$36
JCTCF,NULL,1440011819705,0,100% bullish,of 1 rating,N/A
JTPY,$2.98,1440011819733,400,100% bearish,of 1 rating,N/A
JBLU,$24.06,1440011819760,"2,741,267",94% bullish,of 16 ratings,$27
DATE,$6.56,1440011819887,"27,646",75% bullish,of 4 ratings,$9
JST,$4.26,1440011819989,"10,941",75% bullish,of 4 ratings,N/A
JIVE,$4.09,1440011820087,"163,100",75% bullish,of 4 ratings,$5
WYIGU,$10.0434,1440011820175,"1,000",Not yet rated,NULL,N/A
JOEZ,$0.1768,1440011820203,"77,342",92% bullish,of 12 ratings,N/A
JBSS,$48.4801,1440011820229,"11,916",67% bearish,of 3 ratings,N/A
JOUT,$26.1086,1440011820264,"3,533",100% bearish,of 1 rating,$34
JUNO,$40.57,1440011820475,"878,276",73% bullish,of 11 ratings,$71.50
JNP,$9.92,1440011820502,"18,457",100% bullish,of 3 ratings,$15
KTWO,$21.78,1440011820579,"43,735",100% bearish,of 1 rating,$28.50
KALU,$84.23,1440011820640,"55,190",67% bearish,of 3 ratings,$91
KNDI,$7.77,1440011820725,"868,495",86% bullish,of 22 ratings,N/A
KMDA,$3.8,1440011820794,100,50% bullish,of 2 ratings,$8
KCLI,$47.6801,1440011820949,"5,536",Not yet rated,NULL,N/A
