Symbol,Price,Date,Volume,Rating,RatingVoteCount,OneYearEstimate
TFSC,$9.73,1440613202109,"7,100",100% bearish,of 1 rating,N/A
TFSCU,NULL,1440613202139,0,Not yet rated,NULL,N/A
FCCY,$11.59,1440613202179,"2,164",100% bullish,of 1 rating,$13
PIH,$7.1311,1440613202206,"2,400",100% bearish,of 1 rating,N/A
TFSCW,NULL,1440613202230,0,100% bearish,of 1 rating,N/A
FCTY,$7.85,1440613202256,"2,967",100% bullish,of 1 rating,$8.50
TFSCR,NULL,1440613202387,0,Not yet rated,NULL,N/A
FLWS,$9.46,1440613202480,"283,864",100% bullish,of 5 ratings,$15
SRCE,$29.28,1440613202550,"15,044",100% bullish,of 3 ratings,$33
UGLD,$9.08,1440613202625,"144,008",100% bearish,of 1 rating,N/A
DSLV,$77.1945,1440613202683,"16,772",100% bearish,of 1 rating,N/A
DGLD,$82.9718,1440613202727,"14,268",100% bullish,of 1 rating,N/A
VNET,$17.37,1440613202814,"555,725",60% bullish,of 5 ratings,$29.50
TWOU,$34.755,1440613202840,"96,880",50% bullish,of 2 ratings,$39
JOBS,$27.01,1440613203003,"53,557",50% bullish,of 4 ratings,$36
USLV,$11.3181,1440613203054,"518,223",86% bullish,of 7 ratings,N/A
SIXD,$3.0001,1440613203226,"363,107",Not yet rated,NULL,N/A
SHLM,$32.49,1440613203295,"47,315",100% bearish,of 1 rating,$50
CAFD,$13.785,1440613203355,"143,799",Not yet rated,NULL,$25
AVHI,$13.98,1440613203456,"10,320",100% bearish,of 1 rating,$19
EGHT,$7.565,1440613203555,"188,990",82% bullish,of 17 ratings,$11
AAON,$20.12,1440613203581,"84,176",100% bearish,of 1 rating,$24
ABGB,$6.3,1440613203655,"172,598",67% bullish,of 3 ratings,$5.50
ABAX,$46.455,1440613203690,"60,312",100% bearish,of 1 rating,$60
ABEOW,$1.85,1440613203787,"2,286",100% bullish,of 1 rating,N/A
ABY,$20.855,1440613203840,"441,770",100% bearish,of 2 ratings,$46
ABEO,$4.44,1440613203866,"69,243",50% bullish,of 4 ratings,$15.50
AXAS,$1.58,1440613204085,"454,394",78% bullish,of 9 ratings,$3.50
ABMD,$95.595,1440613204111,"173,197",75% bullish,of 4 ratings,$100.50
ACTG,$8.8,1440613204132,"167,269",67% bullish,of 3 ratings,$18.50
ACHC,$69.22,1440613204259,"386,299",50% bullish,of 2 ratings,$92
ACAD,$34.68,1440613204362,"307,480",80% bullish,of 20 ratings,$48
ACST,$0.345,1440613204543,"10,793",100% bullish,of 2 ratings,N/A
ACRX,$4.0508,1440613204568,"104,999",67% bearish,of 6 ratings,$5.50
XLRN,$27.865,1440613204600,"77,126",50% bullish,of 2 ratings,$57
AXDX,$18.05,1440613204632,"99,089",100% bearish,of 1 rating,N/A
VXDN,$1.782,1440613204653,"22,649",100% bearish,of 1 rating,N/A
ARAY,$6.38,1440613204703,"413,250",100% bearish,of 1 rating,$10.50
ANCX,$19.92,1440613204734,"14,839",Not yet rated,NULL,$20
VXUP,$1.65,1440613204834,"45,969",100% bearish,of 1 rating,N/A
ACET,$22.41,1440613205056,"45,961",75% bullish,of 4 ratings,$30
ACHN,$6.985,1440613205082,"845,889",90% bullish,of 21 ratings,$16
AKAO,$6.7595,1440613205108,"64,194",75% bullish,of 4 ratings,$15
ACNB,$19.9161,1440613205251,"2,700",Not yet rated,NULL,N/A
ACIW,$20.61,1440613205283,"214,716",67% bearish,of 3 ratings,$24
ACOR,$31.295,1440613205385,"457,887",67% bearish,of 3 ratings,$38.50
ACTS,$1.57,1440613205411,"15,598",100% bearish,of 1 rating,N/A
ACPW,$1.8,1440613205437,"20,456",100% bullish,of 4 ratings,$3.50
ATVI,$26.32,1440613205567,"2,225,136",68% bullish,of 84 ratings,$31.50
ACUR,$0.52,1440613205661,"32,597",100% bullish,of 5 ratings,$1
ACTA,$12.91,1440613205695,"28,290",67% bearish,of 3 ratings,$25
ADMS,$19.36,1440613205735,"30,126",100% bearish,of 2 ratings,$36
ACXM,$20,1440613205759,"139,958",67% bullish,of 3 ratings,N/A
ADAP,$11.3,1440613205828,"23,946",67% bullish,of 3 ratings,$22
ADMP,$3.41,1440613205854,"24,181",50% bullish,of 2 ratings,$10
ADUS,$28.01,1440613206044,"24,954",100% bearish,of 1 rating,$31
ADEP,$6.5,1440613206272,"31,781",50% bullish,of 2 ratings,$10.75
AEY,$2.2503,1440613206297,"1,945",100% bearish,of 2 ratings,N/A
ADTN,$15.14,1440613206327,"117,502",67% bullish,of 3 ratings,$17.125
ADMA,$9.258,1440613206354,"1,504",Not yet rated,NULL,$19
AMD,$1.685,1440613206428,"4,624,532",83% bullish,of 103 ratings,$2
ADRO,$18.615,1440613206484,"169,903",80% bullish,of 5 ratings,$45.50
AEIS,$23.73,1440613206511,"64,159",50% bullish,of 2 ratings,$32.50
ADBE,$75.85,1440613206583,"931,933",65% bullish,of 17 ratings,$90
ADXS,$12.76,1440613206721,"615,470",64% bullish,of 14 ratings,$27
MULT,NULL,1440613206745,0,100% bearish,of 1 rating,N/A
ADXSW,$8.47,1440613206968,"28,605",100% bullish,of 1 rating,N/A
AEGR,$17.22,1440613206993,"124,377",50% bullish,of 6 ratings,$26
YPRO,$23.0316,1440613207017,800,100% bearish,of 1 rating,N/A
AEGN,$17.65,1440613207214,"45,569",100% bearish,of 2 ratings,$21
AEHR,NULL,1440613207260,0,50% bullish,of 2 ratings,N/A
AMTX,$2.51,1440613207307,"13,002",50% bullish,of 2 ratings,$26.11
AERI,$15.43,1440613207333,"156,447",75% bullish,of 4 ratings,$31.50
AEMD,$6.88,1440613207469,"5,630",Not yet rated,NULL,$27.50
AVAV,$23.08,1440613207600,"34,822",50% bullish,of 4 ratings,$31
AEPI,$53.65,1440613207655,"5,472",100% bearish,of 1 rating,N/A
AFFX,$8.93,1440613207763,"141,969",80% bullish,of 5 ratings,$12
AEZS,$0.0825,1440613207805,"2,525,527",90% bullish,of 21 ratings,$1.50
AGRX,$8.205,1440613207839,"5,099",100% bearish,of 1 rating,$17.50
AGEN,$6.535,1440613207867,"548,135",85% bullish,of 13 ratings,$14
AFMD,$9.56,1440613207935,"119,037",50% bullish,of 4 ratings,$15
AGYS,$9.55,1440613208023,"20,970",100% bearish,of 1 rating,N/A
AGIO,$84.1,1440613208162,"219,188",88% bullish,of 8 ratings,$114
AGFS,$9.92,1440613208233,"19,321",100% bearish,of 1 rating,N/A
AGFSW,$1.86,1440613208261,"5,203",100% bearish,of 2 ratings,N/A
AIRM,$34.98,1440613208288,"102,502",80% bearish,of 5 ratings,$53
ATSG,$8.66,1440613208494,"95,319",67% bullish,of 3 ratings,$13
AIRT,$21.23,1440613208568,711,100% bullish,of 1 rating,N/A
AKAM,$66.155,1440613208679,"685,782",63% bullish,of 8 ratings,$77
AIMT,$21.15,1440613208709,"103,945",Not yet rated,NULL,N/A
AMCN,$4.41,1440613208782,"449,011",83% bullish,of 6 ratings,N/A
AKBA,$6.1399,1440613208810,"82,088",100% bearish,of 1 rating,$18
AIXG,$5.79,1440613208837,"13,638",67% bearish,of 3 ratings,$5.25
ALRM,$15.9,1440613209044,"96,196",100% bearish,of 1 rating,$22
AKER,$2.45,1440613209172,"56,400",Not yet rated,NULL,N/A
AMRI,$19.605,1440613209198,"284,257",75% bearish,of 4 ratings,$24
AKRX,$38.02,1440613209219,"457,192",78% bullish,of 9 ratings,$56
ALSK,$2.01,1440613209249,"63,298",78% bullish,of 18 ratings,$2
ABDC,$11.97,1440613209390,"55,652",Not yet rated,NULL,$15
ADHD,$7.8199,1440613209415,"84,157",50% bullish,of 4 ratings,$18
ALDX,$6.64,1440613209575,"7,459",100% bearish,of 1 rating,$14.50
ALXA,$1.1036,1440613209620,"12,369",83% bullish,of 6 ratings,$2.125
ALCO,$40.99,1440613209654,"4,570",50% bullish,of 2 ratings,N/A
ALDR,$36.91,1440613209754,"179,347",67% bearish,of 3 ratings,$62
ALXN,$168.024,1440613209779,"499,077",88% bullish,of 8 ratings,$223
ALGN,$55.2199,1440613209807,"229,891",100% bearish,of 2 ratings,$73
ALGT,$213.08,1440613210018,"40,508",100% bearish,of 2 ratings,$235
ALKS,$57.77,1440613210044,"289,508",67% bullish,of 3 ratings,$75
ALLB,$22.5,1440613210182,300,Not yet rated,NULL,N/A
ALIM,$3.12,1440613210214,"31,039",80% bullish,of 5 ratings,$10
AIQ,$13.34,1440613210318,"11,122",67% bullish,of 3 ratings,N/A
ARLP,$24.18,1440613210423,"52,950",67% bearish,of 3 ratings,$32
AFOP,$18.18,1440613210448,"63,162",75% bullish,of 8 ratings,$21
AHGP,$34.59,1440613210482,"24,010",67% bullish,of 3 ratings,N/A
AHPI,NULL,1440613210593,0,50% bullish,of 2 ratings,N/A
AMOT,$18.29,1440613210694,"37,938",100% bearish,of 1 rating,N/A
AFAM,$45.08,1440613211061,"38,853",50% bullish,of 2 ratings,$44
ALQA,$4.18,1440613211087,"9,487",75% bullish,of 4 ratings,$8.50
ALNY,$98.405,1440613211217,"233,374",67% bullish,of 3 ratings,$148.50
AOSL,$7.27,1440613211245,"36,451",67% bullish,of 3 ratings,$9
SMCP,NULL,1440613211271,0,Not yet rated,NULL,N/A
ASPS,$24.99,1440613211296,"133,487",67% bullish,of 3 ratings,$46.50
ALLT,$4.91,1440613211462,"67,028",75% bullish,of 4 ratings,$6.25
ATEC,$0.5799,1440613211515,"121,383",100% bullish,of 1 rating,$2
MDRX,$13.11,1440613211547,"915,905",60% bullish,of 5 ratings,$16
ALTR,$47.01,1440613211574,"901,455",80% bearish,of 5 ratings,$54
AIMC,$24.32,1440613211723,"27,406",100% bearish,of 2 ratings,$28.50
AMRN,$1.87,1440613211782,"669,795",85% bullish,of 39 ratings,$8
AMAG,$60.9,1440613211887,"216,400",100% bullish,of 2 ratings,$77.50
AMZN,$487.6607,1440613212055,"1,973,956",81% bullish,of 264 ratings,$646
AMBCW,$7,1440613212244,"3,000",100% bearish,of 1 rating,N/A
EPAX,$2.69,1440613212271,"46,621",100% bearish,of 1 rating,N/A
AMBC,$15.4,1440613212292,"99,611",100% bearish,of 1 rating,$16.50
AMCX,$69.1,1440613212476,"470,675",67% bullish,of 3 ratings,$87.50
AMDA,$0.4597,1440613212604,"684,421",90% bullish,of 10 ratings,$1
AYA,$19.5,1440613212631,"10,123",100% bearish,of 1 rating,$40
AMED,$37.815,1440613212652,"68,049",100% bearish,of 1 rating,$42
ATAX,$5.13,1440613213022,"88,231",100% bullish,of 1 rating,$6.50
UHAL,$365.41,1440613213052,"6,590",100% bullish,of 2 ratings,$393.50
AMBA,$85.4538,1440613213154,"1,200,998",83% bullish,of 12 ratings,$102.50
AMRK,$10.36,1440613213241,470,50% bullish,of 2 ratings,$14
DOX,$55.59,1440613213289,"366,005",67% bearish,of 3 ratings,$60
ASBI,$22.16,1440613213317,"2,500",Not yet rated,NULL,N/A
AMOV,$17.41,1440613213342,"4,200",100% bearish,of 1 rating,N/A
AAL,$37.94,1440613213471,"5,328,925",93% bullish,of 88 ratings,$57
AGNCP,$25.25,1440613213606,"2,900",Not yet rated,NULL,N/A
AGNCB,$24.1,1440613213771,"12,248",Not yet rated,NULL,N/A
ACAS,$13.15,1440613213855,"839,697",60% bullish,of 5 ratings,$16.75
ANCI,$1.53,1440613213993,"2,800",100% bearish,of 1 rating,N/A
ACSF,$11.997,1440613214057,"16,810",100% bearish,of 1 rating,$15
AMIC,NULL,1440613214186,0,Not yet rated,NULL,N/A
AMNB,$22.8,1440613214276,"3,217",Not yet rated,NULL,$25.50
APEI,$21.01,1440613214505,"17,611",100% bearish,of 1 rating,$25.50
AETI,$3.97,1440613214581,"1,116",67% bearish,of 3 ratings,N/A
MTGEP,$24.5,1440613214603,600,Not yet rated,NULL,N/A
ANAT,$99.23,1440613214682,"17,222",100% bullish,of 1 rating,N/A
ARII,$38.11,1440613214712,"107,725",67% bearish,of 3 ratings,$45
AMRB,$9.95,1440613214841,"7,804",Not yet rated,NULL,$11
AGNC,$19.24,1440613214870,"1,872,557",71% bullish,of 28 ratings,$22
AMSWA,$8.55,1440613214971,"10,456",100% bearish,of 2 ratings,$10.75
ASEI,$36.89,1440613215189,"18,075",100% bearish,of 1 rating,$52.50
ABCB,$26.23,1440613215328,"58,081",Not yet rated,NULL,$31
AMSC,$4.04,1440613215392,"82,335",50% bullish,of 4 ratings,N/A
AMWD,$64.12,1440613215462,"80,410",50% bullish,of 2 ratings,$70
ASRV,$3.2,1440613215655,"22,386",100% bullish,of 2 ratings,N/A
ATLO,$23.35,1440613215681,"1,764",Not yet rated,NULL,N/A
FOLD,$13.55,1440613215835,"589,478",56% bullish,of 9 ratings,$21
AMKR,$4.515,1440613215878,"827,152",100% bearish,of 2 ratings,$5
CRMT,$36.332,1440613215964,"14,355",100% bearish,of 1 rating,$39
AMPH,$13.266,1440613216052,"93,023",50% bullish,of 2 ratings,$20
AMSGP,NULL,1440613216380,0,Not yet rated,NULL,N/A
AMGN,$149.94,1440613216421,"1,770,259",89% bullish,of 19 ratings,$185
AMSG,$77.96,1440613216516,"210,024",100% bearish,of 1 rating,$85.50
ASYS,$4.96,1440613216590,"31,544",67% bullish,of 3 ratings,$12
MTGE,$15.28,1440613216830,"140,819",75% bullish,of 4 ratings,$19.50
AFSI,$57.13,1440613216857,"303,787",60% bullish,of 5 ratings,$72
ASRVP,NULL,1440613216877,0,Not yet rated,NULL,N/A
AMRS,$1.59,1440613216915,"44,726",70% bullish,of 10 ratings,N/A
ANAC,$127.87,1440613217011,"174,857",80% bullish,of 5 ratings,$180.50
ADI,$52.4,1440613217038,"1,145,111",67% bullish,of 3 ratings,$69
AMSF,$46.49,1440613217066,"18,381",Not yet rated,NULL,$57.50
ANAD,$0.3368,1440613217087,"148,509",100% bullish,of 2 ratings,$.50
ANCB,$22.45,1440613217337,900,Not yet rated,NULL,$23
AMCF,$0.2476,1440613217440,"1,900",100% bullish,of 7 ratings,N/A
ABCW,$39,1440613217501,"6,488",67% bullish,of 3 ratings,N/A
ANGO,$14.64,1440613217767,"17,471",67% bullish,of 3 ratings,$19
ANSS,$86.72,1440613217827,"207,333",100% bearish,of 1 rating,$100
ANTH,$6.56,1440613217959,"428,991",80% bullish,of 10 ratings,$13
ABAC,$0.6999,1440613217989,"1,000",100% bearish,of 1 rating,N/A
ATRS,$1.68,1440613218015,"379,108",92% bullish,of 12 ratings,$4.50
ALOG,$78.58,1440613218127,"20,052",100% bearish,of 2 ratings,$100.50
APIC,$6.06,1440613218156,"51,603",100% bearish,of 1 rating,$19
ATNY,$2.34,1440613218288,"8,400",50% bullish,of 2 ratings,$3.75
ANGI,$4.735,1440613218388,"180,450",64% bullish,of 11 ratings,$5.50
APOG,$48.55,1440613218426,"88,730",50% bullish,of 2 ratings,$67
APOL,$10.755,1440613218583,"600,277",87% bearish,of 68 ratings,$14
ANIK,$33.73,1440613218634,"30,954",60% bullish,of 5 ratings,$51.25
ANIP,$48.41,1440613218659,"77,957",89% bullish,of 19 ratings,$66
APPF,$16.33,1440613218823,"20,505",50% bullish,of 2 ratings,$22
AINV,$6.35,1440613219041,"446,426",50% bullish,of 4 ratings,$8
AGTC,$14.95,1440613219172,"69,299",50% bullish,of 2 ratings,$33
APDN,$3.17,1440613219199,"21,365",Not yet rated,NULL,$9
AMAT,$14.965,1440613219243,"12,160,342",82% bullish,of 11 ratings,$23
AMCC,$5.42,1440613219387,"237,974",80% bullish,of 5 ratings,$8
AREX,$1.715,1440613219525,"254,907",100% bearish,of 1 rating,$3
APRI,$1.18,1440613219630,"40,514",83% bullish,of 6 ratings,$4.86
APTO,$4.72,1440613219686,"1,318",Not yet rated,NULL,$17
ARCI,NULL,1440613219830,0,Not yet rated,NULL,N/A
AQXP,$17.66,1440613220046,"149,797",50% bullish,of 2 ratings,$2
AUMA,NULL,1440613220072,0,Not yet rated,NULL,N/A
AUMAU,NULL,1440613220203,0,Not yet rated,NULL,N/A
APDNW,$1.1,1440613220278,"1,100",Not yet rated,NULL,N/A
AAOI,$19.39,1440613220340,"94,787",50% bullish,of 4 ratings,$26
AUMAW,NULL,1440613220371,0,Not yet rated,NULL,N/A
AQMS,$4.89,1440613220393,"14,417",Not yet rated,NULL,N/A
PETX,$16.665,1440613220444,"246,336",100% bearish,of 2 ratings,$26
ARDM,$6.95,1440613220469,202,100% bullish,of 1 rating,$26
AAPL,$106.43,1440613220737,"33,961,690",86% bullish,of 2349 ratings,$150
ARCW,$3.5199,1440613220923,"14,161",100% bearish,of 2 ratings,$10.50
ACGL,$67,1440613221066,"85,390",50% bullish,of 2 ratings,$72
ACAT,$25.14,1440613221095,"39,045",100% bearish,of 3 ratings,$33
ARDX,$17.49,1440613221199,"55,630",50% bullish,of 2 ratings,$24.50
ARNA,$2.57,1440613221365,"1,356,280",90% bullish,of 77 ratings,$5.50
ABUS,$6.61,1440613221449,"192,066",86% bullish,of 14 ratings,$23
ARCB,$27.69,1440613221475,"121,887",67% bearish,of 3 ratings,$39.50
ARCC,$14.835,1440613221496,"948,897",67% bearish,of 3 ratings,$17.875
AGII,$55.74,1440613221684,"45,472",Not yet rated,NULL,$59.50
ARGS,$6.14,1440613221730,"23,381",50% bullish,of 2 ratings,$19.50
AGIIL,$25.56,1440613221784,"9,783",Not yet rated,NULL,N/A
RKDA,$5.86,1440613221817,"5,641",100% bearish,of 2 ratings,$10
ARIS,$3.91,1440613221842,"123,530",Not yet rated,NULL,$4.50
ARIA,$6.38,1440613221919,"1,664,941",87% bullish,of 46 ratings,$9
ARTX,$1.34,1440613222281,"157,165",88% bullish,of 16 ratings,$4.50
ARMH,$40.7,1440613222309,"2,930,763",54% bearish,of 13 ratings,$61
ARWAR,$0.27,1440613222329,800,Not yet rated,NULL,N/A
ARQL,$1.6,1440613222460,"103,739",75% bullish,of 4 ratings,$5
ARWA,NULL,1440613222590,0,Not yet rated,NULL,N/A
ARWR,$5.36,1440613222734,"368,774",75% bullish,of 4 ratings,$10.50
ARRS,$25.26,1440613222767,"391,883",50% bullish,of 2 ratings,$38
ARTNA,$22.12,1440613222928,"6,797",100% bearish,of 1 rating,$29
ARWAU,NULL,1440613223067,0,100% bullish,of 1 rating,N/A
DWAT,$9.607,1440613223108,915,100% bearish,of 1 rating,N/A
AROW,$26.87,1440613223140,"10,929",Not yet rated,NULL,N/A
ABIO,$0.88,1440613223161,"68,277",50% bullish,of 2 ratings,$3.75
ARWAW,NULL,1440613223297,0,Not yet rated,NULL,N/A
ARTW,$4.396,1440613223487,"3,518",75% bearish,of 4 ratings,N/A
ARKR,$24.5,1440613223513,500,50% bullish,of 2 ratings,N/A
ASBB,$24.74,1440613223575,74,Not yet rated,NULL,N/A
ASNA,$11.02,1440613223742,"1,207,988",50% bullish,of 2 ratings,$18
ASCMA,$26.76,1440613223768,"23,251",100% bearish,of 1 rating,$45
ASND,$19.71,1440613223824,"72,706",100% bullish,of 1 rating,$30
APWC,$1.81,1440613224019,200,100% bearish,of 1 rating,N/A
ASTI,$0.1111,1440613224153,"981,350",83% bullish,of 6 ratings,$3
ASMB,$12.2784,1440613224182,"19,068",67% bullish,of 3 ratings,N/A
AZPN,$36.54,1440613224247,"287,683",50% bullish,of 2 ratings,$42
ASML,$86.89,1440613224274,"423,801",50% bullish,of 4 ratings,$127
ASFI,$8.83,1440613224312,"10,417",100% bullish,of 1 rating,N/A
ASMI,NULL,1440613224443,0,NULL,NULL,NULL
ASTE,$36.27,1440613224584,"20,100",100% bearish,of 1 rating,$48
ALOT,$12.55,1440613224666,"17,897",100% bearish,of 1 rating,N/A
ATRO,$49.85,1440613224799,"68,065",100% bearish,of 2 ratings,$80
ASTC,$1.9,1440613224825,"14,264",100% bullish,of 5 ratings,N/A
ARRY,$5.44,1440613225014,"687,415",100% bullish,of 7 ratings,$10
ASUR,$5.3,1440613225042,"8,700",50% bullish,of 2 ratings,$8
ATRA,$38.5315,1440613225178,"37,247",50% bullish,of 2 ratings,$68
AAPC,NULL,1440613225215,0,Not yet rated,NULL,N/A
AFCB,$27.3,1440613225278,100,Not yet rated,NULL,N/A
ATHN,$128.08,1440613225350,"73,852",67% bearish,of 3 ratings,$153
ATAI,$2.3101,1440613225376,"4,325",100% bearish,of 1 rating,N/A
ACFC,$5.78,1440613225538,"73,435",Not yet rated,NULL,$6.50
ATHX,$1.09,1440613225613,"131,208",89% bullish,of 9 ratings,$5
ATNI,$69.85,1440613225642,"24,594",100% bearish,of 1 rating,$69.50
ATLC,$3.86,1440613225710,"9,462",67% bullish,of 3 ratings,N/A
AAWW,$38.9,1440613225769,"116,481",50% bullish,of 2 ratings,$65
ATOS,$0.7201,1440613226022,"79,709",100% bullish,of 7 ratings,$7
ATML,$7.53,1440613226053,"3,573,208",78% bullish,of 9 ratings,$9.50
ATRI,$371.85,1440613226156,824,Not yet rated,NULL,N/A
AFH,$16.27,1440613226185,"22,446",Not yet rated,NULL,$21.50
ATRC,$25.02,1440613226214,"70,406",100% bullish,of 1 rating,$30
ATRM,$2.83,1440613226283,500,50% bullish,of 2 ratings,N/A
LIFE,$14.18,1440613226516,"20,738",86% bullish,of 7 ratings,$43
ATTU,$13.3207,1440613226546,"38,256",100% bearish,of 1 rating,$20.50
AUDC,$3.09,1440613226790,"19,653",80% bullish,of 5 ratings,$5
AUPH,$3.11,1440613226839,"8,025",100% bearish,of 1 rating,$8
AUBN,$27.45,1440613226869,"1,696",Not yet rated,NULL,N/A
EARS,$4.73,1440613226926,"5,359",100% bearish,of 2 ratings,$11.50
ADSK,$48.46,1440613227004,"998,170",67% bullish,of 6 ratings,$69.50
ADAT,$0.3489,1440613227029,"1,564,872",100% bullish,of 2 ratings,N/A
ABTL,$16.83,1440613227175,"34,032",100% bullish,of 4 ratings,$20.25
ADP,$76.05,1440613227247,"1,325,259",100% bearish,of 1 rating,$88
AVGO,$114.19,1440613227304,"1,524,155",88% bullish,of 8 ratings,$165
AAVL,$10.09,1440613227406,"156,553",100% bearish,of 1 rating,$20
AVEO,$1.24,1440613227434,"528,574",75% bullish,of 8 ratings,$3
AAME,$3.6,1440613227459,798,Not yet rated,NULL,N/A
AVNU,$12.1,1440613227485,"4,586",Not yet rated,NULL,$14
AVNW,$1.18,1440613227506,"14,196",50% bullish,of 2 ratings,$2.20
AVGR,$14.1,1440613227787,"12,338",100% bearish,of 1 rating,$20
AWRE,$3.07,1440613227845,"9,778",67% bullish,of 3 ratings,N/A
CAR,$39.98,1440613227917,"1,560,567",80% bullish,of 5 ratings,$60
AVID,$7.985,1440613227945,"137,934",100% bearish,of 1 rating,$20
AXPW,$1.05,1440613227977,"35,633",83% bullish,of 6 ratings,N/A
AXPWW,$0.88,1440613228018,"1,646",Not yet rated,NULL,N/A
ACLS,$3.08,1440613228156,"236,071",67% bullish,of 6 ratings,$4.75
RILY,$9.9999,1440613228416,"1,696",Not yet rated,NULL,N/A
BOSC,$2.26,1440613228442,544,50% bullish,of 2 ratings,N/A
AXGN,$3.75,1440613228475,"26,788",Not yet rated,NULL,$5
BWINA,NULL,1440613228607,0,Not yet rated,NULL,N/A
BEAV,$46.0197,1440613228638,"402,026",67% bearish,of 3 ratings,$59
BIDU,$139.01,1440613228711,"3,510,464",81% bullish,of 88 ratings,$210
AXTI,$2.126,1440613228736,"52,335",50% bullish,of 2 ratings,$2.75
BLDP,$1.17,1440613228917,"382,126",91% bullish,of 22 ratings,$2.50
BCOM,$18.25,1440613228948,"2,230",100% bearish,of 1 rating,N/A
BCPC,$56.07,1440613228980,"47,985",100% bearish,of 1 rating,$75
BWINB,$22.84,1440613229003,"5,833",Not yet rated,NULL,N/A
BANFP,NULL,1440613229083,0,Not yet rated,NULL,N/A
BANF,$59.1,1440613229323,"2,910",Not yet rated,NULL,$68
BOCH,$5.72,1440613229354,"5,920",Not yet rated,NULL,$6.50
BKMU,$6.91,1440613229375,"20,051",Not yet rated,NULL,$8
BMRC,$47.91,1440613229455,"7,570",Not yet rated,NULL,$52
BKSC,$15.7155,1440613229509,903,Not yet rated,NULL,N/A
OZRK,$40.47,1440613229663,"240,813",67% bullish,of 3 ratings,$49.50
BOTJ,NULL,1440613229718,0,Not yet rated,NULL,N/A
BFIN,$11.84,1440613229746,"6,264",Not yet rated,NULL,$13
BZUN,$4.7,1440613229777,"180,425",50% bullish,of 2 ratings,$11.50
BANR,$43.05,1440613229798,"14,114",100% bullish,of 3 ratings,$50
BWFG,$18,1440613229933,"1,800",100% bearish,of 1 rating,N/A
TAPR,$32.26,1440613229967,"4,467",100% bearish,of 1 rating,N/A
BHACR,NULL,1440613230101,0,Not yet rated,NULL,N/A
BHAC,NULL,1440613230162,0,Not yet rated,NULL,N/A
BHACU,NULL,1440613230231,0,Not yet rated,NULL,N/A
BHACW,NULL,1440613230294,0,Not yet rated,NULL,N/A
BV,$4.91,1440613230486,"198,056",67% bullish,of 6 ratings,$9
BSET,$28.85,1440613230569,"19,858",100% bearish,of 1 rating,$35
BYBK,$5,1440613230598,375,100% bearish,of 1 rating,N/A
BYLK,$12.695,1440613230629,"1,100",Not yet rated,NULL,$14
BBSI,$33.51,1440613230656,"41,356",67% bearish,of 3 ratings,$62.50
BBCN,$14.07,1440613230685,"89,640",100% bearish,of 1 rating,$16
BSF,$8.29,1440613230728,"3,223",Not yet rated,NULL,N/A
BDCV,$4.73,1440613230787,"28,478",100% bearish,of 1 rating,$10.19
BECN,$34.205,1440613230896,"200,628",50% bullish,of 2 ratings,$40
BEBE,$1.7,1440613231081,"39,529",75% bullish,of 4 ratings,$3.075
BBGI,$4.08,1440613231106,100,100% bearish,of 1 rating,N/A
BCBP,NULL,1440613231182,0,Not yet rated,NULL,N/A
BLCM,$16.06,1440613231363,"100,649",50% bullish,of 4 ratings,$40
BBBY,$60.16,1440613231388,"993,659",71% bullish,of 7 ratings,$75
BELFA,$14.71,1440613231413,"3,307",100% bearish,of 1 rating,N/A
BELFB,$17.69,1440613231546,"9,966",100% bearish,of 1 rating,N/A
BNTC,$7.99,1440613231578,"14,961",100% bullish,of 1 rating,N/A
BLPH,$5.16,1440613231599,"18,827",100% bearish,of 1 rating,$12.50
BNFT,$34.43,1440613231634,"67,469",67% bullish,of 3 ratings,$46
BNCL,$12.26,1440613231677,"217,688",100% bullish,of 3 ratings,$12.50
BGMD,$0.75,1440613231745,"34,500",100% bullish,of 10 ratings,N/A
BGCP,$8.415,1440613231879,"574,107",88% bullish,of 8 ratings,$14
BIND,$4.2632,1440613231906,"36,820",75% bullish,of 4 ratings,$13.50
BGFV,$10.52,1440613231932,"43,396",57% bullish,of 7 ratings,$12
ORPN,$5.2506,1440613232281,"5,591",100% bullish,of 1 rating,$28.50
BCRX,$10.525,1440613232501,"259,619",63% bullish,of 8 ratings,$18
BIOC,$1.8399,1440613232529,"192,382",83% bullish,of 6 ratings,$3.85
BASI,$1.64,1440613232599,"3,202",Not yet rated,NULL,N/A
BDSI,$6.19,1440613232659,"459,834",88% bullish,of 8 ratings,$17
BIOD,$0.675,1440613232686,"39,484",80% bullish,of 5 ratings,$4
BCDA,NULL,1440613232706,0,Not yet rated,NULL,N/A
BIIB,$288.62,1440613232728,"1,037,549",88% bullish,of 16 ratings,$400
BIOL,$1.37,1440613232763,"25,282",Not yet rated,NULL,N/A
BLRX,$1.3099,1440613232898,"69,598",100% bullish,of 12 ratings,$5
BLFS,$1.9801,1440613232930,"1,973",100% bearish,of 1 rating,$4.75
BMRN,$122.7,1440613232980,"340,529",80% bullish,of 5 ratings,$160
BRLI,NULL,1440613233029,0,NULL,NULL,NULL
BVXVW,NULL,1440613233114,0,100% bearish,of 1 rating,N/A
BPTH,$1.03,1440613233174,"24,947",100% bullish,of 2 ratings,$5
BVXV,$3.5,1440613233332,"3,300",Not yet rated,NULL,N/A
BBP,$30.9299,1440613233465,"6,121",Not yet rated,NULL,N/A
BIOS,$2.16,1440613233524,"657,392",71% bullish,of 7 ratings,$4
BBC,$29.25,1440613233549,"11,318",Not yet rated,NULL,N/A
BSPM,$0.64,1440613233577,"14,548",50% bullish,of 2 ratings,N/A
BSTC,$46.99,1440613233604,"21,673",100% bearish,of 1 rating,$76
TECH,$93.81,1440613233625,"69,794",100% bullish,of 1 rating,$117
BOTA,$2.165,1440613233756,"27,939",88% bullish,of 8 ratings,N/A
BITI,$17.21,1440613233823,"10,552",100% bullish,of 1 rating,$28
BEAT,$13.905,1440613233855,"333,564",67% bearish,of 3 ratings,$15
BDMS,NULL,1440613233956,0,100% bearish,of 1 rating,N/A
BDE,$7.1,1440613233982,"28,680",50% bullish,of 2 ratings,$9
BJRI,$43.71,1440613234012,"107,530",50% bullish,of 2 ratings,$55
BBOX,$14.87,1440613234122,"33,188",100% bearish,of 1 rating,N/A
BBRY,$6.7099,1440613234257,"2,165,365",61% bullish,of 330 ratings,$9
HAWK,$39.44,1440613234315,"361,006",91% bullish,of 11 ratings,$49
BLKB,$58.07,1440613234362,"49,222",100% bearish,of 2 ratings,$66
ADRD,$21.3799,1440613234401,"7,784",100% bearish,of 1 rating,N/A
ADRA,$26.38,1440613234510,885,100% bearish,of 1 rating,N/A
ADRE,$28.6347,1440613234572,"13,911",100% bearish,of 1 rating,N/A
BKCC,$9.06,1440613234597,"176,876",100% bullish,of 2 ratings,$10
ADRU,$21.132,1440613234639,446,100% bearish,of 1 rating,N/A
BCOR,$13.275,1440613234825,"77,069",57% bullish,of 7 ratings,$15
BUFF,$26.215,1440613234850,"112,887",83% bullish,of 12 ratings,$31.50
BLMN,$19.2775,1440613234878,"472,209",83% bullish,of 6 ratings,$27.50
BLBD,$12.1,1440613234903,"15,135",Not yet rated,NULL,N/A
BBLU,$0.7854,1440613235052,"64,408",100% bullish,of 2 ratings,$4.43
NILE,$32.06,1440613235099,"60,275",50% bullish,of 2 ratings,$34
BHBK,$13.87,1440613235144,"66,781",100% bullish,of 1 rating,$14.50
BKEP,$5.7801,1440613235320,"26,188",100% bearish,of 1 rating,$8.50
BKEPP,$7.02,1440613235350,"40,077",100% bearish,of 1 rating,N/A
BNCN,$19.97,1440613235379,"27,373",Not yet rated,NULL,$24
BPMC,$25.74,1440613235428,"68,809",50% bullish,of 2 ratings,$47.50
BLUE,$125,1440613235453,"260,952",71% bullish,of 7 ratings,$217.50
BOBE,$42.53,1440613235599,"56,783",75% bullish,of 4 ratings,$57
WIFI,$7.3698,1440613235624,"133,183",50% bullish,of 2 ratings,$13.50
BOFI,$118.668,1440613235773,"79,208",100% bullish,of 6 ratings,$144
BOJA,$20.6439,1440613235798,"84,998",100% bullish,of 1 rating,$30
BNSO,$1.3341,1440613235864,240,100% bearish,of 1 rating,N/A
BOKF,$58.205,1440613235925,"130,039",100% bearish,of 1 rating,$69
BONA,$11.48,1440613236055,"54,066",75% bullish,of 4 ratings,$8.50
BAMM,$3.2,1440613236276,"1,651",60% bullish,of 5 ratings,N/A
BPFH,$11.54,1440613236379,"173,368",100% bearish,of 1 rating,$14
BPFHP,NULL,1440613236459,0,100% bearish,of 1 rating,N/A
BPFHW,$5,1440613236485,"1,100",100% bearish,of 1 rating,N/A
BDBD,$7.99,1440613236541,"279,520",60% bullish,of 5 ratings,$10
EPAY,$24.64,1440613236611,"50,889",100% bearish,of 2 ratings,$30
BCLI,$2.86,1440613236640,"18,732",80% bullish,of 5 ratings,$12
BBEP,$2.4749,1440613236718,"792,022",69% bullish,of 13 ratings,$5.625
BBRG,$12.31,1440613236775,"42,483",67% bullish,of 3 ratings,$14.50
BBEPP,$12.83,1440613236909,"11,831",100% bearish,of 1 rating,N/A
BLIN,NULL,1440613237040,0,50% bullish,of 2 ratings,$2.20
BRID,NULL,1440613237065,0,100% bearish,of 1 rating,N/A
BDGE,$26.44,1440613237093,"6,667",Not yet rated,NULL,$31.75
BRCM,$49.16,1440613237118,"2,675,652",75% bullish,of 12 ratings,$56
BCOV,$5.11,1440613237143,"34,632",67% bullish,of 3 ratings,$10.20
BSFT,$30.17,1440613237333,"121,911",57% bullish,of 7 ratings,$40.50
BYFC,$1.47,1440613237471,"1,000",50% bullish,of 2 ratings,N/A
BRKL,$10.49,1440613237498,"81,577",100% bearish,of 1 rating,$10.75
BRKS,$10.08,1440613237527,"28,613",67% bullish,of 3 ratings,$15.25
BVSN,$5.7009,1440613237569,"2,501",60% bearish,of 5 ratings,N/A
BWEN,$3.1665,1440613237628,"8,230",100% bullish,of 3 ratings,$8
BRCD,$10.34,1440613237723,"3,310,811",92% bullish,of 13 ratings,$11.50
BRKR,$18.33,1440613237824,"99,043",100% bearish,of 2 ratings,$22
BLMT,$20.59,1440613237879,937,Not yet rated,NULL,N/A
BMTC,$28.5,1440613237923,"49,932",Not yet rated,NULL,$34
BWLD,$189.02,1440613238059,"154,663",82% bullish,of 11 ratings,$205
BUR,$1.8,1440613238122,"7,251",100% bearish,of 1 rating,$8
BLDR,$13.45,1440613238191,"530,145",50% bullish,of 2 ratings,$22
BSQR,$5.79,1440613238329,"16,065",67% bullish,of 3 ratings,N/A
CHRW,$66.185,1440613238359,"671,623",Not yet rated,NULL,$72
CFFI,NULL,1440613238391,0,100% bearish,of 1 rating,N/A
CA,$26.15,1440613238457,"1,297,871",50% bullish,of 4 ratings,$33
CCMP,$42.5,1440613238484,"33,779",50% bullish,of 2 ratings,$59
CDZI,$7.77,1440613238685,"43,012",100% bearish,of 1 rating,N/A
CDNS,$19.04,1440613238746,"688,099",75% bullish,of 4 ratings,$22.50
CZR,$8.4,1440613238784,"262,158",60% bearish,of 5 ratings,$10.50
CACQ,$7.03,1440613238840,"9,817",100% bearish,of 1 rating,$12.25
CSTE,$38.43,1440613238872,"568,550",100% bearish,of 1 rating,$65
PRSS,$4.37,1440613238968,"4,570",80% bullish,of 5 ratings,$4.50
CLBS,$1.24,1440613239018,"70,474",79% bullish,of 14 ratings,$4
CLMS,$10.2949,1440613239046,"30,432",Not yet rated,NULL,$10.50
CHY,$10.9701,1440613239200,"190,546",Not yet rated,NULL,N/A
CHI,$10.27,1440613239246,"222,738",100% bearish,of 1 rating,N/A
CCD,$18.8001,1440613239387,"297,460",Not yet rated,NULL,N/A
CGO,$11.7949,1440613239413,"21,979",100% bearish,of 1 rating,N/A
CFGE,NULL,1440613239438,0,Not yet rated,NULL,N/A
CSQ,$9.43,1440613239492,"289,552",Not yet rated,NULL,N/A
CHW,$7.36,1440613239584,"110,848",100% bearish,of 1 rating,N/A
CVGW,$58.28,1440613239609,"121,532",50% bullish,of 2 ratings,$58.50
CAMP,$15.59,1440613239639,"137,307",88% bullish,of 8 ratings,$25
CALA,$4.6732,1440613239814,"255,807",100% bullish,of 3 ratings,$19.50
CALD,$15.2,1440613239846,"170,275",100% bearish,of 1 rating,$20.50
CFNB,NULL,1440613239872,0,100% bearish,of 1 rating,N/A
CLMT,$24.7298,1440613240003,"132,272",75% bullish,of 8 ratings,$31
CALM,$47.78,1440613240029,"404,314",80% bullish,of 5 ratings,$65
CAMB,$10.05,1440613240157,200,Not yet rated,NULL,N/A
ABCD,$4.9599,1440613240183,"48,399",83% bullish,of 6 ratings,N/A
CSIQ,$16.48,1440613240325,"1,652,295",86% bullish,of 28 ratings,$42.50
CAMBU,NULL,1440613240358,0,100% bearish,of 1 rating,N/A
CAMT,$2.598,1440613240379,"20,662",73% bullish,of 11 ratings,$4
CAMBW,NULL,1440613240399,0,Not yet rated,NULL,N/A
CAC,$39.93,1440613240455,"2,324",Not yet rated,NULL,N/A
CGIX,$9.67,1440613240544,"30,579",67% bullish,of 3 ratings,$14.375
CPHC,$10.23,1440613240734,100,100% bearish,of 1 rating,N/A
CPLA,$47.6,1440613240778,"39,168",67% bearish,of 3 ratings,$65
CBF,$28.46,1440613240915,"88,889",Not yet rated,NULL,$32
CPLP,$6.45,1440613240944,"323,360",71% bullish,of 7 ratings,$11
CBNJ,$10.8999,1440613240977,"23,311",100% bullish,of 1 rating,N/A
CSWC,$44.845,1440613241072,"9,636",Not yet rated,NULL,N/A
CPTA,$13.59,1440613241098,"52,903",100% bearish,of 1 rating,$18.50
CFFN,$11.75,1440613241233,"363,631",Not yet rated,NULL,$12.75
CAPR,$4.04,1440613241302,"21,053",Not yet rated,NULL,$12
CARA,$17.4048,1440613241431,"286,316",50% bullish,of 4 ratings,$25
CPST,$0.3551,1440613241457,"429,805",95% bullish,of 22 ratings,$1.25
CCBG,$14.85,1440613241608,"5,880",Not yet rated,NULL,$17.25
CAPN,$1.6501,1440613241682,"58,316",100% bullish,of 1 rating,$10.85
CARB,$11.03,1440613241843,"66,871",75% bullish,of 4 ratings,$12
CFNL,$21.58,1440613241864,"35,257",Not yet rated,NULL,$24
CAPNW,$0.4999,1440613241897,"9,600",Not yet rated,NULL,N/A
CRDC,$0.38,1440613241930,"67,332",100% bullish,of 1 rating,$1.25
CBYL,$5.22,1440613241993,"3,511",100% bearish,of 1 rating,$20
CRME,$8.71,1440613242024,"9,012",89% bullish,of 9 ratings,$11.25
CATM,$33.72,1440613242050,"53,676",100% bearish,of 1 rating,$44
CSII,$22.65,1440613242244,"73,158",100% bearish,of 2 ratings,$42.125
CTRE,$11.2001,1440613242280,"101,090",50% bullish,of 2 ratings,$13.50
CECO,$3.45,1440613242328,"136,986",67% bearish,of 3 ratings,$6
CKEC,$22.113,1440613242413,"75,397",50% bullish,of 2 ratings,$35.915
CDNA,$6.5,1440613242438,"5,900",100% bearish,of 1 rating,$9
CLBH,$12.52,1440613242570,"2,699",Not yet rated,NULL,$16.50
CART,$5.35,1440613242657,210,100% bearish,of 1 rating,N/A
CARO,$15.061,1440613242761,250,100% bearish,of 1 rating,$19
CRZO,$28.0649,1440613242847,"413,141",67% bearish,of 3 ratings,$55.50
CRTN,$2.51,1440613242895,500,100% bearish,of 1 rating,N/A
CARV,$7.18,1440613242920,"17,550",50% bullish,of 2 ratings,N/A
TAST,$11.9,1440613242945,"83,059",Not yet rated,NULL,$14.25
CASM,$1.12,1440613242993,"5,800",100% bullish,of 1 rating,$3.50
CACB,$5.3,1440613243132,"22,531",Not yet rated,NULL,$5.50
CWST,$5.96,1440613243213,"30,063",50% bullish,of 2 ratings,$7.25
CSCD,$15,1440613243446,"36,551",100% bullish,of 2 ratings,$17
CASS,$48.75,1440613243483,"7,525",100% bearish,of 1 rating,N/A
CASY,$103.27,1440613243513,"89,575",50% bullish,of 2 ratings,$99.50
CASI,$1.439,1440613243534,"1,290",100% bullish,of 1 rating,$3.50
CPRX,$3.34,1440613243674,"319,789",71% bullish,of 7 ratings,$7
CATB,$10.9,1440613243702,"17,171",100% bearish,of 1 rating,$28
CATY,$28.46,1440613243727,"224,440",100% bearish,of 1 rating,$33.50
CVCO,$71.45,1440613243867,"11,092",100% bearish,of 1 rating,N/A
CAVM,$66.09,1440613243895,"288,760",67% bearish,of 3 ratings,$72
CATYW,NULL,1440613244030,0,100% bearish,of 1 rating,N/A
CNLMU,NULL,1440613244065,0,100% bullish,of 1 rating,N/A
CBFV,$20.25,1440613244088,"5,675",Not yet rated,NULL,$25
CNLMR,NULL,1440613244112,0,Not yet rated,NULL,N/A
CNLM,NULL,1440613244160,0,Not yet rated,NULL,N/A
CBOE,$61.5,1440613244394,"226,232",Not yet rated,NULL,$60
CECE,$9.22,1440613244472,"38,260",50% bullish,of 2 ratings,$16
CDK,$46.97,1440613244569,"518,903",67% bearish,of 3 ratings,$50
CDW,$38.4,1440613244595,"456,927",75% bullish,of 4 ratings,$44
CPXX,$2.0001,1440613244670,"102,915",100% bullish,of 2 ratings,$7
CNLMW,NULL,1440613244729,0,Not yet rated,NULL,N/A
CLDN,$1.04,1440613244897,"59,747",71% bullish,of 7 ratings,$3
CELG,$114.65,1440613244932,"2,070,147",92% bullish,of 13 ratings,$155.50
CELGZ,$1.63,1440613244953,"19,700",80% bullish,of 5 ratings,N/A
CLDX,$13.6,1440613244987,"642,508",89% bullish,of 9 ratings,$36
CLRB,$3.11,1440613245023,803,100% bearish,of 1 rating,N/A
CLLS,$29.79,1440613245088,"98,245",75% bullish,of 4 ratings,$51.50
CLRBW,$0.88,1440613245115,600,Not yet rated,NULL,N/A
CLSN,$1.89,1440613245259,"72,272",80% bullish,of 10 ratings,$7.50
CBMG,$22.384,1440613245285,"41,167",50% bullish,of 2 ratings,N/A
CLTX,$2.5,1440613245462,"185,157",100% bullish,of 2 ratings,N/A
CYAD,$50.5737,1440613245488,"1,700",100% bullish,of 1 rating,$87.50
CSFL,$13.7,1440613245617,"41,886",Not yet rated,NULL,$15
CEMP,$32.85,1440613245691,"275,585",71% bullish,of 7 ratings,$52
CETV,$1.99,1440613245720,"45,735",67% bullish,of 3 ratings,$2.80
CFBK,$1.37,1440613245851,"3,100",Not yet rated,NULL,N/A
CETX,$2.28,1440613245880,"5,600",Not yet rated,NULL,$5.60
CVCY,$11,1440613245915,"1,200",Not yet rated,NULL,$12
CENTA,$12.5,1440613245940,"103,070",Not yet rated,NULL,N/A
CENX,$4.26,1440613245983,"1,182,370",67% bullish,of 6 ratings,$9
CENT,$11.87,1440613246008,"26,402",Not yet rated,NULL,$10
CNBKA,$41.98,1440613246175,782,50% bullish,of 2 ratings,N/A
CNTY,$5.7899,1440613246205,"9,286",80% bullish,of 5 ratings,$7.75
CPHD,$47.51,1440613246304,"241,198",67% bearish,of 3 ratings,$66.50
CRNT,$1.34,1440613246469,"22,046",50% bullish,of 2 ratings,$2
CERE,$1.17,1440613246564,"187,564",88% bullish,of 8 ratings,N/A
CERN,$60.19,1440613246665,"982,822",67% bullish,of 3 ratings,$79
CERU,$3.36,1440613246706,"17,091",75% bullish,of 4 ratings,$15
CERS,$4.655,1440613246760,"195,962",75% bullish,of 4 ratings,$7
CEVA,$17.94,1440613246999,"24,529",100% bearish,of 1 rating,$25
KOOL,$0.642,1440613247028,"31,921",100% bullish,of 5 ratings,$7
CYOU,$19.29,1440613247063,"92,065",50% bullish,of 6 ratings,$24
HOTRW,NULL,1440613247166,0,Not yet rated,NULL,N/A
CTHR,$1.27,1440613247191,"2,152",50% bullish,of 2 ratings,$2.50
HOTR,$1.46,1440613247221,"79,183",100% bullish,of 2 ratings,$5
CHTR,$174.02,1440613247324,"437,177",100% bearish,of 2 ratings,$196
GTLS,$21.89,1440613247351,"81,515",50% bullish,of 4 ratings,$40
CHEKW,NULL,1440613247614,0,Not yet rated,NULL,N/A
CHEK,$2,1440613247645,"41,233",Not yet rated,NULL,$7.75
CHKP,$78.265,1440613247720,"661,299",50% bullish,of 4 ratings,$92
CHFN,$12.17,1440613247778,"3,198",Not yet rated,NULL,$14
CEMI,$3.66,1440613247805,"58,012",50% bullish,of 2 ratings,$7.50
CHFC,$30.87,1440613247830,"15,182",100% bearish,of 1 rating,$36
CCXI,$6.73,1440613247936,"29,868",67% bullish,of 3 ratings,$14
CHMG,$26.6999,1440613248097,"1,000",Not yet rated,NULL,$30
CHKE,$25.93,1440613248203,"18,691",100% bearish,of 1 rating,$32.50
CHMA,$23.3052,1440613248361,"26,443",Not yet rated,NULL,$40
CBNK,$16.48,1440613248387,636,100% bearish,of 1 rating,N/A
CHEV,$14.4,1440613248419,350,Not yet rated,NULL,N/A
CMRX,$48.115,1440613248553,"141,055",50% bullish,of 2 ratings,$57
PLCE,$57.14,1440613248579,"265,294",100% bearish,of 1 rating,$71
CADC,NULL,1440613248616,0,78% bullish,of 9 ratings,N/A
CALI,$0.8601,1440613248644,"4,223",67% bullish,of 3 ratings,N/A
CBAK,$1.7887,1440613248816,"31,764",67% bullish,of 9 ratings,N/A
CAAS,$5.76,1440613248858,"15,870",93% bullish,of 14 ratings,$11.50
CCCL,$0.75,1440613248921,"31,250",100% bullish,of 6 ratings,N/A
CBPO,$93.06,1440613248952,"94,145",75% bullish,of 8 ratings,$140.50
CCCR,$0.84,1440613248973,"14,211",67% bearish,of 3 ratings,N/A
CHOP,$1.268,1440613249101,"14,375",50% bullish,of 2 ratings,N/A
JRJC,$3,1440613249170,"104,208",82% bullish,of 11 ratings,N/A
HGSH,$1.67,1440613249308,"3,400",67% bullish,of 3 ratings,N/A
CNIT,$1.39,1440613249403,"44,740",67% bullish,of 6 ratings,N/A
CHLN,$2.08,1440613249466,"6,131",67% bullish,of 3 ratings,N/A
CHNR,$1.6701,1440613249497,"2,382",100% bearish,of 1 rating,N/A
HTHT,$24.03,1440613249593,"72,236",50% bullish,of 2 ratings,$28.40
CREG,$0.6624,1440613249664,"7,330",100% bullish,of 3 ratings,N/A
CJJD,$1.7,1440613249723,"27,610",100% bullish,of 1 rating,N/A
CPGI,$6.88,1440613249756,400,Not yet rated,NULL,N/A
CSUN,$1.3901,1440613249790,"14,875",80% bullish,of 5 ratings,N/A
CXDC,$5.76,1440613249852,"37,137",67% bearish,of 3 ratings,N/A
CNTF,$0.77,1440613249886,"31,806",Not yet rated,NULL,N/A
CNYD,$3.013,1440613250047,"2,616",67% bullish,of 3 ratings,N/A
CCIH,$6.27,1440613250077,"195,372",67% bullish,of 6 ratings,$12.65
CNET,$0.7803,1440613250179,"21,013",50% bullish,of 2 ratings,N/A
IMOS,$16.52,1440613250257,"131,230",60% bullish,of 5 ratings,$21.50
CHSCL,$26.91,1440613250359,"19,605",Not yet rated,NULL,N/A
CHSCM,$25.83,1440613250492,"10,109",Not yet rated,NULL,N/A
CHSCP,$30.3708,1440613250526,"2,133",Not yet rated,NULL,N/A
CHSCO,$28.03,1440613250556,"10,626",Not yet rated,NULL,N/A
CHSCN,$26.5123,1440613250664,"2,363",Not yet rated,NULL,N/A
CHDN,$131.82,1440613250693,"11,441",Not yet rated,NULL,$165
CDTX,$14.13,1440613250714,"8,004",Not yet rated,NULL,$22
CHUY,$30.45,1440613250747,"73,331",50% bullish,of 2 ratings,$34
CIFC,$7,1440613250851,"1,702",100% bearish,of 1 rating,N/A
CMPR,$66.705,1440613250983,"127,392",50% bullish,of 2 ratings,$72.50
CMCT,$15,1440613251009,620,100% bearish,of 1 rating,N/A
CINF,$51.37,1440613251140,"249,100",50% bullish,of 4 ratings,$50.50
CIDM,$0.58,1440613251166,"66,737",50% bullish,of 2 ratings,$2.10
CTAS,$82.64,1440613251188,"183,272",100% bearish,of 1 rating,$91
CRUS,$27.6891,1440613251329,"358,259",75% bullish,of 12 ratings,$44.50
CPHR,$5.35,1440613251358,"10,199",100% bearish,of 1 rating,$17
CTRN,$26.21,1440613251413,"54,743",100% bearish,of 1 rating,$31.50
CSCO,$25,1440613251459,"19,650,292",84% bullish,of 208 ratings,$32
CZNC,$19.5308,1440613251547,"6,395",Not yet rated,NULL,N/A
CZWI,$8.99,1440613251593,600,Not yet rated,NULL,N/A
CZFC,NULL,1440613251623,0,Not yet rated,NULL,N/A
CTXS,$66.78,1440613251727,"584,370",86% bullish,of 7 ratings,$80
CHCO,$46.52,1440613251957,"14,051",Not yet rated,NULL,$46
CIZN,$19.33,1440613252061,902,Not yet rated,NULL,N/A
CIVB,$10.05,1440613252138,"3,400",Not yet rated,NULL,$11
CIVBP,NULL,1440613252240,0,Not yet rated,NULL,N/A
CLFD,$16.89,1440613252310,"23,345",67% bullish,of 3 ratings,$18
CDTI,$1.48,1440613252363,"28,273",75% bullish,of 4 ratings,$3.20
CLNE,$4.24,1440613252384,"486,969",80% bullish,of 15 ratings,$9
CLRO,$11.5,1440613252602,"36,586",50% bullish,of 2 ratings,$14.25
CLIR,$4.5,1440613252630,"39,252",100% bullish,of 3 ratings,N/A
CMFN,$10.72,1440613252764,"16,083",100% bearish,of 1 rating,$15.50
CBLI,$3.5904,1440613252793,"34,181",60% bullish,of 5 ratings,N/A
CLNT,$1.37,1440613252927,"7,062",75% bullish,of 8 ratings,N/A
CLVS,$68.495,1440613252972,"419,710",60% bullish,of 5 ratings,$101.50
CCNE,$16.65,1440613253071,"2,136",50% bullish,of 2 ratings,$21.50
CME,$90.105,1440613253101,"530,145",67% bullish,of 3 ratings,$102
CSBK,$13.71,1440613253209,"39,119",Not yet rated,NULL,N/A
CISG,$7.505,1440613253311,"58,197",100% bullish,of 5 ratings,$10
CWAY,$11.21,1440613253443,"2,278",Not yet rated,NULL,N/A
COBZ,$12.73,1440613253487,"21,655",100% bullish,of 1 rating,$14
CDXS,$3.355,1440613253516,"23,355",64% bullish,of 11 ratings,$6
COKE,$160.75,1440613253578,"7,075",79% bullish,of 19 ratings,N/A
CNV,$4.27,1440613253617,"16,060",50% bullish,of 2 ratings,$7.15
CDRB,$12.15,1440613253680,"9,384",67% bullish,of 3 ratings,N/A
CVLY,$20.25,1440613253812,100,Not yet rated,NULL,N/A
JVA,$4.3745,1440613253841,"4,448",83% bullish,of 6 ratings,$7
CCOI,$27.2,1440613253869,"188,693",50% bullish,of 4 ratings,$35
CGNT,$1.4784,1440613253946,"23,335",100% bullish,of 2 ratings,$2
CGNX,$33.15,1440613254079,"417,610",50% bullish,of 2 ratings,$47
CTSH,$60.475,1440613254110,"1,685,994",90% bullish,of 10 ratings,$75
COHR,$55.73,1440613254211,"50,438",50% bullish,of 2 ratings,$72
CHRS,$27.36,1440613254288,"115,021",67% bearish,of 3 ratings,$37
CLRX,$0.54,1440613254344,"30,017",50% bullish,of 2 ratings,N/A
COHU,$9.22,1440613254475,"85,598",100% bearish,of 1 rating,$14.25
COLL,$14.77,1440613254553,"29,512",100% bearish,of 1 rating,$26
CLCT,$18.4999,1440613254605,"4,144",100% bearish,of 1 rating,N/A
CIGI,$41.7799,1440613254656,"5,754",100% bearish,of 1 rating,$52
COLB,$29.13,1440613254684,"31,888",Not yet rated,NULL,$36
CBAN,NULL,1440613254713,0,Not yet rated,NULL,N/A
CLCD,$6.4,1440613254813,"48,729",100% bearish,of 1 rating,$20.50
CMCO,$17.94,1440613254858,"41,242",60% bullish,of 5 ratings,$28
COLM,$59.69,1440613254893,"41,495",100% bearish,of 1 rating,$71
CMCSA,$54.48,1440613255083,"4,830,409",66% bullish,of 35 ratings,$69.50
CBMX,$1.1,1440613255183,"20,727",83% bullish,of 6 ratings,$3.15
CMCSK,$55.2,1440613255208,"1,579,517",Not yet rated,NULL,$84
CBSH,$43.18,1440613255264,"128,841",50% bullish,of 2 ratings,$46
CBSHP,$25.32,1440613255364,"1,553",100% bearish,of 1 rating,N/A
CVGI,$4.7,1440613255434,"75,209",50% bullish,of 2 ratings,$6
COMM,$29.01,1440613255526,"355,220",67% bearish,of 3 ratings,$35
CUBN,$13.5,1440613255660,718,Not yet rated,NULL,N/A
CYHHZ,$0.011,1440613255684,"70,098",100% bullish,of 1 rating,N/A
CSAL,$20.12,1440613255760,"247,607",75% bullish,of 4 ratings,$30
JCS,$8.65,1440613255787,"1,554",67% bullish,of 3 ratings,N/A
ESXB,$5.0175,1440613255815,"2,104",Not yet rated,NULL,N/A
CTBI,$34.45,1440613255840,"9,201",Not yet rated,NULL,$36
CWBC,NULL,1440613255976,0,Not yet rated,NULL,N/A
CVLT,$34.32,1440613256107,"223,654",75% bullish,of 4 ratings,$44.50
COB,$10.3478,1440613256254,"2,236",100% bullish,of 1 rating,$11.75
CIL,$32.83,1440613256311,400,Not yet rated,NULL,N/A
CSA,$31.8999,1440613256336,150,Not yet rated,NULL,N/A
CIZ,$32.7588,1440613256357,586,100% bearish,of 1 rating,N/A
CID,$33.02,1440613256385,700,Not yet rated,NULL,N/A
CDC,$33.36,1440613256538,"13,885",Not yet rated,NULL,N/A
CSF,$35.62,1440613256755,"1,345",100% bearish,of 1 rating,N/A
CFO,$33.8944,1440613256889,"7,991",100% bearish,of 1 rating,N/A
CDL,NULL,1440613257088,0,Not yet rated,NULL,N/A
CGEN,$4.77,1440613257120,"60,754",50% bullish,of 2 ratings,$11
CFA,$34.1586,1440613257189,"3,540",100% bearish,of 1 rating,N/A
CSB,$32.44,1440613257298,1,Not yet rated,NULL,N/A
CPSI,$44.4401,1440613257344,"37,936",100% bearish,of 1 rating,$45.50
SCOR,$53.21,1440613257429,"158,291",100% bearish,of 1 rating,$66
CHCI,$0.7101,1440613257594,"41,347",50% bullish,of 2 ratings,N/A
CMTL,$25.45,1440613257623,"23,813",100% bearish,of 2 ratings,$37
CTG,$6.42,1440613257652,"13,724",100% bearish,of 1 rating,$8.50
CNCE,$15.22,1440613257760,"56,945",75% bullish,of 4 ratings,$22
CNAT,$3.55,1440613257864,"59,063",83% bullish,of 6 ratings,$13
CXRX,$69.54,1440613257891,"1,745",100% bearish,of 1 rating,$90
CNSI,$18.315,1440613257934,"157,782",100% bearish,of 2 ratings,$29
CCUR,$4.75,1440613258090,"40,456",75% bullish,of 4 ratings,N/A
CDOR,$1.26,1440613258146,400,100% bullish,of 1 rating,N/A
CDORP,$6.37,1440613258176,"1,210",100% bearish,of 1 rating,N/A
CDORO,NULL,1440613258197,0,100% bearish,of 1 rating,N/A
CNFR,$10.2562,1440613258362,"8,186",Not yet rated,NULL,N/A
CNMD,$52.97,1440613258392,"42,084",Not yet rated,NULL,$59
CTWS,$34.51,1440613258501,"4,571",100% bearish,of 1 rating,$44
CFMS,$19.235,1440613258533,"134,347",Not yet rated,NULL,$27
CNOB,$19.04,1440613258633,"14,246",100% bullish,of 1 rating,$23.50
CNSL,$19.23,1440613258733,"64,091",100% bearish,of 1 rating,$23
CNXR,$6.41,1440613258944,"16,182",100% bearish,of 1 rating,$12
CTCT,$23.93,1440613258965,"99,714",67% bullish,of 3 ratings,$37
CONN,$30.12,1440613258996,"321,550",67% bullish,of 3 ratings,$48.50
CWCO,$10.22,1440613259023,"29,354",67% bullish,of 3 ratings,$14.50
CFRX,$5.0197,1440613259050,"26,928",Not yet rated,NULL,$14
CTRV,$3.8,1440613259275,"7,400",Not yet rated,NULL,$6.40
CTRL,$7.81,1440613259319,"70,120",50% bullish,of 2 ratings,$11
CFRXZ,NULL,1440613259408,0,Not yet rated,NULL,N/A
CPSS,$5.7,1440613259472,"19,595",100% bullish,of 1 rating,$10
CFRXW,$1.89,1440613259499,800,100% bearish,of 1 rating,N/A
CRBP,$1.8251,1440613259638,"184,806",100% bullish,of 2 ratings,$6.25
CPRT,$33.61,1440613259700,"90,541",67% bearish,of 3 ratings,$40
BVA,$3.85,1440613259738,200,50% bullish,of 2 ratings,N/A
CORT,$4.75,1440613259800,"321,818",67% bullish,of 3 ratings,$12
CORI,$10.165,1440613260034,"32,812",100% bearish,of 1 rating,$18
CSOD,$34.81,1440613260105,"219,216",50% bullish,of 2 ratings,$42
CORE,$59.03,1440613260207,"57,547",100% bearish,of 1 rating,$72
COST,$135.182,1440613260247,"884,834",79% bullish,of 24 ratings,$154.50
CSGP,$170.7,1440613260274,"73,245",50% bullish,of 2 ratings,$235
CRVL,$30.19,1440613260305,"11,018",100% bearish,of 1 rating,N/A
CPAH,NULL,1440613260401,0,50% bullish,of 2 ratings,N/A
CVTI,$22.108,1440613260433,"92,032",67% bearish,of 3 ratings,$39
COSI,$0.9965,1440613260506,"152,072",100% bullish,of 1 rating,N/A
ICBK,$18.21,1440613260786,200,Not yet rated,NULL,$21
CPSH,$2.17,1440613261088,"16,080",Not yet rated,NULL,N/A
COVS,$2.54,1440613261117,"47,439",67% bullish,of 3 ratings,N/A
COWN,$4.945,1440613261167,"726,706",75% bullish,of 4 ratings,$7
COWNL,$26.6,1440613261240,"8,095",Not yet rated,NULL,N/A
CRAI,$21.63,1440613261265,"9,489",100% bearish,of 1 rating,$36
BREW,$7.38,1440613261293,"44,224",67% bullish,of 6 ratings,$15
CBRL,$140.95,1440613261424,"114,535",50% bullish,of 2 ratings,$155
GLDI,$10.9305,1440613261558,"14,852",100% bearish,of 1 rating,N/A
CRAY,$19.78,1440613261600,"133,880",83% bullish,of 6 ratings,$38.50
CACC,$196.26,1440613261693,"62,554",50% bullish,of 2 ratings,$158.50
SLVO,$9.688,1440613261757,"65,164",100% bearish,of 1 rating,N/A
CRTO,$41.25,1440613261826,"145,451",67% bullish,of 6 ratings,$64
CREE,$25.4,1440613261855,"556,279",65% bullish,of 17 ratings,$29.50
CROX,$13.515,1440613261880,"585,409",63% bullish,of 8 ratings,$16.50
CRESY,$9.534,1440613261987,"34,071",100% bearish,of 1 rating,$19
CCRN,$13.69,1440613262202,"49,229",100% bearish,of 1 rating,$14.25
CRWN,$4.5199,1440613262274,"34,522",75% bullish,of 4 ratings,N/A
CSGS,$29.85,1440613262342,"52,025",Not yet rated,NULL,$40
CYRX,$2.84,1440613262371,"10,793",Not yet rated,NULL,$9
CRWS,$7.94,1440613262431,"4,300",Not yet rated,NULL,$10
CCLP,$13.208,1440613262581,"31,455",67% bearish,of 3 ratings,$20
CYRXW,$0.811,1440613262713,"19,200",Not yet rated,NULL,N/A
CTIC,$1.51,1440613262739,"933,218",84% bullish,of 76 ratings,$5.75
CTCM,$1.7,1440613262766,"63,622",80% bearish,of 5 ratings,$3.90
CRDS,$1.02,1440613262792,"14,600",50% bullish,of 4 ratings,$4.50
CSPI,$5.88,1440613263122,"1,050",67% bullish,of 3 ratings,N/A
CTRP,$63.0192,1440613263149,"809,669",75% bullish,of 8 ratings,$92
CPIX,$6.14,1440613263174,"63,800",Not yet rated,NULL,N/A
CTIB,NULL,1440613263221,0,100% bearish,of 1 rating,N/A
CUI,$4.985,1440613263247,"11,283",50% bullish,of 2 ratings,$10
CUTR,$14.24,1440613263419,"27,587",67% bearish,of 3 ratings,$18
CMLS,$1.355,1440613263524,"303,340",50% bullish,of 4 ratings,$6
CUNB,$21.1,1440613263594,"6,128",Not yet rated,NULL,$24.50
CVV,$10.55,1440613263786,"10,518",100% bullish,of 5 ratings,N/A
CVBF,$15.5,1440613263835,"119,028",Not yet rated,NULL,$18
CYAN,$7.2601,1440613263860,820,100% bearish,of 1 rating,N/A
CRIS,$2.305,1440613263922,"246,175",100% bullish,of 8 ratings,$6
CYBE,$5.86,1440613264028,"3,535",100% bearish,of 1 rating,N/A
CYBX,$66.28,1440613264194,"151,054",50% bullish,of 4 ratings,$71.50
CYNA,$16.2,1440613264227,"29,242",100% bullish,of 1 rating,$31.50
CYCC,$0.4999,1440613264249,"132,117",73% bullish,of 11 ratings,N/A
CYBR,$47.52,1440613264327,"662,846",71% bullish,of 7 ratings,$66
CYCCP,$5.5,1440613264391,300,100% bearish,of 1 rating,N/A
CY,$9.111,1440613264423,"2,636,948",80% bullish,of 10 ratings,$15.50
CBAY,$2.58,1440613264448,"46,731",100% bullish,of 1 rating,$4
CYNO,$32.19,1440613264522,"35,821",67% bearish,of 3 ratings,$45.50
CYTK,$6.53,1440613264735,"98,119",71% bullish,of 14 ratings,$13.50
CYRN,$1.65,1440613264867,"14,950",67% bullish,of 3 ratings,$4
CONE,$30.89,1440613264892,"127,027",67% bearish,of 3 ratings,$35
TVIX,$14.1299,1440613265169,"18,154,288",81% bullish,of 16 ratings,N/A
DAEG,$0.35,1440613265214,"5,696",100% bearish,of 1 rating,N/A
TVIZ,$18.75,1440613265241,"5,620",100% bearish,of 1 rating,N/A
CYTX,$0.3285,1440613265304,"1,053,951",83% bullish,of 12 ratings,$5.50
XIV,$26.56,1440613265373,"19,231,321",75% bearish,of 4 ratings,N/A
CTSO,$6.44,1440613265446,"44,365",Not yet rated,NULL,$15.625
CYTR,$2.13,1440613265477,"308,620",67% bullish,of 6 ratings,$10
ZIV,$40.5,1440613265578,"77,197",Not yet rated,NULL,N/A
DAKT,$8.219,1440613265655,"321,601",50% bullish,of 2 ratings,$14
DAIO,$2.57,1440613265743,"1,900",Not yet rated,NULL,N/A
DARA,$0.85,1440613265790,"82,983",83% bullish,of 6 ratings,$1.50
DTLK,$5.45,1440613265996,"58,304",100% bearish,of 1 rating,$9
DJCO,$191.3,1440613266021,301,Not yet rated,NULL,N/A
DWCH,$4.86,1440613266209,"13,504",75% bullish,of 4 ratings,$8.25
DRAM,$1.1297,1440613266283,"17,050",78% bullish,of 9 ratings,N/A
DWSN,$4.273,1440613266311,"18,191",67% bullish,of 3 ratings,N/A
PLAY,$32.92,1440613266346,"142,490",100% bullish,of 5 ratings,$42
TRAK,$62.79,1440613266374,"350,937",50% bullish,of 2 ratings,$62.50
DTEA,$12.97,1440613266443,"34,836",100% bearish,of 2 ratings,$24
DBVT,$37.43,1440613266469,"23,607",100% bearish,of 1 rating,$53
DHRM,$1.424,1440613266643,"4,087",Not yet rated,NULL,N/A
DFRG,$14.11,1440613266674,"92,479",100% bearish,of 1 rating,$20
TACO,$12.86,1440613266894,"115,407",75% bullish,of 4 ratings,$20
TACOW,$3.95,1440613266920,"12,500",100% bullish,of 1 rating,N/A
DCTH,$0.3714,1440613266941,"409,959",78% bullish,of 9 ratings,N/A
DELT,$2.65,1440613267098,400,Not yet rated,NULL,N/A
DGAS,$20.49,1440613267154,"16,347",67% bearish,of 3 ratings,N/A
DELTW,NULL,1440613267180,0,Not yet rated,NULL,N/A
DEPO,$27.55,1440613267311,"212,370",60% bullish,of 5 ratings,$29
DERM,$24.34,1440613267400,"55,100",100% bearish,of 1 rating,$33.50
DSCI,$5.72,1440613267442,"21,703",50% bullish,of 2 ratings,$16
DENN,$11.26,1440613267475,"115,737",100% bullish,of 3 ratings,$15
XRAY,$51.57,1440613267534,"235,018",100% bullish,of 1 rating,$58
DXLG,$4.5,1440613267568,"150,971",100% bearish,of 1 rating,$8
DSWL,$1.6801,1440613267596,"58,127",100% bullish,of 1 rating,N/A
DEST,$11.27,1440613267884,"49,387",50% bullish,of 2 ratings,N/A
DXCM,$90.38,1440613268071,"299,249",57% bullish,of 7 ratings,$98
DHXM,NULL,1440613268096,0,Not yet rated,NULL,N/A
DHIL,$190,1440613268159,"1,352",Not yet rated,NULL,N/A
DXM,$0.31,1440613268189,"65,369",50% bullish,of 2 ratings,N/A
DRNA,$9.97,1440613268237,"24,315",67% bearish,of 3 ratings,$25
DMND,$27.82,1440613268262,"143,949",75% bullish,of 12 ratings,$32
FANG,$60.41,1440613268287,"318,809",50% bullish,of 2 ratings,$86.50
DMRC,$33.84,1440613268537,"92,384",100% bearish,of 1 rating,$44
DCIX,$1.57,1440613268570,"52,693",50% bullish,of 4 ratings,$3.50
DGLY,$7.77,1440613268598,"359,992",50% bullish,of 6 ratings,$20
DRAD,$3.73,1440613268623,"5,170",100% bullish,of 1 rating,$5.25
DCOM,$16.425,1440613268666,"51,364",100% bearish,of 2 ratings,$16.50
DGII,$9.61,1440613268851,"12,482",100% bearish,of 1 rating,$10
DIOD,$19.08,1440613268876,"54,614",75% bearish,of 4 ratings,$24
APPS,$2.3,1440613269032,"77,375",100% bearish,of 1 rating,$10.25
DISH,$57.66,1440613269298,"552,679",69% bullish,of 13 ratings,$73
DISCA,$26.07,1440613269339,"1,155,698",67% bullish,of 3 ratings,$34
DISCB,$25.45,1440613269446,12,100% bearish,of 1 rating,$35
DSCO,$0.3651,1440613269472,"178,876",83% bullish,of 6 ratings,$2.75
DNBF,$26.15,1440613269492,"2,394",Not yet rated,NULL,$27.50
DPRX,$12.32,1440613269521,"3,502",100% bullish,of 2 ratings,$27.75
BAGR,$2.7,1440613269651,"22,565",100% bearish,of 1 rating,$6
DLTR,$75.3,1440613269730,"790,732",82% bullish,of 11 ratings,$88
DVCR,$10.6,1440613269760,100,100% bullish,of 1 rating,N/A
DLHC,$2.3801,1440613269918,"3,321",100% bearish,of 1 rating,N/A
DGICA,$14.14,1440613270109,"5,115",100% bearish,of 1 rating,$17
DISCK,$24.65,1440613270139,"868,443",100% bearish,of 1 rating,$32
DGICB,NULL,1440613270240,0,100% bearish,of 1 rating,N/A
DMLP,$13.7,1440613270343,"19,232",100% bearish,of 1 rating,N/A
HILL,$9.67,1440613270472,"1,585,173",60% bearish,of 5 ratings,$9.75
DORM,$49.995,1440613270628,"102,528",100% bearish,of 1 rating,$56
DRYS,$0.3423,1440613270653,"1,531,181",77% bullish,of 31 ratings,$.60
DWA,$19.55,1440613270818,"412,748",63% bullish,of 8 ratings,$26
DRWIW,$0.046,1440613270848,"1,400",Not yet rated,NULL,N/A
DSKX,$3.06,1440613270875,"98,661",100% bullish,of 1 rating,N/A
CADT,NULL,1440613271105,0,Not yet rated,NULL,N/A
CADTR,NULL,1440613271130,0,Not yet rated,NULL,N/A
DRWI,$0.229,1440613271162,"65,300",60% bullish,of 5 ratings,$.45
DSPG,$8.41,1440613271263,"14,825",100% bearish,of 1 rating,$13.50
CADTU,NULL,1440613271436,0,Not yet rated,NULL,N/A
DTSI,$25.98,1440613271480,"27,797",100% bearish,of 2 ratings,$39.50
DXPE,$26.66,1440613271539,"74,542",50% bullish,of 2 ratings,N/A
CADTW,NULL,1440613271584,0,Not yet rated,NULL,N/A
DNKN,$50.228,1440613271621,"430,564",67% bullish,of 15 ratings,$56.50
DRRX,$1.89,1440613271648,"229,890",50% bullish,of 6 ratings,$3
DYAX,$22.27,1440613271714,"291,650",89% bullish,of 9 ratings,$30
BOOM,$9.005,1440613271739,"54,524",67% bullish,of 3 ratings,$12
DYNT,$2.98,1440613271959,"3,448",75% bullish,of 4 ratings,N/A
DYSL,$1.4301,1440613271989,"90,874",100% bullish,of 2 ratings,N/A
DVAX,$25.79,1440613272014,"85,335",70% bullish,of 10 ratings,$40
ETFC,$24.64,1440613272090,"1,487,174",57% bullish,of 14 ratings,$33
EBMT,$11.14,1440613272247,"2,045",Not yet rated,NULL,$13.50
EROC,$1.2312,1440613272399,"198,896",50% bullish,of 2 ratings,$3
ELNK,$8.05,1440613272436,"340,443",60% bullish,of 5 ratings,$9.50
EGRX,$77.58,1440613272465,"250,070",67% bullish,of 3 ratings,$97
EGBN,$41.16,1440613272491,"58,033",Not yet rated,NULL,$48
EWBC,$37.56,1440613272526,"1,065,734",100% bearish,of 1 rating,$50
EGLE,$6.36,1440613272551,"5,650",60% bullish,of 5 ratings,N/A
EVBS,$6.5,1440613272621,"1,518",Not yet rated,NULL,$7
EML,$16.79,1440613272813,"3,757",Not yet rated,NULL,N/A
EBAY,$25.48,1440613272895,"4,864,301",81% bullish,of 117 ratings,$48
EACQU,$10.2,1440613272925,"1,000",Not yet rated,NULL,N/A
EBIX,$26.53,1440613273027,"115,254",69% bullish,of 13 ratings,$40
ELON,$0.546,1440613273191,"68,761",50% bullish,of 2 ratings,N/A
ECTE,$1.402,1440613273251,"11,286",75% bullish,of 4 ratings,N/A
SATS,$42.77,1440613273276,"65,767",50% bullish,of 2 ratings,$60
ECHO,$22.8616,1440613273326,"121,844",67% bearish,of 3 ratings,$35.50
EEI,$10.99,1440613273354,402,67% bearish,of 3 ratings,N/A
ECACU,$10.06,1440613273409,"4,100",Not yet rated,NULL,N/A
EDAP,$3.48,1440613273488,"74,687",60% bullish,of 5 ratings,$4.50
ESES,$3.0501,1440613273543,286,100% bearish,of 1 rating,$7
EDGW,$6.89,1440613273738,"13,897",100% bearish,of 1 rating,N/A
EDUC,$4.9,1440613273801,"1,233",100% bearish,of 1 rating,N/A
EFUT,$4.2843,1440613273830,400,Not yet rated,NULL,N/A
EGAN,$3.25,1440613273937,"24,351",50% bullish,of 2 ratings,$6.25
LOCO,$11.6599,1440613273967,"331,223",69% bullish,of 13 ratings,$20
EGLT,$10.405,1440613274070,"24,746",50% bullish,of 2 ratings,$21
EHTH,$13.54,1440613274163,"34,811",50% bullish,of 4 ratings,$16.50
ESLT,$74.4255,1440613274245,"13,254",67% bullish,of 3 ratings,N/A
EMITF,$1.24,1440613274271,"5,065",75% bullish,of 4 ratings,N/A
ESIO,$4.2,1440613274316,"88,353",50% bullish,of 2 ratings,$10
EA,$64.3,1440613274406,"1,639,079",77% bullish,of 35 ratings,$80
ERI,$9.41,1440613274438,"39,159",100% bearish,of 1 rating,$10
ELRC,$10.4,1440613274466,"18,512",100% bearish,of 1 rating,N/A
EFII,$42.72,1440613274493,"108,978",80% bullish,of 5 ratings,$55
ELSE,$3.85,1440613274746,206,60% bullish,of 5 ratings,N/A
ELEC,NULL,1440613274850,0,Not yet rated,NULL,N/A
ELECU,NULL,1440613274875,0,Not yet rated,NULL,N/A
EBIO,$3.16,1440613275008,"286,248",100% bearish,of 2 ratings,$8.35
ELECW,NULL,1440613275034,0,Not yet rated,NULL,N/A
CAPX,NULL,1440613275163,0,Not yet rated,NULL,N/A
RDEN,$10.47,1440613275193,"41,704",100% bearish,of 4 ratings,$15
ESBK,$19.889,1440613275225,"2,200",Not yet rated,NULL,N/A
ELTK,$1.16,1440613275321,"30,233",67% bearish,of 3 ratings,N/A
EMCI,$22.77,1440613275352,"12,547",Not yet rated,NULL,N/A
LONG,$16.575,1440613275382,"61,006",67% bullish,of 3 ratings,$15.75
EMCF,NULL,1440613275418,0,100% bearish,of 1 rating,N/A
EMKR,$6.93,1440613275450,"61,359",75% bullish,of 4 ratings,$8.50
EMMS,$1.14,1440613275595,"27,462",67% bullish,of 6 ratings,N/A
EMMSP,NULL,1440613275622,0,100% bearish,of 1 rating,N/A
NYNY,$4.1192,1440613275678,"29,623",50% bullish,of 2 ratings,N/A
ENTA,$39.17,1440613275918,"73,816",50% bullish,of 2 ratings,$42
ERS,$2.7948,1440613275945,"5,700",Not yet rated,NULL,N/A
ECPG,$38.31,1440613275966,"56,229",100% bullish,of 2 ratings,$52
ENDP,$73.81,1440613276102,"677,076",50% bullish,of 6 ratings,$104
EFOI,$17.58,1440613276131,"631,054",50% bullish,of 2 ratings,$20.50
WIRE,$30.5,1440613276160,"20,968",100% bearish,of 1 rating,$37
ECYT,$4.98,1440613276210,"141,862",83% bullish,of 6 ratings,$12
EIGI,$14.73,1440613276240,"399,418",67% bearish,of 3 ratings,$22.50
WATT,$6.0707,1440613276297,"121,256",50% bullish,of 2 ratings,$13
ELGX,$12.32,1440613276374,"269,573",75% bullish,of 4 ratings,$17
ERII,$2.661,1440613276507,"53,403",80% bullish,of 5 ratings,$2.50
EXXI,$1.4301,1440613276551,"737,252",86% bullish,of 7 ratings,$3.50
ENOC,$8.26,1440613276639,"88,473",75% bullish,of 4 ratings,$18
ENG,$0.9901,1440613276684,"39,053",100% bullish,of 3 ratings,N/A
ESGR,$144.615,1440613276782,"18,675",100% bearish,of 1 rating,$185
ENPH,$4.47,1440613276810,"354,606",75% bullish,of 4 ratings,$11
ENFC,$17.82,1440613277018,800,Not yet rated,NULL,N/A
ETRM,$0.237,1440613277046,"490,968",69% bearish,of 35 ratings,$1.625
ENTG,$13.27,1440613277102,"180,251",100% bearish,of 1 rating,$18
EBTC,$21,1440613277130,"1,704",Not yet rated,NULL,N/A
ENTL,$21.68,1440613277175,"9,865",Not yet rated,NULL,$28
EGT,$2.0999,1440613277200,693,100% bullish,of 1 rating,N/A
EFSC,$23.5,1440613277273,"15,207",Not yet rated,NULL,$27
ENZY,$9.0999,1440613277600,"3,641",67% bullish,of 3 ratings,$9.50
ENVI,$1.83,1440613277626,"2,280",67% bullish,of 3 ratings,N/A
ENZN,$0.96,1440613277653,"166,960",100% bullish,of 9 ratings,N/A
EPIQ,$12.96,1440613277675,"35,788",100% bearish,of 1 rating,$18
EPRS,$4.71,1440613277708,"40,933",82% bullish,of 11 ratings,$15
PLUS,$74.56,1440613277809,"16,548",50% bullish,of 2 ratings,$88
EPZM,$16.99,1440613277874,"80,585",60% bullish,of 5 ratings,$34
EQFN,NULL,1440613277956,0,100% bearish,of 1 rating,N/A
EQIX,$254.49,1440613278092,"255,841",75% bullish,of 4 ratings,$312.50
ERIC,$9.54,1440613278122,"1,810,726",67% bullish,of 9 ratings,$12.20
ERIE,$80.93,1440613278173,"6,683",Not yet rated,NULL,$73
ESCR,$0.1599,1440613278304,"3,978",50% bullish,of 2 ratings,N/A
ESCRP,$1.17,1440613278335,"2,002",100% bearish,of 1 rating,N/A
EAC,$3.25,1440613278360,"8,211",100% bearish,of 1 rating,$8
ESCA,$16.904,1440613278403,"5,282",100% bearish,of 1 rating,$22
ESMC,NULL,1440613278584,0,Not yet rated,NULL,N/A
ESPR,$51.48,1440613278725,"477,583",70% bearish,of 10 ratings,$123
ESSX,$0.4189,1440613278772,"14,538",50% bullish,of 2 ratings,N/A
ESSA,$12.68,1440613278809,"3,450",100% bearish,of 1 rating,N/A
ETSY,$12.8201,1440613278872,"237,644",80% bullish,of 5 ratings,$16
EEFT,$63.41,1440613278908,"82,855",100% bearish,of 1 rating,$67.50
EPIX,$4.85,1440613278935,"2,100",Not yet rated,NULL,N/A
ESND,$33.28,1440613279008,"45,537",100% bearish,of 2 ratings,$40
CLWT,$2.56,1440613279105,500,100% bearish,of 1 rating,N/A
EVEP,$7.23,1440613279236,"200,975",50% bullish,of 2 ratings,$15
ESEA,$5.69,1440613279261,200,100% bullish,of 1 rating,$15
EVLV,$2.1499,1440613279397,"74,483",60% bullish,of 5 ratings,$6.50
EVK,$3.63,1440613279458,"4,350",75% bearish,of 4 ratings,N/A
EVOL,$5.84,1440613279596,"5,864",75% bullish,of 4 ratings,$10
EXEL,$5.29,1440613279624,"1,852,602",81% bullish,of 16 ratings,$6
EVOK,$3.881,1440613279672,"51,584",100% bearish,of 1 rating,$13.375
EXAS,$20.16,1440613279705,"357,178",78% bullish,of 9 ratings,$31
EXAC,$17.97,1440613279727,"10,366",100% bearish,of 1 rating,$22.50
EXA,$10.9624,1440613279758,"5,143",100% bearish,of 1 rating,$13
EXFO,$2.7,1440613279813,"2,400",67% bearish,of 3 ratings,$3.95
EXLS,$35.094,1440613279950,"37,398",50% bullish,of 2 ratings,$41
EXPD,$48.28,1440613280011,"799,280",80% bullish,of 5 ratings,$52
EXPE,$111.52,1440613280042,"597,278",64% bullish,of 11 ratings,$130
EXPO,$41.74,1440613280145,"31,035",100% bearish,of 1 rating,$45.50
ESRX,$82.22,1440613280214,"1,557,839",67% bearish,of 6 ratings,$101
EXTR,$2.67,1440613280435,"267,251",80% bullish,of 5 ratings,$3
EZCH,$20.52,1440613280460,"41,700",75% bullish,of 8 ratings,$19.50
EXLP,$18.035,1440613280487,"56,595",100% bearish,of 1 rating,$25
FB,$84.5485,1440613280616,"16,750,174",73% bullish,of 1066 ratings,$111
EYEGW,NULL,1440613280643,0,Not yet rated,NULL,N/A
EYEG,$3.716,1440613280672,"27,205",Not yet rated,NULL,N/A
EZPW,$5.85,1440613280695,"188,545",50% bullish,of 4 ratings,$7.50
FFIV,$120.34,1440613280721,"370,750",63% bullish,of 8 ratings,$132
FRP,$15.32,1440613280889,"83,768",100% bearish,of 1 rating,$18
FCS,$13.08,1440613280921,"281,775",67% bearish,of 3 ratings,$17
FWM,$2.39,1440613281024,"54,278",100% bearish,of 2 ratings,$3.20
FARM,$21.42,1440613281160,"12,719",100% bearish,of 1 rating,$35
DAVE,$14.09,1440613281190,"4,637",100% bearish,of 1 rating,$15.50
FMNB,$7.97,1440613281265,"1,850",Not yet rated,NULL,N/A
FALC,$1.5965,1440613281295,"23,143",63% bearish,of 8 ratings,N/A
FAST,$37.7,1440613281396,"964,096",80% bullish,of 5 ratings,$45.50
FATE,$6.43,1440613281432,"20,621",50% bullish,of 2 ratings,$11
FFKT,$26.12,1440613281461,"5,180",Not yet rated,NULL,$29
FARO,$37.36,1440613281486,"34,285",50% bullish,of 2 ratings,$48
FBSS,$15.5,1440613281526,400,Not yet rated,NULL,N/A
FBRC,$22.1622,1440613281657,"18,893",100% bearish,of 1 rating,$29
FDML,$8.14,1440613281745,"77,575",50% bullish,of 4 ratings,$14
FEIC,$73.64,1440613281799,"74,526",50% bullish,of 2 ratings,$95.50
FNHC,$21.651,1440613281877,"87,306",100% bearish,of 1 rating,$35
FHCO,$1.3201,1440613281942,"22,949",50% bullish,of 4 ratings,N/A
FENX,$9.5099,1440613281967,"53,968",100% bullish,of 1 rating,$14.25
FCSC,$5.325,1440613282100,"72,604",100% bearish,of 1 rating,$8.125
FGEN,$22.49,1440613282133,"97,339",100% bearish,of 1 rating,$39
ONEQ,$180.6,1440613282159,"24,308",100% bullish,of 1 rating,N/A
FDUS,$13.68,1440613282231,"36,061",50% bullish,of 2 ratings,$18
LION,$18.52,1440613282263,"57,521",100% bullish,of 1 rating,$20
FSC,$6.1049,1440613282291,"430,354",60% bullish,of 5 ratings,$8
FSAM,$8.04,1440613282364,"6,478",100% bearish,of 1 rating,$10.25
FRGI,$50.36,1440613282510,"47,839",50% bullish,of 2 ratings,$70
FSFR,$8.6599,1440613282542,"45,540",100% bearish,of 1 rating,$11.50
FSCFL,$24.2499,1440613282569,"4,970",Not yet rated,NULL,N/A
FITB,$18.81,1440613282650,"5,034,315",54% bullish,of 13 ratings,$22
FITBI,$27.24,1440613282783,"5,745",Not yet rated,NULL,N/A
FNGN,$31.76,1440613282825,"164,628",67% bullish,of 3 ratings,$47
FNTC,NULL,1440613282917,0,Not yet rated,NULL,N/A
FNSR,$15.2,1440613282956,"517,405",71% bullish,of 7 ratings,$24.50
FNJN,$1.6499,1440613283023,"18,212",100% bearish,of 1 rating,$5
FNTCW,NULL,1440613283085,0,Not yet rated,NULL,N/A
FNTCU,$10.15,1440613283151,10,Not yet rated,NULL,N/A
FEYE,$37.1,1440613283216,"1,959,637",87% bullish,of 15 ratings,$55.50
FISI,$24.61,1440613283243,"3,591",100% bullish,of 2 ratings,$24.50
FBNC,$16.765,1440613283377,"1,776",100% bullish,of 1 rating,$20
FRBA,$6.05,1440613283415,"10,900",Not yet rated,NULL,$8
FNLC,$18.49,1440613283441,"4,658",100% bullish,of 1 rating,N/A
FCVA,$4.6,1440613283666,845,Not yet rated,NULL,N/A
FCFS,$38.13,1440613283765,"114,833",100% bearish,of 3 ratings,$48
BUSE,$6.33,1440613283791,"14,692",Not yet rated,NULL,$6.875
FCAP,$27.02,1440613283820,202,Not yet rated,NULL,N/A
FBIZ,$44.01,1440613283847,"16,666",100% bearish,of 2 ratings,$52
FCBC,$17.07,1440613283868,"9,772",Not yet rated,NULL,$18
FCNCA,$230,1440613283904,"1,035",Not yet rated,NULL,N/A
FCLF,NULL,1440613283999,0,Not yet rated,NULL,N/A
FCCO,$11.81,1440613284103,"1,904",Not yet rated,NULL,$13.25
FCFP,$6.9,1440613284184,201,Not yet rated,NULL,N/A
FDEF,$37.175,1440613284246,"13,802",Not yet rated,NULL,$38
FBNK,$16.7,1440613284271,"15,985",100% bearish,of 1 rating,$17.50
FFNM,$6.37,1440613284409,200,Not yet rated,NULL,N/A
FFBC,$17.8,1440613284471,"75,587",67% bearish,of 3 ratings,$20.25
FFIN,$29.925,1440613284502,"52,993",50% bullish,of 2 ratings,$31.75
FFBCW,NULL,1440613284528,0,100% bearish,of 1 rating,N/A
FFNW,$11.85,1440613284602,"18,599",Not yet rated,NULL,$14
THFF,$32.99,1440613284660,"5,984",Not yet rated,NULL,$35
FMBH,$21.56,1440613284794,174,Not yet rated,NULL,N/A
INBK,$29.81,1440613284815,"6,327",50% bullish,of 2 ratings,$37
FIBK,$26.12,1440613284850,"34,866",Not yet rated,NULL,$32
FFWM,$20.63,1440613284891,"12,844",Not yet rated,NULL,$24
FRME,$25.36,1440613284951,"57,610",Not yet rated,NULL,$26.50
FMBI,$16.9442,1440613285086,"102,839",Not yet rated,NULL,$20
FNBC,$33.58,1440613285217,"15,202",Not yet rated,NULL,$40
FNWB,$11.63,1440613285249,"5,768",Not yet rated,NULL,N/A
FSFG,$30.79,1440613285273,780,Not yet rated,NULL,N/A
FNFG,$8.63,1440613285300,"1,039,611",80% bullish,of 5 ratings,$9
FSGI,$2.49,1440613285350,"6,572",Not yet rated,NULL,N/A
FSBK,$7.5101,1440613285479,"4,308",100% bullish,of 1 rating,N/A
FSLR,$45.0028,1440613285508,"772,270",74% bullish,of 39 ratings,$65
BICK,$18.78,1440613285578,300,100% bullish,of 1 rating,N/A
FBZ,$9.74,1440613285613,200,Not yet rated,NULL,N/A
FCAN,$22.9399,1440613285709,225,Not yet rated,NULL,N/A
FCA,$18.58,1440613285735,"2,365",Not yet rated,NULL,N/A
FV,$22.48,1440613285760,"1,750,109",100% bearish,of 1 rating,N/A
FTCS,$35.3827,1440613285807,"11,895",100% bearish,of 1 rating,N/A
FEMB,$41.88,1440613286049,18,Not yet rated,NULL,N/A
IFV,$17.37,1440613286179,"687,959",100% bearish,of 1 rating,N/A
FEUZ,$31.2,1440613286224,"10,810",Not yet rated,NULL,N/A
MDIV,$18.74,1440613286251,"210,730",Not yet rated,NULL,N/A
TDIV,$23.6499,1440613286277,"199,027",100% bearish,of 1 rating,N/A
FTSM,$59.89,1440613286314,"7,325",100% bearish,of 1 rating,N/A
FTGC,$21.64,1440613286341,"18,670",Not yet rated,NULL,N/A
HYLS,$48.825,1440613286587,"23,338",100% bearish,of 1 rating,N/A
FTHI,$18.71,1440613286640,"8,800",Not yet rated,NULL,N/A
FHK,$32.2,1440613286672,"28,296",Not yet rated,NULL,N/A
FGM,$35.35,1440613286716,"39,624",Not yet rated,NULL,N/A
YDIV,NULL,1440613286770,0,Not yet rated,NULL,N/A
SKYY,$27.8257,1440613286801,"46,667",100% bullish,of 1 rating,N/A
FPXI,NULL,1440613286825,0,Not yet rated,NULL,N/A
CU,$11.898,1440613286899,"6,367",100% bearish,of 1 rating,N/A
PLTM,$6.14,1440613287101,"6,307",100% bearish,of 1 rating,N/A
FTLB,NULL,1440613287163,0,100% bearish,of 1 rating,N/A
FMB,$51.04,1440613287197,325,Not yet rated,NULL,N/A
QABA,$36.2,1440613287229,"7,479",100% bearish,of 1 rating,N/A
FJP,$46.2852,1440613287301,"49,780",Not yet rated,NULL,N/A
FONE,$33.7899,1440613287438,100,Not yet rated,NULL,N/A
CIBR,$17.49,1440613287466,"57,655",Not yet rated,NULL,N/A
LMBS,$50.11,1440613287519,200,Not yet rated,NULL,N/A
CARZ,$33.5713,1440613287679,"2,698",100% bearish,of 1 rating,N/A
RDVY,$20.375,1440613287711,"7,273",Not yet rated,NULL,N/A
GRID,NULL,1440613287737,0,100% bearish,of 1 rating,N/A
QCLN,$14.1,1440613287805,"15,552",Not yet rated,NULL,N/A
QQXT,$39.0399,1440613287873,"20,164",Not yet rated,NULL,N/A
QQEW,$40.13,1440613287902,"106,542",Not yet rated,NULL,N/A
QTEC,$38.352,1440613287964,"28,048",Not yet rated,NULL,N/A
AIRR,$15.6,1440613288064,"1,328",100% bearish,of 1 rating,N/A
QINC,$19.552,1440613288254,"4,121",Not yet rated,NULL,N/A
FTSL,$48.4129,1440613288287,"71,407",100% bearish,of 1 rating,N/A
FKO,$22.59,1440613288312,300,Not yet rated,NULL,N/A
FSZ,$38.95,1440613288337,"51,201",Not yet rated,NULL,N/A
FDIV,$46.42,1440613288386,934,100% bearish,of 1 rating,N/A
FTW,NULL,1440613288518,0,Not yet rated,NULL,N/A
TUSA,$24,1440613288544,"6,838",Not yet rated,NULL,N/A
FSV,$30.9799,1440613288787,"7,756",Not yet rated,NULL,$33.60
SVVC,$9.325,1440613288821,"7,328",50% bullish,of 2 ratings,$26
FKU,$40.71,1440613288850,"23,287",Not yet rated,NULL,N/A
FMER,$17.3,1440613288871,"687,719",50% bullish,of 2 ratings,$20
FUNC,$8.11,1440613288917,300,Not yet rated,NULL,N/A
FISV,$82.35,1440613289009,"703,335",100% bearish,of 3 ratings,$90
FIVE,$35.49,1440613289032,"312,578",75% bearish,of 4 ratings,$44
FPRX,$18.23,1440613289112,"216,012",50% bullish,of 2 ratings,$35
FIVN,$4.03,1440613289192,"111,783",100% bullish,of 1 rating,$8.50
FLKS,$12.28,1440613289290,"24,191",50% bullish,of 2 ratings,$27
FLML,$20.735,1440613289396,"57,997",50% bullish,of 2 ratings,$30
SKOR,$50.2,1440613289460,100,Not yet rated,NULL,N/A
FLEX,$10.12,1440613289530,"1,145,056",63% bullish,of 8 ratings,$12
FLXN,$23.05,1440613289557,"40,132",100% bearish,of 1 rating,$40
FLDM,$11.535,1440613289688,"173,044",67% bearish,of 3 ratings,$21.50
FLIR,$27.195,1440613289718,"330,823",100% bearish,of 1 rating,$38.50
FLXS,$30.5698,1440613289740,"10,035",100% bearish,of 2 ratings,N/A
MBSD,$24.9,1440613289770,700,Not yet rated,NULL,N/A
FFIC,$19.73,1440613289801,"50,051",Not yet rated,NULL,$21
FOGO,$18.0501,1440613289903,"27,130",50% bullish,of 2 ratings,$25.50
FOMX,$9.42,1440613289994,"58,472",50% bullish,of 2 ratings,$23.50
FONR,$9.4874,1440613290053,"30,007",100% bullish,of 1 rating,N/A
FES,$0.927,1440613290088,"29,970",50% bullish,of 2 ratings,$1
FORM,$6.14,1440613290117,"130,412",67% bullish,of 3 ratings,$10.50
FTNT,$41.83,1440613290356,"469,117",80% bullish,of 10 ratings,$52
FORTY,$29.58,1440613290389,831,100% bearish,of 1 rating,N/A
FBIO,$2.49,1440613290421,"50,070",83% bullish,of 6 ratings,N/A
FWRD,$45.02,1440613290451,"50,520",100% bearish,of 1 rating,$50
FORR,$30.98,1440613290472,"20,485",Not yet rated,NULL,N/A
FORD,$1.6117,1440613290507,"7,746,609",67% bullish,of 3 ratings,N/A
FWP,$25.27,1440613290535,"34,103",100% bearish,of 1 rating,$45
FMI,$20.905,1440613290606,"72,066",100% bearish,of 2 ratings,$27.50
FOSL,$57.585,1440613290745,"455,851",60% bearish,of 5 ratings,$80
FXCB,$17.06,1440613290848,"4,928",Not yet rated,NULL,$19
FOXF,$15.28,1440613290885,"29,427",100% bearish,of 1 rating,$19
FRAN,$10.7,1440613291060,"332,538",50% bullish,of 4 ratings,$15
FRED,$12.9,1440613291095,"83,170",50% bullish,of 2 ratings,$16.50
FREE,$0.335,1440613291195,"206,871",92% bullish,of 12 ratings,N/A
FELE,$27.73,1440613291227,"70,751",50% bullish,of 4 ratings,$33
FTRPR,$96.59,1440613291278,"53,819",100% bearish,of 1 rating,N/A
FRPT,$12.12,1440613291327,"154,720",67% bearish,of 3 ratings,$23.50
FEIM,$10.51,1440613291355,"2,086",100% bearish,of 1 rating,N/A
RAIL,$19.24,1440613291387,"47,941",100% bearish,of 1 rating,$24.50
FTR,$4.7962,1440613291484,"12,301,971",78% bullish,of 27 ratings,$6.25
FSBW,$22.75,1440613291586,"1,138",Not yet rated,NULL,N/A
FSYS,$6.15,1440613291661,"21,392",67% bullish,of 3 ratings,$10
FRPH,$30.56,1440613291720,"1,739",100% bearish,of 1 rating,N/A
FTD,$28.7,1440613291745,"34,123",100% bearish,of 1 rating,$40
FULL,$3.0701,1440613291950,"16,509",67% bearish,of 3 ratings,$4.25
FULLL,$25.15,1440613291976,272,Not yet rated,NULL,N/A
FTEK,$2.0399,1440613292017,"54,748",75% bullish,of 4 ratings,N/A
FCEL,$0.72,1440613292039,"405,812",88% bullish,of 41 ratings,$2.65
FLL,$1.45,1440613292115,"15,414",75% bullish,of 4 ratings,$3.50
FULT,$11.755,1440613292137,"385,144",100% bearish,of 1 rating,$13
FFHL,$0.883,1440613292158,"1,100",50% bullish,of 4 ratings,N/A
FSNN,$2.2,1440613292216,"8,200",67% bullish,of 3 ratings,$6
FXEN,$0.7894,1440613292348,"29,070",75% bullish,of 4 ratings,$1.10
GK,$65.89,1440613292540,"34,979",Not yet rated,NULL,$78
FXENP,$15.86,1440613292669,560,100% bearish,of 1 rating,N/A
WILC,$4.82,1440613292694,"6,061",100% bullish,of 2 ratings,N/A
GALTU,NULL,1440613292757,0,100% bearish,of 1 rating,N/A
GAIA,$5.8,1440613292828,"5,212",50% bullish,of 2 ratings,$8.50
GLPG,$61.13,1440613292857,"44,939",100% bullish,of 1 rating,$75
GALT,$1.7501,1440613292887,"39,233",80% bullish,of 5 ratings,N/A
GLMD,$8.722,1440613292959,"46,674",67% bullish,of 3 ratings,$20.50
GALTW,NULL,1440613292988,0,100% bullish,of 1 rating,N/A
GALE,$1.485,1440613293151,"1,014,102",89% bullish,of 47 ratings,$4
GLPI,$31.09,1440613293184,"258,805",100% bearish,of 1 rating,$37.50
GPIC,$10,1440613293220,459,100% bearish,of 1 rating,N/A
GRMN,$37.1635,1440613293282,"417,441",50% bullish,of 6 ratings,$46.50
GGAC,$9.85,1440613293311,189,100% bearish,of 1 rating,N/A
GGACR,NULL,1440613293342,0,100% bullish,of 1 rating,N/A
GGACU,$10.02,1440613293444,872,Not yet rated,NULL,N/A
GENC,$9.25,1440613293656,520,100% bearish,of 1 rating,N/A
GGACW,$0.11,1440613293691,"17,010",Not yet rated,NULL,N/A
GARS,$14.03,1440613293723,"20,747",Not yet rated,NULL,$16
GFNCP,$92,1440613293790,100,Not yet rated,NULL,N/A
GNCMA,$16.57,1440613293811,"78,585",100% bearish,of 1 rating,$12
GENE,$2.04,1440613293840,"71,053",100% bullish,of 12 ratings,N/A
GFNSL,$25.63,1440613293874,"1,000",Not yet rated,NULL,N/A
GNMK,$9.29,1440613293969,"61,594",67% bullish,of 6 ratings,$14
GFN,$3.53,1440613294040,"9,702",100% bearish,of 2 ratings,$8
GNCA,$12.08,1440613294182,"42,116",100% bearish,of 1 rating,$20
GNTX,$15.02,1440613294207,"1,017,587",Not yet rated,NULL,$20
GHDX,$24.94,1440613294236,"55,687",50% bullish,of 2 ratings,$30
GNVC,$2.3,1440613294367,"13,408",90% bullish,of 10 ratings,$8.50
THRM,$41.81,1440613294394,"259,690",75% bearish,of 4 ratings,$55.50
GTWN,NULL,1440613294425,0,Not yet rated,NULL,N/A
GEOS,$14.01,1440613294528,"56,614",100% bearish,of 3 ratings,$21
GEVO,$2.205,1440613294559,"366,719",75% bullish,of 12 ratings,$5
GERN,$2.9,1440613294580,"1,214,375",88% bullish,of 16 ratings,$5.25
GABC,$29.17,1440613294608,"5,855",Not yet rated,NULL,$31
GIGM,$0.5621,1440613294822,"4,700",100% bullish,of 2 ratings,N/A
ROCK,$16.23,1440613294857,"31,243",80% bullish,of 5 ratings,$24
GIGA,$1.4455,1440613294952,"3,868",100% bearish,of 1 rating,N/A
GILT,$4.25,1440613294980,"7,235",50% bullish,of 2 ratings,N/A
GIII,$64.12,1440613295015,"59,992",67% bullish,of 3 ratings,$75
GILD,$104.44,1440613295036,"5,008,976",91% bullish,of 87 ratings,$129
GBCI,$24.67,1440613295109,"249,807",50% bullish,of 2 ratings,$31
GLAD,$8.205,1440613295134,"76,198",50% bullish,of 2 ratings,$8.75
GLADO,$25.4,1440613295358,725,Not yet rated,NULL,N/A
GOODN,$25.27,1440613295385,300,Not yet rated,NULL,N/A
GOOD,$14.17,1440613295446,"59,284",Not yet rated,NULL,$19
GOODP,$25.25,1440613295515,15,Not yet rated,NULL,N/A
GOODO,$25,1440613295540,400,Not yet rated,NULL,N/A
GAIN,$7.2099,1440613295577,"104,998",100% bullish,of 2 ratings,$8.25
GAINO,$25.19,1440613295854,"2,829",Not yet rated,NULL,N/A
GAINP,$26,1440613295908,"2,644",Not yet rated,NULL,N/A
GAINN,$25.19,1440613295939,"16,589",Not yet rated,NULL,N/A
GDEF,NULL,1440613295966,0,Not yet rated,NULL,N/A
GLBZ,$11.62,1440613295997,850,Not yet rated,NULL,N/A
LAND,$9.1121,1440613296043,"11,484",50% bullish,of 2 ratings,$13.75
GBT,$40.08,1440613296102,"109,254",100% bearish,of 1 rating,N/A
GPACU,NULL,1440613296206,0,Not yet rated,NULL,N/A
ENT,$11,1440613296295,"251,369",100% bearish,of 1 rating,$18
GBLI,$26.78,1440613296427,"2,201",Not yet rated,NULL,N/A
GSOL,$8.11,1440613296455,"14,317",100% bearish,of 1 rating,N/A
QQQC,$18.0328,1440613296483,"3,390",100% bearish,of 1 rating,N/A
ACTX,$12.5599,1440613296504,100,100% bullish,of 1 rating,N/A
SOCL,$16.72,1440613296632,"44,335",100% bullish,of 2 ratings,N/A
ALTY,NULL,1440613296658,0,Not yet rated,NULL,N/A
SRET,NULL,1440613296787,0,Not yet rated,NULL,N/A
GAI,$5.8,1440613296853,946,50% bullish,of 2 ratings,N/A
GSM,$12.315,1440613296928,"300,970",50% bullish,of 2 ratings,$23
YLCO,NULL,1440613296953,0,Not yet rated,NULL,N/A
GBIM,$2.06,1440613296981,"19,603",50% bullish,of 2 ratings,N/A
GLRI,$1.02,1440613297012,"6,150",100% bearish,of 1 rating,$4.25
GLBS,$1.0101,1440613297111,"2,500",67% bullish,of 3 ratings,N/A
GLUU,$4.16,1440613297197,"871,440",92% bullish,of 26 ratings,$9
GOGO,$14.96,1440613297223,"372,848",80% bullish,of 5 ratings,$25
GLYC,$6.64,1440613297297,"10,517",50% bullish,of 2 ratings,$14
GLNG,$33.53,1440613297363,"353,838",83% bullish,of 6 ratings,$58
GMLP,$17.17,1440613297463,"86,967",50% bullish,of 4 ratings,$32.50
GLDC,$4.0001,1440613297488,100,50% bullish,of 2 ratings,N/A
GDEN,$9.08,1440613297514,"16,906",50% bullish,of 2 ratings,N/A
GOGL,$2.54,1440613297712,"180,650",75% bullish,of 4 ratings,$5
GOOG,$608.895,1440613297740,"1,081,455",89% bullish,of 70 ratings,$825
GBDC,$16.45,1440613297762,"106,526",Not yet rated,NULL,$17.75
GTIM,$6.45,1440613297815,"21,984",Not yet rated,NULL,$11.50
GPRO,$44.66,1440613297900,"4,967,613",78% bullish,of 58 ratings,$72
GOOGL,$641.59,1440613297931,"1,054,675",88% bullish,of 1080 ratings,$749
GMAN,$4.08,1440613298037,"75,208",60% bullish,of 5 ratings,$8.50
GPIAU,NULL,1440613298064,0,Not yet rated,NULL,N/A
GPIA,NULL,1440613298136,0,Not yet rated,NULL,N/A
GPIAW,NULL,1440613298199,0,Not yet rated,NULL,N/A
LOPE,$36.07,1440613298241,"75,919",100% bearish,of 2 ratings,$50
GBSN,$0.3171,1440613298301,"6,010,167",100% bearish,of 1 rating,$8.25
GRVY,$3.25,1440613298331,550,50% bullish,of 2 ratings,N/A
GBSNU,NULL,1440613298369,0,NULL,NULL,NULL
GLDD,$5.2,1440613298466,"94,721",100% bearish,of 4 ratings,$7.75
GSBC,$39.27,1440613298510,"6,312",100% bullish,of 1 rating,$44
GRBK,$12.03,1440613298597,"92,085",77% bullish,of 13 ratings,N/A
GNBC,$11.2,1440613298683,"7,302",100% bearish,of 1 rating,$16.50
GPP,$13.16,1440613298730,"34,460",Not yet rated,NULL,$20.50
GPRE,$17.94,1440613298863,"196,105",67% bullish,of 6 ratings,$28.50
GCBC,$28.5,1440613298892,14,100% bullish,of 1 rating,N/A
GLRE,$23.5,1440613298921,"62,001",50% bullish,of 2 ratings,$41
GRIF,$30.75,1440613298992,300,100% bearish,of 1 rating,N/A
GRFS,$30.12,1440613299054,"55,192",50% bullish,of 2 ratings,$35
GRPN,$4.08,1440613299126,"4,311,171",61% bullish,of 71 ratings,$6.75
OMAB,$38.0501,1440613299160,"21,694",100% bullish,of 1 rating,$44
GGAL,$18.0295,1440613299257,"101,558",80% bullish,of 5 ratings,$40
GSIG,$12.5301,1440613299282,"36,570",100% bearish,of 2 ratings,N/A
GSVC,$8.27,1440613299551,"18,896",50% bullish,of 2 ratings,$14.50
GTXI,$0.798,1440613299579,"12,227",100% bullish,of 5 ratings,$.75
GFED,$14.61,1440613299605,500,Not yet rated,NULL,$17
GSIT,$4.7,1440613299635,"2,203",100% bearish,of 1 rating,N/A
GBNK,$15.42,1440613299662,"7,310",100% bearish,of 1 rating,$18
GULTU,$0.3,1440613299741,"60,800",100% bearish,of 1 rating,N/A
GIFI,$11.18,1440613299791,"26,034",100% bearish,of 1 rating,$16
GUID,$6.7,1440613299848,"65,207",100% bearish,of 3 ratings,$10
GPOR,$32.23,1440613299983,"614,996",75% bullish,of 4 ratings,$55
GURE,$1.5999,1440613300014,"11,148",88% bullish,of 8 ratings,N/A
GWPH,$100.295,1440613300114,"58,481",78% bullish,of 9 ratings,$148.50
GWGH,$7.1101,1440613300163,"1,400",100% bearish,of 1 rating,$15.05
HEES,$16.96,1440613300189,"184,923",67% bearish,of 3 ratings,$31
GYRO,NULL,1440613300214,0,100% bearish,of 1 rating,N/A
HLG,NULL,1440613300344,0,100% bearish,of 1 rating,N/A
HNRG,$7.58,1440613300444,"90,849",100% bearish,of 1 rating,$10
HALO,$16.6465,1440613300476,"564,113",67% bullish,of 3 ratings,$22.50
HBK,$13.74,1440613300530,304,50% bullish,of 2 ratings,N/A
HALL,$10.8933,1440613300610,"8,031",Not yet rated,NULL,N/A
HBHC,$25.94,1440613300642,"137,933",50% bullish,of 2 ratings,$30
HBHCL,$24.25,1440613300670,"18,361",Not yet rated,NULL,N/A
HMPR,$1.8301,1440613300695,"22,793",100% bullish,of 1 rating,N/A
HAFC,$23.47,1440613300724,"70,886",100% bullish,of 2 ratings,$28.50
HNH,$26,1440613300915,"1,844",100% bullish,of 1 rating,N/A
HNSN,$0.51,1440613300963,"27,774",88% bullish,of 8 ratings,$.40
HQCL,$11.6068,1440613301092,"49,634",67% bullish,of 3 ratings,$14
HRMN,NULL,1440613301121,0,Not yet rated,NULL,N/A
HDNG,$9.53,1440613301186,"10,669",50% bullish,of 4 ratings,N/A
HLIT,$5.53,1440613301217,"135,797",100% bearish,of 1 rating,$6.50
HRMNU,NULL,1440613301322,0,Not yet rated,NULL,N/A
HRMNW,NULL,1440613301350,0,Not yet rated,NULL,N/A
TINY,$2.5,1440613301392,"3,850",50% bullish,of 2 ratings,$5.26
HART,$0.89,1440613301448,"76,775",100% bearish,of 1 rating,N/A
HBIO,$4.48,1440613301478,"33,633",Not yet rated,NULL,$10
HCAP,$12.0501,1440613301580,"3,164",50% bullish,of 2 ratings,$15
HCAPL,$25.24,1440613301611,"2,230",Not yet rated,NULL,N/A
HA,$22.41,1440613301657,"243,667",67% bullish,of 9 ratings,$27
HAS,$71.99,1440613301720,"513,171",63% bullish,of 8 ratings,$84.50
HCOM,$22.04,1440613301825,"7,277",100% bearish,of 1 rating,$28
HAYN,$35.63,1440613302096,"21,613",100% bearish,of 1 rating,$59
HWBK,NULL,1440613302125,0,100% bearish,of 1 rating,N/A
HDS,$31.465,1440613302146,"1,313,054",100% bearish,of 2 ratings,$39.50
HWKN,$35.46,1440613302177,"13,066",Not yet rated,NULL,N/A
HIIQ,$4.27,1440613302306,"5,546",50% bullish,of 2 ratings,$7
HCSG,$32.77,1440613302337,"88,986",50% bullish,of 4 ratings,$35
HSTM,$24.03,1440613302358,"19,167",50% bullish,of 2 ratings,$33.75
HQY,$28.21,1440613302395,"64,341",67% bullish,of 3 ratings,$31
HTLD,$20.13,1440613302489,"148,865",Not yet rated,NULL,$22.50
HWAY,$11.9,1440613302526,"106,932",100% bearish,of 1 rating,$15
HTWR,$80.895,1440613302666,"60,891",50% bullish,of 2 ratings,$103
HTLF,$35.71,1440613302700,"13,741",100% bullish,of 1 rating,$39.50
HTBX,$5.05,1440613302834,"16,566",50% bullish,of 2 ratings,$15.50
HSII,$19.59,1440613302882,"50,252",100% bullish,of 3 ratings,$25
HMNY,$2.27,1440613303008,200,100% bearish,of 1 rating,N/A
HMTV,$13.45,1440613303035,"29,250",100% bearish,of 1 rating,$16
HELE,$83.17,1440613303071,"88,373",67% bearish,of 3 ratings,$100
HNNA,$24.497,1440613303108,"5,682",Not yet rated,NULL,N/A
HCACU,$9.9505,1440613303171,"2,000",Not yet rated,NULL,N/A
HSIC,$134.53,1440613303198,"122,524",83% bullish,of 6 ratings,$146
HERO,NULL,1440613303222,0,NULL,NULL,NULL
HFWA,$17.53,1440613303352,"8,346",100% bullish,of 1 rating,$20
HTBK,$10.72,1440613303423,"14,191",Not yet rated,NULL,$12
HEOP,$7.61,1440613303449,"2,892",Not yet rated,NULL,$8.50
HCCI,$10.94,1440613303580,"17,513",100% bearish,of 1 rating,$16.50
MLHR,$26.41,1440613303642,"109,845",50% bullish,of 2 ratings,$33.50
HRTX,$32.45,1440613303715,"400,260",67% bullish,of 6 ratings,$41
HSKA,$32.9,1440613303742,"14,009",100% bearish,of 1 rating,$38
HFFC,$15.85,1440613303818,"2,540",Not yet rated,NULL,N/A
HIMX,$6.32,1440613303948,"477,603",86% bullish,of 21 ratings,$8.50
HIBB,$37.67,1440613303976,"217,174",100% bearish,of 1 rating,$46.50
HIHO,$3.75,1440613304078,"10,910",Not yet rated,NULL,N/A
HMSY,$9.77,1440613304161,"662,192",67% bullish,of 3 ratings,$19.35
HPJ,$2.164,1440613304194,"18,999",75% bullish,of 4 ratings,$12.43
HSGX,$5.734,1440613304222,"2,300",100% bearish,of 1 rating,$17
HMNF,$11.1422,1440613304244,"2,677",Not yet rated,NULL,N/A
HIFS,$115.76,1440613304292,"1,082",Not yet rated,NULL,N/A
HOLI,$16.95,1440613304372,"134,511",50% bullish,of 4 ratings,$27
HOLX,$38.04,1440613304571,"985,890",67% bullish,of 3 ratings,$42
HOMB,$36.95,1440613304625,"89,486",Not yet rated,NULL,$42
HBCP,$24.35,1440613304651,"2,047",Not yet rated,NULL,$29
HFBL,$21.54,1440613304734,200,Not yet rated,NULL,N/A
AWAY,$27.3999,1440613304763,"344,816",67% bullish,of 3 ratings,$36
HMST,$21.65,1440613304840,"66,527",100% bullish,of 2 ratings,$27
HMIN,$26.22,1440613304872,"68,723",100% bearish,of 2 ratings,$35
HTBI,$17.96,1440613304901,"13,333",67% bullish,of 3 ratings,$18.625
HKTV,$4.43,1440613304972,"23,145",100% bearish,of 1 rating,N/A
CETC,$0.7,1440613304998,"47,373",86% bullish,of 7 ratings,N/A
HOFT,$23.24,1440613305139,"11,974",100% bearish,of 1 rating,N/A
HBNC,$22.93,1440613305213,"9,458",100% bullish,of 1 rating,$27
HFBC,$10.96,1440613305272,"4,417",Not yet rated,NULL,N/A
HZNP,$28.025,1440613305316,"704,805",85% bullish,of 20 ratings,$40
HRZN,$10.06,1440613305353,"31,415",50% bullish,of 2 ratings,$14.25
ZINC,$7.01,1440613305486,"213,157",100% bearish,of 1 rating,$17
HDP,$23.07,1440613305627,"197,559",67% bearish,of 3 ratings,$30.50
HMHC,$22.1,1440613305675,"664,475",Not yet rated,NULL,$27
HOVNP,$4.38,1440613305731,"2,500",100% bearish,of 1 rating,N/A
HBMD,$14.28,1440613305758,300,100% bearish,of 1 rating,N/A
HTGM,$5.65,1440613305789,"7,511",100% bearish,of 1 rating,$19.50
HWCC,$7.2,1440613305822,"22,259",100% bearish,of 1 rating,$9
HUBG,$36.94,1440613305843,"30,780",100% bearish,of 1 rating,$43
HSNI,$60.24,1440613305890,"93,049",Not yet rated,NULL,$80
HSON,$2.57,1440613306088,"4,203",100% bearish,of 1 rating,$5
HCBK,$8.97,1440613306144,"975,757",83% bullish,of 6 ratings,$8.61
HBAN,$10.345,1440613306279,"3,692,343",76% bullish,of 17 ratings,$12.29
HDSN,$3.04,1440613306317,"5,889",100% bullish,of 1 rating,$6.25
HURC,$29.21,1440613306412,"3,400",100% bearish,of 1 rating,N/A
HURN,$72.41,1440613306444,"94,563",50% bullish,of 2 ratings,$80
HDRA,NULL,1440613306469,0,Not yet rated,NULL,N/A
HBANP,$1350,1440613306498,25,100% bearish,of 1 rating,N/A
HTCH,$1.45,1440613306544,"43,908",100% bearish,of 1 rating,$3.50
HBP,$3.06,1440613306576,"6,673",100% bullish,of 1 rating,N/A
HDRAR,NULL,1440613306673,0,Not yet rated,NULL,N/A
HDRAW,NULL,1440613306833,0,Not yet rated,NULL,N/A
HYGS,$7.76,1440613306887,"15,545",50% bullish,of 2 ratings,$13
HDRAU,NULL,1440613306912,0,Not yet rated,NULL,N/A
IDSY,$3.73,1440613306988,"76,557",100% bearish,of 1 rating,$7
IACI,$67.775,1440613307119,"343,678",75% bullish,of 4 ratings,$90
IKGH,$1.5084,1440613307147,"8,072",75% bullish,of 4 ratings,N/A
ICAD,$3.39,1440613307172,"72,130",50% bullish,of 2 ratings,$7.25
IBKC,$57.91,1440613307325,"82,313",100% bullish,of 1 rating,$70
ICLR,$77.07,1440613307406,"229,259",100% bearish,of 3 ratings,$85
IEP,$69.1,1440613307433,"55,459",75% bullish,of 4 ratings,$99
ICON,$12.5156,1440613307578,"412,972",50% bullish,of 2 ratings,$18.50
ICFI,$33.85,1440613307606,"25,939",50% bullish,of 2 ratings,$48.50
IPWR,$7.02,1440613307638,"8,889",100% bullish,of 1 rating,$15
ICUI,$111.77,1440613307681,"26,646",Not yet rated,NULL,$122
INVE,$4.27,1440613307739,"14,238",75% bullish,of 4 ratings,$4
IDRA,$2.63,1440613307764,"522,700",89% bullish,of 9 ratings,$6.50
DSKY,$10.6,1440613308002,"81,442",67% bullish,of 6 ratings,$11.50
IDXX,$70.68,1440613308027,"153,131",100% bearish,of 1 rating,$77
IRG,$4.56,1440613308089,"17,441",100% bearish,of 1 rating,$4.50
IROQ,$16.76,1440613308175,"1,235",100% bullish,of 1 rating,N/A
KANG,$14.83,1440613308307,"224,976",50% bullish,of 2 ratings,$22.55
IKNX,$11.95,1440613308339,100,100% bearish,of 1 rating,N/A
RXDX,$12.41,1440613308375,"53,359",100% bullish,of 1 rating,$20
IIVI,$16.87,1440613308403,"63,295",100% bearish,of 1 rating,$22
ILMN,$190.73,1440613308435,"1,372,295",80% bullish,of 5 ratings,$240
ISNS,$3.94,1440613308540,"7,900",50% bullish,of 2 ratings,N/A
IKAN,$2.7201,1440613308570,"29,212",83% bullish,of 6 ratings,$5
ICCC,$7.66,1440613308618,"7,043",100% bullish,of 1 rating,N/A
IMNP,$1.205,1440613308836,"106,296",50% bullish,of 2 ratings,$6
IMMR,$11.576,1440613308867,"47,228",80% bullish,of 5 ratings,$15.50
IMGN,$13.0375,1440613308892,"445,576",75% bullish,of 4 ratings,$17.50
IMMU,$1.83,1440613308977,"281,543",86% bullish,of 7 ratings,$2
IMDZ,$14.54,1440613309159,"51,596",100% bearish,of 1 rating,$33
IPXL,$42.55,1440613309206,"234,018",67% bullish,of 3 ratings,$46.50
IMMY,$7.3,1440613309287,"6,902",100% bearish,of 1 rating,$11
IBCP,$14,1440613309314,"40,370",100% bullish,of 1 rating,$14.50
INCR,$41.27,1440613309346,"86,012",50% bullish,of 2 ratings,$53
INCY,$103.645,1440613309380,"413,659",50% bullish,of 6 ratings,$125.50
INDB,$43.7745,1440613309406,"35,770",Not yet rated,NULL,$44
SAAS,$7.29,1440613309439,"124,113",50% bullish,of 2 ratings,$15
IBTX,$39.37,1440613309618,"20,101",100% bullish,of 2 ratings,$47.25
IDSA,$3.35,1440613309749,"5,156",Not yet rated,NULL,N/A
INFI,$8.5,1440613309774,"227,388",50% bullish,of 4 ratings,$18
INFN,$20.56,1440613309857,"1,345,085",71% bullish,of 7 ratings,$28
IPCC,$77.64,1440613309962,"6,156",Not yet rated,NULL,$77.50
IFON,$1.2024,1440613309991,"10,680",75% bullish,of 4 ratings,N/A
INOD,$2.39,1440613310096,"10,620",100% bearish,of 1 rating,N/A
IMKTA,$51.015,1440613310131,"31,846",100% bearish,of 1 rating,N/A
III,$3.96,1440613310158,"9,220",57% bullish,of 7 ratings,$6
INNL,$12.4,1440613310231,"1,365",100% bearish,of 1 rating,$16.50
IPHS,$45.984,1440613310252,"37,756",100% bearish,of 1 rating,$60
IOSP,$47.24,1440613310335,"139,718",100% bearish,of 1 rating,N/A
INWK,$6.84,1440613310385,"55,575",50% bullish,of 2 ratings,$10
ISSC,$2.86,1440613310412,"5,138",67% bearish,of 3 ratings,N/A
INGN,$45.6,1440613310540,"64,732",100% bearish,of 1 rating,$50.50
ITEK,$11.46,1440613310568,"334,231",100% bearish,of 3 ratings,$20
INOV,$20.6,1440613310877,"232,371",100% bearish,of 1 rating,$33
INO,$6.51,1440613310906,"431,587",89% bullish,of 18 ratings,$20
ISIG,$2.6,1440613310935,"7,300",100% bearish,of 1 rating,N/A
INSM,$23.01,1440613310967,"153,609",71% bullish,of 7 ratings,$31.50
NSIT,$25.28,1440613311007,"71,899",50% bullish,of 2 ratings,N/A
IIIN,$17.0036,1440613311036,"26,673",100% bearish,of 2 ratings,N/A
IART,$58.42,1440613311065,"174,037",100% bearish,of 1 rating,$71.50
PODD,$28.72,1440613311166,"124,610",67% bearish,of 3 ratings,$35
IDTI,$17.47,1440613311261,"816,181",60% bullish,of 5 ratings,$25
INSY,$31.755,1440613311328,"191,058",75% bullish,of 4 ratings,$48
NTEC,$5.55,1440613311390,"37,299",100% bearish,of 1 rating,N/A
IESC,$7.25,1440613311421,"1,893",100% bearish,of 1 rating,N/A
ISSI,$21.9,1440613311502,"123,775",67% bullish,of 3 ratings,$19.75
INTC,$26.67,1440613311527,"16,114,145",82% bullish,of 238 ratings,$36
IPCI,$2.11,1440613311739,"42,993",67% bullish,of 6 ratings,$8
IPAR,$25.54,1440613311774,"17,679",67% bullish,of 3 ratings,$38
ICPT,$176.75,1440613311868,"160,647",70% bullish,of 10 ratings,$359.50
IBKR,$37.101,1440613311895,"236,507",100% bullish,of 1 rating,N/A
IQNT,$18.19,1440613311957,"87,832",86% bullish,of 7 ratings,$20
ICLDW,NULL,1440613311983,0,100% bearish,of 1 rating,N/A
IDCC,$47.395,1440613312025,"92,389",80% bullish,of 5 ratings,$63
ININ,$34.7,1440613312053,"29,567",67% bearish,of 3 ratings,$57
ICLD,$1.7401,1440613312124,"104,960",75% bullish,of 4 ratings,N/A
IMI,$1.99,1440613312316,"100,335",67% bullish,of 3 ratings,$2.22
TILE,$23.35,1440613312456,"253,127",100% bearish,of 3 ratings,$27
INAP,$7.81,1440613312521,"71,026",75% bullish,of 4 ratings,$11
IBOC,$24.56,1440613312552,"44,090",100% bearish,of 1 rating,N/A
IGLD,$6.9701,1440613312585,"3,215",50% bullish,of 2 ratings,N/A
ISCA,$30.33,1440613312651,"63,179",100% bearish,of 1 rating,N/A
IIJI,$10.13,1440613312722,100,50% bullish,of 2 ratings,$11.50
INPH,$0.2802,1440613312783,"13,000",50% bullish,of 2 ratings,N/A
INTX,$2.04,1440613312918,"126,718",67% bullish,of 3 ratings,N/A
XENT,$25.2808,1440613312964,"66,307",50% bullish,of 2 ratings,$36.50
PTNT,$2.98,1440613313028,"10,502",Not yet rated,NULL,N/A
IILG,$19.46,1440613313095,"53,024",100% bearish,of 1 rating,$29
ISIL,$9.99,1440613313126,"274,928",50% bullish,of 6 ratings,$15
IVAC,$4.67,1440613313159,"12,861",100% bearish,of 1 rating,$6.625
INTL,$25.8,1440613313263,"35,116",67% bearish,of 3 ratings,N/A
INTLL,$25.6499,1440613313316,"3,925",Not yet rated,NULL,N/A
ITCI,$25.12,1440613313549,"316,734",75% bearish,of 4 ratings,$40
IIN,$6.02,1440613313577,100,100% bearish,of 1 rating,$12
INVT,$0.2699,1440613313646,"26,302",67% bullish,of 3 ratings,N/A
INTU,$82.36,1440613313674,"1,548,215",86% bullish,of 7 ratings,$107.50
ITIC,$71,1440613313711,600,100% bearish,of 2 ratings,N/A
ISRG,$502.09,1440613313739,"70,797",67% bullish,of 3 ratings,$600
ISBC,$11.36,1440613313767,"917,525",100% bullish,of 1 rating,$13.25
ISTR,$15.63,1440613313874,"2,102",100% bearish,of 1 rating,$18.50
IVTY,$13.51,1440613314019,"5,454",Not yet rated,NULL,$18
NVIV,$9.47,1440613314048,"106,253",50% bullish,of 4 ratings,$24.50
SNAK,$8.3492,1440613314084,"88,180",50% bullish,of 2 ratings,$14
DTUL,NULL,1440613314148,0,Not yet rated,NULL,N/A
DFVL,NULL,1440613314248,0,Not yet rated,NULL,N/A
IPAS,$1.07,1440613314274,"2,484",67% bullish,of 3 ratings,N/A
IRDM,$6.84,1440613314495,"227,158",60% bullish,of 5 ratings,$11.50
IRMD,$25.55,1440613314523,"4,558",67% bearish,of 3 ratings,$25
IPGP,$83.61,1440613314545,"139,770",100% bearish,of 2 ratings,$109.50
IPCM,$79.08,1440613314582,"73,215",50% bullish,of 2 ratings,$80.125
IRIX,$6.75,1440613314679,"34,107",100% bearish,of 1 rating,N/A
IRBT,$27.6375,1440613314708,"151,460",67% bullish,of 6 ratings,$37
IRDMB,$271.95,1440613314737,906,67% bearish,of 3 ratings,N/A
IRCP,NULL,1440613314836,0,100% bullish,of 2 ratings,N/A
COMT,$31.0956,1440613315020,"4,772",100% bearish,of 1 rating,N/A
GNMA,$50.2,1440613315051,"2,688",Not yet rated,NULL,N/A
FCHI,NULL,1440613315084,0,NULL,NULL,NULL
IFAS,NULL,1440613315107,0,NULL,NULL,NULL
IRWD,$10.761,1440613315151,"398,152",100% bearish,of 1 rating,$13
IFGL,$27.92,1440613315291,"64,514",Not yet rated,NULL,N/A
IFEU,$37.71,1440613315319,"34,236",Not yet rated,NULL,N/A
IFNA,NULL,1440613315344,0,NULL,NULL,NULL
AAXJ,$51.36,1440613315475,"1,851,333",Not yet rated,NULL,N/A
ACWX,$39.6694,1440613315537,"910,522",100% bearish,of 1 rating,N/A
AXJS,NULL,1440613315566,0,NULL,NULL,NULL
AAIT,NULL,1440613315585,0,NULL,NULL,NULL
ACWI,$54.01,1440613315617,"1,442,228",Not yet rated,NULL,N/A
EMDI,NULL,1440613315672,0,NULL,NULL,NULL
EEMA,$48.32,1440613315770,"7,577",Not yet rated,NULL,N/A
EEME,NULL,1440613315795,0,NULL,NULL,NULL
EMEY,NULL,1440613315924,0,NULL,NULL,NULL
EGRW,NULL,1440613315946,0,NULL,NULL,NULL
EVAL,NULL,1440613316081,0,NULL,NULL,NULL
EEML,$26.48,1440613316150,"9,586",Not yet rated,NULL,N/A
IEUS,$44.54,1440613316227,"5,351",100% bearish,of 1 rating,N/A
EUFN,$21.4601,1440613316258,"343,168",100% bearish,of 1 rating,N/A
UAE,$16.815,1440613316279,300,Not yet rated,NULL,N/A
IBB,$330.66,1440613316369,"685,667",63% bullish,of 8 ratings,N/A
QAT,$20.285,1440613316423,688,Not yet rated,NULL,N/A
EMIF,$27.373,1440613316503,"30,946",Not yet rated,NULL,N/A
ICLN,$9.0701,1440613316568,"9,359",50% bullish,of 2 ratings,N/A
SOXX,$78.22,1440613316635,"339,325",50% bullish,of 2 ratings,N/A
WOOD,$46.8199,1440613316659,"5,799",50% bullish,of 2 ratings,N/A
INDY,$26.96,1440613316828,"81,424",50% bullish,of 2 ratings,N/A
ISHG,$80.2413,1440613316857,"23,793",100% bearish,of 1 rating,N/A
IGOV,$91.65,1440613316901,"37,019",100% bearish,of 1 rating,N/A
ISLE,$16.14,1440613316994,"107,299",50% bullish,of 4 ratings,$16
ISIS,$47.38,1440613317030,"838,904",53% bullish,of 15 ratings,$67
ISRL,$125,1440613317064,115,100% bearish,of 1 rating,N/A
ITRI,$29.54,1440613317130,"152,681",Not yet rated,NULL,$37
ITUS,NULL,1440613317234,0,Not yet rated,NULL,N/A
ITRN,$23.58,1440613317285,"1,286",50% bullish,of 2 ratings,N/A
XXIA,$14.8808,1440613317388,"122,337",71% bullish,of 7 ratings,$14.625
JJSF,$113.22,1440613317461,"21,174",100% bearish,of 1 rating,N/A
MAYS,NULL,1440613317492,0,Not yet rated,NULL,N/A
IXYS,$10.36,1440613317530,"43,582",50% bullish,of 4 ratings,N/A
JBHT,$72.22,1440613317597,"633,242",50% bullish,of 4 ratings,$89.50
JASO,$7.35,1440613317691,"493,502",82% bullish,of 17 ratings,$10
JCOM,$66.5,1440613317719,"146,934",100% bullish,of 2 ratings,$77
JACK,$78.78,1440613317862,"171,570",83% bullish,of 6 ratings,$105
JKHY,$67.46,1440613318019,"396,278",50% bullish,of 2 ratings,$72
JAXB,$12.28,1440613318068,"64,500",100% bullish,of 1 rating,N/A
JXSB,$23.71,1440613318093,600,Not yet rated,NULL,N/A
JAGX,$3.15,1440613318367,"2,500",Not yet rated,NULL,N/A
ERW,NULL,1440613318398,0,Not yet rated,NULL,N/A
JAKK,$9.19,1440613318426,"206,208",60% bearish,of 5 ratings,$11
JMBA,$13.255,1440613318480,"73,794",75% bullish,of 4 ratings,$18
JASNW,NULL,1440613318506,0,50% bullish,of 2 ratings,N/A
JRVR,$26.38,1440613318557,"27,854",Not yet rated,NULL,$32
JAZZ,$161.92,1440613318582,"154,286",80% bullish,of 15 ratings,$206.50
JASN,$4.81,1440613318645,"10,393",50% bullish,of 2 ratings,$9.50
JD,$24.98,1440613318843,"3,963,990",75% bullish,of 16 ratings,$36
JBLU,$21.74,1440613318868,"2,894,139",94% bullish,of 18 ratings,$27
JCTCF,$9.5,1440613319040,100,100% bullish,of 1 rating,N/A
JTPY,$2.92,1440613319088,920,100% bearish,of 1 rating,N/A
DATE,$5.69,1440613319189,"89,536",75% bullish,of 4 ratings,$9
JIVE,$4.26,1440613319221,"258,857",75% bullish,of 4 ratings,$5
JST,$3.7716,1440613319251,"27,103",75% bullish,of 4 ratings,N/A
WYIGU,$10.01,1440613319277,"64,843",Not yet rated,NULL,N/A
JBSS,$52.46,1440613319319,"19,174",67% bearish,of 3 ratings,N/A
JNP,$9.4688,1440613319350,"10,945",100% bullish,of 3 ratings,$15
JOUT,$22.77,1440613319409,"5,886",100% bearish,of 1 rating,$34
JOEZ,$0.1801,1440613319503,"155,254",92% bullish,of 12 ratings,N/A
JUNO,$34.88,1440613319536,"623,002",73% bullish,of 11 ratings,$71.50
KALU,$78.39,1440613319573,"46,302",67% bearish,of 3 ratings,$91
KTWO,$20.88,1440613319708,"62,235",100% bearish,of 1 rating,$28.50
KBIO,$1.9879,1440613319733,"152,220",50% bullish,of 4 ratings,N/A
KMDA,$3.2999,1440613319876,"2,900",50% bullish,of 2 ratings,$8
KNDI,$6.06,1440613319975,"190,929",86% bullish,of 22 ratings,N/A
KBSF,$4,1440613320001,401,100% bullish,of 1 rating,N/A
KPTI,$12.93,1440613320028,"101,430",67% bearish,of 3 ratings,$39
KCLI,$46.0388,1440613320082,"7,436",Not yet rated,NULL,N/A
