Symbol,Price,Date,Volume,Rating,RatingVoteCount,OneYearEstimate
SRCE,$29.27,1440685202120,"4,544",100% bullish,of 3 ratings,$33
TFSCU,NULL,1440685202169,0,Not yet rated,NULL,N/A
FLWS,$8.755,1440685202214,"219,570",80% bullish,of 5 ratings,$15
FCCY,NULL,1440685202241,0,100% bullish,of 1 rating,$13
PIH,$7.295,1440685202262,500,100% bearish,of 1 rating,N/A
TFSC,NULL,1440685202296,0,100% bearish,of 1 rating,N/A
TFSCR,NULL,1440685202317,0,Not yet rated,NULL,N/A
TWOU,$35.16,1440685202395,"38,230",50% bullish,of 2 ratings,$39
DGLD,$84.3712,1440685202523,"8,816",100% bullish,of 1 rating,N/A
VNET,$17.49,1440685202624,"302,369",60% bullish,of 5 ratings,$29.50
UGLD,$8.925,1440685202661,"439,346",100% bearish,of 1 rating,N/A
TFSCW,NULL,1440685202694,0,100% bearish,of 1 rating,N/A
JOBS,$27.43,1440685202759,"13,488",50% bullish,of 4 ratings,$36
DSLV,$75.84,1440685202788,"6,007",100% bearish,of 1 rating,N/A
FCTY,NULL,1440685202922,0,100% bullish,of 1 rating,$8.50
USLV,$11.6,1440685202946,"103,341",86% bullish,of 7 ratings,N/A
SIXD,$3.11,1440685203236,"74,702",Not yet rated,NULL,N/A
AVHI,$13.6,1440685203295,"19,982",100% bearish,of 1 rating,$19
CAFD,$14.88,1440685203331,"48,574",Not yet rated,NULL,$25
EGHT,$7.751,1440685203352,"40,082",82% bullish,of 17 ratings,$11
SHLM,$33.7,1440685203410,"16,279",100% bearish,of 1 rating,$47
ABY,$21.3365,1440685203437,"71,165",100% bearish,of 2 ratings,$46
AAON,$20.21,1440685203457,"17,283",100% bearish,of 1 rating,$24
ABAX,$47.17,1440685203486,"17,542",100% bearish,of 1 rating,$60
ABGB,$6.22,1440685203612,"101,749",67% bullish,of 3 ratings,$5.50
ABEOW,$1.73,1440685203708,561,100% bullish,of 1 rating,N/A
ABMD,$98.2399,1440685203763,"88,146",75% bullish,of 4 ratings,$100.50
ABEO,$4.7599,1440685203793,"13,879",50% bullish,of 4 ratings,$15.50
ACTG,$8.99,1440685203898,"25,503",67% bullish,of 3 ratings,$18.50
AXAS,$1.68,1440685203925,"156,062",78% bullish,of 9 ratings,$3.50
ACHC,$72.38,1440685204170,"84,938",50% bullish,of 2 ratings,$92
ACAD,$38.19,1440685204200,"185,992",80% bullish,of 20 ratings,$48
XLRN,$28.54,1440685204257,"23,111",50% bullish,of 2 ratings,$57
ACST,$0.36,1440685204300,"2,565",100% bullish,of 2 ratings,N/A
ARAY,$6.35,1440685204405,"87,224",100% bearish,of 1 rating,$10.50
ANCX,$19.7,1440685204432,"5,212",Not yet rated,NULL,$20
AXDX,$18.6,1440685204461,"28,483",100% bearish,of 1 rating,N/A
VXDN,$2.056,1440685204510,"22,773",100% bearish,of 1 rating,N/A
VXUP,$1.4901,1440685204566,"14,182",100% bearish,of 1 rating,N/A
ACRX,$4.3,1440685204606,"42,234",67% bearish,of 6 ratings,$5.50
AKAO,$6.6405,1440685204735,"12,703",75% bullish,of 4 ratings,$15
ACET,$22.48,1440685204760,"8,926",75% bullish,of 4 ratings,$30
ACHN,$7.46,1440685204805,"159,067",90% bullish,of 21 ratings,$16
ACIW,$20.9,1440685204830,"89,361",67% bearish,of 3 ratings,$24
ACNB,NULL,1440685204978,0,Not yet rated,NULL,N/A
ACOR,$31.7499,1440685205085,"91,749",67% bearish,of 3 ratings,$38.50
ACPW,$1.8299,1440685205125,"3,241",100% bullish,of 4 ratings,$3.50
ACTA,$12.85,1440685205231,"12,234",67% bearish,of 3 ratings,$25
ACTS,$1.6585,1440685205258,"5,901",100% bearish,of 1 rating,N/A
ACUR,$0.55,1440685205295,"16,812",100% bullish,of 5 ratings,$1
ACXM,$20.49,1440685205339,"47,639",67% bullish,of 3 ratings,N/A
ATVI,$27.79,1440685205392,"663,976",68% bullish,of 84 ratings,$31.50
ADMP,$3.5196,1440685205584,"3,284",50% bullish,of 2 ratings,$10
ADAP,$11.795,1440685205615,"5,700",67% bullish,of 3 ratings,$22
ADMS,$19.8,1440685205683,"18,875",100% bearish,of 2 ratings,$36
AEY,$2.327,1440685205708,"1,904",100% bearish,of 2 ratings,N/A
ADUS,$28.31,1440685205766,"3,933",100% bearish,of 1 rating,$31
ADEP,$6.51,1440685205896,"2,742",50% bullish,of 2 ratings,$10.75
ADMA,$9.31,1440685205922,830,Not yet rated,NULL,$19
ADRO,$21.42,1440685206092,"51,917",80% bullish,of 5 ratings,$45.50
ADBE,$78.86,1440685206142,"429,779",65% bullish,of 17 ratings,$90
ADTN,$15.48,1440685206191,"41,214",67% bullish,of 3 ratings,$17.125
AEIS,$24.3625,1440685206220,"25,007",50% bullish,of 2 ratings,$32.50
ADXS,$14.2899,1440685206320,"125,428",64% bullish,of 14 ratings,$27
ADXSW,$9.3801,1440685206355,"4,050",100% bullish,of 1 rating,N/A
YPRO,NULL,1440685206495,0,100% bearish,of 1 rating,N/A
AMD,$1.78,1440685206535,"1,248,196",83% bullish,of 103 ratings,$2
MULT,NULL,1440685206591,0,100% bearish,of 1 rating,N/A
AEGR,$17.83,1440685206775,"81,586",50% bullish,of 6 ratings,$26
AEGN,$17.81,1440685206830,"21,038",100% bearish,of 2 ratings,$21
AEHR,$2.25,1440685206858,450,50% bullish,of 2 ratings,N/A
AEPI,$55.31,1440685206930,"1,388",100% bearish,of 1 rating,N/A
AMTX,$2.43,1440685206959,"5,551",50% bullish,of 2 ratings,$26.11
AVAV,$23.51,1440685207184,"10,156",50% bullish,of 4 ratings,$31
AERI,$16.3,1440685207211,"97,749",75% bullish,of 4 ratings,$31.50
AEMD,$6.97,1440685207277,"36,806",Not yet rated,NULL,$27.50
AEZS,$0.0824,1440685207409,"1,962,262",90% bullish,of 21 ratings,$1.50
AFMD,$10.15,1440685207439,"22,060",50% bullish,of 4 ratings,$15
AGRX,$8.345,1440685207498,"2,346",100% bearish,of 1 rating,$17.50
AGEN,$6.9,1440685207539,"125,838",85% bullish,of 13 ratings,$14
AFFX,$9.45,1440685207565,"84,980",80% bullish,of 5 ratings,$12
AGYS,$9.44,1440685207736,"5,092",100% bearish,of 1 rating,N/A
AGIO,$89.83,1440685207815,"38,341",88% bullish,of 8 ratings,$114
AGFSW,$1.975,1440685207869,"3,400",100% bearish,of 2 ratings,N/A
AIRM,$36.39,1440685207898,"18,708",80% bearish,of 5 ratings,$53
AGFS,$10.2316,1440685208000,"3,136",100% bearish,of 1 rating,N/A
AIRT,$21.49,1440685208024,200,100% bullish,of 1 rating,N/A
AIMT,$21.86,1440685208056,"8,221",Not yet rated,NULL,N/A
ATSG,$8.75,1440685208166,"24,358",67% bullish,of 3 ratings,$13
AIXG,$5.95,1440685208311,"4,662",67% bearish,of 3 ratings,$5.25
AKAM,$69.555,1440685208374,"127,621",63% bullish,of 8 ratings,$77
AKER,$2.55,1440685208476,142,Not yet rated,NULL,N/A
AKRX,$40.41,1440685208530,"89,027",78% bullish,of 9 ratings,$56
AMCN,$4.6298,1440685208557,"155,442",83% bullish,of 6 ratings,N/A
AKBA,$6.41,1440685208584,"27,448",100% bearish,of 1 rating,$18
ALRM,$16.39,1440685208609,"11,057",100% bearish,of 1 rating,$22
ALSK,$2,1440685208792,"35,692",78% bullish,of 18 ratings,$2
ADHD,$7.62,1440685208948,"30,574",50% bullish,of 4 ratings,$18
ALDR,$38.545,1440685208983,"32,153",67% bearish,of 3 ratings,$62
ABDC,$12.2,1440685209011,"8,905",Not yet rated,NULL,$15
ALDX,$7.012,1440685209139,"3,560",100% bearish,of 1 rating,$14.50
ALXN,$176.443,1440685209234,"153,747",88% bullish,of 8 ratings,$223
ALXA,$1.092,1440685209261,"4,376",83% bullish,of 6 ratings,$2.125
ALGN,$56.87,1440685209415,"61,452",100% bearish,of 2 ratings,$73
ALCO,$42,1440685209453,434,50% bullish,of 2 ratings,N/A
ALIM,$3.25,1440685209547,"10,700",80% bullish,of 5 ratings,$10
ALKS,$61.74,1440685209576,"57,271",67% bullish,of 3 ratings,$75
AMRI,$19.89,1440685209597,"14,526",75% bearish,of 4 ratings,$24
ALGT,$214.13,1440685209775,"12,693",100% bearish,of 2 ratings,$235
ALLB,$22.79,1440685209806,100,Not yet rated,NULL,N/A
AFOP,$18.24,1440685209907,"19,371",75% bullish,of 8 ratings,$21
AHGP,$35.8865,1440685209980,"20,239",67% bullish,of 3 ratings,N/A
AIQ,$13.5,1440685210005,900,67% bullish,of 3 ratings,N/A
AHPI,NULL,1440685210133,0,50% bullish,of 2 ratings,N/A
ALQA,$4.21,1440685210209,200,75% bullish,of 4 ratings,$8.50
ARLP,$24.6289,1440685210237,"39,636",67% bearish,of 3 ratings,$32
AMOT,$18.1,1440685210274,"12,471",100% bearish,of 1 rating,N/A
MDRX,$13.6,1440685210410,"198,559",60% bullish,of 5 ratings,$16
AFAM,$44.4,1440685210447,"5,380",50% bullish,of 2 ratings,$44
ALLT,$5,1440685210626,"14,963",75% bullish,of 4 ratings,$6.25
SMCP,NULL,1440685210659,0,Not yet rated,NULL,N/A
ALNY,$106.68,1440685210686,"64,661",67% bullish,of 3 ratings,$148.50
ATEC,$0.58,1440685210759,"15,450",100% bullish,of 1 rating,$2
ALTR,$48.66,1440685210787,"363,767",80% bearish,of 5 ratings,$54
AOSL,$7.3,1440685210846,"8,964",67% bullish,of 3 ratings,$9
AIMC,$24.25,1440685211155,"7,612",100% bearish,of 2 ratings,$28.50
ASPS,$25.6,1440685211182,"39,516",67% bullish,of 3 ratings,$46.50
AMRN,$2.06,1440685211212,"200,580",85% bullish,of 39 ratings,$8
AMRK,NULL,1440685211233,0,50% bullish,of 2 ratings,$14
AMAG,$65.91,1440685211254,"55,703",100% bullish,of 2 ratings,$77.50
AYA,$20.02,1440685211293,"10,082",100% bearish,of 1 rating,$40
AMZN,$517.63,1440685211384,"1,019,455",81% bullish,of 264 ratings,$646
AMBC,$15.56,1440685211409,"48,575",100% bearish,of 1 rating,$16.50
AMBA,$94.17,1440685211553,"628,786",83% bullish,of 12 ratings,$102.50
AMBCW,NULL,1440685211581,0,100% bearish,of 1 rating,N/A
DOX,$57.16,1440685211653,"44,365",67% bearish,of 3 ratings,$60
EPAX,$2.6701,1440685211716,"4,100",100% bearish,of 1 rating,N/A
AMCX,$72,1440685211845,"144,877",67% bullish,of 3 ratings,$87.50
AMDA,$0.48,1440685212132,"255,204",90% bullish,of 10 ratings,$1
AMOV,$17.79,1440685212184,590,100% bearish,of 1 rating,N/A
AMED,$38.16,1440685212260,"29,529",100% bearish,of 1 rating,$42
UHAL,$370.1,1440685212415,"1,562",100% bullish,of 2 ratings,$393.50
AAL,$38.71,1440685212442,"1,521,078",93% bullish,of 88 ratings,$57
ASBI,NULL,1440685212462,0,Not yet rated,NULL,N/A
AGNC,$19.275,1440685212598,"404,567",71% bullish,of 28 ratings,$22
ATAX,$5.16,1440685212619,"14,010",100% bullish,of 1 rating,$6.50
AGNCP,$25.195,1440685212652,"2,200",Not yet rated,NULL,N/A
MTGE,$15.33,1440685212702,"61,277",75% bullish,of 4 ratings,$19.50
ACSF,$12.04,1440685212861,"2,630",100% bearish,of 1 rating,$15
ACAS,$13.68,1440685212990,"661,924",60% bullish,of 5 ratings,$16.75
AGNCB,$24.3399,1440685213015,"4,275",Not yet rated,NULL,N/A
MTGEP,$24.68,1440685213040,131,Not yet rated,NULL,N/A
AETI,NULL,1440685213208,0,67% bearish,of 3 ratings,N/A
ANCI,NULL,1440685213233,0,100% bearish,of 1 rating,N/A
AMIC,$9.62,1440685213398,200,Not yet rated,NULL,N/A
AMNB,$23.15,1440685213528,"2,774",Not yet rated,NULL,$25.50
ARII,$38.4,1440685213581,"116,404",67% bearish,of 3 ratings,$45
AMRB,$10.0936,1440685213675,800,Not yet rated,NULL,$11
ASEI,$36.695,1440685213702,"2,792",100% bearish,of 1 rating,$52.50
APEI,$21.25,1440685213733,"8,190",100% bearish,of 1 rating,$25.50
AMSC,$4.375,1440685213843,"24,312",50% bullish,of 4 ratings,N/A
ANAT,$100.14,1440685213914,"1,578",100% bullish,of 1 rating,N/A
AMSWA,$8.55,1440685213939,"4,302",100% bearish,of 2 ratings,$10.75
AMWD,$65.785,1440685214152,"14,454",50% bullish,of 2 ratings,$70
CRMT,$35.83,1440685214215,"7,063",100% bearish,of 1 rating,$39
ABCB,$26.62,1440685214299,"12,076",Not yet rated,NULL,$31
ASRVP,NULL,1440685214514,0,Not yet rated,NULL,N/A
AMSF,$46.64,1440685214539,"5,752",Not yet rated,NULL,$57.50
ASRV,$3.2,1440685214586,200,100% bullish,of 2 ratings,N/A
FOLD,$15.13,1440685214720,"158,016",56% bullish,of 9 ratings,$21
AMGN,$154.33,1440685214745,"540,139",89% bullish,of 19 ratings,$185
ATLO,$23.43,1440685214772,"1,040",Not yet rated,NULL,N/A
AMKR,$4.71,1440685214904,"155,349",100% bearish,of 2 ratings,$5
AMPH,$13.56,1440685214933,"33,992",50% bullish,of 2 ratings,$20
AMSG,$79.7495,1440685214960,"36,910",100% bearish,of 1 rating,$85.50
AMSGP,$141.83,1440685215092,12,Not yet rated,NULL,N/A
ASYS,$5.04,1440685215220,"5,204",67% bullish,of 3 ratings,$12
AFSI,$58.62,1440685215306,"93,881",60% bullish,of 5 ratings,$72
ANAC,$134.44,1440685215404,"65,466",80% bullish,of 5 ratings,$180.50
AMRS,$1.6,1440685215431,"6,050",70% bullish,of 10 ratings,N/A
ALOG,$78.7,1440685215563,"6,894",100% bearish,of 2 ratings,$100.50
ADI,$55,1440685215587,"436,243",67% bullish,of 3 ratings,$69
ANAD,$0.3301,1440685215641,"27,349",100% bullish,of 2 ratings,$.50
AMCF,$0.25,1440685215823,700,100% bullish,of 7 ratings,N/A
ABCW,$39.85,1440685215848,"2,546",67% bullish,of 3 ratings,N/A
ANCB,$23,1440685215877,800,Not yet rated,NULL,$23
ANGI,$4.83,1440685216030,"66,523",64% bullish,of 11 ratings,$5.50
ANIP,$50.03,1440685216097,"34,448",89% bullish,of 19 ratings,$66
ANIK,$34.28,1440685216118,"13,230",60% bullish,of 5 ratings,$51.25
ANGO,$14.71,1440685216196,"13,381",67% bullish,of 3 ratings,$19
ANSS,$89.13,1440685216351,"30,926",100% bearish,of 1 rating,$100
ATRS,$1.7099,1440685216423,"74,372",92% bullish,of 12 ratings,$4.50
APOG,$49.08,1440685216650,"16,062",50% bullish,of 2 ratings,$67
ANTH,$7.3,1440685216676,"141,934",80% bullish,of 10 ratings,$13
ABAC,$0.768,1440685216702,302,100% bearish,of 1 rating,N/A
ATNY,$2.31,1440685216727,300,50% bullish,of 2 ratings,$3.75
APIC,$6.325,1440685216856,"11,840",100% bearish,of 1 rating,$19
APOL,$10.98,1440685216881,"141,363",87% bearish,of 68 ratings,$14
APPF,$17.43,1440685217159,"8,297",50% bullish,of 2 ratings,$22
AINV,$6.485,1440685217196,"126,052",50% bullish,of 4 ratings,$8
ARCI,NULL,1440685217217,0,Not yet rated,NULL,N/A
APDN,$3.19,1440685217287,"5,651",Not yet rated,NULL,$9
AAPL,$110.91,1440685217313,"11,965,187",86% bullish,of 2350 ratings,$150
APDNW,NULL,1440685217379,0,Not yet rated,NULL,N/A
AGTC,$15.25,1440685217680,"10,653",50% bullish,of 2 ratings,$33
AREX,$1.9,1440685217923,"98,459",100% bearish,of 1 rating,$3
AQMS,$4.91,1440685219244,625,Not yet rated,NULL,N/A
AAOI,$19.94,1440685219303,"55,098",50% bullish,of 4 ratings,$26
APTO,$4.99,1440685219332,1,Not yet rated,NULL,$17
AMAT,$15.44,1440685219376,"1,781,834",82% bullish,of 11 ratings,$23
AMCC,$5.55,1440685219435,"50,271",80% bullish,of 5 ratings,$8
AUMAU,$9.98,1440685219887,"4,000",Not yet rated,NULL,N/A
AUMAW,NULL,1440685220021,0,Not yet rated,NULL,N/A
ARDM,NULL,1440685220051,0,100% bullish,of 1 rating,$26
APRI,$1.2437,1440685220083,850,83% bullish,of 6 ratings,$4.86
AUMA,NULL,1440685220154,0,Not yet rated,NULL,N/A
AQXP,$17.75,1440685220181,"185,018",50% bullish,of 2 ratings,$2
ABUS,$7.09,1440685220399,"40,639",86% bullish,of 14 ratings,$23
PETX,$17.215,1440685220499,"41,522",100% bearish,of 2 ratings,$26
ABIO,$0.86,1440685220525,"33,809",50% bullish,of 2 ratings,$3.75
RKDA,$5.826,1440685220554,"3,397",100% bearish,of 2 ratings,$10
ARCB,$28.6756,1440685220580,"21,554",67% bearish,of 3 ratings,$39.50
ARCW,$3.5218,1440685220636,630,100% bearish,of 2 ratings,$10.50
ACGL,$67.79,1440685220734,"19,480",50% bullish,of 2 ratings,$72
ACAT,$25.27,1440685220759,"13,267",100% bearish,of 3 ratings,$33
ARDX,$17.36,1440685220791,"15,990",50% bullish,of 2 ratings,$24.50
ARCC,$15.29,1440685220960,"204,581",67% bearish,of 3 ratings,$17.875
ARNA,$2.6701,1440685220985,"361,066",90% bullish,of 77 ratings,$5.50
ARGS,$6.205,1440685221228,"12,236",50% bullish,of 2 ratings,$19.50
ARIS,$4.008,1440685221257,"21,978",Not yet rated,NULL,$4.50
AGII,$55.716,1440685221287,"24,077",Not yet rated,NULL,$59.50
AGIIL,$25.6,1440685221356,25,Not yet rated,NULL,N/A
ARIA,$6.87,1440685221383,"265,246",87% bullish,of 46 ratings,$9
ARMH,$42.255,1440685221512,"907,855",54% bearish,of 13 ratings,$61
ARKR,$24.9,1440685221537,2,50% bullish,of 2 ratings,N/A
ARTX,$1.4,1440685221562,"6,261",88% bullish,of 16 ratings,$4.50
ARWAR,NULL,1440685221693,0,Not yet rated,NULL,N/A
ARWA,NULL,1440685221739,0,Not yet rated,NULL,N/A
ARWAU,NULL,1440685221872,0,100% bullish,of 1 rating,N/A
ARRY,$5.73,1440685222003,"210,821",100% bullish,of 7 ratings,$10
ARQL,$1.65,1440685222063,"29,047",75% bullish,of 4 ratings,$5
ARRS,$26.02,1440685222215,"80,325",50% bullish,of 2 ratings,$38
DWAT,$9.8,1440685222268,"2,700",100% bearish,of 1 rating,N/A
ARWR,$5.5901,1440685222294,"155,147",75% bullish,of 4 ratings,$10.50
ARWAW,NULL,1440685222350,0,Not yet rated,NULL,N/A
AROW,$27.11,1440685222380,"3,016",Not yet rated,NULL,N/A
ASBB,$24.28,1440685222482,100,Not yet rated,NULL,N/A
ARTNA,$21.99,1440685222558,"2,132",100% bearish,of 1 rating,$29
ARTW,$4.32,1440685222589,93,75% bearish,of 4 ratings,N/A
ASND,$20.97,1440685222662,"12,203",100% bullish,of 1 rating,$30
ASNA,$11.495,1440685222693,"221,594",50% bullish,of 2 ratings,$18
ASCMA,$26.41,1440685222794,"7,288",100% bearish,of 1 rating,$45
ASTI,$0.1199,1440685222860,"457,017",83% bullish,of 6 ratings,$3
ASMI,NULL,1440685222923,0,NULL,NULL,NULL
APWC,$1.75,1440685222996,"1,612",100% bearish,of 1 rating,N/A
ASML,$90.94,1440685223264,"376,360",50% bullish,of 4 ratings,$127
ASFI,$8.88,1440685223318,834,100% bullish,of 1 rating,N/A
ASMB,$12.87,1440685223403,"8,128",67% bullish,of 3 ratings,N/A
ASTE,$36.32,1440685223431,"5,395",100% bearish,of 1 rating,$48
ALOT,NULL,1440685223455,0,100% bearish,of 1 rating,N/A
AZPN,$37.75,1440685223484,"56,455",50% bullish,of 2 ratings,$42
ATRO,$51.45,1440685223512,"25,576",100% bearish,of 2 ratings,$80
ASUR,$5.5164,1440685223658,350,50% bullish,of 2 ratings,$8
ATAI,$2.52,1440685223800,100,100% bearish,of 1 rating,N/A
ATHN,$133.245,1440685223929,"20,218",67% bearish,of 3 ratings,$153
ATRA,$39.34,1440685223957,"26,859",50% bullish,of 2 ratings,$68
AFCB,$27.3,1440685223978,200,Not yet rated,NULL,N/A
ASTC,$1.9438,1440685224012,"1,940",100% bullish,of 5 ratings,N/A
ATHX,$1.12,1440685224113,"22,799",89% bullish,of 9 ratings,$5
AAPC,$10.1,1440685224140,16,Not yet rated,NULL,N/A
ACFC,$5.327,1440685224330,"14,471",Not yet rated,NULL,$6.50
ATNI,$71.31,1440685224392,"12,948",100% bearish,of 1 rating,$69.50
AAME,NULL,1440685224469,0,Not yet rated,NULL,N/A
ATLC,$3.86,1440685224519,2,67% bullish,of 3 ratings,N/A
AAWW,$40.37,1440685224570,"48,319",50% bullish,of 2 ratings,$65
ATML,$7.84,1440685224616,"578,803",78% bullish,of 9 ratings,$9.50
AFH,$16.19,1440685224651,"19,765",Not yet rated,NULL,$21.50
ATOS,$0.74,1440685224778,"10,430",100% bullish,of 7 ratings,$7
ATRC,$25.4,1440685224883,"11,541",100% bullish,of 1 rating,$30
ATRI,$377.65,1440685225030,"2,026",Not yet rated,NULL,N/A
LIFE,$14.6299,1440685225070,"6,372",86% bullish,of 7 ratings,$43
ATRM,NULL,1440685225100,0,50% bullish,of 2 ratings,N/A
ATTU,$13.2199,1440685225128,"7,365",100% bearish,of 1 rating,$20.50
AUBN,$26.96,1440685225197,550,Not yet rated,NULL,N/A
AUDC,$3.18,1440685225256,"12,269",80% bullish,of 5 ratings,$5
EARS,$4.82,1440685225398,"1,150",100% bearish,of 2 ratings,$11.50
AUPH,$2.9936,1440685225425,"6,100",100% bearish,of 1 rating,$8
ADAT,$0.3302,1440685225655,"218,970",100% bullish,of 2 ratings,N/A
ABTL,$17.09,1440685225689,"13,818",100% bullish,of 4 ratings,$20.25
ADSK,$49.81,1440685225710,"291,435",67% bullish,of 6 ratings,$69.50
ADP,$77.52,1440685225731,"267,733",100% bearish,of 1 rating,$88
AVGO,$124.4,1440685225765,"1,885,133",88% bullish,of 8 ratings,$165
AVNU,$12.358,1440685225793,906,Not yet rated,NULL,$14
AAVL,$10.805,1440685225923,"46,714",100% bearish,of 1 rating,$20
AVEO,$1.339,1440685225947,"237,711",75% bullish,of 8 ratings,$3
AWRE,$3.08,1440685226188,183,67% bullish,of 3 ratings,N/A
AVGR,$14.16,1440685226213,"3,868",100% bearish,of 1 rating,$20
AVID,$8,1440685226238,"40,937",100% bearish,of 1 rating,$20
AVNW,$1.17,1440685226263,"23,618",50% bullish,of 2 ratings,$2.20
CAR,$42,1440685226288,"169,915",80% bullish,of 5 ratings,$60
AXPW,$1.0399,1440685226538,"17,615",83% bullish,of 6 ratings,N/A
ACLS,$3.1,1440685226812,"79,220",67% bullish,of 6 ratings,$4.75
AXPWW,NULL,1440685226836,0,Not yet rated,NULL,N/A
RILY,$9.78,1440685227011,200,Not yet rated,NULL,N/A
BCOM,$19.003,1440685227053,984,100% bearish,of 1 rating,N/A
BOSC,$2.25,1440685227113,201,50% bullish,of 2 ratings,N/A
BEAV,$47.9285,1440685227141,"57,115",67% bearish,of 3 ratings,$59
AXGN,$3.8999,1440685227194,"15,158",Not yet rated,NULL,$5
AXTI,$2.14,1440685227240,168,50% bullish,of 2 ratings,$2.75
BIDU,$148.5896,1440685227525,"891,376",81% bullish,of 88 ratings,$210
BCPC,$56.96,1440685227571,"17,129",100% bearish,of 1 rating,$75
BANF,$58.63,1440685227663,"1,710",Not yet rated,NULL,$68
BWINA,NULL,1440685227710,0,Not yet rated,NULL,N/A
BWINB,$22.8899,1440685227794,"3,062",Not yet rated,NULL,N/A
BLDP,$1.19,1440685227819,"97,083",91% bullish,of 22 ratings,$2.50
BANFP,NULL,1440685228018,0,Not yet rated,NULL,N/A
BOCH,$5.8399,1440685228061,"3,661",Not yet rated,NULL,$6.50
BKMU,$6.82,1440685228096,"13,206",Not yet rated,NULL,$8
BMRC,$48.14,1440685228125,800,Not yet rated,NULL,$52
BKSC,$15.838,1440685228230,200,Not yet rated,NULL,N/A
BOTJ,$11.0785,1440685228282,717,Not yet rated,NULL,N/A
OZRK,$41.34,1440685228377,"60,768",67% bullish,of 3 ratings,$49.50
BFIN,$11.83,1440685228421,"3,548",Not yet rated,NULL,$13
BANR,$43.61,1440685228568,"3,830",100% bullish,of 3 ratings,$50
BWFG,NULL,1440685228594,0,100% bearish,of 1 rating,N/A
BZUN,$5.067,1440685228658,"168,174",50% bullish,of 2 ratings,$11.50
TAPR,$32.98,1440685228684,535,100% bearish,of 1 rating,N/A
BHACW,NULL,1440685228865,0,Not yet rated,NULL,N/A
BHAC,NULL,1440685228892,0,Not yet rated,NULL,N/A
BHACR,NULL,1440685228942,0,Not yet rated,NULL,N/A
BHACU,NULL,1440685228966,0,Not yet rated,NULL,N/A
BBSI,$33.4289,1440685229119,"15,837",67% bearish,of 3 ratings,$62.50
BSET,$28.97,1440685229187,"10,257",100% bearish,of 1 rating,$35
BYLK,$12.7,1440685229255,400,Not yet rated,NULL,$14
BYBK,NULL,1440685229289,0,100% bearish,of 1 rating,N/A
BV,$5.01,1440685229449,"33,903",67% bullish,of 6 ratings,$9
BDCV,$4.6,1440685229508,"4,680",100% bearish,of 1 rating,$10.19
BBCN,$14.27,1440685229533,"34,478",100% bearish,of 1 rating,$16
BCBP,$11.43,1440685229584,200,Not yet rated,NULL,N/A
BSF,$8.75,1440685229792,"1,643",Not yet rated,NULL,N/A
BECN,$34.34,1440685229822,"38,499",50% bullish,of 2 ratings,$40
BBGI,$4.1616,1440685229848,300,100% bearish,of 1 rating,N/A
BEBE,$1.77,1440685229874,"21,738",75% bullish,of 4 ratings,$3.075
BELFA,NULL,1440685230006,0,100% bearish,of 1 rating,N/A
BELFB,$17.715,1440685230137,"2,788",100% bearish,of 1 rating,N/A
BLPH,$5.055,1440685230289,"9,037",100% bearish,of 1 rating,$12.50
BLCM,$16.9299,1440685230392,"19,977",50% bullish,of 4 ratings,$40
BBBY,$61.47,1440685230434,"236,733",71% bullish,of 7 ratings,$75
BNCL,$12.37,1440685230462,"28,897",100% bullish,of 3 ratings,$12.50
BNFT,$34.75,1440685230535,"8,832",67% bullish,of 3 ratings,$46
BNTC,$8.05,1440685230595,"19,038",100% bullish,of 1 rating,N/A
BGCP,$8.6957,1440685230785,"157,324",88% bullish,of 8 ratings,$14
BGMD,$0.7701,1440685230811,"10,733",100% bullish,of 10 ratings,N/A
ORPN,$5.5899,1440685230978,"4,200",100% bullish,of 1 rating,$28.50
BIND,$4.291,1440685231012,"10,011",75% bullish,of 4 ratings,$13.50
BGFV,$10.5701,1440685231061,"18,015",57% bullish,of 7 ratings,$12
BASI,$1.6069,1440685231254,200,Not yet rated,NULL,N/A
BCDA,NULL,1440685231397,0,Not yet rated,NULL,N/A
BIOC,$1.9099,1440685231544,"40,133",83% bullish,of 6 ratings,$3.85
BIOD,$0.6768,1440685231700,"13,125",80% bullish,of 5 ratings,$4
BCRX,$11.34,1440685231748,"41,714",63% bullish,of 8 ratings,$18
BDSI,$6.6049,1440685231888,"181,377",88% bullish,of 8 ratings,$17
BIIB,$306.07,1440685232022,"219,281",88% bullish,of 16 ratings,$400
BLFS,$1.99,1440685232077,"10,435",100% bearish,of 1 rating,$4.75
BIOL,$1.4101,1440685232155,"7,861",Not yet rated,NULL,N/A
BLRX,$1.3295,1440685232300,"20,255",100% bullish,of 12 ratings,$5
BVXV,NULL,1440685232428,0,Not yet rated,NULL,N/A
BMRN,$131.043,1440685232512,"95,962",80% bullish,of 5 ratings,$160
BVXVW,NULL,1440685232536,0,100% bearish,of 1 rating,N/A
BRLI,NULL,1440685232679,0,NULL,NULL,NULL
BPTH,$1.024,1440685232707,"16,352",100% bullish,of 2 ratings,$5
BIOS,$2.31,1440685232839,"130,296",71% bullish,of 7 ratings,$4
BBC,NULL,1440685232982,0,Not yet rated,NULL,N/A
BSPM,$0.6898,1440685233114,"4,185",50% bullish,of 2 ratings,N/A
BBP,NULL,1440685233141,0,Not yet rated,NULL,N/A
BSTC,$49.4,1440685233212,"25,351",100% bearish,of 1 rating,$76
BOTA,$2.09,1440685233491,"9,395",88% bullish,of 8 ratings,N/A
TECH,$96.44,1440685233512,"42,225",100% bullish,of 1 rating,$117
BITI,$17.2,1440685233570,"3,900",100% bullish,of 1 rating,$28
BEAT,$15.1,1440685233596,"209,515",67% bearish,of 3 ratings,$15
BDMS,$12.903,1440685233814,275,100% bearish,of 1 rating,N/A
BJRI,$44.18,1440685233852,"21,307",50% bullish,of 2 ratings,$55
BBOX,$14.91,1440685233918,"11,348",100% bearish,of 1 rating,N/A
BDE,$7.16,1440685234017,"12,892",50% bullish,of 2 ratings,$9
BLKB,$57.815,1440685234059,"19,730",100% bearish,of 2 ratings,$66
BBRY,$7.03,1440685234088,"1,026,315",61% bullish,of 330 ratings,$9
BKCC,$9.36,1440685234113,"62,604",50% bullish,of 2 ratings,$10
HAWK,$39.91,1440685234243,"44,446",91% bullish,of 11 ratings,$49
ADRA,NULL,1440685234449,0,100% bearish,of 1 rating,N/A
ADRD,$22.0599,1440685234496,"2,989",100% bearish,of 1 rating,N/A
ADRE,$29.75,1440685234591,743,100% bearish,of 1 rating,N/A
ADRU,$21.58,1440685234941,"1,100",100% bearish,of 1 rating,N/A
BUFF,$26.39,1440685234973,"17,894",83% bullish,of 12 ratings,$31.50
BLBD,$12.05,1440685235009,"1,768",Not yet rated,NULL,N/A
BCOR,$13.49,1440685235038,"22,165",57% bullish,of 7 ratings,$15
BHBK,$13.8199,1440685235067,"12,991",100% bullish,of 1 rating,$14.50
NILE,$32.8,1440685235100,"52,737",50% bullish,of 2 ratings,$34
BLMN,$20.02,1440685235125,"134,861",83% bullish,of 6 ratings,$27.50
BBLU,$0.83,1440685235167,"24,782",100% bullish,of 2 ratings,$4.43
BLUE,$133.408,1440685235500,"83,319",71% bullish,of 7 ratings,$217.50
BKEP,$6.23,1440685235561,"12,597",100% bearish,of 1 rating,$8.50
BKEPP,NULL,1440685235587,0,100% bearish,of 1 rating,N/A
BPMC,$26.61,1440685235719,"7,965",50% bullish,of 2 ratings,$47.50
BOFI,$119.52,1440685235744,"23,752",100% bullish,of 6 ratings,$144
BNCN,$20.45,1440685235772,"15,819",Not yet rated,NULL,$24
WIFI,$7.41,1440685235875,"14,965",50% bullish,of 2 ratings,$13.50
BOKF,$60.28,1440685236057,"19,365",100% bearish,of 1 rating,$69
BOJA,$21.1,1440685236115,"31,703",100% bullish,of 1 rating,$30
BONA,$11.87,1440685236147,"35,386",75% bullish,of 4 ratings,$8.50
BPFH,$11.75,1440685236184,"68,122",100% bearish,of 1 rating,$14
BAMM,$3.1601,1440685236247,"2,450",60% bullish,of 5 ratings,N/A
BNSO,NULL,1440685236274,0,100% bearish,of 1 rating,N/A
BOBE,$43.52,1440685236330,"14,873",75% bullish,of 4 ratings,$57
BPFHW,NULL,1440685236485,0,100% bearish,of 1 rating,N/A
BPFHP,$25.07,1440685236509,"1,400",100% bearish,of 1 rating,N/A
BCLI,$2.8672,1440685236703,"3,206",80% bullish,of 5 ratings,$12
BDBD,$8.05,1440685236760,"54,869",60% bullish,of 5 ratings,$10
EPAY,$25.07,1440685236795,"13,399",100% bearish,of 2 ratings,$30
BBRG,$12.3199,1440685236894,"5,504",67% bullish,of 3 ratings,$14.50
BBEP,$2.65,1440685236919,"364,028",69% bullish,of 13 ratings,$5.625
BBEPP,$13.43,1440685236968,"4,800",100% bearish,of 1 rating,N/A
BDGE,$26.1,1440685236993,"1,950",Not yet rated,NULL,$31.75
BLIN,$1.3,1440685237061,3,50% bullish,of 2 ratings,$2.20
BRID,$8.8,1440685237163,100,100% bearish,of 1 rating,N/A
BRCM,$51.15,1440685237234,"1,122,896",75% bullish,of 12 ratings,$56
BCOV,$5.07,1440685237262,"16,656",67% bullish,of 3 ratings,$10.20
BSFT,$30.59,1440685237363,"17,184",57% bullish,of 7 ratings,$40.50
BYFC,NULL,1440685237447,0,50% bullish,of 2 ratings,N/A
BVSN,$5.983,1440685237495,"1,928",60% bearish,of 5 ratings,N/A
BRKL,$10.53,1440685237781,"41,227",100% bearish,of 1 rating,$10.75
BRCD,$10.595,1440685237825,"543,073",92% bullish,of 13 ratings,$11.50
BRKR,$18.59,1440685237884,"51,033",100% bearish,of 2 ratings,$22
BWEN,$3.2053,1440685237922,815,100% bullish,of 3 ratings,$8
BRKS,$10.0847,1440685237952,"15,124",67% bullish,of 3 ratings,$15.25
BMTC,$28.766,1440685237985,"9,806",Not yet rated,NULL,$34
BLMT,$20.55,1440685238049,"3,344",Not yet rated,NULL,N/A
BSQR,$6.08,1440685238077,"11,839",67% bullish,of 3 ratings,N/A
BLDR,$14.01,1440685238226,"74,576",50% bullish,of 2 ratings,$22
BWLD,$195.62,1440685238254,"33,421",82% bullish,of 11 ratings,$205
BUR,NULL,1440685238454,0,100% bearish,of 1 rating,$8
CHRW,$67.315,1440685238479,"199,001",Not yet rated,NULL,$72
CFFI,NULL,1440685238525,0,100% bearish,of 1 rating,N/A
CA,$26.88,1440685238670,"229,107",50% bullish,of 4 ratings,$33
CDNS,$19.62,1440685238699,"105,773",75% bullish,of 4 ratings,$22.50
CDZI,$7.74,1440685238728,"1,888",100% bearish,of 1 rating,N/A
CCMP,$43.16,1440685238757,"8,359",50% bullish,of 2 ratings,$59
CACQ,$7.08,1440685238800,"13,178",100% bearish,of 1 rating,$12.25
CZR,$8.85,1440685238858,"225,395",60% bearish,of 5 ratings,$10.50
CSTE,$40.145,1440685238945,"82,048",50% bullish,of 2 ratings,$65
CLBS,$1.35,1440685239031,"63,587",79% bullish,of 14 ratings,$4
PRSS,$4.435,1440685239124,"1,200",80% bullish,of 5 ratings,$4.50
CLMS,$10.59,1440685239174,"19,978",Not yet rated,NULL,$10.50
CHY,$11.23,1440685239224,"51,814",Not yet rated,NULL,N/A
CHI,$10.5101,1440685239322,"60,083",100% bearish,of 1 rating,N/A
CCD,$19.4699,1440685239422,"13,535",Not yet rated,NULL,N/A
CFGE,$10.57,1440685239446,810,Not yet rated,NULL,N/A
CGO,$12.1482,1440685239475,"6,112",100% bearish,of 1 rating,N/A
CHW,$7.5299,1440685239512,"58,120",100% bearish,of 1 rating,N/A
CSQ,$9.7938,1440685239607,"51,342",Not yet rated,NULL,N/A
CVGW,$60.17,1440685239638,"37,859",50% bullish,of 2 ratings,$58.50
CAMP,$15.67,1440685239798,"37,929",88% bullish,of 8 ratings,$25
CFNB,$13.31,1440685239823,310,100% bearish,of 1 rating,N/A
CALA,$5.336,1440685239849,"90,138",100% bullish,of 3 ratings,$19.50
CALD,$15.3401,1440685239980,"42,837",100% bearish,of 1 rating,$21
CALM,$49.5,1440685240011,"76,655",80% bullish,of 5 ratings,$65
ABCD,$4.98,1440685240220,"19,193",83% bullish,of 6 ratings,N/A
CLMT,$25.645,1440685240249,"74,890",75% bullish,of 8 ratings,$31
CAMBU,NULL,1440685240275,0,100% bearish,of 1 rating,N/A
CAMB,$10.05,1440685240309,100,Not yet rated,NULL,N/A
CAMBW,NULL,1440685240330,0,Not yet rated,NULL,N/A
CSIQ,$17.91,1440685240380,"561,900",86% bullish,of 28 ratings,$42.50
CAC,$40.08,1440685240404,836,Not yet rated,NULL,N/A
CAMT,$2.56,1440685240476,"13,938",73% bullish,of 11 ratings,$4
CPHC,NULL,1440685240723,0,100% bearish,of 1 rating,N/A
CGIX,$10.09,1440685240751,"6,906",67% bullish,of 3 ratings,$14.375
CBNJ,$10.985,1440685240772,"1,978",100% bullish,of 1 rating,N/A
CPLA,$47.6,1440685240940,"19,049",67% bearish,of 3 ratings,$65
CCBG,$14.79,1440685240985,"1,832",Not yet rated,NULL,$17.25
CBF,$28.79,1440685241012,"10,237",Not yet rated,NULL,$32
CPTA,$13.641,1440685241038,"5,219",100% bearish,of 1 rating,$18.50
CPLP,$6.6299,1440685241059,"60,714",71% bullish,of 7 ratings,$11
CAPN,$1.86,1440685241230,"22,168",100% bullish,of 1 rating,$10.85
CFFN,$11.935,1440685241257,"79,387",Not yet rated,NULL,$12.75
CSWC,$45.01,1440685241284,107,Not yet rated,NULL,N/A
CAPR,$4.15,1440685241449,14,Not yet rated,NULL,$12
CAPNW,NULL,1440685241493,0,Not yet rated,NULL,N/A
CARA,$18.746,1440685241552,"23,920",50% bullish,of 4 ratings,$25
CPST,$0.3684,1440685241658,"157,425",95% bullish,of 22 ratings,$1.25
CARB,$11.21,1440685241791,"13,243",75% bullish,of 4 ratings,$12
CBYL,$5.12,1440685241816,"8,103",100% bearish,of 1 rating,$20
CRDC,$0.324,1440685241843,"14,338",100% bullish,of 1 rating,$1.25
CFNL,$21.8525,1440685241974,"38,309",Not yet rated,NULL,$24
CRME,$8.8799,1440685242001,"1,500",89% bullish,of 9 ratings,$11.25
CATM,$34.23,1440685242023,"19,936",100% bearish,of 1 rating,$44
CSII,$23.14,1440685242059,"20,214",100% bearish,of 2 ratings,$42.125
CDNA,$6.485,1440685242151,800,100% bearish,of 1 rating,$9
CECO,$3.4,1440685242210,"27,633",67% bearish,of 3 ratings,$6
CTRE,$11.36,1440685242283,"20,390",50% bullish,of 2 ratings,$13.50
CKEC,$23.195,1440685242308,"25,063",50% bullish,of 2 ratings,$35.915
CLBH,NULL,1440685242361,0,Not yet rated,NULL,$16.50
CARO,$15.61,1440685242521,201,100% bearish,of 1 rating,$19
CART,$5.35,1440685242561,100,100% bearish,of 1 rating,N/A
CRTN,$2.63,1440685242656,600,100% bearish,of 1 rating,N/A
CASM,NULL,1440685242706,0,100% bullish,of 1 rating,$3.50
CARV,$7.3,1440685242734,250,50% bullish,of 2 ratings,N/A
TAST,$12.5299,1440685242755,"95,499",Not yet rated,NULL,$14.25
CRZO,$31.0275,1440685242776,"153,837",67% bearish,of 3 ratings,$55.50
CACB,$5.2644,1440685242914,"5,747",Not yet rated,NULL,$5.50
CSCD,$15.02,1440685242982,"6,212",100% bullish,of 2 ratings,$17
CWST,$5.93,1440685243011,"16,287",50% bullish,of 2 ratings,$7.25
CASS,$49.23,1440685243120,"1,690",100% bearish,of 1 rating,N/A
CASY,$106.3725,1440685243151,"26,142",50% bullish,of 2 ratings,$99.50
CASI,$1.47,1440685243181,160,100% bullish,of 1 rating,$3.50
CATB,$11.5599,1440685243376,"3,629",100% bearish,of 1 rating,$28
CPRX,$3.694,1440685243406,"264,587",71% bullish,of 7 ratings,$7
CATY,$29.255,1440685243436,"49,726",100% bearish,of 1 rating,$33.50
CATYW,NULL,1440685243536,0,100% bearish,of 1 rating,N/A
CAVM,$67.67,1440685243578,"45,371",67% bearish,of 3 ratings,$72
CVCO,$70.04,1440685243605,"2,380",100% bearish,of 1 rating,N/A
CBFV,NULL,1440685243635,0,Not yet rated,NULL,$25
CNLM,NULL,1440685243867,0,Not yet rated,NULL,N/A
CNLMR,NULL,1440685243891,0,Not yet rated,NULL,N/A
CNLMU,NULL,1440685243916,0,100% bullish,of 1 rating,N/A
CBOE,$63.1,1440685244059,"54,440",Not yet rated,NULL,$60
CNLMW,NULL,1440685244107,0,Not yet rated,NULL,N/A
CDK,$47.99,1440685244239,"39,373",67% bearish,of 3 ratings,$50
CDW,$39.388,1440685244265,"250,640",75% bullish,of 4 ratings,$44
CECE,$9.1,1440685244285,"6,978",50% bullish,of 2 ratings,$16
CPXX,$2.07,1440685244427,"49,834",100% bullish,of 2 ratings,$7
CELG,$120.43,1440685244455,"661,341",92% bullish,of 13 ratings,$155.50
CELGZ,$1.69,1440685244590,"1,100",80% bullish,of 5 ratings,N/A
CLDN,$1.055,1440685244626,"8,100",71% bullish,of 7 ratings,$3
CLDX,$14.97,1440685244695,"243,549",89% bullish,of 9 ratings,$36
CLRBW,NULL,1440685244783,0,Not yet rated,NULL,N/A
CLRB,$3.1078,1440685244928,331,100% bearish,of 1 rating,N/A
CLTX,$2.349,1440685245021,"96,521",100% bullish,of 2 ratings,N/A
CLLS,$32.953,1440685245056,"30,764",75% bullish,of 4 ratings,$51.50
CBMG,$22.66,1440685245150,"8,242",50% bullish,of 2 ratings,N/A
CEMP,$35.0099,1440685245182,"74,155",71% bullish,of 7 ratings,$52
CLSN,$1.99,1440685245244,"15,811",80% bullish,of 10 ratings,$7.50
CYAD,$50.351,1440685245275,"1,700",100% bullish,of 1 rating,$87.50
CETX,$2.382,1440685245311,200,Not yet rated,NULL,$5.60
CETV,$2.07,1440685245482,"24,329",67% bullish,of 3 ratings,$2.80
CSFL,$13.72,1440685245511,"40,936",Not yet rated,NULL,$15
CENT,$11.89,1440685245562,"37,492",Not yet rated,NULL,$10
CFBK,$1.371,1440685245586,100,Not yet rated,NULL,N/A
CENTA,$12.44,1440685245613,"56,912",Not yet rated,NULL,N/A
CENX,$4.85,1440685245760,"340,612",67% bullish,of 6 ratings,$9
CVCY,$11.25,1440685245796,"2,000",Not yet rated,NULL,$12
CNBKA,$41.91,1440685245995,396,50% bullish,of 2 ratings,N/A
CRNT,$1.36,1440685246125,"8,240",50% bullish,of 2 ratings,$2
CNTY,$5.79,1440685246156,"13,700",80% bullish,of 5 ratings,$7.75
CPHD,$48.51,1440685246177,"57,186",67% bearish,of 3 ratings,$66.50
CERE,$1.1763,1440685246208,"45,449",88% bullish,of 8 ratings,N/A
CERN,$61.965,1440685246234,"230,321",67% bullish,of 3 ratings,$79
CERU,$3.5,1440685246259,781,75% bullish,of 4 ratings,$15
KOOL,NULL,1440685246447,0,100% bullish,of 5 ratings,$7
CEVA,$18.17,1440685246517,"7,619",100% bearish,of 1 rating,$25
CERS,$4.87,1440685246579,"65,533",75% bullish,of 4 ratings,$7
HOTR,$1.5,1440685246606,"24,733",100% bullish,of 2 ratings,$5
HOTRW,NULL,1440685246626,0,Not yet rated,NULL,N/A
CYOU,$20.2,1440685246657,"22,153",50% bullish,of 6 ratings,$24
CTHR,NULL,1440685246787,0,50% bullish,of 2 ratings,$2.50
GTLS,$21.925,1440685246885,"57,323",50% bullish,of 4 ratings,$40
CHTR,$179.885,1440685246920,"111,067",100% bearish,of 2 ratings,$196
CHFN,$12.47,1440685246991,"4,620",Not yet rated,NULL,$14
CHKP,$80.1,1440685247056,"193,895",50% bullish,of 4 ratings,$92
CHEKW,NULL,1440685247118,0,Not yet rated,NULL,N/A
CEMI,$3.73,1440685247143,"2,504",50% bullish,of 2 ratings,$7.50
CHEK,$2.19,1440685247173,"2,478",Not yet rated,NULL,$7.75
CHFC,$31.22,1440685247204,"8,273",100% bearish,of 1 rating,$36
CCXI,$6.84,1440685247372,"8,388",67% bullish,of 3 ratings,$14
CHMG,$26.07,1440685247396,100,Not yet rated,NULL,$30
CHMA,$24.5099,1440685247545,"9,994",Not yet rated,NULL,$40
CHKE,$25.91,1440685247600,"3,760",100% bearish,of 1 rating,$32.50
CBNK,NULL,1440685247625,0,100% bearish,of 1 rating,N/A
CHEV,$14.29,1440685247756,200,Not yet rated,NULL,N/A
PLCE,$58.03,1440685247782,"37,513",100% bearish,of 1 rating,$69
CADC,NULL,1440685247865,0,78% bullish,of 9 ratings,N/A
CALI,$0.8951,1440685247914,920,67% bullish,of 3 ratings,N/A
CBAK,$1.88,1440685247970,"1,824",67% bullish,of 9 ratings,N/A
CMRX,$50.83,1440685247995,"31,682",50% bullish,of 2 ratings,$57
CAAS,$6.01,1440685248129,"8,853",93% bullish,of 14 ratings,$11.50
CCCR,NULL,1440685248307,0,67% bearish,of 3 ratings,N/A
CBPO,$99.95,1440685248335,"32,939",75% bullish,of 8 ratings,$140.50
CCCL,$0.765,1440685248356,"4,710",100% bullish,of 6 ratings,N/A
JRJC,$3.25,1440685248386,"44,988",82% bullish,of 11 ratings,N/A
CHOP,NULL,1440685248530,0,50% bullish,of 2 ratings,N/A
HGSH,$1.673,1440685248555,"5,311",67% bullish,of 3 ratings,N/A
CHLN,$2.0001,1440685248600,"3,701",67% bullish,of 3 ratings,N/A
CNIT,$1.43,1440685248700,"15,850",67% bullish,of 6 ratings,N/A
HTHT,$25.5,1440685248725,"7,397",50% bullish,of 2 ratings,$28.40
CHNR,$1.71,1440685248754,16,100% bearish,of 1 rating,N/A
CJJD,$1.8585,1440685248781,"5,955",100% bullish,of 1 rating,N/A
CPGI,$6.83,1440685248928,22,Not yet rated,NULL,N/A
CREG,$0.6898,1440685249015,"1,000",100% bullish,of 3 ratings,N/A
CSUN,$1.45,1440685249063,"12,409",80% bullish,of 5 ratings,N/A
CXDC,$5.9,1440685249199,"3,499",67% bearish,of 3 ratings,N/A
CNYD,NULL,1440685249230,0,67% bullish,of 3 ratings,N/A
CNTF,$0.77,1440685249256,"10,168",Not yet rated,NULL,N/A
CNET,$0.8,1440685249302,"144,814",50% bullish,of 2 ratings,N/A
CCIH,$6.53,1440685249326,"36,643",67% bullish,of 6 ratings,$12.65
IMOS,$16.93,1440685249492,"28,470",60% bullish,of 5 ratings,$21.50
CHSCL,$26.9665,1440685249527,944,Not yet rated,NULL,N/A
CHSCM,$25.95,1440685249619,"2,552",Not yet rated,NULL,N/A
CHSCO,$28.25,1440685249649,"1,460",Not yet rated,NULL,N/A
CHDN,$133.96,1440685249726,"3,936",Not yet rated,NULL,$165
CHSCP,$30.3916,1440685249754,"1,250",Not yet rated,NULL,N/A
CHSCN,$26.67,1440685249831,1,Not yet rated,NULL,N/A
CDTX,$14.07,1440685250041,"1,809",Not yet rated,NULL,$22
CMCT,$15.32,1440685250128,42,100% bearish,of 1 rating,N/A
CHUY,$30.5801,1440685250156,"19,638",50% bullish,of 2 ratings,$34
CIFC,$7.3,1440685250183,992,100% bearish,of 1 rating,N/A
CMPR,$69.008,1440685250218,"42,470",50% bullish,of 2 ratings,$72.50
CTAS,$84.71,1440685250319,"59,444",100% bearish,of 1 rating,$91
CINF,$52.3,1440685250348,"42,308",50% bullish,of 4 ratings,$50.50
CIDM,$0.572,1440685250421,"8,112",50% bullish,of 2 ratings,$2.10
CPHR,$5.55,1440685250493,604,100% bearish,of 1 rating,$17
CSCO,$25.7,1440685250549,"3,249,394",84% bullish,of 208 ratings,$32
CZNC,$19.6,1440685250621,"2,980",Not yet rated,NULL,N/A
CRUS,$29.39,1440685250646,"288,045",75% bullish,of 12 ratings,$44.50
CTRN,$26.72,1440685250718,"4,720",100% bearish,of 1 rating,$31.50
CZWI,NULL,1440685250911,0,Not yet rated,NULL,N/A
CZFC,NULL,1440685250994,0,Not yet rated,NULL,N/A
CIZN,NULL,1440685251022,0,Not yet rated,NULL,N/A
CHCO,$47.02,1440685251077,"4,408",Not yet rated,NULL,$46
CIVB,$10.257,1440685251154,680,Not yet rated,NULL,$11
CTXS,$69.46,1440685251183,"209,826",86% bullish,of 7 ratings,$80
CIVBP,NULL,1440685251282,0,Not yet rated,NULL,N/A
CDTI,$1.55,1440685251342,"6,766",75% bullish,of 4 ratings,$3.20
CLNE,$4.6264,1440685251377,"241,787",80% bullish,of 15 ratings,$9
CLNT,$1.38,1440685251540,"7,071",75% bullish,of 8 ratings,N/A
CLFD,$16.36,1440685251602,"6,440",67% bullish,of 3 ratings,$18
CLIR,$4.58,1440685251701,"11,566",100% bullish,of 3 ratings,N/A
CLRO,$11.49,1440685251750,518,50% bullish,of 2 ratings,$14.25
CBLI,$3.6101,1440685251894,"8,906",60% bullish,of 5 ratings,N/A
CLVS,$74.71,1440685251988,"55,970",60% bullish,of 5 ratings,$101.50
CSBK,$13.59,1440685252019,"13,844",Not yet rated,NULL,N/A
CME,$92.46,1440685252087,"164,566",67% bullish,of 3 ratings,$102
CMFN,$11.04,1440685252112,"6,385",100% bearish,of 1 rating,$15.50
CISG,$7.6104,1440685252163,"7,586",100% bullish,of 5 ratings,$10
CCNE,$16.65,1440685252192,"1,810",50% bullish,of 2 ratings,$21.50
CNV,$4.43,1440685252292,"1,018",50% bullish,of 2 ratings,$7.15
COBZ,$12.84,1440685252509,"8,368",100% bullish,of 1 rating,$14
CWAY,$11.29,1440685252534,100,Not yet rated,NULL,N/A
COKE,$159.8,1440685252612,"5,942",79% bullish,of 19 ratings,N/A
CDXS,$3.42,1440685252691,"2,375",64% bullish,of 11 ratings,$6
CVLY,$20.56,1440685252746,424,Not yet rated,NULL,N/A
CDRB,$12.72,1440685252773,842,67% bullish,of 3 ratings,N/A
JVA,$4.58,1440685252798,"8,380",83% bullish,of 6 ratings,$7
CGNT,$1.425,1440685253036,"9,607",100% bullish,of 2 ratings,$2
CTSH,$62.63,1440685253063,"382,500",90% bullish,of 10 ratings,$75
CGNX,$34.62,1440685253090,"81,453",50% bullish,of 2 ratings,$47
CCOI,$27.5301,1440685253118,"32,111",50% bullish,of 4 ratings,$35
COHU,$9.2411,1440685253331,"14,660",100% bearish,of 1 rating,$14.25
CLRX,$0.56,1440685253418,"14,907",50% bullish,of 2 ratings,N/A
COHR,$55.78,1440685253442,"16,655",50% bullish,of 2 ratings,$72
CHRS,$27.46,1440685253468,"30,226",67% bearish,of 3 ratings,$37
CLCT,$18.561,1440685253659,"3,188",100% bearish,of 1 rating,N/A
COLL,$15.06,1440685253785,"5,322",100% bearish,of 1 rating,$26
CBAN,NULL,1440685253864,0,Not yet rated,NULL,N/A
COLB,$29.81,1440685253895,"37,298",Not yet rated,NULL,$36
CLCD,$6.38,1440685253924,"17,232",100% bearish,of 1 rating,$20.50
CIGI,$43.41,1440685253944,860,100% bearish,of 1 rating,$52
COLM,$61.23,1440685253977,"14,566",100% bearish,of 1 rating,$71
CMCO,$17.93,1440685254077,"9,514",60% bullish,of 5 ratings,$28
CMCSK,$56.8,1440685254222,"378,331",Not yet rated,NULL,$84
CBMX,$1.1288,1440685254277,"1,142",83% bullish,of 6 ratings,$3.15
CBSHP,$25.36,1440685254427,122,100% bearish,of 1 rating,N/A
CMCSA,$56.22,1440685254454,"1,301,691",66% bullish,of 35 ratings,$69.50
CBSH,$44.17,1440685254487,"22,560",50% bullish,of 2 ratings,$46
CSAL,$20.5,1440685254587,"55,156",75% bullish,of 4 ratings,$30
CUBN,NULL,1440685254614,0,Not yet rated,NULL,N/A
COMM,$30.36,1440685254645,"139,483",67% bearish,of 3 ratings,$35
CVGI,$4.83,1440685254667,"15,129",50% bullish,of 2 ratings,$6
JCS,NULL,1440685254743,0,67% bullish,of 3 ratings,N/A
ESXB,$5.0611,1440685254844,"1,400",Not yet rated,NULL,N/A
CTBI,$34.23,1440685254904,"5,614",Not yet rated,NULL,$36
CYHHZ,$0.011,1440685254931,"18,000",100% bullish,of 1 rating,N/A
COB,$10.34,1440685255063,"4,057",100% bullish,of 1 rating,$11.75
CWBC,$6.74,1440685255088,204,Not yet rated,NULL,N/A
CIZ,$33.2,1440685255297,300,100% bearish,of 1 rating,N/A
CVLT,$35.37,1440685255323,"55,562",75% bullish,of 4 ratings,$44.50
CIL,NULL,1440685255395,0,Not yet rated,NULL,N/A
CID,NULL,1440685255482,0,Not yet rated,NULL,N/A
CDC,$34.4613,1440685255507,320,Not yet rated,NULL,N/A
CSF,$36.45,1440685255585,100,100% bearish,of 1 rating,N/A
CSA,NULL,1440685255676,0,Not yet rated,NULL,N/A
CFO,$35.3475,1440685255926,425,100% bearish,of 1 rating,N/A
CDL,NULL,1440685256058,0,Not yet rated,NULL,N/A
CSB,NULL,1440685256202,0,Not yet rated,NULL,N/A
CFA,NULL,1440685256227,0,100% bearish,of 1 rating,N/A
CGEN,$4.95,1440685256363,"22,545",50% bullish,of 2 ratings,$11
CPSI,$45.16,1440685256390,"12,638",100% bearish,of 1 rating,$45.50
CTG,$6.51,1440685256411,"5,210",100% bearish,of 1 rating,$8.50
CHCI,$0.748,1440685256442,"6,030",50% bullish,of 2 ratings,N/A
SCOR,$54.02,1440685256903,"28,978",100% bearish,of 1 rating,$66
CMTL,$25.495,1440685257047,"13,008",100% bearish,of 2 ratings,$37
CNSI,$18.65,1440685257086,"5,895",100% bearish,of 2 ratings,$29
CDOR,$1.28,1440685257175,100,100% bullish,of 1 rating,N/A
CNAT,$3.57,1440685257204,"14,170",83% bullish,of 6 ratings,$13
CXRX,$75.34,1440685257224,"1,400",100% bearish,of 1 rating,$90
CNCE,$15.31,1440685257256,"22,834",75% bullish,of 4 ratings,$22
CCUR,$4.69,1440685257277,"4,900",75% bullish,of 4 ratings,N/A
CDORO,$17,1440685257657,162,100% bearish,of 1 rating,N/A
CDORP,NULL,1440685257705,0,100% bearish,of 1 rating,N/A
CFMS,$19.77,1440685257926,"37,670",Not yet rated,NULL,$27
CNXR,$6.32,1440685257963,"8,010",100% bearish,of 1 rating,$12
CNFR,$10.49,1440685258061,112,Not yet rated,NULL,N/A
CTWS,$33.9075,1440685258086,"2,990",100% bearish,of 1 rating,$44
CNOB,$19.17,1440685258140,"7,550",100% bullish,of 1 rating,$23.50
CNSL,$19.29,1440685258391,"27,358",100% bearish,of 1 rating,$23
CWCO,$10.235,1440685258418,"18,047",67% bullish,of 3 ratings,$14.50
CONN,$30.59,1440685258439,"55,546",67% bullish,of 3 ratings,$48.50
CNMD,$52.9,1440685258481,"10,825",Not yet rated,NULL,$59
CTCT,$24.16,1440685258611,"20,379",67% bullish,of 3 ratings,$37
CPSS,$5.58,1440685258636,"8,070",100% bullish,of 1 rating,$10
CFRXW,$2.28,1440685258694,529,100% bearish,of 1 rating,N/A
CFRX,$5,1440685258770,600,Not yet rated,NULL,$14
CFRXZ,NULL,1440685258992,0,Not yet rated,NULL,N/A
CTRV,$3.93,1440685259059,209,Not yet rated,NULL,$6.40
CTRL,$7.9,1440685259130,"26,096",50% bullish,of 2 ratings,$11
CRBP,$1.9,1440685259324,"81,778",100% bullish,of 2 ratings,$6.25
CPRT,$34.19,1440685259351,"25,211",67% bearish,of 3 ratings,$40
BVA,NULL,1440685259371,0,50% bullish,of 2 ratings,N/A
CORT,$5,1440685259581,"59,011",67% bullish,of 3 ratings,$12
CORE,$58.52,1440685259717,"12,278",100% bearish,of 1 rating,$72
COSI,$1.0874,1440685260054,"24,080",100% bullish,of 1 rating,N/A
CSGP,$177.85,1440685260081,"6,793",50% bullish,of 2 ratings,$235
CORI,$10.4,1440685260103,"4,114",100% bearish,of 1 rating,$18
CSOD,$35.72,1440685260141,"97,016",50% bullish,of 2 ratings,$42
CRVL,$30.48,1440685260162,"2,068",100% bearish,of 1 rating,N/A
COST,$139.36,1440685260235,"349,548",79% bullish,of 24 ratings,$154.50
CPAH,$0.46,1440685260262,750,50% bullish,of 2 ratings,N/A
ICBK,NULL,1440685260639,0,Not yet rated,NULL,$21
CVTI,$22.45,1440685260670,"12,236",67% bearish,of 3 ratings,$39
COVS,$2.53,1440685260691,"7,433",67% bullish,of 3 ratings,N/A
COWN,$4.9784,1440685260737,"96,186",75% bullish,of 4 ratings,$7
COWNL,NULL,1440685260770,0,Not yet rated,NULL,N/A
CPSH,$2.24,1440685260825,"1,300",Not yet rated,NULL,N/A
CRAI,$21.78,1440685260874,"5,732",100% bearish,of 1 rating,$36
BREW,$7.375,1440685261131,"5,413",67% bullish,of 6 ratings,$15
SLVO,$9.75,1440685261232,"12,561",100% bearish,of 1 rating,N/A
GLDI,$10.95,1440685261258,"3,248",100% bearish,of 1 rating,N/A
CBRL,$145.25,1440685261279,"28,576",50% bullish,of 2 ratings,$155
CREE,$26.04,1440685261317,"176,434",65% bullish,of 17 ratings,$29.50
CRAY,$20.24,1440685261338,"35,066",83% bullish,of 6 ratings,$38.50
CACC,$197.5,1440685261359,"5,005",50% bullish,of 2 ratings,$158.50
CRESY,$10.34,1440685261510,"5,431",100% bearish,of 1 rating,$19
CRTO,$43.87,1440685261535,"45,652",67% bullish,of 6 ratings,$64
CROX,$13.9,1440685261712,"134,630",63% bullish,of 8 ratings,$16.50
CRWN,$4.43,1440685261896,"7,954",75% bullish,of 4 ratings,N/A
CCRN,$13.81,1440685261923,"18,834",100% bearish,of 1 rating,$14.25
CYRXW,$0.869,1440685261947,"2,900",Not yet rated,NULL,N/A
CYRX,$2.8788,1440685261999,"2,764",Not yet rated,NULL,$9
CRWS,$8.1,1440685262091,"2,774",Not yet rated,NULL,$10
CTCM,$1.705,1440685262155,"21,871",80% bearish,of 5 ratings,$3.90
CSGS,$29.78,1440685262180,"13,336",Not yet rated,NULL,$40
CRDS,$1.05,1440685262216,"63,500",50% bullish,of 4 ratings,$4.50
CSPI,NULL,1440685262316,0,67% bullish,of 3 ratings,N/A
CTIC,$1.59,1440685262423,"449,114",84% bullish,of 76 ratings,$5.75
CTRP,$68.03,1440685262482,"600,050",75% bullish,of 8 ratings,$92
CTIB,$3.521,1440685262511,"1,100",100% bearish,of 1 rating,N/A
CCLP,$13.625,1440685262612,"11,091",67% bearish,of 3 ratings,$20
CUI,$5.09,1440685262753,931,50% bullish,of 2 ratings,$10
CUNB,$21.1,1440685262807,"2,362",Not yet rated,NULL,$24.50
CPIX,$6.01,1440685262832,600,Not yet rated,NULL,N/A
CMLS,$1.405,1440685262898,"60,291",50% bullish,of 4 ratings,$6
CRIS,$2.42,1440685263034,"51,216",100% bullish,of 8 ratings,$6
CVBF,$15.9,1440685263064,"38,079",Not yet rated,NULL,$18
CVV,$10.58,1440685263162,661,100% bullish,of 5 ratings,N/A
CYAN,$7.33,1440685263191,2,100% bearish,of 1 rating,N/A
CYBR,$50.647,1440685263260,"342,306",75% bullish,of 8 ratings,$66
CUTR,$14.23,1440685263291,"12,022",67% bearish,of 3 ratings,$18
CYBE,$5.99,1440685263391,"7,213",100% bearish,of 1 rating,N/A
CYBX,$66.35,1440685263437,"55,416",50% bullish,of 4 ratings,$71.50
CBAY,$2.63,1440685263571,"13,256",100% bullish,of 1 rating,$4
CYCCP,NULL,1440685263598,0,100% bearish,of 1 rating,N/A
CYCC,$0.5097,1440685263642,"3,792",73% bullish,of 11 ratings,N/A
CYNA,$16.2,1440685263728,"2,100",100% bullish,of 1 rating,$31.50
CYNO,$32.135,1440685263772,"24,358",67% bearish,of 3 ratings,$45.50
CY,$9.47,1440685263801,"549,772",80% bullish,of 10 ratings,$15.50
CONE,$31.49,1440685263872,"53,020",67% bearish,of 3 ratings,$35.50
CYRN,$1.71,1440685263900,"4,600",67% bullish,of 3 ratings,$4
CYTK,$6.74,1440685264040,"29,484",71% bullish,of 14 ratings,$13.50
CTSO,$6.32,1440685264071,"13,020",Not yet rated,NULL,$15.625
CYTX,$0.29,1440685264171,"559,511",83% bullish,of 12 ratings,$5.50
CYTR,$2.26,1440685264255,"108,787",67% bullish,of 6 ratings,$10
DAEG,NULL,1440685264287,0,100% bearish,of 1 rating,N/A
TVIZ,$16.68,1440685264313,"3,942",100% bearish,of 1 rating,N/A
TVIX,$11.7125,1440685264387,"3,104,983",81% bullish,of 16 ratings,N/A
XIV,$28.98,1440685264456,"6,129,109",75% bearish,of 4 ratings,N/A
ZIV,$42.848,1440685264530,"41,315",Not yet rated,NULL,N/A
DJCO,$196.33,1440685264585,360,Not yet rated,NULL,N/A
DAKT,$8.5001,1440685264688,"76,936",50% bullish,of 2 ratings,$14
DAIO,$2.63,1440685264746,404,Not yet rated,NULL,N/A
DARA,$0.83,1440685264819,"18,841",83% bullish,of 6 ratings,$1.50
DTLK,$5.46,1440685264878,"10,775",100% bearish,of 1 rating,$9
DRAM,$1.15,1440685264903,720,78% bullish,of 9 ratings,N/A
DWCH,$4.963,1440685264931,552,75% bullish,of 4 ratings,$8.25
PLAY,$33.94,1440685265070,"40,634",100% bullish,of 5 ratings,$42
DTEA,$12.6001,1440685265169,"16,207",100% bearish,of 2 ratings,$24
DWSN,$4.35,1440685265195,690,67% bullish,of 3 ratings,N/A
DFRG,$14.38,1440685265323,"11,990",100% bearish,of 1 rating,$20
DBVT,$40.215,1440685265349,"18,375",100% bearish,of 1 rating,$53
TRAK,$62.8,1440685265380,"79,179",50% bullish,of 2 ratings,$62.50
DHRM,NULL,1440685265482,0,Not yet rated,NULL,N/A
TACO,$13.21,1440685265506,"4,836",75% bullish,of 4 ratings,$20
TACOW,NULL,1440685265763,0,100% bullish,of 1 rating,N/A
DELT,NULL,1440685265790,0,Not yet rated,NULL,N/A
DGAS,$20.69,1440685265819,442,67% bearish,of 3 ratings,N/A
DELTW,NULL,1440685265844,0,Not yet rated,NULL,N/A
DCTH,$0.3799,1440685265874,"36,900",78% bullish,of 9 ratings,N/A
DENN,$11.52,1440685265972,"43,135",100% bullish,of 3 ratings,$15
XRAY,$52.85,1440685266226,"45,702",100% bullish,of 1 rating,$58
DSCI,$5.64,1440685266257,"6,430",50% bullish,of 2 ratings,$16
DERM,$24.72,1440685266278,"21,334",100% bearish,of 1 rating,$33.50
DEPO,$28.805,1440685266307,"71,845",60% bullish,of 5 ratings,$29
DEST,$10.84,1440685266359,"21,360",50% bullish,of 2 ratings,N/A
DXLG,$5.07,1440685266445,"64,158",100% bearish,of 1 rating,$8
DSWL,NULL,1440685266521,0,100% bullish,of 1 rating,N/A
DXM,$0.29,1440685266546,"10,835",50% bullish,of 2 ratings,N/A
DHXM,NULL,1440685266723,0,Not yet rated,NULL,N/A
DMND,$28.0607,1440685266826,"25,366",75% bullish,of 12 ratings,$32
FANG,$65.5,1440685266882,"77,285",50% bullish,of 2 ratings,$86.50
DRNA,$10.3901,1440685266913,"9,238",67% bearish,of 3 ratings,$25
DCIX,$1.69,1440685266934,"21,459",50% bullish,of 4 ratings,$3.50
DXCM,$93.142,1440685267084,"97,737",57% bullish,of 7 ratings,$98
DHIL,$191.87,1440685267110,560,Not yet rated,NULL,N/A
DGII,$9.73,1440685267393,"15,930",100% bearish,of 1 rating,$10
DRAD,$3.6387,1440685267420,"4,148",100% bullish,of 1 rating,$5.25
DMRC,$34.15,1440685267448,"8,032",100% bearish,of 1 rating,$44
APPS,$2.3101,1440685267469,"10,516",100% bearish,of 1 rating,$10.25
DGLY,$7.9169,1440685267498,"88,507",50% bullish,of 6 ratings,$20
DCOM,$16.735,1440685267675,"53,635",100% bearish,of 2 ratings,$16.50
DIOD,$19.45,1440685267722,"14,016",75% bearish,of 4 ratings,$24
DISCA,$26.9,1440685267807,"236,310",67% bullish,of 3 ratings,$34
DPRX,$12.48,1440685267841,"1,106",100% bullish,of 2 ratings,$27.75
DISCB,NULL,1440685267870,0,100% bearish,of 1 rating,$35
DSCO,$0.3601,1440685267945,"61,524",83% bullish,of 6 ratings,$2.75
DISCK,$25.41,1440685267973,"81,532",100% bearish,of 1 rating,$32
DISH,$59.22,1440685268023,"140,797",69% bullish,of 13 ratings,$73
DVCR,$11.19,1440685268440,902,100% bullish,of 1 rating,N/A
DGICA,$14.21,1440685268470,"4,186",100% bearish,of 1 rating,$17
DGICB,NULL,1440685268501,0,100% bearish,of 1 rating,N/A
DLHC,$2.45,1440685268521,"1,034",100% bearish,of 1 rating,N/A
DLTR,$76.01,1440685268542,"1,121,617",82% bullish,of 11 ratings,$88
BAGR,$2.655,1440685268579,"8,803",100% bearish,of 1 rating,$6
DMLP,$13.672,1440685268605,"8,337",100% bearish,of 1 rating,N/A
DNBF,$26.3,1440685268741,200,Not yet rated,NULL,$27.50
DRWIW,$0.049,1440685268934,400,Not yet rated,NULL,N/A
DRWI,$0.2157,1440685268961,"25,496",60% bullish,of 5 ratings,$.45
HILL,$9.67,1440685268987,"120,930",60% bearish,of 5 ratings,$9.75
DORM,$50.723,1440685269224,"17,981",100% bearish,of 1 rating,$56
DSPG,$8.58,1440685269495,"11,038",100% bearish,of 1 rating,$13.50
CADTR,$0.1999,1440685269533,800,Not yet rated,NULL,N/A
CADTU,NULL,1440685269567,0,Not yet rated,NULL,N/A
DWA,$19.973,1440685269595,"55,235",63% bullish,of 8 ratings,$26
DSKX,$3.215,1440685269621,"8,700",100% bullish,of 1 rating,N/A
CADT,NULL,1440685269663,0,Not yet rated,NULL,N/A
DRYS,$0.3878,1440685269690,"1,339,551",77% bullish,of 31 ratings,$.60
CADTW,NULL,1440685269856,0,Not yet rated,NULL,N/A
DTSI,$26.09,1440685270172,"10,208",100% bearish,of 2 ratings,$39.50
DNKN,$51.17,1440685270197,"86,907",67% bullish,of 15 ratings,$56.50
DRRX,$1.99,1440685270227,"32,695",50% bullish,of 6 ratings,$3
DXPE,$26.33,1440685270253,"87,941",50% bullish,of 2 ratings,N/A
BOOM,$9.03,1440685270329,"11,948",67% bullish,of 3 ratings,$12
DYAX,$23.95,1440685270386,"164,633",89% bullish,of 9 ratings,$30
DYNT,$2.9999,1440685270412,"5,347",75% bullish,of 4 ratings,N/A
DYSL,$1.4401,1440685270459,"7,741",100% bullish,of 2 ratings,N/A
DVAX,$28.5,1440685270558,"61,009",70% bullish,of 10 ratings,$40
EGBN,$41.21,1440685270589,"13,024",Not yet rated,NULL,$48
ETFC,$25.82,1440685270614,"574,996",57% bullish,of 14 ratings,$32.50
EBMT,NULL,1440685270719,0,Not yet rated,NULL,$13.50
EROC,$1.36,1440685270771,"108,305",50% bullish,of 2 ratings,$3
EGLE,$6.35,1440685270809,"3,564",60% bullish,of 5 ratings,N/A
EGRX,$82.498,1440685270849,"87,364",67% bullish,of 3 ratings,$97
ELNK,$8.3,1440685271106,"52,213",60% bullish,of 5 ratings,$9.50
EVBS,NULL,1440685271241,0,Not yet rated,NULL,$7
EBIX,$28.03,1440685271269,"75,937",69% bullish,of 13 ratings,$40
EML,$16.87,1440685271296,2,Not yet rated,NULL,N/A
EWBC,$39.33,1440685271324,"104,370",100% bearish,of 1 rating,$50
EBAY,$26.83,1440685271345,"1,600,546",81% bullish,of 117 ratings,$48
ELON,$0.545,1440685271374,"9,116",50% bullish,of 2 ratings,N/A
EACQU,NULL,1440685271562,0,Not yet rated,NULL,N/A
ECHO,$23.205,1440685271622,"27,786",67% bearish,of 3 ratings,$35.50
ECTE,$1.5602,1440685271648,434,75% bullish,of 4 ratings,N/A
SATS,$43.55,1440685271677,"4,142",50% bullish,of 2 ratings,$60
ESES,NULL,1440685271809,0,100% bearish,of 1 rating,$7
ECACU,$10.06,1440685271840,100,Not yet rated,NULL,N/A
EEI,$11.33,1440685271946,"2,650",67% bearish,of 3 ratings,N/A
EDGW,$6.69,1440685272096,264,100% bearish,of 1 rating,N/A
EDAP,$3.53,1440685272136,"39,414",60% bullish,of 5 ratings,$4.50
EDUC,$4.9,1440685272223,100,100% bearish,of 1 rating,N/A
EFUT,$4.3127,1440685272252,"1,000",Not yet rated,NULL,N/A
EGAN,$3.3152,1440685272273,"4,240",50% bullish,of 2 ratings,$6.25
EGLT,$10.32,1440685272294,"8,516",50% bullish,of 2 ratings,$21
EHTH,$13.74,1440685272448,"10,866",50% bullish,of 4 ratings,$16.50
LOCO,$12.26,1440685272478,"160,405",69% bullish,of 13 ratings,$20
EMITF,$1.23,1440685272510,"1,720",75% bullish,of 4 ratings,N/A
ESLT,$76.9599,1440685272607,"1,968",67% bullish,of 3 ratings,N/A
ERI,$9.19,1440685272639,"8,131",100% bearish,of 1 rating,$10
ESIO,$4.175,1440685272740,"7,681",50% bullish,of 2 ratings,$10
ELRC,$10.35,1440685272765,"6,432",100% bearish,of 1 rating,N/A
ELSE,NULL,1440685272927,0,60% bullish,of 5 ratings,N/A
EFII,$43.57,1440685272992,"31,117",80% bullish,of 5 ratings,$55
ELEC,NULL,1440685273020,0,Not yet rated,NULL,N/A
EA,$66.92,1440685273051,"266,118",77% bullish,of 35 ratings,$80
ELECU,NULL,1440685273076,0,Not yet rated,NULL,N/A
RDEN,$10.45,1440685273153,"9,092",100% bearish,of 4 ratings,$15
EBIO,$3.42,1440685273229,"48,104",100% bearish,of 2 ratings,$8.35
ELECW,NULL,1440685273256,0,Not yet rated,NULL,N/A
CAPX,NULL,1440685273312,0,Not yet rated,NULL,N/A
ELTK,$1.22,1440685273494,"42,114",67% bearish,of 3 ratings,N/A
LONG,$17.11,1440685273636,362,67% bullish,of 3 ratings,$15.75
ESBK,$19.83,1440685273662,240,Not yet rated,NULL,N/A
EMCF,NULL,1440685273711,0,100% bearish,of 1 rating,N/A
EMCI,$22.89,1440685273736,"1,221",Not yet rated,NULL,N/A
EMKR,$6.865,1440685273794,"10,563",75% bullish,of 4 ratings,$8.50
EMMS,NULL,1440685273938,0,83% bullish,of 6 ratings,N/A
EMMSP,NULL,1440685273967,0,100% bearish,of 1 rating,N/A
NYNY,$4.2499,1440685273993,"4,718",50% bullish,of 2 ratings,N/A
ERS,$2.88,1440685274218,"1,000",Not yet rated,NULL,N/A
ENTA,$41.28,1440685274318,"18,096",50% bullish,of 2 ratings,$42
ECPG,$38.68,1440685274369,"21,875",100% bullish,of 2 ratings,$52
ENDP,$78.855,1440685274423,"144,008",50% bullish,of 6 ratings,$104
WIRE,$30.59,1440685274475,"17,253",100% bearish,of 1 rating,$37
ECYT,$5.0992,1440685274507,"28,290",83% bullish,of 6 ratings,$12
ELGX,$12.54,1440685274676,"33,823",75% bullish,of 4 ratings,$17
EIGI,$15.19,1440685274933,"38,849",67% bearish,of 3 ratings,$22.50
WATT,$6.1937,1440685274970,"19,996",50% bullish,of 2 ratings,$13
EFOI,$20.555,1440685274999,"299,198",50% bullish,of 2 ratings,$20.50
ENOC,$8.28,1440685275028,"17,655",75% bullish,of 4 ratings,$18
ERII,$2.64,1440685275130,"1,432",80% bullish,of 5 ratings,$2.50
EXXI,$1.5801,1440685275227,"296,836",86% bullish,of 7 ratings,$3.50
ENPH,$4.455,1440685275357,"118,573",75% bullish,of 4 ratings,$11
ENG,NULL,1440685275453,0,100% bullish,of 3 ratings,N/A
ESGR,$148.24,1440685275560,"1,045",100% bearish,of 1 rating,$185
ENTL,$21.59,1440685275630,"1,508",Not yet rated,NULL,$28
ENFC,NULL,1440685275655,0,Not yet rated,NULL,N/A
ENTG,$13.56,1440685275812,"47,167",100% bearish,of 1 rating,$18
ETRM,$0.2411,1440685276015,"125,868",69% bearish,of 35 ratings,$1.625
EGT,$1.94,1440685276068,106,100% bullish,of 1 rating,N/A
EBTC,$21.155,1440685276094,"1,680",Not yet rated,NULL,N/A
EFSC,$23.47,1440685276319,"16,557",Not yet rated,NULL,$27
ENVI,$1.9,1440685276399,"26,129",67% bullish,of 3 ratings,N/A
ENZY,$9.22,1440685276424,"1,100",67% bullish,of 3 ratings,$9.50
EPIQ,$12.965,1440685276552,"11,816",100% bearish,of 1 rating,$18
ENZN,$1.03,1440685276650,"207,332",100% bullish,of 9 ratings,N/A
EPZM,$17.56,1440685276841,"30,669",60% bullish,of 5 ratings,$34
EPRS,$4.96,1440685276937,"5,147",82% bullish,of 11 ratings,$15
EQIX,$263.08,1440685276981,"54,422",75% bullish,of 4 ratings,$312.50
PLUS,$75.43,1440685277080,"14,786",50% bullish,of 2 ratings,$88
EAC,$3.2499,1440685277108,"1,412",100% bearish,of 1 rating,$8
EQFN,NULL,1440685277137,0,100% bearish,of 1 rating,N/A
ERIC,$9.81,1440685277241,"203,926",67% bullish,of 9 ratings,$12.20
ERIE,$82.065,1440685277268,933,Not yet rated,NULL,$73
ESCA,$16.93,1440685277661,"1,612",100% bearish,of 1 rating,$22
ESCRP,$1.4,1440685277696,"1,000",100% bearish,of 1 rating,N/A
ESCR,$0.19,1440685277718,"84,564",50% bullish,of 2 ratings,N/A
ESPR,$53.051,1440685277797,"98,693",70% bearish,of 10 ratings,$123
EPIX,NULL,1440685277823,0,Not yet rated,NULL,N/A
ESMC,NULL,1440685277854,0,Not yet rated,NULL,N/A
ESND,$33.758,1440685277880,"11,537",100% bearish,of 2 ratings,$40
ESSA,$12.76,1440685277900,446,100% bearish,of 1 rating,N/A
ETSY,$13.73,1440685278109,"104,248",80% bullish,of 5 ratings,$16
ESSX,$0.42,1440685278162,"18,194",50% bullish,of 2 ratings,N/A
ESEA,$5.65,1440685278367,201,100% bullish,of 1 rating,$15
EEFT,$64.283,1440685278467,"24,516",100% bearish,of 1 rating,$67.50
EVK,NULL,1440685278495,0,75% bearish,of 4 ratings,N/A
CLWT,NULL,1440685278524,0,100% bearish,of 1 rating,N/A
EVEP,$7.59,1440685278550,"70,863",50% bullish,of 2 ratings,$15
EVLV,$2.5455,1440685278630,"52,812",60% bullish,of 5 ratings,$6
EVOL,$6.18,1440685278683,"1,410",75% bullish,of 4 ratings,$10
EXA,$11.4795,1440685278777,500,100% bearish,of 1 rating,$13
EVOK,$4.01,1440685278809,"4,311",100% bearish,of 1 rating,$13.375
EXAS,$21.83,1440685278909,"170,916",78% bullish,of 9 ratings,$31
EXEL,$5.965,1440685278949,"2,643,338",81% bullish,of 16 ratings,$6
EXAC,$17.88,1440685279041,"3,029",100% bearish,of 1 rating,$22.50
EXLS,$35.26,1440685279070,"16,497",50% bullish,of 2 ratings,$41
EXFO,$2.81,1440685279094,"11,548",67% bearish,of 3 ratings,$3.95
EXPE,$116.655,1440685279231,"137,662",64% bullish,of 11 ratings,$130
EXPD,$49.43,1440685279423,"135,240",80% bullish,of 5 ratings,$52
EXLP,$18.78,1440685279474,"13,080",100% bearish,of 1 rating,$25
EXTR,$2.76,1440685279503,"60,392",80% bullish,of 5 ratings,$3
EYEGW,$0.7,1440685279559,22,Not yet rated,NULL,N/A
ESRX,$84.87,1440685279586,"301,352",67% bearish,of 6 ratings,$101
EXPO,$41.75,1440685279614,"8,823",100% bearish,of 1 rating,$45.50
EYEG,$3.55,1440685279663,"1,335",Not yet rated,NULL,N/A
EZCH,$21.4453,1440685279755,"32,330",75% bullish,of 8 ratings,$19.50
EZPW,$5.7,1440685279952,"22,554",50% bullish,of 4 ratings,$7.50
FFIV,$124.5,1440685279977,"125,208",63% bullish,of 8 ratings,$132
FCS,$13.48,1440685280121,"81,567",67% bearish,of 3 ratings,$17
FB,$89.26,1440685280149,"7,441,003",73% bullish,of 1067 ratings,$111
FRP,$15.35,1440685280251,"12,954",100% bearish,of 1 rating,$18
FWM,$2.4217,1440685280310,"29,658",100% bearish,of 2 ratings,$3.20
FALC,$1.637,1440685280437,"24,248",63% bearish,of 8 ratings,N/A
DAVE,$14.36,1440685280538,777,100% bearish,of 1 rating,$15.50
FARM,$21.74,1440685280567,"13,556",100% bearish,of 1 rating,$35
FMNB,$8.11,1440685280596,"6,455",Not yet rated,NULL,N/A
FFKT,$25.29,1440685280621,"1,536",Not yet rated,NULL,$29
FAST,$38.67,1440685280854,"373,554",80% bullish,of 5 ratings,$45.50
FARO,$37.17,1440685280884,"8,073",50% bullish,of 2 ratings,$48
FATE,$6.785,1440685280958,"2,704",50% bullish,of 2 ratings,$11
FBSS,NULL,1440685280982,0,Not yet rated,NULL,N/A
FBRC,$21.66,1440685281151,"27,020",100% bearish,of 1 rating,$29
FDML,$8.37,1440685281291,"75,077",50% bullish,of 4 ratings,$14
FHCO,$1.324,1440685281321,"1,101",50% bullish,of 4 ratings,N/A
FENX,$9.5,1440685281385,"3,376",100% bullish,of 1 rating,$14.25
FEIC,$74.67,1440685281417,"32,356",50% bullish,of 2 ratings,$95.50
FCSC,$5.47,1440685281446,"18,622",100% bearish,of 1 rating,$8.125
FNHC,$21.59,1440685281476,"7,045",100% bearish,of 1 rating,$35
FGEN,$23.21,1440685281549,"20,642",100% bearish,of 1 rating,$39
ONEQ,$187.548,1440685281607,"16,127",100% bullish,of 1 rating,N/A
FDUS,$14.1,1440685281822,"5,207",50% bullish,of 2 ratings,$18
FRGI,$50.495,1440685281967,"16,524",50% bullish,of 2 ratings,$70
LION,$18.64,1440685281992,"19,203",100% bullish,of 1 rating,$20
FSCFL,$24.4999,1440685282123,706,Not yet rated,NULL,N/A
FSAM,$8.33,1440685282153,"1,314",100% bearish,of 1 rating,$10.25
FSFR,$8.81,1440685282208,"11,287",100% bearish,of 1 rating,$11.50
FITB,$19.6999,1440685282234,"1,063,872",54% bullish,of 13 ratings,$22
FITBI,$27.37,1440685282255,"2,049",Not yet rated,NULL,N/A
FSC,$6.36,1440685282287,"200,032",60% bullish,of 5 ratings,$8
FNGN,$32.42,1440685282434,"41,567",67% bullish,of 3 ratings,$47
FNJN,$1.7999,1440685282579,"17,188",100% bearish,of 1 rating,$5
FNTC,$9.83,1440685282609,1,Not yet rated,NULL,N/A
FISI,$24.64,1440685282636,"3,480",100% bullish,of 2 ratings,$24.50
FNSR,$15.495,1440685282683,"161,672",71% bullish,of 7 ratings,$24.50
FNTCU,NULL,1440685282707,0,Not yet rated,NULL,N/A
FNTCW,NULL,1440685282854,0,Not yet rated,NULL,N/A
FEYE,$38.6599,1440685283018,"656,985",87% bullish,of 15 ratings,$55.50
BUSE,$6.32,1440685283051,"12,338",Not yet rated,NULL,$6.875
FBIZ,$44.15,1440685283121,"4,227",100% bearish,of 2 ratings,$52
FBNC,$16.69,1440685283148,"2,710",100% bullish,of 1 rating,$20
FCVA,NULL,1440685283175,0,Not yet rated,NULL,N/A
FNLC,$18.52,1440685283202,"3,066",100% bullish,of 1 rating,N/A
FRBA,NULL,1440685283222,0,Not yet rated,NULL,$8
FCAP,$27.4,1440685283496,88,Not yet rated,NULL,N/A
FCNCA,$236.55,1440685283522,"1,558",Not yet rated,NULL,N/A
FCFS,$39.14,1440685283554,"18,889",100% bearish,of 3 ratings,$48
FCCO,$12.05,1440685283653,"3,350",Not yet rated,NULL,$13.25
FCBC,$17.3,1440685283678,"3,483",Not yet rated,NULL,$18
FCLF,NULL,1440685283731,0,Not yet rated,NULL,N/A
FCFP,NULL,1440685283824,0,Not yet rated,NULL,N/A
FBNK,$16.79,1440685284004,"7,557",100% bearish,of 1 rating,$17.50
FFBC,$18.11,1440685284031,"20,729",67% bearish,of 3 ratings,$20.25
FFNM,$6.37,1440685284064,100,Not yet rated,NULL,N/A
FDEF,$37.61,1440685284241,"8,712",Not yet rated,NULL,$38
FFBCW,NULL,1440685284380,0,100% bearish,of 1 rating,N/A
FFIN,$30.42,1440685284405,"18,948",50% bullish,of 2 ratings,$31.75
THFF,$33.22,1440685284448,"1,512",Not yet rated,NULL,$35
FIBK,$26.325,1440685284820,"11,190",Not yet rated,NULL,$32
INBK,$30.2499,1440685284846,"1,724",50% bullish,of 2 ratings,$37
FRME,$25.52,1440685284879,"11,958",Not yet rated,NULL,$26.50
FFNW,$11.89,1440685284915,"2,800",Not yet rated,NULL,$14
FMBH,NULL,1440685284981,0,Not yet rated,NULL,N/A
FMBI,$17.32,1440685285010,"31,919",Not yet rated,NULL,$20
FFWM,$20.69,1440685285038,"13,366",Not yet rated,NULL,$24
FNBC,$33.72,1440685285059,"12,348",Not yet rated,NULL,$40
FSFG,NULL,1440685285289,0,Not yet rated,NULL,N/A
FNFG,$8.97,1440685285321,"375,055",80% bullish,of 5 ratings,$9
FNWB,NULL,1440685285347,0,Not yet rated,NULL,N/A
FSGI,$2.47,1440685285530,75,Not yet rated,NULL,N/A
FSLR,$46.88,1440685285555,"278,883",72% bullish,of 39 ratings,$65
FSBK,$7.63,1440685285580,100,100% bullish,of 1 rating,N/A
BICK,$19.56,1440685285720,"1,340",100% bullish,of 1 rating,N/A
FTCS,$36.34,1440685285762,"4,754",100% bearish,of 1 rating,N/A
FCAN,$23.94,1440685285789,994,Not yet rated,NULL,N/A
FBZ,NULL,1440685285817,0,Not yet rated,NULL,N/A
FCA,$19.945,1440685285850,801,Not yet rated,NULL,N/A
FV,$23.4599,1440685285985,"725,261",100% bearish,of 1 rating,N/A
FEMB,NULL,1440685286009,0,Not yet rated,NULL,N/A
IFV,$17.8899,1440685286037,"43,468",100% bearish,of 1 rating,N/A
FTSM,$59.8406,1440685286169,815,100% bearish,of 1 rating,N/A
FEUZ,NULL,1440685286194,0,Not yet rated,NULL,N/A
MDIV,$19.0599,1440685286463,"22,117",Not yet rated,NULL,N/A
FGM,$36.01,1440685286500,"2,183",Not yet rated,NULL,N/A
TDIV,$24.4799,1440685286529,"13,118",100% bearish,of 1 rating,N/A
FHK,$33.46,1440685286558,"1,410",Not yet rated,NULL,N/A
FTGC,$21.915,1440685286588,"1,005",Not yet rated,NULL,N/A
FTHI,NULL,1440685286659,0,Not yet rated,NULL,N/A
HYLS,$49.5382,1440685286686,"6,320",100% bearish,of 1 rating,N/A
YDIV,$16.3,1440685286914,"2,803",Not yet rated,NULL,N/A
FPXI,$27.38,1440685286942,100,Not yet rated,NULL,N/A
SKYY,$28.9156,1440685286964,"14,682",100% bullish,of 1 rating,N/A
CU,$12.68,1440685286993,"1,505",100% bearish,of 1 rating,N/A
PLTM,$6.15,1440685287019,"3,240",100% bearish,of 1 rating,N/A
FTLB,NULL,1440685287159,0,100% bearish,of 1 rating,N/A
FJP,$47.1604,1440685287186,511,Not yet rated,NULL,N/A
FMB,$51.1425,1440685287364,165,Not yet rated,NULL,N/A
QABA,$37.1299,1440685287435,"3,066",100% bearish,of 1 rating,N/A
LMBS,$50.14,1440685287498,300,Not yet rated,NULL,N/A
CIBR,$18.0099,1440685287535,"15,567",Not yet rated,NULL,N/A
QCLN,$14.68,1440685287626,"11,087",Not yet rated,NULL,N/A
FONE,NULL,1440685287662,0,Not yet rated,NULL,N/A
GRID,NULL,1440685287722,0,100% bearish,of 1 rating,N/A
CARZ,$34.38,1440685287812,"3,352",100% bearish,of 1 rating,N/A
QQEW,$41.7195,1440685287873,"13,715",Not yet rated,NULL,N/A
QQXT,$40.3199,1440685287955,"14,375",Not yet rated,NULL,N/A
QTEC,$39.7449,1440685288110,"28,235",Not yet rated,NULL,N/A
RDVY,$20.975,1440685288139,"3,765",Not yet rated,NULL,N/A
QINC,NULL,1440685288242,0,Not yet rated,NULL,N/A
AIRR,$15.99,1440685288266,824,100% bearish,of 1 rating,N/A
FTSL,$48.6156,1440685288315,"4,416",100% bearish,of 1 rating,N/A
FKO,$23.07,1440685288505,47,Not yet rated,NULL,N/A
FDIV,$46.46,1440685288532,300,100% bearish,of 1 rating,N/A
FSZ,$39.12,1440685288562,"3,029",Not yet rated,NULL,N/A
FTW,NULL,1440685288665,0,Not yet rated,NULL,N/A
FKU,$41.58,1440685288693,"4,296",Not yet rated,NULL,N/A
TUSA,NULL,1440685288718,0,Not yet rated,NULL,N/A
FUNC,$8.26,1440685288824,200,Not yet rated,NULL,N/A
FMER,$17.655,1440685288849,"128,456",50% bullish,of 2 ratings,$20
SVVC,$9.15,1440685288980,"5,925",50% bullish,of 2 ratings,$26
FSV,$31.29,1440685289069,933,Not yet rated,NULL,$33.60
FISV,$85.08,1440685289243,"135,567",100% bearish,of 3 ratings,$90
FPRX,$19.01,1440685289275,"32,591",50% bullish,of 2 ratings,$35
FIVE,$36.86,1440685289300,"51,950",75% bearish,of 4 ratings,$44
FIVN,$4.01,1440685289342,"17,686",100% bullish,of 1 rating,$8.50
FLML,$21.67,1440685289375,"14,254",50% bullish,of 2 ratings,$30
FLXN,$24.35,1440685289477,"21,635",100% bearish,of 1 rating,$40
FLKS,$12.11,1440685289504,"1,225",50% bullish,of 2 ratings,$27
SKOR,NULL,1440685289652,0,Not yet rated,NULL,N/A
MBSD,NULL,1440685289679,0,Not yet rated,NULL,N/A
FLXS,$30.7337,1440685289815,"4,415",100% bearish,of 2 ratings,N/A
FLEX,$10.545,1440685289840,"311,723",63% bullish,of 8 ratings,$12
FLIR,$28.37,1440685289872,"178,639",100% bearish,of 1 rating,$38.50
FLDM,$11.25,1440685289969,"103,723",67% bearish,of 3 ratings,$15
FOMX,$9.62,1440685290062,"13,626",50% bullish,of 2 ratings,$23.50
FFIC,$19.65,1440685290117,"8,068",Not yet rated,NULL,$21
FONR,$9.7,1440685290223,"3,596",100% bullish,of 1 rating,N/A
FOGO,$17.9428,1440685290252,"12,381",50% bullish,of 2 ratings,$25.50
FORM,$6.14,1440685290277,"18,842",67% bullish,of 3 ratings,$10.50
FORTY,NULL,1440685290309,0,100% bearish,of 1 rating,N/A
FES,$0.96,1440685290329,"18,478",50% bullish,of 2 ratings,$1
FTNT,$43.03,1440685290524,"97,341",80% bullish,of 10 ratings,$52
FORR,$31.51,1440685290549,"2,232",Not yet rated,NULL,N/A
FBIO,$2.53,1440685290716,"14,500",83% bullish,of 6 ratings,N/A
FORD,$2.3654,1440685290744,"4,617,042",67% bullish,of 3 ratings,N/A
FWRD,$45.16,1440685290770,"116,736",100% bearish,of 1 rating,$50
FOSL,$59.54,1440685290842,"78,192",60% bearish,of 5 ratings,$80
FXCB,$17.18,1440685290918,"1,760",Not yet rated,NULL,$19
FRAN,$10.78,1440685290948,"57,317",50% bullish,of 4 ratings,$15
FMI,$21.81,1440685290969,"33,300",100% bearish,of 2 ratings,$27.50
FWP,$25.82,1440685291100,"1,053",100% bearish,of 1 rating,$45
FELE,$28.06,1440685291157,"24,863",50% bullish,of 4 ratings,$33
FREE,$0.3711,1440685291234,"177,881",92% bullish,of 12 ratings,N/A
FRED,$12.26,1440685291291,"109,362",50% bullish,of 2 ratings,$16.50
FOXF,$15.2,1440685291320,"5,386",100% bearish,of 1 rating,$19
FEIM,$10.87,1440685291422,108,100% bearish,of 1 rating,N/A
RAIL,$19.5,1440685291527,"10,982",100% bearish,of 1 rating,$24.50
FRPT,$12.515,1440685291732,"55,049",67% bearish,of 3 ratings,$23.50
FRPH,$31.39,1440685291761,"1,469",100% bearish,of 1 rating,N/A
FTR,$4.89,1440685291782,"2,395,809",78% bullish,of 27 ratings,$6.25
FTRPR,$97.8501,1440685291813,300,100% bearish,of 1 rating,N/A
FSBW,NULL,1440685291840,0,Not yet rated,NULL,N/A
FTD,$29.42,1440685291984,"6,297",100% bearish,of 1 rating,$40
FTEK,$2.0699,1440685292084,"3,998",75% bullish,of 4 ratings,N/A
FSYS,$6.29,1440685292266,"1,414",67% bullish,of 3 ratings,$10
FCEL,$0.7245,1440685292295,"315,424",88% bullish,of 41 ratings,$2.65
FULL,$3.0601,1440685292399,"7,998",67% bearish,of 3 ratings,$4.25
FLL,$1.48,1440685292507,45,75% bullish,of 4 ratings,$3.50
FSNN,NULL,1440685292537,0,67% bullish,of 3 ratings,$6
FULLL,NULL,1440685292557,0,Not yet rated,NULL,N/A
FFHL,NULL,1440685292586,0,50% bullish,of 4 ratings,N/A
FULT,$12.025,1440685292607,"87,948",100% bearish,of 1 rating,$13
FXENP,NULL,1440685292765,0,100% bearish,of 1 rating,N/A
FXEN,$0.805,1440685292794,"2,500",75% bullish,of 4 ratings,$1.10
WILC,$4.7784,1440685292899,569,100% bullish,of 2 ratings,N/A
GLPG,$60.46,1440685292982,"10,681",100% bullish,of 1 rating,$75
GAIA,$5.85,1440685293008,"10,461",50% bullish,of 2 ratings,$8.50
GK,$66.88,1440685293038,"6,383",Not yet rated,NULL,$78
GALT,$1.85,1440685293139,"1,992",80% bullish,of 5 ratings,N/A
GALTU,NULL,1440685293282,0,100% bearish,of 1 rating,N/A
GALE,$1.48,1440685293316,"232,907",89% bullish,of 47 ratings,$4
GLPI,$31.45,1440685293459,"37,474",100% bearish,of 1 rating,$37.50
GPIC,NULL,1440685293493,0,100% bearish,of 1 rating,N/A
GLMD,$8.8652,1440685293514,"6,016",67% bullish,of 3 ratings,$20.50
GALTW,NULL,1440685293534,0,100% bullish,of 1 rating,N/A
GRMN,$37.84,1440685293573,"101,013",50% bullish,of 6 ratings,$46.50
GGAC,$9.8601,1440685293598,"1,732",100% bearish,of 1 rating,N/A
GGACR,$0.3,1440685293869,"76,842",100% bullish,of 1 rating,N/A
GGACU,$10.2999,1440685293913,"9,800",Not yet rated,NULL,N/A
GENC,$9.26,1440685293965,600,100% bearish,of 1 rating,N/A
GGACW,$0.2,1440685293996,"144,223",Not yet rated,NULL,N/A
GARS,$14.13,1440685294017,"13,727",Not yet rated,NULL,$16
GNCMA,$17.155,1440685294098,"65,444",100% bearish,of 1 rating,$12
GFNCP,NULL,1440685294231,0,Not yet rated,NULL,N/A
GFNSL,NULL,1440685294305,0,Not yet rated,NULL,N/A
GFN,$3.42,1440685294327,588,100% bearish,of 2 ratings,$8
GENE,$2.1793,1440685294365,"60,183",100% bullish,of 12 ratings,N/A
GHDX,$25.945,1440685294400,"13,197",50% bullish,of 2 ratings,$30
GNCA,$12.675,1440685294436,"20,560",100% bearish,of 1 rating,$20
GNMK,$9.4,1440685294464,"16,791",67% bullish,of 6 ratings,$14
THRM,$43.77,1440685294531,"24,280",75% bearish,of 4 ratings,$55.50
GNTX,$15.3,1440685294600,"242,108",Not yet rated,NULL,$20
GERN,$3.0735,1440685294956,"252,327",88% bullish,of 16 ratings,$5.25
GEOS,$14.6201,1440685294985,"20,076",100% bearish,of 3 ratings,$21
GNVC,$2.49,1440685295029,500,90% bullish,of 10 ratings,$8.50
GTWN,NULL,1440685295055,0,Not yet rated,NULL,N/A
GABC,$28.92,1440685295076,"2,184",Not yet rated,NULL,$31
GEVO,$2.2194,1440685295109,"65,348",75% bullish,of 12 ratings,$5
GIGM,$0.58,1440685295136,600,100% bullish,of 2 ratings,N/A
ROCK,$16.352,1440685295157,"10,250",80% bullish,of 5 ratings,$24
GIGA,$1.4599,1440685295374,"7,595",100% bearish,of 1 rating,N/A
GILT,$4.3,1440685295411,"8,327",50% bullish,of 2 ratings,N/A
GBCI,$25.35,1440685295506,"47,080",50% bullish,of 2 ratings,$31
GILD,$109.114,1440685295534,"1,605,626",91% bullish,of 87 ratings,$129
GIII,$67,1440685295559,"41,838",67% bullish,of 3 ratings,$75
GLAD,$8.64,1440685295755,"82,108",50% bullish,of 2 ratings,$8.75
GLADO,NULL,1440685295899,0,Not yet rated,NULL,N/A
GOODO,NULL,1440685296046,0,Not yet rated,NULL,N/A
GAINP,$25.8366,1440685296080,504,Not yet rated,NULL,N/A
GOOD,$14.155,1440685296101,"14,471",Not yet rated,NULL,$19
GOODP,NULL,1440685296132,0,Not yet rated,NULL,N/A
GOODN,NULL,1440685296153,0,Not yet rated,NULL,N/A
GAIN,$7.32,1440685296181,"33,444",100% bullish,of 2 ratings,$8.25
GAINN,$25.27,1440685296208,200,Not yet rated,NULL,N/A
GAINO,$25.33,1440685296398,100,Not yet rated,NULL,N/A
LAND,$9.21,1440685296499,"3,498",50% bullish,of 2 ratings,$13.75
GLBZ,NULL,1440685296545,0,Not yet rated,NULL,N/A
GBT,$42.02,1440685296595,"7,180",100% bearish,of 1 rating,N/A
GDEF,NULL,1440685296620,0,Not yet rated,NULL,N/A
ENT,$11.4,1440685296748,"26,018",100% bearish,of 1 rating,$18
GSOL,$8.11,1440685296797,"2,920",100% bearish,of 1 rating,N/A
GBLI,$26.69,1440685296846,"2,842",Not yet rated,NULL,N/A
QQQC,$19.445,1440685296981,"2,557",100% bearish,of 1 rating,N/A
ACTX,$13.18,1440685297060,"3,700",100% bullish,of 1 rating,N/A
GPACU,NULL,1440685297086,0,Not yet rated,NULL,N/A
SOCL,$17.5,1440685297107,"1,675",100% bullish,of 2 ratings,N/A
ALTY,NULL,1440685297137,0,Not yet rated,NULL,N/A
SRET,NULL,1440685297357,0,Not yet rated,NULL,N/A
YLCO,NULL,1440685297385,0,Not yet rated,NULL,N/A
GAI,$5.93,1440685297416,10,50% bullish,of 2 ratings,N/A
GSM,$13.06,1440685297443,"56,876",50% bullish,of 2 ratings,$23
GLRI,$1.0255,1440685297521,675,100% bearish,of 1 rating,$4.25
GBIM,$2.0538,1440685297590,"15,171",50% bullish,of 2 ratings,N/A
GLUU,$4.295,1440685297617,"430,492",92% bullish,of 26 ratings,$9
GLBS,$1.03,1440685297642,200,67% bullish,of 3 ratings,N/A
GLYC,$6.91,1440685297823,"1,890",50% bullish,of 2 ratings,$14
GLNG,$35.9,1440685297922,"82,144",83% bullish,of 6 ratings,$58
GOGO,$15.4505,1440685297951,"108,942",80% bullish,of 5 ratings,$25
GLDC,$4.15,1440685297976,5,50% bullish,of 2 ratings,N/A
GMLP,$17.495,1440685297997,"30,768",50% bullish,of 4 ratings,$32.50
GOGL,$2.75,1440685298057,"70,828",75% bullish,of 4 ratings,$5
GBDC,$16.61,1440685298191,"18,358",Not yet rated,NULL,$17.75
GDEN,$9.08,1440685298226,200,50% bullish,of 2 ratings,N/A
GTIM,$6.4601,1440685298497,"6,224",Not yet rated,NULL,$11.50
GOOG,$636.79,1440685298633,"367,635",89% bullish,of 70 ratings,$825
GPRO,$48.88,1440685298661,"1,704,296",78% bullish,of 58 ratings,$72
GMAN,$3.92,1440685298687,"20,357",60% bullish,of 5 ratings,$8.50
GOOGL,$667.28,1440685298792,"358,351",88% bullish,of 1080 ratings,$749
GPIA,NULL,1440685298820,0,Not yet rated,NULL,N/A
LOPE,$36.67,1440685298920,"16,971",100% bearish,of 2 ratings,$50
GPIAU,NULL,1440685298949,0,Not yet rated,NULL,N/A
GPIAW,$0.975,1440685298976,"4,500",Not yet rated,NULL,N/A
GBSNU,NULL,1440685298998,0,NULL,NULL,NULL
GRVY,NULL,1440685299144,0,50% bullish,of 2 ratings,N/A
GBSN,$0.43,1440685299173,"3,125,447",50% bullish,of 2 ratings,$8.25
GLDD,$5.21,1440685299212,"34,417",100% bearish,of 4 ratings,$7.75
GSBC,$39.31,1440685299343,"3,794",100% bullish,of 1 rating,$44
GNBC,$11.36,1440685299416,"2,738",100% bearish,of 1 rating,$16.50
GRBK,$12.11,1440685299485,"30,151",77% bullish,of 13 ratings,N/A
GLRE,$24.35,1440685299649,"34,372",50% bullish,of 2 ratings,$41
GPRE,$18.93,1440685299681,"40,235",67% bullish,of 6 ratings,$28.50
GPP,$13.009,1440685299738,"11,650",Not yet rated,NULL,$20.50
GCBC,NULL,1440685299779,0,100% bullish,of 1 rating,N/A
GRFS,$30.625,1440685299804,"32,942",50% bullish,of 2 ratings,$35
GRPN,$4.2,1440685299873,"1,389,639",61% bullish,of 71 ratings,$6.75
GRIF,$29.94,1440685299934,588,100% bearish,of 1 rating,N/A
OMAB,$39.45,1440685299971,"3,467",100% bullish,of 1 rating,$44
GGAL,$18.77,1440685300101,"28,553",80% bullish,of 5 ratings,$40
GSIT,NULL,1440685300129,0,100% bearish,of 1 rating,N/A
GSIG,$12.63,1440685300155,"5,332",100% bearish,of 2 ratings,N/A
GSVC,$8.9,1440685300231,"23,473",50% bullish,of 2 ratings,$14.50
GTXI,$0.84,1440685300424,"6,012",100% bullish,of 5 ratings,$.75
GBNK,$15.48,1440685300450,"3,166",100% bearish,of 1 rating,$18
GUID,$6.8335,1440685300592,"25,977",100% bearish,of 3 ratings,$10
GULTU,$0.285,1440685300632,"8,971",100% bearish,of 1 rating,N/A
GURE,$1.63,1440685300658,"1,200",88% bullish,of 8 ratings,N/A
GPOR,$34.59,1440685300679,"189,471",75% bullish,of 4 ratings,$55
GIFI,$11.43,1440685300700,"2,500",100% bearish,of 1 rating,$16
GFED,NULL,1440685300846,0,Not yet rated,NULL,$17
GWPH,$107.29,1440685301000,"29,877",78% bullish,of 9 ratings,$148.50
GYRO,NULL,1440685301035,0,100% bearish,of 1 rating,N/A
HEES,$18.61,1440685301161,"126,543",67% bearish,of 3 ratings,$31
HLG,$8.0501,1440685301262,200,100% bearish,of 1 rating,N/A
GWGH,NULL,1440685301290,0,100% bearish,of 1 rating,$15.05
HNRG,$7.57,1440685301429,"9,660",100% bearish,of 1 rating,$10
HALL,$11,1440685301450,"2,922",Not yet rated,NULL,N/A
HBHC,$26.885,1440685301483,"40,453",50% bullish,of 2 ratings,$30
HBK,$13.8,1440685301513,200,50% bullish,of 2 ratings,N/A
HALO,$17.86,1440685301542,"170,523",67% bullish,of 3 ratings,$22.50
HMPR,$1.8255,1440685301617,"9,370",100% bullish,of 1 rating,N/A
HBHCL,$24.4492,1440685301725,"2,560",Not yet rated,NULL,N/A
HAFC,$23.89,1440685301873,"15,093",100% bullish,of 2 ratings,$28.50
HNH,$26.09,1440685301899,"4,807",100% bullish,of 1 rating,N/A
HNSN,$0.516,1440685301920,"2,652",88% bullish,of 8 ratings,$.40
HQCL,$11.8,1440685302086,"19,300",67% bullish,of 3 ratings,$14
HDNG,$9.658,1440685302218,734,50% bullish,of 4 ratings,N/A
HRMN,NULL,1440685302250,0,Not yet rated,NULL,N/A
HLIT,$5.58,1440685302299,"30,309",100% bearish,of 1 rating,$6.50
TINY,$2.55,1440685302348,"13,700",50% bullish,of 2 ratings,$5.26
HRMNU,NULL,1440685302374,0,Not yet rated,NULL,N/A
HRMNW,NULL,1440685302402,0,Not yet rated,NULL,N/A
HART,$0.915,1440685302449,"4,460",100% bearish,of 1 rating,N/A
HBIO,$4.42,1440685302587,"10,310",Not yet rated,NULL,$10
HCAPL,NULL,1440685302691,0,Not yet rated,NULL,N/A
HCAP,$12.02,1440685302716,"3,267",50% bullish,of 2 ratings,$15
HAS,$73.4,1440685302762,"103,320",63% bullish,of 8 ratings,$84.50
HA,$22.73,1440685302932,"89,842",67% bullish,of 9 ratings,$27
HDS,$32.315,1440685303124,"220,704",100% bearish,of 2 ratings,$39.50
HWBK,$13.16,1440685303158,100,100% bearish,of 1 rating,N/A
HCOM,$21.87,1440685303180,"1,648",100% bearish,of 1 rating,$28
HAYN,$36.63,1440685303260,"8,262",100% bearish,of 1 rating,$59
HIIQ,$4.4,1440685303281,"8,720",50% bullish,of 2 ratings,$7
HWKN,$36.46,1440685303314,"4,637",Not yet rated,NULL,N/A
HQY,$29.03,1440685303366,"22,996",67% bullish,of 3 ratings,$31
HCSG,$32.93,1440685303518,"30,259",50% bullish,of 4 ratings,$35
HWAY,$11.92,1440685303656,"17,150",100% bearish,of 1 rating,$15
HTLD,$20.34,1440685303694,"33,661",Not yet rated,NULL,$22.50
HSTM,$24.36,1440685303761,"6,768",50% bullish,of 2 ratings,$33.75
HTWR,$81.82,1440685303830,"35,627",50% bullish,of 2 ratings,$103
HTLF,$35.8,1440685303878,"3,870",100% bullish,of 1 rating,$39.50
HELE,$84.54,1440685304057,"20,171",67% bearish,of 3 ratings,$100
HMTV,$13.37,1440685304102,"2,814",100% bearish,of 1 rating,$16
HMNY,NULL,1440685304130,0,100% bearish,of 1 rating,N/A
HTBX,$5.16,1440685304151,500,50% bullish,of 2 ratings,$15.50
HSII,$19.45,1440685304183,"13,414",100% bullish,of 3 ratings,$25
HNNA,$24.5401,1440685304211,"1,102",Not yet rated,NULL,N/A
HSIC,$137.61,1440685304360,"39,455",83% bullish,of 6 ratings,$146
HERO,NULL,1440685304383,0,NULL,NULL,NULL
HCACU,NULL,1440685304412,0,Not yet rated,NULL,N/A
HTBK,$10.64,1440685304514,"8,981",Not yet rated,NULL,$12
HFWA,$17.44,1440685304723,"3,864",100% bullish,of 1 rating,$20
HEOP,$7.651,1440685304803,"3,718",Not yet rated,NULL,$8.50
HFFC,$16,1440685304839,"2,638",Not yet rated,NULL,N/A
HIBB,$38.24,1440685304864,"24,493",100% bearish,of 1 rating,$46.50
HSKA,$33.48,1440685304890,"4,872",100% bearish,of 1 rating,$38
MLHR,$26.84,1440685304935,"46,967",50% bullish,of 2 ratings,$33.50
HCCI,$11.05,1440685304960,"10,024",100% bearish,of 1 rating,$16.50
HRTX,$34.32,1440685305166,"33,231",67% bullish,of 6 ratings,$41
HPJ,$2.1799,1440685305222,"13,494",75% bullish,of 4 ratings,$12.43
HIHO,$3.94,1440685305247,"1,425",Not yet rated,NULL,N/A
HIMX,$6.605,1440685305273,"172,639",86% bullish,of 21 ratings,$8.50
HSGX,$5.91,1440685305403,300,100% bearish,of 1 rating,$17
HIFS,$117.4,1440685305461,"1,086",Not yet rated,NULL,N/A
HMNF,NULL,1440685305675,0,Not yet rated,NULL,N/A
HMSY,$9.83,1440685305696,"131,252",67% bullish,of 3 ratings,$19.35
HOLI,$17.28,1440685305729,"22,137",50% bullish,of 4 ratings,$27
HOMB,$37.495,1440685305754,"26,296",Not yet rated,NULL,$42
HOLX,$38.98,1440685305780,"104,079",67% bullish,of 3 ratings,$42
HBCP,NULL,1440685305800,0,Not yet rated,NULL,$29
HFBL,$21.54,1440685305954,200,Not yet rated,NULL,N/A
AWAY,$28.71,1440685306278,"67,578",67% bullish,of 3 ratings,$36
HMST,$21.66,1440685306484,"18,060",100% bullish,of 2 ratings,$27
HKTV,$4.4599,1440685306526,"25,750",100% bearish,of 1 rating,N/A
HTBI,$18.05,1440685306559,"7,088",67% bullish,of 3 ratings,$18.625
HMIN,$27.06,1440685306655,"51,582",100% bearish,of 2 ratings,$35
HOFT,$23.5,1440685306682,"14,137",100% bearish,of 1 rating,N/A
CETC,$0.7197,1440685306749,"17,336",86% bullish,of 7 ratings,N/A
HFBC,$11.25,1440685307093,700,Not yet rated,NULL,N/A
HZNP,$29.575,1440685307128,"224,111",85% bullish,of 20 ratings,$40
HBNC,$23.1899,1440685307160,"2,196",100% bullish,of 1 rating,$27
HRZN,$10.07,1440685307226,"8,490",50% bullish,of 2 ratings,$14.25
HDP,$23.552,1440685307264,"71,445",67% bearish,of 3 ratings,$30.50
ZINC,$7.28,1440685307288,"100,028",100% bearish,of 1 rating,$17
HMHC,$22.85,1440685307561,"65,783",Not yet rated,NULL,$27
HWCC,$7.29,1440685307615,"3,380",100% bearish,of 1 rating,$9
HOVNP,NULL,1440685307641,0,100% bearish,of 1 rating,N/A
HUBG,$37.93,1440685307722,"41,004",100% bearish,of 1 rating,$43
HTGM,$5.79,1440685307771,12,100% bearish,of 1 rating,$19.50
HBMD,$14.4,1440685307796,100,100% bearish,of 1 rating,N/A
HSNI,$61.37,1440685307933,"12,590",Not yet rated,NULL,$80
HCBK,$9.295,1440685307961,"213,707",83% bullish,of 6 ratings,$8.61
HDSN,$3.065,1440685308099,"2,239",100% bullish,of 1 rating,$6.25
HSON,NULL,1440685308197,0,100% bearish,of 1 rating,$5
HBAN,$10.7,1440685308225,"1,091,195",76% bullish,of 17 ratings,$12.29
HURC,$29.9165,1440685308356,"2,116",100% bearish,of 1 rating,N/A
HBANP,$1345.4,1440685308387,20,100% bearish,of 1 rating,N/A
HTCH,$1.4501,1440685308413,"15,852",100% bearish,of 1 rating,$3.50
HURN,$71.65,1440685308488,"17,451",50% bullish,of 2 ratings,$80
HBP,$3.15,1440685308545,292,100% bullish,of 1 rating,N/A
HDRAR,NULL,1440685308741,0,Not yet rated,NULL,N/A
HYGS,$8.03,1440685308769,"5,730",50% bullish,of 2 ratings,$13
HDRAU,NULL,1440685308799,0,Not yet rated,NULL,N/A
HDRAW,NULL,1440685308823,0,Not yet rated,NULL,N/A
HDRA,$9.69,1440685308850,"7,600",Not yet rated,NULL,N/A
IDSY,$3.85,1440685308905,200,100% bearish,of 1 rating,$7
IACI,$70.785,1440685308979,"71,257",75% bullish,of 4 ratings,$90
IBKC,$59.8,1440685309143,"27,014",100% bullish,of 1 rating,$70
IKGH,$1.61,1440685309173,"60,783",75% bullish,of 4 ratings,N/A
ICAD,$3.33,1440685309242,"2,917",50% bullish,of 2 ratings,$7.25
ICFI,$34,1440685309269,"4,996",50% bullish,of 2 ratings,$48.50
ICLR,$78.9401,1440685309303,"66,800",100% bearish,of 3 ratings,$85
ICON,$12.98,1440685309508,"71,538",50% bullish,of 2 ratings,$18.50
ICUI,$113.92,1440685309538,"13,949",Not yet rated,NULL,$122
IEP,$71.26,1440685309563,"19,913",75% bullish,of 4 ratings,$99
IDRA,$2.84,1440685309692,"165,893",89% bullish,of 9 ratings,$6.50
IPWR,$7.28,1440685309722,510,100% bullish,of 1 rating,$15
IDXX,$72.06,1440685309743,"39,157",100% bearish,of 1 rating,$77
INVE,$3.91,1440685309783,"13,417",75% bullish,of 4 ratings,$4
DSKY,$11.06,1440685309878,"29,106",67% bullish,of 6 ratings,$11.50
IRG,$4.54,1440685310013,"3,559",100% bearish,of 1 rating,$4.25
IROQ,$17,1440685310057,204,100% bullish,of 1 rating,N/A
RXDX,$13.13,1440685310144,"32,376",100% bullish,of 1 rating,$20
IIVI,$16.83,1440685310186,"20,412",100% bearish,of 1 rating,$22
IKAN,$2.7304,1440685310214,"1,903",83% bullish,of 6 ratings,$5
KANG,$15.42,1440685310284,"38,768",50% bullish,of 2 ratings,$22.55
ILMN,$201.49,1440685310354,"176,153",80% bullish,of 5 ratings,$245
ISNS,$3.93,1440685310380,309,50% bullish,of 2 ratings,N/A
IKNX,NULL,1440685310442,0,100% bearish,of 1 rating,N/A
IMMR,$11.79,1440685310606,"29,201",80% bullish,of 5 ratings,$15.50
ICCC,$7.42,1440685310738,"2,088",100% bullish,of 1 rating,N/A
IMGN,$14.08,1440685310763,"84,902",75% bullish,of 4 ratings,$17.50
IMDZ,$15.9219,1440685310825,"23,733",100% bearish,of 1 rating,$33
IMNP,$1.2601,1440685310898,"25,900",50% bullish,of 2 ratings,$6
IMMU,$1.955,1440685310924,"142,679",86% bullish,of 7 ratings,$2
IPXL,$44.05,1440685311055,"27,791",67% bullish,of 3 ratings,$46.50
IMMY,$7.37,1440685311086,93,100% bearish,of 1 rating,$11
INCY,$111.9966,1440685311211,"144,845",50% bullish,of 6 ratings,$125.50
SAAS,$7.31,1440685311241,"27,856",50% bullish,of 2 ratings,$15
IBCP,$14,1440685311266,"24,328",100% bullish,of 1 rating,$14.50
INCR,$42.4925,1440685311297,"60,111",50% bullish,of 2 ratings,$53
INDB,$44.015,1440685311398,"5,611",Not yet rated,NULL,$44
IDSA,NULL,1440685311448,0,Not yet rated,NULL,N/A
IBTX,$39.95,1440685311473,"5,860",100% bullish,of 2 ratings,$47.25
INFN,$21.6076,1440685311618,"360,500",71% bullish,of 7 ratings,$28
INFI,$9.13,1440685311864,"50,779",50% bullish,of 4 ratings,$18
III,$3.94,1440685311894,"8,558",57% bullish,of 7 ratings,$6
INWK,$6.89,1440685311956,"10,694",50% bullish,of 2 ratings,$10
IPCC,$77.39,1440685311994,"3,120",Not yet rated,NULL,$77.50
IFON,$1.25,1440685312023,"30,664",75% bullish,of 4 ratings,N/A
IMKTA,$51.16,1440685312051,"7,765",100% bearish,of 1 rating,N/A
INOD,$2.38,1440685312072,"12,135",100% bearish,of 1 rating,N/A
INNL,$11.67,1440685312102,3,100% bearish,of 1 rating,$16.50
IPHS,$46.94,1440685312353,"13,147",100% bearish,of 1 rating,$60
IOSP,$47.81,1440685312382,"40,802",100% bearish,of 1 rating,N/A
INGN,$47.1,1440685312412,"24,798",100% bearish,of 1 rating,$50.50
ISSC,$2.8,1440685312433,352,67% bearish,of 3 ratings,N/A
ITEK,$11.81,1440685312518,"66,676",100% bearish,of 3 ratings,$20
INOV,$20.725,1440685312565,"33,916",100% bearish,of 1 rating,$33
INO,$6.87,1440685312698,"196,179",89% bullish,of 18 ratings,$20
ISIG,$2.55,1440685312841,240,100% bearish,of 1 rating,N/A
NSIT,$25.26,1440685312872,"17,160",50% bullish,of 2 ratings,N/A
INSM,$24.75,1440685312898,"24,846",71% bullish,of 7 ratings,$31.50
INSY,$33.46,1440685312942,"91,183",75% bullish,of 4 ratings,$48
PODD,$29.3,1440685312969,"29,097",67% bearish,of 3 ratings,$35
IIIN,$16.76,1440685312999,"7,080",100% bearish,of 2 ratings,N/A
NTEC,$5.6299,1440685313236,"1,701",100% bearish,of 1 rating,N/A
IESC,$6.848,1440685313336,"2,581",100% bearish,of 1 rating,N/A
IART,$59.62,1440685313377,"18,849",100% bearish,of 1 rating,$71.50
ISSI,$21.82,1440685313407,"20,136",67% bullish,of 3 ratings,$19.75
INTC,$27.54,1440685313477,"3,530,276",82% bullish,of 238 ratings,$36
IDTI,$18.39,1440685313504,"422,700",60% bullish,of 5 ratings,$25
IQNT,$18.53,1440685313564,"29,640",86% bullish,of 7 ratings,$20
IPCI,$2.18,1440685313719,"26,600",67% bullish,of 6 ratings,$8
IPAR,$25.831,1440685313747,"8,659",67% bullish,of 3 ratings,$38
ICPT,$188.28,1440685313982,"31,395",70% bullish,of 10 ratings,$359.50
ININ,$35.61,1440685314009,"8,843",67% bearish,of 3 ratings,$57
IBKR,$38.64,1440685314039,"118,305",100% bullish,of 1 rating,N/A
ICLD,$1.79,1440685314060,"22,895",75% bullish,of 4 ratings,N/A
TILE,$23.75,1440685314089,"101,906",100% bearish,of 3 ratings,$27
ICLDW,NULL,1440685314335,0,100% bearish,of 1 rating,N/A
IDCC,$48.835,1440685314368,"49,126",80% bullish,of 5 ratings,$63
IBOC,$24.98,1440685314397,"15,848",100% bearish,of 1 rating,N/A
INAP,$7.8,1440685314419,"13,338",75% bullish,of 4 ratings,$11
IMI,$2,1440685314465,"85,848",67% bullish,of 3 ratings,$2.22
ISCA,$30.92,1440685314549,"7,026",100% bearish,of 1 rating,N/A
IGLD,$6.933,1440685314593,600,50% bullish,of 2 ratings,N/A
IIJI,$9.22,1440685314642,30,50% bullish,of 2 ratings,$11.50
PTNT,NULL,1440685314826,0,Not yet rated,NULL,N/A
INPH,$0.2801,1440685314856,"3,550",50% bullish,of 2 ratings,N/A
XENT,$25.73,1440685314961,"13,954",50% bullish,of 2 ratings,$36.50
ISIL,$10.28,1440685315092,"108,044",50% bullish,of 6 ratings,$15
IILG,$19.67,1440685315123,"16,773",100% bearish,of 1 rating,$29
INTX,$1.99,1440685315148,"6,336",67% bullish,of 3 ratings,N/A
INTL,$25.86,1440685315173,"9,141",67% bearish,of 3 ratings,N/A
IVAC,$4.615,1440685315342,"7,123",100% bearish,of 1 rating,$6.625
INTLL,NULL,1440685315400,0,Not yet rated,NULL,N/A
ITCI,$26.05,1440685315554,"109,641",75% bearish,of 4 ratings,$40
IIN,$6.04,1440685315645,200,100% bearish,of 1 rating,$12
INVT,NULL,1440685315698,0,67% bullish,of 3 ratings,N/A
SNAK,$8.339,1440685315724,"17,143",50% bullish,of 2 ratings,$14
ISRG,$513.12,1440685315745,"18,591",67% bullish,of 3 ratings,$600
INTU,$84.901,1440685315918,"235,046",86% bullish,of 7 ratings,$107.50
ISBC,$11.58,1440685316047,"200,726",100% bullish,of 1 rating,$13.25
ITIC,NULL,1440685316091,0,100% bearish,of 2 ratings,N/A
NVIV,$9.61,1440685316141,"38,870",50% bullish,of 4 ratings,$24.50
ISTR,$15.61,1440685316168,104,100% bearish,of 1 rating,$18.50
DTUL,NULL,1440685316302,0,Not yet rated,NULL,N/A
IPAS,$1.08,1440685316430,"13,006",67% bullish,of 3 ratings,N/A
IVTY,$13.58,1440685316511,"2,798",Not yet rated,NULL,$18
DFVL,NULL,1440685316672,0,Not yet rated,NULL,N/A
IPGP,$84.47,1440685316801,"24,327",100% bearish,of 2 ratings,$109.50
IRMD,$25.9,1440685316831,"2,244",67% bearish,of 3 ratings,$25
IRDM,$6.8799,1440685316881,"80,475",60% bullish,of 5 ratings,$11.50
IRIX,$6.65,1440685316939,800,100% bearish,of 1 rating,N/A
IRDMB,$275,1440685316966,3,67% bearish,of 3 ratings,N/A
IPCM,$79.09,1440685316995,"15,869",50% bullish,of 2 ratings,$80.125
IRBT,$28.5401,1440685317028,"26,741",67% bullish,of 6 ratings,$37
IRWD,$11.05,1440685317275,"79,128",100% bearish,of 1 rating,$13
IRCP,NULL,1440685317306,0,100% bullish,of 2 ratings,N/A
FCHI,NULL,1440685317357,0,NULL,NULL,NULL
COMT,$31.81,1440685317408,"3,020",100% bearish,of 1 rating,N/A
GNMA,$50.0006,1440685317432,"1,278",Not yet rated,NULL,N/A
IFAS,NULL,1440685317614,0,NULL,NULL,NULL
IFNA,NULL,1440685317649,0,NULL,NULL,NULL
IFGL,$28.65,1440685317705,"13,709",Not yet rated,NULL,N/A
ACWI,$55.8,1440685317776,"593,088",Not yet rated,NULL,N/A
IFEU,$38.5,1440685317803,"5,264",Not yet rated,NULL,N/A
AAXJ,$53.5,1440685317823,"150,945",Not yet rated,NULL,N/A
AXJS,NULL,1440685317842,0,NULL,NULL,NULL
ACWX,$40.8,1440685317882,"47,209",100% bearish,of 1 rating,N/A
AAIT,NULL,1440685317972,0,NULL,NULL,NULL
EMDI,NULL,1440685318071,0,NULL,NULL,NULL
EEME,NULL,1440685318286,0,NULL,NULL,NULL
EVAL,NULL,1440685318336,0,NULL,NULL,NULL
EMEY,NULL,1440685318359,0,NULL,NULL,NULL
EGRW,NULL,1440685318382,0,NULL,NULL,NULL
EEMA,$50.4868,1440685318449,"1,081",Not yet rated,NULL,N/A
EUFN,$21.963,1440685318519,"12,425",100% bearish,of 1 rating,N/A
QAT,$20.8,1440685318546,124,Not yet rated,NULL,N/A
UAE,$18.3,1440685318705,"8,320",Not yet rated,NULL,N/A
IEUS,$45.31,1440685318730,16,100% bearish,of 1 rating,N/A
IBB,$349.68,1440685318777,"396,334",63% bullish,of 8 ratings,N/A
SOXX,$81.53,1440685318878,"205,407",50% bullish,of 2 ratings,N/A
EMIF,$28.64,1440685318924,"1,257",Not yet rated,NULL,N/A
EEML,$27.54,1440685318949,"8,106",Not yet rated,NULL,N/A
ICLN,$9.59,1440685319091,"13,782",50% bullish,of 2 ratings,N/A
WOOD,$47.587,1440685319173,300,50% bullish,of 2 ratings,N/A
INDY,$27.74,1440685319305,"57,186",50% bullish,of 2 ratings,N/A
ISHG,$79.79,1440685319334,909,100% bearish,of 1 rating,N/A
ISLE,$16.54,1440685319355,"53,368",50% bullish,of 4 ratings,$16
IGOV,$91.33,1440685319390,"105,336",100% bearish,of 1 rating,N/A
ISIS,$51.507,1440685319487,"197,365",53% bullish,of 15 ratings,$67
ITRI,$28.82,1440685319518,"59,707",Not yet rated,NULL,$37
ISRL,$129.36,1440685319546,100,100% bearish,of 1 rating,N/A
ITRN,$24.11,1440685319571,"1,200",50% bullish,of 2 ratings,N/A
ITUS,$4.2,1440685319765,"1,000",Not yet rated,NULL,N/A
IXYS,$10.5572,1440685319851,"15,871",50% bullish,of 4 ratings,N/A
XXIA,$15.04,1440685319875,"49,250",71% bullish,of 7 ratings,$14.625
JJSF,$113.82,1440685320079,"3,288",100% bearish,of 1 rating,N/A
MAYS,NULL,1440685320130,0,Not yet rated,NULL,N/A
JBHT,$73.74,1440685320155,"84,635",50% bullish,of 4 ratings,$89.50
JKHY,$67.72,1440685320222,"64,646",50% bullish,of 2 ratings,$72
JASO,$7.83,1440685320313,"167,823",82% bullish,of 17 ratings,$10
JXSB,NULL,1440685320341,0,Not yet rated,NULL,N/A
JACK,$80.42,1440685320373,"40,873",83% bullish,of 6 ratings,$105
JCOM,$68.19,1440685320399,"25,657",100% bullish,of 2 ratings,$77
JAXB,NULL,1440685320471,0,100% bullish,of 1 rating,N/A
JAGX,$3.8,1440685320572,"1,418",Not yet rated,NULL,N/A
JMBA,$13.54,1440685320812,"13,332",75% bullish,of 4 ratings,$18
JAKK,$9.28,1440685320856,"16,185",60% bearish,of 5 ratings,$11
JRVR,$26.63,1440685320945,"7,246",Not yet rated,NULL,$32
ERW,NULL,1440685321049,0,Not yet rated,NULL,N/A
JD,$26.37,1440685321085,"1,118,508",75% bullish,of 16 ratings,$36
JASNW,NULL,1440685321220,0,50% bullish,of 2 ratings,N/A
JAZZ,$169.81,1440685321246,"48,987",80% bullish,of 15 ratings,$206.50
JASN,$4.79,1440685321267,"1,907",50% bullish,of 2 ratings,$9.50
JTPY,$2.95,1440685321304,100,100% bearish,of 1 rating,N/A
JBLU,$22.3837,1440685321410,"1,053,513",94% bullish,of 18 ratings,$27
JCTCF,NULL,1440685321440,0,100% bullish,of 1 rating,N/A
DATE,$6.11,1440685321638,"11,908",75% bullish,of 4 ratings,$9
JST,$4.01,1440685321663,"5,151",75% bullish,of 4 ratings,N/A
WYIGU,NULL,1440685321806,0,Not yet rated,NULL,N/A
JIVE,$4.255,1440685321873,"44,625",75% bullish,of 4 ratings,$5
JOEZ,$0.1638,1440685321902,"47,780",92% bullish,of 12 ratings,N/A
JUNO,$37.245,1440685322001,"205,128",73% bullish,of 11 ratings,$71.50
JBSS,$53.06,1440685322036,"4,354",67% bearish,of 3 ratings,N/A
JNP,$10.14,1440685322061,"7,501",100% bullish,of 3 ratings,$15
JOUT,$22.87,1440685322138,"1,268",100% bearish,of 1 rating,$34
KTWO,$20.92,1440685322228,"5,384",100% bearish,of 1 rating,$28.50
KALU,$80.17,1440685322268,"12,365",67% bearish,of 3 ratings,$91
KBIO,$2,1440685322294,"6,614",50% bullish,of 4 ratings,N/A
KMDA,NULL,1440685322421,0,50% bullish,of 2 ratings,$8
KNDI,$6.32,1440685322502,"112,705",86% bullish,of 22 ratings,N/A
KCLI,$46.6747,1440685322641,"10,317",Not yet rated,NULL,N/A
KPTI,$13.97,1440685322679,"34,906",67% bearish,of 3 ratings,$39
KBSF,NULL,1440685322819,0,100% bullish,of 1 rating,N/A
KCAP,$4.55,1440685322848,"13,424",75% bullish,of 4 ratings,$6
KRNY,$11.26,1440685322949,"95,293",100% bearish,of 1 rating,$12
KFFB,$8.6713,1440685322990,100,100% bearish,of 1 rating,N/A
KELYB,NULL,1440685323042,0,50% bullish,of 2 ratings,N/A
KELYA,$13.74,1440685323076,"33,542",67% bullish,of 6 ratings,$20
KMPH,$19.15,1440685323119,"2,005",100% bearish,of 2 ratings,$22
KERX,$6.1,1440685323275,"124,505",82% bullish,of 11 ratings,$12
GMCR,$54.09,1440685323315,"420,676",71% bullish,of 42 ratings,$64
KTEC,NULL,1440685323366,0,Not yet rated,NULL,N/A
KEQU,$17.01,1440685323402,100,100% bullish,of 1 rating,N/A
KTCC,$10.22,1440685323445,"1,908",100% bearish,of 1 rating,$16
KFRC,$26.66,1440685323668,"13,767",100% bullish,of 2 ratings,$29
KE,$11.52,1440685323758,"4,238",67% bearish,of 3 ratings,$16
KIN,$5.83,1440685323793,200,50% bullish,of 2 ratings,$6.25
KINS,$8.56,1440685323888,300,100% bullish,of 1 rating,N/A
KBAL,$10.62,1440685323919,"8,122",50% bullish,of 2 ratings,N/A
KGJI,$0.6801,1440685323983,"1,000",89% bullish,of 9 ratings,N/A
KONE,NULL,1440685324007,0,Not yet rated,NULL,N/A
KIRK,$22.67,1440685324032,"7,976",50% bullish,of 2 ratings,$32
KLAC,$48.5984,1440685324200,"83,364",100% bearish,of 1 rating,$61.50
KITE,$53.16,1440685324227,"88,555",89% bullish,of 9 ratings,$85
KZ,$6.6611,1440685324396,"19,969",60% bearish,of 5 ratings,N/A
KLXI,$39.05,1440685324450,"33,351",100% bearish,of 1 rating,$48.50
KONA,$18.84,1440685324479,"10,390",50% bullish,of 2 ratings,$28
KOPN,$2.88,1440685324500,"20,244",50% bullish,of 2 ratings,$4.50
KRNT,$13.09,1440685324527,"5,309",50% bullish,of 2 ratings,$18
KOSS,$2.45,1440685324755,"4,000",100% bearish,of 2 ratings,N/A
