Symbol,Price,Date,Volume,Rating,RatingVoteCount,OneYearEstimate
TFSC,NULL,1441044902755,0,100% bearish,of 1 rating,N/A
PIH,$7.65,1441044902781,"3,000",100% bearish,of 1 rating,N/A
FCTY,$7.79,1441044902810,"2,568",100% bullish,of 1 rating,$8.50
TFSCW,NULL,1441044902847,0,100% bearish,of 1 rating,N/A
FCCY,$11.88,1441044902868,100,100% bullish,of 1 rating,$13
TFSCR,NULL,1441044902945,0,Not yet rated,NULL,N/A
FLWS,$8.445,1441044902971,"314,109",80% bullish,of 5 ratings,$15
SRCE,$29.41,1441044902992,"7,383",100% bullish,of 3 ratings,$33
TWOU,$34.865,1441044903217,"104,772",50% bullish,of 2 ratings,$39
TFSCU,NULL,1441044903248,0,Not yet rated,NULL,N/A
UGLD,$9.2601,1441044903269,"86,412",100% bearish,of 1 rating,N/A
VNET,$17.87,1441044903291,"227,109",60% bullish,of 5 ratings,$35
DSLV,$68.885,1441044903351,"6,521",100% bearish,of 1 rating,N/A
DGLD,$81.3299,1441044903426,"6,831",100% bullish,of 1 rating,N/A
USLV,$12.5228,1441044903457,"172,315",86% bullish,of 7 ratings,N/A
JOBS,$27.1,1441044903478,"39,009",50% bullish,of 4 ratings,$36
CAFD,$14.98,1441044903847,"57,272",Not yet rated,NULL,$25
EGHT,$7.85,1441044903903,"92,488",82% bullish,of 17 ratings,$11
SIXD,$2.36,1441044903977,"53,949",Not yet rated,NULL,N/A
AAON,$20.64,1441044904004,"29,073",100% bearish,of 1 rating,$24
ABAX,$47.06,1441044904029,"33,362",100% bearish,of 1 rating,$60
AVHI,$13.95,1441044904053,"12,270",100% bearish,of 1 rating,$19
SHLM,$34.33,1441044904078,"15,381",100% bearish,of 1 rating,$47
ABMD,$96.48,1441044904285,"136,631",75% bullish,of 4 ratings,$100.50
ABY,$22.74,1441044904378,"242,157",100% bearish,of 2 ratings,$46
AXAS,$1.94,1441044904508,"483,030",78% bullish,of 9 ratings,$3.50
ABEOW,$1.8689,1441044904637,"2,675",100% bullish,of 1 rating,N/A
ABGB,$5.87,1441044904662,"23,439",67% bullish,of 3 ratings,$5.50
ABEO,$4.78,1441044904692,"39,187",50% bullish,of 4 ratings,$15.50
ACHC,$73.62,1441044904718,"233,006",50% bullish,of 2 ratings,$92
ACTG,$9.53,1441044904744,"54,212",67% bullish,of 3 ratings,$18.50
ACAD,$37.42,1441044904878,"279,899",80% bullish,of 20 ratings,$48
ACST,$0.355,1441044905022,"17,365",100% bullish,of 2 ratings,N/A
AXDX,$19.41,1441044905106,"56,082",100% bearish,of 1 rating,N/A
ANCX,$20.47,1441044905239,"11,935",Not yet rated,NULL,$20
ARAY,$6.84,1441044905267,"491,587",100% bearish,of 1 rating,$10.50
VXDN,$1.97,1441044905288,"32,010",100% bearish,of 1 rating,N/A
XLRN,$29.04,1441044905308,"33,162",50% bullish,of 2 ratings,$57
ACRX,$4.35,1441044905564,"151,056",67% bearish,of 6 ratings,$5.50
ACET,$22.33,1441044905589,"17,917",75% bullish,of 4 ratings,$30
VXUP,$1.6,1441044905727,"40,429",100% bearish,of 1 rating,N/A
ACHN,$7.54,1441044905784,"814,411",90% bullish,of 21 ratings,$16
ACNB,$20,1441044905859,670,Not yet rated,NULL,N/A
ACOR,$31.89,1441044906022,"261,240",67% bearish,of 3 ratings,$38.50
AKAO,$6.92,1441044906049,"20,846",75% bullish,of 4 ratings,$15
ACIW,$21.42,1441044906128,"90,399",67% bearish,of 3 ratings,$24
ACTS,$1.7001,1441044906183,"50,655",100% bearish,of 1 rating,N/A
ATVI,$28.67,1441044906318,"4,804,120",67% bullish,of 84 ratings,$31.50
ACPW,$2.0594,1441044906356,"106,128",100% bullish,of 4 ratings,$3.50
ACTA,$14.11,1441044906527,"22,498",67% bearish,of 3 ratings,$25
ACXM,$21.07,1441044906556,"123,553",67% bullish,of 3 ratings,N/A
ACUR,$3,1441044906586,"11,619",100% bullish,of 5 ratings,$5
ADMP,$3.6235,1441044906616,"3,732",50% bullish,of 2 ratings,$10
ADAP,$11.36,1441044906658,"7,242",67% bullish,of 3 ratings,$22
ADUS,$28.8,1441044906714,"25,147",100% bearish,of 1 rating,$31
AEY,$2.3121,1441044906967,"1,000",100% bearish,of 2 ratings,N/A
ADEP,$7.44,1441044906992,"46,814",50% bullish,of 2 ratings,$10.75
ADMS,$20.23,1441044907017,"17,058",100% bearish,of 2 ratings,$36
ADBE,$78.63,1441044907207,"612,501",65% bullish,of 17 ratings,$90
ADMA,$9.38,1441044907252,"6,562",Not yet rated,NULL,$19
ADXS,$15.38,1441044907412,"424,248",64% bullish,of 14 ratings,$27
AEIS,$24.19,1441044907442,"52,996",50% bullish,of 2 ratings,$32.50
ADXSW,$10.83,1441044907469,"4,490",100% bullish,of 1 rating,N/A
AMD,$1.8324,1441044907490,"2,940,378",83% bullish,of 103 ratings,$2
MULT,NULL,1441044907668,0,100% bearish,of 1 rating,N/A
ADTN,$15.9,1441044907699,"82,019",67% bullish,of 3 ratings,$17.125
ADRO,$19.42,1441044907731,"131,173",80% bullish,of 5 ratings,$45.50
YPRO,$23.0899,1441044907830,185,100% bearish,of 1 rating,N/A
AEGN,$18.5,1441044907868,"32,900",100% bearish,of 2 ratings,$21
AEGR,$17.94,1441044908024,"78,664",50% bullish,of 6 ratings,$26
AEHR,$2.3699,1441044908071,"3,200",50% bullish,of 2 ratings,N/A
AMTX,$2.992,1441044908251,"6,000",50% bullish,of 2 ratings,$26.11
AERI,$16.0875,1441044908381,"245,569",75% bullish,of 4 ratings,$31.50
AEZS,$0.0862,1441044908408,"8,018,206",90% bullish,of 21 ratings,$1.50
AVAV,$23.91,1441044908466,"14,938",50% bullish,of 4 ratings,$31
AEPI,$55,1441044908495,"7,003",100% bearish,of 1 rating,N/A
AGRX,$8.87,1441044908600,"1,950",100% bearish,of 1 rating,$17.50
AEMD,$7.55,1441044908626,"126,746",Not yet rated,NULL,$27.50
AFMD,$10.23,1441044908706,"68,753",50% bullish,of 4 ratings,$15
AFFX,$9.309,1441044908766,"103,451",80% bullish,of 5 ratings,$12.50
AGEN,$7.1501,1441044908894,"258,318",85% bullish,of 13 ratings,$14
AGYS,$10.3,1441044908999,"20,068",100% bearish,of 1 rating,N/A
AGIO,$88.86,1441044909093,"78,938",88% bullish,of 8 ratings,$114
AGFSW,$2,1441044909151,"15,500",100% bearish,of 2 ratings,N/A
AGFS,$9.77,1441044909226,"39,344",100% bearish,of 1 rating,N/A
AIMT,$21.124,1441044909328,"87,022",Not yet rated,NULL,N/A
AIRM,$37.26,1441044909414,"58,404",80% bearish,of 5 ratings,$53
AMCN,$4.5498,1441044909447,"69,503",83% bullish,of 6 ratings,N/A
AIRT,$22.4367,1441044909547,368,100% bullish,of 1 rating,N/A
ATSG,$8.98,1441044909572,"32,244",67% bullish,of 3 ratings,$13
AKAM,$71.34,1441044909698,"497,996",63% bullish,of 8 ratings,$77
AKBA,$7.0699,1441044909730,"56,197",100% bearish,of 1 rating,$18
AIXG,$6.35,1441044909759,"7,712",67% bearish,of 3 ratings,$5.25
ALRM,$16.91,1441044909920,"35,153",100% bearish,of 1 rating,$22
AKRX,$40.44,1441044909955,"160,041",78% bullish,of 9 ratings,$56
AKER,$2.5104,1441044910052,"19,989",Not yet rated,NULL,N/A
AMRI,$20.35,1441044910183,"43,073",75% bearish,of 4 ratings,$24
ALSK,$2.2,1441044910243,"57,028",78% bullish,of 18 ratings,$2
ALDR,$38.63,1441044910368,"146,369",67% bearish,of 3 ratings,$62
ADHD,$7.81,1441044910411,"71,470",50% bullish,of 4 ratings,$18
ALDX,$7.4,1441044910444,"2,354",100% bearish,of 1 rating,$14.50
ALXN,$173.86,1441044910473,"369,795",88% bullish,of 8 ratings,$223
ALXA,$1.15,1441044910542,"2,090",83% bullish,of 6 ratings,$2.125
ABDC,$13.0516,1441044910567,"13,124",Not yet rated,NULL,$15
ALCO,$42.11,1441044910603,"1,028",50% bullish,of 2 ratings,N/A
ALGN,$56.71,1441044910759,"97,566",100% bearish,of 2 ratings,$73
ALKS,$60.59,1441044910900,"183,245",67% bullish,of 3 ratings,$75
ALGT,$205.54,1441044910941,"66,532",100% bearish,of 2 ratings,$235
ALIM,$3.465,1441044911119,"14,953",80% bullish,of 5 ratings,$10
ALLB,$22.64,1441044911145,100,Not yet rated,NULL,N/A
AIQ,$14.33,1441044911275,"4,800",67% bullish,of 3 ratings,N/A
ALQA,$4.45,1441044911349,"12,485",75% bullish,of 4 ratings,$8.50
AFOP,$18.91,1441044911380,"83,974",75% bullish,of 8 ratings,$21
ARLP,$25.7,1441044911458,"87,377",67% bearish,of 3 ratings,$32
AHGP,$36,1441044911485,"32,927",67% bullish,of 3 ratings,N/A
ALLT,$5.22,1441044911627,"208,976",75% bullish,of 4 ratings,$6.25
AHPI,$1.5,1441044911657,200,50% bullish,of 2 ratings,N/A
AFAM,$44.43,1441044911719,"24,431",50% bullish,of 2 ratings,$44
AMOT,$19.33,1441044911790,"53,076",100% bearish,of 1 rating,N/A
MDRX,$13.72,1441044911817,"535,237",60% bullish,of 5 ratings,$16
ALNY,$104.23,1441044911948,"699,207",67% bullish,of 3 ratings,$148.50
AOSL,$7.5,1441044912110,"15,783",67% bullish,of 3 ratings,$9
SMCP,NULL,1441044912164,0,Not yet rated,NULL,N/A
ATEC,$0.55,1441044912270,"41,300",100% bullish,of 1 rating,$2
AIMC,$25.12,1441044912333,"18,632",100% bearish,of 2 ratings,$28.50
ASPS,$27.11,1441044912359,"88,536",67% bullish,of 3 ratings,$46.50
AMRN,$2.25,1441044912420,"728,310",85% bullish,of 39 ratings,$8
ALTR,$48.55,1441044912487,"458,757",80% bearish,of 5 ratings,$54
AMAG,$64.259,1441044912512,"224,249",100% bullish,of 2 ratings,$77.50
AYA,$20.65,1441044912649,"6,367",100% bearish,of 1 rating,$40
AMZN,$511.845,1441044912727,"830,357",81% bullish,of 264 ratings,$646
AMBC,$15.965,1441044912823,"86,071",100% bearish,of 1 rating,$16.50
AMBCW,$7.75,1441044912855,500,100% bearish,of 1 rating,N/A
AMBA,$96.345,1441044912883,"1,305,276",83% bullish,of 12 ratings,$102.50
AMRK,$10.51,1441044912904,"2,400",50% bullish,of 2 ratings,$14
EPAX,$2.7,1441044912932,"6,600",100% bearish,of 1 rating,N/A
AMCX,$72.86,1441044913222,"154,954",67% bullish,of 3 ratings,$87.50
AMDA,$0.4699,1441044913377,"349,018",90% bullish,of 10 ratings,$1
AMED,$38.575,1441044913405,"55,215",100% bearish,of 1 rating,$42
UHAL,$373.98,1441044913426,"3,607",100% bullish,of 2 ratings,$393.50
ATAX,$5.28,1441044913556,"52,579",100% bullish,of 1 rating,$6.50
DOX,$57.17,1441044913582,"77,709",67% bearish,of 3 ratings,$60
ASBI,$22.71,1441044913602,100,Not yet rated,NULL,N/A
AGNCB,$24.2815,1441044913788,"1,643",Not yet rated,NULL,N/A
AGNCP,$25.38,1441044913822,"4,818",Not yet rated,NULL,N/A
AAL,$39.5,1441044913854,"4,317,815",93% bullish,of 88 ratings,$57
AMOV,$18.14,1441044913919,295,100% bearish,of 1 rating,N/A
MTGE,$15.22,1441044913948,"228,098",75% bullish,of 4 ratings,$19.50
AGNC,$19.165,1441044913976,"1,516,978",71% bullish,of 28 ratings,$22
MTGEP,$24.13,1441044914131,"1,700",Not yet rated,NULL,N/A
ACSF,$12.25,1441044914184,"23,361",100% bearish,of 1 rating,$15
ACAS,$13.93,1441044914320,"416,283",60% bullish,of 5 ratings,$16.75
ANCI,$1.55,1441044914393,200,100% bearish,of 1 rating,N/A
AMIC,NULL,1441044914577,0,100% bearish,of 1 rating,N/A
AMRB,$10.08,1441044914682,"59,997",Not yet rated,NULL,$11
ARII,$41.64,1441044914736,"120,890",67% bearish,of 3 ratings,$45
ASEI,$39.5499,1441044914768,"5,114",100% bearish,of 1 rating,$52.50
AETI,$3.62,1441044914866,"8,200",67% bearish,of 3 ratings,N/A
ANAT,$99.2,1441044914893,"26,766",100% bullish,of 1 rating,N/A
AMNB,$23.53,1441044914921,"1,854",Not yet rated,NULL,$25.50
AMSWA,$9.05,1441044914947,"175,133",100% bearish,of 2 ratings,$10.75
APEI,$22.1,1441044915091,"21,497",100% bearish,of 1 rating,$25.50
AMSC,$5.6221,1441044915246,"243,540",50% bullish,of 4 ratings,N/A
CRMT,$35.7,1441044915336,"10,184",100% bearish,of 1 rating,$39
AMWD,$66.635,1441044915362,"51,148",50% bullish,of 2 ratings,$70
ABCB,$27.13,1441044915430,"29,326",Not yet rated,NULL,$31
ASRVP,NULL,1441044915583,0,Not yet rated,NULL,N/A
AMSF,$46.62,1441044915657,"25,736",Not yet rated,NULL,$57.50
AMGN,$153.01,1441044915761,"1,245,509",89% bullish,of 19 ratings,$185
AMKR,$5.325,1441044915800,"1,225,771",100% bearish,of 2 ratings,$5
ATLO,$23,1441044915849,517,Not yet rated,NULL,N/A
AMSG,$78.93,1441044915931,"80,609",100% bearish,of 1 rating,$85.50
FOLD,$14.57,1441044915992,"855,138",56% bullish,of 9 ratings,$21
ASRV,$3.29,1441044916063,"2,268",100% bullish,of 2 ratings,N/A
AMSGP,NULL,1441044916093,0,Not yet rated,NULL,N/A
AMPH,$12.9,1441044916198,"29,640",50% bullish,of 2 ratings,$20
ASYS,$5.5,1441044916295,"13,600",67% bullish,of 3 ratings,$12
AFSI,$58.13,1441044916360,"102,684",60% bullish,of 5 ratings,$72
ANAC,$131.74,1441044916570,"140,430",80% bullish,of 5 ratings,$180.50
AMRS,$1.81,1441044916598,"107,132",70% bullish,of 10 ratings,N/A
ANAD,$0.3374,1441044916624,"42,544",100% bullish,of 2 ratings,$.50
ADI,$55.75,1441044916673,"785,397",67% bullish,of 3 ratings,$69
AMCF,$0.205,1441044916819,"132,710",100% bullish,of 7 ratings,N/A
ANCB,$21.98,1441044916846,500,Not yet rated,NULL,$23
ANIP,$49.6,1441044917120,"40,750",89% bullish,of 19 ratings,$66
ANGI,$5.29,1441044917150,"268,121",64% bullish,of 11 ratings,$5.50
ALOG,$80.25,1441044917173,"19,119",100% bearish,of 2 ratings,$100.50
ABCW,$40.94,1441044917204,"4,652",67% bullish,of 3 ratings,N/A
ANIK,$35.4,1441044917301,"59,112",60% bullish,of 5 ratings,$51.25
ANGO,$14.8001,1441044917325,"67,063",67% bullish,of 3 ratings,$19
ANSS,$88.64,1441044917466,"92,478",100% bearish,of 1 rating,$100
ABAC,$0.7101,1441044917659,"2,025",100% bearish,of 1 rating,N/A
ATRS,$1.77,1441044917717,"217,793",92% bullish,of 12 ratings,$4.50
APIC,$6.45,1441044917765,"27,530",100% bearish,of 1 rating,$19
ATNY,$2.32,1441044917806,"1,803",50% bullish,of 2 ratings,$3.75
APOG,$52,1441044918043,"56,159",50% bullish,of 2 ratings,$67
ANTH,$6.9899,1441044918090,"303,341",80% bullish,of 10 ratings,$13
APOL,$11.2,1441044918118,"465,047",87% bearish,of 68 ratings,$14
AAPL,$113.37,1441044918181,"19,852,981",86% bullish,of 2357 ratings,$150
AINV,$6.5,1441044918206,"1,166,035",50% bullish,of 4 ratings,$8
APPF,$16,1441044918243,"25,738",50% bullish,of 2 ratings,$22
APDN,$3.54,1441044918345,"67,932",Not yet rated,NULL,$9
ARCI,$1.18,1441044918376,"3,600",Not yet rated,NULL,N/A
APDNW,$1.4,1441044918472,"6,420",Not yet rated,NULL,N/A
AGTC,$16.42,1441044918793,"12,596",50% bullish,of 2 ratings,$33
AMAT,$16,1441044918835,"4,822,094",82% bullish,of 11 ratings,$23
APRI,$1.701,1441044918864,"1,210,134",83% bullish,of 6 ratings,$4.86
AAOI,$20.82,1441044918937,"87,089",50% bullish,of 4 ratings,$26
AREX,$2.46,1441044918966,"274,685",100% bearish,of 1 rating,$3
AQMS,$4.9,1441044919067,"24,744",Not yet rated,NULL,N/A
AMCC,$5.82,1441044919170,"145,168",80% bullish,of 5 ratings,$8
AUMA,NULL,1441044919255,0,Not yet rated,NULL,N/A
ARDM,$6.9,1441044919401,"2,351",100% bullish,of 1 rating,$26
AQXP,$16.7001,1441044919422,"195,527",50% bullish,of 2 ratings,$2
APTO,$5.38,1441044919482,"1,626",Not yet rated,NULL,$17
AUMAU,NULL,1441044919507,0,Not yet rated,NULL,N/A
AUMAW,NULL,1441044919554,0,Not yet rated,NULL,N/A
ARCW,$3.65,1441044919737,"5,689",100% bearish,of 2 ratings,$10.50
ABUS,$7.32,1441044919769,"180,945",86% bullish,of 14 ratings,$23
ABIO,$0.93,1441044919834,"89,938",50% bullish,of 2 ratings,$3.75
PETX,$17.83,1441044919862,"73,608",100% bearish,of 2 ratings,$26
ACGL,$68.08,1441044920106,"77,000",50% bullish,of 2 ratings,$72
RKDA,$6.39,1441044920160,"5,361",100% bearish,of 2 ratings,$10
ACAT,$26.465,1441044920181,"62,798",100% bearish,of 3 ratings,$33
ARCB,$29.295,1441044920213,"48,973",67% bearish,of 3 ratings,$39.50
ARNA,$2.7,1441044920343,"928,885",90% bullish,of 78 ratings,$5.50
ARDX,$19.27,1441044920373,"38,701",50% bullish,of 2 ratings,$24.50
ARCC,$15.75,1441044920478,"516,988",67% bearish,of 3 ratings,$17.75
AGIIL,$25.3,1441044920610,"2,125",Not yet rated,NULL,N/A
ARGS,$6.19,1441044920656,"21,312",50% bullish,of 2 ratings,$19.50
AGII,$55.69,1441044920740,"31,174",Not yet rated,NULL,$59.50
ARMH,$42.075,1441044920949,"587,439",54% bearish,of 13 ratings,$60
ARTX,$1.49,1441044920980,"9,561",88% bullish,of 16 ratings,$4.50
ARIS,$3.7201,1441044921042,"6,924",Not yet rated,NULL,$4.50
ARIA,$9.2905,1441044921081,"6,235,970",87% bullish,of 46 ratings,$9
ARWA,NULL,1441044921171,0,Not yet rated,NULL,N/A
ARWAR,NULL,1441044921261,0,Not yet rated,NULL,N/A
ARWAU,NULL,1441044921346,0,100% bullish,of 1 rating,N/A
ARKR,$24.8391,1441044921419,927,50% bullish,of 2 ratings,N/A
ARWAW,NULL,1441044921512,0,Not yet rated,NULL,N/A
ARQL,$1.7101,1441044921690,"31,646",75% bullish,of 4 ratings,$5
ARRS,$26.385,1441044921716,"284,962",50% bullish,of 2 ratings,$38
ARWR,$5.97,1441044921847,"369,008",75% bullish,of 4 ratings,$10.50
AROW,$27.45,1441044921885,"1,777",Not yet rated,NULL,N/A
ARRY,$5.91,1441044921915,"859,941",100% bullish,of 7 ratings,$10
DWAT,$10.01,1441044922019,5,100% bearish,of 1 rating,N/A
ARTNA,$22.05,1441044922049,"2,676",100% bearish,of 1 rating,$29
ASNA,$11.95,1441044922120,"706,552",50% bullish,of 2 ratings,$18
ARTW,$4.25,1441044922155,764,75% bearish,of 4 ratings,N/A
ASBB,NULL,1441044922254,0,Not yet rated,NULL,N/A
ASND,$19.06,1441044922297,"17,142",50% bullish,of 2 ratings,$30
ASCMA,$27.69,1441044922384,"22,755",100% bearish,of 1 rating,$45
ASTI,$0.1016,1441044922435,"1,235,989",83% bullish,of 6 ratings,$3
APWC,$1.7499,1441044922464,"2,070",100% bearish,of 1 rating,N/A
ASML,$90.98,1441044922746,"258,730",50% bullish,of 4 ratings,$127
ASMI,NULL,1441044922804,0,NULL,NULL,NULL
AZPN,$37.94,1441044922830,"79,462",50% bullish,of 2 ratings,$42
ASTE,$39.33,1441044922961,"79,758",100% bearish,of 1 rating,$48
ASFI,$8.88,1441044922987,"2,000",100% bullish,of 1 rating,N/A
ASMB,$13.68,1441044923033,"18,523",67% bullish,of 3 ratings,N/A
ALOT,$13.9999,1441044923131,116,100% bearish,of 1 rating,N/A
ATRO,$51.6774,1441044923239,"41,439",100% bearish,of 2 ratings,$80
ASTC,$2.07,1441044923268,"14,110",100% bullish,of 5 ratings,N/A
ATRA,$41.85,1441044923365,"128,348",50% bullish,of 2 ratings,$68
ATAI,$2.395,1441044923418,"3,842",100% bearish,of 1 rating,N/A
ATHN,$131.61,1441044923465,"62,342",67% bearish,of 3 ratings,$153
ASUR,$5.51,1441044923601,"9,700",50% bullish,of 2 ratings,$8
AFCB,NULL,1441044923648,0,Not yet rated,NULL,N/A
ATHX,$1.15,1441044923706,"89,922",89% bullish,of 9 ratings,$5
AAPC,NULL,1441044923851,0,Not yet rated,NULL,N/A
ACFC,$5.31,1441044924078,"51,160",100% bearish,of 1 rating,$6.50
AAME,$3.48,1441044924224,100,Not yet rated,NULL,N/A
AAWW,$41.42,1441044924273,"49,520",50% bullish,of 2 ratings,$65
ATNI,$71.8,1441044924408,"40,715",100% bearish,of 1 rating,$69.50
ATOS,$0.789,1441044924443,"10,468",100% bullish,of 7 ratings,$7
ATLC,$3.9899,1441044924482,"1,499",67% bullish,of 3 ratings,N/A
ATRI,$392.29,1441044924618,268,Not yet rated,NULL,N/A
ATML,$8.1,1441044924750,"1,643,716",78% bullish,of 9 ratings,$9.50
ATRC,$24.85,1441044924778,"33,099",100% bullish,of 1 rating,$30
ATRM,$2.8599,1441044924807,"1,000",50% bullish,of 2 ratings,N/A
AFH,$16.13,1441044924828,"7,532",Not yet rated,NULL,$21.50
AUBN,$26.5,1441044924866,100,Not yet rated,NULL,N/A
ATTU,$13.1,1441044924962,"7,719",100% bearish,of 1 rating,$20.50
LIFE,$14.395,1441044925051,"9,704",86% bullish,of 7 ratings,$43
AUDC,$3.39,1441044925158,"35,289",80% bullish,of 5 ratings,$5
EARS,$4.91,1441044925398,"5,041",100% bearish,of 2 ratings,$11
ADSK,$46.47,1441044925458,"1,240,014",67% bullish,of 6 ratings,$66
ADAT,$0.3121,1441044925493,"191,168",100% bullish,of 2 ratings,N/A
AVGO,$125.99,1441044925546,"831,252",88% bullish,of 8 ratings,$165
ADP,$77.385,1441044925588,"530,784",100% bearish,of 1 rating,$88
AAVL,$10.71,1441044925613,"74,627",100% bearish,of 1 rating,$20
ABTL,$17.8,1441044925649,"26,130",100% bullish,of 4 ratings,$20.25
AUPH,$3.4172,1441044925746,"50,870",100% bearish,of 1 rating,$8
AVGR,$14.72,1441044925959,"3,700",100% bearish,of 1 rating,$20
AVEO,$1.425,1441044926032,"260,070",75% bullish,of 8 ratings,$3
AVNU,$12.31,1441044926094,252,Not yet rated,NULL,$14
AVNW,$1.18,1441044926122,"45,535",50% bullish,of 2 ratings,$2.20
AVID,$8.38,1441044926227,"77,982",100% bearish,of 1 rating,$20
AWRE,$3.24,1441044926417,"2,750",67% bullish,of 3 ratings,N/A
CAR,$44.2,1441044926468,"527,732",80% bullish,of 5 ratings,$60
ACLS,$3.27,1441044926502,"290,764",67% bullish,of 6 ratings,$4.75
AXPWW,NULL,1441044926596,0,Not yet rated,NULL,N/A
AXPW,$3.09,1441044926653,"2,358,973",83% bullish,of 6 ratings,N/A
AXTI,$2.2,1441044926680,"24,218",50% bullish,of 2 ratings,$2.75
BCOM,NULL,1441044926730,0,100% bearish,of 1 rating,N/A
AXGN,$4.85,1441044926756,"200,547",Not yet rated,NULL,$5
RILY,$10.15,1441044926991,200,Not yet rated,NULL,N/A
BEAV,$49.11,1441044927020,"194,565",67% bearish,of 3 ratings,$59
BOSC,$2.21,1441044927157,"2,380",50% bullish,of 2 ratings,N/A
BCPC,$58.4,1441044927259,"49,623",100% bearish,of 1 rating,$75
BIDU,$146.84,1441044927284,"1,164,667",81% bullish,of 88 ratings,$210
BWINA,$23.31,1441044927346,280,Not yet rated,NULL,N/A
BWINB,$23,1441044927511,"1,223",Not yet rated,NULL,N/A
BANF,$60.0099,1441044927540,"6,140",Not yet rated,NULL,$68
BOCH,$5.73,1441044927576,7,Not yet rated,NULL,$6.50
BLDP,$1.29,1441044927645,"135,314",91% bullish,of 22 ratings,$2.50
BANFP,NULL,1441044927670,0,Not yet rated,NULL,N/A
BKSC,$16.42,1441044927699,"3,946",Not yet rated,NULL,N/A
BMRC,$48,1441044927726,"17,280",Not yet rated,NULL,$52
BKMU,$7.19,1441044928003,"6,908",Not yet rated,NULL,$8
BOTJ,NULL,1441044928050,0,Not yet rated,NULL,N/A
OZRK,$41.67,1441044928207,"99,530",67% bullish,of 3 ratings,$49.50
BFIN,$12.11,1441044928233,"5,614",Not yet rated,NULL,$13
BANR,$43.9701,1441044928258,"34,616",100% bullish,of 3 ratings,$50
BWFG,$18.09,1441044928283,206,100% bearish,of 1 rating,N/A
BZUN,$5.18,1441044928458,"85,021",50% bullish,of 2 ratings,$11.50
BHACR,NULL,1441044928518,0,Not yet rated,NULL,N/A
TAPR,NULL,1441044928591,0,100% bearish,of 1 rating,N/A
BHAC,NULL,1441044928653,0,Not yet rated,NULL,N/A
BHACU,NULL,1441044928726,0,Not yet rated,NULL,N/A
BHACW,NULL,1441044928746,0,Not yet rated,NULL,N/A
BBSI,$35.635,1441044928784,"31,463",67% bearish,of 3 ratings,$62.50
BSET,$28.81,1441044928834,"17,635",100% bearish,of 1 rating,$35
BYBK,$4.86,1441044928916,500,100% bearish,of 1 rating,N/A
BYLK,$12.8236,1441044929112,"5,186",Not yet rated,NULL,$14
BV,$5.295,1441044929274,"128,458",67% bullish,of 6 ratings,$9
BDCV,$4.97,1441044929353,"9,517",100% bearish,of 1 rating,$10.19
BCBP,$11.4522,1441044929409,"2,000",Not yet rated,NULL,N/A
BECN,$35.77,1441044929434,"105,851",50% bullish,of 2 ratings,$40
BBBY,$61.66,1441044929455,"389,198",71% bullish,of 7 ratings,$75
BBCN,$14.415,1441044929492,"37,741",100% bearish,of 1 rating,$16
BBGI,$4.06,1441044929517,"2,993",100% bearish,of 1 rating,N/A
BEBE,$1.29,1441044929596,"400,212",75% bullish,of 4 ratings,$2.125
BLPH,$5.29,1441044929854,"2,925",100% bearish,of 1 rating,$12.50
BSF,$8.67,1441044929886,"1,299",Not yet rated,NULL,N/A
BLCM,$16.8,1441044929908,"72,906",50% bullish,of 4 ratings,$40
BELFB,$17.94,1441044929958,"16,407",100% bearish,of 1 rating,N/A
BELFA,$14.8701,1441044929983,210,100% bearish,of 1 rating,N/A
BNCL,$12.34,1441044930117,"68,841",100% bullish,of 3 ratings,$12.50
BNTC,$7.9,1441044930219,"12,847",100% bullish,of 1 rating,N/A
BGMD,$0.7256,1441044930307,"89,422",100% bullish,of 10 ratings,N/A
BGFV,$11.49,1441044930332,"77,920",57% bullish,of 7 ratings,$12
ORPN,$5.84,1441044930517,"4,700",100% bullish,of 1 rating,$28.50
BNFT,$36.184,1441044930587,"36,026",67% bullish,of 3 ratings,$46
BIND,$4.77,1441044930618,"154,580",75% bullish,of 4 ratings,$13.50
BASI,$1.65,1441044930666,"5,448",Not yet rated,NULL,N/A
BCDA,NULL,1441044930695,0,Not yet rated,NULL,N/A
BGCP,$8.77,1441044930724,"265,545",88% bullish,of 8 ratings,$14
BIOC,$1.98,1441044930997,"64,876",83% bullish,of 6 ratings,$3.85
BCRX,$11.78,1441044931182,"429,860",63% bullish,of 8 ratings,$18
BIOD,$0.6699,1441044931207,"16,502",80% bullish,of 5 ratings,$4
BDSI,$6.78,1441044931232,"284,499",88% bullish,of 8 ratings,$17
BIOL,$1.49,1441044931451,"17,460",Not yet rated,NULL,N/A
BIIB,$300.5,1441044931477,"448,271",88% bullish,of 16 ratings,$400
BLRX,$1.5101,1441044931500,"90,499",100% bullish,of 12 ratings,$5
BLFS,$2.842,1441044931555,"5,924,676",100% bearish,of 1 rating,$4.75
BVXV,$3.5001,1441044931684,"7,670",Not yet rated,NULL,N/A
BVXVW,$0.85,1441044931714,"3,000",100% bearish,of 1 rating,N/A
BMRN,$130.33,1441044931741,"214,418",80% bullish,of 5 ratings,$160
BPTH,$1.12,1441044931772,"21,757",100% bullish,of 2 ratings,$5
BRLI,NULL,1441044931790,0,NULL,NULL,NULL
BIOS,$2.45,1441044931940,"207,549",71% bullish,of 7 ratings,$4
BBC,$31.6799,1441044932095,"6,681",Not yet rated,NULL,N/A
BBP,$33.174,1441044932177,"6,643",Not yet rated,NULL,N/A
BOTA,$2.1501,1441044932358,"16,501",88% bullish,of 8 ratings,N/A
BSTC,$49.04,1441044932407,"56,380",100% bearish,of 1 rating,$76
TECH,$94.87,1441044932435,"37,366",100% bullish,of 1 rating,$117
BSPM,$0.6525,1441044932456,"4,884",50% bullish,of 2 ratings,N/A
BDMS,NULL,1441044932623,0,100% bearish,of 1 rating,N/A
BITI,$17.1,1441044932690,"5,346",100% bullish,of 1 rating,$28
BEAT,$14.365,1441044932719,"187,921",67% bearish,of 3 ratings,$15
BJRI,$43.52,1441044932759,"55,752",50% bullish,of 2 ratings,$55
BDE,$7.47,1441044932918,"38,283",50% bullish,of 2 ratings,$9
BLKB,$57.11,1441044932943,"32,400",100% bearish,of 2 ratings,$66
BBRY,$7.4775,1441044932971,"1,729,723",61% bullish,of 330 ratings,$9
BBOX,$15.33,1441044932996,"35,026",100% bearish,of 1 rating,N/A
HAWK,$39.31,1441044933224,"110,438",91% bullish,of 11 ratings,$49
BKCC,$9.45,1441044933387,"152,766",50% bullish,of 2 ratings,$10
ADRD,$22.05,1441044933462,"7,975",100% bearish,of 1 rating,N/A
ADRE,$29.833,1441044933493,"6,849",100% bearish,of 1 rating,N/A
ADRA,$27.1605,1441044933522,845,100% bearish,of 1 rating,N/A
BLMN,$20.72,1441044933595,"564,142",83% bullish,of 6 ratings,$27.50
BCOR,$13.85,1441044933623,"89,003",57% bullish,of 7 ratings,$15
ADRU,$21.79,1441044933726,551,100% bearish,of 1 rating,N/A
BLBD,$11.8305,1441044933896,"3,267",Not yet rated,NULL,N/A
BUFF,$25.47,1441044933982,"462,929",83% bullish,of 12 ratings,$31.50
BHBK,$14.1,1441044934030,"76,615",100% bullish,of 1 rating,$14.50
NILE,$33.95,1441044934135,"59,057",50% bullish,of 2 ratings,$34
BLUE,$133.12,1441044934223,"181,786",71% bullish,of 7 ratings,$217.50
BBLU,$0.7599,1441044934315,"72,532",100% bullish,of 2 ratings,$4.43
BKEP,$6.235,1441044934339,"17,165",100% bearish,of 1 rating,$8.50
BPMC,$27.47,1441044934520,"15,112",50% bullish,of 2 ratings,$47.50
BKEPP,NULL,1441044934702,0,100% bearish,of 1 rating,N/A
BOBE,$45.01,1441044934737,"157,881",75% bullish,of 4 ratings,$57
BNCN,$20.62,1441044934806,"90,881",Not yet rated,NULL,$24
BOFI,$115.96,1441044934835,"120,911",100% bullish,of 6 ratings,$144
BOKF,$62.7899,1441044934858,"49,982",100% bearish,of 1 rating,$69
BOJA,$20.73,1441044934886,"90,248",100% bullish,of 1 rating,$30
WIFI,$7.52,1441044934911,"52,355",50% bullish,of 2 ratings,$13.50
BONA,$11.6,1441044935122,"54,837",75% bullish,of 4 ratings,$8.50
BNSO,$1.3,1441044935172,16,100% bearish,of 1 rating,N/A
BAMM,$3.18,1441044935284,"15,940",60% bullish,of 5 ratings,N/A
BPFHP,$25,1441044935310,"2,705",100% bearish,of 1 rating,N/A
BPFH,$11.78,1441044935387,"67,271",100% bearish,of 1 rating,$14
BPFHW,NULL,1441044935519,0,100% bearish,of 1 rating,N/A
EPAY,$26.55,1441044935544,"46,822",100% bearish,of 2 ratings,$30
BDBD,$8.29,1441044935677,"240,379",60% bullish,of 5 ratings,$10
BBEPP,$14.4156,1441044935705,"16,503",100% bearish,of 1 rating,N/A
BCLI,$3.0376,1441044935737,"44,003",80% bullish,of 5 ratings,$12
BBEP,$2.9551,1441044935763,"1,317,303",69% bullish,of 13 ratings,$5.625
BBRG,$12.665,1441044935839,"27,860",67% bullish,of 3 ratings,$14.50
BLIN,$1.35,1441044935993,"1,000",100% bullish,of 2 ratings,$2.20
BDGE,$26.1,1441044936090,"8,681",Not yet rated,NULL,$31.75
BRID,NULL,1441044936115,0,100% bearish,of 1 rating,N/A
BCOV,$5.3,1441044936378,"21,499",67% bullish,of 3 ratings,$10.20
BSFT,$31.4,1441044936425,"30,626",57% bullish,of 7 ratings,$40.50
BRCM,$51.56,1441044936450,"1,019,168",75% bullish,of 12 ratings,$56
BRCD,$10.6999,1441044936621,"888,822",92% bullish,of 13 ratings,$11.50
BRKL,$10.48,1441044936677,"42,606",100% bearish,of 1 rating,$10.75
BVSN,$6,1441044936698,"4,179",60% bearish,of 5 ratings,N/A
BWEN,$3.245,1441044936720,"11,818",75% bullish,of 4 ratings,$8
BYFC,$1.46,1441044936741,107,50% bullish,of 2 ratings,N/A
BRKS,$10.34,1441044936875,"28,361",67% bullish,of 3 ratings,$15.25
BRKR,$18.29,1441044936903,"70,383",100% bearish,of 2 ratings,$22
BMTC,$29.3,1441044936932,"9,198",Not yet rated,NULL,$34
BLMT,$20.62,1441044937038,"2,052",Not yet rated,NULL,N/A
BSQR,$6.05,1441044937099,"42,194",67% bullish,of 3 ratings,N/A
BWLD,$190.1,1441044937279,"58,336",82% bullish,of 11 ratings,$205
CHRW,$67.5797,1441044937456,"360,190",Not yet rated,NULL,$72
BUR,$1.75,1441044937483,"21,100",100% bearish,of 1 rating,$8
BLDR,$14.75,1441044937504,"192,886",67% bullish,of 3 ratings,$22
CA,$27.27,1441044937540,"618,614",50% bullish,of 4 ratings,$33
CFFI,$36.06,1441044937561,189,100% bearish,of 1 rating,N/A
CCMP,$43.28,1441044937639,"22,664",50% bullish,of 2 ratings,$59
CDZI,$8.11,1441044937702,"50,470",100% bearish,of 1 rating,N/A
CDNS,$20,1441044937799,"322,316",75% bullish,of 4 ratings,$22.50
CSTE,$39.94,1441044938072,"58,765",50% bullish,of 2 ratings,$65
CACQ,$6.9,1441044938143,"31,262",100% bearish,of 1 rating,$12.25
CZR,$9.45,1441044938205,"267,071",60% bearish,of 5 ratings,$10.50
PRSS,$4.34,1441044938298,"12,004",80% bullish,of 5 ratings,$4.50
CHY,$11.3893,1441044938382,"110,937",Not yet rated,NULL,N/A
CLBS,$1.53,1441044938432,"85,561",79% bullish,of 14 ratings,$4
CLMS,$10.63,1441044938512,"30,230",Not yet rated,NULL,$10.50
CHI,$10.5868,1441044938540,"127,673",100% bearish,of 1 rating,N/A
CCD,$19.3286,1441044938571,"50,773",Not yet rated,NULL,N/A
CFGE,$10.5301,1441044938609,755,Not yet rated,NULL,N/A
CGO,$12.25,1441044938671,"11,979",100% bearish,of 1 rating,N/A
CHW,$7.6,1441044938815,"107,928",100% bearish,of 1 rating,N/A
CSQ,$9.9301,1441044938945,"210,288",Not yet rated,NULL,N/A
CAMP,$16.48,1441044938994,"98,039",88% bullish,of 8 ratings,$25
CVGW,$58,1441044939044,"49,398",50% bullish,of 2 ratings,$62
CFNB,NULL,1441044939241,0,100% bearish,of 1 rating,N/A
CALD,$15.95,1441044939375,"104,818",100% bearish,of 1 rating,$21
CALM,$53.3,1441044939409,"399,561",80% bullish,of 5 ratings,$65
ABCD,$5.18,1441044939436,"114,349",83% bullish,of 6 ratings,N/A
CALA,$5.92,1441044939502,"277,261",100% bullish,of 3 ratings,$19.50
CAMBU,NULL,1441044939535,0,100% bearish,of 1 rating,N/A
CAMB,NULL,1441044939555,0,Not yet rated,NULL,N/A
CLMT,$26.12,1441044939631,"80,855",75% bullish,of 8 ratings,$31
CAMBW,NULL,1441044939763,0,Not yet rated,NULL,N/A
CAC,$40,1441044939809,200,Not yet rated,NULL,N/A
CAMT,$2.66,1441044939942,"21,509",73% bullish,of 11 ratings,$4
CSIQ,$18.76,1441044940003,"705,585",86% bullish,of 28 ratings,$42.50
CGIX,$9.87,1441044940027,"7,722",67% bullish,of 3 ratings,$14.375
CBNJ,$11.04,1441044940190,"12,881",100% bearish,of 1 rating,N/A
CPHC,NULL,1441044940249,0,100% bearish,of 1 rating,N/A
CBF,$30.54,1441044940279,"55,750",Not yet rated,NULL,$32
CPLA,$48.88,1441044940337,"52,726",67% bearish,of 3 ratings,$65
CPLP,$7,1441044940381,"181,951",71% bullish,of 7 ratings,$11
CSWC,$45.28,1441044940470,"3,173",Not yet rated,NULL,N/A
CPTA,$13.63,1441044940499,"20,871",100% bearish,of 1 rating,$18.50
CCBG,$14.92,1441044940527,"1,297",Not yet rated,NULL,$17.25
CAPN,$2.365,1441044940691,"104,554",100% bullish,of 1 rating,$10.85
CFFN,$12.03,1441044940798,"119,266",Not yet rated,NULL,$12.75
CAPNW,$0.6898,1441044940827,100,Not yet rated,NULL,N/A
CPST,$0.4101,1441044940902,"712,878",95% bullish,of 22 ratings,$1.25
CAPR,$4.9499,1441044940926,"10,201",Not yet rated,NULL,$12
CARB,$11.1,1441044941087,"38,494",75% bullish,of 4 ratings,$12
CARA,$19.13,1441044941123,"91,669",50% bullish,of 4 ratings,$25
CBYL,$5.46,1441044941225,"4,633",100% bearish,of 1 rating,$20
CFNL,$22.08,1441044941328,"20,412",Not yet rated,NULL,$24
CRDC,$0.351,1441044941353,"79,323",100% bullish,of 1 rating,$1.25
CRME,$8.8626,1441044941379,"6,555",89% bullish,of 9 ratings,$11.25
CDNA,$6.87,1441044941512,"1,400",100% bearish,of 1 rating,$9
CSII,$24.06,1441044941537,"52,830",100% bearish,of 2 ratings,$42.125
CATM,$34.4,1441044941707,"78,761",100% bearish,of 1 rating,$44
CECO,$3.74,1441044941791,"106,997",67% bearish,of 3 ratings,$6
CTRE,$11.2,1441044941960,"51,093",50% bullish,of 2 ratings,$13.50
CKEC,$23.47,1441044941985,"33,478",50% bullish,of 2 ratings,$35.915
CLBH,$12.7,1441044942018,408,Not yet rated,NULL,$16.50
CART,$5.35,1441044942115,"2,200",100% bearish,of 1 rating,N/A
CARO,$15.1676,1441044942143,"1,007",100% bearish,of 1 rating,$19
CRZO,$36.35,1441044942168,"623,251",67% bearish,of 3 ratings,$54.50
TAST,$12.45,1441044942193,"179,350",Not yet rated,NULL,$14.25
CASM,$1.1203,1441044942385,"8,078",100% bullish,of 1 rating,$3.50
CRTN,$2.51,1441044942423,"1,500",100% bearish,of 1 rating,N/A
CARV,$7.4999,1441044942488,903,50% bullish,of 2 ratings,N/A
CSCD,$15.32,1441044942655,"15,967",100% bullish,of 2 ratings,$17
CACB,$5.35,1441044942688,"41,253",Not yet rated,NULL,$5.50
CASY,$105,1441044942709,"56,041",50% bullish,of 2 ratings,$99.50
CWST,$6.19,1441044942788,"20,275",50% bullish,of 2 ratings,$7.25
CATB,$11.43,1441044942919,"5,925",100% bearish,of 1 rating,$28
CASS,$48.02,1441044942949,"6,304",100% bearish,of 1 rating,N/A
CASI,$1.4999,1441044943084,"1,255",100% bullish,of 1 rating,$3.50
CPRX,$3.67,1441044943116,"114,401",71% bullish,of 7 ratings,$7
CATY,$29.46,1441044943140,"172,424",100% bearish,of 1 rating,$33.50
CATYW,NULL,1441044943187,0,100% bearish,of 1 rating,N/A
CAVM,$67.94,1441044943214,"107,959",67% bearish,of 3 ratings,$72
CBFV,$20.46,1441044943343,886,Not yet rated,NULL,$25
CVCO,$71.41,1441044943445,"3,157",100% bearish,of 1 rating,N/A
CNLM,NULL,1441044943484,0,Not yet rated,NULL,N/A
CNLMR,NULL,1441044943509,0,Not yet rated,NULL,N/A
CNLMW,NULL,1441044943695,0,Not yet rated,NULL,N/A
CNLMU,NULL,1441044943795,0,100% bullish,of 1 rating,N/A
CDK,$49.7,1441044943822,"167,364",67% bearish,of 3 ratings,$50
CBOE,$63.15,1441044943852,"133,400",Not yet rated,NULL,$60
CPXX,$2.2,1441044943961,"74,437",100% bullish,of 2 ratings,$7
CDW,$39.79,1441044943988,"339,312",75% bullish,of 4 ratings,$44
CECE,$9.58,1441044944009,"20,044",50% bullish,of 2 ratings,$16
CELG,$119.41,1441044944069,"1,958,946",92% bullish,of 13 ratings,$155.50
CLDN,$1.12,1441044944266,"29,171",71% bullish,of 7 ratings,$3
CELGZ,$1.7,1441044944515,"23,275",80% bullish,of 5 ratings,N/A
CLDX,$14.99,1441044944585,"492,876",89% bullish,of 9 ratings,$36
CLRB,$3.082,1441044944647,300,100% bearish,of 1 rating,N/A
CBMG,$23.25,1441044944737,"40,146",50% bullish,of 2 ratings,N/A
CLRBW,$0.92,1441044944777,100,Not yet rated,NULL,N/A
CLLS,$33.87,1441044944803,"59,302",75% bullish,of 4 ratings,$51.50
CLSN,$2.12,1441044944885,"38,769",80% bullish,of 10 ratings,$7.50
CEMP,$34.44,1441044945018,"333,479",71% bullish,of 7 ratings,$52
CETV,$2.18,1441044945145,"41,402",67% bullish,of 3 ratings,$2.80
CLTX,$2.36,1441044945176,"166,915",100% bullish,of 2 ratings,N/A
CFBK,NULL,1441044945204,0,Not yet rated,NULL,N/A
CYAD,$48.79,1441044945242,150,100% bullish,of 1 rating,$87.50
CETX,$2.2201,1441044945308,"4,400",Not yet rated,NULL,$5.60
CSFL,$13.57,1441044945334,"21,868",Not yet rated,NULL,$15
CVCY,$11.21,1441044945637,100,Not yet rated,NULL,$12
CENX,$5.63,1441044945733,"774,769",67% bullish,of 6 ratings,$9
CENTA,$12.64,1441044945759,"196,723",Not yet rated,NULL,N/A
CENT,$12.32,1441044945785,"59,089",Not yet rated,NULL,$10
CNBKA,$41.59,1441044945806,215,50% bullish,of 2 ratings,N/A
CNTY,$5.86,1441044945834,"26,258",80% bullish,of 5 ratings,$7.75
CPHD,$49.3,1441044946038,"119,163",67% bearish,of 3 ratings,$66.50
CRNT,$1.47,1441044946072,"155,006",50% bullish,of 2 ratings,$2
CERE,$1.15,1441044946103,"151,016",88% bullish,of 8 ratings,N/A
CERU,$4.11,1441044946173,"53,658",75% bullish,of 4 ratings,$14
KOOL,$0.72,1441044946199,"1,599",100% bullish,of 5 ratings,$7
CERS,$4.96,1441044946231,"137,494",75% bullish,of 4 ratings,$7
CEVA,$19.24,1441044946363,"17,017",100% bearish,of 1 rating,$25
CERN,$61.85,1441044946390,"575,686",67% bullish,of 3 ratings,$79
HOTR,$1.47,1441044946519,"66,734",100% bullish,of 2 ratings,$5
CYOU,$20.95,1441044946600,"125,479",50% bullish,of 6 ratings,$24
CTHR,$1.34,1441044946704,"5,156",50% bullish,of 2 ratings,$2.50
CHFN,$12.4999,1441044946738,"3,345",Not yet rated,NULL,$14
HOTRW,NULL,1441044946762,0,Not yet rated,NULL,N/A
GTLS,$24.89,1441044946832,"91,035",50% bullish,of 4 ratings,$40
CHTR,$181,1441044946857,"325,940",100% bearish,of 2 ratings,$202
CHKP,$77.75,1441044947094,"456,992",50% bullish,of 4 ratings,$92
CHEKW,NULL,1441044947237,0,Not yet rated,NULL,N/A
CHEK,$2.1101,1441044947267,440,Not yet rated,NULL,$7.75
CEMI,$4.15,1441044947289,"9,874",50% bullish,of 2 ratings,$7.50
CHFC,$31.52,1441044947310,"12,469",100% bearish,of 1 rating,$36
CCXI,$6.52,1441044947342,"29,875",67% bullish,of 3 ratings,$14
CHMG,$26.1,1441044947529,100,Not yet rated,NULL,$30
CHKE,$25.5,1441044947636,"10,809",100% bearish,of 1 rating,$32.50
CMRX,$49,1441044947704,"66,855",50% bullish,of 2 ratings,$57
CHEV,$14.32,1441044947735,230,Not yet rated,NULL,N/A
PLCE,$59.3,1441044947756,"47,646",100% bearish,of 1 rating,$69
CBNK,$16.3,1441044947778,"23,255",100% bearish,of 1 rating,N/A
CADC,$2.9,1441044947820,"3,003",78% bullish,of 9 ratings,N/A
CHMA,$25.6,1441044947913,"24,523",Not yet rated,NULL,$40
CALI,$0.885,1441044948191,700,67% bullish,of 3 ratings,N/A
CBAK,$1.98,1441044948222,"12,601",67% bullish,of 9 ratings,N/A
CAAS,$6.22,1441044948295,"16,358",93% bullish,of 14 ratings,$11.50
CCCL,$0.75,1441044948324,"2,800",100% bullish,of 6 ratings,N/A
CBPO,$96.25,1441044948426,"92,131",75% bullish,of 8 ratings,$140.50
CHOP,$1.2,1441044948482,"3,968",50% bullish,of 2 ratings,N/A
CCCR,$0.66,1441044948511,"42,775",67% bearish,of 3 ratings,N/A
CNIT,$1.255,1441044948615,"127,569",67% bullish,of 6 ratings,N/A
JRJC,$3.7,1441044948641,"36,395",82% bullish,of 11 ratings,N/A
HGSH,$1.84,1441044948697,"2,340",67% bullish,of 3 ratings,N/A
CHLN,$1.7701,1441044948723,"2,200",67% bullish,of 3 ratings,N/A
CJJD,$1.9,1441044948852,"1,265",100% bullish,of 1 rating,N/A
HTHT,$25.54,1441044948877,"87,639",50% bullish,of 2 ratings,$28.40
CHNR,$1.6,1441044948955,"8,781",100% bearish,of 1 rating,N/A
CREG,$0.6901,1441044949087,"38,287",100% bullish,of 3 ratings,N/A
CPGI,$6.8,1441044949219,479,Not yet rated,NULL,N/A
CNTF,$0.802,1441044949280,"46,500",Not yet rated,NULL,N/A
CNYD,$3.29,1441044949363,"2,002",67% bullish,of 3 ratings,N/A
CSUN,$1.4501,1441044949390,"5,559",80% bullish,of 5 ratings,N/A
CXDC,$5.71,1441044949427,"14,992",67% bearish,of 3 ratings,N/A
CHSCL,$27.1999,1441044949518,"4,240",Not yet rated,NULL,N/A
CCIH,$7.43,1441044949546,"75,710",67% bullish,of 6 ratings,$12.65
IMOS,$18.39,1441044949568,"109,879",60% bullish,of 5 ratings,$21.50
CHSCM,$26.32,1441044949809,"9,480",Not yet rated,NULL,N/A
CHSCN,$27.08,1441044949839,"6,803",Not yet rated,NULL,N/A
CHSCO,$28.3975,1441044949942,"4,400",Not yet rated,NULL,N/A
CHDN,$131.56,1441044949983,"31,101",Not yet rated,NULL,$165
CNET,$0.8899,1441044950009,"38,440",50% bullish,of 2 ratings,N/A
CHSCP,$30.7,1441044950030,"2,212",Not yet rated,NULL,N/A
CHUY,$30.61,1441044950216,"56,752",50% bullish,of 2 ratings,$34
CDTX,$14.18,1441044950241,"16,273",Not yet rated,NULL,$22
CMCT,$15.1999,1441044950424,900,100% bearish,of 1 rating,N/A
CIFC,$6.98,1441044950555,200,100% bearish,of 1 rating,N/A
CTAS,$85.05,1441044950588,"152,845",100% bearish,of 1 rating,$91
CINF,$52.17,1441044950609,"172,047",50% bullish,of 4 ratings,$50.50
CIDM,$0.5699,1441044950682,"131,609",50% bullish,of 2 ratings,$2.10
CMPR,$70.21,1441044950711,"123,474",50% bullish,of 2 ratings,$72.50
CPHR,$5.3999,1441044950816,"23,550",100% bearish,of 1 rating,$17
CRUS,$29.92,1441044950947,"297,271",75% bullish,of 12 ratings,$44.50
CTRN,$26.5,1441044950975,"20,721",100% bearish,of 1 rating,$31.50
CSCO,$25.88,1441044951004,"8,478,566",84% bullish,of 209 ratings,$32
CZNC,$19.84,1441044951138,"4,133",Not yet rated,NULL,N/A
CZWI,$9.1,1441044951172,402,Not yet rated,NULL,N/A
CIZN,$19.4,1441044951365,616,Not yet rated,NULL,N/A
CZFC,$12.6801,1441044951391,750,Not yet rated,NULL,N/A
CTXS,$67.87,1441044951436,"524,813",86% bullish,of 7 ratings,$80
CHCO,$47.31,1441044951526,"8,708",Not yet rated,NULL,$46
CIVBP,NULL,1441044951569,0,Not yet rated,NULL,N/A
CIVB,$9.9,1441044951617,497,Not yet rated,NULL,$11
CLNE,$5.23,1441044951707,"454,097",80% bullish,of 15 ratings,$9
CDTI,$1.64,1441044951813,"15,479",75% bullish,of 4 ratings,$3.20
CLFD,$17.03,1441044951984,"25,434",67% bullish,of 3 ratings,$18
CLIR,$5.03,1441044952054,"20,454",100% bullish,of 3 ratings,N/A
CLNT,$1.4,1441044952080,"7,510",75% bullish,of 8 ratings,N/A
CSBK,$13.7,1441044952208,"5,120",Not yet rated,NULL,N/A
CLRO,$11.48,1441044952234,"6,444",50% bullish,of 2 ratings,$14.25
CBLI,$4.06,1441044952263,"20,786",60% bullish,of 5 ratings,N/A
CLVS,$78,1441044952288,"194,419",60% bullish,of 5 ratings,$101.50
CME,$94.61,1441044952542,"866,740",67% bullish,of 3 ratings,$102
CCNE,$16.95,1441044952570,"3,400",50% bullish,of 2 ratings,$21.50
CMFN,$11.165,1441044952611,"12,397",100% bearish,of 1 rating,$15.50
CNV,$4.48,1441044952712,"4,915",50% bullish,of 2 ratings,$7.15
COBZ,$12.83,1441044952784,"11,192",100% bullish,of 1 rating,$14
CISG,$7.59,1441044952840,"46,868",100% bullish,of 5 ratings,$10
COKE,$155.66,1441044952865,"13,140",79% bullish,of 19 ratings,N/A
CWAY,$11.18,1441044952893,600,Not yet rated,NULL,N/A
CDRB,$13.9925,1441044953022,"3,305",67% bullish,of 3 ratings,N/A
CDXS,$3.81,1441044953176,"8,480",64% bullish,of 11 ratings,$6
JVA,$4.685,1441044953224,"3,775",83% bullish,of 6 ratings,$7
CVLY,$20.7,1441044953322,200,Not yet rated,NULL,N/A
CCOI,$27.61,1441044953372,"99,453",50% bullish,of 4 ratings,$35
CGNT,$1.5799,1441044953464,"5,973",100% bullish,of 2 ratings,$2
CGNX,$35.6,1441044953500,"111,695",50% bullish,of 2 ratings,$47
CTSH,$62.69,1441044953545,"1,276,081",90% bullish,of 10 ratings,$75
COHR,$58.16,1441044953706,"23,999",50% bullish,of 2 ratings,$72
COHU,$9.59,1441044953734,"32,591",100% bearish,of 1 rating,$14.25
CHRS,$27.615,1441044953795,"17,893",67% bearish,of 3 ratings,$37
COLL,$15.13,1441044953898,"12,620",100% bearish,of 1 rating,$26
CLRX,$0.5441,1441044953929,"46,060",50% bullish,of 2 ratings,N/A
CLCT,$18.52,1441044954031,"7,710",100% bearish,of 1 rating,N/A
CIGI,$44,1441044954058,"13,737",100% bearish,of 1 rating,$52
CLCD,$6.73,1441044954223,"11,349",100% bearish,of 1 rating,$20.50
CBAN,$8.75,1441044954399,"1,100",Not yet rated,NULL,N/A
COLB,$30.045,1441044954457,"70,970",Not yet rated,NULL,$36
COLM,$61.7,1441044954488,"48,501",100% bearish,of 1 rating,$71
CBMX,$1.1,1441044954560,"5,490",83% bullish,of 6 ratings,$3.15
CMCO,$18.94,1441044954585,"7,410",60% bullish,of 5 ratings,$28
CMCSK,$57.24,1441044954718,"1,319,764",Not yet rated,NULL,$84
CMCSA,$56.2,1441044954823,"2,777,424",66% bullish,of 35 ratings,$69.50
CBSH,$44.55,1441044954849,"116,555",50% bullish,of 2 ratings,$46
CBSHP,$25.4,1441044955004,"2,086",100% bearish,of 1 rating,N/A
CVGI,$5.17,1441044955032,"56,797",50% bullish,of 2 ratings,$6
CUBN,$13.5,1441044955057,200,Not yet rated,NULL,N/A
COMM,$32.47,1441044955232,"282,547",67% bearish,of 3 ratings,$35
JCS,$8.6147,1441044955259,"3,040",67% bullish,of 3 ratings,N/A
CSAL,$20.14,1441044955290,"210,014",75% bullish,of 4 ratings,$30
ESXB,$5.06,1441044955531,"12,057",Not yet rated,NULL,N/A
CTBI,$34.96,1441044955563,"3,567",Not yet rated,NULL,$36
CYHHZ,$0.0101,1441044955583,617,100% bullish,of 1 rating,N/A
CWBC,$6.8399,1441044955615,"2,615",Not yet rated,NULL,N/A
CVLT,$35.8,1441044955643,"127,992",75% bullish,of 4 ratings,$44.50
COB,$10.5,1441044955747,920,100% bullish,of 1 rating,$11.75
CIZ,$33.3811,1441044955936,"1,486",100% bearish,of 1 rating,N/A
CIL,$33.63,1441044955961,600,Not yet rated,NULL,N/A
CID,NULL,1441044956175,0,Not yet rated,NULL,N/A
CDC,$34.6103,1441044956202,"4,403",Not yet rated,NULL,N/A
CSA,NULL,1441044956227,0,Not yet rated,NULL,N/A
CSF,$36.9247,1441044956277,592,100% bearish,of 1 rating,N/A
CFO,$35.545,1441044956405,"4,910",100% bearish,of 1 rating,N/A
CDL,NULL,1441044956504,0,Not yet rated,NULL,N/A
CFA,$35.575,1441044956529,"1,685",100% bearish,of 1 rating,N/A
CSB,NULL,1441044956572,0,Not yet rated,NULL,N/A
CGEN,$5,1441044956676,"61,060",50% bullish,of 2 ratings,$11
CPSI,$45.67,1441044956779,"26,755",100% bearish,of 1 rating,$45.50
CHCI,$0.66,1441044956831,"6,848",50% bullish,of 2 ratings,N/A
SCOR,$52.94,1441044956857,"74,342",100% bearish,of 1 rating,$66
CTG,$6.71,1441044956939,"15,054",100% bearish,of 1 rating,$8.50
CMTL,$26.82,1441044957014,"21,615",100% bearish,of 2 ratings,$37
CNSI,$18.92,1441044957107,"56,835",100% bearish,of 2 ratings,$29
CNAT,$4.05,1441044957241,"27,033",83% bullish,of 6 ratings,$13
CXRX,$76.44,1441044957345,"4,300",100% bearish,of 1 rating,$90
CNCE,$15.62,1441044957457,"45,510",75% bullish,of 4 ratings,$22
CFMS,$16.365,1441044957532,"1,098,492",100% bearish,of 1 rating,$27
CCUR,$5.35,1441044957557,"15,927",75% bullish,of 4 ratings,N/A
CDORP,$7,1441044957585,700,100% bearish,of 1 rating,N/A
CDOR,$1.36,1441044957622,200,100% bullish,of 1 rating,N/A
CDORO,NULL,1441044957648,0,100% bearish,of 1 rating,N/A
CNFR,$10.17,1441044957876,"3,469",Not yet rated,NULL,N/A
CTWS,$34.47,1441044958004,"12,664",100% bearish,of 1 rating,$44
CNMD,$52.62,1441044958029,"35,041",Not yet rated,NULL,$59
CNOB,$18.89,1441044958255,"8,000",100% bullish,of 1 rating,$23.50
CNXR,$7.09,1441044958280,"42,730",100% bearish,of 1 rating,$12
CONN,$29.74,1441044958335,"174,524",67% bullish,of 3 ratings,$48.50
CFRX,$4.955,1441044958437,"14,361",Not yet rated,NULL,$14
CNSL,$19.7,1441044958465,"31,914",100% bearish,of 1 rating,$23
CTCT,$25.01,1441044958493,"60,367",67% bullish,of 3 ratings,$37
CPSS,$5.73,1441044958567,"8,928",100% bullish,of 1 rating,$10
CWCO,$10.492,1441044958625,"30,054",67% bullish,of 3 ratings,$14.50
CFRXZ,$0.49,1441044958792,598,Not yet rated,NULL,N/A
CTRL,$8.96,1441044958895,"35,323",50% bullish,of 2 ratings,$11
CPRT,$34.91,1441044958925,"103,203",67% bearish,of 3 ratings,$40
CTRV,$3.66,1441044958950,920,Not yet rated,NULL,$6.40
CFRXW,$2.28,1441044958998,"1,000",100% bearish,of 1 rating,N/A
CRBP,$1.9121,1441044959025,"136,148",100% bullish,of 2 ratings,$6.25
CORT,$4.95,1441044959220,"134,720",67% bullish,of 3 ratings,$12
BVA,$3.86,1441044959326,"13,183",50% bullish,of 2 ratings,N/A
CORI,$10.025,1441044959367,"78,738",100% bearish,of 1 rating,$18
CORE,$60.2,1441044959465,"52,182",100% bearish,of 1 rating,$72
CRVL,$29.99,1441044959532,"12,821",100% bearish,of 1 rating,N/A
COSI,$1.19,1441044959562,"237,657",100% bullish,of 1 rating,N/A
CSOD,$35.79,1441044959590,"132,651",50% bullish,of 2 ratings,$42
CSGP,$177.425,1441044959662,"66,986",50% bullish,of 2 ratings,$235
COST,$138.8,1441044959923,"673,235",79% bullish,of 24 ratings,$154.50
CPAH,$0.47,1441044959952,"2,600",50% bullish,of 2 ratings,N/A
ICBK,$18.0301,1441044960064,700,Not yet rated,NULL,$21
CVTI,$23.67,1441044960165,"28,001",67% bearish,of 3 ratings,$39
COVS,$2.74,1441044960224,"65,029",67% bullish,of 3 ratings,N/A
COWNL,$26.6,1441044960252,"3,060",Not yet rated,NULL,N/A
COWN,$5.25,1441044960307,"175,598",75% bullish,of 4 ratings,$7
CRAI,$22.73,1441044960355,"8,982",100% bearish,of 1 rating,$36
CPSH,NULL,1441044960382,0,Not yet rated,NULL,N/A
BREW,$8.237,1441044960413,"9,446",67% bullish,of 6 ratings,$15
CRAY,$21.35,1441044960522,"68,874",83% bullish,of 6 ratings,$38.50
CACC,$203.64,1441044960738,"36,314",50% bullish,of 2 ratings,$158.50
GLDI,$11.0395,1441044960783,"4,280",100% bearish,of 1 rating,N/A
SLVO,$9.95,1441044960819,"1,071",100% bearish,of 1 rating,N/A
CBRL,$143.95,1441044960870,"102,562",50% bullish,of 2 ratings,$155
CREE,$27.08,1441044960895,"228,581",65% bullish,of 17 ratings,$29.50
CRTO,$39.51,1441044961146,"189,802",67% bullish,of 6 ratings,$64
CROX,$14.52,1441044961171,"311,928",63% bullish,of 8 ratings,$16.50
CRESY,$10.37,1441044961223,"4,652",100% bearish,of 1 rating,$19
CCRN,$14.03,1441044961305,"141,415",100% bearish,of 1 rating,$14.25
CRWN,$5.25,1441044961335,"293,979",75% bullish,of 4 ratings,N/A
CRDS,$1.0038,1441044961366,"8,713",75% bullish,of 4 ratings,$4.50
CRWS,$8.14,1441044961406,"1,192",Not yet rated,NULL,$10
CYRXW,$0.77,1441044961471,"17,601",Not yet rated,NULL,N/A
CYRX,$2.902,1441044961684,"13,784",Not yet rated,NULL,$9
CCLP,$15.4,1441044961748,"33,863",67% bearish,of 3 ratings,$20
CSGS,$30.64,1441044961828,"49,199",Not yet rated,NULL,$40
CTIC,$1.59,1441044961881,"164,807",84% bullish,of 76 ratings,$5.75
CSPI,NULL,1441044961907,0,67% bullish,of 3 ratings,N/A
CTCM,$1.8299,1441044961989,"51,936",80% bearish,of 5 ratings,$3.90
CTIB,NULL,1441044962035,0,100% bearish,of 1 rating,N/A
CTRP,$66.29,1441044962095,"729,430",75% bullish,of 8 ratings,$92.50
CUNB,$21.115,1441044962170,"2,147",Not yet rated,NULL,$24.50
CUI,$5.25,1441044962277,"4,343",50% bullish,of 2 ratings,$10
CMLS,$1.44,1441044962308,"171,469",50% bullish,of 4 ratings,$6
CPIX,$6.16,1441044962358,"3,633",Not yet rated,NULL,N/A
CRIS,$2.62,1441044962409,"119,851",100% bullish,of 8 ratings,$6
CUTR,$14.77,1441044962577,"615,679",67% bearish,of 3 ratings,$18
CVBF,$16.11,1441044962682,"70,612",Not yet rated,NULL,$18
CVV,$10.87,1441044962754,"4,348",100% bullish,of 5 ratings,N/A
CYBR,$51.4,1441044962923,"220,036",75% bullish,of 8 ratings,$66
CYCC,$0.542,1441044962967,"49,152",73% bullish,of 11 ratings,N/A
CYBE,$6.787,1441044962996,"7,601",100% bearish,of 1 rating,N/A
CYAN,$7,1441044963021,"6,850",100% bearish,of 1 rating,N/A
CBAY,$2.65,1441044963151,"37,879",100% bullish,of 1 rating,$4
CYCCP,NULL,1441044963302,0,100% bearish,of 1 rating,N/A
CYBX,$65.11,1441044963327,"67,075",50% bullish,of 4 ratings,$71.50
CYNA,$15.78,1441044963359,"29,405",50% bullish,of 2 ratings,$31.50
CYNO,$31.48,1441044963397,"41,862",67% bearish,of 3 ratings,$45.50
CYRN,$1.7,1441044963459,"12,266",67% bullish,of 3 ratings,$4
CY,$9.895,1441044963486,"1,141,692",80% bullish,of 10 ratings,$15.50
CONE,$31.8,1441044963811,"136,074",67% bearish,of 3 ratings,$35.50
CYTK,$7.01,1441044963942,"62,599",71% bullish,of 14 ratings,$13.50
CYTX,$0.361,1441044963972,"2,118,814",83% bullish,of 12 ratings,$5.50
CTSO,$6.9979,1441044963997,"29,443",Not yet rated,NULL,$15.625
TVIZ,$20.3,1441044964024,"2,200",100% bearish,of 1 rating,N/A
CYTR,$2.4601,1441044964046,"208,426",67% bullish,of 6 ratings,$10
ZIV,$38.62,1441044964079,"56,529",Not yet rated,NULL,N/A
DAEG,$0.37,1441044964177,500,100% bearish,of 1 rating,N/A
XIV,$25.505,1441044964321,"9,981,171",75% bearish,of 4 ratings,N/A
DAKT,$8.68,1441044964462,"64,740",50% bullish,of 2 ratings,$12
DARA,$0.89,1441044964496,"36,464",83% bullish,of 6 ratings,$1.50
DJCO,$192.01,1441044964516,100,Not yet rated,NULL,N/A
TVIX,$14.8981,1441044964557,"8,474,251",81% bullish,of 16 ratings,N/A
DAIO,$2.52,1441044964592,112,Not yet rated,NULL,N/A
DTLK,$5.85,1441044964747,"21,972",100% bearish,of 1 rating,$9
DRAM,$1.328,1441044964888,"15,284",78% bullish,of 9 ratings,N/A
PLAY,$33.72,1441044964921,"128,171",100% bullish,of 5 ratings,$42
DWSN,$4.57,1441044965022,"8,921",67% bullish,of 3 ratings,N/A
DTEA,$13.81,1441044965051,"40,139",100% bearish,of 2 ratings,$24
DWCH,$5.2,1441044965084,"13,090",75% bullish,of 4 ratings,$8.25
TRAK,$62.765,1441044965180,"110,669",50% bullish,of 2 ratings,$62.50
DBVT,$39.7,1441044965207,"84,330",100% bearish,of 1 rating,$53
DHRM,$1.64,1441044965417,"7,933",Not yet rated,NULL,N/A
DFRG,$14.7,1441044965446,"44,333",100% bearish,of 1 rating,$20
TACO,$12.96,1441044965467,"76,485",75% bullish,of 4 ratings,$20
DCTH,$0.443,1441044965598,"39,574",78% bullish,of 9 ratings,N/A
TACOW,$3.86,1441044965625,"7,500",100% bullish,of 1 rating,N/A
DGAS,$20.49,1441044965756,673,67% bearish,of 3 ratings,N/A
DELT,NULL,1441044965826,0,Not yet rated,NULL,N/A
DENN,$11.24,1441044965916,"119,633",100% bullish,of 3 ratings,$15
XRAY,$52.44,1441044966105,"88,720",100% bullish,of 1 rating,$58
DEPO,$27.3,1441044966148,"312,668",60% bullish,of 5 ratings,$29
DEST,$11.39,1441044966210,"22,223",50% bullish,of 2 ratings,N/A
DELTW,NULL,1441044966235,0,Not yet rated,NULL,N/A
DXLG,$5.84,1441044966260,"96,435",100% bearish,of 1 rating,$8
DERM,$25.8652,1441044966427,"54,431",100% bearish,of 1 rating,$33.50
DSCI,$5.92,1441044966524,"12,750",50% bullish,of 2 ratings,$16
DXCM,$94.87,1441044966570,"290,317",57% bullish,of 7 ratings,$98
DSWL,$1.6901,1441044966614,"8,015",100% bullish,of 1 rating,N/A
DXM,$0.2601,1441044966703,"97,560",50% bullish,of 2 ratings,N/A
DHXM,NULL,1441044966813,0,Not yet rated,NULL,N/A
DMND,$29.86,1441044966848,"93,655",75% bullish,of 12 ratings,$32
DHIL,$193.0901,1441044967024,"1,116",Not yet rated,NULL,N/A
DRNA,$11.1,1441044967123,"44,361",67% bearish,of 3 ratings,$25
DCIX,$1.68,1441044967165,"13,271",50% bullish,of 4 ratings,$3.50
DGII,$10.2,1441044967194,"31,871",100% bearish,of 1 rating,$11
FANG,$68.18,1441044967252,"594,342",50% bullish,of 2 ratings,$86.50
DRAD,$3.778,1441044967302,"14,972",100% bullish,of 1 rating,$5.25
DMRC,$38.42,1441044967378,"26,858",100% bearish,of 1 rating,$44
DGLY,$8.39,1441044967483,"38,781",50% bullish,of 6 ratings,$20
APPS,$2.59,1441044967567,"66,366",100% bearish,of 1 rating,$10.25
DCOM,$17.02,1441044967626,"29,122",100% bearish,of 2 ratings,$16
DPRX,$14.42,1441044967807,"5,540",100% bullish,of 2 ratings,$27.75
DISCA,$26.49,1441044967833,"582,883",67% bullish,of 3 ratings,$34
DIOD,$19.65,1441044967964,"39,134",75% bearish,of 4 ratings,$24
DISCB,NULL,1441044968037,0,100% bearish,of 1 rating,$35
DISCK,$25.1801,1441044968095,"290,767",100% bearish,of 1 rating,$32
DISH,$59.04,1441044968227,"303,795",69% bullish,of 13 ratings,$73
DVCR,$10.65,1441044968277,"3,607",100% bullish,of 1 rating,N/A
BAGR,$2.77,1441044968299,"6,712",100% bearish,of 1 rating,$6
DLTR,$75.925,1441044968456,"1,595,348",82% bullish,of 11 ratings,$88
DNBF,$26.07,1441044968484,"3,600",Not yet rated,NULL,$27.50
DLHC,$2.42,1441044968622,502,100% bearish,of 1 rating,N/A
DGICB,NULL,1441044968650,0,100% bearish,of 1 rating,N/A
DSCO,$0.4153,1441044968751,"299,835",83% bullish,of 6 ratings,$2.75
DGICA,$14.24,1441044968795,"3,774",100% bearish,of 1 rating,$17
DMLP,$15.16,1441044968826,"18,007",100% bearish,of 1 rating,N/A
DORM,$50.07,1441044969018,"34,670",100% bearish,of 1 rating,$56
HILL,$9.675,1441044969049,"530,369",60% bearish,of 5 ratings,$9.75
DRWI,$0.21,1441044969077,"99,778",60% bullish,of 5 ratings,$.45
DRWIW,NULL,1441044969151,0,Not yet rated,NULL,N/A
DWA,$19.99,1441044969362,"119,989",63% bullish,of 8 ratings,$26
DRYS,$0.4575,1441044969394,"2,314,532",77% bullish,of 31 ratings,$.60
DSPG,$8.71,1441044969423,"46,685",100% bearish,of 1 rating,$13.50
CADT,NULL,1441044969461,0,Not yet rated,NULL,N/A
DSKX,$3.29,1441044969491,"62,590",100% bullish,of 1 rating,N/A
CADTR,NULL,1441044969689,0,Not yet rated,NULL,N/A
CADTW,NULL,1441044969859,0,Not yet rated,NULL,N/A
CADTU,NULL,1441044969885,0,Not yet rated,NULL,N/A
DTSI,$26.7,1441044970017,"15,050",100% bearish,of 2 ratings,$39.50
DRRX,$2.05,1441044970045,"32,606",50% bullish,of 6 ratings,$3
DXPE,$29.58,1441044970074,"93,419",50% bullish,of 2 ratings,N/A
DYAX,$23.02,1441044970095,"240,055",89% bullish,of 9 ratings,$30
DNKN,$50.39,1441044970123,"232,306",67% bullish,of 15 ratings,$56.50
BOOM,$11.24,1441044970301,"33,169",67% bullish,of 3 ratings,$12
DYSL,$1.5,1441044970327,"12,470",100% bullish,of 2 ratings,N/A
DVAX,$29.2,1441044970537,"92,501",70% bullish,of 10 ratings,$40
DYNT,$3.05,1441044970563,200,75% bullish,of 4 ratings,N/A
EBMT,$11.61,1441044970649,404,Not yet rated,NULL,$13.50
EGBN,$41.68,1441044970701,"16,490",Not yet rated,NULL,$48
ETFC,$26.26,1441044970758,"768,103",57% bullish,of 14 ratings,$32.50
EGLE,$6.91,1441044970805,"16,488",60% bullish,of 5 ratings,N/A
EGRX,$79.1,1441044970950,"101,362",67% bullish,of 3 ratings,$97
ELNK,$8.37,1441044971058,"173,764",60% bullish,of 5 ratings,$9.50
EROC,$1.58,1441044971111,"291,244",50% bullish,of 2 ratings,$3
EWBC,$40.11,1441044971141,"198,578",100% bearish,of 1 rating,$50
EACQU,$10.2,1441044971198,"2,504",Not yet rated,NULL,N/A
EVBS,$6.6,1441044971242,"7,454",Not yet rated,NULL,$7
EML,$16.489,1441044971372,302,Not yet rated,NULL,N/A
EBAY,$27.06,1441044971424,"3,826,563",81% bullish,of 117 ratings,$34
EBIX,$28.26,1441044971557,"60,586",69% bullish,of 13 ratings,$40
ECHO,$23.1,1441044971819,"62,383",67% bearish,of 3 ratings,$34.50
ECTE,$1.45,1441044971850,"5,384",75% bullish,of 4 ratings,N/A
ELON,$0.5808,1441044971874,"36,323",50% bullish,of 2 ratings,N/A
SATS,$44.95,1441044971904,"37,840",50% bullish,of 2 ratings,$60
ECACU,$10.1,1441044971925,50,Not yet rated,NULL,N/A
EEI,$11.1684,1441044971957,200,67% bearish,of 3 ratings,N/A
EDAP,$3.65,1441044972102,"36,846",60% bullish,of 5 ratings,$4.50
ESES,$3.2,1441044972234,400,100% bearish,of 1 rating,$7
EFUT,NULL,1441044972293,0,Not yet rated,NULL,N/A
EDUC,$6.02,1441044972322,"20,956",100% bearish,of 1 rating,N/A
EDGW,$7.2,1441044972427,"3,950",100% bearish,of 1 rating,N/A
EGLT,$11.67,1441044972499,"99,723",50% bullish,of 2 ratings,$21
EGAN,$3.63,1441044972552,"6,386",50% bullish,of 2 ratings,$6.25
EHTH,$14.78,1441044972656,"30,954",50% bullish,of 4 ratings,$16.50
ESLT,$76.01,1441044972718,"3,945",67% bullish,of 3 ratings,N/A
ELRC,$10.51,1441044972785,"6,774",100% bearish,of 1 rating,N/A
ERI,$9.47,1441044972810,"42,005",100% bearish,of 1 rating,$10
EMITF,$1.21,1441044972843,"21,160",75% bullish,of 4 ratings,N/A
LOCO,$13.1501,1441044972942,"425,363",69% bullish,of 13 ratings,$19.50
EA,$66.31,1441044972975,"925,543",77% bullish,of 35 ratings,$80
ESIO,$4.69,1441044973108,"33,596",50% bullish,of 2 ratings,$10
ELSE,$3.89,1441044973207,51,60% bullish,of 5 ratings,N/A
EFII,$43.68,1441044973254,"20,915",80% bullish,of 5 ratings,$55
ELEC,NULL,1441044973302,0,Not yet rated,NULL,N/A
ELECW,NULL,1441044973443,0,Not yet rated,NULL,N/A
ELECU,NULL,1441044973468,0,Not yet rated,NULL,N/A
CAPX,NULL,1441044973527,0,Not yet rated,NULL,N/A
EBIO,$3.5044,1441044973553,"83,007",100% bearish,of 2 ratings,$8.35
RDEN,$10.98,1441044973636,"20,030",100% bearish,of 4 ratings,$15
ESBK,$19.78,1441044973692,130,Not yet rated,NULL,N/A
LONG,$17,1441044973737,"5,850",67% bullish,of 3 ratings,$15.75
EMCI,$23.02,1441044973889,"5,291",Not yet rated,NULL,N/A
ELTK,$1.2665,1441044973918,"51,454",67% bearish,of 3 ratings,N/A
EMCF,NULL,1441044973946,0,100% bearish,of 1 rating,N/A
EMKR,$7,1441044974081,"52,088",75% bullish,of 4 ratings,$8.50
EMMS,$1.2,1441044974118,"18,724",83% bullish,of 6 ratings,N/A
NYNY,$4.21,1441044974247,"12,502",50% bullish,of 2 ratings,N/A
EMMSP,$3,1441044974284,200,100% bearish,of 1 rating,N/A
ERS,$2.8299,1441044974322,600,Not yet rated,NULL,N/A
ENTA,$39.6,1441044974348,"68,989",50% bullish,of 2 ratings,$42
WIRE,$32.35,1441044974482,"26,626",100% bearish,of 1 rating,$37
ENDP,$77.38,1441044974513,"358,585",50% bullish,of 6 ratings,$104
ECPG,$40.205,1441044974614,"99,939",100% bullish,of 2 ratings,$52
ELGX,$12.86,1441044974712,"70,859",75% bullish,of 4 ratings,$17
ECYT,$5.27,1441044974752,"129,561",83% bullish,of 6 ratings,$12
EIGI,$15.2,1441044974852,"106,664",67% bearish,of 3 ratings,$22.50
WATT,$7.3,1441044974897,"88,018",50% bullish,of 2 ratings,$13
EFOI,$22.05,1441044975103,"811,677",50% bullish,of 2 ratings,$24.50
ERII,$2.68,1441044975130,"61,287",80% bullish,of 5 ratings,$2.50
EXXI,$1.925,1441044975207,"1,092,473",86% bullish,of 7 ratings,$3.50
ENG,$1.04,1441044975259,"10,280",100% bullish,of 3 ratings,N/A
ENPH,$4.74,1441044975286,"366,220",75% bullish,of 4 ratings,$11
ENTG,$13.63,1441044975342,"273,969",100% bearish,of 1 rating,$18
ENOC,$9.29,1441044975373,"65,213",75% bullish,of 4 ratings,$18
ESGR,$146.455,1441044975395,800,100% bearish,of 1 rating,$185
ENFC,$17.79,1441044975563,700,Not yet rated,NULL,N/A
ETRM,$0.2701,1441044975666,"536,380",69% bearish,of 35 ratings,$1.625
ENTL,$22.44,1441044975750,"5,516",Not yet rated,NULL,$28
EBTC,$21,1441044975775,100,Not yet rated,NULL,N/A
EGT,$2.128,1441044975992,816,100% bullish,of 1 rating,N/A
ENVI,$1.9,1441044976060,"20,958",67% bullish,of 3 ratings,N/A
ENZN,$1.0001,1441044976094,"235,332",100% bullish,of 9 ratings,N/A
EFSC,$23.79,1441044976118,"5,362",Not yet rated,NULL,$27
EPIQ,$12.86,1441044976148,"36,743",100% bearish,of 1 rating,$18
EPZM,$20.425,1441044976189,"162,578",60% bullish,of 5 ratings,$34
ENZY,$9.98,1441044976217,"7,224",67% bullish,of 3 ratings,$9.50
EPRS,$5.01,1441044976293,"30,137",82% bullish,of 11 ratings,$15
PLUS,$75.6,1441044976446,"24,213",50% bullish,of 2 ratings,$88
EQFN,$8.39,1441044976471,35,100% bearish,of 1 rating,N/A
EQIX,$265.14,1441044976500,"92,511",75% bullish,of 4 ratings,$312.50
EAC,$3.491,1441044976663,"8,864",100% bearish,of 1 rating,$8
ERIC,$9.75,1441044976856,"890,676",67% bullish,of 9 ratings,$12.20
ESCR,$0.1211,1441044976886,"127,832",50% bullish,of 2 ratings,N/A
ESCA,$17.93,1441044976922,"3,060",100% bearish,of 1 rating,$22
ERIE,$81.18,1441044976956,"3,569",Not yet rated,NULL,$73
ESCRP,$1.32,1441044976978,"3,280",100% bearish,of 1 rating,N/A
ESPR,$48.73,1441044977011,"466,254",70% bearish,of 10 ratings,$122.50
ESMC,$1.39,1441044977052,"4,266",Not yet rated,NULL,N/A
ESSA,$12.8101,1441044977077,959,100% bearish,of 1 rating,N/A
EPIX,NULL,1441044977308,0,Not yet rated,NULL,N/A
ESND,$34.45,1441044977333,"22,280",100% bearish,of 2 ratings,$40
ETSY,$14.34,1441044977407,"245,073",80% bullish,of 5 ratings,$16
ESSX,$0.48,1441044977434,"34,732",50% bullish,of 2 ratings,N/A
CLWT,$2.5,1441044977564,300,100% bullish,of 1 rating,N/A
EEFT,$64.69,1441044977696,"75,416",100% bearish,of 1 rating,$67.50
EVEP,$8.77,1441044977730,"169,450",50% bullish,of 2 ratings,$15
EVK,$3.96,1441044977826,832,75% bearish,of 4 ratings,N/A
ESEA,$5.1,1441044977854,"1,560",100% bullish,of 1 rating,$15
EVOL,$5.87,1441044977893,"3,556",75% bullish,of 4 ratings,$10
EVLV,$2.67,1441044977914,"63,628",60% bullish,of 5 ratings,$5.125
EVOK,$3.906,1441044977934,"19,015",100% bearish,of 1 rating,$13.375
EXA,$11.01,1441044977999,"3,879",100% bearish,of 1 rating,$13
EXAC,$19.095,1441044978127,"11,379",100% bearish,of 1 rating,$22.50
EXAS,$22.12,1441044978231,"210,510",78% bullish,of 9 ratings,$31
EXEL,$6.0199,1441044978330,"2,576,675",81% bullish,of 16 ratings,$6
EXLS,$35.9,1441044978468,"12,220",50% bullish,of 2 ratings,$41
EXFO,$3.05,1441044978519,"7,355",67% bearish,of 3 ratings,$3.95
EXPD,$49.08,1441044978546,"349,634",80% bullish,of 5 ratings,$52
ESRX,$83.1898,1441044978571,"873,318",67% bearish,of 6 ratings,$101
EXPE,$114.21,1441044978613,"232,819",64% bullish,of 11 ratings,$130
EXLP,$21.23,1441044978756,"213,462",100% bearish,of 1 rating,$25
EYEG,$3.6799,1441044978784,"4,237",Not yet rated,NULL,N/A
EXPO,$42.57,1441044978840,"23,128",100% bearish,of 1 rating,$45.50
EXTR,$3.02,1441044978973,"665,089",80% bullish,of 5 ratings,$3
EZCH,$22.85,1441044979063,"48,778",75% bullish,of 8 ratings,$19.50
EZPW,$6.16,1441044979117,"96,167",50% bullish,of 4 ratings,$7
EYEGW,NULL,1441044979197,0,Not yet rated,NULL,N/A
FFIV,$121.89,1441044979302,"173,508",63% bullish,of 8 ratings,$132
FB,$89.45,1441044979328,"11,243,242",73% bullish,of 1072 ratings,$111
FCS,$13.49,1441044979393,"135,744",67% bearish,of 3 ratings,$17
FRP,$16.51,1441044979459,"68,383",100% bearish,of 1 rating,$18
DAVE,$14.79,1441044979499,"21,853",100% bearish,of 1 rating,$15.50
FALC,$1.7001,1441044979596,"20,970",63% bearish,of 8 ratings,N/A
FARM,$22.18,1441044979627,"13,953",100% bearish,of 1 rating,$35
FWM,$2.29,1441044979652,"64,234",100% bearish,of 2 ratings,$3.20
FFKT,$25.64,1441044979786,"2,067",Not yet rated,NULL,$29
FMNB,$8.305,1441044979867,"10,090",Not yet rated,NULL,N/A
FARO,$38.69,1441044980008,"32,330",50% bullish,of 2 ratings,$48
FATE,$6.56,1441044980209,"23,657",50% bullish,of 2 ratings,$11
FAST,$38.49,1441044980237,"660,898",80% bullish,of 5 ratings,$45.50
FBSS,NULL,1441044980310,0,Not yet rated,NULL,N/A
FBRC,$22.07,1441044980369,"4,346",100% bearish,of 1 rating,$29
FNHC,$21.94,1441044980397,"23,675",100% bearish,of 1 rating,$35
FENX,$9.92,1441044980441,"20,303",100% bullish,of 1 rating,$14.25
FEIC,$75.75,1441044980522,"84,711",50% bullish,of 2 ratings,$95.50
FDML,$9.1,1441044980622,"107,070",50% bullish,of 4 ratings,$14
FHCO,$1.435,1441044980807,"41,714",50% bullish,of 4 ratings,N/A
FGEN,$23.97,1441044980838,"122,649",100% bearish,of 1 rating,$39
FCSC,$5.69,1441044980880,"36,718",100% bearish,of 1 rating,$8.125
ONEQ,$188.4,1441044980905,"7,904",100% bullish,of 1 rating,N/A
LION,$19.15,1441044980941,"28,199",100% bullish,of 1 rating,$20
FDUS,$14.79,1441044981102,"13,768",50% bullish,of 2 ratings,$18
FRGI,$51.66,1441044981261,"59,821",50% bullish,of 2 ratings,$70
FSC,$6.541,1441044981392,"351,512",60% bullish,of 5 ratings,$8
FSAM,$8.17,1441044981422,"1,007",100% bearish,of 1 rating,$10.25
FITB,$19.8356,1441044981443,"1,531,541",54% bullish,of 13 ratings,$22
FSFR,$8.86,1441044981474,"15,197",100% bearish,of 1 rating,$11.50
FSCFL,$24.7,1441044981495,"1,175",Not yet rated,NULL,N/A
FITBI,$27.498,1441044981532,"7,570",Not yet rated,NULL,N/A
FNGN,$32.175,1441044981630,"147,576",67% bullish,of 3 ratings,$47
FNSR,$15.45,1441044981817,"277,934",71% bullish,of 7 ratings,$24.50
FNJN,$1.9096,1441044981842,"9,778",100% bearish,of 1 rating,$5
FNTC,NULL,1441044981912,0,Not yet rated,NULL,N/A
FNTCU,NULL,1441044981937,0,Not yet rated,NULL,N/A
FISI,$24.66,1441044982073,"7,095",100% bullish,of 2 ratings,$24.50
FNTCW,$0.33,1441044982109,998,Not yet rated,NULL,N/A
FEYE,$38.0651,1441044982241,"1,261,779",87% bullish,of 15 ratings,$55.50
FBNC,$16.86,1441044982298,"1,550",100% bullish,of 1 rating,$20
FBIZ,$22.35,1441044982389,"25,775",100% bearish,of 2 ratings,$52
FRBA,$6.0335,1441044982427,"1,000",Not yet rated,NULL,$8
BUSE,$6.38,1441044982452,"5,802",Not yet rated,NULL,$6.875
FNLC,$18.41,1441044982481,"4,080",100% bullish,of 1 rating,N/A
FCFS,$40.38,1441044982641,"33,769",100% bearish,of 3 ratings,$47
FCVA,$4.78,1441044982722,"5,090",Not yet rated,NULL,N/A
FCAP,NULL,1441044982749,0,Not yet rated,NULL,N/A
FCNCA,$236.27,1441044982904,"3,313",Not yet rated,NULL,N/A
FCBC,$17.56,1441044982934,"2,878",Not yet rated,NULL,$18
FCLF,$9.1999,1441044982982,500,Not yet rated,NULL,N/A
FCCO,$12,1441044983035,"2,100",Not yet rated,NULL,$13.25
FCFP,$6.7501,1441044983127,"2,100",Not yet rated,NULL,N/A
FDEF,$37.6,1441044983213,"6,445",Not yet rated,NULL,$38
FFNM,$6.39,1441044983286,100,Not yet rated,NULL,N/A
FFBC,$18.25,1441044983382,"25,590",67% bearish,of 3 ratings,$20.25
FFIN,$30.76,1441044983515,"64,444",50% bullish,of 2 ratings,$31.75
FBNK,$17.01,1441044983540,"13,336",100% bearish,of 1 rating,$17.50
FFBCW,NULL,1441044983567,0,100% bearish,of 1 rating,N/A
THFF,$32.99,1441044983730,"1,672",Not yet rated,NULL,$35
FIBK,$26.51,1441044983908,"48,284",Not yet rated,NULL,$32
FFWM,$21.24,1441044983933,"6,148",Not yet rated,NULL,$24
FFNW,$12.2,1441044983960,"2,377",Not yet rated,NULL,$14
FMBH,NULL,1441044983988,0,Not yet rated,NULL,N/A
INBK,$31.687,1441044984024,"14,030",50% bullish,of 2 ratings,$37
FMBI,$17.49,1441044984120,"94,173",Not yet rated,NULL,$20
FRME,$25.93,1441044984145,"22,661",Not yet rated,NULL,$26.50
FNBC,$34.8,1441044984280,"21,551",Not yet rated,NULL,$40
FNWB,$11.95,1441044984422,"3,700",Not yet rated,NULL,N/A
FNFG,$9.14,1441044984451,"404,874",80% bullish,of 5 ratings,$9
FSFG,$30.07,1441044984480,100,Not yet rated,NULL,N/A
FSGI,$2.5,1441044984583,"6,891",Not yet rated,NULL,N/A
FSLR,$47.8,1441044984715,"439,407",72% bullish,of 39 ratings,$65
FBZ,$9.67,1441044984745,600,Not yet rated,NULL,N/A
FSBK,$7.8,1441044984793,200,100% bullish,of 1 rating,N/A
BICK,$19.56,1441044984853,773,100% bullish,of 1 rating,N/A
FCA,$19.7542,1441044984891,104,Not yet rated,NULL,N/A
FCAN,$24.71,1441044985063,800,Not yet rated,NULL,N/A
FTCS,$36.5099,1441044985088,"1,560",100% bearish,of 1 rating,N/A
FV,$23.3924,1441044985115,"945,488",100% bearish,of 1 rating,N/A
IFV,$17.7501,1441044985140,"98,017",100% bearish,of 1 rating,N/A
FTSM,$59.88,1441044985291,"62,082",100% bearish,of 1 rating,N/A
FEUZ,$30.9872,1441044985460,"1,225",Not yet rated,NULL,N/A
MDIV,$19.21,1441044985566,"84,998",Not yet rated,NULL,N/A
FEMB,NULL,1441044985625,0,Not yet rated,NULL,N/A
FTGC,$22.59,1441044985656,"33,149",Not yet rated,NULL,N/A
FGM,$35.7395,1441044985681,"2,654",Not yet rated,NULL,N/A
TDIV,$24.78,1441044985708,"28,448",100% bearish,of 1 rating,N/A
FTHI,$19.43,1441044985761,"1,441",Not yet rated,NULL,N/A
HYLS,$49.5192,1441044985833,"7,944",100% bearish,of 1 rating,N/A
FHK,$33.15,1441044985965,"2,244",Not yet rated,NULL,N/A
YDIV,$16.4111,1441044986141,"1,992",Not yet rated,NULL,N/A
FPXI,$27.56,1441044986167,800,Not yet rated,NULL,N/A
CU,$13.01,1441044986299,"7,189",100% bearish,of 1 rating,N/A
SKYY,$28.9466,1441044986430,"37,834",100% bullish,of 1 rating,N/A
PLTM,$6.4078,1441044986461,"2,538",100% bearish,of 1 rating,N/A
FTLB,$19.81,1441044986482,1,100% bearish,of 1 rating,N/A
FMB,NULL,1441044986562,0,Not yet rated,NULL,N/A
LMBS,$50.2322,1441044986614,"1,389",Not yet rated,NULL,N/A
CIBR,$17.88,1441044986639,"32,241",Not yet rated,NULL,N/A
FJP,$47.28,1441044986779,"21,184",Not yet rated,NULL,N/A
QABA,$37.44,1441044986911,"3,037",100% bearish,of 1 rating,N/A
FONE,$35,1441044986940,500,Not yet rated,NULL,N/A
QCLN,$15.27,1441044986977,"5,388",Not yet rated,NULL,N/A
CARZ,$35.02,1441044987043,"2,869",100% bearish,of 1 rating,N/A
GRID,NULL,1441044987068,0,100% bearish,of 1 rating,N/A
RDVY,$21.16,1441044987355,"2,600",Not yet rated,NULL,N/A
QQXT,$40.54,1441044987385,"8,936",Not yet rated,NULL,N/A
QQEW,$41.89,1441044987425,"50,893",Not yet rated,NULL,N/A
QTEC,$40.22,1441044987487,"17,694",Not yet rated,NULL,N/A
AIRR,$16.65,1441044987515,"13,065",100% bearish,of 1 rating,N/A
QINC,$20.151,1441044987555,257,Not yet rated,NULL,N/A
FTSL,$48.8,1441044987612,"18,861",100% bearish,of 1 rating,N/A
FSZ,$39.2,1441044987846,"2,237",Not yet rated,NULL,N/A
FDIV,$47,1441044987870,"1,797",100% bearish,of 1 rating,N/A
FKO,NULL,1441044987899,0,Not yet rated,NULL,N/A
FKU,$41.7837,1441044988025,"2,866",Not yet rated,NULL,N/A
TUSA,$24.975,1441044988075,"3,034",Not yet rated,NULL,N/A
SVVC,$9.3797,1441044988122,"4,828",50% bullish,of 2 ratings,$26
FTW,$31.85,1441044988146,500,Not yet rated,NULL,N/A
FUNC,$8.0538,1441044988285,"2,704",Not yet rated,NULL,N/A
FMER,$17.84,1441044988313,"288,010",50% bullish,of 2 ratings,$20
FISV,$85.29,1441044988456,"357,638",100% bearish,of 3 ratings,$90
FSV,$31.62,1441044988520,"6,537",Not yet rated,NULL,$33.60
FIVE,$38.63,1441044988556,"371,029",75% bearish,of 4 ratings,$44
FPRX,$19.56,1441044988583,"595,155",50% bullish,of 2 ratings,$35
FIVN,$3.95,1441044988611,"42,123",100% bullish,of 1 rating,$8.50
FLML,$22.44,1441044988745,"32,506",50% bullish,of 2 ratings,$30
FLKS,$12.14,1441044988821,"10,847",50% bullish,of 2 ratings,$27
FLXN,$24.505,1441044988916,"49,007",100% bearish,of 1 rating,$40
SKOR,$50.35,1441044988974,"3,700",Not yet rated,NULL,N/A
MBSD,$24.98,1441044989050,"1,385",Not yet rated,NULL,N/A
FLXS,$31.43,1441044989108,"12,412",100% bearish,of 2 ratings,N/A
FLEX,$10.495,1441044989160,"616,499",63% bullish,of 8 ratings,$12
FLIR,$28.665,1441044989313,"298,068",100% bearish,of 1 rating,$38.50
FLDM,$12.24,1441044989369,"95,700",67% bearish,of 3 ratings,$15
FOMX,$10.23,1441044989418,"94,239",50% bullish,of 2 ratings,$23.50
FFIC,$19.85,1441044989472,"17,080",Not yet rated,NULL,$20.50
FOGO,$19.33,1441044989515,"64,014",50% bullish,of 2 ratings,$25.50
FONR,$9.68,1441044989547,"2,481",100% bullish,of 1 rating,N/A
FES,$0.901,1441044989648,"47,377",50% bullish,of 2 ratings,$1
FORTY,$32.4504,1441044989809,378,100% bearish,of 1 rating,N/A
FORR,$31.69,1441044989912,"6,660",Not yet rated,NULL,N/A
FTNT,$41.98,1441044989992,"307,534",80% bullish,of 10 ratings,$52
FORM,$6.7,1441044990040,"57,955",67% bullish,of 3 ratings,$10.50
FORD,$1.3724,1441044990138,"968,780",67% bullish,of 3 ratings,N/A
FWP,$26.52,1441044990283,"15,391",100% bearish,of 1 rating,$45
FBIO,$2.81,1441044990311,"49,733",83% bullish,of 6 ratings,N/A
FWRD,$44.9,1441044990334,"62,118",100% bearish,of 1 rating,$50
FOSL,$61.44,1441044990367,"159,667",60% bearish,of 5 ratings,$80
FXCB,$17.16,1441044990473,"2,428",Not yet rated,NULL,$19
FMI,$24.04,1441044990503,"103,121",100% bearish,of 2 ratings,$27.50
FRAN,$11.24,1441044990690,"124,829",50% bullish,of 4 ratings,$15
FRED,$12.94,1441044990716,"95,949",50% bullish,of 2 ratings,$15.50
FOXF,$14.97,1441044990777,"13,442",100% bearish,of 1 rating,$19
FREE,$0.37,1441044990848,"608,595",92% bullish,of 12 ratings,N/A
RAIL,$21.5,1441044991007,"66,924",100% bearish,of 1 rating,$24.50
FEIM,$10.89,1441044991034,453,100% bearish,of 1 rating,N/A
FELE,$29.25,1441044991063,"39,983",50% bullish,of 4 ratings,$33
FRPT,$12.97,1441044991092,"84,756",67% bearish,of 3 ratings,$23.50
FTRPR,$100.76,1441044991196,"2,426",100% bearish,of 1 rating,N/A
FTR,$5.04,1441044991224,"4,668,341",78% bullish,of 27 ratings,$6.25
FSBW,$23.03,1441044991249,"1,904",Not yet rated,NULL,N/A
FTD,$29.6901,1441044991401,"54,766",100% bearish,of 1 rating,$40
FRPH,$30.38,1441044991431,"4,813",100% bearish,of 1 rating,N/A
FSYS,$6.97,1441044991534,"5,650",67% bullish,of 3 ratings,$10
FCEL,$0.826,1441044991663,"374,230",88% bullish,of 41 ratings,$2.65
FTEK,$2.1,1441044991745,"14,016",75% bullish,of 4 ratings,N/A
FULL,$3.1301,1441044991876,"15,574",67% bearish,of 3 ratings,$4.25
FLL,$1.4899,1441044991916,"4,785",75% bullish,of 4 ratings,$3.50
FULT,$12.065,1441044991945,"118,157",100% bearish,of 1 rating,$13
FULLL,NULL,1441044991977,0,Not yet rated,NULL,N/A
FSNN,$2.1201,1441044992049,"1,382",67% bullish,of 3 ratings,$6
FXEN,$0.9661,1441044992076,"37,446",75% bullish,of 4 ratings,$1.10
FFHL,$1.06,1441044992102,"2,050",50% bullish,of 4 ratings,N/A
FXENP,$15.65,1441044992239,712,100% bearish,of 1 rating,N/A
GAIA,$5.96,1441044992383,"3,186",50% bullish,of 2 ratings,$8.50
GK,$67.04,1441044992408,"11,256",Not yet rated,NULL,$78
WILC,$4.99,1441044992439,"3,252",100% bullish,of 2 ratings,N/A
GALT,$2.29,1441044992587,"116,444",80% bullish,of 5 ratings,N/A
GLPG,$60.69,1441044992635,"16,236",100% bullish,of 1 rating,$75
GALTW,NULL,1441044992716,0,100% bullish,of 1 rating,N/A
GLMD,$8.91,1441044992805,"9,687",67% bullish,of 3 ratings,$20.50
GALTU,NULL,1441044992846,0,100% bearish,of 1 rating,N/A
GPIC,$10.05,1441044992874,500,100% bearish,of 1 rating,N/A
GLPI,$30.98,1441044992895,"74,549",100% bearish,of 1 rating,$37.50
GALE,$1.57,1441044992928,"645,320",89% bullish,of 47 ratings,$4
GGAC,NULL,1441044993078,0,100% bearish,of 1 rating,N/A
GRMN,$37.6,1441044993151,"254,709",50% bullish,of 6 ratings,$46.50
GGACR,$0.2643,1441044993242,"14,000",100% bullish,of 1 rating,N/A
GGACU,$10.25,1441044993377,100,Not yet rated,NULL,N/A
GGACW,$0.13,1441044993403,"84,760",Not yet rated,NULL,N/A
GNCMA,$17.01,1441044993620,"34,805",100% bearish,of 1 rating,$12
GENC,$9.05,1441044993653,"3,900",100% bearish,of 1 rating,N/A
GFNCP,$91.9999,1441044993674,100,Not yet rated,NULL,N/A
GARS,$14.48,1441044993707,"34,156",Not yet rated,NULL,$16
GFNSL,$25.6,1441044993762,800,Not yet rated,NULL,N/A
GFN,$3.75,1441044993802,"2,114",100% bearish,of 2 ratings,$8
GENE,$2.42,1441044993895,"80,191",100% bullish,of 12 ratings,N/A
GNMK,$10.17,1441044993928,"132,614",67% bullish,of 6 ratings,$14
GNTX,$15.5,1441044994033,"426,241",Not yet rated,NULL,$20
GHDX,$27.64,1441044994111,"57,869",50% bullish,of 2 ratings,$30
GNCA,$11.86,1441044994242,"45,689",100% bearish,of 1 rating,$20
THRM,$45.62,1441044994303,"61,633",75% bearish,of 4 ratings,$55.50
GNVC,$2.5,1441044994494,"5,018",90% bullish,of 10 ratings,$8.50
GEOS,$17.43,1441044994524,"43,624",100% bearish,of 3 ratings,$21
GTWN,NULL,1441044994546,0,Not yet rated,NULL,N/A
GABC,$28.82,1441044994571,"2,148",Not yet rated,NULL,$31
GERN,$3.08,1441044994706,"789,873",88% bullish,of 16 ratings,$5.25
GEVO,$2.44,1441044994785,"140,416",75% bullish,of 12 ratings,$5
GIGM,$0.525,1441044994835,"27,116",100% bullish,of 2 ratings,N/A
ROCK,$16.43,1441044994916,"55,014",80% bullish,of 5 ratings,$24
GIGA,$1.46,1441044994945,"62,743",100% bearish,of 1 rating,N/A
GIII,$69.36,1441044994970,"132,371",67% bullish,of 3 ratings,$75
GILT,$4.26,1441044995118,"4,507",50% bullish,of 2 ratings,N/A
GILD,$105.6301,1441044995279,"2,936,974",91% bullish,of 87 ratings,$129
GLADO,$25.5739,1441044995381,"1,325",Not yet rated,NULL,N/A
GBCI,$25.83,1441044995426,"97,826",50% bullish,of 2 ratings,$31
GOOD,$14.31,1441044995457,"48,209",Not yet rated,NULL,$19
GLAD,$9.0656,1441044995486,"138,802",50% bullish,of 2 ratings,$8.75
GOODN,$25.57,1441044995513,244,Not yet rated,NULL,N/A
GOODO,$24.85,1441044995556,"2,627",Not yet rated,NULL,N/A
GOODP,$25.14,1441044995582,7,Not yet rated,NULL,N/A
GAIN,$7.455,1441044995817,"82,435",100% bullish,of 2 ratings,$8.25
GAINN,$25.3,1441044995861,"76,709",Not yet rated,NULL,N/A
GAINP,$25.9735,1441044995999,731,Not yet rated,NULL,N/A
GAINO,$25.35,1441044996025,"1,142",Not yet rated,NULL,N/A
GLBZ,$11.72,1441044996272,454,Not yet rated,NULL,N/A
ENT,$11.7,1441044996300,"46,712",100% bearish,of 1 rating,$18
GBT,$49.5057,1441044996321,"57,314",100% bearish,of 1 rating,N/A
GDEF,$10.52,1441044996369,1,Not yet rated,NULL,N/A
GPACU,NULL,1441044996451,0,Not yet rated,NULL,N/A
LAND,$9.09,1441044996510,"17,307",50% bullish,of 2 ratings,$13.75
GSOL,$8.17,1441044996584,"6,303",100% bearish,of 1 rating,N/A
GBLI,$26.95,1441044996655,"3,585",Not yet rated,NULL,N/A
ACTX,$13.15,1441044996786,"74,850",100% bullish,of 1 rating,N/A
QQQC,$19.2,1441044996816,"1,322",100% bearish,of 1 rating,N/A
ALTY,$14.38,1441044996871,"1,625",Not yet rated,NULL,N/A
SOCL,$17.65,1441044996921,"10,764",100% bullish,of 2 ratings,N/A
YLCO,$11.84,1441044997026,"2,820",Not yet rated,NULL,N/A
SRET,$13.1984,1441044997051,532,Not yet rated,NULL,N/A
GSM,$13.915,1441044997188,"175,036",50% bullish,of 2 ratings,$22
GBIM,$2.74,1441044997278,"45,917",50% bullish,of 2 ratings,N/A
GLRI,$1.01,1441044997304,"3,976",100% bearish,of 1 rating,$4.25
GAI,$6.11,1441044997325,"2,825",50% bullish,of 2 ratings,N/A
GLBS,$1.08,1441044997357,"6,194",67% bullish,of 3 ratings,N/A
GLUU,$4.58,1441044997501,"577,638",92% bullish,of 26 ratings,$9
GLYC,$6.977,1441044997529,"1,660",50% bullish,of 2 ratings,$14
GLDC,$4,1441044997919,553,50% bullish,of 2 ratings,N/A
GOGL,$3.17,1441044997947,"122,684",75% bullish,of 4 ratings,$5
GMLP,$19.02,1441044997968,"133,040",50% bullish,of 4 ratings,$30.50
GDEN,$9.05,1441044997989,"6,341",50% bullish,of 2 ratings,N/A
GLNG,$38.88,1441044998028,"277,350",83% bullish,of 6 ratings,$55.50
GBDC,$16.68,1441044998120,"41,550",Not yet rated,NULL,$17.75
GOGO,$15.83,1441044998172,"124,156",80% bullish,of 5 ratings,$25
GTIM,$6.74,1441044998198,"10,064",Not yet rated,NULL,$11.50
GOOG,$621.6599,1441044998345,"533,372",89% bullish,of 71 ratings,$825
GPRO,$46.93,1441044998399,"2,129,353",78% bullish,of 58 ratings,$72
GPIA,NULL,1441044998431,0,100% bearish,of 1 rating,N/A
GOOGL,$651,1441044998493,"458,996",88% bullish,of 1082 ratings,$749
GMAN,$3.82,1441044998528,"26,443",60% bullish,of 5 ratings,$8.50
GPIAU,NULL,1441044998601,0,Not yet rated,NULL,N/A
GPIAW,NULL,1441044998809,0,Not yet rated,NULL,N/A
GRVY,$3.2489,1441044998989,"3,700",50% bullish,of 2 ratings,N/A
GBSN,$0.2967,1441044999017,"4,763,821",50% bullish,of 2 ratings,$8.25
GBSNU,NULL,1441044999035,0,NULL,NULL,NULL
GSBC,$39.91,1441044999089,"9,123",100% bullish,of 1 rating,$44
LOPE,$37.28,1441044999119,"44,053",100% bearish,of 2 ratings,$50
GNBC,$11.92,1441044999222,"4,504",100% bearish,of 1 rating,$16.50
GRBK,$11.95,1441044999398,"61,766",77% bullish,of 13 ratings,N/A
GPRE,$21.22,1441044999489,"203,648",67% bullish,of 6 ratings,$28.50
GPP,$14.18,1441044999522,"103,061",Not yet rated,NULL,$20.50
GCBC,$28.5,1441044999543,594,100% bullish,of 1 rating,N/A
GLDD,$5.51,1441044999622,"49,312",100% bearish,of 4 ratings,$7.75
GLRE,$25.54,1441044999677,"24,869",50% bullish,of 2 ratings,$41
GRIF,$31.7999,1441044999725,100,100% bearish,of 1 rating,N/A
GRFS,$30.59,1441044999900,"60,126",50% bullish,of 2 ratings,$35
OMAB,$41.4,1441044999987,"25,822",100% bullish,of 1 rating,$44
GRPN,$4.46,1441045000041,"2,815,497",61% bullish,of 71 ratings,$6.75
GGAL,$19.259,1441045000118,"55,822",80% bullish,of 5 ratings,$40
GSIT,$4.66,1441045000148,"2,014",100% bearish,of 1 rating,N/A
GSIG,$12.93,1441045000253,"6,372",100% bearish,of 2 ratings,N/A
GTXI,$0.904,1441045000326,"29,510",100% bullish,of 5 ratings,$.75
GSVC,$9.02,1441045000353,"21,326",50% bullish,of 2 ratings,$14.50
GFED,$14.67,1441045000565,406,Not yet rated,NULL,$17
GBNK,$15.7,1441045000595,"7,280",100% bearish,of 1 rating,$18
GUID,$7.15,1441045000663,"4,000",100% bearish,of 3 ratings,$10
GULTU,$0.3,1441045000691,"531,363",100% bearish,of 1 rating,N/A
GIFI,$12.51,1441045000725,"15,864",100% bearish,of 1 rating,$16
GURE,$1.71,1441045000894,"2,927",88% bullish,of 8 ratings,N/A
GWPH,$106.07,1441045000998,"28,461",78% bullish,of 9 ratings,$148.50
GPOR,$35.51,1441045001046,"638,573",75% bullish,of 4 ratings,$55
HLG,$9.5,1441045001264,"1,412",100% bearish,of 1 rating,N/A
HALL,$11.46,1441045001350,"17,642",Not yet rated,NULL,N/A
GWGH,$7.97,1441045001375,200,100% bearish,of 1 rating,$15.05
HNRG,$8.14,1441045001406,"33,491",100% bearish,of 1 rating,$10
GYRO,$2.839,1441045001432,700,100% bearish,of 1 rating,N/A
HALO,$17.72,1441045001509,"310,555",67% bullish,of 3 ratings,$22.50
HBK,$13.67,1441045001653,100,50% bullish,of 2 ratings,N/A
HMPR,$1.83,1441045001700,"3,438",100% bullish,of 1 rating,N/A
HBHC,$27.88,1441045001800,"308,915",50% bullish,of 2 ratings,$30
HEES,$20.285,1441045001887,"172,191",67% bearish,of 3 ratings,$31
HBHCL,$24.3,1441045001970,"7,086",Not yet rated,NULL,N/A
HNH,$25.3,1441045002068,"5,563",100% bullish,of 1 rating,N/A
HAFC,$24.12,1441045002127,"73,373",100% bullish,of 2 ratings,$28.50
HQCL,$12.96,1441045002265,"11,711",67% bullish,of 3 ratings,$14
HNSN,$0.548,1441045002294,"41,303",88% bullish,of 8 ratings,$.40
HLIT,$5.78,1441045002328,"129,542",100% bearish,of 1 rating,$6.50
HDNG,$10.19,1441045002355,"11,332",50% bullish,of 4 ratings,N/A
HRMN,$9.9001,1441045002390,400,Not yet rated,NULL,N/A
TINY,$2.5025,1441045002487,"13,446",50% bullish,of 2 ratings,$5.26
HRMNW,$0.34,1441045002564,"10,000",Not yet rated,NULL,N/A
HRMNU,$10.2,1441045002733,"2,100",Not yet rated,NULL,N/A
HART,$1.3501,1441045002759,"838,788",100% bearish,of 1 rating,N/A
HCAP,$12.15,1441045002788,"8,034",50% bullish,of 2 ratings,$15
HBIO,$4.32,1441045002894,"16,881",100% bearish,of 1 rating,$10
HCAPL,$25.7,1441045002928,"3,900",Not yet rated,NULL,N/A
HA,$22.77,1441045003098,"220,446",67% bullish,of 9 ratings,$27
HAS,$74.98,1441045003123,"199,747",63% bullish,of 8 ratings,$84.50
HWKN,$38.48,1441045003258,"8,485",Not yet rated,NULL,N/A
HWBK,$14.05,1441045003290,200,100% bearish,of 1 rating,N/A
HCOM,$22.01,1441045003439,"1,100",100% bearish,of 1 rating,$28
HIIQ,$5.19,1441045003468,"21,356",50% bullish,of 2 ratings,$7
HAYN,$37.99,1441045003500,"12,841",100% bearish,of 1 rating,$59
HCSG,$33.38,1441045003525,"43,397",50% bullish,of 4 ratings,$35
HDS,$32.98,1441045003600,"376,664",100% bearish,of 2 ratings,$39.50
HQY,$29.27,1441045003819,"55,450",67% bullish,of 3 ratings,$32
HSTM,$24.89,1441045003916,"9,269",50% bullish,of 2 ratings,$33.75
HWAY,$12.24,1441045003946,"60,429",100% bearish,of 1 rating,$15
HTLD,$20.21,1441045003982,"183,796",Not yet rated,NULL,$22.50
HTBX,$4.99,1441045004047,"6,830",50% bullish,of 2 ratings,$15.50
HTWR,$85.4,1441045004113,"59,876",50% bullish,of 2 ratings,$103
HTLF,$35.88,1441045004204,"12,120",100% bullish,of 1 rating,$39.50
HSII,$19.52,1441045004266,"46,007",100% bullish,of 3 ratings,$25
HMNY,$2.18,1441045004371,200,100% bearish,of 1 rating,N/A
HELE,$85.23,1441045004417,"28,435",67% bearish,of 3 ratings,$100
HMTV,$13.56,1441045004471,"7,077",100% bearish,of 1 rating,$16
HCACU,$9.92,1441045004575,"16,912",Not yet rated,NULL,N/A
HERO,NULL,1441045004598,0,NULL,NULL,NULL
HNNA,$24.8789,1441045004623,"2,998",Not yet rated,NULL,N/A
HSIC,$136.69,1441045004767,"64,585",83% bullish,of 6 ratings,$146
HTBK,$10.53,1441045004965,"17,895",Not yet rated,NULL,$12
HFWA,$17.42,1441045005007,"6,254",100% bullish,of 1 rating,$20
HEOP,$7.74,1441045005037,"1,849",Not yet rated,NULL,$8.50
HCCI,$11.74,1441045005136,"80,515",100% bearish,of 1 rating,$16.50
MLHR,$27.2,1441045005162,"50,466",50% bullish,of 2 ratings,$33.50
HRTX,$37.09,1441045005194,"978,096",67% bullish,of 6 ratings,$41
HSKA,$33.79,1441045005219,"17,340",100% bearish,of 1 rating,$38
HFFC,$15.9999,1441045005413,"32,568",Not yet rated,NULL,N/A
HPJ,$2.22,1441045005447,"15,120",75% bullish,of 4 ratings,$12.43
HIBB,$39.14,1441045005543,"127,966",100% bearish,of 1 rating,$46.50
HIHO,$4.21,1441045005569,"29,512",Not yet rated,NULL,N/A
HIMX,$6.92,1441045005630,"606,765",86% bullish,of 21 ratings,$8.50
HIFS,$115.37,1441045005702,107,Not yet rated,NULL,N/A
HMNF,$11.7,1441045005810,200,Not yet rated,NULL,N/A
HOLI,$17.56,1441045005980,"34,933",50% bullish,of 4 ratings,$27
HMSY,$10.401,1441045006011,"439,631",67% bullish,of 3 ratings,$19.35
HSGX,$6.1,1441045006039,"4,185",100% bearish,of 1 rating,$17
HOLX,$38.83,1441045006060,"528,384",67% bullish,of 3 ratings,$42
HBCP,$25.3,1441045006132,829,Not yet rated,NULL,$29
HFBL,NULL,1441045006261,0,Not yet rated,NULL,N/A
HOMB,$37.8,1441045006315,"41,667",Not yet rated,NULL,$42
AWAY,$28.75,1441045006410,"164,384",67% bullish,of 3 ratings,$36
HKTV,$4.3101,1441045006592,"2,740",100% bearish,of 1 rating,N/A
HMIN,$26.75,1441045006620,"18,683",100% bearish,of 2 ratings,$35
HTBI,$18.18,1441045006643,"18,071",67% bullish,of 3 ratings,$18.625
HMST,$21.98,1441045006675,"31,688",100% bullish,of 2 ratings,$27
CETC,$0.7297,1441045006696,"7,626",86% bullish,of 7 ratings,N/A
HOFT,$23.73,1441045006912,"16,194",100% bearish,of 1 rating,N/A
HFBC,$11.4599,1441045007010,"1,700",Not yet rated,NULL,N/A
HBNC,$23.45,1441045007089,"5,696",100% bullish,of 1 rating,$27
HRZN,$10.48,1441045007158,"14,522",50% bullish,of 2 ratings,$14.25
HZNP,$29.431,1441045007192,"630,330",85% bullish,of 20 ratings,$40
HDP,$23.4,1441045007221,"95,505",67% bearish,of 3 ratings,$30.50
HMHC,$22.58,1441045007326,"187,922",Not yet rated,NULL,$27
HOVNP,$4.51,1441045007558,"2,700",100% bearish,of 1 rating,N/A
HBMD,$14.45,1441045007626,500,100% bearish,of 1 rating,N/A
HSNI,$60.39,1441045007659,"67,254",Not yet rated,NULL,$80
HWCC,$7.67,1441045007731,"52,984",100% bearish,of 1 rating,$9
HCBK,$9.26,1441045007969,"392,512",83% bullish,of 6 ratings,$8.61
HTGM,$5.71,1441045007995,"3,499",100% bearish,of 1 rating,$19.50
HSON,$2.61,1441045008023,"2,404",100% bearish,of 1 rating,$5
HUBG,$37.65,1441045008049,"68,133",100% bearish,of 1 rating,$43
ZINC,$8.06,1441045008077,"481,608",100% bearish,of 1 rating,$17
HDSN,$3.1,1441045008274,"2,443",100% bullish,of 1 rating,$6.25
HBANP,NULL,1441045008306,0,100% bearish,of 1 rating,N/A
HBAN,$10.8764,1441045008404,"1,607,308",76% bullish,of 17 ratings,$12.29
HURC,$30.67,1441045008535,"3,133",100% bearish,of 1 rating,N/A
HURN,$73.15,1441045008560,"59,300",50% bullish,of 2 ratings,$80
HBP,$3.1499,1441045008588,"2,700",100% bullish,of 1 rating,N/A
HTCH,$1.5,1441045008613,"70,160",100% bearish,of 1 rating,$3.50
HDRAR,$0.36,1441045008822,"10,000",Not yet rated,NULL,N/A
HDRAW,$0.264,1441045008870,600,Not yet rated,NULL,N/A
HDRA,NULL,1441045008897,0,Not yet rated,NULL,N/A
HDRAU,NULL,1441045009034,0,Not yet rated,NULL,N/A
IACI,$69.57,1441045009120,"261,788",75% bullish,of 4 ratings,$90
HYGS,$9.28,1441045009168,"25,143",50% bullish,of 2 ratings,$13
IDSY,$3.8,1441045009194,"9,350",100% bearish,of 1 rating,$7
IKGH,NULL,1441045009215,0,75% bullish,of 4 ratings,N/A
IBKC,$60.45,1441045009350,"41,012",100% bullish,of 1 rating,$70
IEP,$73.64,1441045009435,"30,321",75% bullish,of 4 ratings,$99
ICON,$13.72,1441045009590,"264,996",50% bullish,of 2 ratings,$18.50
ICLR,$77.32,1441045009625,"201,529",100% bearish,of 3 ratings,$85
ICAD,$4.0799,1441045009646,"24,976",100% bullish,of 2 ratings,$7.25
IPWR,$7.3,1441045009723,"2,470",100% bullish,of 1 rating,$15
ICFI,$34.16,1441045009749,"16,518",50% bullish,of 2 ratings,$48.50
ICUI,$113.6,1441045009790,"28,444",Not yet rated,NULL,$122
INVE,$4.59,1441045009880,"49,155",75% bullish,of 4 ratings,$4
IDXX,$71.54,1441045010010,"145,005",100% bearish,of 1 rating,$76
IDRA,$3.03,1441045010038,"844,413",89% bullish,of 9 ratings,$6.50
DSKY,$11.04,1441045010070,"32,876",67% bullish,of 6 ratings,$11.50
IRG,$4.95,1441045010203,"5,108",100% bearish,of 1 rating,$4.25
IROQ,$16.99,1441045010259,981,100% bullish,of 1 rating,N/A
RXDX,$13.525,1441045010359,"32,280",100% bullish,of 1 rating,$20
KANG,$15.57,1441045010384,"164,921",50% bullish,of 2 ratings,$22.55
IIVI,$16.68,1441045010432,"58,466",100% bearish,of 1 rating,$22
IKNX,$12.25,1441045010520,"2,000",100% bearish,of 1 rating,N/A
ILMN,$198.06,1441045010649,"347,900",80% bullish,of 5 ratings,$245
IKAN,$2.8,1441045010674,"61,550",83% bullish,of 6 ratings,$5
ISNS,$4,1441045010808,"21,415",50% bullish,of 2 ratings,N/A
ICCC,$7.26,1441045010876,"6,102",100% bullish,of 1 rating,N/A
IMMR,$11.63,1441045010970,"51,567",80% bullish,of 5 ratings,$15.50
IMNP,$1.33,1441045011019,"24,900",50% bullish,of 2 ratings,$6
IMGN,$13.67,1441045011048,"322,339",75% bullish,of 4 ratings,$17.50
IPXL,$41.07,1441045011152,"346,073",67% bullish,of 3 ratings,$46.50
IMMU,$2.15,1441045011234,"201,047",86% bullish,of 7 ratings,$2
IMMY,$7.8904,1441045011364,"2,500",100% bearish,of 1 rating,$11
INCR,$40.98,1441045011413,"179,106",50% bullish,of 2 ratings,$53
SAAS,$7.63,1441045011441,"129,079",50% bullish,of 2 ratings,$15
INCY,$117.94,1441045011569,"472,582",50% bullish,of 6 ratings,$125.50
IMDZ,$16.02,1441045011612,"24,652",100% bearish,of 1 rating,$33
IBCP,$14.06,1441045011667,"22,009",100% bullish,of 1 rating,$14.50
INDB,$44.73,1441045011711,"26,460",Not yet rated,NULL,$44
IBTX,$41.54,1441045011805,"3,914",100% bullish,of 2 ratings,$47.25
IDSA,$3.56,1441045011863,454,Not yet rated,NULL,N/A
INFN,$21.72,1441045011992,"1,174,097",71% bullish,of 7 ratings,$28
INFI,$9.04,1441045012057,"126,788",50% bullish,of 4 ratings,$18
III,$3.91,1441045012188,"31,410",57% bullish,of 7 ratings,$6
IPCC,$77.03,1441045012265,"4,987",Not yet rated,NULL,$77.50
IFON,$1.27,1441045012292,"10,200",75% bullish,of 4 ratings,N/A
IMKTA,$49.21,1441045012312,"29,475",100% bearish,of 1 rating,N/A
INWK,$7.19,1441045012445,"16,342",50% bullish,of 2 ratings,$10
INOD,$2.47,1441045012491,"31,605",100% bearish,of 1 rating,N/A
INNL,$12.75,1441045012589,400,100% bearish,of 1 rating,$16.50
IPHS,$48.01,1441045012722,"19,216",100% bearish,of 1 rating,$60
IOSP,$49.08,1441045012963,"124,634",100% bearish,of 1 rating,N/A
INGN,$49.21,1441045012989,"90,334",100% bearish,of 1 rating,$50.50
ISSC,$2.87,1441045013032,"1,000",67% bearish,of 3 ratings,N/A
ITEK,$12.423,1441045013120,"95,437",100% bearish,of 3 ratings,$20
INO,$7.518,1441045013161,"529,183",89% bullish,of 18 ratings,$20
NSIT,$25.2416,1441045013253,"40,838",50% bullish,of 2 ratings,N/A
INOV,$22,1441045013281,"115,476",100% bearish,of 1 rating,$33
ISIG,$2.7,1441045013421,"18,369",100% bearish,of 1 rating,N/A
INSM,$24.97,1441045013547,"152,470",71% bullish,of 7 ratings,$31.50
IIIN,$17.35,1441045013573,"5,100",100% bearish,of 2 ratings,N/A
INSY,$32.86,1441045013648,"128,649",75% bullish,of 4 ratings,$48
PODD,$29.61,1441045013702,"106,235",67% bearish,of 3 ratings,$35
NTEC,$5.45,1441045013731,"27,500",100% bearish,of 1 rating,N/A
IART,$60.35,1441045013839,"61,168",100% bearish,of 2 ratings,$71.50
IDTI,$19.01,1441045013999,"550,473",60% bullish,of 5 ratings,$25
IESC,$7.25,1441045014026,"9,100",100% bearish,of 1 rating,N/A
ISSI,$21.97,1441045014065,"85,794",67% bullish,of 3 ratings,$19.75
INTC,$28.705,1441045014155,"14,457,928",82% bullish,of 238 ratings,$36
IQNT,$18.3,1441045014228,"86,437",86% bullish,of 7 ratings,$20
IPCI,$2.252,1441045014253,"26,920",67% bullish,of 6 ratings,$8
ININ,$35.34,1441045014415,"39,383",67% bearish,of 3 ratings,$57
IPAR,$25.24,1441045014440,"28,914",67% bullish,of 3 ratings,$38
ICPT,$191.2,1441045014650,"113,410",70% bullish,of 10 ratings,$359.50
IDCC,$49.46,1441045014679,"114,874",80% bullish,of 5 ratings,$63
ICLDW,NULL,1441045014709,0,100% bearish,of 1 rating,N/A
IBKR,$39.2,1441045014746,"213,682",100% bullish,of 1 rating,N/A
ICLD,$1.8801,1441045014815,"56,508",75% bullish,of 4 ratings,N/A
IMI,$2.13,1441045014904,"22,114",67% bullish,of 3 ratings,$2.22
TILE,$24.06,1441045014932,"271,238",100% bearish,of 3 ratings,$27
INAP,$7.97,1441045015175,"34,382",75% bullish,of 4 ratings,$11
IGLD,$6.8901,1441045015230,937,50% bullish,of 2 ratings,N/A
ISCA,$31.85,1441045015258,"17,660",100% bearish,of 1 rating,N/A
IIJI,NULL,1441045015279,0,50% bullish,of 2 ratings,$11.50
IBOC,$25.26,1441045015312,"15,947",100% bearish,of 1 rating,N/A
PTNT,$3.02,1441045015413,200,Not yet rated,NULL,N/A
INPH,$0.3169,1441045015543,"16,059",50% bullish,of 2 ratings,N/A
XENT,$25.28,1441045015611,"38,355",50% bullish,of 2 ratings,$36.50
INTX,$2.05,1441045015710,"64,779",67% bullish,of 3 ratings,N/A
IILG,$19.89,1441045015769,"20,038",100% bearish,of 1 rating,$29
IVAC,$4.81,1441045015798,"7,780",100% bearish,of 1 rating,$6.625
INTL,$26.35,1441045015867,"31,274",67% bearish,of 3 ratings,N/A
ISIL,$10.47,1441045015895,"194,938",50% bullish,of 6 ratings,$15
IIN,NULL,1441045016024,0,100% bearish,of 1 rating,$12
INTLL,$25.943,1441045016096,"1,500",Not yet rated,NULL,N/A
ITCI,$26.99,1441045016193,"218,230",75% bearish,of 4 ratings,$40
INVT,$0.3399,1441045016219,"87,964",67% bullish,of 3 ratings,N/A
INTU,$85.25,1441045016250,"724,890",86% bullish,of 7 ratings,$107.50
ISRG,$513.29,1441045016352,"56,866",67% bullish,of 3 ratings,$600
SNAK,$8.6,1441045016439,"14,022",50% bullish,of 2 ratings,$14
ISTR,$15.74,1441045016528,202,100% bearish,of 1 rating,$18.50
ISBC,$11.7,1441045016584,"477,760",100% bullish,of 1 rating,$13.25
IVTY,$14.275,1441045016689,"2,900",Not yet rated,NULL,$18
ITIC,$71.02,1441045016715,534,100% bearish,of 2 ratings,N/A
NVIV,$9.83,1441045016782,"95,187",50% bullish,of 4 ratings,$24.50
IPAS,$1.07,1441045016857,"31,581",67% bullish,of 3 ratings,N/A
DTUL,NULL,1441045016884,0,Not yet rated,NULL,N/A
IPGP,$84.33,1441045017080,"76,843",67% bearish,of 3 ratings,$109.50
IPCM,$79.38,1441045017107,"58,817",50% bullish,of 2 ratings,$80.125
IRMD,$25.45,1441045017137,"12,791",67% bearish,of 3 ratings,$25
IRIX,$6.88,1441045017246,"30,313",100% bearish,of 1 rating,N/A
IRDM,$7.4,1441045017295,"168,784",60% bullish,of 5 ratings,$11.50
IRDMB,$279,1441045017450,100,67% bearish,of 3 ratings,N/A
IRWD,$11.02,1441045017538,"154,153",100% bearish,of 1 rating,$13
IRBT,$29.39,1441045017580,"61,984",67% bullish,of 6 ratings,$37
FCHI,NULL,1441045017672,0,NULL,NULL,NULL
GNMA,$50.34,1441045017726,"4,900",Not yet rated,NULL,N/A
IRCP,NULL,1441045017753,0,100% bullish,of 2 ratings,N/A
DFVL,$66.6,1441045017779,3,Not yet rated,NULL,N/A
COMT,$34.56,1441045017910,"3,085",100% bearish,of 1 rating,N/A
IFAS,NULL,1441045017973,0,NULL,NULL,NULL
IFEU,$37.99,1441045018039,"62,694",Not yet rated,NULL,N/A
IFGL,$28.28,1441045018168,"314,821",Not yet rated,NULL,N/A
ACWX,$40.75,1441045018215,"108,897",100% bearish,of 1 rating,N/A
IFNA,NULL,1441045018262,0,NULL,NULL,NULL
AXJS,NULL,1441045018357,0,NULL,NULL,NULL
AAXJ,$53.3,1441045018393,"837,031",Not yet rated,NULL,N/A
ACWI,$55.84,1441045018460,"598,780",Not yet rated,NULL,N/A
AAIT,NULL,1441045018520,0,NULL,NULL,NULL
EMDI,NULL,1441045018548,0,NULL,NULL,NULL
EEMA,$50.5099,1441045018614,"43,130",Not yet rated,NULL,N/A
EEME,NULL,1441045018644,0,NULL,NULL,NULL
EGRW,NULL,1441045018898,0,NULL,NULL,NULL
EEML,$27.06,1441045018971,"2,300",Not yet rated,NULL,N/A
EVAL,NULL,1441045018996,0,NULL,NULL,NULL
EMEY,NULL,1441045019014,0,NULL,NULL,NULL
EUFN,$21.79,1441045019071,"23,544",100% bearish,of 1 rating,N/A
IEUS,$45.5401,1441045019317,"4,329",100% bearish,of 1 rating,N/A
QAT,$21.87,1441045019345,"7,600",Not yet rated,NULL,N/A
UAE,$18.78,1441045019374,685,Not yet rated,NULL,N/A
IBB,$344.55,1441045019474,"438,136",63% bullish,of 8 ratings,N/A
SOXX,$82.85,1441045019504,"247,807",50% bullish,of 2 ratings,N/A
WOOD,$48.1,1441045019567,"3,738",50% bullish,of 2 ratings,N/A
ICLN,$9.4785,1441045019602,"3,721",50% bullish,of 2 ratings,N/A
EMIF,$28.61,1441045019640,"28,066",Not yet rated,NULL,N/A
ISHG,$79.6499,1441045019882,"2,043",100% bearish,of 1 rating,N/A
ISIS,$50.3842,1441045019946,"562,284",53% bullish,of 15 ratings,$67
IGOV,$90.4788,1441045019974,"210,272",100% bearish,of 1 rating,N/A
INDY,$27.365,1441045019995,"24,761",50% bullish,of 2 ratings,N/A
ISLE,$17.96,1441045020024,"247,103",50% bullish,of 4 ratings,$16
ISRL,$126.9501,1441045020152,100,100% bearish,of 1 rating,N/A
ITRI,$29.89,1441045020178,"78,067",100% bearish,of 1 rating,$37
ITRN,$23.9,1441045020322,500,50% bullish,of 2 ratings,N/A
ITUS,$4.03,1441045020387,"1,100",Not yet rated,NULL,N/A
IXYS,$11.63,1441045020425,"109,642",50% bullish,of 4 ratings,N/A
JJSF,$113.53,1441045020467,"9,996",100% bearish,of 1 rating,N/A
XXIA,$15.48,1441045020498,"279,686",71% bullish,of 7 ratings,$14.625
MAYS,$59.93,1441045020606,160,Not yet rated,NULL,N/A
JBHT,$72.94,1441045020638,"315,416",50% bullish,of 4 ratings,$89.50
JASO,$8,1441045020832,"451,670",82% bullish,of 17 ratings,$10
JKHY,$68,1441045020934,"67,951",50% bullish,of 2 ratings,$72
JACK,$78.46,1441045020964,"128,470",83% bullish,of 6 ratings,$105
JCOM,$68.96,1441045020997,"34,229",100% bullish,of 2 ratings,$77
JXSB,NULL,1441045021024,0,Not yet rated,NULL,N/A
JAXB,$13.71,1441045021097,400,100% bullish,of 1 rating,N/A
JAGX,$2.6,1441045021122,"12,853",Not yet rated,NULL,$10.50
JAKK,$9.65,1441045021270,"345,315",60% bearish,of 5 ratings,$11
JMBA,$13.96,1441045021401,"33,867",75% bullish,of 4 ratings,$18
ERW,NULL,1441045021481,0,Not yet rated,NULL,N/A
JAZZ,$169.74,1441045021554,"109,690",80% bullish,of 15 ratings,$206.50
JASNW,NULL,1441045021641,0,50% bullish,of 2 ratings,N/A
JASN,$5,1441045021712,"3,075",50% bullish,of 2 ratings,$9.50
JD,$25.85,1441045021740,"3,564,659",75% bullish,of 16 ratings,$36
JBLU,$22.305,1441045021887,"1,918,928",94% bullish,of 18 ratings,$27
JCTCF,NULL,1441045021916,0,100% bullish,of 1 rating,N/A
JTPY,$2.95,1441045021944,200,100% bearish,of 1 rating,N/A
DATE,$6.0601,1441045021969,"18,050",75% bullish,of 4 ratings,$9
JRVR,$27.53,1441045022103,"28,566",Not yet rated,NULL,$32
JIVE,$4.5,1441045022167,"78,194",75% bullish,of 4 ratings,$5
JST,$3.75,1441045022250,"4,100",75% bullish,of 4 ratings,N/A
JOEZ,$0.165,1441045022310,"99,154",92% bullish,of 12 ratings,N/A
WYIGU,NULL,1441045022382,0,100% bearish,of 1 rating,N/A
JOUT,$25.09,1441045022442,"5,729",100% bearish,of 1 rating,$34
JBSS,$52.1,1441045022532,"11,874",67% bearish,of 3 ratings,N/A
KALU,$83.22,1441045022747,"22,291",67% bearish,of 3 ratings,$91
KTWO,$21,1441045022773,"11,132",100% bearish,of 1 rating,$28.50
JUNO,$36.74,1441045022817,"325,491",73% bullish,of 11 ratings,$71.50
KNDI,$6.74,1441045022850,"101,968",86% bullish,of 22 ratings,N/A
KMDA,$3.485,1441045022948,"2,386",50% bullish,of 2 ratings,$8
KBIO,$2.0601,1441045022975,"18,665",50% bullish,of 4 ratings,N/A
KCLI,$46.35,1441045023109,"7,856",Not yet rated,NULL,N/A
KPTI,$14.045,1441045023138,"136,265",67% bearish,of 3 ratings,$39
JNP,$10.92,1441045023277,"23,151",100% bullish,of 3 ratings,$15
KCAP,$4.72,1441045023367,"48,522",75% bullish,of 4 ratings,$6
KRNY,$11.27,1441045023394,"57,039",100% bearish,of 1 rating,$12
KBSF,NULL,1441045023419,0,100% bullish,of 1 rating,N/A
KELYB,NULL,1441045023560,0,50% bullish,of 2 ratings,N/A
KELYA,$14.33,1441045023585,"26,091",67% bullish,of 6 ratings,$20
KMPH,$19.79,1441045023610,"12,734",100% bearish,of 2 ratings,$22
GMCR,$56.99,1441045023739,"1,279,682",71% bullish,of 42 ratings,$64
