Symbol,Price,Date,Volume,Rating,RatingVoteCount,OneYearEstimate
TFSCU,NULL,1441736102342,0,Not yet rated,NULL,N/A
TFSCR,$0.3723,1441736102475,"1,000",Not yet rated,NULL,N/A
FCTY,$7.9,1441736102509,512,100% bullish,of 1 rating,$8.50
TFSC,NULL,1441736102537,0,100% bearish,of 1 rating,N/A
FCCY,$11.58,1441736102607,"1,000",100% bullish,of 1 rating,$13
FLWS,$8.4,1441736102637,"195,870",80% bullish,of 5 ratings,$15
TFSCW,$0.3,1441736102662,"4,500",100% bearish,of 1 rating,N/A
PIH,$7.475,1441736102739,703,100% bearish,of 1 rating,N/A
SRCE,$30.72,1441736102821,"8,952",100% bullish,of 3 ratings,$33
DGLD,$82.99,1441736102967,"3,137",100% bullish,of 1 rating,N/A
DSLV,$66.7892,1441736103011,"12,897",100% bearish,of 1 rating,N/A
VNET,$18.3,1441736103038,"241,515",60% bullish,of 5 ratings,$35
JOBS,$26.61,1441736103108,"56,147",50% bullish,of 4 ratings,$36
USLV,$12.91,1441736103243,"155,718",86% bullish,of 7 ratings,N/A
TWOU,$35.99,1441736103277,"167,367",50% bullish,of 2 ratings,$39
UGLD,$8.976,1441736103301,"46,258",100% bearish,of 1 rating,N/A
EGHT,$7.93,1441736103651,"102,582",82% bullish,of 17 ratings,$11
CAFD,$14.25,1441736103676,"82,640",Not yet rated,NULL,$24.50
AVHI,$13.54,1441736103872,"7,643",100% bearish,of 1 rating,$19
ABY,$20.2,1441736103902,"1,671,087",100% bearish,of 2 ratings,$46
AAON,$19.83,1441736103954,"29,939",100% bearish,of 1 rating,$24
ABAX,$48.68,1441736103981,"28,072",100% bearish,of 1 rating,$60
SIXD,$3.04,1441736104011,"49,161",Not yet rated,NULL,N/A
SHLM,$32.31,1441736104035,"67,709",100% bearish,of 1 rating,$47
ABGB,$5.92,1441736104087,"72,186",67% bullish,of 3 ratings,$5.50
ABEO,$4.75,1441736104167,"22,123",50% bullish,of 4 ratings,$15.50
ABEOW,$1.7101,1441736104358,100,100% bullish,of 1 rating,N/A
ABMD,$95.44,1441736104407,"217,399",75% bullish,of 4 ratings,$100.50
AXAS,$1.65,1441736104491,"590,542",78% bullish,of 9 ratings,$3.50
ACHC,$73.57,1441736104634,"137,129",50% bullish,of 2 ratings,$92
ACST,$0.3123,1441736104790,"21,438",100% bullish,of 2 ratings,N/A
ACTG,$9.1,1441736104823,"141,842",67% bullish,of 3 ratings,$18.50
XLRN,$30.34,1441736104843,"72,916",50% bullish,of 2 ratings,$57
ACAD,$40.55,1441736104876,"319,728",80% bullish,of 20 ratings,$48
VXUP,$1.5418,1441736104929,"26,275",100% bearish,of 1 rating,N/A
ANCX,$20.28,1441736104972,"13,481",Not yet rated,NULL,$20
AXDX,$17.68,1441736105078,"83,446",100% bearish,of 1 rating,N/A
VXDN,$1.9099,1441736105318,"5,289",100% bearish,of 1 rating,N/A
ARAY,$6.62,1441736105343,"178,323",100% bearish,of 1 rating,$10.50
ACRX,$4.04,1441736105375,"433,545",67% bearish,of 6 ratings,$7
ACET,$23.03,1441736105404,"53,131",75% bullish,of 4 ratings,$30
AKAO,$6.96,1441736105475,"25,434",75% bullish,of 4 ratings,$15
ACHN,$7.905,1441736105504,"2,820,770",90% bullish,of 21 ratings,$16
ACIW,$21.55,1441736105604,"84,440",67% bearish,of 3 ratings,$24
ACNB,$20.12,1441736105698,300,Not yet rated,NULL,N/A
ATVI,$28.53,1441736105859,"2,628,476",67% bullish,of 84 ratings,$31.50
ACPW,$1.94,1441736105891,"19,083",100% bullish,of 4 ratings,$3.25
ACTA,$14,1441736105924,"30,066",67% bearish,of 3 ratings,$25
ACOR,$32.97,1441736105953,"82,784",67% bearish,of 3 ratings,$38.50
ACTS,$1.59,1441736106019,"12,900",100% bearish,of 1 rating,N/A
ACUR,$2.9727,1441736106123,"6,910",100% bullish,of 5 ratings,$5
ACXM,$20.83,1441736106148,"45,102",67% bullish,of 3 ratings,N/A
ADMS,$19.58,1441736106350,"39,838",100% bearish,of 2 ratings,$36
ADMP,$3.9,1441736106528,"11,388",50% bullish,of 2 ratings,$10
AEY,$2.39,1441736106549,550,100% bearish,of 2 ratings,N/A
ADTN,$15.6,1441736106633,"66,086",67% bullish,of 3 ratings,$17.125
ADAP,$11.2,1441736106654,"10,721",67% bullish,of 3 ratings,$22
ADEP,$7.79,1441736106686,"44,319",50% bullish,of 2 ratings,$10.75
ADMA,$8.99,1441736106712,"3,699",Not yet rated,NULL,$19
ADUS,$29.61,1441736106736,"25,222",100% bearish,of 1 rating,$31
ADRO,$18.83,1441736106924,"113,905",80% bullish,of 5 ratings,$45.50
ADBE,$79.37,1441736106953,"757,044",61% bullish,of 18 ratings,$90
AEIS,$24.45,1441736107009,"119,327",50% bullish,of 2 ratings,$32.50
ADXS,$13.93,1441736107053,"290,442",64% bullish,of 14 ratings,$27
AMD,$1.8749,1441736107093,"2,914,210",83% bullish,of 103 ratings,$2
ADXSW,$9.7501,1441736107192,350,100% bullish,of 1 rating,N/A
YPRO,$23.0535,1441736107384,"4,156",100% bearish,of 1 rating,N/A
AEGR,$17.93,1441736107411,"75,886",50% bullish,of 6 ratings,$26
AEGN,$18.17,1441736107438,"70,239",100% bearish,of 2 ratings,$21
MULT,NULL,1441736107472,0,100% bearish,of 1 rating,N/A
AEPI,$62.13,1441736107541,"23,480",100% bearish,of 1 rating,N/A
AEHR,NULL,1441736107567,0,50% bullish,of 2 ratings,N/A
AVAV,$20.72,1441736107770,"77,295",50% bullish,of 4 ratings,$28
AERI,$16.29,1441736107800,"265,510",75% bullish,of 4 ratings,$31.50
AMTX,$3.02,1441736107872,"8,468",50% bullish,of 2 ratings,N/A
AEZS,$0.0796,1441736107904,"8,095,532",90% bullish,of 21 ratings,$1.50
AFMD,$9.96,1441736108007,"65,090",50% bullish,of 4 ratings,$15
AEMD,$7.335,1441736108035,"76,713",Not yet rated,NULL,$27.50
AFFX,$9.39,1441736108139,"279,127",80% bullish,of 5 ratings,$12.50
AGEN,$7.02,1441736108171,"169,970",85% bullish,of 13 ratings,$14
AGRX,$8.78,1441736108195,"17,885",100% bearish,of 1 rating,$17.50
AGYS,$9.64,1441736108333,"4,605",100% bearish,of 1 rating,N/A
AGFSW,$2.1,1441736108527,"10,300",100% bearish,of 2 ratings,N/A
AGFS,$10.0401,1441736108553,"67,799",100% bearish,of 1 rating,N/A
AIMT,$22.7,1441736108573,"132,419",Not yet rated,NULL,$35.50
AGIO,$89.08,1441736108632,"108,536",88% bullish,of 8 ratings,$114
AIRT,$22.706,1441736108703,"3,035",100% bullish,of 1 rating,N/A
AIRM,$36.44,1441736108728,"60,949",80% bearish,of 5 ratings,$53
ATSG,$8.8,1441736108867,"44,027",67% bullish,of 3 ratings,$13
AKAM,$73.76,1441736109014,"365,149",63% bullish,of 8 ratings,$77.50
AMCN,$4.67,1441736109150,"197,084",83% bullish,of 6 ratings,N/A
AKRX,$39.29,1441736109217,"202,098",78% bullish,of 9 ratings,$56
AKER,$2.82,1441736109238,"1,620",Not yet rated,NULL,N/A
AIXG,$6.87,1441736109266,"8,044",67% bearish,of 3 ratings,$5.25
AKBA,$7.56,1441736109316,"166,516",100% bearish,of 1 rating,$18
ALRM,$16.18,1441736109475,"67,462",100% bearish,of 1 rating,$22
ALSK,$2.265,1441736109503,"63,272",78% bullish,of 18 ratings,$2
AMRI,$20.7,1441736109634,"92,052",75% bearish,of 4 ratings,$24
ABDC,$12.9,1441736109660,"20,452",Not yet rated,NULL,$15
ALDR,$42.08,1441736109712,"149,638",67% bearish,of 3 ratings,$62
ADHD,$7.8,1441736109794,"70,231",50% bullish,of 4 ratings,$18
ALDX,$7.32,1441736109819,"10,777",100% bearish,of 1 rating,$14.50
ALXN,$174.84,1441736109843,"372,108",88% bullish,of 8 ratings,$223.50
ALXA,$1.35,1441736109999,"38,338",83% bullish,of 6 ratings,$2.125
ALCO,$42.33,1441736110028,"10,884",50% bullish,of 2 ratings,N/A
ALGN,$55.14,1441736110069,"121,726",100% bearish,of 2 ratings,$73
ALIM,$2.95,1441736110165,"30,100",80% bullish,of 5 ratings,$10
ALKS,$67.15,1441736110197,"261,679",67% bullish,of 3 ratings,$75
ALGT,$210.8,1441736110337,"40,028",100% bearish,of 2 ratings,$235
ALLB,$23.25,1441736110365,200,Not yet rated,NULL,N/A
AFOP,$19.05,1441736110468,"48,711",75% bullish,of 8 ratings,$21
AIQ,$14.88,1441736110599,"6,457",67% bullish,of 3 ratings,N/A
ARLP,$24.96,1441736110624,"58,554",67% bearish,of 3 ratings,$32
AHGP,$35.54,1441736110666,"22,525",67% bullish,of 3 ratings,N/A
ALQA,$4.5,1441736110796,"8,082",75% bullish,of 4 ratings,$8.50
AHPI,NULL,1441736110856,0,50% bullish,of 2 ratings,N/A
AMOT,$18.02,1441736110883,"83,162",100% bearish,of 1 rating,N/A
ALLT,$5.2,1441736110925,"12,349",75% bullish,of 4 ratings,$6.25
ALNY,$101.57,1441736110958,"215,941",67% bullish,of 3 ratings,$151.50
MDRX,$13.21,1441736111055,"757,484",60% bullish,of 5 ratings,$16
AFAM,$45.46,1441736111080,"32,855",50% bullish,of 2 ratings,$44
SMCP,$23.39,1441736111280,775,Not yet rated,NULL,N/A
ALTR,$50.38,1441736111363,"2,659,299",67% bearish,of 6 ratings,$54
AIMC,$23.95,1441736111439,"41,662",100% bearish,of 2 ratings,$28.50
AOSL,$8.29,1441736111491,"12,661",67% bullish,of 3 ratings,$9
ASPS,$26.41,1441736111520,"89,112",67% bullish,of 3 ratings,$46.50
ATEC,$0.54,1441736111541,"85,089",100% bullish,of 1 rating,$2
AMRN,$2.39,1441736111599,"674,002",85% bullish,of 40 ratings,$8
AMRK,$10.9,1441736111728,"43,454",50% bullish,of 2 ratings,$14
AMAG,$60.8,1441736111755,"184,881",100% bullish,of 2 ratings,$75
AYA,$20.91,1441736111782,"9,197",100% bearish,of 1 rating,$40
AMBC,$16.38,1441736111967,"79,530",100% bearish,of 1 rating,$16.50
AMZN,$512.52,1441736111993,"1,357,437",81% bullish,of 269 ratings,$646
AMBA,$72.43,1441736112051,"1,323,327",71% bullish,of 14 ratings,$102.50
AMBCW,NULL,1441736112122,0,100% bearish,of 1 rating,N/A
AMCX,$73.78,1441736112267,"221,547",67% bullish,of 3 ratings,$87.50
EPAX,$2.71,1441736112296,"36,141",100% bearish,of 1 rating,N/A
AMDA,$0.4141,1441736112459,"3,111,945",90% bullish,of 10 ratings,$1
AMED,$40.87,1441736112486,"71,030",100% bearish,of 1 rating,$42
ATAX,$5.3,1441736112516,"44,693",100% bullish,of 1 rating,$6.50
UHAL,$373.37,1441736112543,"12,164",100% bullish,of 2 ratings,$393.50
DOX,$57.19,1441736112564,"272,810",67% bearish,of 3 ratings,$60
AMOV,$17.89,1441736112698,"1,055",100% bearish,of 1 rating,N/A
ASBI,$23.02,1441736112727,"11,467",Not yet rated,NULL,N/A
AGNC,$19.035,1441736112831,"989,385",71% bullish,of 28 ratings,$22
AAL,$40.9875,1441736112888,"3,292,530",93% bullish,of 88 ratings,$57
AGNCB,$24.29,1441736112965,"6,654",Not yet rated,NULL,N/A
AGNCP,$25.4,1441736113022,"3,350",Not yet rated,NULL,N/A
MTGE,$15.185,1441736113049,"164,507",75% bullish,of 4 ratings,$19.50
MTGEP,$24.3899,1441736113419,175,Not yet rated,NULL,N/A
ACSF,$12.2,1441736113565,"7,094",100% bearish,of 1 rating,$15
ACAS,$13.86,1441736113597,"554,948",60% bullish,of 5 ratings,$16.75
AMIC,$10.01,1441736113627,200,100% bearish,of 1 rating,N/A
AMNB,$23.55,1441736113695,"6,366",Not yet rated,NULL,$25.50
ANCI,$1.41,1441736113720,700,100% bearish,of 1 rating,N/A
AETI,$3.4594,1441736113749,"1,600",67% bearish,of 3 ratings,N/A
ANAT,$97.97,1441736113774,"28,146",100% bullish,of 1 rating,N/A
ARII,$40.54,1441736114031,"75,087",67% bearish,of 3 ratings,$45
AMRB,$10.3524,1441736114061,"2,699",Not yet rated,NULL,$11
ASEI,$39.44,1441736114082,"13,992",100% bearish,of 1 rating,$52.50
AMSWA,$9.05,1441736114217,"11,227",100% bearish,of 2 ratings,$10.75
AMSC,$5.22,1441736114241,"43,019",50% bullish,of 4 ratings,N/A
APEI,$22.2,1441736114266,"14,463",100% bearish,of 1 rating,$25.50
AMWD,$69,1441736114291,"53,633",50% bullish,of 2 ratings,$70
ABCB,$27.69,1441736114465,"25,105",Not yet rated,NULL,$31
CRMT,$35.69,1441736114595,"7,002",100% bearish,of 1 rating,$38
AMSF,$47.355,1441736114738,"8,585",Not yet rated,NULL,$57.50
ASRV,$3.22,1441736114763,"3,600",100% bullish,of 2 ratings,N/A
ASRVP,NULL,1441736115003,0,Not yet rated,NULL,N/A
ATLO,$23.15,1441736115279,"2,394",Not yet rated,NULL,N/A
AMGN,$152.98,1441736115325,"1,525,111",89% bullish,of 19 ratings,$185
FOLD,$16.945,1441736115458,"782,273",56% bullish,of 9 ratings,$21
AMKR,$5.49,1441736115524,"537,833",100% bearish,of 2 ratings,$5
AMPH,$14.18,1441736115614,"97,669",50% bullish,of 2 ratings,$20
AMSGP,$152.74,1441736115653,146,Not yet rated,NULL,N/A
AMSG,$80.34,1441736115678,"141,950",100% bearish,of 1 rating,$85.50
AFSI,$58.97,1441736116194,"155,427",60% bullish,of 5 ratings,$72
ASYS,$5.34,1441736116256,"14,728",67% bullish,of 3 ratings,$12
ADI,$57.04,1441736116286,"1,186,481",75% bullish,of 4 ratings,$69
ANAC,$135.01,1441736116354,"105,348",80% bullish,of 5 ratings,$180.50
AMRS,$1.8,1441736116375,"117,695",70% bullish,of 10 ratings,N/A
ANAD,$0.2944,1441736116404,"278,886",100% bullish,of 2 ratings,$.50
ALOG,$82.6,1441736116459,"33,088",100% bearish,of 2 ratings,$100.50
ANCB,$21.6,1441736116622,"5,169",Not yet rated,NULL,$23
ANGO,$14.57,1441736116770,"19,643",67% bullish,of 3 ratings,$19
AMCF,NULL,1441736116796,0,NULL,NULL,NULL
ABCW,$42.18,1441736116828,"15,955",67% bullish,of 3 ratings,N/A
ANGI,$5.2,1441736116859,"170,147",64% bullish,of 11 ratings,$5.50
ANIP,$53.5,1441736116929,"45,176",89% bullish,of 19 ratings,$66
ANSS,$92.07,1441736116953,"97,318",100% bearish,of 1 rating,$100
ATRS,$1.835,1441736117201,"101,533",92% bullish,of 12 ratings,$4.50
ANIK,$36.44,1441736117306,"30,480",60% bullish,of 5 ratings,$51.25
ANTH,$7.4,1441736117331,"207,139",80% bullish,of 10 ratings,$13
APIC,$7.955,1441736117506,"78,572",100% bearish,of 1 rating,$19
APOL,$11.5,1441736117587,"420,906",87% bearish,of 68 ratings,$14
ABAC,$0.79,1441736117619,40,100% bearish,of 1 rating,N/A
ATNY,$2.45,1441736117640,"9,966",50% bullish,of 2 ratings,$3.75
APOG,$54.52,1441736117671,"42,538",50% bullish,of 2 ratings,$67
AINV,$6.475,1441736117702,"377,322",50% bullish,of 4 ratings,$8
AAPL,$111,1441736117728,"19,123,602",86% bullish,of 2368 ratings,$150
APPF,$17.51,1441736117805,"24,941",50% bullish,of 2 ratings,$22
APDN,$3.56,1441736118002,"36,877",Not yet rated,NULL,$9
APDNW,$1.51,1441736118033,"2,235",Not yet rated,NULL,N/A
ARCI,$1.16,1441736118079,"3,418",Not yet rated,NULL,N/A
AGTC,$16.86,1441736118106,"18,764",50% bullish,of 2 ratings,$33
AMAT,$15.7,1441736118132,"5,011,772",82% bullish,of 11 ratings,$23
AMCC,$5.92,1441736118303,"140,229",80% bullish,of 5 ratings,$8
AQMS,$4.995,1441736118481,"9,937",Not yet rated,NULL,N/A
AAOI,$21.3,1441736118513,"120,281",50% bullish,of 4 ratings,$26
AUMA,NULL,1441736118540,0,Not yet rated,NULL,N/A
APTO,$5.15,1441736118570,"4,804",Not yet rated,NULL,$17
APRI,$1.73,1441736118598,"160,607",83% bullish,of 6 ratings,$4.86
AQXP,$15.91,1441736118627,"124,288",67% bearish,of 3 ratings,$2
AREX,$2.61,1441736118674,"388,518",50% bullish,of 2 ratings,$3
AUMAW,NULL,1441736118724,0,Not yet rated,NULL,N/A
ARDM,$7.33,1441736118952,300,100% bullish,of 1 rating,$26
AUMAU,NULL,1441736118982,0,Not yet rated,NULL,N/A
ABUS,$7.04,1441736119045,"91,244",86% bullish,of 14 ratings,$21.50
PETX,$17.8499,1441736119080,"70,185",100% bearish,of 2 ratings,$26
ARCW,$3.26,1441736119144,"14,954",100% bearish,of 2 ratings,$10.50
ABIO,$7,1441736119214,"101,437",50% bullish,of 2 ratings,$26.242
ARCB,$29.41,1441736119407,"34,761",67% bearish,of 3 ratings,$39.50
ACAT,$24.73,1441736119557,"126,711",100% bearish,of 3 ratings,$33
ARDX,$20.475,1441736119609,"125,847",50% bullish,of 2 ratings,$24.50
ARNA,$2.745,1441736119638,"342,958",90% bullish,of 78 ratings,$5.50
ACGL,$69.38,1441736119689,"132,825",50% bullish,of 2 ratings,$72
ARCC,$15.575,1441736119710,"452,641",67% bearish,of 3 ratings,$17.75
RKDA,$5.45,1441736119743,"16,502",100% bearish,of 2 ratings,$10
AGII,$54.8,1441736119840,"18,497",Not yet rated,NULL,$59.50
AGIIL,$25.33,1441736119946,"5,258",Not yet rated,NULL,N/A
ARIS,$3.76,1441736120079,"8,596",Not yet rated,NULL,$4.50
ARGS,$6.28,1441736120164,"8,806",50% bullish,of 2 ratings,$19.50
ARMH,$44.04,1441736120210,"757,874",54% bearish,of 13 ratings,$60
ARKR,$24.79,1441736120244,"3,080",50% bullish,of 2 ratings,N/A
ARIA,$7.89,1441736120264,"1,776,140",87% bullish,of 46 ratings,$9
ARTX,$1.37,1441736120343,"59,923",88% bullish,of 16 ratings,$4.50
ARWA,NULL,1441736120483,0,Not yet rated,NULL,N/A
ARWAR,NULL,1441736120546,0,Not yet rated,NULL,N/A
ARWAU,NULL,1441736120574,0,100% bullish,of 1 rating,N/A
ARWAW,NULL,1441736120671,0,Not yet rated,NULL,N/A
ARQL,$1.69,1441736120771,"81,659",75% bullish,of 4 ratings,$5
ARRY,$5.79,1441736120798,"433,846",100% bullish,of 7 ratings,$10
ARRS,$26.715,1441736120824,"253,866",50% bullish,of 2 ratings,$38
DWAT,$9.775,1441736120871,"8,705",100% bearish,of 1 rating,N/A
AROW,$27.2024,1441736121086,"3,160",Not yet rated,NULL,N/A
ARWR,$5.48,1441736121120,"443,122",75% bullish,of 4 ratings,$10.50
ASBB,$25.23,1441736121145,6,Not yet rated,NULL,N/A
ARTNA,$21.8,1441736121289,"4,021",100% bearish,of 1 rating,$29
ASND,$20.03,1441736121371,"10,950",50% bullish,of 2 ratings,$30
ASNA,$12.255,1441736121440,"1,156,628",50% bullish,of 2 ratings,$17.50
ASTI,$0.2454,1441736121471,"2,522,161",83% bullish,of 6 ratings,$3
ASCMA,$28.34,1441736121496,"39,913",100% bearish,of 1 rating,$45
ASMI,NULL,1441736121520,0,NULL,NULL,NULL
ARTW,$3.99,1441736121541,590,75% bearish,of 4 ratings,N/A
APWC,$1.75,1441736121734,204,100% bearish,of 1 rating,N/A
ASML,$93.38,1441736121759,"293,640",50% bullish,of 4 ratings,$127
AZPN,$39.49,1441736121812,"191,331",50% bullish,of 2 ratings,$42
ASMB,$13.61,1441736121953,"17,216",67% bullish,of 3 ratings,N/A
ASFI,$8.7,1441736122098,"3,300",100% bullish,of 1 rating,N/A
ATAI,$2.36,1441736122169,"13,869",100% bearish,of 1 rating,N/A
ASTE,$37.92,1441736122200,"44,261",100% bearish,of 1 rating,$49
ATRO,$50.08,1441736122226,"62,436",100% bearish,of 2 ratings,$80
ASTC,$2.28,1441736122253,"14,837",100% bullish,of 5 ratings,N/A
ASUR,$5.615,1441736122281,981,50% bullish,of 2 ratings,$8
ALOT,$13.95,1441736122306,522,100% bearish,of 1 rating,N/A
AAPC,$10.1,1441736122638,200,Not yet rated,NULL,N/A
ATHX,$1.15,1441736122672,"51,019",89% bullish,of 9 ratings,$5
ATHN,$135.88,1441736122699,"88,896",67% bearish,of 3 ratings,$153
ATRA,$43.55,1441736122740,"86,835",50% bullish,of 2 ratings,$68
AAME,$3.465,1441736122768,"1,402",Not yet rated,NULL,N/A
AFCB,NULL,1441736122797,0,Not yet rated,NULL,N/A
ACFC,$5.59,1441736122899,"6,438",100% bearish,of 1 rating,$6.50
ATNI,$73.94,1441736123062,"18,974",100% bearish,of 1 rating,$69.50
ATOS,$0.8999,1441736123139,"33,070",100% bullish,of 7 ratings,$7
AFH,$16.275,1441736123169,"37,899",Not yet rated,NULL,$21.50
ATLC,$3.86,1441736123190,"2,910",67% bullish,of 3 ratings,N/A
AAWW,$38.73,1441736123221,"80,886",50% bullish,of 2 ratings,$65
ATML,$8.06,1441736123268,"1,734,796",78% bullish,of 9 ratings,$9.50
ATRC,$24.31,1441736123366,"46,559",100% bullish,of 1 rating,$30
ATRI,$382,1441736123467,"1,736",Not yet rated,NULL,N/A
ATRM,$3.105,1441736123552,100,50% bullish,of 2 ratings,N/A
ATTU,$13.2701,1441736123623,"5,675",100% bearish,of 1 rating,$20.50
LIFE,$15.43,1441736123648,"24,639",86% bullish,of 7 ratings,$43
AUBN,$26.86,1441736123727,502,Not yet rated,NULL,N/A
ADAT,$0.3401,1441736123980,"192,976",100% bullish,of 2 ratings,N/A
EARS,$4.46,1441736124007,"4,208",100% bearish,of 2 ratings,$8.49
AUDC,$3.31,1441736124038,"13,850",80% bullish,of 5 ratings,$5
ABTL,$18.86,1441736124087,"38,704",100% bullish,of 4 ratings,$20.25
AUPH,$3.4828,1441736124138,"7,320",100% bearish,of 1 rating,$8
AVGO,$127.87,1441736124164,"1,058,168",88% bullish,of 8 ratings,$165
ADP,$77.73,1441736124218,"516,165",100% bearish,of 1 rating,$88
ADSK,$46.4,1441736124243,"498,356",67% bullish,of 6 ratings,$66
AAVL,$10.49,1441736124412,"117,561",100% bearish,of 1 rating,$20
AVNU,$13,1441736124543,"5,800",Not yet rated,NULL,$14
AVEO,$1.38,1441736124568,"245,399",75% bullish,of 8 ratings,$3
AVNW,$1.1986,1441736124701,"12,865",50% bullish,of 2 ratings,N/A
AVGR,$15.25,1441736124750,"9,609",100% bearish,of 1 rating,$20
CAR,$43.54,1441736124775,"381,316",67% bullish,of 6 ratings,$60
AVID,$8.66,1441736124834,"115,353",100% bearish,of 1 rating,$20
ACLS,$3.48,1441736124938,"911,435",67% bullish,of 6 ratings,$4.75
AXPW,$1.87,1441736124965,"380,889",86% bullish,of 7 ratings,N/A
AWRE,$3.23,1441736124991,"6,954",67% bullish,of 3 ratings,N/A
AXPWW,$0.95,1441736125121,30,Not yet rated,NULL,N/A
AXTI,$2.15,1441736125147,"8,512",50% bullish,of 2 ratings,$2.75
BCOM,$19.52,1441736125176,109,100% bearish,of 1 rating,N/A
AXGN,$4.8,1441736125201,"36,738",Not yet rated,NULL,$5
BOSC,$2.27,1441736125341,"30,054",50% bullish,of 2 ratings,N/A
RILY,NULL,1441736125366,0,Not yet rated,NULL,N/A
BEAV,$49.84,1441736125590,"138,746",67% bearish,of 3 ratings,$59
BCPC,$57.43,1441736125625,"32,654",100% bearish,of 1 rating,$75
BIDU,$148.53,1441736125657,"1,699,718",81% bullish,of 88 ratings,$210
BWINA,$22.98,1441736125756,187,Not yet rated,NULL,N/A
BLDP,$1.35,1441736125786,"119,526",91% bullish,of 22 ratings,$2.50
BANFP,NULL,1441736125838,0,Not yet rated,NULL,N/A
BANF,$61.54,1441736125863,"5,270",Not yet rated,NULL,$68
BWINB,$22.43,1441736125893,"7,195",Not yet rated,NULL,N/A
BKMU,$7.09,1441736126029,"31,076",Not yet rated,NULL,$8
BMRC,$48.91,1441736126127,"1,099",Not yet rated,NULL,$52
BOCH,$5.7901,1441736126152,"11,791",Not yet rated,NULL,$6.50
BKSC,$16.34,1441736126181,"5,398",Not yet rated,NULL,N/A
BOTJ,$10.94,1441736126283,"1,666",Not yet rated,NULL,N/A
OZRK,$41.9,1441736126415,"130,349",67% bullish,of 3 ratings,$49.50
BWFG,$18.04,1441736126556,"6,545",100% bearish,of 1 rating,N/A
BFIN,$12.14,1441736126583,"10,018",Not yet rated,NULL,$13
BZUN,$5.34,1441736126604,"55,979",50% bullish,of 2 ratings,$11.50
BANR,$44.61,1441736126660,"19,071",100% bullish,of 3 ratings,$50
TAPR,$33.44,1441736126735,265,100% bearish,of 1 rating,N/A
BHACR,NULL,1441736126800,0,Not yet rated,NULL,N/A
BHAC,NULL,1441736126870,0,Not yet rated,NULL,N/A
BHACU,NULL,1441736126894,0,Not yet rated,NULL,N/A
BHACW,NULL,1441736127088,0,Not yet rated,NULL,N/A
BBSI,$34.55,1441736127113,"21,904",67% bearish,of 3 ratings,$62.50
BSET,$30.39,1441736127143,"18,043",100% bearish,of 1 rating,$35
BYLK,$12.8001,1441736127274,"8,978",Not yet rated,NULL,$14
BV,$5.11,1441736127299,"200,988",67% bullish,of 6 ratings,$8.75
BBCN,$14.53,1441736127438,"55,705",100% bearish,of 1 rating,$16
BYBK,$5.05,1441736127543,"11,200",100% bearish,of 1 rating,N/A
BCBP,NULL,1441736127683,0,Not yet rated,NULL,N/A
BBGI,NULL,1441736127703,0,100% bearish,of 1 rating,N/A
BSF,$8.8,1441736127783,"9,530",Not yet rated,NULL,N/A
BDCV,$4.83,1441736127809,"4,742",100% bearish,of 1 rating,$10.19
BEBE,$1.19,1441736127844,"190,964",75% bullish,of 4 ratings,$2.125
BBBY,$63.005,1441736127938,"589,293",71% bullish,of 7 ratings,$75
BECN,$36.5009,1441736127978,"142,736",50% bullish,of 2 ratings,$40
BELFB,$18.5,1441736128034,"15,143",100% bearish,of 1 rating,N/A
BELFA,$15.29,1441736128109,"1,075",100% bearish,of 1 rating,N/A
BLPH,$3.98,1441736128205,"16,605",100% bearish,of 1 rating,$12.50
BNCL,$12.8,1441736128384,"137,268",100% bullish,of 3 ratings,$12.50
BLCM,$16.9,1441736128409,"110,576",50% bullish,of 4 ratings,$40
BNFT,$36.41,1441736128478,"20,169",67% bullish,of 3 ratings,$46
BNTC,$6.8001,1441736128550,"3,061",100% bullish,of 1 rating,N/A
BGMD,$0.6221,1441736128684,"181,925",100% bullish,of 10 ratings,N/A
BIND,$5,1441736128754,"55,249",75% bullish,of 4 ratings,$13.50
BGCP,$8.965,1441736128783,"358,210",88% bullish,of 8 ratings,$14
BGFV,$11.53,1441736128804,"64,941",57% bullish,of 7 ratings,$12
ORPN,$5.55,1441736128935,"4,900",100% bullish,of 1 rating,$28.50
BASI,$1.65,1441736129006,5,Not yet rated,NULL,N/A
BCDA,NULL,1441736129067,0,Not yet rated,NULL,N/A
BIOC,$2.16,1441736129093,"289,701",83% bullish,of 6 ratings,$3.85
BCRX,$11.97,1441736129146,"127,924",63% bullish,of 8 ratings,$18
BIOD,$0.6902,1441736129171,"33,301",80% bullish,of 5 ratings,$4
BDSI,$6.71,1441736129220,"357,877",88% bullish,of 8 ratings,$17
BIOL,$1.56,1441736129524,"7,920",Not yet rated,NULL,N/A
BLFS,$2.3783,1441736129550,"45,113",50% bullish,of 2 ratings,$4.75
BMRN,$130.835,1441736129572,"235,257",80% bullish,of 5 ratings,$160
BLRX,$1.74,1441736129625,"124,157",100% bullish,of 12 ratings,$5
BVXV,$4.06,1441736129705,"96,795",Not yet rated,NULL,N/A
BIIB,$306.74,1441736129739,"515,214",88% bullish,of 16 ratings,$400
BVXVW,$0.82,1441736129762,"2,400",100% bearish,of 1 rating,N/A
BPTH,$1.19,1441736129792,"18,146",100% bullish,of 2 ratings,$5
BRLI,NULL,1441736129830,0,NULL,NULL,NULL
BIOS,$2.46,1441736129995,"210,359",71% bullish,of 7 ratings,$4
BBC,$32.1975,1441736130061,"11,941",Not yet rated,NULL,N/A
BSTC,$49.78,1441736130104,"28,720",100% bearish,of 1 rating,$76
BBP,$32.8599,1441736130206,"2,897",Not yet rated,NULL,N/A
BSPM,$0.7015,1441736130259,"2,070",50% bullish,of 2 ratings,N/A
TECH,$93.75,1441736130520,"107,346",100% bullish,of 1 rating,$117
BOTA,$2.16,1441736130549,"20,977",88% bullish,of 8 ratings,N/A
BITI,$17.19,1441736130575,"12,790",100% bullish,of 1 rating,$28
BDMS,$13.1,1441736130651,100,100% bearish,of 1 rating,N/A
BBOX,$14.61,1441736130722,"25,604",100% bearish,of 1 rating,N/A
BEAT,$16.19,1441736130750,"336,631",67% bearish,of 3 ratings,$15
BJRI,$45.8,1441736130890,"92,649",50% bullish,of 2 ratings,$55
BLKB,$58.325,1441736130921,"30,484",100% bearish,of 2 ratings,$66
BDE,$7.4,1441736130959,"24,405",50% bullish,of 2 ratings,$9
BBRY,$7.2999,1441736131022,"1,665,534",61% bullish,of 331 ratings,$9
HAWK,$40.5,1441736131166,"178,694",91% bullish,of 11 ratings,$49
BKCC,$9.45,1441736131234,"126,140",50% bullish,of 2 ratings,$10
ADRA,$26.76,1441736131370,"1,221",100% bearish,of 1 rating,N/A
ADRE,$29.2,1441736131402,"3,291",100% bearish,of 1 rating,N/A
ADRU,$21.55,1441736131422,"1,808",100% bearish,of 1 rating,N/A
ADRD,$21.6924,1441736131443,"3,049",100% bearish,of 1 rating,N/A
BLMN,$20.8,1441736131481,"251,937",83% bullish,of 6 ratings,$27.50
BCOR,$13.25,1441736131576,"71,248",57% bullish,of 7 ratings,$15
BLBD,$11.56,1441736131646,"6,038",Not yet rated,NULL,N/A
BUFF,$23.45,1441736131787,"578,749",77% bullish,of 13 ratings,$31.50
BHBK,$14.1,1441736131821,"7,427",100% bullish,of 1 rating,$14.50
BBLU,$0.91,1441736131922,"36,634",100% bullish,of 2 ratings,$4.43
NILE,$33.62,1441736131947,"11,003",50% bullish,of 2 ratings,$34
BLUE,$136.8,1441736131975,"408,889",71% bullish,of 7 ratings,$217.50
BPMC,$29.46,1441736132173,"22,131",50% bullish,of 2 ratings,$47.50
BKEPP,$7.95,1441736132212,"2,120",100% bearish,of 1 rating,N/A
BKEP,$6.49,1441736132268,"9,305",100% bearish,of 1 rating,$8.50
BNCN,$21.6,1441736132372,"12,590",Not yet rated,NULL,$24
WIFI,$7.82,1441736132399,"71,819",50% bullish,of 2 ratings,$13.50
BOJA,$20.98,1441736132425,"36,667",100% bullish,of 1 rating,$30
BOBE,$46.5,1441736132452,"151,154",75% bullish,of 4 ratings,$57
BOFI,$116.84,1441736132644,"111,947",100% bullish,of 6 ratings,$144
BONA,$11.3,1441736132674,"92,526",75% bullish,of 4 ratings,$8.50
BOKF,$63.46,1441736132776,"40,157",100% bearish,of 1 rating,$69
BNSO,$1.269,1441736132837,"1,563",100% bearish,of 1 rating,N/A
BAMM,$3.2099,1441736132908,"2,596",60% bullish,of 5 ratings,N/A
BPFH,$11.991,1441736132939,"85,118",100% bearish,of 1 rating,$14
BPFHP,$25.35,1441736133039,"3,900",100% bearish,of 1 rating,N/A
BPFHW,NULL,1441736133084,0,100% bearish,of 1 rating,N/A
BDBD,$8.385,1441736133247,"158,776",60% bullish,of 5 ratings,$10
BCLI,$3.2,1441736133303,"42,161",80% bullish,of 5 ratings,$12
BBRG,$12.49,1441736133334,"25,160",67% bullish,of 3 ratings,$14.50
BBEP,$2.78,1441736133355,"918,136",69% bullish,of 13 ratings,$5.625
EPAY,$26.61,1441736133438,"48,347",100% bearish,of 2 ratings,$30
BBEPP,$14.94,1441736133483,"11,547",50% bullish,of 2 ratings,N/A
BLIN,$1.5384,1441736133543,"40,781",50% bullish,of 2 ratings,$2.20
BDGE,$26.61,1441736133710,"9,694",Not yet rated,NULL,$31.75
BRID,NULL,1441736133842,0,100% bearish,of 1 rating,N/A
BCOV,$5.2,1441736133889,"15,318",67% bullish,of 3 ratings,$10.20
BVSN,$6.02,1441736134032,"1,715",60% bearish,of 5 ratings,N/A
BYFC,$1.43,1441736134150,200,50% bullish,of 2 ratings,N/A
BRCM,$52.175,1441736134177,"600,295",69% bullish,of 13 ratings,$56
BSFT,$32.84,1441736134204,"64,877",57% bullish,of 7 ratings,$40.50
BRCD,$10.2599,1441736134303,"918,696",92% bullish,of 13 ratings,$12
BWEN,$3.24,1441736134371,"17,450",75% bullish,of 4 ratings,$8
BRKL,$10.52,1441736134396,"62,490",100% bearish,of 1 rating,$12
BRKS,$10.43,1441736134426,"28,566",67% bullish,of 3 ratings,$15.25
BMTC,$29.77,1441736134565,"94,577",Not yet rated,NULL,$34
BRKR,$18.05,1441736134591,"84,803",100% bearish,of 2 ratings,$22
BLMT,$21.295,1441736134720,"5,800",Not yet rated,NULL,N/A
BSQR,$6.17,1441736134762,"23,707",67% bullish,of 3 ratings,N/A
BWLD,$200.35,1441736134851,"102,401",82% bullish,of 11 ratings,$205
BLDR,$15.695,1441736135031,"497,669",67% bullish,of 3 ratings,$22
BUR,$1.78,1441736135160,"6,626",100% bearish,of 1 rating,$8
CCMP,$42.84,1441736135189,"31,156",50% bullish,of 2 ratings,$59
CHRW,$68.86,1441736135214,"310,914",Not yet rated,NULL,$72
CFFI,$35.7,1441736135243,100,100% bearish,of 1 rating,N/A
CA,$27.82,1441736135273,"1,015,924",50% bullish,of 4 ratings,$33
CDNS,$20.77,1441736135347,"585,113",75% bullish,of 4 ratings,$22.50
CDZI,$7.895,1441736135429,"13,225",100% bearish,of 1 rating,N/A
CZR,$9.61,1441736135475,"440,841",60% bearish,of 5 ratings,$10.50
CSTE,$40.21,1441736135741,"124,201",50% bullish,of 2 ratings,$65
CLBS,$1.81,1441736135766,"54,182",79% bullish,of 14 ratings,$4
CACQ,$7.27,1441736135792,"114,362",100% bearish,of 1 rating,$12.25
PRSS,$4.32,1441736135833,"33,402",80% bullish,of 5 ratings,$4.50
CLMS,$9.905,1441736135921,"31,376",Not yet rated,NULL,$10.50
CHY,$11,1441736136000,"212,552",Not yet rated,NULL,N/A
CHI,$10.27,1441736136025,"138,328",100% bearish,of 1 rating,N/A
CHW,$7.43,1441736136217,"182,392",100% bearish,of 1 rating,N/A
CCD,$19.35,1441736136246,"65,287",Not yet rated,NULL,N/A
CSQ,$9.68,1441736136272,"223,981",Not yet rated,NULL,N/A
CFGE,$10.52,1441736136306,12,Not yet rated,NULL,N/A
CGO,$11.98,1441736136337,"10,095",100% bearish,of 1 rating,N/A
CVGW,$49.45,1441736136405,"50,168",50% bullish,of 2 ratings,$58
CFNB,NULL,1441736136435,0,100% bearish,of 1 rating,N/A
CAMP,$16.18,1441736136481,"114,758",88% bullish,of 8 ratings,$25
CALA,$6.3,1441736136687,"161,810",67% bullish,of 3 ratings,$19.50
CALM,$55.51,1441736136940,"229,933",80% bullish,of 5 ratings,$63.50
CALD,$16.71,1441736136966,"246,119",100% bearish,of 1 rating,$21
CLMT,$25.68,1441736136987,"78,031",75% bullish,of 8 ratings,$31
CAMBU,NULL,1441736137020,0,100% bearish,of 1 rating,N/A
ABCD,$5.17,1441736137119,"42,691",83% bullish,of 6 ratings,N/A
CAMB,$10.1,1441736137147,"18,450",Not yet rated,NULL,N/A
CAC,$40.35,1441736137189,"1,801",Not yet rated,NULL,N/A
CAMBW,$0.23,1441736137289,"153,254",Not yet rated,NULL,N/A
CSIQ,$18.72,1441736137388,"683,233",86% bullish,of 28 ratings,$42.50
CPHC,$10.47,1441736137421,110,100% bearish,of 1 rating,N/A
CGIX,$10.18,1441736137517,"20,740",67% bullish,of 3 ratings,$14.375
CBNJ,$11.27,1441736137597,"61,980",100% bearish,of 1 rating,N/A
CAMT,$2.68,1441736137657,"23,865",73% bullish,of 11 ratings,$4
CPLA,$49.58,1441736137682,"29,352",67% bearish,of 3 ratings,$65
CBF,$30.76,1441736137822,"25,816",Not yet rated,NULL,$32
CPLP,$6.89,1441736137991,"107,705",71% bullish,of 7 ratings,$11
CCBG,$15.22,1441736138017,"4,026",Not yet rated,NULL,$17.25
CSWC,$44.42,1441736138088,"8,285",Not yet rated,NULL,N/A
CFFN,$11.9,1441736138150,"114,235",Not yet rated,NULL,$12.75
CAPN,$2.5655,1441736138176,"4,030,585",100% bullish,of 1 rating,$10.85
CAPNW,$0.8,1441736138202,"16,621",Not yet rated,NULL,N/A
CPTA,$14.24,1441736138235,"32,681",100% bearish,of 1 rating,$18.25
CAPR,$4.39,1441736138341,"5,875",Not yet rated,NULL,$12
CPST,$0.3911,1441736138430,"258,811",95% bullish,of 22 ratings,$1.25
CARA,$19.26,1441736138534,"85,990",50% bullish,of 4 ratings,$25
CARB,$11.07,1441736138690,"17,617",75% bullish,of 4 ratings,$12
CBYL,$5.32,1441736138751,"4,986",100% bearish,of 1 rating,$20
CFNL,$22.48,1441736138778,"25,023",Not yet rated,NULL,$24
CRDC,$0.32,1441736138858,"79,389",100% bullish,of 1 rating,$1.25
CRME,$9.4,1441736138906,"1,700",89% bullish,of 9 ratings,$11.25
CSII,$23.09,1441736139041,"120,276",100% bearish,of 2 ratings,$42.125
CDNA,$7.05,1441736139070,"3,790",100% bearish,of 1 rating,$9
CECO,$4,1441736139096,"228,457",67% bearish,of 3 ratings,$6
CATM,$33.93,1441736139170,"58,750",100% bearish,of 1 rating,$44
CTRE,$10.98,1441736139269,"70,041",50% bullish,of 2 ratings,$13.50
CLBH,$12.8,1441736139462,"4,493",Not yet rated,NULL,$16.50
CKEC,$22.83,1441736139531,"85,191",50% bullish,of 2 ratings,$35.915
CARO,$15.25,1441736139564,800,100% bearish,of 1 rating,$19
CART,$5.3501,1441736139734,570,100% bearish,of 1 rating,N/A
CRZO,$36.46,1441736139759,"544,864",67% bearish,of 3 ratings,$54.50
CRTN,NULL,1441736139955,0,100% bearish,of 1 rating,N/A
TAST,$12.97,1441736139982,"93,902",Not yet rated,NULL,$14.25
CARV,$6.75,1441736140062,"9,416",50% bullish,of 2 ratings,N/A
CASM,$1.16,1441736140143,"6,737",100% bullish,of 1 rating,$3.50
CACB,$5.35,1441736140181,"18,047",Not yet rated,NULL,$5.50
CWST,$6.6,1441736140207,"96,028",50% bullish,of 2 ratings,$7.25
CASI,$1.24,1441736140276,"27,740",100% bullish,of 1 rating,$3.50
CSCD,$15.9,1441736140304,"14,970",100% bullish,of 2 ratings,$17
CASY,$108.21,1441736140407,"95,386",50% bullish,of 2 ratings,$99.50
CASS,$49.13,1441736140552,"5,317",100% bearish,of 1 rating,N/A
CPRX,$3.91,1441736140719,"146,418",71% bullish,of 7 ratings,$7
CATB,$11.3,1441736140761,"21,793",100% bearish,of 1 rating,$28
CVCO,$70.96,1441736140848,"8,017",100% bearish,of 1 rating,N/A
CATYW,NULL,1441736140890,0,100% bearish,of 1 rating,N/A
CATY,$29.51,1441736140916,"205,761",100% bearish,of 1 rating,$33.50
CAVM,$71.8254,1441736140945,"178,083",67% bearish,of 3 ratings,$72
CBFV,$20.51,1441736141046,"1,704",Not yet rated,NULL,$25
CNLM,$9.99,1441736141138,"6,700",Not yet rated,NULL,N/A
CNLMU,NULL,1441736141174,0,100% bullish,of 1 rating,N/A
CNLMR,NULL,1441736141202,0,Not yet rated,NULL,N/A
CNLMW,$0.3,1441736141306,"1,000",Not yet rated,NULL,N/A
CBOE,$64.18,1441736141331,"126,676",Not yet rated,NULL,$63
CDK,$49.49,1441736141475,"91,187",67% bearish,of 3 ratings,$50
CDW,$40.17,1441736141654,"494,553",75% bullish,of 4 ratings,$44
CECE,$8.78,1441736141727,"129,126",50% bullish,of 2 ratings,$16
CELG,$120.9348,1441736141823,"1,347,656",92% bullish,of 13 ratings,$156
CLDN,$1.26,1441736141854,"163,931",63% bullish,of 8 ratings,$3
CPXX,$2.48,1441736141945,"218,799",100% bullish,of 2 ratings,$7
CELGZ,$1.71,1441736141972,"3,851",80% bullish,of 5 ratings,N/A
CLRBW,NULL,1441736141993,0,Not yet rated,NULL,N/A
CLRB,$3.09,1441736142047,"2,140",100% bearish,of 1 rating,N/A
CLDX,$14.55,1441736142244,"219,861",89% bullish,of 9 ratings,$36
CLLS,$32.12,1441736142285,"30,398",75% bullish,of 4 ratings,$51.50
CBMG,$23.26,1441736142381,"30,657",50% bullish,of 2 ratings,N/A
CLSN,$2.11,1441736142449,"86,878",80% bullish,of 10 ratings,$7.50
CLTX,$1.95,1441736142529,"58,186",100% bullish,of 2 ratings,N/A
CYAD,$44.55,1441736142663,"1,527",100% bullish,of 1 rating,$87.50
CEMP,$35.74,1441736142723,"412,219",71% bullish,of 7 ratings,$52
CSFL,$14.1,1441736142756,"28,203",Not yet rated,NULL,$15
CETX,$2.55,1441736142782,"6,468",Not yet rated,NULL,$5.60
CETV,$2.1,1441736142915,"13,082",67% bullish,of 3 ratings,$2.80
CENT,$14.655,1441736142945,"214,152",Not yet rated,NULL,$10
CENTA,$15.06,1441736142971,"129,276",Not yet rated,NULL,N/A
CFBK,$1.3401,1441736143001,"2,825",Not yet rated,NULL,N/A
CENX,$5.415,1441736143167,"594,602",67% bullish,of 6 ratings,$9
CVCY,$11.75,1441736143192,400,Not yet rated,NULL,$12
CNBKA,$39.826,1441736143237,"1,100",50% bullish,of 2 ratings,N/A
CNTY,$5.88,1441736143491,"6,811",80% bullish,of 5 ratings,$7.75
CERN,$62.56,1441736143659,"549,809",67% bullish,of 3 ratings,$79
CPHD,$50.85,1441736143689,"235,513",67% bearish,of 3 ratings,$66
CERU,$4.43,1441736143722,"18,132",75% bullish,of 4 ratings,$14
CERE,$1.13,1441736143794,"59,823",88% bullish,of 8 ratings,N/A
CEVA,$19.34,1441736143826,"12,827",100% bearish,of 1 rating,$25
CERS,$5.23,1441736143847,"257,224",75% bullish,of 4 ratings,$7
CRNT,$1.358,1441736143880,"136,878",50% bullish,of 2 ratings,$2
KOOL,$0.62,1441736143987,"9,346",100% bullish,of 5 ratings,$7
CYOU,$18.82,1441736144088,"71,580",50% bullish,of 6 ratings,$24
HOTR,$1.37,1441736144187,"102,681",100% bullish,of 2 ratings,$5
HOTRW,$0.15,1441736144319,"9,000",Not yet rated,NULL,N/A
CTHR,$1.24,1441736144380,"2,962",50% bullish,of 2 ratings,$2.50
GTLS,$22.96,1441736144480,"85,474",50% bullish,of 4 ratings,$40
CHKP,$77.9,1441736144570,"382,753",50% bullish,of 4 ratings,$92
CHFN,$12.25,1441736144611,"4,381",Not yet rated,NULL,$14
CHEKW,NULL,1441736144709,0,Not yet rated,NULL,N/A
CHTR,$184.73,1441736144738,"255,688",67% bearish,of 3 ratings,$202
CHEK,$2.6,1441736144763,"3,650",Not yet rated,NULL,$7.75
CHFC,$30.77,1441736144898,"77,204",100% bearish,of 1 rating,$36
CEMI,$4.21,1441736144926,"1,265",50% bullish,of 2 ratings,$7.50
CCXI,$6.3,1441736145061,"33,329",67% bullish,of 3 ratings,$14
CHMG,$26.417,1441736145112,776,Not yet rated,NULL,$30
CHKE,$25.37,1441736145218,"3,077",100% bearish,of 1 rating,$32.50
CHEV,$14.573,1441736145247,"2,410",Not yet rated,NULL,N/A
CHMA,$28.38,1441736145350,"69,467",Not yet rated,NULL,$40
CMRX,$51.39,1441736145479,"69,372",50% bullish,of 2 ratings,$57
CBNK,$16.36,1441736145506,"2,200",100% bearish,of 1 rating,N/A
CADC,NULL,1441736145566,0,78% bullish,of 9 ratings,N/A
PLCE,$58.43,1441736145636,"86,014",100% bearish,of 1 rating,$69
CALI,$0.82,1441736145665,6,67% bullish,of 3 ratings,N/A
CCCL,$0.8255,1441736145728,"9,603",100% bullish,of 6 ratings,N/A
CBAK,$2.0904,1441736145807,"34,244",67% bullish,of 9 ratings,N/A
CAAS,$5.98,1441736145840,"9,238",93% bullish,of 14 ratings,$11.50
CBPO,$98.33,1441736145939,"59,048",75% bullish,of 8 ratings,$140.50
CCCR,NULL,1441736146154,0,67% bearish,of 3 ratings,N/A
JRJC,$3.59,1441736146226,"39,250",82% bullish,of 11 ratings,N/A
HGSH,$1.8,1441736146251,"1,910",67% bullish,of 3 ratings,N/A
CHOP,$1.1233,1441736146293,"1,623",50% bullish,of 2 ratings,N/A
HTHT,$25.73,1441736146461,"33,379",50% bullish,of 2 ratings,$28.40
CNIT,$1.23,1441736146487,"117,067",67% bullish,of 6 ratings,N/A
CHLN,$1.71,1441736146515,"7,807",67% bullish,of 3 ratings,N/A
CJJD,$1.86,1441736146540,"4,560",100% bullish,of 1 rating,N/A
CHNR,$1.71,1441736146674,"2,203",100% bearish,of 1 rating,N/A
CREG,$0.6364,1441736146700,"7,850",100% bullish,of 3 ratings,N/A
CSUN,$1.3401,1441736146738,"3,176",80% bullish,of 5 ratings,N/A
CPGI,NULL,1441736146763,0,Not yet rated,NULL,N/A
CNTF,$0.8,1441736147010,"15,189",Not yet rated,NULL,N/A
CXDC,$6.11,1441736147036,"20,102",67% bearish,of 3 ratings,N/A
CNYD,$3.12,1441736147057,"6,900",67% bullish,of 3 ratings,N/A
CNET,$0.8425,1441736147200,"4,548",50% bullish,of 2 ratings,N/A
CCIH,$7.85,1441736147284,"74,081",67% bullish,of 6 ratings,$12.65
IMOS,$19.44,1441736147312,"166,428",60% bullish,of 5 ratings,$21.50
CHSCL,$27.26,1441736147332,"20,534",Not yet rated,NULL,N/A
CHSCN,$27.05,1441736147466,"3,850",Not yet rated,NULL,N/A
CHDN,$137.26,1441736147597,"18,614",Not yet rated,NULL,$165
CHSCM,$26.28,1441736147627,"19,231",Not yet rated,NULL,N/A
CHSCP,$30.29,1441736147659,"16,731",Not yet rated,NULL,N/A
CHSCO,$28.5,1441736147734,"5,375",Not yet rated,NULL,N/A
CHUY,$31.69,1441736147762,"42,320",50% bullish,of 2 ratings,$34
CDTX,$15.01,1441736147792,"12,041",Not yet rated,NULL,$22
CIFC,$7.49,1441736147835,"3,719",100% bearish,of 1 rating,N/A
CMCT,$18.3,1441736147894,"17,429",100% bearish,of 1 rating,N/A
CMPR,$73.01,1441736148141,"83,172",50% bullish,of 2 ratings,$72.50
CIDM,$0.5502,1441736148195,"28,577",50% bullish,of 2 ratings,$2.10
CINF,$52.89,1441736148271,"189,670",50% bullish,of 4 ratings,$50.50
CPHR,$5.12,1441736148331,"2,400",100% bearish,of 1 rating,$17
CSCO,$26.1333,1441736148358,"6,677,927",83% bullish,of 210 ratings,$32
CRUS,$30.7528,1441736148401,"296,416",75% bullish,of 12 ratings,$44.50
CTAS,$85.97,1441736148425,"122,934",100% bearish,of 1 rating,$91
CTRN,$25.52,1441736148662,"31,382",100% bearish,of 1 rating,$31.50
CZWI,$8.91,1441736148694,"3,600",Not yet rated,NULL,N/A
CZNC,$19.518,1441736148722,"2,985",Not yet rated,NULL,N/A
CIZN,$19.5999,1441736148795,100,Not yet rated,NULL,N/A
CTXS,$69.1,1441736148853,"511,045",86% bullish,of 7 ratings,$80
CZFC,$12.75,1441736148939,"5,200",Not yet rated,NULL,N/A
CHCO,$47.5,1441736148994,"11,998",Not yet rated,NULL,$46
CIVB,$9.85,1441736149070,200,Not yet rated,NULL,$11
CIVBP,NULL,1441736149142,0,Not yet rated,NULL,N/A
CDTI,$1.61,1441736149317,"19,846",75% bullish,of 4 ratings,$3.20
CLFD,$17.22,1441736149345,"10,123",67% bullish,of 3 ratings,$18
CLNE,$4.984,1441736149375,"388,837",80% bullish,of 15 ratings,$9
CLNT,$1.535,1441736149492,397,75% bullish,of 8 ratings,N/A
CLRO,$11.46,1441736149517,"3,260",50% bullish,of 2 ratings,$14.25
CBLI,$4.3101,1441736149576,"20,641",60% bullish,of 5 ratings,N/A
CLIR,$5.22,1441736149717,"50,174",100% bullish,of 3 ratings,N/A
CMFN,$11.24,1441736149745,"9,220",100% bearish,of 1 rating,$15.50
CSBK,$13.95,1441736149772,"28,658",Not yet rated,NULL,N/A
CLVS,$83.065,1441736149813,"198,233",60% bullish,of 5 ratings,$101.50
CME,$93.955,1441736149988,"326,179",67% bullish,of 3 ratings,$102
CCNE,$17.03,1441736150090,"1,769",50% bullish,of 2 ratings,$21.50
CISG,$7.88,1441736150116,"40,057",100% bullish,of 5 ratings,$10
CNV,$4.32,1441736150150,"39,576",50% bullish,of 2 ratings,$7.15
COBZ,$12.97,1441736150247,"18,033",100% bullish,of 1 rating,$14
CWAY,$11.2,1441736150322,"2,200",Not yet rated,NULL,N/A
COKE,$166.48,1441736150389,"11,973",79% bullish,of 19 ratings,N/A
CDRB,$9.71,1441736150470,"13,938",67% bullish,of 3 ratings,N/A
CDXS,$3.5794,1441736150604,"9,286",64% bullish,of 11 ratings,$6
CVLY,NULL,1441736150628,0,Not yet rated,NULL,N/A
CGNT,$1.58,1441736150676,"8,701",100% bullish,of 2 ratings,$2
JVA,$4.84,1441736150702,"12,821",83% bullish,of 6 ratings,$7
CCOI,$27.41,1441736150723,"157,579",50% bullish,of 4 ratings,$35
CGNX,$35.98,1441736150763,"196,955",50% bullish,of 2 ratings,$47
COHR,$56.2,1441736151076,"15,649",50% bullish,of 2 ratings,$72
CTSH,$62.82,1441736151102,"994,801",90% bullish,of 10 ratings,$75
CHRS,$25.905,1441736151123,"118,493",67% bearish,of 3 ratings,$37
CLRX,$0.7,1441736151266,"15,906",50% bullish,of 2 ratings,N/A
COHU,$9.5,1441736151295,"50,706",100% bearish,of 1 rating,$14.25
CBAN,$8.75,1441736151397,"1,200",Not yet rated,NULL,N/A
CLCT,$17.73,1441736151484,"13,813",100% bearish,of 1 rating,N/A
COLB,$30.2,1441736151512,"33,840",Not yet rated,NULL,$36
COLL,$15.3,1441736151535,"47,489",100% bearish,of 1 rating,$26
CLCD,$6.18,1441736151565,"12,271",100% bearish,of 1 rating,$20.50
CBMX,$1.1,1441736151702,"14,902",83% bullish,of 6 ratings,$3.15
COLM,$62.545,1441736151741,"42,004",100% bearish,of 1 rating,$71
CIGI,$42.54,1441736151835,"11,440",100% bearish,of 1 rating,$52
CMCO,$19.04,1441736151863,"27,324",60% bullish,of 5 ratings,$28
CMCSK,$57.64,1441736151964,"1,007,084",Not yet rated,NULL,$84
CMCSA,$56.71,1441736152098,"3,260,966",66% bullish,of 35 ratings,$69.50
CBSH,$44.35,1441736152201,"112,521",50% bullish,of 2 ratings,$46
CSAL,$20.44,1441736152298,"193,607",75% bullish,of 4 ratings,$30
CUBN,$13.25,1441736152325,"4,100",Not yet rated,NULL,N/A
ESXB,$5.06,1441736152454,"2,910",Not yet rated,NULL,N/A
CBSHP,$25.4,1441736152532,"16,212",100% bearish,of 1 rating,N/A
CVGI,$5.02,1441736152588,"87,035",50% bullish,of 2 ratings,$6
JCS,$8.72,1441736152616,200,67% bullish,of 3 ratings,N/A
CTBI,$35.13,1441736152756,"5,127",Not yet rated,NULL,$36
CYHHZ,$0.0111,1441736152783,"19,144",100% bullish,of 1 rating,N/A
COMM,$33.25,1441736152808,"426,257",67% bearish,of 3 ratings,$35
CWBC,NULL,1441736152947,0,Not yet rated,NULL,N/A
COB,$10.43,1441736153110,"3,358",100% bullish,of 1 rating,$11.75
CVLT,$35.89,1441736153209,"49,486",75% bullish,of 4 ratings,$44.50
CIL,NULL,1441736153234,0,Not yet rated,NULL,N/A
CSA,NULL,1441736153261,0,Not yet rated,NULL,N/A
CIZ,$32.8799,1441736153292,220,100% bearish,of 1 rating,N/A
CID,NULL,1441736153317,0,Not yet rated,NULL,N/A
CDC,$34.37,1441736153389,932,Not yet rated,NULL,N/A
CSF,NULL,1441736153487,0,100% bearish,of 1 rating,N/A
CFO,$35.27,1441736153849,"2,608",100% bearish,of 1 rating,N/A
CDL,NULL,1441736153873,0,Not yet rated,NULL,N/A
CGEN,$5.09,1441736153911,"129,477",50% bullish,of 2 ratings,$11
CFA,NULL,1441736153940,0,100% bearish,of 1 rating,N/A
CPSI,$45.14,1441736153966,"24,418",100% bearish,of 1 rating,$45.50
CSB,NULL,1441736154040,0,Not yet rated,NULL,N/A
CTG,$6.58,1441736154148,"11,087",100% bearish,of 1 rating,$8.50
SCOR,$48.01,1441736154205,"148,124",100% bearish,of 1 rating,$66
CNAT,$3.965,1441736154504,"43,855",83% bullish,of 6 ratings,$13
CMTL,$26.4405,1441736154534,"13,158",100% bearish,of 2 ratings,$37
CNSI,$18.55,1441736154562,"55,782",100% bearish,of 2 ratings,$29
CNCE,$16.53,1441736154587,"123,391",75% bullish,of 4 ratings,$22
CHCI,$0.67,1441736154634,"21,741",50% bullish,of 2 ratings,N/A
CXRX,$77.34,1441736154725,"21,594",100% bearish,of 1 rating,$90
CCUR,$5.3042,1441736154830,"7,691",75% bullish,of 4 ratings,N/A
CDOR,$1.27,1441736155076,"2,000",100% bullish,of 1 rating,N/A
CDORO,NULL,1441736155104,0,100% bearish,of 1 rating,N/A
CDORP,$6.3,1441736155125,"1,800",100% bearish,of 1 rating,N/A
CNFR,$10.0019,1441736155259,"8,052",Not yet rated,NULL,N/A
CNMD,$51.73,1441736155288,"17,071",Not yet rated,NULL,$59
CFMS,$14.55,1441736155309,"169,277",100% bearish,of 1 rating,$26.50
CTWS,$34.39,1441736155442,"7,788",100% bearish,of 1 rating,$44
CNOB,$19.17,1441736155470,"8,363",100% bullish,of 1 rating,$23.50
CNXR,$7.16,1441736155496,"29,940",100% bearish,of 1 rating,$12
CONN,$29.84,1441736155625,"347,842",67% bullish,of 3 ratings,$48.50
CNSL,$19.92,1441736155657,"45,486",100% bearish,of 1 rating,$23
CWCO,$10.67,1441736155763,"29,758",67% bullish,of 3 ratings,$14.50
CTCT,$25.06,1441736155960,"57,618",67% bullish,of 3 ratings,$37
CPSS,$5.49,1441736155992,"14,694",100% bullish,of 1 rating,$10
CFRX,$5.01,1441736156017,"16,045",Not yet rated,NULL,$14
CFRXW,NULL,1441736156148,0,100% bearish,of 1 rating,N/A
CTRL,$8.6501,1441736156199,"67,486",50% bullish,of 2 ratings,$11
CPRT,$35.07,1441736156225,"104,700",67% bearish,of 3 ratings,$40
CFRXZ,NULL,1441736156429,0,Not yet rated,NULL,N/A
CTRV,$3.44,1441736156460,"3,688",Not yet rated,NULL,$6.40
CRBP,$1.87,1441736156491,"33,822",100% bullish,of 2 ratings,$6.25
BVA,NULL,1441736156558,0,50% bullish,of 2 ratings,N/A
CORT,$4.96,1441736156624,"117,040",67% bullish,of 3 ratings,$12
CORE,$59.4,1441736156653,"18,209",100% bearish,of 1 rating,$72
CORI,$10.98,1441736156685,"17,790",100% bearish,of 1 rating,$18
CSOD,$37.725,1441736156709,"106,342",50% bullish,of 2 ratings,$42
CRVL,$32.33,1441736157034,"10,135",100% bearish,of 1 rating,N/A
COSI,$1.06,1441736157112,"1,107,173",100% bullish,of 1 rating,N/A
COST,$140.69,1441736157147,"386,256",79% bullish,of 24 ratings,$154.50
CSGP,$179.3,1441736157168,"50,093",50% bullish,of 2 ratings,$235
ICBK,$19,1441736157243,"2,183",Not yet rated,NULL,$21
CPAH,$0.4399,1441736157268,500,50% bullish,of 2 ratings,N/A
CVTI,$22.9,1441736157308,"35,823",67% bearish,of 3 ratings,$39
COVS,$2.54,1441736157436,"76,414",67% bullish,of 3 ratings,N/A
COWN,$5.07,1441736157594,"339,808",75% bullish,of 4 ratings,$7
COWNL,NULL,1441736157672,0,Not yet rated,NULL,N/A
CBRL,$149.81,1441736157722,"58,425",50% bullish,of 2 ratings,$155
CRAI,$23.4,1441736157773,"15,013",100% bearish,of 1 rating,$36
CPSH,$2.38,1441736157798,"12,300",Not yet rated,NULL,N/A
BREW,$8.0696,1441736157862,"6,366",67% bullish,of 6 ratings,$15
CACC,$201.39,1441736158099,"39,014",50% bullish,of 2 ratings,$158.50
CRAY,$21.5,1441736158156,"106,158",83% bullish,of 6 ratings,$38.50
SLVO,$10.22,1441736158202,"3,503",100% bearish,of 1 rating,N/A
GLDI,$11.0105,1441736158229,"14,012",100% bearish,of 1 rating,N/A
CREE,$27.01,1441736158362,"375,137",65% bullish,of 17 ratings,$29.50
CRTO,$35.73,1441736158392,"365,367",67% bullish,of 6 ratings,$64
CRESY,$10.05,1441736158420,"13,868",100% bearish,of 1 rating,$19
CROX,$13.945,1441736158444,"260,192",63% bullish,of 8 ratings,$16.50
CRWS,$8.15,1441736158767,"8,677",Not yet rated,NULL,$10
CRWN,$5.26,1441736158829,"89,593",75% bullish,of 4 ratings,N/A
CRDS,$1.2,1441736158854,"43,507",50% bullish,of 4 ratings,$3.375
CCRN,$14.37,1441736158919,"93,212",100% bearish,of 1 rating,$14.25
CYRXW,$0.9101,1441736159015,"8,052",Not yet rated,NULL,N/A
CCLP,$13.85,1441736159043,"35,872",67% bearish,of 3 ratings,$20
CSGS,$30,1441736159069,"34,605",Not yet rated,NULL,$40
CYRX,$3.01,1441736159094,"24,324",Not yet rated,NULL,$9
CTCM,$1.715,1441736159330,"105,776",80% bearish,of 5 ratings,$3.90
CTIC,$1.56,1441736159426,"309,648",84% bullish,of 76 ratings,$5.75
CTRP,$63.66,1441736159457,"957,915",75% bullish,of 8 ratings,$92.50
CTIB,NULL,1441736159488,0,100% bearish,of 1 rating,N/A
CSPI,$5.7879,1441736159513,500,67% bullish,of 3 ratings,N/A
CUI,$5.3,1441736159595,"6,350",50% bullish,of 2 ratings,$10
CPIX,$6.015,1441736159658,"5,486",Not yet rated,NULL,N/A
CUNB,$22.06,1441736159685,"20,016",Not yet rated,NULL,$24.50
CMLS,$1.295,1441736159918,"54,093",50% bullish,of 4 ratings,$6
CVBF,$16.485,1441736159945,"181,094",Not yet rated,NULL,$18
CRIS,$2.54,1441736159973,"77,907",100% bullish,of 8 ratings,$6
CUTR,$15.14,1441736159997,"13,794",67% bearish,of 3 ratings,$18
CVV,$11.69,1441736160172,"13,509",100% bullish,of 5 ratings,N/A
CYBR,$47.16,1441736160199,"592,936",75% bullish,of 8 ratings,$68.50
CYAN,$6.13,1441736160227,"1,326",100% bearish,of 1 rating,N/A
CYBE,$6.78,1441736160366,"3,287",100% bearish,of 1 rating,N/A
CYBX,$67.21,1441736160386,"221,078",50% bullish,of 4 ratings,$71.50
CYCCP,$5.5,1441736160530,564,100% bearish,of 1 rating,N/A
CYCC,$0.5886,1441736160558,"67,662",73% bullish,of 11 ratings,N/A
CBAY,$3.06,1441736160583,"428,103",100% bullish,of 2 ratings,$4
CYNA,$16.05,1441736160760,"3,577",50% bullish,of 2 ratings,$31.50
CYRN,$1.8,1441736160843,"9,181",67% bullish,of 3 ratings,$4
CYNO,$34.3,1441736160889,"83,565",67% bearish,of 3 ratings,$45.50
CY,$10.31,1441736160914,"1,115,902",80% bullish,of 10 ratings,$15.50
CYTX,$0.3861,1441736160972,"1,712,641",83% bullish,of 12 ratings,$5.50
CONE,$32.34,1441736161106,"136,267",67% bearish,of 3 ratings,$35.50
CYTK,$7.5,1441736161138,"185,239",71% bullish,of 14 ratings,$13.50
CTSO,$7.42,1441736161195,"20,953",Not yet rated,NULL,$15.625
CYTR,$2.575,1441736161244,"326,006",67% bullish,of 6 ratings,$10
DAEG,$0.35,1441736161302,"2,700",100% bearish,of 1 rating,N/A
TVIZ,$22.93,1441736161394,"1,107",100% bearish,of 1 rating,N/A
TVIX,$14.827,1441736161432,"6,185,379",81% bullish,of 16 ratings,N/A
ZIV,$36,1441736161643,"52,796",Not yet rated,NULL,N/A
DAKT,$8.575,1441736161695,"65,555",50% bullish,of 2 ratings,$12
XIV,$24.1869,1441736161741,"9,895,075",75% bearish,of 4 ratings,N/A
DJCO,$199.7,1441736161789,"1,000",Not yet rated,NULL,N/A
DAIO,$2.53,1441736161925,"6,405",Not yet rated,NULL,N/A
DARA,$0.8479,1441736161956,"9,280",83% bullish,of 6 ratings,$1.50
DRAM,$1.301,1441736162055,"10,036",78% bullish,of 9 ratings,N/A
DTLK,$5.64,1441736162197,"47,304",100% bearish,of 1 rating,$9
PLAY,$37.52,1441736162332,"253,938",100% bullish,of 5 ratings,$42
DWSN,$4.36,1441736162378,"5,266",67% bullish,of 3 ratings,N/A
DTEA,$13.44,1441736162464,"99,156",100% bearish,of 2 ratings,$24
DWCH,$4.88,1441736162526,"24,962",75% bullish,of 4 ratings,$8.25
TRAK,$62.895,1441736162552,"117,859",50% bullish,of 2 ratings,$62.50
DBVT,$37.37,1441736162591,"35,316",100% bearish,of 1 rating,$53
DHRM,$1.6,1441736162681,"1,800",Not yet rated,NULL,N/A
DFRG,$13.85,1441736162752,"167,463",100% bearish,of 1 rating,$20
TACO,$14.355,1441736162895,"356,548",75% bullish,of 4 ratings,$20
DCTH,$0.5209,1441736162921,"586,779",78% bullish,of 9 ratings,N/A
DGAS,$20.35,1441736163391,"1,885",67% bearish,of 3 ratings,N/A
TACOW,$4.93,1441736163525,"12,925",100% bullish,of 1 rating,N/A
DEPO,$27.3,1441736163578,"559,400",60% bullish,of 5 ratings,$29
XRAY,$52.3,1441736163606,"153,708",100% bullish,of 1 rating,$58
DELT,$2.27,1441736163652,"2,990",Not yet rated,NULL,N/A
DENN,$11.46,1441736163681,"78,560",100% bullish,of 3 ratings,$15
DSCI,$6.31,1441736163702,"24,661",50% bullish,of 2 ratings,$16
DELTW,$0.17,1441736163733,"2,200",Not yet rated,NULL,N/A
DERM,$26.96,1441736164003,"32,559",100% bearish,of 1 rating,$33.50
DSWL,$1.4901,1441736164070,"6,673",100% bullish,of 1 rating,N/A
DXLG,$6.55,1441736164095,"50,317",100% bearish,of 1 rating,$8
DEST,$10.3,1441736164121,"30,558",50% bullish,of 2 ratings,N/A
DXCM,$90.6,1441736164254,"144,085",57% bullish,of 7 ratings,$98
DXM,$0.4177,1441736164282,"1,309,945",50% bullish,of 2 ratings,N/A
DHXM,$6.37,1441736164418,"3,200",100% bearish,of 1 rating,N/A
DMND,$30.9,1441736164549,"37,110",75% bullish,of 12 ratings,$32
DHIL,$194.75,1441736164574,"1,253",100% bearish,of 1 rating,N/A
FANG,$67.32,1441736164632,"226,202",50% bullish,of 2 ratings,$86
DRNA,$11.12,1441736164719,"63,369",67% bearish,of 3 ratings,$25
DCIX,$1.59,1441736164776,"34,100",50% bullish,of 4 ratings,$3.50
DMRC,$38.85,1441736164864,"27,205",100% bearish,of 1 rating,$44
DGII,$10.38,1441736165044,"29,714",100% bearish,of 1 rating,$11
DGLY,$7.18,1441736165173,"48,396",50% bullish,of 6 ratings,$20
DRAD,$3.8717,1441736165228,"4,753",100% bullish,of 1 rating,$5.25
APPS,$2.1,1441736165249,"71,453",100% bearish,of 1 rating,$10.25
DIOD,$23.01,1441736165284,"123,059",75% bearish,of 4 ratings,$28
DCOM,$16.75,1441736165309,"22,553",100% bearish,of 2 ratings,$16
DPRX,$14.49,1441736165379,"10,559",100% bullish,of 2 ratings,$27.75
DISCA,$27.205,1441736165572,"1,084,080",67% bullish,of 3 ratings,$34
DISH,$60.05,1441736165711,"262,096",69% bullish,of 13 ratings,$73
DISCB,$27.35,1441736165737,200,100% bearish,of 1 rating,$35
DSCO,$0.43,1441736165764,"45,327",83% bullish,of 6 ratings,$2.75
DVCR,$10.7868,1441736165806,"2,823",100% bullish,of 1 rating,N/A
DISCK,$25.705,1441736165836,"615,326",100% bearish,of 1 rating,$32
DLHC,NULL,1441736165942,0,100% bearish,of 1 rating,N/A
BAGR,$2.75,1441736166074,"9,850",100% bearish,of 1 rating,$6
DNBF,$26.22,1441736166123,700,Not yet rated,NULL,$27.50
DMLP,$14.885,1441736166223,"19,401",100% bearish,of 1 rating,N/A
DGICB,NULL,1441736166279,0,100% bearish,of 1 rating,N/A
DLTR,$68.35,1441736166310,"1,406,437",82% bullish,of 11 ratings,$85
DORM,$50.47,1441736166382,"35,766",100% bearish,of 1 rating,$56
HILL,$9.69,1441736166442,"545,423",60% bearish,of 5 ratings,$9.75
DGICA,$13.76,1441736166468,"12,407",100% bearish,of 1 rating,$17
DRWI,$0.1781,1441736166830,"416,443",60% bullish,of 5 ratings,$.45
DRWIW,$0.0399,1441736166864,"16,500",Not yet rated,NULL,N/A
DRYS,$0.4534,1441736166911,"1,217,613",77% bullish,of 31 ratings,$.60
DSPG,$9.05,1441736166993,"6,586",100% bearish,of 1 rating,$13.50
DSKX,$3.37,1441736167018,"42,945",100% bullish,of 1 rating,N/A
CADTU,$10.26,1441736167049,201,Not yet rated,NULL,N/A
CADT,$10,1441736167079,100,Not yet rated,NULL,N/A
DWA,$21.12,1441736167153,"138,130",63% bullish,of 8 ratings,$26
CADTR,NULL,1441736167293,0,Not yet rated,NULL,N/A
CADTW,NULL,1441736167358,0,Not yet rated,NULL,N/A
DNKN,$49.26,1441736167426,"192,165",67% bullish,of 15 ratings,$56.50
DRRX,$2.2,1441736167457,"43,243",50% bullish,of 6 ratings,$3
DTSI,$27.3,1441736167482,"40,480",100% bearish,of 2 ratings,$39.50
DXPE,$30.41,1441736167507,"46,980",50% bullish,of 2 ratings,N/A
DYAX,$22.57,1441736167704,"178,573",89% bullish,of 9 ratings,$30
BOOM,$10.12,1441736167806,"60,520",67% bullish,of 3 ratings,$12
DVAX,$29.7599,1441736167934,"73,490",70% bullish,of 10 ratings,$40
DYSL,$1.54,1441736167969,"12,963",100% bullish,of 2 ratings,N/A
DYNT,$3.12,1441736168029,300,75% bullish,of 4 ratings,N/A
EGBN,$41.9,1441736168114,"13,065",Not yet rated,NULL,$48
EBMT,$11.48,1441736168199,"4,613",Not yet rated,NULL,$13.50
ETFC,$27.15,1441736168270,"2,337,230",57% bullish,of 14 ratings,$32.50
EROC,$1.495,1441736168370,"51,591",50% bullish,of 2 ratings,$3
EGLE,$6.61,1441736168402,"5,688",60% bullish,of 5 ratings,N/A
EGRX,$84.13,1441736168427,"126,062",67% bullish,of 3 ratings,$97
ELNK,$8.62,1441736168457,"116,679",60% bullish,of 5 ratings,$9.50
EWBC,$39.56,1441736168499,"236,778",100% bearish,of 1 rating,$50
EACQU,$10.18,1441736168598,"14,076",Not yet rated,NULL,N/A
EML,$16.06,1441736168751,"1,020",Not yet rated,NULL,N/A
EVBS,$6.79,1441736168817,"13,107",Not yet rated,NULL,$7
EBAY,$26.305,1441736168843,"5,366,582",81% bullish,of 117 ratings,$33
EBIX,$28.36,1441736169079,"61,614",69% bullish,of 13 ratings,$40
ELON,$0.6099,1441736169105,"45,947",50% bullish,of 2 ratings,N/A
ECHO,$23.35,1441736169143,"132,846",67% bearish,of 3 ratings,$34.50
SATS,$43.92,1441736169185,"20,893",50% bullish,of 2 ratings,$60
EEI,$11.95,1441736169286,"2,000",67% bearish,of 3 ratings,N/A
ECTE,$1.48,1441736169315,"1,100",75% bullish,of 4 ratings,N/A
ECACU,$10.1,1441736169353,"7,500",Not yet rated,NULL,N/A
ESES,$3.39,1441736169484,"2,711",100% bearish,of 1 rating,$7
EDGW,$7.25,1441736169546,975,100% bearish,of 1 rating,N/A
EDAP,$3.59,1441736169625,"18,296",60% bullish,of 5 ratings,$4.50
EDUC,$6.9999,1441736169688,"21,548",100% bearish,of 1 rating,N/A
EFUT,$4.6,1441736169765,"1,259",Not yet rated,NULL,N/A
EGAN,$3.98,1441736169974,"10,793",50% bullish,of 2 ratings,$6.25
EGLT,$13.18,1441736170011,"37,540",50% bullish,of 2 ratings,$21
LOCO,$12.39,1441736170039,"248,357",69% bullish,of 13 ratings,$19.50
EHTH,$14.41,1441736170060,"51,357",50% bullish,of 4 ratings,$17
ESLT,$79.4485,1441736170093,"3,038",67% bullish,of 3 ratings,N/A
EMITF,$1.2764,1441736170114,"63,802",75% bullish,of 4 ratings,N/A
ERI,$9.4,1441736170299,"37,869",100% bearish,of 1 rating,$10
ELRC,$10.5,1441736170350,"11,965",100% bearish,of 1 rating,N/A
EA,$67.86,1441736170454,"1,086,608",78% bullish,of 36 ratings,$80
ESIO,$4.67,1441736170552,"27,368",50% bullish,of 2 ratings,$10
EFII,$43.94,1441736170577,"40,537",80% bullish,of 5 ratings,$55
ELSE,$4,1441736170601,700,60% bullish,of 5 ratings,N/A
ELEC,NULL,1441736170757,0,Not yet rated,NULL,N/A
ELECU,$10.09,1441736170865,700,Not yet rated,NULL,N/A
RDEN,$11.3,1441736170895,"25,502",100% bearish,of 4 ratings,$15
ELECW,NULL,1441736170915,0,Not yet rated,NULL,N/A
EBIO,$3.35,1441736170946,"88,749",100% bearish,of 2 ratings,$8.35
ESBK,$19.63,1441736171079,795,Not yet rated,NULL,N/A
LONG,$16.83,1441736171110,"4,300",67% bullish,of 3 ratings,$15.75
CAPX,NULL,1441736171138,0,Not yet rated,NULL,N/A
EMCI,$22.25,1441736171213,"7,637",Not yet rated,NULL,N/A
ELTK,$1.2806,1441736171318,"17,367",67% bearish,of 3 ratings,N/A
EMCF,$22.9,1441736171450,200,100% bearish,of 1 rating,N/A
EMKR,$6.88,1441736171495,"45,873",75% bullish,of 4 ratings,$8.50
EMMSP,NULL,1441736171669,0,100% bearish,of 1 rating,N/A
ERS,$3.52,1441736171696,300,Not yet rated,NULL,N/A
NYNY,$4.73,1441736171719,"33,086",50% bullish,of 2 ratings,N/A
EMMS,$1.3065,1441736171740,"16,310",67% bullish,of 6 ratings,N/A
ENTA,$39.46,1441736171774,"64,249",50% bullish,of 2 ratings,$42
ECPG,$37.56,1441736171969,"71,690",100% bullish,of 2 ratings,$52
ENDP,$76.01,1441736171995,"458,391",50% bullish,of 6 ratings,$101.50
WIRE,$33.4,1441736172018,"36,397",100% bearish,of 1 rating,$37
ECYT,$5.23,1441736172052,"137,807",83% bullish,of 6 ratings,$12
ELGX,$13.21,1441736172150,"219,320",75% bullish,of 4 ratings,$17
EIGI,$14.95,1441736172177,"91,778",67% bearish,of 3 ratings,$22.50
WATT,$6.88,1441736172339,"25,601",50% bullish,of 2 ratings,$13
ENOC,$9.16,1441736172483,"107,146",75% bullish,of 4 ratings,$18
EXXI,$1.7,1441736172514,"586,487",86% bullish,of 7 ratings,$3.50
ERII,$2.595,1441736172542,"18,789",80% bullish,of 5 ratings,$2.50
EFOI,$28.1,1441736172613,"1,014,915",67% bullish,of 3 ratings,$24.50
ENG,$1.0399,1441736172722,"1,645",100% bullish,of 3 ratings,N/A
ENPH,$4.6,1441736172753,"247,123",75% bullish,of 4 ratings,$10
ESGR,$150.14,1441736172774,"17,840",100% bearish,of 1 rating,$185
ENFC,$17.58,1441736172855,100,Not yet rated,NULL,N/A
ENTG,$13.695,1441736173010,"177,597",100% bearish,of 1 rating,$18
ENTL,$22.6,1441736173035,"13,695",Not yet rated,NULL,$28
ETRM,$0.2745,1441736173076,"408,507",69% bearish,of 35 ratings,$1.625
EBTC,$21.25,1441736173239,800,Not yet rated,NULL,N/A
EFSC,$23.95,1441736173265,"8,608",Not yet rated,NULL,$27
EGT,$1.96,1441736173321,"11,121",100% bullish,of 1 rating,N/A
ENVI,$1.96,1441736173404,"105,998",67% bullish,of 3 ratings,N/A
ENZN,$1.02,1441736173498,"71,556",100% bullish,of 9 ratings,N/A
ENZY,$10.35,1441736173524,"135,379",67% bullish,of 3 ratings,$9.50
EPRS,$5.5,1441736173545,"16,875",82% bullish,of 11 ratings,$15
EPIQ,$12.45,1441736173576,"12,739",100% bearish,of 1 rating,$18
PLUS,$75.68,1441736173783,"11,315",50% bullish,of 2 ratings,$88
EPZM,$19.83,1441736173830,"74,185",60% bullish,of 5 ratings,$34
EQIX,$277.09,1441736173869,"164,987",75% bullish,of 4 ratings,$312.50
EQFN,$8.29,1441736173931,"1,000",100% bearish,of 1 rating,N/A
EAC,$3.47,1441736174005,"6,396",100% bearish,of 1 rating,$8
ERIC,$9.7699,1441736174065,"809,283",67% bullish,of 9 ratings,$12.20
ERIE,$80.46,1441736174284,"8,788",Not yet rated,NULL,$73
ESCR,$0.365,1441736174315,"518,657",50% bullish,of 2 ratings,N/A
ESCA,$18.26,1441736174354,"3,004",100% bearish,of 1 rating,$22
ESPR,$46.19,1441736174415,"152,402",70% bearish,of 10 ratings,$115
ESCRP,$1.38,1441736174454,"58,516",100% bearish,of 1 rating,N/A
ESMC,$1.29,1441736174547,"1,100",Not yet rated,NULL,N/A
EPIX,$6.07,1441736174599,"1,250",Not yet rated,NULL,N/A
ESSA,$12.8901,1441736174623,"1,700",100% bearish,of 1 rating,N/A
ESND,$34.14,1441736174787,"31,437",100% bearish,of 2 ratings,$40
ESSX,$0.46,1441736174819,"15,085",50% bullish,of 2 ratings,N/A
ETSY,$14.14,1441736174867,"91,412",80% bullish,of 5 ratings,$16
CLWT,NULL,1441736175036,0,100% bearish,of 1 rating,N/A
EEFT,$68.2,1441736175098,"50,749",100% bearish,of 1 rating,$67.50
EVK,NULL,1441736175124,0,75% bearish,of 4 ratings,N/A
EVEP,$8.37,1441736175185,"95,295",50% bullish,of 2 ratings,$14
ESEA,$4.457,1441736175255,599,100% bullish,of 1 rating,$15
EVLV,$2.55,1441736175328,"59,214",60% bullish,of 5 ratings,$4.625
EVOK,$3.53,1441736175356,"6,326",100% bearish,of 1 rating,$13.375
EXA,$10.55,1441736175484,"20,162",100% bearish,of 1 rating,$13
EVOL,$5.51,1441736175509,"11,054",75% bullish,of 4 ratings,$10
EXAS,$20.92,1441736175712,"456,714",78% bullish,of 9 ratings,$31
EXEL,$5.9,1441736175741,"2,173,222",81% bullish,of 16 ratings,$6
EXAC,$19.21,1441736175766,"8,592",100% bearish,of 1 rating,$22.50
EXFO,$2.9301,1441736175849,"2,975",67% bearish,of 3 ratings,$3.95
EXLS,$37.225,1441736175953,"31,026",50% bullish,of 2 ratings,$41
EXPE,$114.32,1441736176042,"290,094",64% bullish,of 11 ratings,$130
EXPD,$48.65,1441736176089,"953,147",80% bullish,of 5 ratings,$52
EXPO,$43.5,1441736176189,"42,205",100% bearish,of 1 rating,$45.50
EXTR,$3.179,1441736176224,"316,279",80% bullish,of 5 ratings,$3
EXLP,$18.2,1441736176297,"42,675",100% bearish,of 1 rating,$25
ESRX,$83.74,1441736176358,"1,413,089",67% bearish,of 6 ratings,$101
EYEG,$4.25,1441736176499,"42,273",Not yet rated,NULL,N/A
EZCH,$23.235,1441736176531,"64,818",75% bullish,of 8 ratings,$19
EYEGW,$1,1441736176551,"2,850",Not yet rated,NULL,N/A
EZPW,$6.09,1441736176634,"55,750",50% bullish,of 4 ratings,$7
FB,$89.5205,1441736176766,"10,248,618",74% bullish,of 1078 ratings,$111
FFIV,$120.68,1441736176792,"151,915",63% bullish,of 8 ratings,$132
FCS,$13.97,1441736176863,"689,730",67% bearish,of 3 ratings,$17
FRP,$15.67,1441736176996,"41,054",100% bearish,of 1 rating,$18
FARM,$21.95,1441736177128,"11,398",100% bearish,of 1 rating,$35
DAVE,$15.21,1441736177156,"8,279",100% bearish,of 1 rating,$15.50
FWM,$2.28,1441736177176,"89,988",100% bearish,of 2 ratings,$3.20
FALC,$1.755,1441736177206,"18,097",63% bearish,of 8 ratings,N/A
FMNB,$8.38,1441736177340,"11,123",Not yet rated,NULL,N/A
FFKT,$25.73,1441736177401,"1,577",Not yet rated,NULL,$29
FARO,$37.65,1441736177439,"34,712",50% bullish,of 2 ratings,$48
FAST,$38.6,1441736177536,"858,599",80% bullish,of 5 ratings,$43
FATE,$6.25,1441736177810,"12,255",50% bullish,of 2 ratings,$11
FBRC,$22.43,1441736177861,"4,511",100% bearish,of 1 rating,$29
FBSS,NULL,1441736177939,0,Not yet rated,NULL,N/A
FNHC,$21.84,1441736178018,"15,014",100% bearish,of 1 rating,$35
FDML,$8.25,1441736178043,"93,842",50% bullish,of 4 ratings,$14
FHCO,$1.41,1441736178097,"12,232",50% bullish,of 4 ratings,N/A
FEIC,$75.64,1441736178122,"76,333",50% bullish,of 2 ratings,$95.50
FGEN,$25.3,1441736178266,"344,750",100% bearish,of 1 rating,$39
FCSC,$6,1441736178294,"56,816",100% bearish,of 1 rating,$8.125
FENX,$9.68,1441736178319,"37,306",100% bullish,of 1 rating,$14.25
LION,$19.97,1441736178500,"23,154",100% bullish,of 1 rating,$20
ONEQ,$188.15,1441736178521,"6,998",100% bullish,of 1 rating,N/A
FDUS,$14.514,1441736178575,"11,695",50% bullish,of 2 ratings,$18
FRGI,$52.51,1441736178606,"16,792",50% bullish,of 2 ratings,$70
FSAM,$7.68,1441736178710,"17,357",100% bearish,of 1 rating,$10.25
FSC,$6.5188,1441736178769,"333,357",60% bullish,of 5 ratings,$8
FITBI,$27.48,1441736179071,"63,187",Not yet rated,NULL,N/A
FITB,$19.62,1441736179200,"1,083,745",54% bullish,of 13 ratings,$22
FNSR,$15.33,1441736179233,"230,821",71% bullish,of 7 ratings,$24
FNJN,$1.6794,1441736179255,"2,772",100% bearish,of 1 rating,$5
FSFR,$8.8,1441736179275,"39,640",100% bearish,of 1 rating,$11.50
FNGN,$29.95,1441736179297,"108,182",67% bullish,of 3 ratings,$47
FISI,$24.49,1441736179326,"3,278",100% bullish,of 2 ratings,$24.50
FSCFL,$24.6109,1441736179363,"1,400",Not yet rated,NULL,N/A
FEYE,$38.095,1441736179665,"1,388,615",88% bullish,of 16 ratings,$55.50
FNTC,NULL,1441736179694,0,Not yet rated,NULL,N/A
FNTCW,NULL,1441736179768,0,Not yet rated,NULL,N/A
FNTCU,NULL,1441736179792,0,Not yet rated,NULL,N/A
FBNC,$16.95,1441736179863,"6,701",100% bullish,of 1 rating,$20
FRBA,$6.113,1441736180078,"2,000",Not yet rated,NULL,$8
FNLC,$18.85,1441736180106,"1,990",100% bullish,of 1 rating,N/A
FCAP,$26.1,1441736180162,680,Not yet rated,NULL,N/A
BUSE,$19.4,1441736180182,"21,199",Not yet rated,NULL,$6.875
FBIZ,$23,1441736180217,"11,151",100% bearish,of 2 ratings,$26
FCFS,$39.2,1441736180266,"10,574",100% bearish,of 3 ratings,$47
FCVA,$4.63,1441736180319,200,Not yet rated,NULL,N/A
FCBC,$17.5,1441736180347,"4,911",Not yet rated,NULL,$18
FCNCA,$229.69,1441736180509,"1,627",Not yet rated,NULL,N/A
FCLF,$9.19,1441736180594,200,Not yet rated,NULL,N/A
FCCO,$12.24,1441736180637,296,Not yet rated,NULL,$13.25
FBNK,$16.94,1441736180871,"30,923",100% bearish,of 1 rating,$17.50
FCFP,$6.88,1441736180895,600,Not yet rated,NULL,N/A
FDEF,$37.33,1441736180926,"6,616",Not yet rated,NULL,$38
FFNM,$6.49,1441736180955,"1,000",Not yet rated,NULL,N/A
FFNW,$12.13,1441736181090,"9,100",Not yet rated,NULL,$14
FFBCW,NULL,1441736181117,0,100% bearish,of 1 rating,N/A
FFIN,$30.41,1441736181143,"34,634",50% bullish,of 2 ratings,$31.75
FFBC,$18.44,1441736181171,"17,686",67% bearish,of 3 ratings,$20.25
INBK,$29.34,1441736181424,"12,019",50% bullish,of 2 ratings,$37
THFF,$32.54,1441736181451,"8,472",Not yet rated,NULL,$35
FFWM,$21.96,1441736181490,"31,419",Not yet rated,NULL,$24
FIBK,$26.49,1441736181580,"32,504",Not yet rated,NULL,$32
FRME,$26.33,1441736181604,"27,394",Not yet rated,NULL,$26.50
FMBH,$22.24,1441736181762,100,Not yet rated,NULL,N/A
FNFG,$9.19,1441736181855,"460,765",80% bullish,of 5 ratings,$9
FMBI,$17.65,1441736181889,"42,792",Not yet rated,NULL,$20
FNBC,$34.73,1441736182023,"24,204",Not yet rated,NULL,$40
FNWB,$12.155,1441736182073,"4,748",Not yet rated,NULL,N/A
FSFG,$30.48,1441736182100,787,Not yet rated,NULL,N/A
FSLR,$48.74,1441736182125,"451,811",72% bullish,of 39 ratings,$65
FSGI,$2.43,1441736182152,"6,470",Not yet rated,NULL,N/A
FBZ,NULL,1441736182287,0,Not yet rated,NULL,N/A
FSBK,$7.8,1441736182313,800,100% bullish,of 1 rating,N/A
BICK,$19.2799,1441736182453,420,100% bullish,of 1 rating,N/A
FCA,$19.77,1441736182609,415,Not yet rated,NULL,N/A
FCAN,$24.61,1441736182639,351,Not yet rated,NULL,N/A
FV,$23.3599,1441736182742,"683,611",100% bearish,of 1 rating,N/A
FTCS,$36.2435,1441736182766,"6,490",100% bearish,of 1 rating,N/A
FTSM,$59.96,1441736182932,"26,611",100% bearish,of 1 rating,N/A
FEMB,$41.09,1441736182962,"3,600",Not yet rated,NULL,N/A
FEUZ,$30.89,1441736182986,100,Not yet rated,NULL,N/A
IFV,$17.6741,1441736183023,"167,136",100% bearish,of 1 rating,N/A
TDIV,$24.83,1441736183061,"34,954",100% bearish,of 1 rating,N/A
MDIV,$19,1441736183192,"78,466",Not yet rated,NULL,N/A
FGM,$35.94,1441736183219,"84,995",Not yet rated,NULL,N/A
FTGC,$22.4644,1441736183244,"26,097",Not yet rated,NULL,N/A
FTHI,$19.47,1441736183390,479,Not yet rated,NULL,N/A
HYLS,$49.73,1441736183449,"10,716",100% bearish,of 1 rating,N/A
FHK,$33.73,1441736183582,"1,800",Not yet rated,NULL,N/A
SKYY,$28.6004,1441736183787,"20,730",100% bullish,of 1 rating,N/A
FPXI,$26.86,1441736183822,200,Not yet rated,NULL,N/A
CU,$12.93,1441736183851,"5,028",100% bearish,of 1 rating,N/A
PLTM,$6.18,1441736183915,220,100% bearish,of 1 rating,N/A
YDIV,$16.24,1441736183945,500,Not yet rated,NULL,N/A
LMBS,NULL,1441736183976,0,Not yet rated,NULL,N/A
FTLB,NULL,1441736184051,0,100% bearish,of 1 rating,N/A
FJP,$45.2199,1441736184078,"55,745",Not yet rated,NULL,N/A
FMB,$51.1299,1441736184353,"7,518",Not yet rated,NULL,N/A
CIBR,$17.57,1441736184480,"20,697",Not yet rated,NULL,N/A
QCLN,$15.3999,1441736184585,"10,610",Not yet rated,NULL,N/A
QABA,$37.64,1441736184641,"21,518",100% bearish,of 1 rating,N/A
FONE,$35.42,1441736184684,237,Not yet rated,NULL,N/A
GRID,$31.11,1441736184710,35,100% bearish,of 1 rating,N/A
CARZ,$34.9,1441736184838,"3,475",100% bearish,of 1 rating,N/A
QQEW,$41.8,1441736184906,"20,419",Not yet rated,NULL,N/A
QQXT,$40.3699,1441736184934,"6,712",Not yet rated,NULL,N/A
RDVY,$20.9,1441736184963,"2,590",Not yet rated,NULL,N/A
QTEC,$40.2999,1441736185038,"5,270",Not yet rated,NULL,N/A
AIRR,$16.55,1441736185183,"1,120",100% bearish,of 1 rating,N/A
FTSL,$48.87,1441736185210,"13,485",100% bearish,of 1 rating,N/A
QINC,NULL,1441736185234,0,Not yet rated,NULL,N/A
FKO,NULL,1441736185437,0,Not yet rated,NULL,N/A
FDIV,$47.4,1441736185462,300,100% bearish,of 1 rating,N/A
FSZ,$38.39,1441736185619,"2,416",Not yet rated,NULL,N/A
FKU,$41.656,1441736185644,"2,897",Not yet rated,NULL,N/A
FTW,$31.2121,1441736185668,167,Not yet rated,NULL,N/A
SVVC,$9.25,1441736185695,"5,950",50% bullish,of 2 ratings,$26
TUSA,$24.83,1441736185721,508,Not yet rated,NULL,N/A
FMER,$17.58,1441736185852,"168,895",50% bullish,of 2 ratings,$20
FUNC,$8.07,1441736185981,"1,900",Not yet rated,NULL,N/A
FISV,$86,1441736186035,"350,316",100% bearish,of 3 ratings,$90
FIVE,$34.12,1441736186112,"549,666",75% bearish,of 4 ratings,$43.50
FPRX,$20.25,1441736186137,"59,176",50% bullish,of 2 ratings,$35
FSV,$32.05,1441736186163,"3,000",Not yet rated,NULL,$33.60
FIVN,$3.755,1441736186295,"44,292",100% bullish,of 1 rating,$8.50
FLML,$22.75,1441736186340,"88,363",50% bullish,of 2 ratings,$30
FLXN,$29.06,1441736186724,"46,165",100% bearish,of 1 rating,$40
MBSD,$24.93,1441736186747,"2,400",Not yet rated,NULL,N/A
SKOR,$50.44,1441736186813,"4,700",Not yet rated,NULL,N/A
FLEX,$10.53,1441736186846,"792,620",63% bullish,of 8 ratings,$12
FLXS,$30.4,1441736186871,"4,220",100% bearish,of 2 ratings,N/A
FLIR,$28.84,1441736186892,"246,559",100% bearish,of 2 ratings,$38.50
FLKS,$11.99,1441736186925,"30,325",50% bullish,of 2 ratings,$27
FLDM,$11.2,1441736186953,"154,987",67% bearish,of 3 ratings,$15
FOMX,$9.96,1441736187306,"24,528",50% bullish,of 2 ratings,$23.50
FOGO,$18.97,1441736187331,"21,268",50% bullish,of 2 ratings,$25.50
FES,$0.8601,1441736187365,"37,500",50% bullish,of 2 ratings,$1
FFIC,$19.64,1441736187405,"10,865",Not yet rated,NULL,$20.50
FORM,$6.85,1441736187465,"47,633",67% bullish,of 3 ratings,$10.50
FONR,$10.57,1441736187514,"26,830",100% bullish,of 1 rating,N/A
FORTY,NULL,1441736187643,0,100% bearish,of 1 rating,N/A
FORR,$31.13,1441736187718,"13,599",Not yet rated,NULL,N/A
FTNT,$43,1441736187862,"395,589",80% bullish,of 10 ratings,$52
FBIO,$2.55,1441736187891,"39,138",83% bullish,of 6 ratings,N/A
FWRD,$44.71,1441736187921,"35,732",100% bearish,of 1 rating,$50
FORD,$1.66,1441736188018,"877,690",67% bullish,of 3 ratings,N/A
FOSL,$61.15,1441736188048,"226,095",60% bearish,of 5 ratings,$80
FWP,$26.49,1441736188119,"31,000",100% bearish,of 1 rating,$45
FMI,$23.285,1441736188251,"42,305",100% bearish,of 2 ratings,$27.50
FELE,$27.885,1441736188409,"80,799",50% bullish,of 4 ratings,$33
FXCB,$17.14,1441736188435,735,Not yet rated,NULL,$19
FOXF,$15.27,1441736188497,"8,797",100% bearish,of 1 rating,$19
FRAN,$12.56,1441736188522,"649,853",50% bullish,of 4 ratings,$15
FREE,$0.3325,1441736188599,"404,416",92% bullish,of 12 ratings,N/A
FRED,$12.89,1441736188708,"50,650",50% bullish,of 2 ratings,$15.50
FEIM,$11.25,1441736188734,"2,600",100% bearish,of 1 rating,N/A
RAIL,$20.3925,1441736188778,"39,060",100% bearish,of 1 rating,$24.50
FTR,$5.375,1441736188881,"5,500,228",78% bullish,of 27 ratings,$6.25
FTRPR,$105.65,1441736188906,"20,714",100% bearish,of 1 rating,N/A
FRPT,$12.59,1441736189041,"101,214",67% bearish,of 3 ratings,$23.50
FRPH,$30.5,1441736189103,"5,174",100% bearish,of 1 rating,N/A
FSBW,$23.17,1441736189232,540,Not yet rated,NULL,N/A
FSYS,$6.31,1441736189331,"74,558",67% bullish,of 3 ratings,$8.50
FTEK,$2.02,1441736189357,"11,813",75% bullish,of 4 ratings,N/A
FTD,$29.12,1441736189404,"10,118",100% bearish,of 1 rating,$40
FCEL,$0.904,1441736189535,"775,245",88% bullish,of 41 ratings,$2.65
FULLL,$25.2999,1441736189565,900,Not yet rated,NULL,N/A
FULL,$3.1198,1441736189664,"19,368",67% bearish,of 3 ratings,$4.25
FLL,$1.3942,1441736189691,"10,354",75% bullish,of 4 ratings,$3.50
FULT,$11.95,1441736189823,"156,984",100% bearish,of 1 rating,$13
FFHL,NULL,1441736189858,0,50% bullish,of 4 ratings,N/A
FXEN,$0.9901,1441736190042,"12,805",75% bullish,of 4 ratings,$1.10
FSNN,$2.23,1441736190067,"10,300",67% bullish,of 3 ratings,$6
FXENP,$15.13,1441736190092,700,100% bearish,of 1 rating,N/A
WILC,$4.77,1441736190139,300,100% bullish,of 2 ratings,N/A
GAIA,$5.99,1441736190221,"11,643",50% bullish,of 2 ratings,$8.50
GK,$67.89,1441736190250,"19,728",Not yet rated,NULL,$78
GLPG,$58.94,1441736190351,"6,233",100% bullish,of 1 rating,$75
GALT,$2.17,1441736190430,"69,706",80% bullish,of 5 ratings,N/A
GALTU,NULL,1441736190511,0,100% bearish,of 1 rating,N/A
GALTW,NULL,1441736190590,0,100% bullish,of 1 rating,N/A
GALE,$1.58,1441736190618,"220,902",89% bullish,of 47 ratings,$4
GLMD,$8.26,1441736190747,"7,334",67% bullish,of 3 ratings,$20.50
GLPI,$30.55,1441736190772,"115,032",100% bearish,of 1 rating,$37.50
GGAC,$9.92,1441736190908,81,100% bearish,of 1 rating,N/A
GPIC,$9.77,1441736190938,"2,500",100% bearish,of 1 rating,N/A
GRMN,$37.58,1441736191034,"295,122",50% bullish,of 6 ratings,$46.50
GGACR,$0.23,1441736191062,"15,600",100% bullish,of 1 rating,N/A
GGACU,NULL,1441736191119,0,Not yet rated,NULL,N/A
GARS,$14.55,1441736191493,"20,658",Not yet rated,NULL,$16
GNCMA,$17.46,1441736191521,"54,089",100% bearish,of 1 rating,$12
GENC,$9.04,1441736191587,500,100% bearish,of 1 rating,N/A
GFN,$3.8,1441736191619,"7,375",100% bearish,of 2 ratings,$8
GFNSL,$25.51,1441736191663,900,Not yet rated,NULL,N/A
GFNCP,$88.5,1441736191691,70,Not yet rated,NULL,N/A
GGACW,$0.14,1441736191716,"19,480",Not yet rated,NULL,N/A
GENE,$2.37,1441736191875,"43,685",100% bullish,of 12 ratings,N/A
GNMK,$9.9,1441736191947,"13,566",67% bullish,of 6 ratings,$14
GNCA,$11.22,1441736192079,"25,450",100% bearish,of 1 rating,$20
GHDX,$25.28,1441736192107,"25,560",50% bullish,of 2 ratings,$30
THRM,$45.48,1441736192128,"129,945",75% bearish,of 4 ratings,$55.50
GNVC,$2.65,1441736192331,"16,941",90% bullish,of 10 ratings,$8.50
GNTX,$15.96,1441736192373,"1,078,441",Not yet rated,NULL,$20
GEOS,$16.72,1441736192468,"27,783",100% bearish,of 3 ratings,$21
GTWN,NULL,1441736192498,0,Not yet rated,NULL,N/A
GERN,$3.31,1441736192574,"900,729",88% bullish,of 17 ratings,$5.25
GEVO,$2.2811,1441736192630,"325,838",75% bullish,of 12 ratings,$5
GABC,$28.77,1441736192660,"2,249",Not yet rated,NULL,$31.50
ROCK,$16.76,1441736192758,"32,289",80% bullish,of 5 ratings,$24
GIGM,$0.5203,1441736192846,"27,970",100% bullish,of 2 ratings,N/A
GIGA,$1.335,1441736193110,"112,360",100% bearish,of 1 rating,N/A
GIII,$68.99,1441736193139,"103,444",67% bullish,of 3 ratings,$79
GILD,$104.13,1441736193160,"2,940,946",91% bullish,of 89 ratings,$129
GILT,$4.17,1441736193189,"3,880",50% bullish,of 2 ratings,N/A
GLAD,$8.91,1441736193340,"93,430",50% bullish,of 2 ratings,$8.75
GBCI,$26.29,1441736193366,"29,344",50% bullish,of 2 ratings,$31
GOOD,$13.985,1441736193395,"25,034",Not yet rated,NULL,$19
GLADO,$25.55,1441736193494,"3,300",Not yet rated,NULL,N/A
GOODO,$25.14,1441736193638,200,Not yet rated,NULL,N/A
GOODN,$25.55,1441736193665,204,Not yet rated,NULL,N/A
GOODP,$25.2,1441736193723,400,Not yet rated,NULL,N/A
GAINO,NULL,1441736193795,0,Not yet rated,NULL,N/A
GAIN,$7.48,1441736193822,"51,185",100% bullish,of 2 ratings,$8.25
GAINN,$25.2101,1441736193842,"33,551",Not yet rated,NULL,N/A
GAINP,$25.65,1441736194138,"2,100",Not yet rated,NULL,N/A
LAND,$9.23,1441736194163,"19,664",50% bullish,of 2 ratings,$13.75
GBT,$51.41,1441736194240,"132,729",100% bearish,of 1 rating,N/A
ENT,$11.25,1441736194309,"45,800",100% bearish,of 1 rating,$18
GDEF,$10.65,1441736194336,400,Not yet rated,NULL,N/A
GLBZ,$11.37,1441736194407,107,Not yet rated,NULL,N/A
GPACU,NULL,1441736194540,0,Not yet rated,NULL,N/A
GBLI,$27.37,1441736194598,"2,732",Not yet rated,NULL,N/A
ACTX,NULL,1441736194734,0,100% bullish,of 1 rating,N/A
SOCL,$17.41,1441736194835,"10,704",100% bullish,of 2 ratings,N/A
GSOL,$8.48,1441736194863,"4,698",100% bearish,of 1 rating,N/A
ALTY,$14.2953,1441736194890,101,Not yet rated,NULL,N/A
QQQC,$18.65,1441736194938,505,100% bearish,of 1 rating,N/A
SRET,$12.96,1441736194962,11,Not yet rated,NULL,N/A
GAI,$6.16,1441736195198,500,50% bullish,of 2 ratings,N/A
YLCO,$11.6199,1441736195225,"1,700",Not yet rated,NULL,N/A
GLBS,$1.25,1441736195254,"9,338",67% bullish,of 3 ratings,N/A
GBIM,$2.67,1441736195404,"2,744",50% bullish,of 2 ratings,N/A
GLRI,$1,1441736195432,"22,864",100% bearish,of 1 rating,$4.25
GSM,$14.38,1441736195457,"167,862",50% bullish,of 2 ratings,$22
GLUU,$4.57,1441736195482,"736,067",92% bullish,of 26 ratings,$9
GLYC,$6.93,1441736195619,"27,162",50% bullish,of 2 ratings,$14
GOGO,$15.79,1441736195747,"146,177",80% bullish,of 5 ratings,$25
GLNG,$38.92,1441736195810,"314,606",83% bullish,of 6 ratings,$55.50
GMLP,$21.06,1441736195836,"47,466",50% bullish,of 4 ratings,$29
GLDC,$3.97,1441736195967,"1,067",50% bullish,of 2 ratings,N/A
GDEN,$9.07,1441736195999,"1,800",50% bullish,of 2 ratings,N/A
GOGL,$2.905,1441736196020,"63,862",75% bullish,of 4 ratings,$5
GTIM,$7.06,1441736196099,"14,858",Not yet rated,NULL,$11.50
GBDC,$17.095,1441736196302,"120,704",Not yet rated,NULL,$17.75
GOOG,$613.3,1441736196334,"520,008",87% bullish,of 75 ratings,$787.50
GPRO,$36.905,1441736196360,"4,607,395",78% bullish,of 60 ratings,$71
GOOGL,$641.89,1441736196441,"584,068",88% bullish,of 1083 ratings,$749
GPIA,NULL,1441736196523,0,100% bearish,of 1 rating,N/A
GMAN,$3.72,1441736196652,"12,759",60% bullish,of 5 ratings,$8.50
GPIAW,NULL,1441736196676,0,Not yet rated,NULL,N/A
GPIAU,$9.96,1441736196708,700,Not yet rated,NULL,N/A
GBSNU,NULL,1441736196806,0,NULL,NULL,NULL
LOPE,$37.61,1441736196833,"34,777",100% bearish,of 2 ratings,$50
GRVY,$3.69,1441736196858,861,50% bullish,of 2 ratings,N/A
GSBC,$41.45,1441736197192,"7,923",100% bullish,of 1 rating,$44
GNBC,$12,1441736197224,"17,550",100% bearish,of 1 rating,$16.50
GLDD,$5.43,1441736197257,"40,651",100% bearish,of 4 ratings,$7.75
GPP,$13.92,1441736197327,"46,955",Not yet rated,NULL,$20.50
GRBK,$12,1441736197353,"46,016",77% bullish,of 13 ratings,N/A
GBSN,$0.158,1441736197431,"4,730,577",50% bullish,of 2 ratings,$8.25
GPRE,$20.45,1441736197487,"242,521",67% bullish,of 6 ratings,$28.50
GCBC,$29,1441736197512,27,100% bullish,of 1 rating,N/A
GRIF,$31.26,1441736197718,"8,934",100% bearish,of 1 rating,N/A
GLRE,$24.761,1441736197743,"39,089",50% bullish,of 2 ratings,$34
GRFS,$31.8,1441736197872,"220,993",50% bullish,of 2 ratings,$35
GRPN,$4.235,1441736197898,"2,693,498",61% bullish,of 71 ratings,$6.75
OMAB,$41.15,1441736197979,"19,574",100% bullish,of 1 rating,$44
GGAL,$20.17,1441736198043,"119,741",80% bullish,of 5 ratings,$40
GSIG,$12.91,1441736198081,"11,844",100% bearish,of 2 ratings,N/A
GSIT,$4.55,1441736198139,"8,053",100% bearish,of 1 rating,N/A
GBNK,$15.5,1441736198663,"6,121",100% bearish,of 1 rating,$18
GFED,$14.25,1441736198697,"2,232",Not yet rated,NULL,$17
GUID,$6.78,1441736198719,"19,502",100% bearish,of 3 ratings,$10
GIFI,$12.05,1441736198752,"27,600",100% bearish,of 1 rating,$16
GURE,$1.61,1441736198793,"26,162",88% bullish,of 8 ratings,N/A
GTXI,$0.87,1441736198821,"3,100",100% bullish,of 5 ratings,$.75
GULTU,$0.334,1441736198848,"110,744",100% bearish,of 1 rating,N/A
GSVC,$9.04,1441736198878,"14,076",50% bullish,of 2 ratings,$15.75
GPOR,$33.005,1441736199123,"717,066",75% bullish,of 4 ratings,$54
GWGH,$7.97,1441736199157,164,100% bearish,of 1 rating,$15.05
GWPH,$105.17,1441736199191,"39,339",78% bullish,of 9 ratings,$148.50
HEES,$19.89,1441736199255,"186,208",67% bearish,of 3 ratings,$31
GYRO,$32.701,1441736199282,"5,795",100% bearish,of 1 rating,N/A
HLG,$9,1441736199309,500,100% bearish,of 1 rating,N/A
HALL,$11.45,1441736199531,"25,201",Not yet rated,NULL,N/A
HNRG,$7.15,1441736199559,"43,605",100% bearish,of 1 rating,$10
HALO,$17.23,1441736199708,"132,595",67% bullish,of 3 ratings,$22.50
HMPR,$1.9015,1441736199804,"13,854",100% bullish,of 1 rating,N/A
HBK,NULL,1441736199830,0,50% bullish,of 2 ratings,N/A
HBHC,$27.79,1441736199851,"131,295",50% bullish,of 2 ratings,$30
HBHCL,$24.2,1441736199986,"58,461",Not yet rated,NULL,N/A
HAFC,$24.53,1441736200021,"110,544",100% bullish,of 2 ratings,$28.50
HNH,$24.62,1441736200047,"4,778",100% bullish,of 1 rating,N/A
HNSN,$0.57,1441736200179,"61,097",88% bullish,of 8 ratings,$.40
HQCL,$12.58,1441736200520,"2,483",67% bullish,of 3 ratings,$14
HDNG,$10.49,1441736200545,"13,298",50% bullish,of 4 ratings,N/A
HRMNU,NULL,1441736200599,0,Not yet rated,NULL,N/A
HLIT,$5.645,1441736200624,"100,753",100% bearish,of 1 rating,$6.50
HRMN,NULL,1441736200645,0,Not yet rated,NULL,N/A
HRMNW,NULL,1441736200776,0,Not yet rated,NULL,N/A
TINY,$2.4601,1441736200869,"10,308",50% bullish,of 2 ratings,$5.26
HART,$1.34,1441736200970,"82,444",100% bearish,of 1 rating,N/A
HBIO,$4.48,1441736201028,"37,277",100% bearish,of 1 rating,$10
HA,$24.484,1441736201053,"227,555",67% bullish,of 9 ratings,$27
HAS,$75.84,1441736201080,"326,036",63% bullish,of 8 ratings,$84.50
HCAPL,$25.41,1441736201124,772,Not yet rated,NULL,N/A
HCAP,$12,1441736201155,"3,974",50% bullish,of 2 ratings,$15
HCOM,$21.46,1441736201225,"2,983",100% bearish,of 1 rating,$28
HWKN,$38.28,1441736201336,"9,117",Not yet rated,NULL,N/A
HWBK,$13.51,1441736201649,"3,235",100% bearish,of 1 rating,N/A
HDS,$33.23,1441736201689,"1,115,886",100% bearish,of 2 ratings,$39.50
HAYN,$37.37,1441736201714,"11,872",100% bearish,of 1 rating,$59
HCSG,$33.29,1441736201741,"82,466",50% bullish,of 4 ratings,$35
HIIQ,$4.84,1441736201774,"3,088",50% bullish,of 2 ratings,$7
HQY,$30.54,1441736201872,"97,123",67% bullish,of 3 ratings,$35
HSTM,$24.6,1441736201897,"23,986",50% bullish,of 2 ratings,$33.75
HTLD,$20.75,1441736201939,"82,053",Not yet rated,NULL,$22.50
HTWR,$67.14,1441736202108,"129,370",50% bullish,of 2 ratings,$97.50
HTBX,$3.967,1441736202149,"12,495",50% bullish,of 2 ratings,$15.50
HELE,$85.97,1441736202184,"39,904",67% bearish,of 3 ratings,$100
HWAY,$11.59,1441736202210,"138,788",100% bearish,of 1 rating,$15
HTLF,$36.455,1441736202231,"13,287",100% bullish,of 1 rating,$39.50
HSII,$20.36,1441736202365,"8,743",100% bullish,of 3 ratings,$25
HMNY,$2.1475,1441736202466,"8,687",100% bearish,of 1 rating,N/A
HMTV,$13.33,1441736202647,"2,659",100% bearish,of 1 rating,$16
HSIC,$135.92,1441736202678,"81,910",83% bullish,of 6 ratings,$146
HCACU,$10.01,1441736202747,"107,808",Not yet rated,NULL,N/A
HNNA,$24.43,1441736202797,"12,817",100% bearish,of 1 rating,N/A
HERO,NULL,1441736202822,0,NULL,NULL,NULL
HTBK,$10.85,1441736202928,"34,444",Not yet rated,NULL,$12
HFWA,$18.07,1441736202993,"8,739",100% bullish,of 1 rating,$20
HCCI,$12.07,1441736203099,"9,666",100% bearish,of 1 rating,$16.50
HEOP,$7.7525,1441736203135,"8,386",Not yet rated,NULL,$8.50
MLHR,$27.67,1441736203164,"45,128",50% bullish,of 2 ratings,$33.50
HRTX,$40.67,1441736203204,"746,920",57% bullish,of 7 ratings,$41
HSKA,$33.41,1441736203296,"18,109",100% bearish,of 1 rating,$38
HFFC,$16.02,1441736203456,"4,314",Not yet rated,NULL,N/A
HIBB,$39.54,1441736203503,"72,594",100% bearish,of 1 rating,$46.50
HPJ,$2.25,1441736203636,"26,512",75% bullish,of 4 ratings,$12.43
HIHO,$5.1201,1441736203886,"60,147",Not yet rated,NULL,N/A
HIFS,$113.97,1441736203927,"3,762",Not yet rated,NULL,N/A
HIMX,$7.45,1441736204025,"597,513",86% bullish,of 21 ratings,$8.25
HSGX,$6.18,1441736204069,"3,887",100% bearish,of 1 rating,$17
HMNF,$11.42,1441736204100,418,Not yet rated,NULL,N/A
HOLI,$16.66,1441736204120,"171,152",50% bullish,of 4 ratings,$27
HMSY,$10.18,1441736204151,"229,890",67% bullish,of 3 ratings,$19.35
HOLX,$39.53,1441736204179,"1,028,365",50% bullish,of 4 ratings,$42
HBCP,$24.7,1441736204307,"1,866",Not yet rated,NULL,$29
AWAY,$28.45,1441736204546,"168,859",75% bullish,of 4 ratings,$36
HFBL,$21.88,1441736204571,"7,300",Not yet rated,NULL,N/A
HOMB,$38.51,1441736204627,"31,845",Not yet rated,NULL,$42
HMIN,$25.25,1441736204727,"37,391",100% bearish,of 2 ratings,$35
HMST,$22.35,1441736204752,"20,543",100% bullish,of 2 ratings,$27
HTBI,$18.14,1441736204815,"19,879",67% bullish,of 3 ratings,$18.625
HKTV,$4.17,1441736204882,"53,392",100% bearish,of 1 rating,N/A
CETC,$0.768,1441736204958,"18,176",86% bullish,of 7 ratings,N/A
HOFT,$25.17,1441736205026,"24,814",100% bearish,of 1 rating,N/A
HFBC,$10.95,1441736205089,"18,092",Not yet rated,NULL,N/A
HBNC,$23.435,1441736205183,"10,969",100% bullish,of 1 rating,$27
HZNP,$29.46,1441736205266,"647,398",85% bullish,of 20 ratings,$40
HDP,$24.2,1441736205294,"203,941",67% bearish,of 3 ratings,$30.50
HRZN,$10.3899,1441736205315,"11,274",50% bullish,of 2 ratings,$14.25
ZINC,$7.5,1441736205343,"169,956",100% bearish,of 1 rating,$17
HMHC,$22.94,1441736205649,"151,141",Not yet rated,NULL,$27
HBMD,$13.75,1441736205728,"5,651",100% bearish,of 1 rating,N/A
HUBG,$38.58,1441736205756,"94,127",100% bearish,of 1 rating,$43
HSNI,$60.3,1441736206037,"45,576",Not yet rated,NULL,$80
HTGM,$6.21,1441736206066,"5,839",100% bearish,of 1 rating,$19.50
HOVNP,$4.3881,1441736206091,"3,200",100% bearish,of 1 rating,N/A
HCBK,$9.45,1441736206116,"595,723",83% bullish,of 6 ratings,$8.61
HWCC,$7.6,1441736206137,"11,794",100% bearish,of 1 rating,$9
HSON,$2.79,1441736206268,"55,544",100% bearish,of 1 rating,$5
HDSN,$3.07,1441736206362,"11,567",100% bullish,of 1 rating,$6.25
HBANP,$1335,1441736206397,10,100% bearish,of 1 rating,N/A
HBAN,$10.735,1441736206422,"2,082,888",76% bullish,of 17 ratings,$12.29
HURC,$29.8,1441736206604,"2,300",100% bearish,of 1 rating,N/A
HTCH,$1.505,1441736206632,"38,706",100% bearish,of 1 rating,$3.50
HBP,$3.06,1441736206656,200,100% bullish,of 1 rating,N/A
HURN,$73.96,1441736206706,"36,553",50% bullish,of 2 ratings,$80
HDRA,NULL,1441736206850,0,Not yet rated,NULL,N/A
HDRAR,NULL,1441736206937,0,Not yet rated,NULL,N/A
HDRAU,NULL,1441736207016,0,Not yet rated,NULL,N/A
HYGS,$8.67,1441736207115,"7,675",50% bullish,of 2 ratings,$13
HDRAW,NULL,1441736207144,0,Not yet rated,NULL,N/A
IDSY,$3.82,1441736207169,"10,418",100% bearish,of 1 rating,$7
IACI,$69.74,1441736207195,"258,489",80% bullish,of 5 ratings,$90
IKGH,$1.55,1441736207216,"37,823",75% bullish,of 4 ratings,N/A
IBKC,$60.96,1441736207427,"27,611",100% bullish,of 1 rating,$70
ICAD,$4.03,1441736207640,"17,784",50% bullish,of 2 ratings,$7.25
IEP,$68.1099,1441736207740,"64,791",75% bullish,of 4 ratings,$99
ICLR,$77.55,1441736207807,"119,629",100% bearish,of 3 ratings,$85
ICON,$13.245,1441736207871,"288,721",50% bullish,of 2 ratings,$18.50
ICFI,$33.69,1441736207896,"6,358",50% bullish,of 2 ratings,$48.50
ICUI,$111.08,1441736207941,"42,112",Not yet rated,NULL,$122
IPWR,$7.69,1441736208073,"4,505",100% bullish,of 1 rating,$15
INVE,$4.47,1441736208101,"10,370",75% bullish,of 4 ratings,$4
IDRA,$2.96,1441736208285,"242,466",89% bullish,of 9 ratings,$6.50
IDXX,$74.64,1441736208316,"149,946",100% bearish,of 1 rating,$76
IROQ,$16.725,1441736208342,200,100% bullish,of 1 rating,N/A
IRG,$5.19,1441736208371,"9,425",100% bearish,of 1 rating,$4.25
DSKY,$10.899,1441736208472,"60,202",67% bullish,of 6 ratings,$11.50
IIVI,$16.94,1441736208497,"38,750",100% bearish,of 1 rating,$22
RXDX,$16.1,1441736208544,"95,966",100% bullish,of 1 rating,$20
KANG,$15.295,1441736208807,"163,002",50% bullish,of 2 ratings,$23.10
ILMN,$196.27,1441736208947,"284,157",80% bullish,of 5 ratings,$245
IKAN,$2.75,1441736209013,"24,672",83% bullish,of 6 ratings,$5
IKNX,NULL,1441736209040,0,100% bearish,of 1 rating,N/A
IMNP,$1.395,1441736209076,"128,199",50% bullish,of 2 ratings,$6
IMDZ,$15.37,1441736209101,"69,156",100% bearish,of 1 rating,$33
IMMR,$12.69,1441736209129,"79,150",80% bullish,of 5 ratings,$15.50
ISNS,$4.2,1441736209171,"6,544",50% bullish,of 2 ratings,N/A
ICCC,$7.2,1441736209264,"4,863",100% bullish,of 1 rating,N/A
IMMU,$2.32,1441736209625,"1,940,125",86% bullish,of 7 ratings,$2
IPXL,$45,1441736209666,"1,012,996",67% bullish,of 3 ratings,$46.50
IMGN,$13.32,1441736209694,"381,203",75% bullish,of 4 ratings,$17.50
IMMY,$7.7,1441736209755,"2,601",100% bearish,of 1 rating,$11
INCR,$42.92,1441736209835,"106,447",50% bullish,of 2 ratings,$53
SAAS,$7.27,1441736210245,"153,463",50% bullish,of 2 ratings,$15
INDB,$44.78,1441736210287,"13,355",Not yet rated,NULL,$44
IBTX,$41.67,1441736210313,"5,159",100% bullish,of 2 ratings,$47.25
IBCP,$14.25,1441736210334,"21,511",100% bullish,of 1 rating,$14.50
INCY,$118.35,1441736210365,"192,553",50% bullish,of 6 ratings,$125.50
INFN,$20.47,1441736210390,"1,859,402",71% bullish,of 7 ratings,$28
IDSA,NULL,1441736210597,0,Not yet rated,NULL,N/A
INFI,$8.7,1441736210752,"92,034",50% bullish,of 4 ratings,$16.50
IFON,$1.26,1441736210781,"9,886",75% bullish,of 4 ratings,N/A
III,$3.755,1441736210808,"15,676",57% bullish,of 7 ratings,$6
IPCC,$75.82,1441736210883,"5,506",Not yet rated,NULL,$77.50
INNL,$13,1441736210946,"43,834",100% bearish,of 1 rating,$16.50
INWK,$7.1,1441736210997,"21,318",50% bullish,of 2 ratings,$10
IMKTA,$49.68,1441736211051,"40,213",100% bearish,of 1 rating,N/A
INOD,$2.3,1441736211194,"21,100",100% bearish,of 1 rating,N/A
IOSP,$49.44,1441736211558,"60,525",100% bearish,of 1 rating,N/A
IPHS,$45.62,1441736211603,"23,105",100% bearish,of 1 rating,$60
INGN,$52.05,1441736211693,"111,588",100% bearish,of 1 rating,$50.50
ISSC,$2.83,1441736211730,10,67% bearish,of 3 ratings,N/A
NSIT,$24.87,1441736211758,"34,205",50% bullish,of 2 ratings,N/A
ITEK,$13,1441736211778,"121,782",100% bearish,of 3 ratings,$20
INO,$7.08,1441736211826,"289,140",89% bullish,of 18 ratings,$20
INOV,$21.22,1441736211929,"119,573",100% bearish,of 1 rating,$33
INSM,$24.59,1441736212031,"117,684",71% bullish,of 7 ratings,$31.50
ISIG,$2.64,1441736212113,"1,717",100% bearish,of 1 rating,N/A
NTEC,$5.65,1441736212166,"1,498",100% bearish,of 1 rating,N/A
INSY,$34.33,1441736212241,"352,063",75% bullish,of 4 ratings,$48
PODD,$28.93,1441736212309,"57,852",67% bearish,of 3 ratings,$35
IIIN,$18.04,1441736212343,"13,363",100% bearish,of 2 ratings,N/A
IART,$63.11,1441736212457,"52,874",100% bearish,of 2 ratings,$71.50
IDTI,$19.84,1441736212610,"755,854",60% bullish,of 5 ratings,$25
INTC,$29.3975,1441736212765,"9,432,957",82% bullish,of 238 ratings,$36
IESC,$7.11,1441736212796,"3,621",100% bearish,of 1 rating,N/A
ISSI,$21.9575,1441736212899,"63,438",67% bullish,of 3 ratings,$19.75
IQNT,$19.35,1441736212924,"155,977",86% bullish,of 7 ratings,$20
IBKR,$38.326,1441736213058,"145,803",100% bullish,of 1 rating,N/A
IPAR,$25.17,1441736213115,"20,192",67% bullish,of 3 ratings,$38
IPCI,$2.23,1441736213200,"11,517",67% bullish,of 6 ratings,$8
ININ,$36.16,1441736213224,"24,087",67% bearish,of 3 ratings,$57
ICLD,$2.035,1441736213358,"190,391",75% bullish,of 4 ratings,N/A
ICPT,$191.17,1441736213385,"90,557",70% bullish,of 10 ratings,$359.50
ICLDW,NULL,1441736213405,0,100% bearish,of 1 rating,N/A
IDCC,$48.68,1441736213539,"57,167",80% bullish,of 5 ratings,$63
TILE,$24.5,1441736213600,"98,912",100% bearish,of 3 ratings,$27
IMI,$1.96,1441736213751,"10,413",67% bullish,of 3 ratings,$2.22
INAP,$9.29,1441736214093,"52,821",75% bullish,of 4 ratings,$11
IBOC,$25.34,1441736214120,"44,739",100% bearish,of 1 rating,N/A
IIJI,$8.6999,1441736214198,120,50% bullish,of 2 ratings,$12.50
ISCA,$32.66,1441736214228,"14,138",100% bearish,of 1 rating,N/A
IGLD,$7.38,1441736214264,"1,075",50% bullish,of 2 ratings,N/A
INPH,$0.31,1441736214289,"3,017",50% bullish,of 2 ratings,N/A
PTNT,$2.97,1441736214331,800,Not yet rated,NULL,N/A
XENT,$25.4,1441736214476,"100,517",50% bullish,of 2 ratings,$36.50
INTX,$1.99,1441736214530,"2,090",67% bullish,of 3 ratings,N/A
ISIL,$10.815,1441736214561,"288,689",50% bullish,of 6 ratings,$15
IVAC,$4.93,1441736214664,"8,247",100% bearish,of 1 rating,$6.625
IILG,$19.59,1441736214693,"22,838",100% bearish,of 1 rating,$29
INTL,$25.67,1441736214718,"8,715",67% bearish,of 3 ratings,N/A
ITCI,$27.37,1441736214855,"112,013",75% bearish,of 4 ratings,$40
INTLL,$26.09,1441736214880,100,Not yet rated,NULL,N/A
IIN,$6.75,1441736215118,"2,100",100% bearish,of 1 rating,$12
INTU,$87.03,1441736215148,"581,395",86% bullish,of 7 ratings,$107.50
SNAK,$8.35,1441736215248,"21,703",50% bullish,of 2 ratings,$14
ISRG,$517.51,1441736215323,"33,241",67% bullish,of 3 ratings,$600
ISBC,$11.915,1441736215349,"555,680",100% bullish,of 1 rating,$13.25
INVT,$0.3307,1441736215491,"44,621",67% bullish,of 3 ratings,N/A
IVTY,$14.22,1441736215573,"10,660",Not yet rated,NULL,$18
ITIC,$70.95,1441736215623,100,100% bearish,of 2 ratings,N/A
NVIV,$10.93,1441736215654,"254,927",50% bullish,of 4 ratings,$24.50
ISTR,$15.92,1441736215682,"1,902",100% bearish,of 1 rating,$18.50
IPAS,$1.08,1441736215749,"3,050",67% bullish,of 3 ratings,N/A
DFVL,NULL,1441736215813,0,Not yet rated,NULL,N/A
DTUL,NULL,1441736215843,0,Not yet rated,NULL,N/A
IPGP,$83.39,1441736216192,"139,600",67% bearish,of 3 ratings,$109.50
IPCM,$79.18,1441736216235,"73,753",50% bullish,of 2 ratings,$80.125
IRIX,$6.89,1441736216297,"1,053",100% bearish,of 1 rating,N/A
IRDM,$6.895,1441736216367,"167,366",60% bullish,of 5 ratings,$11.50
IRMD,$24.82,1441736216392,"8,312",67% bearish,of 3 ratings,$25
IRDMB,$281.5,1441736216416,150,67% bearish,of 3 ratings,N/A
IRBT,$30.41,1441736216444,"76,137",67% bullish,of 6 ratings,$37
IRWD,$11.2,1441736216574,"443,710",100% bearish,of 1 rating,$13
FCHI,NULL,1441736216711,0,NULL,NULL,NULL
IRCP,NULL,1441736216739,0,100% bullish,of 2 ratings,N/A
COMT,$33.4185,1441736216760,"2,447",100% bearish,of 1 rating,N/A
IFEU,$37.82,1441736216892,400,Not yet rated,NULL,N/A
IFAS,NULL,1441736216916,0,NULL,NULL,NULL
GNMA,$50.01,1441736216941,"3,616",Not yet rated,NULL,N/A
IFNA,NULL,1441736217136,0,NULL,NULL,NULL
IFGL,$28.04,1441736217161,"61,787",Not yet rated,NULL,N/A
AAIT,NULL,1441736217290,0,NULL,NULL,NULL
ACWI,$55.25,1441736217316,"1,365,735",Not yet rated,NULL,N/A
AAXJ,$52.8,1441736217336,"437,620",Not yet rated,NULL,N/A
ACWX,$40.08,1441736217370,"383,474",100% bearish,of 1 rating,N/A
AXJS,NULL,1441736217393,0,NULL,NULL,NULL
EEMA,$49.46,1441736217521,"16,063",Not yet rated,NULL,N/A
EMDI,NULL,1441736217567,0,NULL,NULL,NULL
EMEY,NULL,1441736217670,0,NULL,NULL,NULL
EGRW,NULL,1441736217703,0,NULL,NULL,NULL
EEME,NULL,1441736217760,0,NULL,NULL,NULL
EEML,NULL,1441736217867,0,Not yet rated,NULL,N/A
EUFN,$21.51,1441736217998,"56,936",100% bearish,of 1 rating,N/A
EVAL,NULL,1441736218021,0,NULL,NULL,NULL
IEUS,$45.42,1441736218083,"1,515",100% bearish,of 1 rating,N/A
UAE,$17.799,1441736218215,"1,600",Not yet rated,NULL,N/A
QAT,$21.16,1441736218243,"1,500",Not yet rated,NULL,N/A
SOXX,$84.26,1441736218417,"233,680",50% bullish,of 2 ratings,N/A
IBB,$347.9101,1441736218467,"488,186",67% bullish,of 9 ratings,N/A
EMIF,$28.03,1441736218551,"2,745",Not yet rated,NULL,N/A
ICLN,$9.39,1441736218603,"15,759",50% bullish,of 2 ratings,N/A
WOOD,$48.0599,1441736218694,"3,820",50% bullish,of 2 ratings,N/A
INDY,$26.5028,1441736218919,"613,471",50% bullish,of 2 ratings,N/A
ISHG,$79.755,1441736218944,459,100% bearish,of 1 rating,N/A
ISIS,$53.63,1441736218972,"357,124",53% bullish,of 15 ratings,$67
IGOV,$91.234,1441736219018,"13,413",100% bearish,of 1 rating,N/A
ISLE,$19.81,1441736219132,"207,769",50% bullish,of 4 ratings,$17
ISRL,$125.71,1441736219158,103,100% bearish,of 1 rating,N/A
ITRI,$28.99,1441736219322,"41,313",100% bearish,of 1 rating,$37
ITRN,$23.74,1441736219383,757,50% bullish,of 2 ratings,N/A
ITUS,$4.15,1441736219486,"9,624",Not yet rated,NULL,N/A
MAYS,$58.8,1441736219547,121,Not yet rated,NULL,N/A
XXIA,$14.995,1441736219593,"217,948",71% bullish,of 7 ratings,$14.625
IXYS,$11.63,1441736219635,"34,091",50% bullish,of 4 ratings,N/A
JJSF,$116.02,1441736219726,"17,476",100% bearish,of 1 rating,N/A
JBHT,$76.55,1441736219917,"249,536",50% bullish,of 4 ratings,$89.50
JASO,$7.92,1441736219948,"388,403",82% bullish,of 17 ratings,$10
JCOM,$67.91,1441736219975,"51,968",100% bullish,of 2 ratings,$77
JKHY,$67.97,1441736220011,"71,996",67% bearish,of 3 ratings,$72
JACK,$79.36,1441736220044,"100,035",71% bullish,of 7 ratings,$105
JXSB,NULL,1441736220105,0,Not yet rated,NULL,N/A
JAXB,$13.15,1441736220241,222,100% bullish,of 1 rating,N/A
JAGX,$3.3301,1441736220409,"7,600",Not yet rated,NULL,$10.50
JMBA,$14.14,1441736220441,"66,561",75% bullish,of 4 ratings,$18
JAKK,$9.76,1441736220467,"288,526",60% bearish,of 5 ratings,$11
ERW,NULL,1441736220542,0,Not yet rated,NULL,N/A
JRVR,$27.99,1441736220572,"16,110",Not yet rated,NULL,$32
JASN,$4.85,1441736220608,"4,654",50% bullish,of 2 ratings,$9.50
JASNW,NULL,1441736220671,0,50% bullish,of 2 ratings,N/A
JBLU,$24.7075,1441736220950,"3,095,363",94% bullish,of 18 ratings,$27
JCTCF,NULL,1441736220982,0,100% bullish,of 1 rating,N/A
JD,$24.125,1441736221003,"10,835,025",75% bullish,of 16 ratings,$36
JAZZ,$166.09,1441736221048,"103,514",80% bullish,of 15 ratings,$206.50
DATE,$5.94,1441736221076,"30,721",75% bullish,of 4 ratings,$9
JTPY,$2.9699,1441736221135,"11,800",100% bearish,of 1 rating,N/A
JST,$3.74,1441736221212,"4,733",75% bullish,of 4 ratings,N/A
JIVE,$4.695,1441736221315,"1,592,866",75% bullish,of 4 ratings,$5
WYIGU,$9.95,1441736221394,"2,100",100% bearish,of 1 rating,N/A
JBSS,$51.65,1441736221551,"19,850",67% bearish,of 3 ratings,N/A
JOEZ,$0.1602,1441736221577,"263,192",92% bullish,of 12 ratings,N/A
JOUT,$25.01,1441736221598,"14,307",100% bearish,of 1 rating,$34
JUNO,$38.8858,1441736221748,"524,021",73% bullish,of 11 ratings,$67
KTWO,$20.76,1441736221773,"31,249",100% bearish,of 1 rating,$28.50
KBIO,$3.47,1441736221917,"825,624",50% bullish,of 4 ratings,N/A
JNP,$13.6,1441736221945,"82,997",100% bullish,of 3 ratings,$15
KALU,$83.09,1441736221977,"45,428",67% bearish,of 3 ratings,$91
KCLI,$46.447,1441736222080,"4,107",Not yet rated,NULL,N/A
KMDA,$3.52,1441736222120,"2,540",50% bullish,of 2 ratings,$8
KNDI,$6.31,1441736222149,"132,258",86% bullish,of 22 ratings,N/A
KPTI,$14.31,1441736222249,"39,647",67% bearish,of 3 ratings,$35.50
KBSF,NULL,1441736222274,0,100% bullish,of 1 rating,N/A
KCAP,$4.81,1441736222512,"43,876",75% bullish,of 4 ratings,$6
KRNY,$11.15,1441736222572,"477,237",100% bearish,of 1 rating,$12.50
KELYB,NULL,1441736222603,0,50% bullish,of 2 ratings,N/A
KELYA,$14.24,1441736222624,"31,414",67% bullish,of 6 ratings,$20
