Symbol,Price,Date,Volume,Rating,RatingVoteCount,OneYearEstimate
FLWS,$9.83,1440004802427,"58,372",100% bullish,of 5 ratings,$15
TFSC,NULL,1440004802457,0,100% bearish,of 1 rating,N/A
PIH,$7.43,1440004802484,100,100% bearish,of 1 rating,N/A
TFSCU,NULL,1440004802511,0,Not yet rated,NULL,N/A
FCCY,NULL,1440004802537,0,100% bullish,of 1 rating,$13
TFSCW,NULL,1440004802563,0,100% bearish,of 1 rating,N/A
TFSCR,NULL,1440004802694,0,Not yet rated,NULL,N/A
FCTY,$7.93,1440004802802,"3,600",100% bullish,of 1 rating,$8.50
DSLV,$62.16,1440004802969,"18,262",100% bearish,of 1 rating,N/A
SRCE,$30.92,1440004803002,"10,099",100% bullish,of 3 ratings,$33
VNET,$20.63,1440004803032,"148,989",60% bullish,of 5 ratings,$29.50
TWOU,$35.41,1440004803058,"116,760",50% bullish,of 2 ratings,$39
USLV,$14.3701,1440004803087,"233,479",86% bullish,of 7 ratings,N/A
DGLD,$82.64,1440004803117,"9,595",100% bullish,of 1 rating,N/A
UGLD,$9.142,1440004803266,"71,333",100% bearish,of 1 rating,N/A
JOBS,$27.42,1440004803518,"38,948",50% bullish,of 4 ratings,$36
AVHI,$14.21,1440004803674,"11,041",100% bearish,of 1 rating,$19
SIXD,$2.36,1440004803703,"91,807",Not yet rated,NULL,N/A
CAFD,$15.01,1440004803724,"85,842",Not yet rated,NULL,$25
ABY,$20.76,1440004803781,"110,804",100% bearish,of 2 ratings,$46
EGHT,$8.54,1440004803802,"75,971",82% bullish,of 17 ratings,$11
SHLM,$35.46,1440004803824,"67,101",100% bearish,of 1 rating,$50
AAON,$22.8,1440004803955,"31,706",100% bearish,of 1 rating,$24
AXAS,$1.605,1440004804115,"362,633",78% bullish,of 9 ratings,$3.50
ABEO,$5.3899,1440004804153,"141,694",67% bullish,of 3 ratings,$15.50
ABMD,$104.69,1440004804175,"203,726",75% bullish,of 4 ratings,$86
ABEOW,$1.73,1440004804198,"3,589",100% bullish,of 1 rating,N/A
ABAX,$47.6,1440004804232,"56,027",100% bearish,of 1 rating,$60
ABGB,$4.2201,1440004804258,"76,444",67% bullish,of 3 ratings,$5.50
ACTG,$8.81,1440004804395,"104,771",67% bullish,of 3 ratings,$18.50
ACAD,$38.32,1440004804688,"196,076",85% bullish,of 20 ratings,$48
AXDX,$18.65,1440004804742,"63,146",100% bearish,of 1 rating,N/A
ACST,$0.3601,1440004804771,"3,200",100% bullish,of 2 ratings,N/A
ACHC,$78.53,1440004804792,"305,446",50% bullish,of 2 ratings,$92
XLRN,$31.08,1440004804924,"64,050",50% bullish,of 2 ratings,$57
VXUP,$17.37,1440004804971,"9,950",Not yet rated,NULL,N/A
ANCX,$19.03,1440004805004,"10,520",Not yet rated,NULL,$19
VXDN,$14.42,1440004805055,238,Not yet rated,NULL,N/A
ARAY,$5.97,1440004805104,"852,500",100% bearish,of 1 rating,$10.50
ACRX,$4.2,1440004805147,"139,153",67% bearish,of 6 ratings,$5.50
ACET,$25.26,1440004805282,"60,286",75% bullish,of 4 ratings,$30
AKAO,$6.96,1440004805311,"21,445",75% bullish,of 4 ratings,$15
ACHN,$8.43,1440004805343,"653,895",90% bullish,of 21 ratings,$16
ACNB,$20.12,1440004805452,63,Not yet rated,NULL,N/A
ACIW,$22.75,1440004805498,"64,374",50% bullish,of 2 ratings,$24
ATVI,$28.92,1440004805721,"1,111,207",68% bullish,of 84 ratings,$31.50
ACPW,$1.87,1440004805763,"14,564",100% bullish,of 4 ratings,$3.50
ACTA,$13.695,1440004805789,"41,788",67% bearish,of 3 ratings,$25
ACTS,$1.4,1440004805857,"17,704",100% bearish,of 1 rating,N/A
ADMS,$20.24,1440004805922,"23,991",100% bearish,of 2 ratings,$36
ACOR,$30.92,1440004805951,"63,438",67% bearish,of 3 ratings,$38.50
ACXM,$20.793,1440004806027,"140,760",67% bullish,of 3 ratings,N/A
ADAP,$15.25,1440004806180,"21,217",67% bullish,of 3 ratings,$22
ADMP,$3.7299,1440004806210,"12,165",50% bullish,of 2 ratings,$10
ADUS,$30.2255,1440004806232,"23,882",100% bearish,of 1 rating,$31
ACUR,$0.6498,1440004806270,"37,102",100% bullish,of 5 ratings,$1
AEY,$2.3501,1440004806369,"15,299",100% bearish,of 2 ratings,N/A
ADEP,$7.2601,1440004806397,"8,853",50% bullish,of 2 ratings,$10.75
ADMA,$9.5,1440004806530,"1,200",Not yet rated,NULL,$19
ADRO,$20.81,1440004806751,"72,395",80% bullish,of 5 ratings,$45.50
ADTN,$15.89,1440004806780,"149,252",67% bullish,of 3 ratings,$17.125
AEIS,$25.88,1440004806808,"31,463",50% bullish,of 2 ratings,$32.50
AMD,$1.7773,1440004806830,"2,574,578",83% bullish,of 102 ratings,$2
ADBE,$85.71,1440004806867,"434,733",65% bullish,of 17 ratings,$90
ADXSW,$10.808,1440004806889,"18,671",100% bullish,of 1 rating,N/A
MULT,NULL,1440004806959,0,100% bearish,of 1 rating,N/A
YPRO,$23.1053,1440004807061,"19,513",100% bearish,of 1 rating,N/A
AEGR,$18,1440004807167,"94,899",50% bullish,of 6 ratings,$26
AEHR,$2.2,1440004807251,812,50% bullish,of 2 ratings,N/A
AMTX,$3.3,1440004807309,"4,500",50% bullish,of 2 ratings,$26.11
AEGN,$18.82,1440004807383,"64,014",100% bearish,of 1 rating,$21
ADXS,$15.24,1440004807414,"274,395",64% bullish,of 14 ratings,$27
AVAV,$25.55,1440004807519,"40,356",50% bullish,of 4 ratings,$31
AEPI,$57.53,1440004807574,"2,740",100% bearish,of 1 rating,N/A
AERI,$16.5,1440004807603,"144,631",75% bullish,of 4 ratings,$31.50
AEZS,$0.1079,1440004807650,"7,385,672",90% bullish,of 21 ratings,$1.50
AEMD,$6.94,1440004807741,"17,685",Not yet rated,NULL,$27.50
AGEN,$7.5,1440004807826,"197,282",85% bullish,of 13 ratings,$14
AFFX,$9.77,1440004807896,"55,338",80% bullish,of 5 ratings,$12
AGRX,$8.57,1440004807960,"8,599",100% bearish,of 1 rating,$18
AGYS,$9.45,1440004807992,"2,122",100% bearish,of 1 rating,N/A
AFMD,$11.16,1440004808055,"160,177",50% bullish,of 4 ratings,$15
AGFS,$9.96,1440004808234,"131,678",100% bearish,of 1 rating,N/A
AGIO,$94.54,1440004808264,"118,128",88% bullish,of 8 ratings,$114
AIMT,$23.3451,1440004808367,"28,774",Not yet rated,NULL,N/A
AIRT,$22.99,1440004808453,100,100% bullish,of 1 rating,N/A
AGFSW,$2,1440004808481,"4,835",100% bearish,of 2 ratings,N/A
AIRM,$39.03,1440004808507,"64,283",80% bearish,of 5 ratings,$53
AKAM,$73.09,1440004808641,"211,231",63% bullish,of 8 ratings,$77
AMCN,$5.07,1440004808680,"152,073",83% bullish,of 6 ratings,N/A
ATSG,$9.55,1440004808811,"41,324",67% bullish,of 3 ratings,$13
AIXG,$6.12,1440004808840,"7,413",67% bearish,of 3 ratings,$6
AKBA,$6.61,1440004809001,"88,203",100% bearish,of 1 rating,$18
AKRX,$43.65,1440004809079,"150,866",78% bullish,of 9 ratings,$56
AKER,$2.8001,1440004809183,"46,419",Not yet rated,NULL,N/A
ALSK,$2.15,1440004809236,"59,236",78% bullish,of 18 ratings,$2
ALRM,$17.345,1440004809319,"19,294",100% bearish,of 1 rating,$22
AMRI,$20.36,1440004809345,"33,320",75% bearish,of 4 ratings,$24
ABDC,$12.87,1440004809374,"4,754",Not yet rated,NULL,$15
ADHD,$8.88,1440004809425,"136,453",50% bullish,of 4 ratings,$18
ALDR,$37.1,1440004809561,"97,201",67% bearish,of 3 ratings,$62
ALXN,$184.44,1440004809590,"314,488",88% bullish,of 8 ratings,$223
ALDX,$7.8,1440004809749,"7,296",100% bearish,of 1 rating,$14.50
ALXA,$1.161,1440004809775,"3,940",83% bullish,of 6 ratings,$2.125
ALCO,$42.27,1440004809812,"4,580",50% bullish,of 2 ratings,N/A
ALIM,$3.581,1440004809909,"30,747",80% bullish,of 5 ratings,$10
ALGN,$60.06,1440004809940,"204,686",100% bearish,of 2 ratings,$73
ALGT,$228.05,1440004810046,"71,899",100% bearish,of 1 rating,$235
ALKS,$66.04,1440004810072,"188,206",67% bullish,of 3 ratings,$75
ALLB,$23.74,1440004810131,"1,782",Not yet rated,NULL,N/A
AFOP,$18.8,1440004810314,"34,103",75% bullish,of 8 ratings,$21
AHGP,$35.685,1440004810355,"21,101",67% bullish,of 3 ratings,N/A
AIQ,$14.72,1440004810391,"2,454",67% bullish,of 3 ratings,N/A
ARLP,$24.62,1440004810419,"42,706",67% bearish,of 3 ratings,$32
AMOT,$16.6,1440004810490,"36,609",100% bearish,of 1 rating,N/A
AHPI,$1.45,1440004810515,200,50% bullish,of 2 ratings,N/A
ALQA,$4.6117,1440004810719,"15,586",75% bullish,of 4 ratings,$8.50
ALNY,$109.8,1440004810846,"132,842",67% bullish,of 3 ratings,$148.50
ALLT,$5.05,1440004810878,"42,047",75% bullish,of 4 ratings,$6.25
MDRX,$14.02,1440004810968,"529,948",60% bullish,of 5 ratings,$16
AOSL,$7.26,1440004810996,"45,373",67% bullish,of 3 ratings,$9
AFAM,$48.99,1440004811022,"19,759",50% bullish,of 2 ratings,$44
SMCP,$23.83,1440004811043,250,Not yet rated,NULL,N/A
ASPS,$29.96,1440004811296,"30,397",67% bullish,of 3 ratings,$46.50
ATEC,$0.6002,1440004811333,"15,500",100% bullish,of 1 rating,$2
ALTR,$49.2,1440004811369,"561,762",80% bearish,of 5 ratings,$54
AMAG,$64.37,1440004811397,"148,949",100% bullish,of 2 ratings,$77.50
AMRN,$2.175,1440004811435,"318,837",85% bullish,of 39 ratings,$8
AIMC,$26.06,1440004811467,"17,481",100% bearish,of 1 rating,$28.50
AMRK,$10.55,1440004811488,"1,200",50% bullish,of 2 ratings,$14
AYA,$22.73,1440004811823,"20,286",100% bearish,of 1 rating,$40
AMBC,$16.23,1440004811851,"84,566",100% bearish,of 1 rating,$16.50
AMZN,$533.65,1440004811873,"458,988",81% bullish,of 263 ratings,$646
AMBCW,NULL,1440004811911,0,100% bearish,of 1 rating,N/A
AMBA,$104.31,1440004811933,"773,936",83% bullish,of 12 ratings,$102.50
AMCX,$73.18,1440004812002,"239,941",67% bullish,of 3 ratings,$85.50
DOX,$60.14,1440004812067,"93,386",100% bullish,of 2 ratings,$60
EPAX,$2.67,1440004812217,"35,852",100% bearish,of 1 rating,N/A
AMDA,$0.4833,1440004812355,"601,602",90% bullish,of 10 ratings,$1
UHAL,$380.33,1440004812403,"8,233",100% bullish,of 2 ratings,$393.50
ASBI,NULL,1440004812460,0,Not yet rated,NULL,N/A
AMED,$44.29,1440004812506,"76,950",100% bearish,of 1 rating,$42
ATAX,$5.31,1440004812651,"42,008",100% bullish,of 1 rating,$6.50
AMOV,$18.55,1440004812782,210,100% bearish,of 1 rating,N/A
AGNC,$19.84,1440004812918,"758,617",71% bullish,of 28 ratings,$22
AGNCP,$25.3301,1440004812952,"2,200",Not yet rated,NULL,N/A
AAL,$43.52,1440004812974,"2,730,589",93% bullish,of 87 ratings,$57
AGNCB,$24.113,1440004813007,"4,919",Not yet rated,NULL,N/A
MTGE,$15.92,1440004813050,"88,210",75% bullish,of 4 ratings,$19.50
ACSF,$12.7309,1440004813144,"7,452",100% bearish,of 1 rating,$15
MTGEP,$24.51,1440004813275,300,Not yet rated,NULL,N/A
ACAS,$14.145,1440004813358,"475,422",60% bullish,of 5 ratings,$16.75
ANCI,NULL,1440004813404,0,100% bearish,of 1 rating,N/A
AETI,$4.288,1440004813557,168,67% bearish,of 3 ratings,N/A
APEI,$21.97,1440004813634,"27,164",100% bearish,of 1 rating,$25.50
AMIC,$10.01,1440004813664,200,Not yet rated,NULL,N/A
ANAT,$104.27,1440004813764,"6,117",100% bullish,of 1 rating,N/A
AMNB,$23.1101,1440004813820,"1,543",Not yet rated,NULL,$25.50
ARII,$39.7728,1440004813867,"81,536",67% bearish,of 3 ratings,$45
AMRB,$10.03,1440004813906,400,Not yet rated,NULL,$11
ASEI,$39.02,1440004814089,"15,851",100% bearish,of 1 rating,$52.50
AMSC,$3.925,1440004814119,"22,243",50% bullish,of 4 ratings,N/A
AMSWA,$9.45,1440004814146,"22,779",100% bearish,of 2 ratings,$10.75
AMWD,$65.99,1440004814288,"44,808",50% bullish,of 2 ratings,$58
CRMT,$44.09,1440004814425,"6,583",100% bearish,of 1 rating,$49
ABCB,$28.47,1440004814455,"15,112",Not yet rated,NULL,$31
ASRV,$3.27,1440004814553,"5,344",100% bullish,of 2 ratings,N/A
AMGN,$165.745,1440004814657,"800,810",89% bullish,of 19 ratings,$185
ATLO,$24.2,1440004814689,"1,148",Not yet rated,NULL,N/A
AMSF,$50.6403,1440004814715,"20,723",Not yet rated,NULL,$57.50
ASRVP,NULL,1440004814790,0,Not yet rated,NULL,N/A
AMKR,$4.34,1440004814921,"399,581",100% bearish,of 2 ratings,$5
AMPH,$14.29,1440004814973,"59,532",50% bullish,of 2 ratings,$20
FOLD,$16.29,1440004815010,"195,441",56% bullish,of 9 ratings,$21
AMSG,$83.27,1440004815077,"147,550",100% bearish,of 1 rating,$85.50
AMSGP,$158.101,1440004815105,100,Not yet rated,NULL,N/A
ASYS,$5.6,1440004815241,"19,200",67% bullish,of 3 ratings,$12
AFSI,$64.71,1440004815269,"166,101",60% bullish,of 5 ratings,$72
AMRS,$1.634,1440004815400,"27,728",70% bullish,of 10 ratings,N/A
ANAD,$0.35,1440004815537,"168,413",100% bullish,of 2 ratings,$.50
ADI,$58.67,1440004815620,"3,703,137",67% bullish,of 3 ratings,$68
ANAC,$131.7,1440004815655,"210,985",80% bullish,of 5 ratings,$180.50
ANCB,$22.36,1440004815760,301,Not yet rated,NULL,$23
ALOG,$83.38,1440004815782,"8,801",100% bearish,of 2 ratings,$100.50
ABCW,$40.36,1440004815867,"3,059",67% bullish,of 3 ratings,N/A
ANGI,$4.4,1440004815919,"266,421",64% bullish,of 11 ratings,$5.50
ANGO,$14.92,1440004815951,"12,291",67% bullish,of 3 ratings,$19
ANIP,$54.82,1440004816056,"38,580",89% bullish,of 19 ratings,$66
AMCF,$0.259,1440004816090,410,100% bullish,of 7 ratings,N/A
ANIK,$35.86,1440004816197,"44,843",60% bullish,of 5 ratings,$51.25
ANSS,$96.27,1440004816224,"96,134",100% bearish,of 1 rating,$100
ATRS,$1.87,1440004816353,"171,062",92% bullish,of 12 ratings,$4.50
ANTH,$8.86,1440004816379,"297,809",80% bullish,of 10 ratings,$13
ATNY,$2.35,1440004816541,"2,554",50% bullish,of 2 ratings,$3.75
ABAC,$0.801,1440004816637,"32,264",100% bearish,of 1 rating,N/A
APOG,$54.16,1440004816717,"54,093",100% bullish,of 1 rating,$62
APIC,$7.22,1440004816744,"60,080",100% bearish,of 1 rating,$19
APOL,$11.46,1440004816766,"326,353",87% bearish,of 68 ratings,$14
AINV,$6.66,1440004816959,"530,792",50% bullish,of 4 ratings,$8
APPF,$18.05,1440004817011,"47,506",50% bullish,of 2 ratings,$22
AAPL,$115.37,1440004817037,"13,925,994",86% bullish,of 2334 ratings,$150
ARCI,$1.2501,1440004817217,360,Not yet rated,NULL,N/A
AGTC,$15.8,1440004817311,"29,551",50% bullish,of 2 ratings,$33
APDNW,NULL,1440004817347,0,Not yet rated,NULL,N/A
APDN,$3.26,1440004817379,"28,865",Not yet rated,NULL,$9
AMAT,$16.415,1440004817439,"4,077,024",82% bullish,of 11 ratings,$23
AMCC,$5.6,1440004817510,"174,841",80% bullish,of 5 ratings,$8
AAOI,$21.83,1440004817672,"122,226",50% bullish,of 4 ratings,$26
AQXP,$18.3501,1440004817745,"302,122",50% bullish,of 2 ratings,$2
APRI,$1.225,1440004817773,"110,353",83% bullish,of 6 ratings,$4.86
APTO,$5.1387,1440004817838,226,Not yet rated,NULL,$17
AQMS,$5.22,1440004817866,"7,610",Not yet rated,NULL,N/A
AREX,$2.45,1440004817923,"175,845",100% bearish,of 1 rating,$3
AUMA,NULL,1440004817951,0,Not yet rated,NULL,N/A
AUMAU,NULL,1440004817972,0,Not yet rated,NULL,N/A
AUMAW,NULL,1440004818216,0,Not yet rated,NULL,N/A
PETX,$17.24,1440004818258,"60,200",100% bearish,of 2 ratings,$26
ARCW,$3.63,1440004818396,"1,686",100% bearish,of 2 ratings,$10.50
ARDM,$7.4,1440004818422,930,100% bullish,of 1 rating,$26
ABUS,$7.8,1440004818449,"212,446",86% bullish,of 14 ratings,$23
ABIO,$0.9098,1440004818496,"66,411",50% bullish,of 2 ratings,$3.75
RKDA,$5.825,1440004818663,"8,852",100% bearish,of 2 ratings,$10
ARCB,$31.64,1440004818714,"56,931",50% bullish,of 2 ratings,$39.50
ACGL,$73.65,1440004818737,"62,958",50% bullish,of 2 ratings,$72
ARCC,$15.93,1440004818877,"362,647",67% bearish,of 3 ratings,$17.875
ARDX,$18.49,1440004818910,"49,729",50% bullish,of 2 ratings,$24.50
ARNA,$3.06,1440004818940,"1,558,876",90% bullish,of 77 ratings,$5.50
ACAT,$28.74,1440004818962,"88,649",100% bearish,of 3 ratings,$33
AGII,$59.18,1440004818983,"59,899",Not yet rated,NULL,$59.50
ARGS,$4.8185,1440004819122,"8,563",50% bullish,of 2 ratings,$19.50
AGIIL,$25.3201,1440004819203,"3,792",Not yet rated,NULL,N/A
ARIA,$7.22,1440004819373,"804,336",87% bullish,of 46 ratings,$9
ARKR,$25.1,1440004819419,110,50% bullish,of 2 ratings,N/A
ARIS,$3.3,1440004819508,"4,700",Not yet rated,NULL,$4.50
ARMH,$42.18,1440004819573,"303,583",54% bearish,of 13 ratings,$61
ARWAU,$10.13,1440004819646,"1,800",100% bullish,of 1 rating,N/A
ARTX,$1.5785,1440004819674,"116,461",88% bullish,of 16 ratings,$4.50
ARWA,NULL,1440004819748,0,Not yet rated,NULL,N/A
ARWAW,NULL,1440004819776,0,Not yet rated,NULL,N/A
ARRY,$5.65,1440004819905,"298,855",100% bullish,of 7 ratings,$10
ARWAR,NULL,1440004819936,0,Not yet rated,NULL,N/A
ARQL,$1.69,1440004820035,"32,572",75% bullish,of 4 ratings,$5
ARRS,$27.75,1440004820064,"766,621",50% bullish,of 2 ratings,$38
DWAT,NULL,1440004820126,0,100% bearish,of 1 rating,N/A
AROW,$27.38,1440004820151,"6,371",Not yet rated,NULL,N/A
ARTNA,$22.405,1440004820400,755,100% bearish,of 1 rating,$29
ASBB,$23.45,1440004820434,"1,200",Not yet rated,NULL,N/A
ARWR,$5.59,1440004820456,"413,940",75% bullish,of 4 ratings,$10.50
ASNA,$11.79,1440004820533,"1,139,757",50% bullish,of 2 ratings,$18
ASND,$18.13,1440004820594,"20,568",100% bullish,of 1 rating,$30
ASCMA,$28.26,1440004820623,"35,709",100% bearish,of 1 rating,$45
ARTW,NULL,1440004820652,0,75% bearish,of 4 ratings,N/A
ASTI,$0.145,1440004820696,"864,458",83% bullish,of 6 ratings,$3
APWC,$1.99,1440004820957,500,100% bearish,of 1 rating,N/A
ASMI,$37.94,1440004820986,300,50% bullish,of 2 ratings,N/A
ASML,$90.99,1440004821014,"387,778",67% bullish,of 3 ratings,$127
AZPN,$39.24,1440004821059,"429,963",50% bullish,of 2 ratings,$42
ASMB,$13.41,1440004821148,"39,104",67% bullish,of 3 ratings,N/A
ASFI,$9.04,1440004821176,"2,839",100% bullish,of 1 rating,N/A
ASTE,$37.15,1440004821203,"29,058",100% bearish,of 1 rating,$48
ATRO,$55.33,1440004821426,"61,047",100% bearish,of 2 ratings,$80
ALOT,$13.5888,1440004821471,"1,152",100% bearish,of 1 rating,N/A
ATAI,$2.965,1440004821513,"16,094",100% bearish,of 1 rating,N/A
ASTC,$2.35,1440004821562,"10,508",100% bullish,of 5 ratings,N/A
ASUR,$5.9095,1440004821591,"10,250",Not yet rated,NULL,$8
ATHN,$138.8,1440004821613,"47,919",67% bearish,of 3 ratings,$153
ATRA,$48.695,1440004821635,"32,807",50% bullish,of 2 ratings,$68
AFCB,NULL,1440004821915,0,Not yet rated,NULL,N/A
ATHX,$1.205,1440004821943,"47,612",89% bullish,of 9 ratings,$5
AAME,$3.51,1440004821970,"3,095",Not yet rated,NULL,N/A
AAPC,NULL,1440004822000,0,Not yet rated,NULL,N/A
ATLC,$4,1440004822106,"1,116",67% bullish,of 3 ratings,N/A
ACFC,$6.41,1440004822172,"23,938",Not yet rated,NULL,$6.50
ATNI,$74.58,1440004822238,"17,758",100% bearish,of 1 rating,$69.50
AAWW,$44.27,1440004822316,"156,213",50% bullish,of 2 ratings,$65
AFH,$17.07,1440004822399,"15,152",Not yet rated,NULL,$21.50
ATOS,$0.91,1440004822429,"7,423",100% bullish,of 7 ratings,$7
ATRC,$27.32,1440004822455,"31,122",100% bullish,of 1 rating,$30
ATRI,$395.88,1440004822508,257,Not yet rated,NULL,N/A
ATTU,$15.05,1440004822712,"19,582",100% bearish,of 1 rating,$20.50
ATML,$7.6579,1440004822775,"1,983,899",78% bullish,of 9 ratings,$9.50
ATRM,NULL,1440004822802,0,50% bullish,of 2 ratings,N/A
LIFE,$15.12,1440004822842,"39,445",86% bullish,of 7 ratings,$43
AUBN,$27.19,1440004822933,100,Not yet rated,NULL,N/A
AUPH,$3.3801,1440004822994,"14,168",100% bearish,of 1 rating,$8
EARS,$5,1440004823127,"10,304",100% bearish,of 2 ratings,$12
AUDC,$3.2902,1440004823163,"50,915",80% bullish,of 5 ratings,$5
ADAT,$0.114,1440004823259,"1,466",100% bullish,of 2 ratings,N/A
ABTL,$18.9366,1440004823285,"16,718",100% bullish,of 4 ratings,$20.25
ADP,$84.525,1440004827203,"521,640",100% bearish,of 1 rating,$88
AVGO,$120.77,1440004827234,"642,479",88% bullish,of 8 ratings,$160
AVEO,$1.53,1440004827268,"1,423,968",75% bullish,of 8 ratings,$3
AVNU,$12.73,1440004827295,"2,350",Not yet rated,NULL,$14
AAVL,$10.82,1440004827325,"249,014",100% bearish,of 1 rating,$20
ADSK,$54.15,1440004827347,"240,950",83% bullish,of 6 ratings,$69.50
AVNW,$1.13,1440004827381,"9,106",50% bullish,of 2 ratings,$2.20
AVID,$8.38,1440004827723,"110,713",100% bearish,of 1 rating,$20
AVGR,$15.3,1440004827776,"1,229",100% bearish,of 1 rating,$20
CAR,$46.19,1440004827829,"574,601",80% bullish,of 5 ratings,$60
ACLS,$3.24,1440004827959,"204,089",67% bullish,of 6 ratings,$4.75
AXPWW,NULL,1440004828022,0,Not yet rated,NULL,N/A
AXGN,$3.93,1440004828047,"20,814",Not yet rated,NULL,$5
AWRE,$3.24,1440004828100,"2,202",67% bullish,of 3 ratings,N/A
AXPW,$1.2599,1440004828130,"71,401",83% bullish,of 6 ratings,N/A
RILY,NULL,1440004828233,0,Not yet rated,NULL,N/A
AXTI,$2.165,1440004828279,"8,418",50% bullish,of 2 ratings,$2.75
BCOM,$19.52,1440004828314,8,100% bearish,of 1 rating,N/A
BOSC,$2.26,1440004828415,"1,710",50% bullish,of 2 ratings,N/A
BIDU,$162.69,1440004828443,"1,947,267",81% bullish,of 88 ratings,$215
BEAV,$51.11,1440004828521,"199,427",67% bearish,of 3 ratings,$59
BCPC,$60.19,1440004828603,"22,704",100% bearish,of 1 rating,$75
BWINA,$23.22,1440004828693,500,Not yet rated,NULL,N/A
BANF,$62.76,1440004828873,"3,441",Not yet rated,NULL,$68
BLDP,$1.33,1440004828899,"70,515",91% bullish,of 22 ratings,$2.50
BOCH,$5.78,1440004829031,"1,000",Not yet rated,NULL,$6.50
BWINB,$23.1,1440004829089,"2,200",Not yet rated,NULL,N/A
BANFP,$27.2,1440004829110,100,Not yet rated,NULL,N/A
BKMU,$7.275,1440004829133,"85,058",Not yet rated,NULL,$8
BKSC,$16.135,1440004829164,300,Not yet rated,NULL,N/A
BOTJ,$11.2,1440004829302,147,Not yet rated,NULL,N/A
BFIN,$12.1,1440004829368,"2,568",Not yet rated,NULL,$13
OZRK,$43.1,1440004829437,"119,717",67% bullish,of 3 ratings,$49.50
BMRC,$48.68,1440004829463,"1,062",Not yet rated,NULL,$52
BWFG,NULL,1440004829497,0,100% bearish,of 1 rating,N/A
BANR,$47.285,1440004829523,"10,375",100% bullish,of 3 ratings,$50
BZUN,$7.39,1440004829817,"515,101",50% bullish,of 2 ratings,$13.85
BHACU,NULL,1440004829852,0,Not yet rated,NULL,N/A
TAPR,$31.0801,1440004829885,"1,605",100% bearish,of 1 rating,N/A
BHACR,NULL,1440004829907,0,Not yet rated,NULL,N/A
BHAC,NULL,1440004829928,0,Not yet rated,NULL,N/A
BBSI,$35.74,1440004829973,"52,100",67% bearish,of 3 ratings,$62.50
BSET,$31.41,1440004830000,"31,200",100% bearish,of 1 rating,$35
BHACW,NULL,1440004830060,0,Not yet rated,NULL,N/A
BYBK,$5.05,1440004830388,10,100% bearish,of 1 rating,N/A
BYLK,$12.94,1440004830497,"1,046",Not yet rated,NULL,$14
BBCN,$15.61,1440004830540,"49,247",100% bearish,of 1 rating,$16
BECN,$35.97,1440004830574,"59,012",50% bullish,of 2 ratings,$40
BV,$5.24,1440004830600,"94,826",67% bullish,of 6 ratings,$9
BCBP,$11.7,1440004830626,"3,550",Not yet rated,NULL,N/A
BDCV,$4.96,1440004830674,3,100% bearish,of 1 rating,$10.19
BBGI,$4.6,1440004830984,916,100% bearish,of 1 rating,N/A
BBBY,$63.51,1440004831022,"237,311",71% bullish,of 7 ratings,$75
BELFA,NULL,1440004831050,0,100% bearish,of 1 rating,N/A
BLPH,$5.855,1440004831086,"56,659",100% bearish,of 1 rating,$12.50
BELFB,$19.8,1440004831108,"16,342",100% bearish,of 1 rating,N/A
BSF,$9.1,1440004831136,"1,867",Not yet rated,NULL,N/A
BEBE,$1.81,1440004831174,"40,753",75% bullish,of 4 ratings,$3.075
BLCM,$19.04,1440004831197,"81,426",50% bullish,of 4 ratings,$40
BNCL,$13.04,1440004831479,"66,542",100% bullish,of 3 ratings,$12.50
BNTC,$8.0819,1440004831619,"52,806",100% bullish,of 1 rating,N/A
BNFT,$38.62,1440004831651,"46,962",67% bullish,of 3 ratings,$46
BGCP,$9.51,1440004831680,"286,480",88% bullish,of 8 ratings,$14
BGMD,$0.8399,1440004831717,"113,654",100% bullish,of 10 ratings,N/A
BIND,$4.5853,1440004831743,"29,561",67% bullish,of 3 ratings,$13.50
BGFV,$11.2,1440004831770,"33,738",57% bullish,of 7 ratings,$12
BCDA,NULL,1440004831904,0,Not yet rated,NULL,N/A
BASI,NULL,1440004832037,0,Not yet rated,NULL,N/A
ORPN,$5.58,1440004832066,"22,003",100% bullish,of 1 rating,$28.50
BIOD,$0.6931,1440004832098,"63,410",80% bullish,of 5 ratings,$4
BCRX,$11.78,1440004832127,"146,326",63% bullish,of 8 ratings,$18
BIOC,$2.1599,1440004832149,"1,015,573",83% bullish,of 6 ratings,$3.70
BIIB,$315.76,1440004832282,"468,532",88% bullish,of 16 ratings,$400
BDSI,$6.56,1440004832357,"318,854",88% bullish,of 8 ratings,$17
BIOL,$1.53,1440004832487,"17,942",Not yet rated,NULL,N/A
BLRX,$1.51,1440004832655,"43,986",100% bullish,of 12 ratings,$5
BLFS,$2.19,1440004832705,"34,859",100% bearish,of 1 rating,$4.75
BMRN,$135.57,1440004832731,"145,151",80% bullish,of 5 ratings,$160
BRLI,$34.45,1440004832792,"113,223",83% bullish,of 6 ratings,N/A
BPTH,$1.12,1440004832824,"52,367",100% bullish,of 2 ratings,$5
BVXVW,NULL,1440004832845,0,100% bearish,of 1 rating,N/A
BVXV,$4.05,1440004832880,"1,300",Not yet rated,NULL,N/A
BIOS,$1.6601,1440004832928,"503,292",71% bullish,of 7 ratings,$4
BBC,$32.162,1440004833062,"11,770",Not yet rated,NULL,N/A
BBP,$34.08,1440004833138,"27,806",Not yet rated,NULL,N/A
BSPM,$0.6907,1440004833194,"11,116",50% bullish,of 2 ratings,N/A
BOTA,$2.3,1440004833224,"21,608",88% bullish,of 8 ratings,N/A
BSTC,$51.37,1440004833245,"92,024",100% bearish,of 1 rating,$76
TECH,$105.4,1440004833435,"41,957",100% bullish,of 1 rating,$117
BEAT,$12.7099,1440004833570,"82,373",67% bearish,of 3 ratings,$15
BITI,$19.31,1440004833604,"10,108",100% bullish,of 1 rating,$28
BJRI,$47.03,1440004833634,"51,966",50% bullish,of 2 ratings,$55
BDE,$7.59,1440004833698,"41,031",50% bullish,of 2 ratings,$9
BDMS,NULL,1440004833732,0,100% bearish,of 1 rating,N/A
BBOX,$15.531,1440004833792,"17,182",100% bearish,of 1 rating,N/A
BLKB,$61.16,1440004833866,"51,069",100% bearish,of 2 ratings,$66
BBRY,$7.51,1440004833891,"2,775,070",61% bullish,of 330 ratings,$9
BKCC,$9.31,1440004834104,"114,780",100% bullish,of 2 ratings,$10
HAWK,$44.38,1440004834135,"66,560",90% bullish,of 10 ratings,$49
ADRA,$28.5,1440004834235,100,Not yet rated,NULL,N/A
ADRE,$30.7,1440004834299,"2,937",Not yet rated,NULL,N/A
ADRD,$23.165,1440004834324,600,100% bearish,of 1 rating,N/A
ADRU,$22.7224,1440004834377,"1,273",100% bearish,of 1 rating,N/A
BCOR,$13.6,1440004834513,"41,402",57% bullish,of 7 ratings,$15
BLMN,$21.55,1440004834546,"250,612",83% bullish,of 6 ratings,$27.50
BLBD,$12.745,1440004834647,"3,735",Not yet rated,NULL,N/A
BHBK,$14.38,1440004834779,"9,677",100% bullish,of 1 rating,$14.50
NILE,$34.73,1440004834822,"38,755",50% bullish,of 2 ratings,$34
BUFF,$28.07,1440004834848,"249,086",83% bullish,of 12 ratings,$31.50
BBLU,$0.8505,1440004834911,"21,707",100% bullish,of 2 ratings,$4.43
BLUE,$127.9794,1440004834994,"206,645",86% bullish,of 7 ratings,$217.50
BKEP,$6.99,1440004835048,"8,951",100% bearish,of 1 rating,$8.50
BKEPP,$7.88,1440004835198,"5,300",100% bearish,of 1 rating,N/A
BPMC,$27.09,1440004835228,"19,219",50% bullish,of 2 ratings,$47.50
BOBE,$46.102,1440004835264,"21,500",75% bullish,of 4 ratings,$57
BNCN,$22.04,1440004835290,"8,706",Not yet rated,NULL,$23
BOFI,$131.38,1440004835454,"59,655",100% bullish,of 6 ratings,$144
BOJA,$21.88,1440004835482,"144,532",100% bullish,of 1 rating,$30
WIFI,$8.76,1440004835508,"137,775",50% bullish,of 2 ratings,$13.50
BNSO,$1.43,1440004835670,"35,869",100% bearish,of 1 rating,N/A
BOKF,$65.59,1440004835702,"41,927",100% bearish,of 1 rating,$71
BONA,$12.16,1440004835774,"65,987",75% bullish,of 4 ratings,$8.50
BAMM,$3.2099,1440004835800,"3,913",60% bullish,of 5 ratings,N/A
BPFHP,$25.595,1440004835980,"2,000",100% bearish,of 1 rating,N/A
BPFHW,$5.6,1440004836011,"1,310",100% bearish,of 1 rating,N/A
BPFH,$12.53,1440004836039,"76,112",100% bearish,of 1 rating,$14
EPAY,$26.35,1440004836086,"25,236",100% bearish,of 2 ratings,$30
BDBD,$8.678,1440004836123,"167,632",60% bullish,of 5 ratings,$10
BCLI,$3.1999,1440004836219,"69,556",80% bullish,of 5 ratings,$12
BBEP,$2.327,1440004836247,"1,347,820",69% bullish,of 13 ratings,$5.625
BBRG,$13.12,1440004836375,"16,314",67% bullish,of 3 ratings,$14.50
BBEPP,$13.68,1440004836532,"16,530",100% bearish,of 1 rating,N/A
BLIN,$1.3301,1440004836562,"8,000",50% bullish,of 2 ratings,$2.20
BDGE,$27.92,1440004836588,"7,973",Not yet rated,NULL,$31.75
BRID,$8.8,1440004836663,200,100% bearish,of 1 rating,N/A
BCOV,$5.39,1440004836746,"19,799",67% bullish,of 3 ratings,$10.20
BRCM,$50.92,1440004836817,"807,853",75% bullish,of 12 ratings,$56
BSFT,$33.18,1440004836845,"19,248",57% bullish,of 7 ratings,$40.50
BVSN,$6,1440004837019,"14,602",60% bearish,of 5 ratings,N/A
BRKL,$10.95,1440004837114,"241,388",100% bearish,of 1 rating,$10.75
BRCD,$10.02,1440004837146,"1,313,322",92% bullish,of 13 ratings,$12.50
BWEN,$3.505,1440004837175,"35,687",100% bullish,of 3 ratings,$8
BYFC,NULL,1440004837201,0,50% bullish,of 2 ratings,N/A
BRKS,$10.58,1440004837246,"78,359",67% bullish,of 3 ratings,$15.25
BRKR,$19.89,1440004837334,"134,108",100% bearish,of 2 ratings,$22
BMTC,$29.88,1440004837377,"5,813",Not yet rated,NULL,$34
BSQR,$6.95,1440004837565,"26,796",67% bullish,of 3 ratings,N/A
BLMT,$21.15,1440004837591,"1,202",Not yet rated,NULL,N/A
BLDR,$15.17,1440004837756,"643,541",50% bullish,of 2 ratings,$22
CFFI,$35.5101,1440004837781,810,100% bearish,of 1 rating,N/A
BWLD,$198.6551,1440004837808,"159,996",82% bullish,of 11 ratings,$205
BUR,$1.98,1440004837840,"1,200",100% bearish,of 1 rating,$8
CHRW,$70.6601,1440004837939,"519,965",Not yet rated,NULL,$72
CCMP,$44.61,1440004838037,"14,018",50% bullish,of 2 ratings,$59
CA,$29.47,1440004838086,"587,776",50% bullish,of 4 ratings,$33
CDZI,$7.4999,1440004838187,"50,700",100% bearish,of 1 rating,N/A
CDNS,$21.73,1440004838254,"554,167",75% bullish,of 4 ratings,$22.50
CACQ,$7.12,1440004838282,"13,781",100% bearish,of 1 rating,$12.25
CSTE,$43.11,1440004838414,"1,582,280",100% bearish,of 1 rating,$65
PRSS,$4.58,1440004838504,"4,400",80% bullish,of 5 ratings,$4.50
CZR,$6.94,1440004838643,"355,188",60% bearish,of 5 ratings,$10.50
CLBS,$1.36,1440004838669,"84,957",79% bullish,of 14 ratings,$4
CLMS,$11.87,1440004838695,"33,099",Not yet rated,NULL,$10.50
CHY,$11.9,1440004838847,"112,411",Not yet rated,NULL,N/A
CCD,$21.17,1440004838918,"59,133",Not yet rated,NULL,N/A
CHI,$11.0901,1440004838978,"120,136",100% bearish,of 1 rating,N/A
CGO,$12.68,1440004839110,"14,916",100% bearish,of 1 rating,N/A
CFGE,NULL,1440004839144,0,Not yet rated,NULL,N/A
CHW,$7.98,1440004839177,"85,615",100% bearish,of 1 rating,N/A
CSQ,$10.46,1440004839204,"134,940",Not yet rated,NULL,N/A
CVGW,$54.8,1440004839277,"50,916",50% bullish,of 2 ratings,$58.50
CAMP,$16.19,1440004839410,"109,470",86% bullish,of 7 ratings,$25
CFNB,$13.38,1440004839437,2,100% bearish,of 1 rating,N/A
CALA,$5.39,1440004839459,"136,565",100% bullish,of 3 ratings,$19.50
CALM,$50.27,1440004839588,"239,268",80% bullish,of 5 ratings,$65
CALD,$16,1440004839615,"21,490",100% bearish,of 1 rating,$20.50
ABCD,$4.74,1440004839829,"24,655",83% bullish,of 6 ratings,N/A
CLMT,$26.078,1440004839859,"124,024",75% bullish,of 8 ratings,$31
CAMBU,NULL,1440004839924,0,100% bearish,of 1 rating,N/A
CAMBW,NULL,1440004839955,0,Not yet rated,NULL,N/A
CAC,$40,1440004840105,"4,800",Not yet rated,NULL,N/A
CAMB,NULL,1440004840132,0,Not yet rated,NULL,N/A
CSIQ,$19.8236,1440004840258,"7,365,816",86% bullish,of 28 ratings,$45
CAMT,$2.92,1440004840284,"6,960",73% bullish,of 11 ratings,$4
CGIX,$10.4,1440004840311,"26,633",67% bullish,of 3 ratings,$14.375
CPHC,NULL,1440004840575,0,100% bearish,of 1 rating,N/A
CPLA,$49.16,1440004840634,"38,506",50% bullish,of 2 ratings,$65
CBNJ,$10.89,1440004840705,"4,922",100% bullish,of 1 rating,N/A
CBF,$30.65,1440004840731,"11,976",Not yet rated,NULL,$32
CPLP,$7.0499,1440004840803,"100,837",71% bullish,of 7 ratings,$11
CCBG,$15.012,1440004840935,"2,005",Not yet rated,NULL,$17.25
CSWC,$48.51,1440004841007,"3,325",Not yet rated,NULL,N/A
CAPNW,NULL,1440004841114,0,Not yet rated,NULL,N/A
CPTA,$14.73,1440004841141,"16,230",Not yet rated,NULL,$18.50
CAPN,$2.42,1440004841170,"128,819",100% bullish,of 1 rating,$10.85
CAPR,$4.24,1440004841200,"13,304",Not yet rated,NULL,$12
CFFN,$12.22,1440004841229,"85,197",Not yet rated,NULL,$12.75
CARB,$11.67,1440004841403,"31,602",75% bullish,of 4 ratings,$12
CPST,$0.3842,1440004841429,"211,790",95% bullish,of 22 ratings,$1
CBYL,$6.47,1440004841499,"22,831",100% bearish,of 1 rating,$20
CARA,$21.575,1440004841529,"44,574",50% bullish,of 4 ratings,$27.50
CRDC,$0.3802,1440004841627,"29,301",100% bullish,of 1 rating,$1.25
CFNL,$23.45,1440004841727,"22,824",Not yet rated,NULL,$24
CATM,$35.11,1440004841918,"100,161",100% bearish,of 1 rating,$44
CDNA,$6.36,1440004841950,100,100% bearish,of 1 rating,$9
CRME,$9.59,1440004841984,"13,263",89% bullish,of 9 ratings,$11.25
CSII,$24.03,1440004842009,"70,173",100% bearish,of 2 ratings,$42.125
CECO,$3.6,1440004842047,"220,444",67% bearish,of 3 ratings,$6
CKEC,$23.28,1440004842209,"33,362",50% bullish,of 2 ratings,$35.915
CLBH,$12.76,1440004842235,"2,130",Not yet rated,NULL,$16.50
CARO,$15.5638,1440004842367,"1,600",100% bearish,of 1 rating,$19
CART,$5.4501,1440004842447,900,100% bearish,of 1 rating,N/A
CTRE,$11.77,1440004842472,"69,025",50% bullish,of 2 ratings,N/A
CRZO,$33.49,1440004842509,"249,353",67% bearish,of 3 ratings,$57
CRTN,NULL,1440004842800,0,100% bearish,of 1 rating,N/A
CARV,$6.15,1440004842845,"1,241",50% bullish,of 2 ratings,N/A
TAST,$12.96,1440004842877,"48,563",Not yet rated,NULL,$14.25
CSCD,$14.21,1440004842904,"101,534",100% bullish,of 2 ratings,$17
CWST,$6.43,1440004842931,"18,265",50% bullish,of 2 ratings,$7
CASM,$1.15,1440004842998,"45,987",100% bullish,of 1 rating,$3.50
CACB,$5.55,1440004843179,"11,986",Not yet rated,NULL,$5.50
CASY,$107.065,1440004843229,"85,637",50% bullish,of 2 ratings,$99.50
CASI,$1.49,1440004843260,"2,675",100% bullish,of 1 rating,$3.50
CASS,$50.26,1440004843360,"8,898",100% bearish,of 1 rating,N/A
CATB,$11.905,1440004843387,"29,418",100% bearish,of 1 rating,$28
CPRX,$3.93,1440004843466,"372,799",71% bullish,of 7 ratings,$7
CATY,$31.79,1440004843598,"72,584",100% bearish,of 1 rating,$33.50
CATYW,NULL,1440004843652,0,100% bearish,of 1 rating,N/A
CBFV,$20.04,1440004843759,100,Not yet rated,NULL,N/A
CVCO,$74.2,1440004843788,"2,390",100% bearish,of 1 rating,N/A
CNLM,NULL,1440004843814,0,Not yet rated,NULL,N/A
CAVM,$72,1440004843946,"78,398",67% bearish,of 3 ratings,$72
CBOE,$63.85,1440004844085,"121,471",Not yet rated,NULL,$60
CNLMU,NULL,1440004844114,0,100% bullish,of 1 rating,N/A
CNLMR,NULL,1440004844182,0,Not yet rated,NULL,N/A
CDK,$49.51,1440004844212,"157,644",67% bearish,of 3 ratings,$50
CNLMW,NULL,1440004844244,0,Not yet rated,NULL,N/A
CDW,$39.46,1440004844270,"137,169",75% bullish,of 4 ratings,$44
CECE,$10.055,1440004844348,"45,709",50% bullish,of 2 ratings,$16
CELG,$128.31,1440004844583,"932,090",92% bullish,of 13 ratings,$155.50
CPXX,$2.14,1440004844651,"51,555",100% bullish,of 2 ratings,$7
CELGZ,$1.82,1440004844713,"16,200",80% bullish,of 5 ratings,N/A
CLDN,$1.0601,1440004844743,"38,370",71% bullish,of 7 ratings,$3
CLDX,$15.1507,1440004844765,"800,406",89% bullish,of 9 ratings,$36
CLRBW,NULL,1440004844808,0,Not yet rated,NULL,N/A
CLRB,$3.11,1440004844836,100,100% bearish,of 1 rating,N/A
CLLS,$32.03,1440004844900,"16,476",75% bullish,of 4 ratings,$51.50
CLSN,$2.09,1440004845205,"82,391",80% bullish,of 10 ratings,$7.50
CEMP,$39.24,1440004845232,"628,438",71% bullish,of 7 ratings,$48.50
CBMG,$23,1440004845254,"41,344",50% bullish,of 2 ratings,N/A
CLTX,$2.06,1440004845289,"2,913,262",100% bullish,of 2 ratings,N/A
CYAD,$56.126,1440004845310,"3,288",100% bullish,of 1 rating,$87.50
CETX,$2.56,1440004845445,"2,400",Not yet rated,NULL,$5.60
CSFL,$14.34,1440004845493,"22,180",Not yet rated,NULL,$15
CFBK,NULL,1440004845891,0,Not yet rated,NULL,N/A
CENT,$12.15,1440004845925,"26,891",Not yet rated,NULL,$10
CVCY,NULL,1440004845956,0,Not yet rated,NULL,$12
CENTA,$12.84,1440004846022,"59,652",Not yet rated,NULL,N/A
CETV,$2.11,1440004846052,"48,372",67% bullish,of 3 ratings,$2.80
CENX,$5.06,1440004846300,"696,703",67% bullish,of 6 ratings,$9
CNBKA,$41.2,1440004846370,118,100% bullish,of 1 rating,N/A
CPHD,$50.385,1440004846405,"68,864",50% bullish,of 2 ratings,$66.50
CERN,$65.53,1440004846432,"730,226",67% bullish,of 3 ratings,$79
CNTY,$6.39,1440004846502,"8,124",80% bullish,of 5 ratings,$7.75
CRNT,$1.49,1440004846530,"143,882",50% bullish,of 2 ratings,$2
CERE,$1.3798,1440004846679,"465,906",88% bullish,of 8 ratings,N/A
CERU,$3.43,1440004846755,"3,764",75% bullish,of 4 ratings,$15
CEVA,$19.19,1440004846813,"15,598",100% bearish,of 1 rating,$25
KOOL,$0.7199,1440004846918,"4,860",100% bullish,of 5 ratings,$7
HOTR,$1.4501,1440004846941,"295,338",100% bullish,of 2 ratings,$5
CERS,$5.06,1440004846977,"222,813",75% bullish,of 4 ratings,$7
CYOU,$19.77,1440004847014,"184,473",50% bullish,of 6 ratings,$24
HOTRW,$0.33,1440004847087,700,Not yet rated,NULL,N/A
CTHR,$1.245,1440004847307,"8,479",50% bullish,of 2 ratings,$2.50
GTLS,$23.77,1440004847333,"69,806",50% bullish,of 4 ratings,$40
CHTR,$187.72,1440004847363,"396,897",100% bearish,of 2 ratings,$196
CHFN,$12.53,1440004847393,"2,673",Not yet rated,NULL,$14
CHKP,$81.54,1440004847496,"128,760",50% bullish,of 4 ratings,$92
CHEK,$2.99,1440004847571,"3,309",Not yet rated,NULL,$7.75
CHEKW,NULL,1440004847630,0,Not yet rated,NULL,N/A
CEMI,$4.4,1440004847655,"24,332",50% bullish,of 2 ratings,$7.50
CHMG,$26.543,1440004847846,200,Not yet rated,NULL,$30
CHFC,$32.99,1440004847873,"10,386",100% bearish,of 1 rating,$36
CCXI,$6.85,1440004847899,"15,654",67% bullish,of 3 ratings,$14
CHKE,$26.97,1440004848108,"6,717",100% bearish,of 1 rating,$32.50
CHMA,$25.51,1440004848198,"97,081",Not yet rated,NULL,$40
CBNK,$16.51,1440004848303,200,100% bearish,of 1 rating,N/A
CHEV,$14.82,1440004848333,"1,150",Not yet rated,NULL,N/A
PLCE,$61.92,1440004848605,"93,233",100% bearish,of 1 rating,$71
CMRX,$51.04,1440004848708,"54,527",50% bullish,of 2 ratings,$57
CBAK,$2.22,1440004848807,"35,464",67% bullish,of 9 ratings,N/A
CADC,NULL,1440004848835,0,78% bullish,of 9 ratings,N/A
CAAS,$6.6499,1440004848880,"16,091",93% bullish,of 14 ratings,$11.50
CBPO,$111.64,1440004848963,"103,304",75% bullish,of 8 ratings,$140.50
CALI,$1.008,1440004848992,"10,724",67% bullish,of 3 ratings,N/A
CCCL,$0.9699,1440004849250,"9,938",100% bullish,of 6 ratings,N/A
CCCR,$0.78,1440004849282,"6,166",67% bearish,of 3 ratings,N/A
JRJC,$4.39,1440004849318,"58,087",82% bullish,of 11 ratings,N/A
CHOP,$1.3,1440004849350,"2,104",50% bullish,of 2 ratings,N/A
HGSH,$1.95,1440004849385,700,67% bullish,of 3 ratings,N/A
CHLN,$2.2446,1440004849419,"59,576",67% bullish,of 3 ratings,N/A
CNIT,$1.72,1440004849485,"119,659",67% bullish,of 6 ratings,N/A
CJJD,$2.0201,1440004849513,"10,500",100% bullish,of 1 rating,N/A
HTHT,$26.99,1440004849682,"73,140",50% bullish,of 2 ratings,$28
CHNR,NULL,1440004849838,0,100% bearish,of 1 rating,N/A
CREG,$0.8179,1440004849873,"13,050",100% bullish,of 3 ratings,N/A
CNTF,$0.95,1440004849972,"70,450",Not yet rated,NULL,N/A
CNYD,$3.41,1440004849998,100,67% bullish,of 3 ratings,N/A
CSUN,$1.47,1440004850027,"12,585",80% bullish,of 5 ratings,N/A
CPGI,NULL,1440004850060,0,Not yet rated,NULL,N/A
CXDC,$6.24,1440004850086,"12,262",67% bullish,of 3 ratings,N/A
CCIH,$9.7,1440004850166,"18,697",67% bullish,of 6 ratings,$12.65
CNET,$0.9,1440004850269,"101,458",50% bullish,of 2 ratings,N/A
CHSCL,$27.02,1440004850465,"11,759",Not yet rated,NULL,N/A
CHSCM,$26.24,1440004850495,"17,835",Not yet rated,NULL,N/A
IMOS,$15.5,1440004850526,"53,756",60% bullish,of 5 ratings,$21.50
CHSCN,$27.3,1440004850599,"4,306",Not yet rated,NULL,N/A
CHSCO,$28.41,1440004850628,"1,619",Not yet rated,NULL,N/A
CHSCP,$30.75,1440004850722,811,Not yet rated,NULL,N/A
CHUY,$32.6,1440004850798,"25,742",50% bullish,of 2 ratings,$34
CIFC,$7.21,1440004850937,30,Not yet rated,NULL,N/A
CHDN,$136.675,1440004850959,"11,242",Not yet rated,NULL,$165
CMCT,NULL,1440004851032,0,100% bearish,of 1 rating,N/A
CDTX,$14.25,1440004851062,"22,803",Not yet rated,NULL,$22
CMPR,$70.3,1440004851094,"119,925",50% bullish,of 2 ratings,$72.50
CINF,$56.45,1440004851161,"105,856",50% bullish,of 4 ratings,$50.50
CIDM,$0.68,1440004851190,"73,275",50% bullish,of 2 ratings,$2.10
CTAS,$87.65,1440004851396,"100,625",100% bearish,of 1 rating,$91
CPHR,$6.727,1440004851481,"4,898",100% bearish,of 1 rating,$16
CSCO,$27.885,1440004851509,"7,952,253",84% bullish,of 208 ratings,$32
CRUS,$29.13,1440004851540,"390,149",75% bullish,of 12 ratings,$44.50
CTRN,$26.26,1440004851566,"105,134",100% bearish,of 1 rating,$29.50
CZNC,$20,1440004851642,"3,624",Not yet rated,NULL,N/A
CZFC,$12.7501,1440004851771,500,Not yet rated,NULL,N/A
CIZN,$20.32,1440004851960,"3,130",Not yet rated,NULL,N/A
CIVBP,NULL,1440004851988,0,Not yet rated,NULL,N/A
CZWI,$9.1,1440004852010,335,Not yet rated,NULL,N/A
CIVB,$10.32,1440004852045,"4,981",Not yet rated,NULL,$11
CHCO,$47.67,1440004852067,"6,198",Not yet rated,NULL,$46
CTXS,$77.76,1440004852140,"209,181",86% bullish,of 7 ratings,$80
CDTI,$1.73,1440004852194,"54,121",75% bullish,of 4 ratings,$3.20
CLNE,$4.29,1440004852624,"708,051",80% bullish,of 15 ratings,$9
CLNT,$1.999,1440004852649,"1,700",75% bullish,of 8 ratings,N/A
CLFD,$17.87,1440004852676,"61,843",67% bullish,of 3 ratings,$18
CLRO,$11.86,1440004852702,"4,700",50% bullish,of 2 ratings,$14.25
CLIR,$5.51,1440004852729,"40,274",100% bullish,of 3 ratings,N/A
CBLI,$3.79,1440004852863,"8,996",60% bullish,of 5 ratings,N/A
CSBK,$13.94,1440004852889,"9,550",Not yet rated,NULL,N/A
CLVS,$76.24,1440004852919,"166,362",60% bullish,of 5 ratings,$101.50
CMFN,$11.37,1440004853019,"12,819",100% bearish,of 1 rating,$15.50
CME,$97.59,1440004853053,"469,096",67% bullish,of 3 ratings,$102
CWAY,NULL,1440004853163,0,Not yet rated,NULL,N/A
CNV,$4.66,1440004853213,"10,004",50% bullish,of 2 ratings,$7.15
CCNE,$17.35,1440004853241,"3,953",50% bullish,of 2 ratings,$21.50
CISG,$8.49,1440004853420,"107,626",100% bullish,of 5 ratings,$10
COKE,$162.2,1440004853463,"13,350",79% bullish,of 19 ratings,N/A
COBZ,$13,1440004853655,"6,714",100% bullish,of 1 rating,$14
CVLY,$20.55,1440004853749,"3,638",Not yet rated,NULL,N/A
CDRB,$12.34,1440004853788,"1,781",67% bullish,of 3 ratings,N/A
CCOI,$28.78,1440004853819,"109,613",50% bullish,of 4 ratings,$35
JVA,$4.71,1440004853888,"16,488",83% bullish,of 6 ratings,$7
CDXS,$4.04,1440004853923,"12,950",64% bullish,of 11 ratings,$6
CGNT,$1.63,1440004853948,"38,751",100% bullish,of 2 ratings,$2
CTSH,$67.18,1440004853996,"605,776",90% bullish,of 10 ratings,$74.50
CGNX,$36.98,1440004854160,"161,168",50% bullish,of 2 ratings,$47
COHR,$57.43,1440004854211,"40,938",50% bullish,of 2 ratings,$72
CHRS,$30.83,1440004854247,"42,604",67% bearish,of 3 ratings,$37
COHU,$9.685,1440004854288,"112,630",100% bearish,of 1 rating,$14.25
CLCT,$19.25,1440004854380,"6,441",100% bearish,of 1 rating,N/A
CLRX,$0.48,1440004854435,"99,191",50% bullish,of 2 ratings,N/A
COLL,$14.88,1440004854676,"30,114",100% bearish,of 1 rating,$26
CBAN,$9.14,1440004854734,100,Not yet rated,NULL,N/A
CIGI,$46.25,1440004854820,"6,422",100% bearish,of 1 rating,$52
CLCD,$7.64,1440004854852,"9,710",100% bearish,of 1 rating,$20.50
COLB,$33.465,1440004854879,"38,662",Not yet rated,NULL,$36
CMCO,$20.64,1440004854912,"12,500",60% bullish,of 5 ratings,$28
COLM,$66.01,1440004854952,"65,953",100% bearish,of 1 rating,$71
CMCSA,$60,1440004855132,"5,600,595",66% bullish,of 35 ratings,$69.50
CBMX,$1.2499,1440004855205,"1,735",83% bullish,of 6 ratings,$3.15
CBSH,$47.36,1440004855307,"72,909",50% bullish,of 2 ratings,$46
CUBN,$13.75,1440004855335,"11,151",Not yet rated,NULL,N/A
CBSHP,$25.15,1440004855361,"9,328",100% bearish,of 1 rating,N/A
CMCSK,$60.46,1440004855387,"1,376,700",Not yet rated,NULL,$84
CVGI,$4.55,1440004855611,"36,401",50% bullish,of 2 ratings,$6
COMM,$31.48,1440004855761,"350,259",67% bearish,of 3 ratings,$35
ESXB,$5.1,1440004855788,"13,740",Not yet rated,NULL,N/A
CSAL,$22.24,1440004855818,"174,466",75% bullish,of 4 ratings,$30
JCS,$9.495,1440004855860,"4,738",67% bullish,of 3 ratings,N/A
CYHHZ,$0.0115,1440004855921,"2,246",100% bullish,of 1 rating,N/A
CWBC,$6.75,1440004855946,"3,868",Not yet rated,NULL,N/A
CTBI,$35.27,1440004855994,"11,328",Not yet rated,NULL,$36
COB,$10.56,1440004856215,"3,701",100% bullish,of 1 rating,$11.75
CIL,NULL,1440004856253,0,Not yet rated,NULL,N/A
CIZ,NULL,1440004856286,0,100% bearish,of 1 rating,N/A
CVLT,$37.285,1440004856349,"90,544",75% bullish,of 4 ratings,$44.50
CID,NULL,1440004856382,0,Not yet rated,NULL,N/A
CSA,NULL,1440004856485,0,Not yet rated,NULL,N/A
CDC,$36.38,1440004856512,"13,453",Not yet rated,NULL,N/A
CSF,$38.2,1440004856686,650,100% bearish,of 1 rating,N/A
CFO,$37.36,1440004856711,"8,767",100% bearish,of 1 rating,N/A
CFA,NULL,1440004856762,0,100% bearish,of 1 rating,N/A
CDL,NULL,1440004856894,0,Not yet rated,NULL,N/A
CSB,NULL,1440004856940,0,Not yet rated,NULL,N/A
CGEN,$5.63,1440004856966,"40,717",50% bullish,of 2 ratings,$11
CPSI,$46.24,1440004857130,"32,852",100% bearish,of 1 rating,$45.50
SCOR,$63.68,1440004857157,"58,059",100% bearish,of 1 rating,$66
CTG,$6.77,1440004857185,"7,112",100% bearish,of 1 rating,$8.50
CHCI,$0.5861,1440004857320,"7,815",50% bullish,of 2 ratings,N/A
CNSI,$19.4,1440004857348,"53,815",100% bearish,of 2 ratings,$29
CMTL,$27.42,1440004857504,"8,441",100% bearish,of 2 ratings,$37
CNCE,$16.24,1440004857539,"80,817",75% bullish,of 4 ratings,$22
CNAT,$4.41,1440004857567,"35,920",83% bullish,of 6 ratings,$13
CXRX,$78.265,1440004857597,"1,402",Not yet rated,NULL,$90
CCUR,$5.178,1440004857644,"4,851",75% bullish,of 4 ratings,N/A
CDORO,$18.34,1440004857738,6,100% bearish,of 1 rating,N/A
CDOR,$1.4,1440004857805,"3,707",100% bullish,of 1 rating,N/A
CFMS,$22.74,1440004857984,"104,757",Not yet rated,NULL,$27
CDORP,$7.0489,1440004858010,100,100% bearish,of 1 rating,N/A
CNFR,$10.2037,1440004858143,"6,775",Not yet rated,NULL,N/A
CNXR,$6.55,1440004858325,"11,978",100% bearish,of 1 rating,$12
CNOB,$20.33,1440004858355,"16,293",100% bullish,of 1 rating,$23.50
CTWS,$34.92,1440004858386,"5,419",100% bearish,of 1 rating,$44
CONN,$33.17,1440004858449,"58,976",67% bullish,of 3 ratings,$48.50
CNMD,$56.59,1440004858487,"21,475",Not yet rated,NULL,$59
CWCO,$11.73,1440004858517,"23,179",67% bullish,of 3 ratings,$14.50
CTCT,$24.415,1440004858546,"85,879",67% bullish,of 3 ratings,$37
CNSL,$20.28,1440004858568,"30,401",100% bearish,of 1 rating,$23
CPSS,$5.7436,1440004858861,"16,008",100% bullish,of 1 rating,$10
CFRXW,$2.185,1440004858887,"1,018",100% bearish,of 1 rating,N/A
CFRX,$5.32,1440004858939,"39,446",Not yet rated,NULL,$14
CTRV,$4.32,1440004859020,"2,828",Not yet rated,NULL,$6.40
CFRXZ,$0.7,1440004859072,"16,402",Not yet rated,NULL,N/A
CTRL,$8.12,1440004859252,"45,980",50% bullish,of 2 ratings,$11
CPRT,$36.09,1440004859277,"55,427",67% bearish,of 3 ratings,$40
CORT,$5.16,1440004859329,"139,551",67% bullish,of 3 ratings,$12
BVA,NULL,1440004859354,0,50% bullish,of 2 ratings,N/A
CRBP,$2.9878,1440004859511,"18,961,548",100% bullish,of 2 ratings,$6.25
CORE,$63.6,1440004859563,"32,620",100% bearish,of 1 rating,$72
CORI,$11.43,1440004859714,"9,878",100% bearish,of 1 rating,$18
CSOD,$37.92,1440004859846,"81,347",50% bullish,of 2 ratings,$42
CRVL,$33.02,1440004860111,"2,536",100% bearish,of 1 rating,N/A
CSGP,$191,1440004860148,"30,367",50% bullish,of 2 ratings,$235
COSI,$1.14,1440004860279,"62,671",100% bullish,of 1 rating,N/A
COST,$144.3,1440004860410,"394,116",83% bullish,of 24 ratings,$154.50
CPAH,$0.4899,1440004860442,"1,925",50% bullish,of 2 ratings,N/A
COVS,$2.77,1440004860576,"22,912",67% bullish,of 3 ratings,N/A
ICBK,$18.43,1440004860603,1,Not yet rated,NULL,$21
CVTI,$25.14,1440004860630,"47,436",67% bearish,of 3 ratings,$39
COWN,$5.415,1440004860664,"245,597",75% bullish,of 4 ratings,$7
COWNL,$26.75,1440004860732,"3,128",Not yet rated,NULL,N/A
CPSH,$2.4001,1440004860761,"3,000",Not yet rated,NULL,N/A
BREW,$8.05,1440004860820,"12,366",67% bullish,of 6 ratings,$15
CRAI,$22.71,1440004860928,"17,336",Not yet rated,NULL,$36
CBRL,$150.27,1440004861013,"48,298",50% bullish,of 2 ratings,$155
CACC,$197.11,1440004861116,"42,977",50% bullish,of 2 ratings,$158.50
CREE,$27.033,1440004861297,"444,320",65% bullish,of 17 ratings,$28.50
SLVO,$10.4535,1440004861323,"2,296",100% bearish,of 1 rating,N/A
CRAY,$22.38,1440004861368,"38,740",83% bullish,of 6 ratings,$38.50
GLDI,$11.026,1440004861471,"46,380",100% bearish,of 1 rating,N/A
CRDS,$1.19,1440004861499,"232,260",50% bullish,of 4 ratings,$4.50
CCRN,$15.42,1440004861562,"139,072",100% bearish,of 1 rating,$14.25
CROX,$14.795,1440004861589,"251,560",63% bullish,of 8 ratings,$16.50
CRTO,$47.18,1440004861610,"105,552",67% bullish,of 6 ratings,$64
CRESY,$11.25,1440004861820,"2,998",100% bearish,of 1 rating,$19
CRWS,$8.1001,1440004861857,450,Not yet rated,NULL,$10
CYRXW,$0.9499,1440004861955,"5,550",Not yet rated,NULL,N/A
CYRX,$3.09,1440004861983,"25,280",Not yet rated,NULL,$9
CRWN,$4.825,1440004862005,"32,050",75% bullish,of 4 ratings,N/A
CSGS,$31.89,1440004862234,"22,891",Not yet rated,NULL,$40
CCLP,$14.4635,1440004862261,"75,433",67% bearish,of 3 ratings,$21
CTIC,$1.74,1440004862296,"429,632",84% bullish,of 76 ratings,$5.75
CSPI,$6.23,1440004862324,"1,204",67% bullish,of 3 ratings,N/A
CTIB,$3.54,1440004862391,"1,200",100% bearish,of 1 rating,N/A
CTCM,$1.75,1440004862420,"84,166",80% bearish,of 5 ratings,$3.90
CTRP,$68,1440004862450,"681,028",75% bullish,of 8 ratings,$92
CUNB,$22.34,1440004862611,"2,068",Not yet rated,NULL,$24.50
CMLS,$1.28,1440004862715,"160,216",50% bullish,of 4 ratings,$6
CUI,$5.28,1440004862741,"12,552",50% bullish,of 2 ratings,$10
CPIX,$5.975,1440004862800,"3,491",Not yet rated,NULL,N/A
CUTR,$14.83,1440004862895,"6,406",67% bearish,of 3 ratings,$18
CRIS,$2.695,1440004862921,"66,592",100% bullish,of 8 ratings,$6
CVBF,$17.47,1440004862977,"79,862",Not yet rated,NULL,$18
CYBR,$60.1699,1440004863126,"778,619",86% bullish,of 7 ratings,$66
CYAN,$7.63,1440004863161,"1,935",100% bearish,of 1 rating,N/A
CVV,$12.08,1440004863184,"9,030",100% bullish,of 5 ratings,N/A
CYCC,$0.6002,1440004863265,"64,386",73% bullish,of 11 ratings,N/A
CYBE,$5.85,1440004863317,"7,093",100% bearish,of 1 rating,N/A
CYBX,$60.14,1440004863347,"71,538",50% bullish,of 4 ratings,$70
CBAY,$2.75,1440004863398,"29,908",100% bullish,of 1 rating,$4
CYCCP,NULL,1440004863451,0,100% bearish,of 1 rating,N/A
CYNA,$15.28,1440004863655,"8,764",100% bullish,of 1 rating,$33
CYNO,$34.03,1440004863759,"38,208",67% bearish,of 3 ratings,$45.50
CONE,$34.44,1440004863790,"338,837",67% bearish,of 3 ratings,$35
CYTK,$6.49,1440004863822,"64,559",71% bullish,of 14 ratings,$13.50
CYRN,$1.745,1440004863844,"70,350",67% bullish,of 3 ratings,$4
CY,$9.825,1440004863873,"2,367,359",80% bullish,of 10 ratings,$15.50
CYTX,$0.3952,1440004863927,"297,050",83% bullish,of 12 ratings,$5.50
DAEG,$0.323,1440004864061,"4,000",100% bearish,of 1 rating,N/A
CYTR,$2.3,1440004864090,"168,961",67% bullish,of 6 ratings,$10
CTSO,$7.41,1440004864251,"22,249",Not yet rated,NULL,$15.625
TVIZ,NULL,1440004864383,0,100% bearish,of 1 rating,N/A
TVIX,$5.89,1440004864409,"3,462,036",81% bullish,of 16 ratings,N/A
ZIV,$49.33,1440004864434,"16,632",Not yet rated,NULL,N/A
XIV,$46.9901,1440004864461,"6,996,509",75% bearish,of 4 ratings,N/A
DARA,$0.895,1440004864682,"103,243",83% bullish,of 6 ratings,$1.50
DAKT,$11.66,1440004864716,"40,307",50% bullish,of 2 ratings,$14
DJCO,$210.79,1440004864751,101,Not yet rated,NULL,N/A
DTLK,$5.78,1440004864815,"62,039",100% bearish,of 1 rating,$9
DRAM,$1.43,1440004864843,"8,169",78% bullish,of 9 ratings,N/A
PLAY,$35.215,1440004864875,"141,944",100% bullish,of 5 ratings,$42
DWCH,$5.55,1440004864902,"60,001",75% bullish,of 4 ratings,$8.25
DAIO,$2.69,1440004864924,486,Not yet rated,NULL,N/A
DTEA,$12.51,1440004865114,"20,992",100% bearish,of 2 ratings,$24
DWSN,$4.87,1440004865165,"73,736",67% bullish,of 3 ratings,$6
DBVT,$42.99,1440004865301,"31,061",100% bearish,of 1 rating,$53
TRAK,$62.41,1440004865334,"288,527",50% bullish,of 2 ratings,$62.50
DHRM,$1.83,1440004865361,500,Not yet rated,NULL,N/A
TACO,$13.5,1440004865437,"190,473",100% bullish,of 3 ratings,$20
DFRG,$15.12,1440004865463,"42,398",100% bearish,of 1 rating,$20
DGAS,$20.21,1440004865622,104,67% bearish,of 3 ratings,N/A
TACOW,$4.3,1440004865653,"60,649",100% bullish,of 1 rating,N/A
DENN,$12.405,1440004865682,"102,162",100% bullish,of 3 ratings,$15
DELT,$2.4452,1440004865736,100,Not yet rated,NULL,N/A
DCTH,$0.4871,1440004865767,"145,199",78% bullish,of 9 ratings,N/A
XRAY,$56.71,1440004865868,"75,848",100% bullish,of 1 rating,$58
DELTW,NULL,1440004865927,0,Not yet rated,NULL,N/A
DEPO,$31.7,1440004866025,"112,967",80% bullish,of 5 ratings,$32
DSCI,$6.54,1440004866183,"14,463",50% bullish,of 2 ratings,$16
DERM,$24.445,1440004866212,"137,490",100% bearish,of 1 rating,$33
DXLG,$4.88,1440004866392,"12,372",100% bearish,of 1 rating,$8
DXCM,$95.435,1440004866425,"235,685",57% bullish,of 7 ratings,$98
DEST,$11.95,1440004866450,"23,273",50% bullish,of 2 ratings,N/A
DSWL,NULL,1440004866471,0,100% bullish,of 1 rating,N/A
DXM,$0.3174,1440004866496,"56,873",50% bullish,of 2 ratings,N/A
DHXM,$7.0796,1440004866534,"1,900",Not yet rated,NULL,N/A
FANG,$70.785,1440004866664,"289,684",50% bullish,of 2 ratings,$86
DMND,$31.345,1440004866693,"34,262",75% bullish,of 12 ratings,$32
DRNA,$10.43,1440004866834,"52,794",67% bearish,of 3 ratings,$25
DHIL,$192.45,1440004866939,331,Not yet rated,NULL,N/A
DGII,$10.12,1440004866967,"16,720",100% bearish,of 1 rating,$10
DCIX,$1.87,1440004866996,"13,428",50% bullish,of 4 ratings,$3.50
DMRC,$36.387,1440004867154,"26,928",100% bearish,of 1 rating,$44
DRAD,$4.0701,1440004867183,"5,736",100% bullish,of 1 rating,$5.25
APPS,$2.35,1440004867216,"66,444",100% bearish,of 1 rating,$10.25
DGLY,$7.4026,1440004867238,"26,626",50% bullish,of 6 ratings,$20
DIOD,$19.775,1440004867260,"52,929",75% bearish,of 4 ratings,$24
DCOM,$17.23,1440004867393,"10,909",100% bearish,of 2 ratings,$16.50
DPRX,$13.26,1440004867539,"1,600",100% bullish,of 2 ratings,$27.75
DISCK,$27.6,1440004867567,"725,879",100% bearish,of 1 rating,$40
DISCA,$28.82,1440004867588,"500,100",67% bullish,of 3 ratings,$34
DISCB,NULL,1440004867624,0,100% bearish,of 1 rating,$35
DSCO,$0.461,1440004867718,"48,040",83% bullish,of 6 ratings,$2.75
DISH,$65.9,1440004867755,"190,787",69% bullish,of 13 ratings,$73
BAGR,$3.04,1440004867952,"10,302",100% bearish,of 1 rating,$6
DLHC,$2.65,1440004867982,"4,491",100% bearish,of 1 rating,N/A
DLTR,$80.05,1440004868004,"545,195",82% bullish,of 11 ratings,$88
DVCR,$11.7853,1440004868039,250,100% bullish,of 1 rating,N/A
DNBF,$27.132,1440004868060,"14,490",Not yet rated,NULL,$27.50
DGICA,$14.53,1440004868210,"2,192",100% bearish,of 1 rating,$17
DORM,$51.19,1440004868250,"32,189",100% bearish,of 1 rating,$56
DGICB,$17.92,1440004868275,2,100% bearish,of 1 rating,N/A
HILL,$9.6804,1440004868475,"20,296,938",60% bearish,of 5 ratings,$8
DMLP,$13.9601,1440004868501,"26,721",100% bearish,of 1 rating,N/A
DRWIW,$0.0472,1440004868678,"10,900",Not yet rated,NULL,N/A
DRWI,$0.28,1440004868708,"74,219",60% bullish,of 5 ratings,$.45
DSPG,$8.73,1440004868746,"15,015",100% bearish,of 1 rating,$13.50
DWA,$19.15,1440004868768,"136,578",63% bullish,of 8 ratings,$26
DSKX,$3.26,1440004868790,"86,437",100% bullish,of 1 rating,N/A
DRYS,$0.3458,1440004868812,"1,541,158",77% bullish,of 31 ratings,$.60
CADTR,NULL,1440004868852,0,Not yet rated,NULL,N/A
CADT,$10.02,1440004869000,4,Not yet rated,NULL,N/A
CADTW,NULL,1440004869176,0,Not yet rated,NULL,N/A
DNKN,$50.45,1440004869203,"1,016,182",67% bullish,of 15 ratings,$56.50
CADTU,NULL,1440004869224,0,Not yet rated,NULL,N/A
DTSI,$27.32,1440004869258,"13,971",100% bearish,of 2 ratings,$39.50
DRRX,$2.0625,1440004869411,"93,777",50% bullish,of 6 ratings,$3
DYAX,$23.03,1440004869443,"148,072",89% bullish,of 9 ratings,$30
BOOM,$10.16,1440004869553,"25,735",67% bullish,of 3 ratings,$12
DYSL,$1.4,1440004869683,"6,400",100% bullish,of 2 ratings,N/A
DVAX,$29.53,1440004869780,"106,476",70% bullish,of 10 ratings,$40
DYNT,$3.02,1440004869810,"3,000",75% bullish,of 4 ratings,N/A
ETFC,$27.72,1440004869840,"584,168",57% bullish,of 14 ratings,$33
DXPE,$28.94,1440004869861,"26,866",50% bullish,of 2 ratings,N/A
EBMT,$11.53,1440004869883,9,Not yet rated,NULL,$13.50
EGBN,$44.75,1440004869921,"10,227",Not yet rated,NULL,$48
EGRX,$68.68,1440004870218,"81,571",67% bullish,of 3 ratings,$97
EGLE,$7.1,1440004870275,"3,396",60% bullish,of 5 ratings,N/A
ELNK,$9.065,1440004870325,"247,983",80% bullish,of 5 ratings,$9.50
EROC,$1.2021,1440004870350,"501,165",50% bullish,of 2 ratings,$3
EACQU,$10.09,1440004870378,"2,200",Not yet rated,NULL,N/A
EWBC,$44.73,1440004870399,"358,174",100% bearish,of 1 rating,$50
EML,$17,1440004870539,"1,510",Not yet rated,NULL,N/A
EVBS,$6.4201,1440004870671,"3,500",Not yet rated,NULL,$7
EBAY,$27.5248,1440004870699,"3,103,805",81% bullish,of 117 ratings,$48
EBIX,$30.33,1440004870738,"102,843",69% bullish,of 13 ratings,$40
ELON,$0.5563,1440004870769,"10,130",50% bullish,of 2 ratings,N/A
ECHO,$25.71,1440004870833,"67,577",67% bearish,of 3 ratings,$35.50
SATS,$46.14,1440004870865,"30,657",50% bullish,of 2 ratings,$60
ECTE,$1.48,1440004870896,"5,043",75% bullish,of 4 ratings,N/A
EEI,$11.3,1440004871067,"1,200",67% bearish,of 3 ratings,N/A
ECACU,NULL,1440004871282,0,Not yet rated,NULL,N/A
ESES,$3.37,1440004871313,"2,546",100% bearish,of 1 rating,$7
EDAP,$3.5,1440004871341,"2,760",60% bullish,of 5 ratings,$4.50
EDUC,$4.68,1440004871414,200,100% bearish,of 1 rating,N/A
EGLT,$12.265,1440004871551,"39,996",50% bullish,of 2 ratings,$21
EDGW,$7.02,1440004871577,702,100% bearish,of 1 rating,N/A
EGAN,$3.56,1440004871604,"109,136",50% bullish,of 2 ratings,$6.25
EFUT,$4.3,1440004871653,"3,700",Not yet rated,NULL,N/A
LOCO,$13.4392,1440004871741,"1,077,803",69% bullish,of 13 ratings,$20
EHTH,$14.57,1440004871768,"24,687",50% bullish,of 4 ratings,$16.50
EMITF,$1.3276,1440004871847,"17,306",75% bullish,of 4 ratings,N/A
ESLT,$81.3436,1440004871979,"4,472",100% bullish,of 2 ratings,N/A
ERI,$9.64,1440004872044,"21,306",100% bearish,of 1 rating,$10
ELRC,$10.3,1440004872123,"7,398",100% bearish,of 1 rating,N/A
ESIO,$4.55,1440004872188,"16,280",50% bullish,of 2 ratings,$10
EA,$71.71,1440004872277,"754,592",77% bullish,of 35 ratings,$80
ELSE,$4.1406,1440004872307,"3,265",60% bullish,of 5 ratings,N/A
EFII,$45.03,1440004872410,"50,163",80% bullish,of 5 ratings,$55
ELEC,NULL,1440004872444,0,Not yet rated,NULL,N/A
ELECU,$10.08,1440004872542,"1,100",Not yet rated,NULL,N/A
ELECW,NULL,1440004872569,0,Not yet rated,NULL,N/A
EBIO,$3.9101,1440004872638,"358,602",100% bearish,of 2 ratings,$8.35
RDEN,$10.69,1440004872669,"48,796",100% bearish,of 4 ratings,$15
CAPX,NULL,1440004872693,0,Not yet rated,NULL,N/A
ESBK,$19.608,1440004872723,279,Not yet rated,NULL,N/A
LONG,$17.099,1440004872905,"12,234",67% bullish,of 3 ratings,$15.75
ELTK,$1.1089,1440004873007,"13,420",67% bearish,of 3 ratings,N/A
EMCI,$23.745,1440004873082,"9,886",Not yet rated,NULL,N/A
EMCF,$23.9499,1440004873112,600,100% bearish,of 1 rating,N/A
EMKR,$7.2,1440004873170,"34,097",75% bullish,of 4 ratings,$8.50
EMMS,$1.23,1440004873218,"6,900",67% bullish,of 6 ratings,N/A
NYNY,$4.1209,1440004873299,"22,642",50% bullish,of 2 ratings,N/A
EMMSP,NULL,1440004873325,0,100% bearish,of 1 rating,N/A
ERS,NULL,1440004873456,0,Not yet rated,NULL,N/A
ECPG,$39.98,1440004873490,"47,584",100% bullish,of 2 ratings,$52
ENTA,$40.36,1440004873519,"32,122",50% bullish,of 2 ratings,$42
WIRE,$33.57,1440004873589,"36,355",100% bearish,of 1 rating,$37
ENDP,$84.23,1440004873657,"258,591",50% bullish,of 6 ratings,$104
ECYT,$5.23,1440004873733,"49,686",83% bullish,of 6 ratings,$12
ELGX,$12.94,1440004873825,"139,963",75% bullish,of 4 ratings,$17
EIGI,$15.72,1440004873915,"275,482",67% bearish,of 3 ratings,$20
ERII,$2.92,1440004874018,"41,267",80% bullish,of 5 ratings,$2.50
WATT,$6.935,1440004874059,"44,236",50% bullish,of 2 ratings,$13
EFOI,$16.5199,1440004874092,"421,251",50% bullish,of 2 ratings,$17
EXXI,$1.62,1440004874153,"423,569",86% bullish,of 7 ratings,$3.50
ENOC,$8.39,1440004874196,"64,104",75% bullish,of 4 ratings,$18
ENPH,$4.93,1440004874222,"177,070",75% bullish,of 4 ratings,$11
ENG,$1.04,1440004874254,"4,475",100% bullish,of 3 ratings,N/A
ESGR,$153.87,1440004874516,"5,515",100% bearish,of 1 rating,$185
ENFC,$18.28,1440004874545,"1,995",Not yet rated,NULL,N/A
ENTG,$14.385,1440004874571,"135,706",100% bearish,of 1 rating,$18
ENTL,$22.43,1440004874597,"6,296",Not yet rated,NULL,$28
ETRM,$0.2501,1440004874728,"417,996",69% bearish,of 35 ratings,$1.625
EBTC,$20.64,1440004874770,38,Not yet rated,NULL,N/A
EFSC,$24.91,1440004874873,"8,523",Not yet rated,NULL,$27
EGT,$2.2,1440004875044,505,100% bullish,of 1 rating,N/A
ENZN,$1.0667,1440004875078,"268,290",100% bullish,of 9 ratings,N/A
EPIQ,$14.15,1440004875099,"19,314",100% bearish,of 1 rating,$18
ENZY,$9.03,1440004875137,"15,722",67% bullish,of 3 ratings,$9.50
ENVI,$1.8,1440004875165,"1,200",67% bullish,of 3 ratings,N/A
EPZM,$17.06,1440004875192,"94,777",60% bullish,of 5 ratings,$34
EPRS,$4.98,1440004875228,"65,920",82% bullish,of 11 ratings,$15
PLUS,$76.55,1440004875495,"18,222",50% bullish,of 2 ratings,$88
EQFN,NULL,1440004875520,0,Not yet rated,NULL,N/A
EAC,$3.7,1440004875591,"5,851",100% bearish,of 1 rating,$8
EQIX,$286.14,1440004875617,"105,979",67% bullish,of 3 ratings,$312.50
ERIC,$10.1,1440004875649,"856,427",63% bullish,of 8 ratings,$13.30
ESCA,$18.21,1440004875782,"4,425",100% bearish,of 1 rating,$22
ERIE,$87.47,1440004875947,"2,962",Not yet rated,NULL,$73
ESCR,$0.2,1440004875979,"24,358",50% bullish,of 2 ratings,N/A
ESSA,$12.9699,1440004876009,"6,956",100% bearish,of 1 rating,N/A
ESPR,$57.87,1440004876046,"1,465,973",67% bearish,of 9 ratings,$130
ESCRP,$1.67,1440004876067,"2,000",100% bearish,of 1 rating,N/A
ESMC,$1.35,1440004876100,200,Not yet rated,NULL,N/A
EPIX,NULL,1440004876136,0,Not yet rated,NULL,N/A
ESND,$35.98,1440004876238,"58,212",100% bearish,of 1 rating,$40
ESSX,$0.4999,1440004876402,"49,513",50% bullish,of 2 ratings,N/A
ETSY,$15.1,1440004876505,"315,160",80% bullish,of 5 ratings,$16
CLWT,$2.5,1440004876609,718,100% bearish,of 1 rating,N/A
ESEA,$6.219,1440004876642,250,100% bullish,of 1 rating,$15
EVEP,$8.14,1440004876669,"195,945",50% bullish,of 2 ratings,$15
EEFT,$68.57,1440004876695,"35,092",100% bearish,of 1 rating,$67.50
EVK,$4.057,1440004876723,560,75% bearish,of 4 ratings,N/A
EVLV,$2.24,1440004876853,"43,986",60% bullish,of 5 ratings,$6.50
EVOK,$4.48,1440004876888,"198,654",100% bearish,of 1 rating,$13.75
EXAS,$22.71,1440004877028,"356,364",78% bullish,of 9 ratings,$31
EXA,$10.7,1440004877054,"18,677",100% bearish,of 1 rating,$13
EVOL,$6.2481,1440004877076,"10,668",75% bullish,of 4 ratings,$10
EXEL,$5.74,1440004877112,"1,294,654",81% bullish,of 16 ratings,$6
EXFO,$2.89,1440004877271,"1,469",67% bearish,of 3 ratings,$3.95
EXAC,$18.6999,1440004877302,"10,802",100% bearish,of 1 rating,$22.50
EXPE,$122.87,1440004877403,"160,076",64% bullish,of 11 ratings,$130
EXLS,$37.22,1440004877434,"45,276",100% bullish,of 1 rating,$41
EXPO,$43.5297,1440004877530,"12,337",100% bearish,of 1 rating,$45.50
ESRX,$89.635,1440004877564,"1,040,370",67% bearish,of 6 ratings,$101
EXLP,$20.33,1440004877590,"23,466",100% bearish,of 1 rating,$27
EXPD,$49.81,1440004877622,"401,906",80% bullish,of 5 ratings,$50.50
EXTR,$2.95,1440004877778,"254,855",80% bullish,of 5 ratings,$3
EYEG,$4.125,1440004877807,"30,388",Not yet rated,NULL,N/A
EYEGW,$1.2,1440004877884,33,Not yet rated,NULL,N/A
FB,$95.142,1440004877985,"6,858,712",73% bullish,of 1065 ratings,$111
EZPW,$6.08,1440004878011,"183,431",50% bullish,of 4 ratings,$7.50
EZCH,$21.95,1440004878038,"51,783",75% bullish,of 8 ratings,$19.50
FFIV,$133.16,1440004878089,"147,051",71% bullish,of 7 ratings,$132
FCS,$13.935,1440004878247,"229,739",67% bearish,of 3 ratings,$17
FRP,$17.72,1440004878289,"8,022",100% bearish,of 1 rating,$18
FALC,$1.67,1440004878349,"15,212",63% bearish,of 8 ratings,N/A
FWM,$2.215,1440004878391,"90,206",100% bearish,of 2 ratings,$3.20
DAVE,$14.3,1440004878428,"20,248",100% bearish,of 1 rating,$15.50
FFKT,$26.97,1440004878481,"3,099",Not yet rated,NULL,$29
FARM,$22.36,1440004878522,"5,256",100% bearish,of 1 rating,$35
FMNB,$8.04,1440004878555,"13,121",Not yet rated,NULL,N/A
FARO,$40.19,1440004878651,"17,188",50% bullish,of 2 ratings,$48
FBSS,$15.45,1440004878898,300,Not yet rated,NULL,N/A
FATE,$7.1,1440004878954,"48,644",50% bullish,of 2 ratings,$11
FBRC,$23.13,1440004879001,"6,027",100% bearish,of 1 rating,$29
FAST,$40.27,1440004879027,"301,136",80% bullish,of 5 ratings,$46
FDML,$9.41,1440004879085,"97,879",50% bullish,of 4 ratings,$14
FEIC,$81.28,1440004879112,"104,009",50% bullish,of 2 ratings,$95.50
FNHC,$23.25,1440004879369,"49,051",100% bearish,of 1 rating,$35
FCSC,$6.1,1440004879424,"140,820",100% bearish,of 1 rating,$8.125
FENX,$9.75,1440004879456,"21,761",100% bullish,of 1 rating,$14.25
FHCO,$1.41,1440004879506,"22,891",50% bullish,of 4 ratings,N/A
FGEN,$24.89,1440004879588,"97,093",100% bearish,of 1 rating,$39
FDUS,$14.8801,1440004879638,"18,317",100% bullish,of 1 rating,$18
LION,$20.08,1440004879682,"12,953",100% bullish,of 1 rating,$20
ONEQ,$197.0152,1440004879814,"4,026",100% bullish,of 1 rating,N/A
FRGI,$54.35,1440004879874,"42,756",50% bullish,of 2 ratings,$70
FSAM,$8.7,1440004880006,"2,158",100% bearish,of 1 rating,$11
FSFR,$9.07,1440004880139,"39,407",100% bearish,of 1 rating,$11.50
FSCFL,$25.2,1440004880169,"5,951",Not yet rated,NULL,N/A
FSC,$6.47,1440004880193,"245,572",75% bullish,of 4 ratings,$8
FNGN,$35.95,1440004880229,"70,659",67% bullish,of 3 ratings,$47
FITBI,$27.71,1440004880251,"4,924",Not yet rated,NULL,N/A
FITB,$21.15,1440004880328,"1,282,191",54% bullish,of 13 ratings,$22
FISI,$25,1440004880399,"12,417",100% bullish,of 2 ratings,$24.50
FNSR,$16.96,1440004880467,"229,886",71% bullish,of 7 ratings,$24.50
FNJN,$1.6401,1440004880535,"49,787",100% bearish,of 1 rating,$5
FNTC,NULL,1440004880568,0,Not yet rated,NULL,N/A
FNTCU,NULL,1440004880624,0,Not yet rated,NULL,N/A
FNTCW,NULL,1440004880726,0,Not yet rated,NULL,N/A
FNLC,$18.89,1440004880854,"4,444",100% bullish,of 1 rating,N/A
FBNC,$17.21,1440004880881,"17,232",100% bullish,of 1 rating,$20
FEYE,$43.6802,1440004880910,"1,279,570",87% bullish,of 15 ratings,$55.50
FBIZ,$44.13,1440004881053,"4,024",100% bearish,of 2 ratings,$52
FRBA,$6.013,1440004881109,"2,000",Not yet rated,NULL,$8
FCVA,NULL,1440004881136,0,Not yet rated,NULL,N/A
BUSE,$6.42,1440004881158,"24,935",Not yet rated,NULL,$6.875
FCAP,$26.85,1440004881192,"5,061",Not yet rated,NULL,N/A
FCNCA,$248.52,1440004881416,678,Not yet rated,NULL,N/A
FCFS,$38.3,1440004881471,"26,465",100% bearish,of 2 ratings,$48
FCLF,$9.2037,1440004881498,302,Not yet rated,NULL,N/A
FCBC,$18.1,1440004881633,"2,873",Not yet rated,NULL,$18
FCCO,$12,1440004881660,"11,507",Not yet rated,NULL,$13.25
FCFP,$6.9069,1440004881681,"1,000",Not yet rated,NULL,N/A
FBNK,$16.19,1440004881840,"5,153",100% bearish,of 1 rating,$17.50
FFIN,$32.585,1440004881932,"33,614",50% bullish,of 2 ratings,$31.75
FFBC,$19.51,1440004881968,"45,697",67% bearish,of 3 ratings,$20.25
FDEF,$37.7,1440004881998,"11,426",Not yet rated,NULL,$38
FFNM,NULL,1440004882019,0,Not yet rated,NULL,N/A
FFBCW,NULL,1440004882074,0,100% bearish,of 1 rating,N/A
THFF,$33.76,1440004882204,"9,165",Not yet rated,NULL,$35
FFNW,$12.52,1440004882286,"11,392",Not yet rated,NULL,$14
FFWM,$21.25,1440004882312,"8,918",Not yet rated,NULL,$24
FIBK,$28.02,1440004882477,"15,078",Not yet rated,NULL,$32
INBK,$34.77,1440004882505,"4,575",50% bullish,of 2 ratings,$37
FRME,$26.115,1440004882579,"77,730",Not yet rated,NULL,$26.50
FMBI,$18.61,1440004882669,"67,730",Not yet rated,NULL,$20
FMBH,$21.5,1440004882734,"2,779",Not yet rated,NULL,N/A
FNBC,$35.68,1440004882771,"17,403",Not yet rated,NULL,$41.50
FSFG,NULL,1440004882900,0,Not yet rated,NULL,N/A
FNFG,$9.73,1440004882928,"352,431",80% bullish,of 5 ratings,$9
FSGI,$2.5,1440004883077,"1,702",Not yet rated,NULL,N/A
FSLR,$49.19,1440004883106,"985,398",74% bullish,of 39 ratings,$65
FNWB,$12.2,1440004883138,"1,200",Not yet rated,NULL,N/A
FSBK,$7.77,1440004883236,100,100% bullish,of 1 rating,N/A
BICK,$20.23,1440004883310,266,100% bullish,of 1 rating,N/A
FBZ,NULL,1440004883366,0,Not yet rated,NULL,N/A
FTCS,$38.3725,1440004883500,"7,300",Not yet rated,NULL,N/A
FCA,$21.5201,1440004883561,250,Not yet rated,NULL,N/A
FCAN,$25.01,1440004883594,"1,000",Not yet rated,NULL,N/A
FEMB,NULL,1440004883692,0,Not yet rated,NULL,N/A
FV,$24.61,1440004883719,"676,454",Not yet rated,NULL,N/A
IFV,$18.4681,1440004883784,"229,910",100% bearish,of 1 rating,N/A
FEUZ,$32.05,1440004883881,"1,658",Not yet rated,NULL,N/A
FTSM,$59.93,1440004883910,"2,924",100% bearish,of 1 rating,N/A
TDIV,$25.65,1440004883964,"45,153",100% bearish,of 1 rating,N/A
MDIV,$19.76,1440004884110,"96,816",Not yet rated,NULL,N/A
FGM,$36.58,1440004884138,"15,313",Not yet rated,NULL,N/A
FTGC,$22.52,1440004884166,"22,827",Not yet rated,NULL,N/A
FTHI,NULL,1440004884193,0,Not yet rated,NULL,N/A
FHK,$34.5101,1440004884385,"18,697",Not yet rated,NULL,N/A
HYLS,$49.798,1440004884417,"29,310",100% bearish,of 1 rating,N/A
FPXI,NULL,1440004884480,0,Not yet rated,NULL,N/A
YDIV,$16.91,1440004884552,"3,386",Not yet rated,NULL,N/A
CU,$12.8199,1440004884588,"3,890",100% bearish,of 1 rating,N/A
SKYY,$30.3501,1440004884688,"17,919",100% bullish,of 1 rating,N/A
FJP,$49.42,1440004884715,"14,201",Not yet rated,NULL,N/A
PLTM,$6.39,1440004884742,"1,732",100% bearish,of 1 rating,N/A
LMBS,$50.4663,1440004884931,200,Not yet rated,NULL,N/A
FTLB,NULL,1440004884958,0,100% bearish,of 1 rating,N/A
FMB,$51.1995,1440004884980,"4,033",Not yet rated,NULL,N/A
QABA,$39.34,1440004885040,"1,477",100% bearish,of 1 rating,N/A
FONE,$35.8301,1440004885274,630,Not yet rated,NULL,N/A
GRID,$34.42,1440004885329,201,100% bearish,of 1 rating,N/A
QCLN,$15.72,1440004885351,"12,938",Not yet rated,NULL,N/A
CIBR,$19.42,1440004885431,"31,625",Not yet rated,NULL,N/A
CARZ,$36.361,1440004885560,606,100% bearish,of 1 rating,N/A
QQEW,$43.83,1440004885660,"43,048",Not yet rated,NULL,N/A
QTEC,$41.7799,1440004885908,"10,982",Not yet rated,NULL,N/A
QQXT,$42.66,1440004885937,"2,904",Not yet rated,NULL,N/A
RDVY,$22.32,1440004885960,200,Not yet rated,NULL,N/A
AIRR,$16.8,1440004885991,"2,100",100% bearish,of 1 rating,N/A
FTSL,$48.9912,1440004886016,"15,957",100% bearish,of 1 rating,N/A
QINC,NULL,1440004886051,0,Not yet rated,NULL,N/A
FSZ,$40.307,1440004886125,"10,874",Not yet rated,NULL,N/A
FDIV,$46.02,1440004886156,"2,902",100% bearish,of 1 rating,N/A
FKO,$22.96,1440004886327,75,Not yet rated,NULL,N/A
FTW,NULL,1440004886354,0,Not yet rated,NULL,N/A
FUNC,$8.37,1440004886486,"1,879",Not yet rated,NULL,N/A
TUSA,$26.05,1440004886512,"4,086",Not yet rated,NULL,N/A
FMER,$18.68,1440004886678,"286,450",50% bullish,of 2 ratings,$20
FSV,$31.61,1440004886764,"12,121",Not yet rated,NULL,$33.60
FKU,$43.3701,1440004886792,"15,554",Not yet rated,NULL,N/A
SVVC,$10.77,1440004886819,"4,206",100% bullish,of 1 rating,$26
FIVE,$36.79,1440004886991,"131,113",75% bearish,of 4 ratings,$44
FIVN,$4.2,1440004887022,"138,909",100% bullish,of 1 rating,$8.50
FISV,$89.71,1440004887045,"184,384",100% bearish,of 3 ratings,$90
FLML,$22,1440004887131,"37,301",50% bullish,of 2 ratings,$30
FPRX,$18.53,1440004887262,"143,324",50% bullish,of 2 ratings,$35
FLKS,$14.25,1440004887319,"18,949",50% bullish,of 2 ratings,$27
FLXN,$24.4,1440004887351,"29,003",100% bearish,of 1 rating,$39.50
SKOR,$50.01,1440004887449,"1,500",Not yet rated,NULL,N/A
MBSD,$24.89,1440004887529,"9,130",Not yet rated,NULL,N/A
FLXS,$34.46,1440004887579,"43,220",100% bearish,of 2 ratings,N/A
FLEX,$10.97,1440004887674,"582,205",63% bullish,of 8 ratings,$12
FLIR,$30.14,1440004887703,"174,592",100% bearish,of 1 rating,$38.50
FFIC,$20.86,1440004887880,"11,182",Not yet rated,NULL,$21
FLDM,$12.9,1440004887921,"122,446",67% bearish,of 3 ratings,$21.50
FOMX,$10.5,1440004887974,"66,413",50% bullish,of 2 ratings,$23.50
FOGO,$18.67,1440004888023,"114,555",50% bullish,of 2 ratings,$25.50
FORM,$6.41,1440004888156,"57,041",67% bullish,of 3 ratings,$10.50
FES,$0.93,1440004888190,"2,201",50% bullish,of 2 ratings,$1
FONR,$9.5,1440004888212,"2,563",100% bullish,of 1 rating,N/A
FORTY,$34.63,1440004888295,"1,016",Not yet rated,NULL,N/A
FORR,$32.44,1440004888360,"33,671",Not yet rated,NULL,N/A
FTNT,$47.701,1440004888393,"264,177",80% bullish,of 10 ratings,$52
FBIO,$2.9876,1440004888492,"50,946",83% bullish,of 6 ratings,N/A
FORD,$1.05,1440004888564,"122,398",50% bullish,of 2 ratings,N/A
FWRD,$48.6,1440004888590,"148,808",100% bearish,of 1 rating,$50
FWP,$26.21,1440004888657,"10,745",100% bearish,of 1 rating,$45
FOSL,$62.28,1440004888790,"257,806",50% bullish,of 4 ratings,$70
FMI,$20.055,1440004888837,"86,333",100% bearish,of 2 ratings,$27.50
FXCB,$17.21,1440004888970,"2,203",Not yet rated,NULL,$19
FOXF,$15.52,1440004889003,"10,274",100% bearish,of 1 rating,$19
FELE,$29.59,1440004889107,"169,198",50% bullish,of 4 ratings,$33
FRED,$14.544,1440004889138,"58,304",50% bullish,of 2 ratings,$16.50
RAIL,$21.36,1440004889211,"22,185",100% bearish,of 1 rating,$24.50
FRAN,$10.55,1440004889237,"262,571",50% bullish,of 4 ratings,$15
FREE,$0.506,1440004889265,"301,320",92% bullish,of 12 ratings,N/A
FRPT,$13.99,1440004889317,"162,958",67% bearish,of 3 ratings,$23.50
FEIM,$10.849,1440004889585,551,100% bearish,of 1 rating,N/A
FTR,$5.35,1440004889613,"4,972,802",78% bullish,of 27 ratings,$6.25
FTRPR,$104.46,1440004889645,"70,600",100% bearish,of 1 rating,N/A
FRPH,$31.34,1440004889749,100,100% bearish,of 1 rating,N/A
FTD,$30.79,1440004889934,"18,345",100% bearish,of 1 rating,$40
FSBW,NULL,1440004889985,0,Not yet rated,NULL,N/A
FSYS,$6.56,1440004890079,"18,728",67% bullish,of 3 ratings,$10
FULL,$3.1872,1440004890158,"8,392",67% bearish,of 3 ratings,$4.25
FCEL,$0.8279,1440004890187,"404,114",88% bullish,of 40 ratings,$2.65
FTEK,$2.1302,1440004890220,"21,715",75% bullish,of 4 ratings,N/A
FLL,$1.56,1440004890246,"12,092",75% bullish,of 4 ratings,$2.825
FULLL,$25.5,1440004890324,400,Not yet rated,NULL,N/A
FSNN,$2.5501,1440004890476,"1,600",67% bullish,of 3 ratings,$6
FXEN,$1.01,1440004890503,"16,465",75% bullish,of 4 ratings,$1.10
FULT,$13.09,1440004890529,"180,022",100% bearish,of 1 rating,$13
FFHL,NULL,1440004890579,0,50% bullish,of 4 ratings,N/A
FXENP,$16.4,1440004890662,300,100% bearish,of 1 rating,N/A
GK,$71.65,1440004890735,"11,329",Not yet rated,NULL,$78
WILC,$5.1181,1440004890905,100,100% bullish,of 2 ratings,N/A
GALT,$2.1,1440004890938,"83,243",80% bullish,of 5 ratings,N/A
GAIA,$5.98,1440004890960,"7,701",50% bullish,of 2 ratings,$8.50
GLPG,$63.4298,1440004891035,"5,919",100% bullish,of 1 rating,$75
GALTW,NULL,1440004891104,0,100% bullish,of 1 rating,N/A
GALTU,NULL,1440004891190,0,100% bearish,of 1 rating,N/A
GLPI,$33.3,1440004891334,"122,637",100% bearish,of 1 rating,$37.50
GALE,$1.4101,1440004891366,"364,933",89% bullish,of 47 ratings,$4
GLMD,$8.68,1440004891388,"9,700",67% bullish,of 3 ratings,$20.50
GRMN,$39.74,1440004891422,"217,303",50% bullish,of 6 ratings,$48
GPIC,$11.39,1440004891517,210,100% bearish,of 1 rating,N/A
GGACR,NULL,1440004891558,0,100% bullish,of 1 rating,N/A
GGAC,NULL,1440004891594,0,100% bearish,of 1 rating,N/A
GGACU,NULL,1440004891803,0,Not yet rated,NULL,N/A
GGACW,NULL,1440004891851,0,Not yet rated,NULL,N/A
GARS,$14.7611,1440004891876,"9,850",Not yet rated,NULL,$16
GENC,$9.4315,1440004891903,297,100% bearish,of 1 rating,N/A
GNCMA,$17.61,1440004892033,"36,378",100% bearish,of 1 rating,$12
GFNSL,$26.1,1440004892067,"1,135",Not yet rated,NULL,N/A
GFN,$3.835,1440004892162,"11,498",100% bearish,of 2 ratings,$8
GFNCP,NULL,1440004892191,0,Not yet rated,NULL,N/A
GENE,$2.6595,1440004892298,"30,852",100% bullish,of 12 ratings,N/A
GNMK,$9.5,1440004892329,"62,793",67% bullish,of 6 ratings,$14
GNCA,$12.17,1440004892360,"72,504",100% bearish,of 1 rating,$20
GNTX,$15.91,1440004892437,"725,864",Not yet rated,NULL,$20
GHDX,$26.33,1440004892467,"50,858",50% bullish,of 2 ratings,$30
THRM,$46.84,1440004892566,"53,626",75% bearish,of 4 ratings,$55.50
GNVC,$2.3201,1440004892726,"3,880",90% bullish,of 10 ratings,$8.50
GTWN,$18.27,1440004892757,400,Not yet rated,NULL,N/A
GABC,$29.48,1440004892858,"2,135",Not yet rated,NULL,$31.50
GERN,$3.239,1440004892929,"507,246",88% bullish,of 16 ratings,$5.25
GEOS,$15.46,1440004892994,"48,316",100% bearish,of 3 ratings,$25.50
GEVO,$2.49,1440004893026,"1,436,902",75% bullish,of 12 ratings,N/A
GIGM,$0.6207,1440004893099,"15,008",100% bullish,of 2 ratings,N/A
ROCK,$18.51,1440004893127,"31,074",80% bullish,of 5 ratings,$24
GIGA,$1.45,1440004893304,"16,998",100% bearish,of 1 rating,N/A
GIII,$68.965,1440004893375,"52,873",67% bullish,of 3 ratings,$75
GILD,$116.07,1440004893455,"2,132,886",91% bullish,of 86 ratings,$129
GILT,$4.525,1440004893483,"12,076",50% bullish,of 2 ratings,N/A
GBCI,$27.855,1440004893505,"23,411",50% bullish,of 2 ratings,$31
GLADO,$25.4,1440004893535,750,Not yet rated,NULL,N/A
GLAD,$8.235,1440004893675,"21,255",50% bullish,of 2 ratings,$8.75
GOOD,$15.65,1440004893812,"15,951",Not yet rated,NULL,$19
GOODN,$25.629,1440004893843,"1,000",Not yet rated,NULL,N/A
GAIN,$7.8199,1440004893914,"90,552",100% bullish,of 2 ratings,$8.25
GAINN,$25.1299,1440004893944,"22,400",Not yet rated,NULL,N/A
GOODP,$25.0199,1440004893998,"2,629",Not yet rated,NULL,N/A
GOODO,$25.175,1440004894046,200,Not yet rated,NULL,N/A
GAINO,$25.3001,1440004894139,400,Not yet rated,NULL,N/A
LAND,$9.31,1440004894239,"9,509",50% bullish,of 2 ratings,$13.75
GLBZ,NULL,1440004894313,0,Not yet rated,NULL,N/A
GBT,$42.56,1440004894381,"96,058",100% bearish,of 1 rating,N/A
GAINP,$26.1,1440004894445,"1,275",Not yet rated,NULL,N/A
ENT,$12.6,1440004894551,"48,431",100% bearish,of 1 rating,$18
GPACU,NULL,1440004894633,0,Not yet rated,NULL,N/A
GDEF,NULL,1440004894664,0,Not yet rated,NULL,N/A
GBLI,$26.94,1440004894696,"4,375",Not yet rated,NULL,N/A
GSOL,$8.53,1440004894766,"1,100",100% bearish,of 1 rating,N/A
ACTX,$14.0447,1440004894793,190,100% bullish,of 1 rating,N/A
QQQC,$20.9134,1440004895047,"1,088",100% bearish,of 1 rating,N/A
SRET,$13.8599,1440004895079,615,Not yet rated,NULL,N/A
SOCL,$18.2601,1440004895108,"9,660",100% bullish,of 2 ratings,N/A
ALTY,NULL,1440004895134,0,Not yet rated,NULL,N/A
YLCO,NULL,1440004895176,0,Not yet rated,NULL,N/A
GAI,$5.42,1440004895280,"2,137",50% bullish,of 2 ratings,N/A
GSM,$13.555,1440004895357,"89,343",50% bullish,of 2 ratings,$24.50
GBIM,$2.1214,1440004895418,"9,750",50% bullish,of 2 ratings,N/A
GLBS,$1.15,1440004895489,100,67% bullish,of 3 ratings,N/A
GLRI,$1.22,1440004895549,"2,600",100% bearish,of 1 rating,$6
GLYC,$7.26,1440004895622,"1,600",50% bullish,of 2 ratings,$14
GLUU,$4.665,1440004895684,"577,134",92% bullish,of 26 ratings,$9
GOGO,$16.16,1440004895752,"165,785",80% bullish,of 5 ratings,$25
GLNG,$37.76,1440004895902,"242,065",83% bullish,of 6 ratings,$58
GLDC,$4.149,1440004895977,400,50% bullish,of 2 ratings,N/A
GMLP,$19.6,1440004896062,"132,798",50% bullish,of 4 ratings,$32.50
GTIM,$6.91,1440004896195,"9,918",Not yet rated,NULL,$11.50
GOGL,$3.4,1440004896224,"150,281",75% bullish,of 4 ratings,$5
GDEN,$9.05,1440004896250,"10,377",50% bullish,of 2 ratings,N/A
GOOG,$660.36,1440004896277,"369,282",89% bullish,of 65 ratings,$795
GBDC,$16.53,1440004896298,"32,461",Not yet rated,NULL,$17.75
GMAN,$4.61,1440004896434,"11,354",60% bullish,of 5 ratings,$8
GPRO,$55.17,1440004896495,"2,491,812",79% bullish,of 58 ratings,$72
GOOGL,$694.574,1440004896566,"481,883",88% bullish,of 1078 ratings,$747
GPIA,NULL,1440004896652,0,Not yet rated,NULL,N/A
GPIAU,NULL,1440004896710,0,Not yet rated,NULL,N/A
GPIAW,NULL,1440004896782,0,Not yet rated,NULL,N/A
LOPE,$38.13,1440004897011,"117,340",100% bearish,of 2 ratings,$50
GRVY,$3.673,1440004897198,975,50% bullish,of 2 ratings,N/A
GBSN,$2.21,1440004897237,"46,625",100% bearish,of 1 rating,$8.25
GBSNU,$16.8,1440004897333,"1,640",Not yet rated,NULL,N/A
GLDD,$5.795,1440004897375,"104,717",100% bearish,of 4 ratings,$7.75
GSBC,$41.54,1440004897659,"6,252",100% bullish,of 1 rating,$44
GNBC,$12.95,1440004897748,"1,349",100% bearish,of 1 rating,$17
GPRE,$21.105,1440004897790,"130,748",67% bullish,of 6 ratings,$28.50
GCBC,NULL,1440004897876,0,100% bullish,of 1 rating,N/A
GRBK,$14.25,1440004897920,"58,854",77% bullish,of 13 ratings,N/A
GPP,$14.8,1440004897981,"1,760",Not yet rated,NULL,$20.50
GLRE,$26.64,1440004898015,"38,754",100% bullish,of 1 rating,$41
GRIF,NULL,1440004898147,0,100% bearish,of 1 rating,N/A
GRFS,$31.82,1440004898194,"77,378",50% bullish,of 2 ratings,$35
OMAB,$41.45,1440004898297,"4,444",100% bullish,of 1 rating,$44
GRPN,$4.225,1440004898355,"2,815,676",61% bullish,of 71 ratings,$6.75
GGAL,$19.72,1440004898381,"105,927",80% bullish,of 5 ratings,$40
GSIG,$13.43,1440004898428,"4,314",100% bearish,of 2 ratings,N/A
GSIT,$4.85,1440004898454,"54,302",100% bearish,of 1 rating,N/A
GTXI,$0.949,1440004898726,"34,741",100% bullish,of 5 ratings,$.75
GSVC,$9.55,1440004898762,"6,619",50% bullish,of 2 ratings,$14.50
GBNK,$16.03,1440004898861,"4,825",100% bearish,of 1 rating,$18
GFED,NULL,1440004898894,0,Not yet rated,NULL,$17
GULTU,$0.3102,1440004898921,"1,001,381",100% bearish,of 1 rating,N/A
GPOR,$33.72,1440004898995,"658,223",75% bullish,of 4 ratings,$55
GIFI,$12.81,1440004899028,"37,674",100% bearish,of 1 rating,$16
GUID,$8.71,1440004899055,"20,902",100% bearish,of 3 ratings,$10
GURE,$1.805,1440004899134,"48,578",88% bullish,of 8 ratings,N/A
GWGH,NULL,1440004899302,0,100% bearish,of 1 rating,$15.05
HEES,$16.95,1440004899336,"111,292",67% bearish,of 3 ratings,$31
GYRO,$3,1440004899364,"1,044",100% bearish,of 1 rating,N/A
HNRG,$7.4,1440004899590,"20,951",100% bearish,of 1 rating,$10
HALL,$11.78,1440004899618,"8,286",Not yet rated,NULL,N/A
HLG,$9.4966,1440004899640,"3,103",100% bearish,of 1 rating,N/A
GWPH,$112.87,1440004899771,"47,412",78% bullish,of 9 ratings,$148.50
HBHC,$28.605,1440004899927,"128,760",50% bullish,of 2 ratings,$30
HBK,$13.7,1440004899954,100,50% bullish,of 2 ratings,N/A
HALO,$18.52,1440004899975,"542,419",67% bullish,of 3 ratings,$22.50
HMPR,$1.9214,1440004900106,"6,985",100% bullish,of 1 rating,N/A
HNH,$28.695,1440004900141,"9,075",100% bullish,of 1 rating,N/A
HBHCL,$24.57,1440004900238,"11,597",Not yet rated,NULL,N/A
HNSN,$0.515,1440004900270,"25,820",88% bullish,of 8 ratings,$.40
HAFC,$25.59,1440004900296,"49,087",100% bullish,of 2 ratings,$28.50
HQCL,$10.31,1440004900326,"4,445",67% bullish,of 3 ratings,N/A
HDNG,$10.75,1440004900512,"3,500",50% bullish,of 4 ratings,N/A
HRMN,NULL,1440004900611,0,Not yet rated,NULL,N/A
HLIT,$5.89,1440004900638,"74,994",100% bearish,of 1 rating,$6.50
HRMNU,NULL,1440004900841,0,Not yet rated,NULL,N/A
HRMNW,NULL,1440004900872,0,Not yet rated,NULL,N/A
TINY,$2.49,1440004900913,"10,500",50% bullish,of 2 ratings,$5.26
HART,$0.6135,1440004901049,"78,103",100% bearish,of 1 rating,N/A
HBIO,$4.5,1440004901075,"7,083",Not yet rated,NULL,$10
HAS,$79.368,1440004901104,"216,728",63% bullish,of 8 ratings,$84.50
HCAP,$12.2179,1440004901133,"3,225",50% bullish,of 2 ratings,$15
HCAPL,NULL,1440004901293,0,Not yet rated,NULL,N/A
HA,$25.54,1440004901324,"144,054",67% bullish,of 9 ratings,$27
HCOM,$22.76,1440004901428,"1,854",100% bearish,of 1 rating,$28
HAYN,$39.31,1440004901606,"11,149",100% bearish,of 1 rating,$59
HWKN,$36.29,1440004901631,"5,601",Not yet rated,NULL,N/A
HWBK,NULL,1440004901657,0,100% bearish,of 1 rating,N/A
HDS,$34.53,1440004901686,"224,379",100% bearish,of 2 ratings,$39.50
HCSG,$34.47,1440004901895,"107,750",50% bullish,of 4 ratings,$35
HIIQ,$4.68,1440004901939,"16,171",50% bullish,of 2 ratings,$7
HSTM,$25.3301,1440004901970,"33,509",50% bullish,of 2 ratings,$33.75
HQY,$32.84,1440004902006,"75,298",67% bullish,of 3 ratings,$31
HWAY,$12.47,1440004902036,"113,452",100% bearish,of 1 rating,$15
HTLF,$37.51,1440004902058,"6,968",100% bullish,of 1 rating,$39.50
HTLD,$21.085,1440004902094,"70,180",Not yet rated,NULL,$22.50
HTWR,$88.4,1440004902122,"44,386",50% bullish,of 2 ratings,$103
HELE,$92.31,1440004902339,"55,934",67% bearish,of 3 ratings,$100
HTBX,$5.65,1440004902369,"9,165",50% bullish,of 2 ratings,$15.50
HSII,$20.2,1440004902468,"16,750",100% bullish,of 3 ratings,$25
HMNY,$2.31,1440004902566,100,100% bearish,of 1 rating,N/A
HNNA,$23.25,1440004902700,450,Not yet rated,NULL,N/A
HMTV,$13.07,1440004902731,"10,098",100% bearish,of 1 rating,$16
HCACU,$9.9801,1440004902763,"2,100",Not yet rated,NULL,N/A
HTBK,$11.02,1440004902791,"2,925",Not yet rated,NULL,$12
HSIC,$146.72,1440004902829,"117,037",83% bullish,of 6 ratings,$146
HERO,$0.0713,1440004902858,"902,397",81% bullish,of 16 ratings,$.75
HFWA,$18.3999,1440004902926,"7,702",100% bullish,of 1 rating,$20
HEOP,$7.93,1440004903008,"2,344",Not yet rated,NULL,$8.50
MLHR,$29.34,1440004903156,"48,918",50% bullish,of 2 ratings,$33.50
HCCI,$12.32,1440004903183,"1,486",100% bearish,of 1 rating,$16.50
HRTX,$32.45,1440004903209,"91,554",67% bullish,of 6 ratings,$41
HSKA,$34.67,1440004903345,"15,244",100% bearish,of 1 rating,$38
HFFC,NULL,1440004903562,0,Not yet rated,NULL,N/A
HPJ,$2.72,1440004903622,"9,827",75% bullish,of 4 ratings,$12.43
HIBB,$40.19,1440004903649,"101,067",100% bearish,of 1 rating,$48.50
HIMX,$6.66,1440004903693,"848,838",85% bullish,of 20 ratings,$8.50
HIHO,$4.2201,1440004903796,"12,541",Not yet rated,NULL,N/A
HSGX,$6.53,1440004903827,"2,349",100% bearish,of 1 rating,$17
HIFS,$116,1440004903853,"2,529",Not yet rated,NULL,N/A
HMNF,$11.4,1440004903889,4,Not yet rated,NULL,N/A
HOLI,$17.71,1440004904214,"109,799",50% bullish,of 4 ratings,$27
HOLX,$41.991,1440004904242,"476,342",67% bullish,of 3 ratings,$42
HBCP,$24.33,1440004904264,"3,220",Not yet rated,NULL,$29
HMSY,$9.51,1440004904293,"276,059",67% bullish,of 3 ratings,$19.35
HOMB,$40.72,1440004904582,"30,537",Not yet rated,NULL,$41
HFBL,NULL,1440004904630,0,Not yet rated,NULL,N/A
HKTV,$5.15,1440004904682,"18,000",100% bearish,of 1 rating,N/A
HMST,$21.88,1440004904709,"24,936",100% bullish,of 2 ratings,$27
HMIN,$29.28,1440004904743,"45,545",100% bearish,of 2 ratings,$35
HTBI,$18.671,1440004904772,"5,807",67% bullish,of 3 ratings,$18.625
AWAY,$31.29,1440004904847,"474,662",67% bullish,of 3 ratings,$36
CETC,$0.824,1440004904902,"30,274",86% bullish,of 7 ratings,N/A
HFBC,$11.61,1440004904996,"1,602",Not yet rated,NULL,N/A
HOFT,$24.6901,1440004905056,"7,833",100% bearish,of 1 rating,N/A
HZNP,$31.42,1440004905138,"371,374",85% bullish,of 20 ratings,$40
HBNC,$25.08,1440004905193,"4,868",100% bullish,of 1 rating,$27
ZINC,$7.625,1440004905411,"393,848",100% bearish,of 1 rating,$17
HMHC,$22.7,1440004905438,"150,588",Not yet rated,NULL,$27
HRZN,$10.905,1440004905460,"14,507",100% bearish,of 1 rating,$14.25
HWCC,$7.33,1440004905724,"9,805",100% bearish,of 1 rating,$9
HSNI,$63.29,1440004905760,"44,762",Not yet rated,NULL,$80
HDP,$26.46,1440004905793,"93,424",67% bearish,of 3 ratings,$30.50
HBMD,$14.1475,1440004905819,186,100% bearish,of 1 rating,N/A
HOVNP,$5.4501,1440004905857,"7,750",100% bearish,of 1 rating,N/A
HTGM,$5.705,1440004905890,"5,600",100% bearish,of 1 rating,$19.50
HCBK,$10.32,1440004906102,"316,219",83% bullish,of 6 ratings,$8.61
HUBG,$41.04,1440004906158,"39,850",100% bearish,of 1 rating,$43
HSON,$3.032,1440004906241,"8,162",100% bearish,of 1 rating,$5
HDSN,$2.97,1440004906353,"26,026",100% bullish,of 1 rating,$6.25
HBAN,$11.74,1440004906385,"2,458,570",76% bullish,of 17 ratings,$12.50
HURC,$30.415,1440004906451,"5,177",100% bearish,of 1 rating,N/A
HURN,$75.34,1440004906477,"11,677",50% bullish,of 2 ratings,$80
HBANP,$1345,1440004906503,28,100% bearish,of 1 rating,N/A
HBP,$3.25,1440004906692,"1,080",100% bullish,of 1 rating,N/A
HTCH,$1.67,1440004906718,"17,417",100% bearish,of 1 rating,$3.50
HDRAU,$10.2,1440004906759,100,Not yet rated,NULL,N/A
HDRA,NULL,1440004906784,0,Not yet rated,NULL,N/A
HDRAR,NULL,1440004907089,0,Not yet rated,NULL,N/A
IDSY,$3.92,1440004907169,"15,786",100% bearish,of 1 rating,$7
HYGS,$7.54,1440004907196,"13,516",50% bullish,of 2 ratings,$13
HDRAW,NULL,1440004907217,0,Not yet rated,NULL,N/A
IKGH,$1.85,1440004907353,"59,952",75% bullish,of 4 ratings,N/A
IACI,$73.68,1440004907378,"176,752",75% bullish,of 4 ratings,$90
IBKC,$63.14,1440004907405,"58,019",100% bullish,of 1 rating,$70
ICON,$13.04,1440004907586,"233,389",50% bullish,of 2 ratings,$18.50
ICFI,$36.2825,1440004907635,"19,010",50% bullish,of 2 ratings,$48.50
ICAD,$3.54,1440004907662,"25,989",50% bullish,of 2 ratings,$7.25
IEP,$72.09,1440004907690,"35,889",75% bullish,of 4 ratings,$99
ICLR,$80.38,1440004907857,"257,593",100% bearish,of 3 ratings,$85
ICUI,$121.88,1440004908003,"21,122",Not yet rated,NULL,$122
INVE,$4.61,1440004908056,"100,104",75% bullish,of 4 ratings,$4
IPWR,$7.83,1440004908081,740,100% bullish,of 1 rating,$15
IDRA,$2.54,1440004908107,"634,433",89% bullish,of 9 ratings,$6.50
IDXX,$78.73,1440004908268,"134,785",100% bearish,of 1 rating,$77
IROQ,NULL,1440004908399,0,100% bullish,of 1 rating,N/A
IIVI,$17.8,1440004908457,"37,987",100% bearish,of 1 rating,$22
IRG,$4.42,1440004908516,"2,200",100% bearish,of 1 rating,$4.50
DSKY,$12.14,1440004908538,"29,442",67% bullish,of 6 ratings,$11.50
KANG,$16.3199,1440004908560,"85,876",50% bullish,of 2 ratings,$22.55
RXDX,$13.1351,1440004908600,"49,251",100% bullish,of 1 rating,$20
ILMN,$206.85,1440004908629,"193,839",80% bullish,of 5 ratings,$240
IKNX,$11.45,1440004908692,"1,994",100% bearish,of 1 rating,N/A
IKAN,$2.72,1440004908797,"7,770",83% bullish,of 6 ratings,$5
ISNS,$4.108,1440004908901,"3,700",50% bullish,of 2 ratings,N/A
IMMR,$12.26,1440004909034,"44,625",80% bullish,of 5 ratings,$15.50
ICCC,$8.19,1440004909181,"34,101",100% bullish,of 1 rating,N/A
IMNP,$1.46,1440004909214,"115,825",50% bullish,of 2 ratings,$6
IMDZ,$16.48,1440004909236,"43,731",100% bearish,of 1 rating,$33
IMMU,$1.86,1440004909267,"264,403",86% bullish,of 7 ratings,$2
IMGN,$13.2,1440004909288,"283,125",75% bullish,of 4 ratings,$17.50
IMMY,$7.7,1440004909321,803,100% bearish,of 1 rating,$11
INCR,$44.02,1440004909457,"128,215",50% bullish,of 2 ratings,$53
IPXL,$46.86,1440004909488,"242,969",67% bullish,of 3 ratings,$46.50
SAAS,$7.9,1440004909553,"140,429",50% bullish,of 2 ratings,$15
INCY,$112.16,1440004909620,"342,801",50% bullish,of 6 ratings,$125.50
IBCP,$14.62,1440004909647,"14,335",100% bullish,of 1 rating,$14.50
IBTX,$44.32,1440004909676,"6,851",100% bullish,of 2 ratings,$47.25
INDB,$48.05,1440004909850,"28,169",Not yet rated,NULL,$44
IDSA,$3.69,1440004910005,302,Not yet rated,NULL,N/A
INFI,$9.3,1440004910035,"176,401",50% bullish,of 4 ratings,$18
IPCC,$80.73,1440004910065,"6,042",Not yet rated,NULL,$77.50
INFN,$24.83,1440004910100,"411,010",71% bullish,of 7 ratings,$28
III,$4.25,1440004910198,"24,361",57% bullish,of 7 ratings,$6
IFON,$1.28,1440004910227,"67,882",75% bullish,of 4 ratings,N/A
IMKTA,$54.25,1440004910256,"36,268",100% bearish,of 1 rating,N/A
INWK,$7.62,1440004910387,"23,845",50% bullish,of 2 ratings,$10
INOD,$2.545,1440004910566,"26,100",100% bearish,of 1 rating,N/A
IOSP,$46.57,1440004910595,"29,804",100% bearish,of 1 rating,N/A
INNL,$13.06,1440004910624,"3,244",100% bearish,of 1 rating,$16.50
IPHS,$48.95,1440004910646,"26,053",100% bearish,of 1 rating,$60
ISSC,$3.02,1440004910676,500,67% bearish,of 3 ratings,N/A
INGN,$50.78,1440004910803,"32,319",100% bearish,of 1 rating,$50.50
ITEK,$15.47,1440004910911,"301,577",67% bearish,of 3 ratings,$20
INO,$7.29,1440004910940,"297,417",89% bullish,of 18 ratings,$20
INOV,$21.49,1440004910972,"48,266",100% bearish,of 1 rating,$33
INSM,$27.42,1440004911012,"43,546",71% bullish,of 7 ratings,$32
NSIT,$26.27,1440004911075,"27,858",50% bullish,of 2 ratings,N/A
IIIN,$17.8,1440004911111,"6,842",100% bearish,of 2 ratings,N/A
ISIG,$2.537,1440004911135,"5,350",100% bearish,of 1 rating,N/A
PODD,$30.42,1440004911212,"87,337",50% bullish,of 2 ratings,$35
INSY,$34.01,1440004911279,"235,408",75% bullish,of 4 ratings,$48
NTEC,$5.89,1440004911485,"10,880",Not yet rated,NULL,N/A
IART,$61.84,1440004911549,"53,809",100% bearish,of 1 rating,$71.50
IESC,$7.2,1440004911623,"2,754",100% bearish,of 1 rating,N/A
IDTI,$18.28,1440004911645,"796,037",60% bullish,of 5 ratings,$25
INTC,$28.41,1440004911678,"9,976,106",82% bullish,of 238 ratings,$36
ISSI,$22.29,1440004911700,"188,047",67% bullish,of 3 ratings,$19.75
IPCI,$2.15,1440004911734,"21,831",67% bullish,of 6 ratings,$7.75
IQNT,$20.1999,1440004911756,"245,708",86% bullish,of 7 ratings,$20
IBKR,$42.06,1440004911886,"76,480",100% bullish,of 1 rating,N/A
ICPT,$208.535,1440004911988,"71,344",70% bullish,of 10 ratings,$363
ININ,$39.875,1440004912019,"33,985",67% bearish,of 3 ratings,$57
IPAR,$28.65,1440004912048,"20,034",67% bullish,of 3 ratings,$38
ICLD,$1.89,1440004912076,"137,937",75% bullish,of 4 ratings,N/A
ICLDW,NULL,1440004912298,0,100% bearish,of 1 rating,N/A
IDCC,$49.6,1440004912433,"55,028",80% bullish,of 5 ratings,$63
TILE,$25.7,1440004912462,"108,884",67% bearish,of 3 ratings,$27
INAP,$8.71,1440004912488,"57,918",75% bullish,of 4 ratings,$11
IMI,$2.04,1440004912542,"1,330",67% bullish,of 3 ratings,$2.22
IBOC,$27.43,1440004912622,"20,604",100% bearish,of 1 rating,N/A
ISCA,$33.15,1440004912648,"17,343",100% bearish,of 1 rating,N/A
IGLD,$7.513,1440004912693,"1,705",50% bullish,of 2 ratings,N/A
IIJI,NULL,1440004912792,0,50% bullish,of 2 ratings,$11.50
PTNT,$3,1440004912823,"7,600",Not yet rated,NULL,N/A
INPH,$0.33,1440004912923,200,50% bullish,of 2 ratings,N/A
INTX,$2.48,1440004912966,"21,217",67% bullish,of 3 ratings,N/A
XENT,$29.6,1440004912988,"62,773",50% bullish,of 2 ratings,$36.50
ISIL,$10.7398,1440004913055,"402,235",50% bullish,of 6 ratings,$15
IILG,$21.28,1440004913081,"24,152",100% bearish,of 1 rating,$30.50
IVAC,$4.89,1440004913247,"7,500",Not yet rated,NULL,$6.625
INTL,$27.49,1440004913317,"23,729",67% bearish,of 3 ratings,N/A
INTLL,$25.94,1440004913384,133,Not yet rated,NULL,N/A
ITCI,$30.28,1440004913414,"164,889",75% bearish,of 4 ratings,$40
ISRG,$526.3401,1440004913462,"69,738",67% bullish,of 3 ratings,$600
IIN,NULL,1440004913491,0,100% bearish,of 1 rating,$12
INTU,$106.12,1440004913522,"442,251",100% bullish,of 7 ratings,$107.50
INVT,$0.2864,1440004913623,"8,979",67% bullish,of 3 ratings,N/A
ISTR,$15.75,1440004913653,989,100% bearish,of 1 rating,$18.50
SNAK,$8.83,1440004913695,"35,286",50% bullish,of 2 ratings,$14
ISBC,$12.305,1440004913755,"373,161",100% bullish,of 1 rating,$13.25
NVIV,$10.84,1440004913861,"156,568",50% bullish,of 4 ratings,$24.50
ITIC,NULL,1440004913948,0,100% bearish,of 2 ratings,N/A
IVTY,$11.84,1440004913992,"9,572",Not yet rated,NULL,$18
IPAS,$1.08,1440004914079,"40,404",67% bullish,of 3 ratings,N/A
DTUL,NULL,1440004914126,0,Not yet rated,NULL,N/A
DFVL,NULL,1440004914229,0,Not yet rated,NULL,N/A
IPCM,$79.325,1440004914267,"253,568",50% bullish,of 2 ratings,$80.125
IPGP,$92.16,1440004914295,"143,778",100% bearish,of 2 ratings,$109.50
IRMD,$26.4173,1440004914362,"6,961",67% bearish,of 3 ratings,$25
IRIX,$7.11,1440004914393,"4,200",100% bearish,of 1 rating,N/A
IRDMB,$267.2325,1440004914496,220,67% bearish,of 3 ratings,N/A
IRDM,$6.79,1440004914529,"180,384",60% bullish,of 5 ratings,$11.50
IRBT,$30.82,1440004914558,"67,815",67% bullish,of 6 ratings,$37
IRWD,$11.48,1440004914627,"219,116",100% bearish,of 1 rating,$13
COMT,$32.8469,1440004914784,"5,434",100% bearish,of 1 rating,N/A
IRCP,NULL,1440004914831,0,100% bullish,of 2 ratings,N/A
GNMA,$50.098,1440004914985,"2,695",Not yet rated,NULL,N/A
FCHI,$48.6487,1440004915012,"1,114",Not yet rated,NULL,N/A
IFAS,NULL,1440004915042,0,Not yet rated,NULL,N/A
IFGL,$29.87,1440004915144,"19,665",Not yet rated,NULL,N/A
IFEU,$39.905,1440004915180,"38,344",Not yet rated,NULL,N/A
IFNA,NULL,1440004915201,0,Not yet rated,NULL,N/A
ACWX,$42.34,1440004915286,"155,850",100% bearish,of 1 rating,N/A
AAXJ,$54.91,1440004915565,"465,932",Not yet rated,NULL,N/A
EEMA,$51.7167,1440004915597,"11,962",Not yet rated,NULL,N/A
ACWI,$58.4,1440004915624,"238,650",Not yet rated,NULL,N/A
AXJS,NULL,1440004915646,0,Not yet rated,NULL,N/A
AAIT,$30.49,1440004915682,100,100% bullish,of 1 rating,N/A
EMDI,$46.055,1440004915709,200,Not yet rated,NULL,N/A
EEME,NULL,1440004915778,0,100% bearish,of 1 rating,N/A
EGRW,$48.5,1440004915985,100,Not yet rated,NULL,N/A
EVAL,$37.18,1440004916027,447,Not yet rated,NULL,N/A
EEML,$28.1267,1440004916057,"1,300",Not yet rated,NULL,N/A
EUFN,$22.8703,1440004916086,"60,734",100% bearish,of 1 rating,N/A
EMEY,$25.31,1440004916168,300,Not yet rated,NULL,N/A
QAT,NULL,1440004916273,0,Not yet rated,NULL,N/A
IEUS,$46.87,1440004916308,"4,222",100% bearish,of 1 rating,N/A
IBB,$365.68,1440004916402,"407,523",63% bullish,of 8 ratings,N/A
UAE,$18.5508,1440004916431,"5,965",Not yet rated,NULL,N/A
EMIF,$29.24,1440004916577,"10,025",Not yet rated,NULL,N/A
WOOD,$50.95,1440004916607,"4,346",50% bullish,of 2 ratings,N/A
ICLN,$10.05,1440004916635,"80,253",50% bullish,of 2 ratings,N/A
SOXX,$83.97,1440004916656,"134,303",50% bullish,of 2 ratings,N/A
INDY,$29.67,1440004916689,"112,172",100% bullish,of 1 rating,N/A
ISHG,$78.6854,1440004916829,"1,562",100% bearish,of 1 rating,N/A
ISLE,$18.68,1440004917028,"86,193",50% bullish,of 4 ratings,$16
ISIS,$50.48,1440004917057,"367,752",53% bullish,of 15 ratings,$67
ISRL,$138,1440004917079,34,100% bearish,of 1 rating,N/A
IGOV,$90.26,1440004917110,"9,644",100% bearish,of 1 rating,N/A
ITRI,$33.04,1440004917135,"95,784",Not yet rated,NULL,$37
ITRN,$25.3924,1440004917243,386,50% bullish,of 2 ratings,N/A
ITUS,NULL,1440004917287,0,Not yet rated,NULL,N/A
XXIA,$15.7,1440004917313,"97,158",71% bullish,of 7 ratings,$14.625
IXYS,$10.69,1440004917462,"81,395",50% bullish,of 4 ratings,N/A
JJSF,$118.53,1440004917497,"13,908",100% bearish,of 1 rating,N/A
JCOM,$72.88,1440004917528,"25,569",100% bullish,of 2 ratings,$77
MAYS,NULL,1440004917554,0,Not yet rated,NULL,N/A
JBHT,$79.435,1440004917583,"274,789",50% bullish,of 4 ratings,$89.50
JASO,$8.01,1440004917637,"437,607",82% bullish,of 17 ratings,$10
JACK,$85.92,1440004917846,"161,937",83% bullish,of 6 ratings,$105
JAXB,NULL,1440004917913,0,100% bullish,of 1 rating,N/A
JKHY,$71.23,1440004917947,"37,505",50% bullish,of 2 ratings,$72
JXSB,NULL,1440004917978,0,Not yet rated,NULL,N/A
JAKK,$9.29,1440004918004,"151,742",60% bearish,of 5 ratings,$10.50
JMBA,$13.46,1440004918043,"31,115",75% bullish,of 4 ratings,$18
JAGX,NULL,1440004918074,0,Not yet rated,NULL,N/A
JASN,$5.14,1440004918226,"5,100",50% bullish,of 2 ratings,$9.50
JASNW,$0.21,1440004918359,"2,000",50% bullish,of 2 ratings,N/A
JAZZ,$186.19,1440004918403,"98,992",80% bullish,of 15 ratings,$206.50
JRVR,$26.86,1440004918431,"7,682",Not yet rated,NULL,$32
ERW,NULL,1440004918463,0,Not yet rated,NULL,N/A
JD,$26.581,1440004918492,"2,985,493",75% bullish,of 16 ratings,$36
JBLU,$24.05,1440004918567,"1,658,936",94% bullish,of 16 ratings,$27
JTPY,$2.98,1440004918743,400,100% bearish,of 1 rating,N/A
JCTCF,NULL,1440004918775,0,100% bullish,of 1 rating,N/A
DATE,$6.55,1440004918807,"17,954",75% bullish,of 4 ratings,$9
JST,$4.2501,1440004918874,"10,441",75% bullish,of 4 ratings,N/A
JIVE,$4.09,1440004918903,"119,141",75% bullish,of 4 ratings,$5
WYIGU,$10.0434,1440004919035,"1,000",Not yet rated,NULL,N/A
JOEZ,$0.176,1440004919090,"42,442",92% bullish,of 12 ratings,N/A
JBSS,$48.92,1440004919165,"6,782",67% bearish,of 3 ratings,N/A
JOUT,$26.8,1440004919220,"3,175",100% bearish,of 1 rating,$34
JNP,$9.95,1440004919297,"9,657",100% bullish,of 3 ratings,$15
KALU,$84.16,1440004919323,"44,599",67% bearish,of 3 ratings,$91
KTWO,$21.635,1440004919382,"28,386",100% bearish,of 1 rating,$28.50
JUNO,$40.69,1440004919404,"720,312",73% bullish,of 11 ratings,$71.50
KBIO,$1.97,1440004919478,"9,902",50% bullish,of 4 ratings,N/A
KMDA,NULL,1440004919546,0,50% bullish,of 2 ratings,$8
KNDI,$8.13,1440004919578,"746,210",86% bullish,of 22 ratings,N/A
KCLI,$47.81,1440004919764,"2,964",Not yet rated,NULL,N/A
KPTI,$13.4,1440004919808,"183,911",67% bearish,of 3 ratings,$41
KBSF,$3.7799,1440004919838,800,100% bullish,of 1 rating,N/A
KCAP,$4.78,1440004919937,"34,188",75% bullish,of 4 ratings,$6
KELYA,$14.945,1440004919968,"35,294",67% bullish,of 6 ratings,$20
KELYB,NULL,1440004919998,0,50% bullish,of 2 ratings,N/A
KRNY,$11.77,1440004920075,"117,862",100% bearish,of 1 rating,$12
KMPH,$21.26,1440004920129,"21,043",100% bearish,of 2 ratings,$22
KFFB,$8.6801,1440004920162,"8,411",100% bearish,of 1 rating,N/A
KERX,$6.07,1440004920184,"338,718",82% bullish,of 11 ratings,$12
