Symbol,Price,Date,Volume,Rating,RatingVoteCount,OneYearEstimate
SRCE,$29.82,1440436802571,"10,561",100% bullish,of 3 ratings,$33
TFSCR,NULL,1440436802597,0,Not yet rated,NULL,N/A
PIH,$7.1001,1440436802622,"7,500",100% bearish,of 1 rating,N/A
TFSC,NULL,1440436802959,0,100% bearish,of 1 rating,N/A
TFSCU,NULL,1440436803025,0,Not yet rated,NULL,N/A
VNET,$18.01,1440436803097,"1,099,721",60% bullish,of 5 ratings,$29.50
FCTY,NULL,1440436803122,0,100% bullish,of 1 rating,$8.50
TWOU,$34.23,1440436803147,"153,947",50% bullish,of 2 ratings,$39
FLWS,$9.37,1440436803190,"113,832",100% bullish,of 5 ratings,$15
TFSCW,NULL,1440436803216,0,100% bearish,of 1 rating,N/A
FCCY,NULL,1440436803345,0,100% bullish,of 1 rating,$13
USLV,$13.38,1440436803559,"382,213",86% bullish,of 7 ratings,N/A
JOBS,$25.09,1440436803692,"192,512",50% bullish,of 4 ratings,$36
DSLV,$65.61,1440436803897,"31,705",100% bearish,of 1 rating,N/A
UGLD,$9.82,1440436803948,"280,545",100% bearish,of 1 rating,N/A
DGLD,$77.1038,1440436804079,"17,804",100% bearish,of 1 rating,N/A
EGHT,$8.115,1440436804135,"239,893",82% bullish,of 17 ratings,$11
CAFD,$15.23,1440436804174,"194,495",Not yet rated,NULL,$25
SIXD,$1.36,1440436804352,"77,531",Not yet rated,NULL,N/A
ABGB,$4.48,1440436804481,"56,569",67% bullish,of 3 ratings,$5.50
ABAX,$46.77,1440436804579,"41,534",100% bearish,of 1 rating,$60
ABEO,$4.58,1440436804663,"121,806",67% bullish,of 3 ratings,$15.50
AAON,$21.28,1440436804708,"37,870",100% bearish,of 1 rating,$24
AVHI,$13.74,1440436804742,"6,044",100% bearish,of 1 rating,$19
SHLM,$34.25,1440436804770,"41,943",100% bearish,of 1 rating,$50
ABEOW,$1.86,1440436805090,"1,550",100% bullish,of 1 rating,N/A
ABMD,$95.25,1440436805144,"513,040",75% bullish,of 4 ratings,$100.50
ABY,$19.742,1440436805218,"353,187",100% bearish,of 2 ratings,$46
AXAS,$1.605,1440436805323,"473,831",78% bullish,of 9 ratings,$3.50
XLRN,$28.22,1440436805457,"83,639",50% bullish,of 2 ratings,$57
ACST,$0.3315,1440436805498,"10,415",100% bullish,of 2 ratings,N/A
ACAD,$35.31,1440436805523,"464,705",80% bullish,of 20 ratings,$48
AXDX,$18.54,1440436805588,"85,265",100% bearish,of 1 rating,N/A
ACRX,$4.04,1440436805982,"162,555",67% bearish,of 6 ratings,$5.50
ARAY,$6.54,1440436806009,"673,345",100% bearish,of 1 rating,$10.50
ACHC,$71.73,1440436806031,"535,888",50% bullish,of 2 ratings,$92
ACET,$23.4,1440436806164,"35,186",75% bullish,of 4 ratings,$30
ACTG,$8.75,1440436806190,"137,708",67% bullish,of 3 ratings,$18.50
ANCX,$18.72,1440436806318,"14,418",Not yet rated,NULL,$19
VXUP,$2.3,1440436806354,"502,656",Not yet rated,NULL,N/A
VXDN,$2.0999,1440436806451,"517,363",100% bearish,of 1 rating,N/A
ACIW,$21.69,1440436806834,"150,285",50% bullish,of 2 ratings,$24
ACOR,$30.01,1440436806862,"179,549",67% bearish,of 3 ratings,$38.50
ACNB,$20.05,1440436806890,"13,044",Not yet rated,NULL,N/A
AKAO,$6.25,1440436807050,"99,076",75% bullish,of 4 ratings,$15
ACHN,$7.5,1440436807133,"1,588,164",90% bullish,of 21 ratings,$16
ATVI,$26.85,1440436807371,"2,753,590",68% bullish,of 84 ratings,$31.50
ACTA,$13.8,1440436807403,"51,273",67% bearish,of 3 ratings,$25
ACXM,$20.08,1440436807477,"243,734",67% bullish,of 3 ratings,N/A
ADMP,$3.54,1440436807507,"27,199",50% bullish,of 2 ratings,$10
ADMS,$19.595,1440436807538,"39,826",100% bearish,of 2 ratings,$36
ACUR,$0.5976,1440436807564,"24,499",100% bullish,of 5 ratings,$1
ACPW,$1.765,1440436807889,"54,753",100% bullish,of 4 ratings,$3.50
ACTS,$1.49,1440436807974,"39,835",100% bearish,of 1 rating,N/A
ADEP,$6.67,1440436808144,"35,047",50% bullish,of 2 ratings,$10.75
ADAP,$12.01,1440436808175,"74,166",67% bullish,of 3 ratings,$22
ADUS,$29.18,1440436808277,"18,198",100% bearish,of 1 rating,$31
ADBE,$77.21,1440436808321,"1,925,115",65% bullish,of 17 ratings,$90
ADRO,$18.84,1440436808347,"199,580",80% bullish,of 5 ratings,$45.50
ADTN,$15.44,1440436808514,"100,722",67% bullish,of 3 ratings,$17.125
AMD,$1.795,1440436808648,"5,694,638",83% bullish,of 103 ratings,$2
AEY,$2.2603,1440436808902,"4,500",100% bearish,of 2 ratings,N/A
ADXSW,$9.62,1440436808927,"6,078",100% bullish,of 1 rating,N/A
AEIS,$24.3994,1440436809082,"139,523",50% bullish,of 2 ratings,$32.50
MULT,NULL,1440436809138,0,100% bearish,of 1 rating,N/A
ADMA,$9.25,1440436809163,"13,534",Not yet rated,NULL,$19
ADXS,$14.35,1440436809295,"388,704",64% bullish,of 14 ratings,$27
YPRO,$23.2,1440436809763,400,100% bearish,of 1 rating,N/A
AMTX,$2.7312,1440436809800,"13,760",50% bullish,of 2 ratings,$26.11
AEMD,$6.9499,1440436809991,"23,485",Not yet rated,NULL,$27.50
AERI,$16.145,1440436810022,"303,138",75% bullish,of 4 ratings,$31.50
AEPI,$55.47,1440436810123,"11,842",100% bearish,of 1 rating,N/A
AEGN,$18.25,1440436810278,"47,727",100% bearish,of 1 rating,$21
AEHR,$2.211,1440436810362,"20,050",50% bullish,of 2 ratings,N/A
AEGR,$17.95,1440436810432,"152,492",50% bullish,of 6 ratings,$26
AEZS,$0.0898,1440436810495,"7,530,451",90% bullish,of 21 ratings,$1.50
AVAV,$23.99,1440436810564,"83,872",50% bullish,of 4 ratings,$31
AGEN,$6.87,1440436810700,"590,334",85% bullish,of 13 ratings,$14
AFMD,$10.44,1440436810834,"113,768",50% bullish,of 4 ratings,$15
AGRX,$8.42,1440436810903,"18,566",100% bearish,of 1 rating,$17.50
AFFX,$9.035,1440436811173,"305,148",80% bullish,of 5 ratings,$12
AGYS,$9.49,1440436811278,"7,536",100% bearish,of 1 rating,N/A
AGFS,$9.925,1440436811618,"37,883",100% bearish,of 1 rating,N/A
AGIO,$83,1440436811754,"331,131",88% bullish,of 8 ratings,$114
AGFSW,$1.8,1440436811779,"17,528",100% bearish,of 2 ratings,N/A
AIRM,$36.45,1440436811804,"92,967",80% bearish,of 5 ratings,$53
AIMT,$20.28,1440436811829,"57,915",Not yet rated,NULL,N/A
ATSG,$8.92,1440436812116,"94,560",67% bullish,of 3 ratings,$13
AMCN,$4.52,1440436812164,"759,864",83% bullish,of 6 ratings,N/A
AKAM,$68.03,1440436812250,"1,188,973",63% bullish,of 8 ratings,$77
AIXG,$5.82,1440436812280,"12,569",67% bearish,of 3 ratings,$5.25
AKRX,$39.38,1440436812301,"588,872",78% bullish,of 9 ratings,$56
AIRT,$21.83,1440436812336,16,100% bullish,of 1 rating,N/A
AKBA,$6.66,1440436812515,"105,701",100% bearish,of 1 rating,$18
ALRM,$16.605,1440436812728,"131,834",100% bearish,of 1 rating,$22
AKER,$2.618,1440436812786,"21,468",Not yet rated,NULL,N/A
ABDC,$12.0686,1440436813244,"87,073",Not yet rated,NULL,$15
ALSK,$2.0601,1440436813269,"90,903",78% bullish,of 18 ratings,$2
ALXN,$171.52,1440436813296,"864,304",88% bullish,of 8 ratings,$223
ALDX,$7.23,1440436813318,"10,738",100% bearish,of 1 rating,$14.50
ADHD,$8.13,1440436813447,"140,527",50% bullish,of 4 ratings,$18
ALDR,$37.09,1440436813532,"266,569",67% bearish,of 3 ratings,$62
AMRI,$19.52,1440436813614,"147,161",75% bearish,of 4 ratings,$24
ALXA,$1.091,1440436813673,"7,360",83% bullish,of 6 ratings,$2.125
ALKS,$59.67,1440436813753,"371,236",67% bullish,of 3 ratings,$75
ALCO,$41.085,1440436813894,"3,779",50% bullish,of 2 ratings,N/A
ALGN,$56.1,1440436814120,"190,893",100% bearish,of 2 ratings,$73
ALIM,$3.14,1440436814405,"71,565",80% bullish,of 5 ratings,$10
ALGT,$215.83,1440436814466,"50,873",100% bearish,of 1 rating,$235
AFOP,$17.04,1440436814539,"158,834",75% bullish,of 8 ratings,$21
ARLP,$24.88,1440436814600,"230,977",67% bearish,of 3 ratings,$32
AHPI,$1.4526,1440436814671,"1,189",50% bullish,of 2 ratings,N/A
ALLB,$22.87,1440436814815,"1,595",Not yet rated,NULL,N/A
AIQ,$14.34,1440436814894,"6,674",67% bullish,of 3 ratings,N/A
AHGP,$36.1801,1440436814955,"37,442",67% bullish,of 3 ratings,N/A
MDRX,$13.44,1440436815050,"1,033,520",60% bullish,of 5 ratings,$16
ALLT,$5.17,1440436815114,"57,624",75% bullish,of 4 ratings,$6.25
ALNY,$97.74,1440436815212,"330,061",67% bullish,of 3 ratings,$148.50
AMOT,$18.1201,1440436815240,"42,807",100% bearish,of 1 rating,N/A
ALQA,$4.315,1440436815307,"20,978",75% bullish,of 4 ratings,$8.50
AFAM,$45.19,1440436815466,"37,626",50% bullish,of 2 ratings,$44
AOSL,$7.43,1440436815611,"17,759",67% bullish,of 3 ratings,$9
ALTR,$47.569,1440436815768,"1,766,623",80% bearish,of 5 ratings,$54
SMCP,NULL,1440436815794,0,Not yet rated,NULL,N/A
AMZN,$484.9101,1440436816099,"3,324,616",81% bullish,of 263 ratings,$646
AIMC,$25.32,1440436816125,"28,621",100% bearish,of 2 ratings,$28.50
ASPS,$27.85,1440436816255,"181,504",67% bullish,of 3 ratings,$46.50
AMBC,$15.49,1440436816299,"113,712",100% bearish,of 1 rating,$16.50
AMAG,$60.01,1440436816325,"290,967",100% bullish,of 2 ratings,$77.50
AMRN,$2.0432,1440436816391,"868,989",85% bullish,of 39 ratings,$8
ATEC,$0.58,1440436816458,"139,214",100% bullish,of 1 rating,$2
AMBCW,NULL,1440436816561,0,100% bearish,of 1 rating,N/A
AMRK,$10.6,1440436816616,"3,029",50% bullish,of 2 ratings,$14
AYA,$21.43,1440436816710,"64,934",100% bearish,of 1 rating,$40
UHAL,$360.56,1440436817206,"14,446",100% bullish,of 2 ratings,$393.50
EPAX,$2.7,1440436817231,"28,650",100% bearish,of 1 rating,N/A
AMBA,$91.63,1440436817262,"2,705,336",83% bullish,of 12 ratings,$102.50
AMED,$39.01,1440436817288,"146,384",100% bearish,of 1 rating,$42
AMDA,$0.44,1440436817361,"1,047,779",90% bullish,of 10 ratings,$1
AMCX,$67.46,1440436817417,"278,389",67% bullish,of 3 ratings,$87.50
DOX,$57.0101,1440436817496,"289,689",50% bullish,of 2 ratings,$60
ASBI,$22.3002,1440436817522,650,Not yet rated,NULL,N/A
AGNC,$19.68,1440436817746,"2,372,743",75% bullish,of 28 ratings,$22
AAL,$39.265,1440436817775,"7,607,016",93% bullish,of 88 ratings,$57
MTGEP,$24.0501,1440436818175,"5,700",Not yet rated,NULL,N/A
AGNCB,$24.04,1440436818303,"4,403",Not yet rated,NULL,N/A
ATAX,$5.255,1440436818348,"191,432",100% bullish,of 1 rating,$6.50
AMOV,$17.53,1440436818403,"3,147",100% bearish,of 1 rating,N/A
ACAS,$13.6107,1440436818445,"679,072",60% bullish,of 5 ratings,$16.75
ACSF,$12.06,1440436818481,"14,006",100% bearish,of 1 rating,$15
AGNCP,$25.1901,1440436818502,"11,943",Not yet rated,NULL,N/A
MTGE,$15.56,1440436818576,"257,875",75% bullish,of 4 ratings,$19.50
ANCI,$1.42,1440436818679,454,100% bearish,of 1 rating,N/A
AETI,$4.06,1440436818848,"2,639",67% bearish,of 3 ratings,N/A
AMIC,NULL,1440436818872,0,Not yet rated,NULL,N/A
AMNB,$23.028,1440436819066,"8,284",Not yet rated,NULL,$25.50
APEI,$21.85,1440436819197,"23,708",100% bearish,of 1 rating,$25.50
ANAT,$98.915,1440436819278,"18,457",100% bullish,of 1 rating,N/A
AMSC,$3.59,1440436819327,"63,535",50% bullish,of 4 ratings,N/A
ASEI,$39.73,1440436819464,"14,823",100% bearish,of 1 rating,$52.50
AMRB,$9.99,1440436819514,"5,701",Not yet rated,NULL,$11
AMSWA,$8.965,1440436819541,"36,796",100% bearish,of 2 ratings,$10.75
ARII,$39.03,1440436819566,"123,401",67% bearish,of 3 ratings,$45
AMWD,$67.4,1440436819750,"108,785",50% bullish,of 2 ratings,$53
AMSF,$48.24,1440436819949,"23,380",Not yet rated,NULL,$57.50
CRMT,$37.935,1440436819975,"23,764",100% bearish,of 1 rating,$39
ASRVP,$27.5,1440436820037,400,Not yet rated,NULL,N/A
ABCB,$27.2386,1440436820063,"64,505",Not yet rated,NULL,$31
ASRV,$3.22,1440436820143,800,100% bullish,of 2 ratings,N/A
AMSGP,NULL,1440436820572,0,Not yet rated,NULL,N/A
AMSG,$79.45,1440436820597,"221,633",100% bearish,of 1 rating,$85.50
FOLD,$14.24,1440436820623,"736,671",56% bullish,of 9 ratings,$21
AMKR,$4.84,1440436820671,"820,540",100% bearish,of 2 ratings,$5
AMGN,$152.6623,1440436820755,"2,654,311",89% bullish,of 19 ratings,$185
ATLO,$24.29,1440436820800,"5,920",Not yet rated,NULL,N/A
AMPH,$13.69,1440436820888,"74,827",50% bullish,of 2 ratings,$20
ANAC,$126.71,1440436820980,"286,977",80% bullish,of 5 ratings,$180.50
AFSI,$57.86,1440436821082,"442,926",60% bullish,of 5 ratings,$72
AMRS,$1.5801,1440436821112,"120,866",70% bullish,of 10 ratings,N/A
ASYS,$5.08,1440436821138,"36,944",67% bullish,of 3 ratings,$12
ADI,$53.76,1440436821453,"1,970,884",67% bullish,of 3 ratings,$69
ANCB,$22.9999,1440436821587,"1,100",Not yet rated,NULL,$23
ANAD,$0.3192,1440436821622,"139,363",100% bullish,of 2 ratings,$.50
AMCF,$0.2454,1440436821691,"22,365",100% bullish,of 7 ratings,N/A
ALOG,$80.51,1440436821719,"33,385",100% bearish,of 2 ratings,$100.50
ABCW,$38.89,1440436821775,"4,932",67% bullish,of 3 ratings,N/A
ANGI,$4.885,1440436821956,"544,802",64% bullish,of 11 ratings,$5.50
ANGO,$14.61,1440436822255,"25,602",67% bullish,of 3 ratings,$19
ABAC,$0.55,1440436822509,"25,763",100% bearish,of 1 rating,N/A
ATNY,$2.38,1440436822567,"3,601",50% bullish,of 2 ratings,$3.75
ATRS,$1.83,1440436822597,"424,206",92% bullish,of 12 ratings,$4.50
ANSS,$88.54,1440436822642,"242,109",100% bearish,of 1 rating,$100
ANIK,$33.74,1440436822701,"58,425",60% bullish,of 5 ratings,$51.25
ANIP,$50.26,1440436822730,"111,792",89% bullish,of 19 ratings,$66
APIC,$6.47,1440436822760,"98,197",100% bearish,of 1 rating,$19
ANTH,$7.529,1440436822862,"865,253",80% bullish,of 10 ratings,$13
AINV,$6.33,1440436823083,"1,505,999",50% bullish,of 4 ratings,$8
APDN,$3.179,1440436823455,"45,187",Not yet rated,NULL,$9
APDNW,$1.1442,1440436823647,"6,573",Not yet rated,NULL,N/A
AAPL,$107.935,1440436823713,"68,281,836",86% bullish,of 2341 ratings,$150
APOG,$50.81,1440436823789,"81,916",100% bullish,of 1 rating,$67
APOL,$11.16,1440436823843,"560,766",87% bearish,of 68 ratings,$14
AMAT,$15.565,1440436823875,"9,978,879",82% bullish,of 11 ratings,$23
AGTC,$15.47,1440436823919,"26,019",50% bullish,of 2 ratings,$33
ARCI,$1.3,1440436823948,362,Not yet rated,NULL,N/A
AAOI,$19.82,1440436824054,"244,016",50% bullish,of 4 ratings,$26
APPF,$15.82,1440436824138,"29,986",50% bullish,of 2 ratings,$22
APTO,$4.69,1440436824370,"4,351",Not yet rated,NULL,$17
APRI,$1.2401,1440436824410,"91,311",83% bullish,of 6 ratings,$4.86
AMCC,$5.41,1440436824595,"414,382",80% bullish,of 5 ratings,$8
AQMS,$4.8,1440436824679,"5,886",Not yet rated,NULL,N/A
AREX,$2.06,1440436824740,"479,659",100% bearish,of 1 rating,$3
AQXP,$18.955,1440436824895,"358,104",50% bullish,of 2 ratings,$2
AUMA,$9.75,1440436824923,400,Not yet rated,NULL,N/A
AUMAW,NULL,1440436825075,0,Not yet rated,NULL,N/A
AUMAU,$9.97,1440436825104,600,Not yet rated,NULL,N/A
PETX,$17.34,1440436825131,"182,629",100% bearish,of 2 ratings,$26
ARDM,$6.9001,1440436825359,150,100% bullish,of 1 rating,$26
ARCB,$30.09,1440436825392,"121,443",67% bearish,of 3 ratings,$39.50
RKDA,$5.63,1440436825418,"5,332",100% bearish,of 2 ratings,$10
ABIO,$0.8502,1440436825443,"175,770",50% bullish,of 2 ratings,$3.75
ABUS,$7.16,1440436825754,"212,800",86% bullish,of 14 ratings,$23
ARCW,$3.35,1440436825947,"4,750",100% bearish,of 2 ratings,$10.50
ARDX,$17.205,1440436825973,"27,017",50% bullish,of 2 ratings,$24.50
AGII,$56,1440436826154,"64,914",Not yet rated,NULL,$59.50
ACGL,$69,1440436826251,"199,360",50% bullish,of 2 ratings,$72
ARCC,$15.155,1440436826280,"2,413,290",67% bearish,of 3 ratings,$17.875
ACAT,$26.17,1440436826305,"117,014",100% bearish,of 3 ratings,$33
AGIIL,$25.12,1440436826480,"6,362",Not yet rated,NULL,N/A
ARKR,$24.5505,1440436826654,"2,600",50% bullish,of 2 ratings,N/A
ARNA,$2.89,1440436826683,"1,189,504",90% bullish,of 77 ratings,$5.50
ARGS,$6.08,1440436826713,"71,299",50% bullish,of 2 ratings,$19.50
ARMH,$41.3,1440436826786,"1,443,065",54% bearish,of 13 ratings,$61
ARIS,$3.2011,1440436826947,"38,593",Not yet rated,NULL,$4.50
ARIA,$6.72,1440436827011,"1,420,818",87% bullish,of 46 ratings,$9
ARTX,$1.45,1440436827140,"160,073",88% bullish,of 16 ratings,$4.50
ARWA,NULL,1440436827198,0,Not yet rated,NULL,N/A
ARWAR,NULL,1440436827277,0,Not yet rated,NULL,N/A
ARRY,$5.49,1440436827646,"751,361",100% bullish,of 7 ratings,$10
ARWR,$5.22,1440436827672,"853,628",75% bullish,of 4 ratings,$10.50
DWAT,$9.7899,1440436827774,"4,713",100% bearish,of 1 rating,N/A
ARWAU,$10.2,1440436827807,400,100% bullish,of 1 rating,N/A
ARTNA,$22.44,1440436827833,"12,486",100% bearish,of 1 rating,$29
ARQL,$1.6593,1440436827859,"150,361",75% bullish,of 4 ratings,$5
ARWAW,$0.1051,1440436827910,"1,436",Not yet rated,NULL,N/A
ARRS,$26.28,1440436827992,"468,254",50% bullish,of 2 ratings,$38
ARTW,$4.3599,1440436828256,"2,993",75% bearish,of 4 ratings,N/A
ASNA,$11.36,1440436828388,"1,467,453",50% bullish,of 2 ratings,$18
AROW,$27.095,1440436828519,"17,641",Not yet rated,NULL,N/A
ASMI,NULL,1440436828649,0,NULL,NULL,NULL
ASBB,$23.75,1440436828738,400,Not yet rated,NULL,N/A
APWC,$1.8001,1440436828779,"1,602",100% bearish,of 1 rating,N/A
ASND,$17.9,1440436828844,"23,995",100% bullish,of 1 rating,$30
ASCMA,$28.285,1440436828869,"37,419",100% bearish,of 1 rating,$45
ASTI,$0.1143,1440436828910,"735,910",83% bullish,of 6 ratings,$3
ASML,$88.48,1440436829047,"1,099,754",50% bullish,of 4 ratings,$127
AZPN,$37.87,1440436829077,"434,323",50% bullish,of 2 ratings,$42
ASMB,$13,1440436829300,"26,980",67% bullish,of 3 ratings,N/A
ASTE,$36.85,1440436829442,"27,272",100% bearish,of 1 rating,$48
ASFI,$8.93,1440436829542,"8,825",100% bullish,of 1 rating,N/A
ALOT,$12.22,1440436829599,122,100% bearish,of 1 rating,N/A
ATRO,$52.58,1440436829674,"55,419",100% bearish,of 2 ratings,$80
ASTC,$1.96,1440436829836,"42,152",100% bullish,of 5 ratings,N/A
ASUR,$5.452,1440436829934,"4,670",100% bearish,of 2 ratings,$8
ATAI,$2.38,1440436829959,"12,725",100% bearish,of 1 rating,N/A
ATHN,$129.68,1440436830140,"195,219",67% bearish,of 3 ratings,$153
ATRA,$41.04,1440436830309,"102,218",50% bullish,of 2 ratings,$68
AAME,$3.5999,1440436830442,799,Not yet rated,NULL,N/A
ACFC,$5.85,1440436830478,"32,362",Not yet rated,NULL,$6.50
ATNI,$73.2,1440436830534,"33,152",100% bearish,of 1 rating,$69.50
ATHX,$1.19,1440436830573,"186,301",89% bullish,of 9 ratings,$5
AFCB,$28.75,1440436830666,300,Not yet rated,NULL,N/A
AAPC,$10.33,1440436830712,813,Not yet rated,NULL,N/A
ATLC,$3.8363,1440436831004,"9,859",67% bullish,of 3 ratings,N/A
AAWW,$41.12,1440436831341,"245,283",50% bullish,of 2 ratings,$65
ATML,$6.925,1440436831412,"2,661,477",78% bullish,of 9 ratings,$9.50
AFH,$16.53,1440436831438,"19,360",Not yet rated,NULL,$21.50
ATOS,$0.7938,1440436831469,"139,096",100% bullish,of 7 ratings,$7
ATRC,$24.65,1440436831568,"137,268",100% bullish,of 1 rating,$30
ATTU,$12.97,1440436831667,"76,173",100% bearish,of 1 rating,$20.50
ATRI,$381.17,1440436831714,562,Not yet rated,NULL,N/A
ATRM,$2.87,1440436831881,605,50% bullish,of 2 ratings,N/A
AUDC,$3.11,1440436831938,"62,596",80% bullish,of 5 ratings,$5
AUBN,$26.5,1440436832012,857,Not yet rated,NULL,N/A
LIFE,$14.38,1440436832144,"30,284",86% bullish,of 7 ratings,$43
ADAT,$0.11,1440436832174,"2,452",100% bullish,of 2 ratings,N/A
AUPH,$3.13,1440436832201,"25,601",100% bearish,of 1 rating,$8
EARS,$4.66,1440436832280,"58,232",100% bearish,of 2 ratings,$11.50
ABTL,$17.51,1440436832425,"142,594",100% bullish,of 4 ratings,$20.25
AVGO,$114.51,1440436832510,"2,278,466",88% bullish,of 8 ratings,$160
ADP,$77.43,1440436832567,"2,110,688",100% bearish,of 1 rating,$88
AAVL,$10.77,1440436832645,"185,788",100% bearish,of 1 rating,$20
ADSK,$50.44,1440436832671,"1,363,644",83% bullish,of 6 ratings,$69.50
AVEO,$1.3201,1440436832952,"757,750",75% bullish,of 8 ratings,$3
AVID,$8.08,1440436832978,"284,867",100% bearish,of 1 rating,$20
AVNU,$12.25,1440436833003,"6,510",Not yet rated,NULL,$14
CAR,$42.37,1440436833139,"1,422,295",80% bullish,of 5 ratings,$60
AVNW,$1.2,1440436833171,"61,024",50% bullish,of 2 ratings,$2.20
AVGR,$14,1440436833269,"26,253",100% bearish,of 1 rating,$20
AWRE,$3.13,1440436833354,"10,266",67% bullish,of 3 ratings,N/A
AXPW,$1.1146,1440436833406,"37,654",83% bullish,of 6 ratings,N/A
AXTI,$2.15,1440436833593,"16,409",50% bullish,of 2 ratings,$2.75
ACLS,$3.3,1440436833823,"393,775",67% bullish,of 6 ratings,$4.75
AXGN,$3.949,1440436833875,"19,652",Not yet rated,NULL,$5
BCOM,$17.29,1440436833955,"1,000",100% bearish,of 1 rating,N/A
AXPWW,NULL,1440436834037,0,Not yet rated,NULL,N/A
RILY,$9.66,1440436834125,405,Not yet rated,NULL,N/A
BEAV,$47.66,1440436834171,"549,803",67% bearish,of 3 ratings,$59
BOSC,$2.13,1440436834509,"3,366",50% bullish,of 2 ratings,N/A
BCPC,$58.277,1440436834597,"56,840",100% bearish,of 1 rating,$75
BLDP,$1.23,1440436834811,"545,989",91% bullish,of 22 ratings,$2.50
BWINB,$22.7,1440436834853,"11,476",Not yet rated,NULL,N/A
BIDU,$144.16,1440436834916,"4,334,327",81% bullish,of 88 ratings,$210
BANFP,$27.38,1440436834987,603,Not yet rated,NULL,N/A
BWINA,NULL,1440436835015,0,Not yet rated,NULL,N/A
BANF,$59.865,1440436835061,"2,420",Not yet rated,NULL,$68
BMRC,$47.9,1440436835269,"3,059",Not yet rated,NULL,$52
BOTJ,$11.0851,1440436835376,"2,119",Not yet rated,NULL,N/A
BOCH,$5.7,1440436835402,"7,084",Not yet rated,NULL,$6.50
BKMU,$6.93,1440436835609,"39,215",Not yet rated,NULL,$8
OZRK,$39.9,1440436835675,"315,782",67% bullish,of 3 ratings,$49.50
BFIN,$11.82,1440436835704,"12,640",Not yet rated,NULL,$13
BKSC,$15.28,1440436835736,"3,921",Not yet rated,NULL,N/A
BANR,$44.675,1440436835869,"17,670",100% bullish,of 3 ratings,$50
BWFG,$17.85,1440436835900,772,100% bearish,of 1 rating,N/A
BZUN,$5.07,1440436836004,"498,276",50% bullish,of 2 ratings,$12.60
BHAC,NULL,1440436836105,0,Not yet rated,NULL,N/A
BHACU,NULL,1440436836415,0,Not yet rated,NULL,N/A
TAPR,$29.34,1440436836575,"2,959",100% bearish,of 1 rating,N/A
BHACW,NULL,1440436836631,0,Not yet rated,NULL,N/A
BYBK,NULL,1440436836661,0,100% bearish,of 1 rating,N/A
BYLK,$12.65,1440436836688,"3,500",Not yet rated,NULL,$14
BBSI,$33.75,1440436836715,"54,090",67% bearish,of 3 ratings,$62.50
BHACR,NULL,1440436836759,0,Not yet rated,NULL,N/A
BSET,$28.55,1440436836847,"17,864",100% bearish,of 1 rating,$35
BV,$5.13,1440436836875,"177,111",67% bullish,of 6 ratings,$9
BBCN,$14.49,1440436837158,"127,740",100% bearish,of 1 rating,$16
BDCV,$4.875,1440436837218,"6,044",100% bearish,of 1 rating,$10.19
BCBP,$11.5,1440436837260,"6,199",Not yet rated,NULL,N/A
BSF,$8.789,1440436837351,"12,492",Not yet rated,NULL,N/A
BECN,$35.33,1440436837398,"136,808",50% bullish,of 2 ratings,$40
BBGI,NULL,1440436837530,0,100% bearish,of 1 rating,N/A
BEBE,$1.76,1440436837590,"76,477",75% bullish,of 4 ratings,$3.075
BELFA,$14.19,1440436837748,"1,210",100% bearish,of 1 rating,N/A
BELFB,$17.91,1440436837774,"9,382",100% bearish,of 1 rating,N/A
BNTC,$7.9001,1440436837945,"6,110",100% bullish,of 1 rating,N/A
BBBY,$61.09,1440436837974,"1,237,945",71% bullish,of 7 ratings,$75
BNFT,$35.82,1440436838045,"35,341",67% bullish,of 3 ratings,$46
BLPH,$4.96,1440436838146,"13,000",100% bearish,of 1 rating,$12.50
BLCM,$17.36,1440436838207,"138,295",50% bullish,of 4 ratings,$40
BNCL,$12.52,1440436838297,"120,907",100% bullish,of 3 ratings,$12.50
BGMD,$0.78,1440436838377,"149,563",100% bullish,of 10 ratings,N/A
BGFV,$10.68,1440436838506,"62,251",57% bullish,of 7 ratings,$12
BGCP,$8.66,1440436838533,"697,509",88% bullish,of 8 ratings,$14
BIND,$4.37,1440436838611,"61,043",75% bullish,of 4 ratings,$13.50
BCDA,NULL,1440436838959,0,Not yet rated,NULL,N/A
ORPN,$4.96,1440436838988,"29,607",100% bullish,of 1 rating,$28.50
BIIB,$293.77,1440436839129,"1,726,333",88% bullish,of 16 ratings,$400
BASI,$1.45,1440436839157,"5,770",Not yet rated,NULL,N/A
BIOC,$2.01,1440436839211,"233,712",83% bullish,of 6 ratings,$3.85
BCRX,$12.05,1440436839294,"199,389",63% bullish,of 8 ratings,$18
BIOD,$0.6799,1440436839341,"63,802",80% bullish,of 5 ratings,$4
BDSI,$6.45,1440436839442,"365,807",88% bullish,of 8 ratings,$17
BIOL,$1.37,1440436839510,"57,717",Not yet rated,NULL,N/A
BLRX,$1.3203,1440436839644,"238,675",100% bullish,of 12 ratings,$5
BVXV,$3.575,1440436839870,"32,643",Not yet rated,NULL,N/A
BLFS,$1.97,1440436839955,"51,859",100% bearish,of 1 rating,$4.75
BVXVW,$0.72,1440436840010,"24,842",100% bearish,of 1 rating,N/A
BMRN,$124.19,1440436840087,"651,639",80% bullish,of 5 ratings,$160
BIOS,$1.8,1440436840119,"401,204",71% bullish,of 7 ratings,$4
BPTH,$1.065,1440436840222,"165,341",100% bullish,of 2 ratings,$5
BBC,$30.52,1440436840253,"28,657",Not yet rated,NULL,N/A
BRLI,NULL,1440436840354,0,NULL,NULL,NULL
BBP,$31.62,1440436840485,"63,002",Not yet rated,NULL,N/A
BSTC,$49.702,1440436840583,"33,754",100% bearish,of 1 rating,$76
BOTA,$2.18,1440436840631,"49,207",88% bullish,of 8 ratings,N/A
BSPM,$0.66,1440436840725,"48,031",50% bullish,of 2 ratings,N/A
TECH,$98.45,1440436840762,"75,604",100% bullish,of 1 rating,$117
BEAT,$14.06,1440436840908,"271,358",67% bearish,of 3 ratings,$15
BDMS,$12.693,1440436841256,100,100% bearish,of 1 rating,N/A
BBOX,$15.57,1440436841311,"22,791",100% bearish,of 1 rating,N/A
BITI,$16.62,1440436841443,"8,270",100% bullish,of 1 rating,$28
BLKB,$58.14,1440436841503,"49,771",100% bearish,of 2 ratings,$66
BJRI,$44.625,1440436841580,"114,131",50% bullish,of 2 ratings,$55
BDE,$7.295,1440436841684,"223,866",50% bullish,of 2 ratings,$9
ADRA,$26.0201,1440436841747,"5,688",100% bearish,of 1 rating,N/A
BKCC,$9.013,1440436841775,"666,477",100% bullish,of 2 ratings,$10
HAWK,$40.35,1440436841831,"371,822",91% bullish,of 11 ratings,$49
BBRY,$7.2094,1440436841924,"5,462,015",61% bullish,of 330 ratings,$9
ADRE,$28.86,1440436842078,"54,210",100% bearish,of 1 rating,N/A
ADRD,$21.6759,1440436842248,"22,702",100% bearish,of 1 rating,N/A
BLMN,$19.99,1440436842392,"550,699",83% bullish,of 6 ratings,$27.50
BCOR,$13.4,1440436842417,"116,480",57% bullish,of 7 ratings,$15
ADRU,$21.65,1440436842451,"12,288",100% bearish,of 1 rating,N/A
BLBD,$11.52,1440436842663,"6,575",Not yet rated,NULL,N/A
BUFF,$26.7,1440436842753,"300,698",83% bullish,of 12 ratings,$31.50
BBLU,$0.7701,1440436842798,"119,993",100% bullish,of 2 ratings,$4.43
BLUE,$122.76,1440436842931,"348,876",71% bullish,of 7 ratings,$217.50
BPMC,$26.235,1440436843071,"129,317",50% bullish,of 2 ratings,$47.50
BKEP,$6.5,1440436843112,"20,452",100% bearish,of 1 rating,$8.50
NILE,$32.97,1440436843250,"64,290",50% bullish,of 2 ratings,$34
BHBK,$14.04,1440436843382,"51,352",100% bullish,of 1 rating,$14.50
BKEPP,$7.7,1440436843408,"2,350",100% bearish,of 1 rating,N/A
BNCN,$21.04,1440436843473,"24,284",Not yet rated,NULL,$23
BOBE,$43.72,1440436843658,"65,748",75% bullish,of 4 ratings,$57
BOKF,$60.89,1440436843932,"98,229",100% bearish,of 1 rating,$70.50
WIFI,$7.75,1440436843961,"178,936",50% bullish,of 2 ratings,$13.50
BOFI,$123.2,1440436843987,"202,923",100% bullish,of 6 ratings,$144
BOJA,$20.74,1440436844061,"185,819",100% bullish,of 1 rating,$30
BPFH,$11.79,1440436844192,"162,763",100% bearish,of 1 rating,$14
BNSO,$1.29,1440436844326,"6,690",100% bearish,of 1 rating,N/A
BONA,$11,1440436844396,"710,043",75% bullish,of 4 ratings,$8.50
BAMM,$3.188,1440436844478,"45,602",60% bullish,of 5 ratings,N/A
EPAY,$25.36,1440436844701,"29,954",100% bearish,of 2 ratings,$30
BPFHW,NULL,1440436844727,0,100% bearish,of 1 rating,N/A
BDBD,$8.4024,1440436844749,"331,612",60% bullish,of 5 ratings,$10
BPFHP,NULL,1440436844781,0,100% bearish,of 1 rating,N/A
BBEP,$2.295,1440436844987,"1,048,503",69% bullish,of 13 ratings,$5.625
BCLI,$2.87,1440436845037,"185,030",80% bullish,of 5 ratings,$12
BBEPP,$12.76,1440436845124,"41,168",100% bearish,of 1 rating,N/A
BBRG,$12.51,1440436845151,"58,495",67% bullish,of 3 ratings,$14.50
BDGE,$27.07,1440436845399,"9,043",Not yet rated,NULL,$31.75
BLIN,$1.2588,1440436845499,"5,700",50% bullish,of 2 ratings,$2.20
BCOV,$5.24,1440436845546,"65,535",67% bullish,of 3 ratings,$10.20
BRID,NULL,1440436845726,0,100% bearish,of 1 rating,N/A
BYFC,$1.49,1440436845752,100,50% bullish,of 2 ratings,N/A
BSFT,$31.025,1440436845805,"55,808",57% bullish,of 7 ratings,$40.50
BRCM,$48.85,1440436845883,"2,199,813",75% bullish,of 12 ratings,$56
BVSN,$5.66,1440436845940,"4,312",60% bearish,of 5 ratings,N/A
BWEN,$3.16,1440436846087,"19,790",100% bullish,of 3 ratings,$8
BRCD,$10.49,1440436846112,"2,275,484",92% bullish,of 13 ratings,$12
BRKS,$10.46,1440436846250,"54,147",67% bullish,of 3 ratings,$15.25
BSQR,$6,1440436846385,"59,442",67% bullish,of 3 ratings,N/A
BRKL,$10.552,1440436846530,"134,968",100% bearish,of 1 rating,$10.75
BRKR,$18.86,1440436846615,"180,306",100% bearish,of 2 ratings,$22
BMTC,$29.37,1440436846672,"32,710",Not yet rated,NULL,$34
BWLD,$190.7201,1440436846702,"155,182",82% bullish,of 11 ratings,$205
BLMT,$20.59,1440436846741,"4,372",Not yet rated,NULL,N/A
BLDR,$14.85,1440436846844,"673,197",50% bullish,of 2 ratings,$22
BUR,$1.87,1440436846976,"12,102",100% bearish,of 1 rating,$8
CHRW,$66.41,1440436847250,"1,224,933",Not yet rated,NULL,$72
CA,$27.13,1440436847301,"2,226,393",50% bullish,of 4 ratings,$33
CDNS,$19.59,1440436847402,"651,536",75% bullish,of 4 ratings,$22.50
CFFI,$35,1440436847429,"1,288",100% bearish,of 1 rating,N/A
CZR,$8.8,1440436847458,"1,113,778",60% bearish,of 5 ratings,$10.50
CCMP,$43.8,1440436847568,"26,973",50% bullish,of 2 ratings,$59
CDZI,$7.52,1440436847667,"19,502",100% bearish,of 1 rating,N/A
CSTE,$45.43,1440436847701,"278,459",100% bearish,of 1 rating,$65
CACQ,$7.01,1440436847732,"13,326",100% bearish,of 1 rating,$12.25
PRSS,$4.26,1440436847803,"14,692",80% bullish,of 5 ratings,$4.50
CLBS,$1.27,1440436847830,"157,277",79% bullish,of 14 ratings,$4
CLMS,$10.793,1440436848066,"61,460",Not yet rated,NULL,$10.50
CCD,$18.8,1440436848223,"76,535",Not yet rated,NULL,N/A
CHY,$11.15,1440436848295,"486,763",Not yet rated,NULL,N/A
CHI,$10.2901,1440436848380,"391,902",100% bearish,of 1 rating,N/A
CFGE,$10.43,1440436848423,"1,504",Not yet rated,NULL,N/A
CGO,$11.7016,1440436848617,"31,437",100% bearish,of 1 rating,N/A
CSQ,$9.657,1440436848651,"568,107",Not yet rated,NULL,N/A
CFNB,$13.45,1440436848680,141,100% bearish,of 1 rating,N/A
CHW,$7.3001,1440436848768,"290,674",100% bearish,of 1 rating,N/A
CALD,$15.45,1440436848812,"119,065",100% bearish,of 1 rating,$20.50
CALA,$5.0201,1440436849041,"256,661",100% bullish,of 3 ratings,$19.50
ABCD,$4.825,1440436849092,"47,796",83% bullish,of 6 ratings,N/A
CALM,$48.69,1440436849121,"303,828",80% bullish,of 5 ratings,$65
CVGW,$55.35,1440436849189,"64,516",50% bullish,of 2 ratings,$58.50
CAMP,$15.42,1440436849380,"177,968",88% bullish,of 8 ratings,$25
CLMT,$24.5004,1440436849519,"544,167",75% bullish,of 8 ratings,$31
CAMBU,NULL,1440436849590,0,100% bearish,of 1 rating,N/A
CAC,$40.27,1440436849655,"4,325",Not yet rated,NULL,N/A
CAMBW,$0.1,1440436849723,"2,360",Not yet rated,NULL,N/A
CAMT,$2.65,1440436849998,"74,884",73% bullish,of 11 ratings,$4
CSIQ,$17.3,1440436850070,"1,910,621",86% bullish,of 28 ratings,$45
CPHC,$10.24,1440436850101,"4,211",100% bearish,of 1 rating,N/A
CAMB,$9.95,1440436850138,100,Not yet rated,NULL,N/A
CBNJ,$10.61,1440436850268,"55,106",100% bullish,of 1 rating,N/A
CPLA,$48.29,1440436850301,"22,185",67% bearish,of 3 ratings,$65
CGIX,$9.43,1440436850480,"28,103",67% bullish,of 3 ratings,$14.375
CBF,$29.37,1440436850659,"26,807",Not yet rated,NULL,$32
CCBG,$14.87,1440436850791,"6,971",Not yet rated,NULL,$17.25
CPLP,$7.01,1440436850822,"473,395",71% bullish,of 7 ratings,$11
CAPN,$1.7213,1440436850924,"125,171",100% bullish,of 1 rating,$10.85
CPTA,$14,1440436851058,"73,483",100% bearish,of 1 rating,$18.50
CFFN,$11.94,1440436851189,"330,631",Not yet rated,NULL,$12.75
CARB,$11.145,1440436851244,"36,504",75% bullish,of 4 ratings,$12
CSWC,$45.3,1440436851270,"26,486",Not yet rated,NULL,N/A
CAPR,$4.15,1440436851404,"12,370",Not yet rated,NULL,$12
CAPNW,$0.5001,1440436851468,300,Not yet rated,NULL,N/A
CARA,$20,1440436851499,"171,063",50% bullish,of 4 ratings,$25
CPST,$0.3744,1440436851686,"582,837",95% bullish,of 22 ratings,$1.25
CBYL,$6.11,1440436851736,"23,595",100% bearish,of 1 rating,$20
CFNL,$22.18,1440436851988,"46,917",Not yet rated,NULL,$24
CRDC,$0.3795,1440436852062,"98,759",100% bullish,of 1 rating,$1.25
CDNA,$6.371,1440436852195,"4,274",100% bearish,of 1 rating,$9
CSII,$24.23,1440436852266,"75,388",100% bearish,of 2 ratings,$42.125
CRME,$9.23,1440436852295,"20,099",89% bullish,of 9 ratings,$11.25
CATM,$34.235,1440436852340,"134,283",100% bearish,of 1 rating,$44
CLBH,$12.55,1440436852480,923,Not yet rated,NULL,$16.50
CARO,$15.33,1440436852616,"5,965",100% bearish,of 1 rating,$19
CTRE,$11.78,1440436852675,"143,582",50% bullish,of 2 ratings,N/A
CECO,$3.69,1440436852751,"120,068",67% bearish,of 3 ratings,$6
CKEC,$22.37,1440436852807,"92,197",50% bullish,of 2 ratings,$35.915
CART,$5.35,1440436852990,120,100% bearish,of 1 rating,N/A
CRZO,$30.4,1440436853090,"541,052",67% bearish,of 3 ratings,$57
TAST,$11.75,1440436853120,"77,277",Not yet rated,NULL,$14.25
CASM,$1.1,1440436853219,"19,547",100% bullish,of 1 rating,$3.50
CARV,NULL,1440436853327,0,50% bullish,of 2 ratings,N/A
CRTN,NULL,1440436853384,0,100% bearish,of 1 rating,N/A
CACB,$5.33,1440436853434,"41,236",Not yet rated,NULL,$5.50
CSCD,$14.85,1440436853568,"37,856",100% bullish,of 2 ratings,$17
CASY,$105.095,1440436853849,"137,383",50% bullish,of 2 ratings,$99.50
CWST,$6.18,1440436853876,"95,054",50% bullish,of 2 ratings,$7.25
CASS,$46.25,1440436853897,"10,769",100% bearish,of 1 rating,N/A
CASI,$1.4796,1440436853935,"17,084",100% bullish,of 1 rating,$3.50
CATB,$10.86,1440436854036,"12,921",100% bearish,of 1 rating,$28
CATY,$29.2499,1440436854138,"294,985",100% bearish,of 1 rating,$33.50
CPRX,$3.37,1440436854272,"492,150",71% bullish,of 7 ratings,$7
CATYW,$8.92,1440436854980,700,100% bearish,of 1 rating,N/A
CAVM,$66.25,1440436855039,"228,308",67% bearish,of 3 ratings,$72
CBFV,$20.65,1440436855065,"1,000",Not yet rated,NULL,N/A
CNLMW,NULL,1440436855265,0,Not yet rated,NULL,N/A
CBOE,$61.89,1440436855326,"345,404",Not yet rated,NULL,$60
CVCO,$71.72,1440436855398,"18,107",100% bearish,of 1 rating,N/A
CNLMR,NULL,1440436855458,0,Not yet rated,NULL,N/A
CNLM,NULL,1440436855482,0,Not yet rated,NULL,N/A
CNLMU,$10.37,1440436855537,200,100% bullish,of 1 rating,N/A
CDK,$47.8299,1440436855669,"748,166",67% bearish,of 3 ratings,$50
CDW,$38.23,1440436855699,"400,573",75% bullish,of 4 ratings,$44
CPXX,$2.0515,1440436855879,"205,472",100% bullish,of 2 ratings,$7
CECE,$9.43,1440436855941,"67,095",50% bullish,of 2 ratings,$16
CELG,$118.487,1440436856034,"4,219,174",92% bullish,of 13 ratings,$155.50
CELGZ,$1.75,1440436856228,"13,667",80% bullish,of 5 ratings,N/A
CLDX,$13.758,1440436856328,"962,180",89% bullish,of 9 ratings,$36
CLRB,$3.09,1440436856383,"2,840",100% bearish,of 1 rating,N/A
CLSN,$1.89,1440436856456,"106,827",80% bullish,of 10 ratings,$7.50
CLDN,$1.03,1440436856527,"116,582",71% bullish,of 7 ratings,$3
CBMG,$22.11,1440436856555,"48,036",50% bullish,of 2 ratings,N/A
CLRBW,NULL,1440436856587,0,Not yet rated,NULL,N/A
CLLS,$28.98,1440436856720,"47,005",75% bullish,of 4 ratings,$51.50
CLTX,$2.87,1440436856811,"774,054",100% bullish,of 2 ratings,N/A
CYAD,$47.5597,1440436856860,"1,950",100% bullish,of 1 rating,$87.50
CETX,$2.305,1440436856964,"7,407",Not yet rated,NULL,$5.60
CEMP,$34.67,1440436857127,"332,855",71% bullish,of 7 ratings,$52
CENTA,$12.5711,1440436857460,"119,085",Not yet rated,NULL,N/A
CSFL,$13.99,1440436857555,"117,379",Not yet rated,NULL,$15
CENX,$5.03,1440436857608,"738,121",67% bullish,of 6 ratings,$9
CFBK,$1.37,1440436857690,"4,901",Not yet rated,NULL,N/A
CVCY,$11.132,1440436857721,300,Not yet rated,NULL,$12
CETV,$1.95,1440436857748,"51,776",67% bullish,of 3 ratings,$2.80
CENT,$11.54,1440436857824,"181,051",Not yet rated,NULL,$10
CPHD,$48.92,1440436857880,"412,015",50% bullish,of 2 ratings,$66.50
CNBKA,$38.62,1440436857907,"1,920",50% bullish,of 2 ratings,N/A
CRNT,$1.34,1440436858123,"260,391",50% bullish,of 2 ratings,$2
CERN,$61.98,1440436858301,"1,345,042",67% bullish,of 3 ratings,$79
CERU,$3.28,1440436858364,"31,458",75% bullish,of 4 ratings,$15
CERE,$1.0936,1440436858389,"223,347",88% bullish,of 8 ratings,N/A
CNTY,$6.1499,1440436858430,"11,615",80% bullish,of 5 ratings,$7.75
KOOL,$0.6499,1440436858681,"74,340",100% bullish,of 5 ratings,$7
CYOU,$19.495,1440436858863,"147,466",50% bullish,of 6 ratings,$24
HOTRW,NULL,1440436858889,0,Not yet rated,NULL,N/A
CTHR,$1.328,1440436858919,"51,280",50% bullish,of 2 ratings,$2.50
HOTR,$1.4,1440436859015,"80,329",100% bullish,of 2 ratings,$5
CEVA,$18.175,1440436859083,"39,856",100% bearish,of 1 rating,$25
CERS,$4.675,1440436859145,"350,958",75% bullish,of 4 ratings,$7
CHKP,$77.005,1440436859329,"963,747",50% bullish,of 4 ratings,$92
CHFN,$12.5,1440436859372,"8,633",Not yet rated,NULL,$14
GTLS,$23.05,1440436859461,"154,470",50% bullish,of 4 ratings,$40
CHTR,$176.55,1440436859552,"909,616",100% bearish,of 2 ratings,$196
CHEKW,$1.0687,1440436859785,500,Not yet rated,NULL,N/A
CCXI,$6.85,1440436859865,"57,012",67% bullish,of 3 ratings,$14
CHEV,$14.43,1440436859948,"5,503",Not yet rated,NULL,N/A
CHKE,$25.87,1440436860080,"20,350",100% bearish,of 1 rating,$32.50
CEMI,$3.85,1440436860128,"22,674",50% bullish,of 2 ratings,$7.50
CHEK,$3,1440436860228,"3,008",Not yet rated,NULL,$7.75
CHFC,$31.17,1440436860286,"17,378",100% bearish,of 1 rating,$36
CBNK,$16.168,1440436860313,800,100% bearish,of 1 rating,N/A
CHMG,$26.59,1440436860394,560,Not yet rated,NULL,$30
CHMA,$23.7175,1440436860528,"97,412",Not yet rated,NULL,$40
PLCE,$59.08,1440436860668,"207,504",100% bearish,of 1 rating,$71
CAAS,$6.09,1440436860886,"33,055",93% bullish,of 14 ratings,$11.50
CMRX,$47.59,1440436860934,"161,257",50% bullish,of 2 ratings,$57
CALI,$0.81,1440436860960,"9,700",67% bullish,of 3 ratings,N/A
CADC,$3.12,1440436861020,"5,520",78% bullish,of 9 ratings,N/A
CCCR,$0.8,1440436861267,"1,400",67% bearish,of 3 ratings,N/A
CBAK,$1.595,1440436861319,"59,075",67% bullish,of 9 ratings,N/A
JRJC,$3.28,1440436861400,"262,468",82% bullish,of 11 ratings,N/A
CCCL,$0.7865,1440436861425,"5,954",100% bullish,of 6 ratings,N/A
CBPO,$94.09,1440436861457,"259,013",75% bullish,of 8 ratings,$140.50
CHLN,$1.7001,1440436861592,"7,533",67% bullish,of 3 ratings,N/A
HGSH,$1.775,1440436861623,"13,670",67% bullish,of 3 ratings,N/A
CNIT,$1.33,1440436861723,"170,014",67% bullish,of 6 ratings,N/A
CHOP,$1.2,1440436861763,"15,476",50% bullish,of 2 ratings,N/A
CJJD,$1.81,1440436862012,"43,390",100% bullish,of 1 rating,N/A
HTHT,$23.86,1440436862162,"34,267",50% bullish,of 2 ratings,$28.40
CPGI,$6.8624,1440436862264,"3,444",Not yet rated,NULL,N/A
CHNR,$1.63,1440436862290,"5,508",100% bearish,of 1 rating,N/A
CREG,$0.67,1440436862321,"39,919",100% bullish,of 3 ratings,N/A
CNET,$0.7502,1440436862422,"77,332",50% bullish,of 2 ratings,N/A
CNTF,$0.79,1440436862528,"178,474",Not yet rated,NULL,N/A
CSUN,$1.293,1440436862593,"42,694",80% bullish,of 5 ratings,N/A
CCIH,$6.005,1440436862666,"263,155",67% bullish,of 6 ratings,$12.65
CNYD,$3.19,1440436862739,"10,594",67% bullish,of 3 ratings,N/A
CXDC,$6,1440436862765,"75,811",67% bullish,of 3 ratings,N/A
CHSCL,$26.791,1440436862895,"30,041",Not yet rated,NULL,N/A
CHSCM,$25.5899,1440436862933,"43,688",Not yet rated,NULL,N/A
IMOS,$16.72,1440436862983,"107,883",60% bullish,of 5 ratings,$21.50
CHSCN,$26.56,1440436863142,"6,991",Not yet rated,NULL,N/A
CHSCO,$28.06,1440436863293,"9,053",Not yet rated,NULL,N/A
CHUY,$31.67,1440436863383,"132,649",50% bullish,of 2 ratings,$34
CMCT,$15.2,1440436863624,"1,516",100% bearish,of 1 rating,N/A
CDTX,$14.09,1440436863669,"10,928",Not yet rated,NULL,$22
CHDN,$133.13,1440436863705,"15,741",Not yet rated,NULL,$165
CIFC,$6.84,1440436863733,"3,536",100% bearish,of 1 rating,N/A
CHSCP,$29.95,1440436863759,"7,933",Not yet rated,NULL,N/A
CMPR,$67.54,1440436863804,"299,088",50% bullish,of 2 ratings,$72.50
CINF,$52.5,1440436863831,"395,539",50% bullish,of 4 ratings,$50.50
CPHR,$5.61,1440436864244,"11,045",100% bearish,of 1 rating,$17
CIDM,$0.6,1440436864275,"53,071",50% bullish,of 2 ratings,$2.10
CTAS,$83.43,1440436864330,"249,552",100% bearish,of 1 rating,$91
CRUS,$28.7,1440436864373,"715,548",75% bullish,of 12 ratings,$44.50
CSCO,$25.9795,1440436864435,"19,553,176",84% bullish,of 208 ratings,$32
CTRN,$27.64,1440436864465,"64,504",100% bearish,of 1 rating,$31.50
CZNC,$19.79,1440436864562,"4,622",Not yet rated,NULL,N/A
CIVB,$10.0255,1440436864832,400,Not yet rated,NULL,$11
CDTI,$1.49,1440436865022,"121,624",75% bullish,of 4 ratings,$3.20
CZWI,$9,1440436865071,"11,000",Not yet rated,NULL,N/A
CHCO,$47,1440436865124,"18,441",Not yet rated,NULL,$46
CZFC,NULL,1440436865201,0,Not yet rated,NULL,N/A
CTXS,$69.28,1440436865257,"1,292,881",86% bullish,of 7 ratings,$80
CLNE,$4.23,1440436865285,"848,779",80% bullish,of 15 ratings,$9
CIZN,$19.27,1440436865333,"1,673",Not yet rated,NULL,N/A
CIVBP,$32.93,1440436865360,500,Not yet rated,NULL,N/A
CLNT,$1.6899,1440436865537,"4,516",75% bullish,of 8 ratings,N/A
CLIR,$4.65,1440436865744,"71,232",100% bullish,of 3 ratings,N/A
CLFD,$17.29,1440436865803,"32,051",67% bullish,of 3 ratings,$18
CBLI,$3.6301,1440436865876,"48,632",60% bullish,of 5 ratings,N/A
CLRO,$11.54,1440436865932,"10,451",50% bullish,of 2 ratings,$14.25
CSBK,$13.63,1440436865966,"35,895",Not yet rated,NULL,N/A
CLVS,$71.515,1440436866042,"205,870",60% bullish,of 5 ratings,$101.50
CME,$91.29,1440436866101,"1,015,624",67% bullish,of 3 ratings,$102
CMFN,$11.68,1440436866210,"25,850",100% bearish,of 1 rating,$15.50
CCNE,$17,1440436866236,"12,176",50% bullish,of 2 ratings,$21.50
CNV,$4.51,1440436866541,"50,889",50% bullish,of 2 ratings,$7.15
CDRB,$10.33,1440436866570,"22,167",67% bullish,of 3 ratings,N/A
CWAY,$11.21,1440436866600,"3,154",Not yet rated,NULL,N/A
CISG,$7.31,1440436866626,"169,858",100% bullish,of 5 ratings,$10
COKE,$154.57,1440436866738,"34,628",79% bullish,of 19 ratings,N/A
COBZ,$12.82,1440436866780,"38,076",100% bullish,of 1 rating,$14
JVA,$4.455,1440436867079,"19,865",83% bullish,of 6 ratings,$7
CVLY,$20.55,1440436867126,"4,383",Not yet rated,NULL,N/A
CDXS,$3.83,1440436867217,"42,722",64% bullish,of 11 ratings,$6
CCOI,$28.32,1440436867264,"257,726",50% bullish,of 4 ratings,$35
CGNX,$35.295,1440436867325,"328,122",50% bullish,of 2 ratings,$47
COHU,$9.7805,1440436867475,"45,284",100% bearish,of 1 rating,$14.25
CTSH,$61.91,1440436867541,"2,083,643",90% bullish,of 10 ratings,$75
CGNT,$1.63,1440436867640,"65,686",100% bullish,of 2 ratings,$2
COHR,$56.93,1440436867794,"40,162",50% bullish,of 2 ratings,$72
CHRS,$29.73,1440436867881,"72,932",67% bearish,of 3 ratings,$37
CLRX,$0.52,1440436867927,"112,751",50% bullish,of 2 ratings,N/A
CIGI,$42.8,1440436868133,"4,833",100% bearish,of 1 rating,$52
COLL,$15.2,1440436868194,"41,710",100% bearish,of 1 rating,$26
CLCT,$17.9699,1440436868263,"41,225",100% bearish,of 1 rating,N/A
CBAN,$9.07,1440436868293,"2,904",Not yet rated,NULL,N/A
CLCD,$6.71,1440436868395,"18,058",100% bearish,of 1 rating,$20.50
CMCO,$19.27,1440436868645,"28,365",60% bullish,of 5 ratings,$28
CMCSA,$56.25,1440436868882,"7,318,679",66% bullish,of 35 ratings,$69.50
COLM,$60.84,1440436868931,"71,574",100% bearish,of 1 rating,$71
COLB,$30.34,1440436868958,"161,828",Not yet rated,NULL,$36
CBSH,$44.46,1440436868987,"215,745",50% bullish,of 2 ratings,$46
CBSHP,$25.128,1440436869016,"6,215",100% bearish,of 1 rating,N/A
CBMX,$1.13,1440436869047,"57,137",83% bullish,of 6 ratings,$3.15
CMCSK,$56.76,1440436869117,"2,151,546",Not yet rated,NULL,$84
COMM,$28.76,1440436869486,"866,030",67% bearish,of 3 ratings,$35
CSAL,$20.68,1440436869511,"437,983",75% bullish,of 4 ratings,$30
CVGI,$4.73,1440436869540,"27,641",50% bullish,of 2 ratings,$6
CUBN,$13.65,1440436869644,"2,843",Not yet rated,NULL,N/A
CYHHZ,$0.01,1440436869813,"227,589",100% bullish,of 1 rating,N/A
ESXB,$5.04,1440436869875,"3,250",Not yet rated,NULL,N/A
JCS,$8.71,1440436869946,"8,944",67% bullish,of 3 ratings,N/A
CTBI,$34.71,1440436870001,"30,341",Not yet rated,NULL,$36
COB,$10.49,1440436870023,"2,092",100% bullish,of 1 rating,$11.75
CIZ,$32.68,1440436870109,"1,150",100% bearish,of 1 rating,N/A
CVLT,$36.16,1440436870183,"203,684",75% bullish,of 4 ratings,$44.50
CDC,$34.51,1440436870517,"9,934",Not yet rated,NULL,N/A
CIL,$33.0699,1440436870566,100,Not yet rated,NULL,N/A
CWBC,NULL,1440436870616,0,Not yet rated,NULL,N/A
CID,$33.1399,1440436870663,150,Not yet rated,NULL,N/A
CSA,$32.88,1440436870719,"1,200",Not yet rated,NULL,N/A
CSF,$36.33,1440436870854,"2,051",100% bearish,of 1 rating,N/A
CFO,$35.12,1440436870881,"28,210",100% bearish,of 1 rating,N/A
CFA,$35.05,1440436870908,"2,156",100% bearish,of 1 rating,N/A
CDL,NULL,1440436871118,0,Not yet rated,NULL,N/A
CTG,$6.585,1440436871311,"22,644",100% bearish,of 1 rating,$8.50
CSB,NULL,1440436871354,0,Not yet rated,NULL,N/A
CPSI,$44.98,1440436871576,"31,119",100% bearish,of 1 rating,$45.50
SCOR,$55.41,1440436871606,"138,800",100% bearish,of 1 rating,$66
CGEN,$4.95,1440436871711,"195,040",50% bullish,of 2 ratings,$11
CHCI,$0.5999,1440436871815,"14,000",50% bullish,of 2 ratings,N/A
CMTL,$27.12,1440436872008,"12,470",100% bearish,of 2 ratings,$37
CNSI,$18.67,1440436872137,"54,732",100% bearish,of 2 ratings,$29
CNAT,$3.8537,1440436872307,"119,157",83% bullish,of 6 ratings,$13
CNCE,$15.59,1440436872450,"72,949",75% bullish,of 4 ratings,$22
CDOR,$1.25,1440436872549,"15,744",100% bullish,of 1 rating,N/A
CDORO,$18,1440436872579,904,100% bearish,of 1 rating,N/A
CXRX,$70.12,1440436872605,"3,230",100% bearish,of 1 rating,$90
CCUR,$5.02,1440436872685,"24,604",75% bullish,of 4 ratings,N/A
CDORP,$6.6,1440436872818,"1,443",100% bearish,of 1 rating,N/A
CTWS,$35.35,1440436873589,"10,923",100% bearish,of 1 rating,$44
CNMD,$52.42,1440436873636,"248,499",Not yet rated,NULL,$59
CFMS,$20.11,1440436873685,"148,137",Not yet rated,NULL,$27
CNFR,$10.0562,1440436873715,"8,504",Not yet rated,NULL,N/A
CNXR,$6.55,1440436873820,"37,687",100% bearish,of 1 rating,$12
CNOB,$19.46,1440436873877,"15,389",100% bullish,of 1 rating,$23.50
CNSL,$19.499,1440436874020,"92,721",100% bearish,of 1 rating,$23
CFRX,$4.8356,1440436874155,"34,543",Not yet rated,NULL,$14
CTCT,$24.01,1440436874208,"105,877",67% bullish,of 3 ratings,$37
CPSS,$5.81,1440436874287,"31,139",100% bullish,of 1 rating,$10
CONN,$30.515,1440436874313,"340,964",67% bullish,of 3 ratings,$48.50
CWCO,$10.54,1440436874341,"66,220",67% bullish,of 3 ratings,$14.50
CFRXZ,$0.49,1440436874377,"9,375",Not yet rated,NULL,N/A
CFRXW,$1.88,1440436874521,"2,809",100% bearish,of 1 rating,N/A
CTRL,$8.0399,1440436874664,"86,590",50% bullish,of 2 ratings,$11
CTRV,$3.7,1440436874690,"21,804",Not yet rated,NULL,$6.40
CPRT,$34.2,1440436875005,"102,555",67% bearish,of 3 ratings,$40
CORT,$4.72,1440436875058,"152,908",67% bullish,of 3 ratings,$12
CSOD,$35.57,1440436875197,"245,413",50% bullish,of 2 ratings,$42
CORI,$10.08,1440436875274,"32,667",100% bearish,of 1 rating,$18
CRVL,$31.38,1440436875341,"25,380",100% bearish,of 1 rating,N/A
BVA,NULL,1440436875380,0,50% bullish,of 2 ratings,N/A
CRBP,$1.9101,1440436875441,"349,856",100% bullish,of 2 ratings,$6.25
CORE,$59.815,1440436875515,"48,292",100% bearish,of 1 rating,$72
COST,$136.15,1440436875621,"1,698,102",79% bullish,of 24 ratings,$154.50
CSGP,$177.67,1440436875649,"111,869",50% bullish,of 2 ratings,$235
COSI,$1.08,1440436875718,"56,820",100% bullish,of 1 rating,N/A
CPAH,$0.4899,1440436876005,"9,000",50% bullish,of 2 ratings,N/A
ICBK,NULL,1440436876031,0,Not yet rated,NULL,$21
CVTI,$22.2,1440436876410,"79,409",67% bearish,of 3 ratings,$39
CPSH,$2.15,1440436876439,"1,070",Not yet rated,NULL,N/A
COVS,$2.65,1440436876471,"137,385",67% bullish,of 3 ratings,N/A
CRAY,$20.46,1440436876509,"163,191",83% bullish,of 6 ratings,$38.50
COWN,$5.2,1440436876536,"447,667",75% bullish,of 4 ratings,$7
CBRL,$140.95,1440436876565,"168,354",50% bullish,of 2 ratings,$155
COWNL,$26.75,1440436876664,"2,698",Not yet rated,NULL,N/A
BREW,$7.34,1440436876726,"39,353",67% bullish,of 6 ratings,$15
CRAI,$21.95,1440436876987,"13,106",100% bearish,of 1 rating,$36
CACC,$195.14,1440436877070,"69,447",50% bullish,of 2 ratings,$158.50
SLVO,$10.1565,1440436877239,"28,785",100% bearish,of 1 rating,N/A
CREE,$27.25,1440436877267,"855,590",65% bullish,of 17 ratings,$29.50
GLDI,$11.1299,1440436877308,"13,652",100% bearish,of 1 rating,N/A
CRESY,$9.67,1440436877336,"46,805",100% bearish,of 1 rating,$19
CCRN,$14.475,1440436877679,"103,311",100% bearish,of 1 rating,$14.25
CRWN,$4.5637,1440436877778,"58,090",75% bullish,of 4 ratings,N/A
CYRXW,$0.81,1440436877807,"7,900",Not yet rated,NULL,N/A
CRDS,$1,1440436877861,"17,265",50% bullish,of 4 ratings,$4.50
CRTO,$42.185,1440436877907,"364,247",67% bullish,of 6 ratings,$64
CROX,$13.81,1440436878043,"828,544",63% bullish,of 8 ratings,$16.50
CRWS,$7.8926,1440436878088,"6,683",Not yet rated,NULL,$10
CSGS,$30.9,1440436878178,"81,313",Not yet rated,NULL,$40
CSPI,$5.8899,1440436878310,"11,050",67% bullish,of 3 ratings,N/A
CYRX,$2.75,1440436878337,"24,579",Not yet rated,NULL,$9
CCLP,$13.12,1440436878416,"104,367",67% bearish,of 3 ratings,$21
CTIC,$1.7,1440436878615,"689,044",84% bullish,of 76 ratings,$5.75
CUNB,$21.57,1440436878715,"4,506",Not yet rated,NULL,$24.50
CTIB,$3.55,1440436878748,"4,275",100% bearish,of 1 rating,N/A
CTCM,$1.7304,1440436878774,"103,951",80% bearish,of 5 ratings,$3.90
CTRP,$60.63,1440436878847,"1,340,579",75% bullish,of 8 ratings,$92
CUI,$4.96,1440436878939,"30,504",50% bullish,of 2 ratings,$10
CPIX,$5.79,1440436878990,"1,417",Not yet rated,NULL,N/A
CRIS,$2.525,1440436879091,"255,798",100% bullish,of 8 ratings,$6
CMLS,$1.35,1440436879127,"269,830",50% bullish,of 4 ratings,$6
CUTR,$13.98,1440436879220,"265,255",67% bearish,of 3 ratings,$18
CVBF,$16.21,1440436879248,"141,675",Not yet rated,NULL,$18
CYAN,$6.8701,1440436879411,"2,300",100% bearish,of 1 rating,N/A
CVV,$11.1,1440436879557,"21,391",100% bullish,of 5 ratings,N/A
CYBE,$5.85,1440436879591,"11,784",100% bearish,of 1 rating,N/A
CYBR,$51.855,1440436879691,"1,589,097",86% bullish,of 7 ratings,$66
CYCC,$0.53,1440436879718,"47,449",73% bullish,of 11 ratings,N/A
CYBX,$65.4,1440436879747,"160,735",50% bullish,of 4 ratings,$71.50
CYCCP,NULL,1440436879854,0,100% bearish,of 1 rating,N/A
CBAY,$2.59,1440436879943,"29,204",100% bullish,of 1 rating,$4
CYNO,$31.7,1440436880048,"95,272",67% bearish,of 3 ratings,$45.50
CYRN,$1.555,1440436880289,"87,628",67% bullish,of 3 ratings,$4
CONE,$32.49,1440436880321,"132,271",67% bearish,of 3 ratings,$35
CYNA,$15.9,1440436880347,"44,416",100% bullish,of 1 rating,$31.50
CY,$9.71,1440436880425,"4,251,106",80% bullish,of 10 ratings,$15.50
CYTX,$0.3522,1440436880569,"839,157",83% bullish,of 12 ratings,$5.50
CYTK,$6.61,1440436880597,"140,019",71% bullish,of 14 ratings,$13.50
CTSO,$6.7576,1440436880646,"111,927",Not yet rated,NULL,$15.625
CYTR,$2.17,1440436880840,"492,290",67% bullish,of 6 ratings,$10
TVIZ,$15.87,1440436880873,"11,600",100% bearish,of 1 rating,N/A
ZIV,$44.76,1440436880999,"160,173",Not yet rated,NULL,N/A
TVIX,$10.3536,1440436881044,"15,308,595",81% bullish,of 16 ratings,N/A
XIV,$33.6701,1440436881070,"22,166,119",75% bearish,of 4 ratings,N/A
DAEG,$0.35,1440436881103,"2,420",100% bearish,of 1 rating,N/A
DAKT,$11.5575,1440436881208,"96,968",50% bullish,of 2 ratings,$14
DARA,$0.89,1440436881380,"48,161",83% bullish,of 6 ratings,$1.50
DJCO,$202.132,1440436881405,833,Not yet rated,NULL,N/A
DTLK,$5.66,1440436881562,"33,742",100% bearish,of 1 rating,$9
DRAM,$1.3,1440436881632,"6,031",78% bullish,of 9 ratings,N/A
DAIO,$2.5,1440436881691,"9,529",Not yet rated,NULL,N/A
DWCH,$4.86,1440436881828,"39,420",75% bullish,of 4 ratings,$8.25
DTEA,$13.24,1440436881966,"38,011",100% bearish,of 2 ratings,$24
PLAY,$33.8,1440436882000,"67,128",100% bullish,of 5 ratings,$42
DWSN,$4.119,1440436882026,"27,977",67% bullish,of 3 ratings,$6
DBVT,$37.76,1440436882099,"61,987",100% bearish,of 1 rating,$53
DHRM,$1.58,1440436882232,"7,200",Not yet rated,NULL,N/A
TRAK,$62.91,1440436882260,"257,874",50% bullish,of 2 ratings,$62.50
DFRG,$14.84,1440436882399,"64,411",100% bearish,of 1 rating,$20
DCTH,$0.4595,1440436882796,"78,781",78% bullish,of 9 ratings,N/A
TACOW,$3.7,1440436882853,"11,598",100% bullish,of 1 rating,N/A
DGAS,$20.22,1440436882988,"4,244",67% bearish,of 3 ratings,N/A
TACO,$12.64,1440436883016,"139,642",75% bullish,of 4 ratings,$20
DELT,$2.6,1440436883043,"1,385",Not yet rated,NULL,N/A
DELTW,NULL,1440436883153,0,Not yet rated,NULL,N/A
DENN,$11.43,1440436883214,"330,481",100% bullish,of 3 ratings,$15
XRAY,$52.61,1440436883435,"299,631",100% bullish,of 1 rating,$58
DEPO,$28.15,1440436883468,"700,793",60% bullish,of 5 ratings,$29
DERM,$23.83,1440436883495,"84,006",100% bearish,of 1 rating,$33.50
DEST,$11.31,1440436883567,"21,696",50% bullish,of 2 ratings,N/A
DSCI,$6.13,1440436883707,"51,007",50% bullish,of 2 ratings,$16
DXLG,$4.47,1440436883767,"49,478",100% bearish,of 1 rating,$8
DSWL,$1.7698,1440436883836,"21,440",100% bullish,of 1 rating,N/A
DXM,$0.2996,1440436883911,"82,057",50% bullish,of 2 ratings,N/A
DXCM,$86.8801,1440436884017,"672,234",57% bullish,of 7 ratings,$98
DMND,$29.8,1440436884169,"90,820",75% bullish,of 12 ratings,$32
FANG,$64.96,1440436884300,"680,605",50% bullish,of 2 ratings,$86
DHXM,NULL,1440436884328,0,Not yet rated,NULL,N/A
DGII,$9.85,1440436884464,"24,056",100% bearish,of 1 rating,$10
DHIL,$187.99,1440436884535,"1,179",Not yet rated,NULL,N/A
DRNA,$10.96,1440436884596,"69,796",67% bearish,of 3 ratings,$25
DCIX,$1.69,1440436884701,"54,089",50% bullish,of 4 ratings,$3.50
DRAD,$3.81,1440436884846,"40,125",100% bullish,of 1 rating,$5.25
DGLY,$6.3775,1440436884878,"216,816",50% bullish,of 6 ratings,$20
DMRC,$36.13,1440436884910,"58,938",100% bearish,of 1 rating,$44
APPS,$2.34,1440436884932,"77,909",100% bearish,of 1 rating,$10.25
DCOM,$16.52,1440436885014,"41,828",100% bearish,of 2 ratings,$16.50
DIOD,$19.465,1440436885195,"96,660",75% bearish,of 4 ratings,$24
DPRX,$12.1,1440436885423,"8,955",100% bullish,of 2 ratings,$27.75
DISCK,$25.1,1440436885450,"1,520,622",100% bearish,of 1 rating,$32
DISCA,$26.54,1440436885478,"1,334,574",67% bullish,of 3 ratings,$34
DLHC,$2.35,1440436885651,"11,531",100% bearish,of 1 rating,N/A
DSCO,$0.3951,1440436885679,"166,091",83% bullish,of 6 ratings,$2.75
DISCB,$29.06,1440436885704,4,100% bearish,of 1 rating,$35
DNBF,$26.29,1440436885909,"11,330",Not yet rated,NULL,$27.50
DISH,$59.855,1440436885977,"1,064,109",69% bullish,of 13 ratings,$73
DVCR,$10.0001,1440436886046,"15,915",100% bullish,of 1 rating,N/A
DGICB,NULL,1440436886107,0,100% bearish,of 1 rating,N/A
DLTR,$75.995,1440436886141,"1,144,391",82% bullish,of 11 ratings,$88
BAGR,$2.8799,1440436886190,"21,559",100% bearish,of 1 rating,$6
DGICA,$14.4,1440436886236,"7,761",100% bearish,of 1 rating,$17
DMLP,$13.49,1440436886444,"50,029",100% bearish,of 1 rating,N/A
DORM,$49.98,1440436886469,"151,323",100% bearish,of 1 rating,$56
HILL,$9.675,1440436886636,"2,403,567",60% bearish,of 5 ratings,$9.75
DRWIW,NULL,1440436886671,0,Not yet rated,NULL,N/A
CADT,$10.02,1440436886922,300,Not yet rated,NULL,N/A
DRYS,$0.3469,1440436886949,"3,133,582",77% bullish,of 31 ratings,$.60
DRWI,$0.255,1440436887002,"128,424",60% bullish,of 5 ratings,$.45
DWA,$19.61,1440436887080,"487,613",63% bullish,of 8 ratings,$26
DSKX,$3.0899,1440436887136,"120,300",100% bullish,of 1 rating,N/A
CADTR,$0.2,1440436887240,"24,465",Not yet rated,NULL,N/A
DSPG,$8.47,1440436887309,"22,209",100% bearish,of 1 rating,$13.50
CADTW,NULL,1440436887376,0,Not yet rated,NULL,N/A
DTSI,$25.81,1440436887451,"34,090",100% bearish,of 2 ratings,$39.50
CADTU,NULL,1440436887510,0,Not yet rated,NULL,N/A
DNKN,$49.99,1440436887647,"1,352,317",67% bullish,of 15 ratings,$56.50
DRRX,$2.0199,1440436887674,"127,933",50% bullish,of 6 ratings,$3
DXPE,$28.64,1440436887882,"50,230",50% bullish,of 2 ratings,N/A
BOOM,$9.8201,1440436888142,"29,314",67% bullish,of 3 ratings,$12
DYNT,$2.85,1440436888168,"10,628",75% bullish,of 4 ratings,N/A
DYAX,$22.65,1440436888193,"360,859",89% bullish,of 9 ratings,$30
EBMT,$11.42,1440436888218,"40,025",Not yet rated,NULL,$13.50
EGLE,$6.13,1440436888426,"7,061",60% bullish,of 5 ratings,N/A
DYSL,$1.441,1440436888458,"17,005",100% bullish,of 2 ratings,N/A
DVAX,$27.0901,1440436888521,"151,238",70% bullish,of 10 ratings,$40
EGBN,$42.14,1440436888590,"71,517",Not yet rated,NULL,$48
ETFC,$25.04,1440436888663,"2,008,091",57% bullish,of 14 ratings,$33
ELNK,$8.16,1440436888727,"317,406",60% bullish,of 5 ratings,$9.50
EROC,$1.21,1440436888859,"374,457",50% bullish,of 2 ratings,$3
EGRX,$67.19,1440436888885,"178,433",67% bullish,of 3 ratings,$97
EACQU,NULL,1440436889128,0,Not yet rated,NULL,N/A
EWBC,$39.81,1440436889177,"1,084,725",100% bearish,of 1 rating,$50
EML,$16.64,1440436889262,"23,363",Not yet rated,NULL,N/A
EVBS,$6.4001,1440436889399,"4,145",Not yet rated,NULL,$7
EBAY,$25.46,1440436889431,"6,459,118",81% bullish,of 117 ratings,$48
EBIX,$26.6969,1440436889456,"489,245",69% bullish,of 13 ratings,$40
ELON,$0.5392,1440436889506,"39,672",50% bullish,of 2 ratings,N/A
SATS,$42.75,1440436889647,"61,489",50% bullish,of 2 ratings,$60
ECHO,$23.995,1440436889673,"258,229",67% bearish,of 3 ratings,$35.50
ECTE,$1.41,1440436889814,"17,646",75% bullish,of 4 ratings,N/A
ESES,$3.46,1440436889947,"3,470",100% bearish,of 1 rating,$7
EDAP,$3.045,1440436889982,"32,338",60% bullish,of 5 ratings,$4.50
ECACU,$10.048,1440436890026,"22,600",Not yet rated,NULL,N/A
EEI,$10.83,1440436890083,"1,604",67% bearish,of 3 ratings,N/A
EDGW,$6.93,1440436890259,"100,240",100% bearish,of 1 rating,N/A
EFUT,$4,1440436890463,"4,946",Not yet rated,NULL,N/A
EGLT,$10.901,1440436890701,"38,416",50% bullish,of 2 ratings,$21
EHTH,$13.605,1440436890752,"62,152",50% bullish,of 4 ratings,$16.50
LOCO,$11.91,1440436890800,"922,371",69% bullish,of 13 ratings,$20
EMITF,$1.235,1440436890830,"39,244",75% bullish,of 4 ratings,N/A
EDUC,$4.5,1440436890852,"2,170",100% bearish,of 1 rating,N/A
ESLT,$74.699,1440436890882,"18,018",67% bullish,of 3 ratings,N/A
EGAN,$3.3,1440436890934,"11,199",50% bullish,of 2 ratings,$6.25
ELRC,$10.31,1440436891013,"11,390",100% bearish,of 1 rating,N/A
EA,$65.25,1440436891151,"2,237,192",77% bullish,of 35 ratings,$80
ERI,$9.27,1440436891255,"34,329",100% bearish,of 1 rating,$10
EFII,$43.16,1440436891289,"153,959",80% bullish,of 5 ratings,$55
ESIO,$4.3932,1440436891391,"36,757",50% bullish,of 2 ratings,$10
ELEC,NULL,1440436891602,0,Not yet rated,NULL,N/A
ELSE,$3.63,1440436891627,400,60% bullish,of 5 ratings,N/A
EBIO,$3.3,1440436891953,"183,714",100% bearish,of 2 ratings,$8.35
RDEN,$10.395,1440436891997,"55,575",100% bearish,of 4 ratings,$15
ELECU,NULL,1440436892026,0,Not yet rated,NULL,N/A
LONG,$16.865,1440436892052,"49,586",67% bullish,of 3 ratings,$15.75
ESBK,NULL,1440436892128,0,Not yet rated,NULL,N/A
CAPX,$22.365,1440436892299,"1,600",Not yet rated,NULL,N/A
ELECW,NULL,1440436892365,0,Not yet rated,NULL,N/A
ELTK,$1.06,1440436892431,"6,830",67% bearish,of 3 ratings,N/A
EMCI,$22.32,1440436892457,"12,911",Not yet rated,NULL,N/A
EMMS,$1.22,1440436892496,"122,999",67% bullish,of 6 ratings,N/A
EMCF,NULL,1440436893415,0,100% bearish,of 1 rating,N/A
EMKR,$7.15,1440436893440,"61,605",75% bullish,of 4 ratings,$8.50
EMMSP,NULL,1440436893665,0,100% bearish,of 1 rating,N/A
NYNY,$4.13,1440436893895,"59,947",50% bullish,of 2 ratings,N/A
WIRE,$32.43,1440436893921,"60,026",100% bearish,of 1 rating,$37
ENTA,$39.67,1440436893952,"113,149",50% bullish,of 2 ratings,$42
ENDP,$75.565,1440436893978,"1,222,735",50% bullish,of 6 ratings,$104
ECPG,$39.063,1440436894052,"53,907",100% bullish,of 2 ratings,$52
EIGI,$15.2,1440436894220,"353,028",67% bearish,of 3 ratings,$22.50
ELGX,$12.74,1440436894272,"270,553",75% bullish,of 4 ratings,$17
ECYT,$5.11,1440436894353,"135,219",83% bullish,of 6 ratings,$12
EXXI,$1.34,1440436894518,"1,531,148",86% bullish,of 7 ratings,$3.50
EFOI,$16.23,1440436894548,"242,766",50% bullish,of 2 ratings,$20.50
WATT,$6.3401,1440436894572,"160,491",50% bullish,of 2 ratings,$13
ERII,$2.949,1440436894601,"61,799",80% bullish,of 5 ratings,$2.50
ERS,$2.8,1440436894631,"2,602",Not yet rated,NULL,N/A
ENG,$1,1440436894962,"35,150",100% bullish,of 3 ratings,N/A
ENPH,$4.97,1440436895127,"764,536",75% bullish,of 4 ratings,$11
ENTL,$21.48,1440436895154,"8,864",Not yet rated,NULL,$28
ENOC,$8.62,1440436895203,"153,248",75% bullish,of 4 ratings,$18
ENTG,$13.69,1440436895232,"335,015",100% bearish,of 1 rating,$18
ENFC,$18,1440436895286,"4,225",Not yet rated,NULL,N/A
ESGR,$148.874,1440436895335,"10,215",100% bearish,of 1 rating,$185
EFSC,$24.145,1440436895416,"17,724",Not yet rated,NULL,$27
ETRM,$0.2301,1440436895479,"757,900",69% bearish,of 35 ratings,$1.625
EBTC,$20.47,1440436895695,"3,563",Not yet rated,NULL,N/A
ENVI,$1.73,1440436895844,"23,232",67% bullish,of 3 ratings,N/A
EPIQ,$13.525,1440436895934,"43,072",100% bearish,of 1 rating,$18
ENZN,$0.96,1440436896103,"821,393",100% bullish,of 9 ratings,N/A
EPRS,$4.9,1440436896132,"57,727",82% bullish,of 11 ratings,$15
ENZY,$9.13,1440436896158,"7,846",67% bullish,of 3 ratings,$9.50
EGT,$2.1156,1440436896232,305,100% bullish,of 1 rating,N/A
EPZM,$18.65,1440436896365,"323,189",60% bullish,of 5 ratings,$34
EQIX,$263.82,1440436896390,"309,398",75% bullish,of 4 ratings,$312.50
PLUS,$76.575,1440436896469,"29,971",50% bullish,of 2 ratings,$88
EAC,$3.55,1440436896527,"27,818",100% bearish,of 1 rating,$8
EQFN,NULL,1440436896552,0,100% bearish,of 1 rating,N/A
ERIC,$9.705,1440436896763,"1,867,379",63% bullish,of 8 ratings,$12.20
ERIE,$82.96,1440436896824,"11,193",Not yet rated,NULL,$73
ESCA,$18.07,1440436896863,"13,755",100% bearish,of 1 rating,$22
ESCR,$0.1501,1440436896888,"11,719",50% bullish,of 2 ratings,N/A
ESPR,$54.593,1440436897184,"568,949",70% bearish,of 10 ratings,$123
EPIX,NULL,1440436897343,0,Not yet rated,NULL,N/A
ESSA,$12.53,1440436897373,"8,249",100% bearish,of 1 rating,N/A
ESMC,NULL,1440436897394,0,Not yet rated,NULL,N/A
ESCRP,$1.5475,1440436897472,"3,979",100% bearish,of 1 rating,N/A
ESSX,$0.48,1440436897526,"18,350",50% bullish,of 2 ratings,N/A
ETSY,$13.53,1440436897551,"423,417",80% bullish,of 5 ratings,$16
ESND,$35.085,1440436897698,"60,911",100% bearish,of 2 ratings,$40
EEFT,$63.34,1440436897843,"116,955",100% bearish,of 1 rating,$67.50
CLWT,$2.3799,1440436897926,"15,107",100% bearish,of 1 rating,N/A
EVEP,$7.09,1440436897955,"303,666",50% bullish,of 2 ratings,$15
ESEA,$5.41,1440436897983,"2,442",100% bullish,of 1 rating,$15
EVK,$3.75,1440436898348,"9,400",75% bearish,of 4 ratings,N/A
EVOK,$3.7344,1440436898509,"74,549",100% bearish,of 1 rating,$13.375
EXA,$10.6401,1440436898646,"11,494",100% bearish,of 1 rating,$13
EVOL,$5.84,1440436898681,"8,692",75% bullish,of 4 ratings,$10
EVLV,$2.06,1440436898707,"96,374",60% bullish,of 5 ratings,$6.50
EXAC,$18.25,1440436898785,"16,547",100% bearish,of 1 rating,$22.50
EXAS,$20.39,1440436898812,"822,466",78% bullish,of 9 ratings,$31
EXEL,$5.455,1440436899002,"3,274,135",81% bullish,of 16 ratings,$6
EXPO,$42.19,1440436899090,"21,791",100% bearish,of 1 rating,$45.50
EXLP,$18,1440436899330,"159,254",100% bearish,of 1 rating,$27
EXFO,$2.63,1440436899404,"29,420",67% bearish,of 3 ratings,$3.95
EXPD,$47.65,1440436899463,"744,796",80% bullish,of 5 ratings,$51.50
EXLS,$36.9,1440436899538,"105,976",100% bullish,of 1 rating,$41
ESRX,$83.29,1440436899606,"3,009,890",67% bearish,of 6 ratings,$101
EXTR,$2.805,1440436899639,"364,199",80% bullish,of 5 ratings,$3
EXPE,$111.93,1440436899668,"1,067,660",64% bullish,of 11 ratings,$130
EYEG,$4.005,1440436899742,"11,693",Not yet rated,NULL,N/A
EZPW,$6.3092,1440436899985,"125,783",50% bullish,of 4 ratings,$7.50
EYEGW,NULL,1440436900021,0,Not yet rated,NULL,N/A
EZCH,$21.425,1440436900050,"96,735",75% bullish,of 8 ratings,$19.50
FCS,$13.46,1440436900156,"391,831",67% bearish,of 3 ratings,$17
FB,$86.08,1440436900211,"34,634,463",73% bullish,of 1066 ratings,$111
FFIV,$120.71,1440436900290,"496,114",63% bullish,of 8 ratings,$132
FRP,$16.7,1440436900616,"27,891",100% bearish,of 1 rating,$18
FWM,$2.275,1440436900666,"157,066",100% bearish,of 2 ratings,$3.20
FALC,$1.55,1440436900799,"16,277",63% bearish,of 8 ratings,N/A
DAVE,$14.21,1440436900833,"30,922",100% bearish,of 1 rating,$15.50
FARM,$22.09,1440436900930,"16,993",100% bearish,of 1 rating,$35
FFKT,$26.4,1440436900986,"3,124",Not yet rated,NULL,$29
FARO,$38.71,1440436901013,"71,435",50% bullish,of 2 ratings,$48
FMNB,$8.0366,1440436901063,"9,916",Not yet rated,NULL,N/A
FAST,$38.55,1440436901190,"2,209,209",80% bullish,of 5 ratings,$46
FATE,$6.0714,1440436901222,"69,476",50% bullish,of 2 ratings,$11
FBRC,$22.2742,1440436901323,"17,869",100% bearish,of 1 rating,$29
FNHC,$21.425,1440436901557,"27,337",100% bearish,of 1 rating,$35
FBSS,$15.3467,1440436901611,300,Not yet rated,NULL,N/A
FEIC,$76.97,1440436901643,"138,232",50% bullish,of 2 ratings,$95.50
FDML,$9.2,1440436901673,"95,404",50% bullish,of 4 ratings,$14
FHCO,$1.4289,1440436901771,"165,143",50% bullish,of 4 ratings,N/A
FENX,$9.77,1440436901900,"32,235",100% bullish,of 1 rating,$14.25
FCSC,$5.58,1440436902351,"136,130",100% bearish,of 1 rating,$8.125
LION,$18.84,1440436902403,"76,291",100% bullish,of 1 rating,$20
FRGI,$51.63,1440436902434,"76,185",50% bullish,of 2 ratings,$70
FSCFL,$23.8,1440436902468,804,Not yet rated,NULL,N/A
ONEQ,$184.48,1440436902490,"96,307",100% bullish,of 1 rating,N/A
FSAM,$8.45,1440436902523,"13,102",100% bearish,of 1 rating,$11
FGEN,$23.18,1440436902551,"285,808",100% bearish,of 1 rating,$39
FDUS,$14.02,1440436902577,"127,426",50% bullish,of 2 ratings,$18
FSFR,$8.777,1440436902872,"81,598",100% bearish,of 1 rating,$11.50
FITB,$19.22,1440436902903,"3,501,906",54% bullish,of 13 ratings,$22
FITBI,$26.8,1440436903075,"17,484",Not yet rated,NULL,N/A
FNGN,$33,1440436903135,"152,220",67% bullish,of 3 ratings,$47
FISI,$24.78,1440436903204,"24,873",100% bullish,of 2 ratings,$24.50
FSC,$6.3411,1440436903267,"672,291",75% bullish,of 4 ratings,$8
FNSR,$15.45,1440436903443,"538,192",71% bullish,of 7 ratings,$24.50
FNTCW,$0.32,1440436903542,"17,600",Not yet rated,NULL,N/A
FNTC,NULL,1440436903641,0,Not yet rated,NULL,N/A
FEYE,$37.7401,1440436903670,"4,184,463",87% bullish,of 15 ratings,$55.50
FNTCU,NULL,1440436903696,0,Not yet rated,NULL,N/A
FNJN,$1.555,1440436903750,"42,253",100% bearish,of 1 rating,$5
FBNC,$16.7,1440436903941,"15,301",100% bullish,of 1 rating,$20
BUSE,$6.3,1440436903971,"31,243",Not yet rated,NULL,$6.875
FNLC,$18.26,1440436904009,"14,293",100% bullish,of 1 rating,N/A
FRBA,$5.96,1440436904140,"2,700",Not yet rated,NULL,$8
FBIZ,$43.67,1440436904372,"5,025",100% bearish,of 2 ratings,$52
FCVA,$4.61,1440436904399,"5,105",Not yet rated,NULL,N/A
FCFS,$38.424,1440436904531,"117,814",100% bearish,of 3 ratings,$48
FCNCA,$235.1,1440436904619,"2,470",Not yet rated,NULL,N/A
FCLF,$9.41,1440436904683,525,Not yet rated,NULL,N/A
FCFP,$6.9,1440436904709,"5,314",Not yet rated,NULL,N/A
FCAP,$26.5,1440436904754,601,Not yet rated,NULL,N/A
FCCO,$11.8999,1440436904934,448,Not yet rated,NULL,$13.25
FDEF,$36.96,1440436905067,"12,005",Not yet rated,NULL,$38
FFBC,$18.4,1440436905243,"60,379",67% bearish,of 3 ratings,$20.25
FFIN,$30.4701,1440436905273,"87,132",50% bullish,of 2 ratings,$31.75
FCBC,$17.76,1440436905295,"3,454",Not yet rated,NULL,$18
FBNK,$16.5,1440436905342,"16,055",100% bearish,of 1 rating,$17.50
FFNM,$6.24,1440436905424,"3,100",Not yet rated,NULL,N/A
FFBCW,NULL,1440436905474,0,100% bearish,of 1 rating,N/A
FIBK,$26.16,1440436905798,"50,501",Not yet rated,NULL,$32
FFNW,$12.16,1440436905824,"21,453",Not yet rated,NULL,$14
FFWM,$21.19,1440436905896,"42,995",Not yet rated,NULL,$24
THFF,$32.98,1440436906104,"7,242",Not yet rated,NULL,$35
INBK,$31.04,1440436906157,"29,540",50% bullish,of 2 ratings,$37
FNBC,$34.16,1440436906193,"20,915",Not yet rated,NULL,$41.50
FNFG,$8.99,1440436906235,"1,093,444",80% bullish,of 5 ratings,$9
FRME,$25.24,1440436906290,"93,011",Not yet rated,NULL,$26.50
FMBH,$22.5,1440436906318,300,Not yet rated,NULL,N/A
FNWB,$11.93,1440436906375,"16,434",Not yet rated,NULL,N/A
FMBI,$17.37,1440436906712,"202,104",Not yet rated,NULL,$20
FSBK,$7.9,1440436906978,545,100% bullish,of 1 rating,N/A
FSLR,$45.71,1440436907006,"1,383,227",74% bullish,of 39 ratings,$65
FSGI,$2.44,1440436907027,"8,150",Not yet rated,NULL,N/A
FCAN,$22.57,1440436907056,513,Not yet rated,NULL,N/A
FSFG,$29.8434,1440436907078,"2,350",Not yet rated,NULL,N/A
BICK,$17.84,1440436907107,250,100% bullish,of 1 rating,N/A
FBZ,$9.75,1440436907249,200,Not yet rated,NULL,N/A
FTCS,$36.15,1440436907383,"186,028",100% bearish,of 1 rating,N/A
FCA,$17.43,1440436907515,"1,000",Not yet rated,NULL,N/A
FEMB,$42.17,1440436907545,300,Not yet rated,NULL,N/A
FTSM,$59.9,1440436907566,"20,950",100% bearish,of 1 rating,N/A
FV,$22.8953,1440436907604,"6,882,844",100% bearish,of 1 rating,N/A
IFV,$17.38,1440436907699,"914,076",100% bearish,of 1 rating,N/A
FEUZ,$30.92,1440436907735,"2,164",Not yet rated,NULL,N/A
TDIV,$24.322,1440436907875,"315,645",100% bearish,of 1 rating,N/A
MDIV,$19.0447,1440436908090,"635,286",Not yet rated,NULL,N/A
FGM,$35.192,1440436908255,"31,742",Not yet rated,NULL,N/A
FTGC,$21.86,1440436908280,"68,527",Not yet rated,NULL,N/A
FTHI,$18.93,1440436908545,48,Not yet rated,NULL,N/A
HYLS,$49.17,1440436908601,"46,356",100% bearish,of 1 rating,N/A
FPXI,$26.07,1440436908649,40,Not yet rated,NULL,N/A
SKYY,$28.4108,1440436908709,"129,241",100% bullish,of 1 rating,N/A
PLTM,$6.3601,1440436908738,"39,932",100% bearish,of 1 rating,N/A
FHK,$32.03,1440436908766,"22,160",Not yet rated,NULL,N/A
CU,$12.37,1440436908794,"13,450",100% bearish,of 1 rating,N/A
FJP,$44.77,1440436909100,"12,246",Not yet rated,NULL,N/A
YDIV,$16.21,1440436909174,"6,254",Not yet rated,NULL,N/A
LMBS,$50.48,1440436909351,"1,000",Not yet rated,NULL,N/A
FTLB,$18.9828,1440436909387,"4,210",100% bearish,of 1 rating,N/A
FMB,$51.1776,1440436909432,652,Not yet rated,NULL,N/A
CIBR,$17.895,1440436909651,"164,798",Not yet rated,NULL,N/A
QABA,$37.133,1440436909681,"34,143",100% bearish,of 1 rating,N/A
FONE,$33.34,1440436909712,"1,275",Not yet rated,NULL,N/A
QCLN,$14.845,1440436909742,"59,907",Not yet rated,NULL,N/A
GRID,$28.8601,1440436909788,"1,780",100% bearish,of 1 rating,N/A
RDVY,$20.9301,1440436909841,"9,903",Not yet rated,NULL,N/A
CARZ,$33.15,1440436909933,"9,524",100% bearish,of 1 rating,N/A
QQXT,$39.572,1440436910200,"132,531",Not yet rated,NULL,N/A
QQEW,$40.82,1440436910232,"204,624",Not yet rated,NULL,N/A
QTEC,$39.1699,1440436910258,"98,637",Not yet rated,NULL,N/A
AIRR,$16.1801,1440436910334,"5,549",100% bearish,of 1 rating,N/A
QINC,$20.39,1440436910490,700,Not yet rated,NULL,N/A
FKO,$19.5,1440436910550,100,Not yet rated,NULL,N/A
FTSL,$48.45,1440436910633,"30,395",100% bearish,of 1 rating,N/A
TUSA,$24.54,1440436910962,700,Not yet rated,NULL,N/A
FTW,$28.4,1440436910993,"2,686",Not yet rated,NULL,N/A
FSZ,$38.98,1440436911065,"26,420",Not yet rated,NULL,N/A
FUNC,$8.103,1440436911092,800,Not yet rated,NULL,N/A
FDIV,$47.1899,1440436911122,"2,526",100% bearish,of 1 rating,N/A
FKU,$40.9737,1440436911162,"56,159",Not yet rated,NULL,N/A
SVVC,$9.56,1440436911294,"23,300",50% bullish,of 2 ratings,$26
FMER,$17.63,1440436911337,"766,061",50% bullish,of 2 ratings,$20
FSV,$30.375,1440436911799,"6,733",Not yet rated,NULL,$33.60
FPRX,$19.25,1440436911827,"137,619",50% bullish,of 2 ratings,$35
FISV,$83.75,1440436911862,"895,653",100% bearish,of 3 ratings,$90
FLXN,$24.365,1440436911891,"31,264",100% bearish,of 1 rating,$40
FLKS,$13.955,1440436911922,"30,988",50% bullish,of 2 ratings,$27
FLML,$20.75,1440436911944,"145,141",50% bullish,of 2 ratings,$30
FIVE,$36.5,1440436911976,"203,746",75% bearish,of 4 ratings,$44
FIVN,$4.22,1440436912027,"131,148",100% bullish,of 1 rating,$8.50
MBSD,$25.37,1440436912206,400,Not yet rated,NULL,N/A
FLEX,$10.485,1440436912480,"1,092,580",63% bullish,of 8 ratings,$12
FLXS,$29.76,1440436912528,"25,551",100% bearish,of 2 ratings,N/A
FLIR,$27.87,1440436912580,"418,539",100% bearish,of 1 rating,$38.50
FFIC,$20.04,1440436912629,"18,394",Not yet rated,NULL,$21
SKOR,$50.399,1440436912655,500,Not yet rated,NULL,N/A
FLDM,$12.59,1440436912732,"113,074",67% bearish,of 3 ratings,$21.50
FOMX,$9.89,1440436912794,"96,692",50% bullish,of 2 ratings,$23.50
FOGO,$17.89,1440436912977,"102,514",50% bullish,of 2 ratings,$25.50
FORTY,$28.75,1440436913155,"3,492",Not yet rated,NULL,N/A
FES,$0.865,1440436913181,"30,043",50% bullish,of 2 ratings,$1
FONR,$9.38,1440436913225,"8,240",100% bullish,of 1 rating,N/A
FORR,$32.02,1440436913394,"16,779",Not yet rated,NULL,N/A
FORM,$6.14,1440436913423,"153,550",67% bullish,of 3 ratings,$10.50
FTNT,$42.22,1440436913562,"1,146,684",80% bullish,of 10 ratings,$52
FBIO,$2.28,1440436913588,"207,086",83% bullish,of 6 ratings,N/A
FWRD,$46.46,1440436913747,"61,388",100% bearish,of 1 rating,$50
FOSL,$60.17,1440436913851,"503,159",50% bullish,of 4 ratings,$80
FOXF,$15.28,1440436914044,"19,340",100% bearish,of 1 rating,$19
FMI,$21.045,1440436914078,"98,538",100% bearish,of 2 ratings,$27.50
FXCB,$17.15,1440436914121,"10,032",Not yet rated,NULL,$19
FORD,$1.03,1440436914178,"28,282",50% bullish,of 2 ratings,N/A
FWP,$25.62,1440436914261,"34,393",100% bearish,of 1 rating,$45
FRAN,$10.405,1440436914308,"223,958",50% bullish,of 4 ratings,$15
FELE,$28.42,1440436914366,"149,960",50% bullish,of 4 ratings,$33
FRED,$14.16,1440436914462,"60,957",50% bullish,of 2 ratings,$16.50
FREE,$0.3999,1440436914656,"464,042",92% bullish,of 12 ratings,N/A
RAIL,$20.24,1440436914688,"59,357",100% bearish,of 1 rating,$24.50
FEIM,$10.6001,1440436914762,"1,875",100% bearish,of 1 rating,N/A
FRPT,$13.25,1440436914789,"253,296",67% bearish,of 3 ratings,$23.50
FTRPR,$100.65,1440436914981,"10,939",100% bearish,of 1 rating,N/A
FTR,$5.0534,1440436915036,"8,682,242",78% bullish,of 27 ratings,$6.25
FRPH,$29.64,1440436915114,"1,133",100% bearish,of 1 rating,N/A
FSBW,$21.95,1440436915220,200,Not yet rated,NULL,N/A
FSYS,$6.26,1440436915302,"39,259",67% bullish,of 3 ratings,$10
FTD,$29.28,1440436915458,"31,995",100% bearish,of 1 rating,$40
FCEL,$0.73,1440436915487,"1,149,525",88% bullish,of 40 ratings,$2.65
FTEK,$2.07,1440436915514,"44,242",75% bullish,of 4 ratings,N/A
FULL,$3.0692,1440436915653,"89,408",67% bearish,of 3 ratings,$4.25
FULLL,$25.02,1440436915759,"2,385",Not yet rated,NULL,N/A
FLL,$1.475,1440436915808,"20,050",75% bullish,of 4 ratings,$2.825
FFHL,$0.88,1440436915855,"2,720",50% bullish,of 4 ratings,N/A
FULT,$12.235,1440436915881,"526,232",100% bearish,of 1 rating,$13
FXENP,$15.0501,1440436916143,"3,100",100% bearish,of 1 rating,N/A
FXEN,$0.84,1440436916176,"66,193",75% bullish,of 4 ratings,$1.10
GK,$69.44,1440436916202,"36,511",Not yet rated,NULL,$78
FSNN,$2.5301,1440436916230,600,67% bullish,of 3 ratings,$6
WILC,$5,1440436916407,"14,512",100% bullish,of 2 ratings,N/A
GAIA,$5.8622,1440436916463,"26,075",50% bullish,of 2 ratings,$8.50
GLPG,$60.68,1440436916566,"36,031",100% bullish,of 1 rating,$75
GALT,$1.95,1440436916678,"127,123",80% bullish,of 5 ratings,N/A
GALE,$1.52,1440436916757,"1,972,244",89% bullish,of 47 ratings,$4
GALTU,NULL,1440436916786,0,100% bearish,of 1 rating,N/A
GALTW,NULL,1440436916812,0,100% bullish,of 1 rating,N/A
GLPI,$31.155,1440436916948,"399,320",100% bearish,of 1 rating,$37.50
GPIC,$10.1,1440436917014,"1,162",100% bearish,of 1 rating,N/A
GRMN,$38.06,1440436917146,"1,290,885",50% bullish,of 6 ratings,$48
GLMD,$7.6,1440436917177,"29,067",67% bullish,of 3 ratings,$20.50
GGACW,$0.0514,1440436917278,800,Not yet rated,NULL,N/A
GGAC,NULL,1440436917370,0,100% bearish,of 1 rating,N/A
GGACU,NULL,1440436917452,0,Not yet rated,NULL,N/A
GARS,$14.275,1440436917510,"79,057",Not yet rated,NULL,$16
GGACR,NULL,1440436917586,0,100% bullish,of 1 rating,N/A
GNCMA,$16.66,1440436917727,"99,037",100% bearish,of 1 rating,$12
GENC,$9.3,1440436917765,"4,052",100% bearish,of 1 rating,N/A
GFNCP,$85.05,1440436917860,448,Not yet rated,NULL,N/A
GFN,$3.55,1440436917889,"15,771",100% bearish,of 2 ratings,$8
GFNSL,$25,1440436917943,"1,500",Not yet rated,NULL,N/A
GENE,$2.2675,1440436918244,"86,815",100% bullish,of 12 ratings,N/A
GNTX,$15.085,1440436918302,"1,125,859",Not yet rated,NULL,$20
GNCA,$12.485,1440436918378,"56,698",100% bearish,of 1 rating,$20
GNMK,$9.24,1440436918457,"92,362",67% bullish,of 6 ratings,$14
THRM,$43.44,1440436918513,"220,540",75% bearish,of 4 ratings,$55.50
GHDX,$25.57,1440436918551,"78,755",50% bullish,of 2 ratings,$30
GNVC,$2.11,1440436918581,"13,602",90% bullish,of 10 ratings,$8.50
GTWN,NULL,1440436918744,0,Not yet rated,NULL,N/A
GERN,$3.17,1440436918939,"1,109,745",88% bullish,of 16 ratings,$5.25
GEOS,$15.24,1440436919000,"75,854",100% bearish,of 3 ratings,$25.50
GABC,$29.48,1440436919029,"21,310",Not yet rated,NULL,$31.50
GEVO,$2.5401,1440436919134,"834,771",75% bullish,of 12 ratings,$5
ROCK,$17.07,1440436919190,"100,151",80% bullish,of 5 ratings,$24
GIGM,$0.575,1440436919262,"103,574",100% bullish,of 2 ratings,N/A
GIII,$63.865,1440436919348,"162,338",67% bullish,of 3 ratings,$75
GILT,$4.24,1440436919497,"14,898",50% bullish,of 2 ratings,N/A
GIGA,$1.37,1440436919565,"66,144",100% bearish,of 1 rating,N/A
GBCI,$25.73,1440436919598,"88,164",50% bullish,of 2 ratings,$31
GLADO,$25.45,1440436919671,"2,037",Not yet rated,NULL,N/A
GILD,$105.44,1440436919696,"9,523,498",91% bullish,of 87 ratings,$129
GLAD,$8.35,1440436919917,"134,629",50% bullish,of 2 ratings,$8.75
GOOD,$15.1199,1440436919995,"140,913",Not yet rated,NULL,$19
GOODN,$25.25,1440436920073,"1,900",Not yet rated,NULL,N/A
GOODO,$25.1,1440436920210,200,Not yet rated,NULL,N/A
GAINN,$24.95,1440436920359,"21,950",Not yet rated,NULL,N/A
GAIN,$7.48,1440436920458,"343,721",100% bullish,of 2 ratings,$8.25
GAINO,$25.25,1440436920480,"2,030",Not yet rated,NULL,N/A
GLBZ,$12.12,1440436920562,315,Not yet rated,NULL,N/A
GOODP,$25.073,1440436920632,"1,600",Not yet rated,NULL,N/A
GBT,$44,1440436920764,"123,946",100% bearish,of 1 rating,N/A
GAINP,$25.75,1440436920821,"10,436",Not yet rated,NULL,N/A
LAND,$9.2318,1440436920896,"22,563",50% bullish,of 2 ratings,$13.75
GDEF,NULL,1440436920948,0,Not yet rated,NULL,N/A
ENT,$11.46,1440436921138,"167,860",100% bearish,of 1 rating,$18
GBLI,$25.07,1440436921244,"2,700",Not yet rated,NULL,N/A
GPACU,$10.03,1440436921269,200,Not yet rated,NULL,N/A
GSOL,$7.98,1440436921407,"18,132",100% bearish,of 1 rating,N/A
ACTX,$13,1440436921497,"3,025",100% bullish,of 1 rating,N/A
QQQC,$18.0554,1440436921602,"18,394",100% bearish,of 1 rating,N/A
SOCL,$16.781,1440436921816,"89,261",100% bullish,of 2 ratings,N/A
GSM,$13.12,1440436921978,"130,595",50% bullish,of 2 ratings,$23
GAI,$5.67,1440436922022,"10,463",50% bullish,of 2 ratings,N/A
YLCO,$12.15,1440436922091,985,Not yet rated,NULL,N/A
SRET,$13.44,1440436922157,"3,966",Not yet rated,NULL,N/A
GBIM,$2.12,1440436922188,"45,361",50% bullish,of 2 ratings,N/A
GLBS,$1.0825,1440436922217,100,67% bullish,of 3 ratings,N/A
ALTY,$14.2899,1440436922242,"5,500",Not yet rated,NULL,N/A
GLUU,$4.221,1440436922443,"1,475,308",92% bullish,of 26 ratings,$9
GLRI,$1.01,1440436922514,"29,233",100% bearish,of 1 rating,$6
GLYC,$6.89,1440436922775,"9,375",50% bullish,of 2 ratings,$14
GLNG,$34.74,1440436922822,"604,399",83% bullish,of 6 ratings,$58
GOGO,$16.18,1440436922877,"679,944",80% bullish,of 5 ratings,$25
GLDC,$4.07,1440436922955,300,50% bullish,of 2 ratings,N/A
GDEN,$8.68,1440436923008,"5,600",50% bullish,of 2 ratings,N/A
GMLP,$18.35,1440436923033,"146,955",50% bullish,of 4 ratings,$32.50
GBDC,$16.54,1440436923200,"151,331",Not yet rated,NULL,$17.75
GOGL,$2.745,1440436923265,"229,822",75% bullish,of 4 ratings,$5
GOOG,$609.2711,1440436923330,"1,752,615",89% bullish,of 70 ratings,$825
GTIM,$6.47,1440436923365,"19,536",Not yet rated,NULL,$11.50
GPRO,$50.145,1440436923393,"5,607,201",78% bullish,of 58 ratings,$72
GOOGL,$638.65,1440436923462,"1,868,479",88% bullish,of 1080 ratings,$749
GMAN,$4.2,1440436923597,"31,239",60% bullish,of 5 ratings,$8
GPIA,$9.75,1440436923624,20,Not yet rated,NULL,N/A
GPIAU,$9.99,1440436923826,"21,401",Not yet rated,NULL,N/A
GPIAW,NULL,1440436923883,0,Not yet rated,NULL,N/A
GBSNU,$16.99,1440436924365,"6,138",Not yet rated,NULL,N/A
GPP,$14.24,1440436924392,"55,357",Not yet rated,NULL,$20.50
GSBC,$40.31,1440436924415,"10,154",100% bullish,of 1 rating,$44
GBSN,$1.1495,1440436924448,"302,232",100% bearish,of 1 rating,$8.25
LOPE,$37.2599,1440436924480,"127,522",100% bearish,of 2 ratings,$50
GRVY,$3.25,1440436924505,"1,070",50% bullish,of 2 ratings,N/A
GLDD,$5.415,1440436924551,"157,200",100% bearish,of 4 ratings,$7.75
GRBK,$12.9,1440436924608,"141,226",77% bullish,of 13 ratings,N/A
GNBC,$11.45,1440436924857,"37,585",100% bearish,of 1 rating,$17
GCBC,$27.51,1440436924913,190,100% bullish,of 1 rating,N/A
GPRE,$19.04,1440436924940,"371,480",67% bullish,of 6 ratings,$28.50
GLRE,$24.69,1440436924962,"90,551",50% bullish,of 2 ratings,$41
GRFS,$30.873,1440436925095,"142,490",50% bullish,of 2 ratings,$35
GRPN,$4.07,1440436925251,"4,790,778",61% bullish,of 71 ratings,$6.75
OMAB,$37.91,1440436925281,"55,755",100% bullish,of 1 rating,$44
GRIF,$30.04,1440436925312,747,100% bearish,of 1 rating,N/A
GGAL,$17.84,1440436925380,"244,746",80% bullish,of 5 ratings,$40
GSIG,$12.6,1440436925414,"27,073",100% bearish,of 2 ratings,N/A
GSIT,$4.75,1440436925598,52,100% bearish,of 1 rating,N/A
GSVC,$8.475,1440436925821,"173,473",50% bullish,of 2 ratings,$14.50
GFED,$14.6,1440436925850,"1,271",Not yet rated,NULL,$17
GTXI,$0.755,1440436925876,"94,049",100% bullish,of 5 ratings,$.75
GUID,$7.335,1440436925901,"89,575",100% bearish,of 3 ratings,$10
GBNK,$15.5,1440436925953,"9,406",100% bearish,of 1 rating,$18
GULTU,$0.278,1440436926149,"146,288",100% bearish,of 1 rating,N/A
GURE,$1.55,1440436926283,"59,064",88% bullish,of 8 ratings,N/A
GPOR,$33.53,1440436926339,"686,544",75% bullish,of 4 ratings,$55
GYRO,$2.9,1440436926375,200,100% bearish,of 1 rating,N/A
GIFI,$11.89,1440436926475,"26,259",100% bearish,of 1 rating,$16
GWPH,$103.35,1440436926502,"209,205",78% bullish,of 9 ratings,$148.50
GWGH,NULL,1440436926534,0,100% bearish,of 1 rating,$15.05
HEES,$16.92,1440436926716,"160,489",67% bearish,of 3 ratings,$31
HNRG,$7.15,1440436926766,"76,491",100% bearish,of 1 rating,$10
HLG,$9.39,1440436926914,17,100% bearish,of 1 rating,N/A
HALO,$17.69,1440436927134,"645,959",67% bullish,of 3 ratings,$22.50
HALL,$11.55,1440436927166,"11,808",Not yet rated,NULL,N/A
HNH,$26.0101,1440436927471,"8,677",100% bullish,of 1 rating,N/A
HBHCL,$24.2399,1440436927601,"37,288",Not yet rated,NULL,N/A
HQCL,$8.365,1440436927629,"22,608",67% bullish,of 3 ratings,$14
HNSN,$0.5077,1440436927650,"91,009",88% bullish,of 8 ratings,$.40
HBHC,$26.155,1440436927686,"298,370",50% bullish,of 2 ratings,$30
HAFC,$23.99,1440436927717,"78,724",100% bullish,of 2 ratings,$28.50
HBK,$13.8,1440436927791,200,50% bullish,of 2 ratings,N/A
HMPR,$1.8642,1440436927821,"120,713",100% bullish,of 1 rating,N/A
HLIT,$5.61,1440436927988,"139,995",100% bearish,of 1 rating,$6.50
HRMN,NULL,1440436928129,0,Not yet rated,NULL,N/A
HDNG,$9.79,1440436928450,"11,221",50% bullish,of 4 ratings,N/A
HRMNW,NULL,1440436928474,0,Not yet rated,NULL,N/A
HBIO,$4.455,1440436928503,"47,604",Not yet rated,NULL,$10
HRMNU,$10.19,1440436928533,300,Not yet rated,NULL,N/A
TINY,$2.48,1440436928638,"27,712",50% bullish,of 2 ratings,$5.26
HCAP,$12.27,1440436928664,"23,277",50% bullish,of 2 ratings,$15
HART,$0.8391,1440436928709,"105,151",100% bearish,of 1 rating,N/A
HA,$22.77,1440436929052,"644,307",67% bullish,of 9 ratings,$27
HWKN,$37.58,1440436929077,"4,885",Not yet rated,NULL,N/A
HCAPL,$25.16,1440436929102,"6,727",Not yet rated,NULL,N/A
HCOM,$22.27,1440436929295,704,100% bearish,of 1 rating,$28
HAS,$73.1,1440436929355,"923,987",63% bullish,of 8 ratings,$84.50
HWBK,$13.117,1440436929427,660,100% bearish,of 1 rating,N/A
HAYN,$37.58,1440436929487,"38,937",100% bearish,of 1 rating,$59
HDS,$32.21,1440436929536,"1,081,800",100% bearish,of 2 ratings,$39.50
HIIQ,$4.43,1440436929739,"12,586",50% bullish,of 2 ratings,$7
HCSG,$33.62,1440436929768,"211,891",50% bullish,of 4 ratings,$35
HQY,$29.1,1440436929796,"146,180",67% bullish,of 3 ratings,$31
HWAY,$12.375,1440436930114,"136,738",100% bearish,of 1 rating,$15
HSTM,$24.9,1440436930182,"30,748",50% bullish,of 2 ratings,$33.75
HTLF,$36.17,1440436930243,"27,891",100% bullish,of 1 rating,$39.50
HTLD,$20.82,1440436930285,"249,509",Not yet rated,NULL,$22.50
HTBX,$5.16,1440436930459,"12,813",50% bullish,of 2 ratings,$15.50
HTWR,$82.77,1440436930485,"41,966",50% bullish,of 2 ratings,$103
HSII,$20.01,1440436930628,"27,506",100% bullish,of 3 ratings,$25
HELE,$85.29,1440436930879,"130,542",67% bearish,of 3 ratings,$100
HMNY,$2.15,1440436930940,"2,480",100% bearish,of 1 rating,N/A
HSIC,$136.07,1440436931009,"292,158",83% bullish,of 6 ratings,$146
HCACU,$10.008,1440436931041,"1,500",Not yet rated,NULL,N/A
HERO,NULL,1440436931060,0,NULL,NULL,NULL
HMTV,$12.8,1440436931094,"10,943",100% bearish,of 1 rating,$16
HNNA,$24.947,1440436931146,"6,524",Not yet rated,NULL,N/A
HTBK,$11.12,1440436931248,"20,331",Not yet rated,NULL,$12
HCCI,$11.37,1440436931552,"5,987",100% bearish,of 1 rating,$16.50
HEOP,$7.4,1440436931633,"3,320",Not yet rated,NULL,$8.50
HFWA,$17.63,1440436931682,"22,102",100% bullish,of 1 rating,$20
HRTX,$36.86,1440436931816,"576,570",67% bullish,of 6 ratings,$41
MLHR,$28.1014,1440436931866,"79,529",50% bullish,of 2 ratings,$33.50
HFFC,$15.86,1440436931945,657,Not yet rated,NULL,N/A
HSKA,$32.7,1440436932017,"18,927",100% bearish,of 1 rating,$38
HPJ,$2.19,1440436932153,"54,216",75% bullish,of 4 ratings,$12.43
HIMX,$6.32,1440436932297,"1,102,631",86% bullish,of 21 ratings,$8.50
HMSY,$10.77,1440436932404,"1,797,387",67% bullish,of 3 ratings,$19.35
HIBB,$37.395,1440436932489,"272,184",100% bearish,of 1 rating,$48.50
HSGX,$5.46,1440436932551,"10,570",100% bearish,of 1 rating,$17
HIHO,$3.8699,1440436932617,"28,521",Not yet rated,NULL,N/A
HIFS,$116.5,1440436932650,972,Not yet rated,NULL,N/A
HOLI,$16.92,1440436932694,"308,684",50% bullish,of 4 ratings,$27
HMNF,$11.15,1440436932750,300,Not yet rated,NULL,N/A
HOLX,$38.52,1440436932980,"1,148,369",67% bullish,of 3 ratings,$42
HMIN,$26.92,1440436933230,"219,659",100% bearish,of 2 ratings,$35
HFBL,NULL,1440436933255,0,Not yet rated,NULL,N/A
HBCP,$24,1440436933417,400,Not yet rated,NULL,$29
HTBI,$18.2,1440436933445,"29,512",67% bullish,of 3 ratings,$18.625
HKTV,$4.413,1440436933476,"29,593",100% bearish,of 1 rating,N/A
HOMB,$38.79,1440436933576,"104,383",Not yet rated,NULL,$41
HOFT,$24.04,1440436933704,"23,291",100% bearish,of 1 rating,N/A
HMST,$21.89,1440436933730,"51,480",100% bullish,of 2 ratings,$27
AWAY,$28.45,1440436933773,"614,072",67% bullish,of 3 ratings,$36
HFBC,$11.4199,1440436933866,"5,705",Not yet rated,NULL,N/A
CETC,$0.75,1440436933908,"88,589",86% bullish,of 7 ratings,N/A
HZNP,$28.5999,1440436934057,"1,607,278",85% bullish,of 20 ratings,$40
HRZN,$10.35,1440436934167,"59,658",100% bearish,of 1 rating,$14.25
HBNC,$24.13,1440436934195,"15,701",100% bullish,of 1 rating,$27
ZINC,$7.24,1440436934273,"430,721",100% bearish,of 1 rating,$17
HDP,$24.25,1440436934359,"180,600",67% bearish,of 3 ratings,$30.50
HWCC,$7.26,1440436934552,"80,650",100% bearish,of 1 rating,$9
HMHC,$22.34,1440436934581,"299,927",Not yet rated,NULL,$27
HSNI,$60.23,1440436934683,"79,536",Not yet rated,NULL,$80
HBMD,$14.07,1440436934766,"1,599",100% bearish,of 1 rating,N/A
HTGM,$5.2843,1440436934824,"8,361",100% bearish,of 1 rating,$19.50
HSON,$2.63,1440436934924,"6,675",100% bearish,of 1 rating,$5
HOVNP,$4.9999,1440436934993,"2,018",100% bearish,of 1 rating,N/A
HDSN,$2.9,1440436935028,"46,486",100% bullish,of 1 rating,$6.25
HUBG,$39.25,1440436935127,"77,669",100% bearish,of 1 rating,$43
HCBK,$9.29,1440436935175,"977,658",83% bullish,of 6 ratings,$8.61
HBANP,$1332,1440436935319,96,100% bearish,of 1 rating,N/A
HBAN,$10.74,1440436935365,"4,883,431",76% bullish,of 17 ratings,$12.29
HURN,$73.31,1440436935519,"80,066",50% bullish,of 2 ratings,$80
HURC,$29.78,1440436935566,"6,041",100% bearish,of 1 rating,N/A
HBP,$3.04,1440436935619,"5,708",100% bullish,of 1 rating,N/A
HTCH,$1.54,1440436935645,"40,399",100% bearish,of 1 rating,$3.50
HDRAU,$10.2,1440436935778,200,Not yet rated,NULL,N/A
HDRA,NULL,1440436935883,0,Not yet rated,NULL,N/A
HDRAW,$0.25,1440436935943,11,Not yet rated,NULL,N/A
IDSY,$3.69,1440436936095,"15,043",100% bearish,of 1 rating,$7
HDRAR,NULL,1440436936123,0,Not yet rated,NULL,N/A
HYGS,$7.5401,1440436936152,"34,704",50% bullish,of 2 ratings,$13
IACI,$69.57,1440436936196,"433,812",75% bullish,of 4 ratings,$90
IKGH,$1.5799,1440436936327,"17,774",75% bullish,of 4 ratings,N/A
IBKC,$58.39,1440436936460,"106,348",100% bullish,of 1 rating,$70
ICAD,$3.3722,1440436936487,"63,039",50% bullish,of 2 ratings,$7.25
ICON,$12.3501,1440436936679,"396,991",50% bullish,of 2 ratings,$18.50
ICFI,$34.69,1440436936754,"41,094",50% bullish,of 2 ratings,$48.50
IEP,$68.1899,1440436936822,"119,127",75% bullish,of 4 ratings,$99
IPWR,$7.1,1440436936848,"11,417",100% bullish,of 1 rating,$15
ICLR,$76.4875,1440436936874,"225,097",100% bearish,of 3 ratings,$85
ICUI,$111.29,1440436937014,"61,146",Not yet rated,NULL,$122
IDRA,$2.5401,1440436937092,"521,335",89% bullish,of 9 ratings,$6.50
IDXX,$72.45,1440436937122,"349,672",100% bearish,of 1 rating,$77
DSKY,$11.645,1440436937383,"332,626",67% bullish,of 6 ratings,$11.50
INVE,$4.51,1440436937443,"27,662",75% bullish,of 4 ratings,$4
RXDX,$13.34,1440436937473,"110,822",100% bullish,of 1 rating,$20
IRG,$4.68,1440436937609,"35,105",100% bearish,of 1 rating,$4.50
IROQ,$16.5,1440436937645,"3,301",100% bullish,of 1 rating,N/A
IIVI,$17.13,1440436937673,"82,077",100% bearish,of 1 rating,$22
IKAN,$2.721,1440436937802,"14,300",83% bullish,of 6 ratings,$5
KANG,$14,1440436937828,"442,756",50% bullish,of 2 ratings,$22.55
IKNX,$11.33,1440436937970,400,100% bearish,of 1 rating,N/A
ILMN,$197.61,1440436938186,"721,756",80% bullish,of 5 ratings,$240
ISNS,$3.6699,1440436938237,"54,126",50% bullish,of 2 ratings,N/A
IMNP,$1.2001,1440436938268,"166,098",50% bullish,of 2 ratings,$6
ICCC,$7.67,1440436938298,"4,795",100% bullish,of 1 rating,N/A
IMDZ,$15.76,1440436938323,"41,123",100% bearish,of 1 rating,$33
IMMR,$11.57,1440436938370,"66,187",80% bullish,of 5 ratings,$15.50
IMGN,$13.78,1440436938548,"679,110",75% bullish,of 4 ratings,$17.50
IMMU,$1.86,1440436938717,"281,380",86% bullish,of 7 ratings,$2
IMMY,$7.4161,1440436938821,"6,402",100% bearish,of 1 rating,$11
INCR,$40.99,1440436938895,"179,964",50% bullish,of 2 ratings,$53
SAAS,$7.705,1440436938953,"162,736",50% bullish,of 2 ratings,$15
IPXL,$43.055,1440436939117,"297,738",67% bullish,of 3 ratings,$46.50
INCY,$100.47,1440436939166,"599,266",50% bullish,of 6 ratings,$125.50
IBCP,$14.03,1440436939220,"51,762",100% bullish,of 1 rating,$14.50
IBTX,$41.5,1440436939241,"17,389",100% bullish,of 2 ratings,$47.25
INDB,$45.51,1440436939278,"34,597",Not yet rated,NULL,$44
INFN,$20.75,1440436939299,"1,323,453",71% bullish,of 7 ratings,$28
INFI,$8.97,1440436939377,"372,410",50% bullish,of 4 ratings,$18
IDSA,$3.5,1440436939486,"3,951",Not yet rated,NULL,N/A
IPCC,$79,1440436939629,"14,533",Not yet rated,NULL,$77.50
IFON,$1.16,1440436939655,"45,834",75% bullish,of 4 ratings,N/A
III,$4.01,1440436939693,"36,457",57% bullish,of 7 ratings,$6
IMKTA,$51.34,1440436939928,"47,482",100% bearish,of 1 rating,N/A
INNL,$12.22,1440436939982,955,100% bearish,of 1 rating,$16.50
IPHS,$46.67,1440436940057,"45,327",100% bearish,of 1 rating,$60
ISSC,$2.88,1440436940082,"4,539",67% bearish,of 3 ratings,N/A
ITEK,$12.73,1440436940235,"380,152",100% bearish,of 3 ratings,$20
INWK,$7.1899,1440436940272,"59,882",50% bullish,of 2 ratings,$10
IOSP,$47.81,1440436940333,"174,639",100% bearish,of 1 rating,N/A
INOD,$2.5,1440436940399,"3,100",100% bearish,of 1 rating,N/A
INOV,$20.91,1440436940496,"137,153",100% bearish,of 1 rating,$33
INO,$6.95,1440436940526,"811,902",89% bullish,of 18 ratings,$20
INGN,$48.5948,1440436940633,"131,590",100% bearish,of 1 rating,$50.50
NSIT,$25.65,1440436940829,"31,666",50% bullish,of 2 ratings,N/A
INSM,$23.6,1440436940886,"300,710",71% bullish,of 7 ratings,$31.50
INSY,$32.4595,1440436941031,"266,789",75% bullish,of 4 ratings,$48
PODD,$28.325,1440436941061,"132,893",50% bullish,of 2 ratings,$35
IART,$60.3,1440436941087,"95,723",100% bearish,of 1 rating,$71.50
IIIN,$17.37,1440436941167,"11,402",100% bearish,of 2 ratings,N/A
ISIG,$2.6,1440436941221,"20,375",100% bearish,of 1 rating,N/A
NTEC,$5.67,1440436941274,"16,600",100% bearish,of 1 rating,N/A
IDTI,$17.93,1440436941439,"1,284,078",60% bullish,of 5 ratings,$25
ISSI,$22,1440436941577,"264,595",67% bullish,of 3 ratings,$19.75
INTC,$27.465,1440436941607,"26,238,726",82% bullish,of 238 ratings,$36
IQNT,$18.96,1440436941679,"105,150",86% bullish,of 7 ratings,$20
IESC,$7.0801,1440436941705,"1,705",100% bearish,of 1 rating,N/A
IPCI,$2.07,1440436941836,"88,146",67% bullish,of 6 ratings,$7.75
IPAR,$26.115,1440436941966,"31,341",67% bullish,of 3 ratings,$38
ININ,$37.1,1440436942097,"27,207",67% bearish,of 3 ratings,$57
IBKR,$37.7,1440436942123,"599,979",100% bullish,of 1 rating,N/A
IDCC,$47.158,1440436942255,"176,863",80% bullish,of 5 ratings,$63
ICLDW,NULL,1440436942282,0,100% bearish,of 1 rating,N/A
ICPT,$191.24,1440436942303,"177,993",70% bullish,of 10 ratings,$359.50
ICLD,$1.77,1440436942337,"212,058",75% bullish,of 4 ratings,N/A
IMI,$2.021,1440436942469,"14,104",67% bullish,of 3 ratings,$2.22
TILE,$24.4,1440436942570,"185,305",67% bearish,of 3 ratings,$27
INAP,$8.1,1440436942705,"57,095",75% bullish,of 4 ratings,$11
ISCA,$31.35,1440436942766,"23,376",100% bearish,of 1 rating,N/A
IGLD,$6.0099,1440436942836,"4,425",50% bullish,of 2 ratings,N/A
IBOC,$25.5,1440436942863,"51,135",100% bearish,of 1 rating,N/A
IIJI,$8.99,1440436942944,100,50% bullish,of 2 ratings,$11.50
PTNT,$2.99,1440436943006,"1,700",Not yet rated,NULL,N/A
XENT,$26.42,1440436943175,"123,667",50% bullish,of 2 ratings,$36.50
INTX,$2.21,1440436943225,"10,743",67% bullish,of 3 ratings,N/A
INPH,$0.2844,1440436943251,"30,700",50% bullish,of 2 ratings,N/A
ISIL,$10.58,1440436943383,"672,388",50% bullish,of 6 ratings,$15
IILG,$19.62,1440436943425,"40,279",100% bearish,of 1 rating,$29
INTL,$26.43,1440436943468,"58,264",67% bearish,of 3 ratings,N/A
IVAC,$4.87,1440436943520,"6,986",100% bearish,of 1 rating,$6.625
INTLL,$25.1999,1440436943695,"6,438",Not yet rated,NULL,N/A
IIN,$6.26,1440436943856,"2,724",100% bearish,of 1 rating,$12
INTU,$86.6,1440436943885,"1,884,298",86% bullish,of 7 ratings,$107.50
ITCI,$26.8,1440436943920,"202,433",75% bearish,of 4 ratings,$40
ISRG,$499.5,1440436944174,"97,418",67% bullish,of 3 ratings,$600
SNAK,$8.635,1440436944232,"66,119",50% bullish,of 2 ratings,$14
INVT,$0.2528,1440436944273,"169,421",67% bullish,of 3 ratings,N/A
ITIC,NULL,1440436944299,0,100% bearish,of 2 ratings,N/A
ISTR,$15.51,1440436944329,2,100% bearish,of 1 rating,$18.50
NVIV,$10.26,1440436944495,"417,417",50% bullish,of 4 ratings,$24.50
IVTY,$12.32,1440436944558,"9,805",Not yet rated,NULL,$18
ISBC,$11.72,1440436944585,"1,755,793",100% bullish,of 1 rating,$13.25
IPCM,$79.4801,1440436944836,"103,213",50% bullish,of 2 ratings,$80.125
IPAS,$1.01,1440436944865,"64,684",67% bullish,of 3 ratings,N/A
DFVL,$67.82,1440436944886,101,Not yet rated,NULL,N/A
DTUL,$66.22,1440436944914,200,Not yet rated,NULL,N/A
IPGP,$84.72,1440436945112,"191,242",100% bearish,of 2 ratings,$109.50
IRMD,$25.54,1440436945256,"6,528",67% bearish,of 3 ratings,$25
IRDM,$6.877,1440436945288,"332,776",60% bullish,of 5 ratings,$11.50
IRWD,$11.01,1440436945534,"399,606",100% bearish,of 1 rating,$13
IRBT,$29.99,1440436945580,"155,042",67% bullish,of 6 ratings,$37
COMT,$31.54,1440436945612,"10,551",100% bearish,of 1 rating,N/A
IRDMB,$267.406,1440436945646,200,67% bearish,of 3 ratings,N/A
FCHI,NULL,1440436945708,0,NULL,NULL,NULL
IRIX,$7,1440436945739,"2,400",100% bearish,of 1 rating,N/A
GNMA,$50.52,1440436945767,"4,255",Not yet rated,NULL,N/A
IRCP,$24.75,1440436945792,"13,435",100% bullish,of 2 ratings,N/A
IFAS,NULL,1440436946081,0,NULL,NULL,NULL
IFNA,NULL,1440436946129,0,NULL,NULL,NULL
AAXJ,$51.12,1440436946332,"1,385,283",Not yet rated,NULL,N/A
IFGL,$28.042,1440436946380,"42,307",Not yet rated,NULL,N/A
IFEU,$39.0474,1440436946435,"10,131",Not yet rated,NULL,N/A
ACWX,$39.82,1440436946460,"449,099",100% bearish,of 1 rating,N/A
ACWI,$54.82,1440436946651,"1,368,245",Not yet rated,NULL,N/A
AXJS,NULL,1440436946678,0,NULL,NULL,NULL
EMDI,NULL,1440436946758,0,NULL,NULL,NULL
EMEY,NULL,1440436946810,0,NULL,NULL,NULL
EGRW,NULL,1440436946968,0,NULL,NULL,NULL
AAIT,NULL,1440436947016,0,NULL,NULL,NULL
EEME,NULL,1440436947075,0,NULL,NULL,NULL
EVAL,NULL,1440436947147,0,NULL,NULL,NULL
EEML,$26.15,1440436948795,236,Not yet rated,NULL,N/A
EEMA,$48.12,1440436948820,"20,499",Not yet rated,NULL,N/A
SOXX,$79.96,1440436949008,"521,467",50% bullish,of 2 ratings,N/A
QAT,$19.96,1440436949108,35,Not yet rated,NULL,N/A
UAE,$16.0799,1440436949137,"7,828",Not yet rated,NULL,N/A
EUFN,$21.7099,1440436949193,"312,576",100% bearish,of 1 rating,N/A
IBB,$337.5275,1440436949240,"1,734,423",63% bullish,of 8 ratings,N/A
IEUS,$44.67,1440436949300,"7,325",100% bearish,of 1 rating,N/A
WOOD,$47.9607,1440436949540,"71,444",50% bullish,of 2 ratings,N/A
ICLN,$9.13,1440436949565,"100,838",50% bullish,of 2 ratings,N/A
EMIF,$27.24,1440436949591,"2,689",Not yet rated,NULL,N/A
ISHG,$81.32,1440436949799,"14,659",100% bearish,of 1 rating,N/A
INDY,$26.58,1440436949842,"647,344",50% bullish,of 2 ratings,N/A
IGOV,$93.21,1440436950004,"19,342",100% bearish,of 1 rating,N/A
ISLE,$16.33,1440436950034,"211,114",50% bullish,of 4 ratings,$16
ISRL,$125.52,1440436950062,100,100% bearish,of 1 rating,N/A
ISIS,$46.1,1440436950089,"943,911",53% bullish,of 15 ratings,$67
ITRN,$23.7,1440436950114,"11,196",50% bullish,of 2 ratings,N/A
ITRI,$31.21,1440436950142,"196,314",Not yet rated,NULL,$37
XXIA,$15.21,1440436950486,"145,909",71% bullish,of 7 ratings,$14.625
IXYS,$10.32,1440436950512,"112,372",50% bullish,of 4 ratings,N/A
JJSF,$112.29,1440436950533,"38,264",100% bearish,of 1 rating,N/A
ITUS,$4,1440436950563,"2,009",Not yet rated,NULL,N/A
MAYS,$59.1,1440436950584,200,Not yet rated,NULL,N/A
JKHY,$67.24,1440436951060,"188,799",50% bullish,of 2 ratings,$72
JAXB,NULL,1440436951086,0,100% bullish,of 1 rating,N/A
JAGX,$2.65,1440436951116,810,Not yet rated,NULL,N/A
JCOM,$69.062,1440436951137,"78,799",100% bullish,of 2 ratings,$77
JBHT,$76.19,1440436951173,"419,217",50% bullish,of 4 ratings,$89.50
JASO,$7.1979,1440436951276,"769,740",82% bullish,of 17 ratings,$10
JACK,$80.6,1440436951306,"504,508",83% bullish,of 6 ratings,$105
JXSB,$23.75,1440436951333,"3,392",Not yet rated,NULL,N/A
JAKK,$9.39,1440436951461,"390,339",60% bearish,of 5 ratings,$11
JMBA,$13.27,1440436951650,"79,966",75% bullish,of 4 ratings,$18
JRVR,$26.48,1440436951735,"25,094",Not yet rated,NULL,$32
ERW,NULL,1440436951812,0,Not yet rated,NULL,N/A
JASN,$4.75,1440436951940,"16,249",50% bullish,of 2 ratings,$9.50
JAZZ,$169.95,1440436952016,"271,940",80% bullish,of 15 ratings,$206.50
JBLU,$21.635,1440436952046,"5,948,603",94% bullish,of 18 ratings,$27
JASNW,NULL,1440436952075,0,50% bullish,of 2 ratings,N/A
JTPY,$3.02,1440436952145,"2,421",100% bearish,of 1 rating,N/A
JD,$24.865,1440436952178,"7,624,775",75% bullish,of 16 ratings,$36
DATE,$5.69,1440436952206,"129,849",75% bullish,of 4 ratings,$9
JCTCF,$9.514,1440436952276,100,100% bullish,of 1 rating,N/A
JST,$3.74,1440436952444,"27,993",75% bullish,of 4 ratings,N/A
JIVE,$4.15,1440436952512,"311,286",75% bullish,of 4 ratings,$5
WYIGU,$10.05,1440436952599,"4,259",Not yet rated,NULL,N/A
JBSS,$48.52,1440436952814,"12,687",67% bearish,of 3 ratings,N/A
JOEZ,$0.1748,1440436952840,"224,112",92% bullish,of 12 ratings,N/A
JNP,$9.645,1440436953099,"31,668",100% bullish,of 3 ratings,$15
JUNO,$36.82,1440436953199,"1,006,917",73% bullish,of 11 ratings,$71.50
