Symbol,Price,Date,Volume,Rating,RatingVoteCount,OneYearEstimate
FCCY,NULL,1440170402926,0,100% bullish,of 1 rating,$13
TFSCW,NULL,1440170402952,0,100% bearish,of 1 rating,N/A
FLWS,$9.38,1440170402991,"61,717",100% bullish,of 5 ratings,$15
SRCE,$29.54,1440170403022,"25,041",100% bullish,of 3 ratings,$33
TFSC,NULL,1440170403053,0,100% bearish,of 1 rating,N/A
PIH,$7.1161,1440170403123,"10,600",100% bearish,of 1 rating,N/A
FCTY,NULL,1440170403153,0,100% bullish,of 1 rating,$8.50
TFSCR,NULL,1440170403261,0,Not yet rated,NULL,N/A
VNET,$19.75,1440170403317,"148,110",60% bullish,of 5 ratings,$29.50
TFSCU,NULL,1440170403342,0,Not yet rated,NULL,N/A
DGLD,$76.7,1440170403378,"6,444",100% bullish,of 1 rating,N/A
DSLV,$60.8902,1440170403482,"3,446",100% bearish,of 1 rating,N/A
UGLD,$9.8601,1440170403529,"156,160",100% bearish,of 1 rating,N/A
USLV,$14.6699,1440170403560,"114,088",86% bullish,of 7 ratings,N/A
TWOU,$34.02,1440170403628,"257,155",50% bullish,of 2 ratings,$39
JOBS,$25.715,1440170403656,"69,328",50% bullish,of 4 ratings,$36
CAFD,$15.3,1440170403986,"170,057",Not yet rated,NULL,$25
EGHT,$8.1515,1440170404012,"156,194",82% bullish,of 17 ratings,$11
AVHI,$13.97,1440170404038,"21,723",100% bearish,of 1 rating,$19
SIXD,$1.4999,1440170404084,"170,751",Not yet rated,NULL,N/A
SHLM,$34.18,1440170404113,"33,708",100% bearish,of 1 rating,$50
ABY,$19.73,1440170404173,"332,270",100% bearish,of 2 ratings,$46
ABAX,$47.07,1440170404215,"46,569",100% bearish,of 1 rating,$60
AAON,$21.74,1440170404244,"72,411",100% bearish,of 1 rating,$24
ABEO,$4.7112,1440170404404,"86,137",67% bullish,of 3 ratings,$15.50
ABGB,$4.0201,1440170404515,"13,827",67% bullish,of 3 ratings,$5.50
AXAS,$1.57,1440170404546,"256,324",78% bullish,of 9 ratings,$3.50
ABEOW,$1.6901,1440170404646,947,100% bullish,of 1 rating,N/A
ABMD,$95.9308,1440170404676,"409,366",75% bullish,of 4 ratings,$100.50
ACHC,$73.372,1440170404811,"300,249",50% bullish,of 2 ratings,$92
ACAD,$35.02,1440170404841,"474,667",80% bullish,of 20 ratings,$48
ACST,$0.3589,1440170404951,"24,202",100% bullish,of 2 ratings,N/A
ANCX,$18.66,1440170404979,"15,861",Not yet rated,NULL,$19
ACTG,$8.73,1440170405008,"101,571",67% bullish,of 3 ratings,$18.50
AXDX,$18.12,1440170405036,"60,026",100% bearish,of 1 rating,N/A
XLRN,$27.86,1440170405063,"57,221",50% bullish,of 2 ratings,$57
ARAY,$6.54,1440170405198,"1,542,469",100% bearish,of 1 rating,$10.50
VXDN,$12,1440170405327,"7,050",Not yet rated,NULL,N/A
VXUP,$19.95,1440170405425,"21,434",Not yet rated,NULL,N/A
ACRX,$3.969,1440170405453,"213,262",67% bearish,of 6 ratings,$5.50
ACET,$24,1440170405595,"66,021",75% bullish,of 4 ratings,$30
AKAO,$6.9016,1440170405644,"31,779",75% bullish,of 4 ratings,$15
ACHN,$7.72,1440170405750,"707,173",90% bullish,of 21 ratings,$16
ACTS,$1.34,1440170405799,"15,255",100% bearish,of 1 rating,N/A
ACNB,$20.17,1440170405834,500,Not yet rated,NULL,N/A
ACIW,$22.12,1440170405857,"241,891",50% bullish,of 2 ratings,$24
ACPW,$1.82,1440170405939,"30,094",100% bullish,of 4 ratings,$3.50
ACOR,$29.79,1440170405971,"191,999",67% bearish,of 3 ratings,$38.50
ATVI,$27.38,1440170405997,"1,792,232",68% bullish,of 84 ratings,$31.50
ACUR,$0.581,1440170406283,"15,663",100% bullish,of 5 ratings,$1
ADMS,$19.44,1440170406311,"28,111",100% bearish,of 2 ratings,$36
ADMP,$3.4,1440170406344,"9,011",50% bullish,of 2 ratings,$10
ACXM,$20.34,1440170406366,"145,080",67% bullish,of 3 ratings,N/A
ACTA,$13.485,1440170406446,"64,382",67% bearish,of 3 ratings,$25
ADAP,$13.325,1440170406500,"36,012",67% bullish,of 3 ratings,$22
ADUS,$29.56,1440170406526,"12,340",100% bearish,of 1 rating,$31
ADBE,$80.2103,1440170406687,"1,348,493",65% bullish,of 17 ratings,$90
ADEP,$6.72,1440170406737,"16,086",50% bullish,of 2 ratings,$10.75
AEY,$2.3,1440170406765,"10,804",100% bearish,of 2 ratings,N/A
AEIS,$25.2225,1440170406904,"82,131",50% bullish,of 2 ratings,$32.50
ADMA,$9.2,1440170406930,434,Not yet rated,NULL,$19
ADTN,$15.37,1440170406957,"111,686",67% bullish,of 3 ratings,$17.125
ADRO,$18.53,1440170406986,"125,156",80% bullish,of 5 ratings,$45.50
AMD,$1.705,1440170407120,"2,407,061",83% bullish,of 103 ratings,$2
ADXS,$14.26,1440170407152,"386,084",64% bullish,of 14 ratings,$27
ADXSW,$9.93,1440170407286,"2,316",100% bullish,of 1 rating,N/A
MULT,NULL,1440170407315,0,100% bearish,of 1 rating,N/A
YPRO,$23.29,1440170407336,100,100% bearish,of 1 rating,N/A
AEGR,$18.365,1440170407393,"123,135",50% bullish,of 6 ratings,$26
AEGN,$18.05,1440170407528,"66,886",100% bearish,of 1 rating,$21
AEHR,$2.19,1440170407558,600,50% bullish,of 2 ratings,N/A
AMTX,$3.311,1440170407663,232,50% bullish,of 2 ratings,$26.11
AVAV,$24.15,1440170407698,"60,222",50% bullish,of 4 ratings,$31
AERI,$15.5,1440170407731,"155,710",75% bullish,of 4 ratings,$31.50
AEPI,$56.479,1440170407801,"8,703",100% bearish,of 1 rating,N/A
AFMD,$9.665,1440170408061,"92,030",50% bullish,of 4 ratings,$15
AEZS,$0.1031,1440170408164,"1,580,608",90% bullish,of 21 ratings,$1.50
AGRX,$8.21,1440170408189,"20,068",100% bearish,of 1 rating,$17.50
AEMD,$6.47,1440170408224,"51,464",Not yet rated,NULL,$27.50
AFFX,$9.485,1440170408250,"189,399",80% bullish,of 5 ratings,$12
AGEN,$6.92,1440170408276,"472,717",85% bullish,of 13 ratings,$14
AGYS,$9.56,1440170408323,"10,374",100% bearish,of 1 rating,N/A
AGIO,$85.715,1440170408452,"138,293",88% bullish,of 8 ratings,$114
AGFS,$9.75,1440170408645,"16,729",100% bearish,of 1 rating,N/A
AIMT,$21.1613,1440170408783,"70,071",Not yet rated,NULL,N/A
AGFSW,$1.74,1440170408816,"11,097",100% bearish,of 2 ratings,N/A
AIRM,$36.68,1440170408838,"86,802",80% bearish,of 5 ratings,$53
AIRT,$22.46,1440170408860,50,100% bullish,of 1 rating,N/A
ATSG,$9.01,1440170408917,"81,063",67% bullish,of 3 ratings,$13
AIXG,$5.96,1440170409239,"28,482",67% bearish,of 3 ratings,$5.25
AKAM,$69.02,1440170409269,"525,254",63% bullish,of 8 ratings,$77
AKBA,$6.3601,1440170409291,"84,050",100% bearish,of 1 rating,$18
AKER,$2.58,1440170409323,"84,494",Not yet rated,NULL,N/A
AKRX,$39.92,1440170409352,"288,715",78% bullish,of 9 ratings,$56
ALRM,$16.43,1440170409374,"64,883",100% bearish,of 1 rating,$22
ALSK,$2.13,1440170409508,"27,727",78% bullish,of 18 ratings,$2
ALDR,$36.98,1440170409690,"148,681",67% bearish,of 3 ratings,$62
ABDC,$12.66,1440170409734,"9,106",Not yet rated,NULL,$15
ADHD,$8.1818,1440170409774,"82,036",50% bullish,of 4 ratings,$18
ALXN,$177.605,1440170409873,"495,992",88% bullish,of 8 ratings,$223
AMRI,$19.76,1440170409904,"67,765",75% bearish,of 4 ratings,$24
ALDX,$7.45,1440170409931,502,100% bearish,of 1 rating,$14.50
AMCN,$4.68,1440170410006,"168,659",83% bullish,of 6 ratings,N/A
ALXA,$1.14,1440170410070,"1,600",83% bullish,of 6 ratings,$2.125
ALIM,$3.08,1440170410236,"72,364",80% bullish,of 5 ratings,$10
ALCO,$42,1440170410316,"15,511",50% bullish,of 2 ratings,N/A
ALGN,$57.92,1440170410372,"91,454",100% bearish,of 2 ratings,$73
ALGT,$214.085,1440170410422,"56,931",100% bearish,of 1 rating,$235
ALLB,$23.27,1440170410451,104,Not yet rated,NULL,N/A
AFOP,$17.33,1440170410480,"66,950",75% bullish,of 8 ratings,$21
ALKS,$61.2865,1440170410502,"173,177",67% bullish,of 3 ratings,$75
AHGP,$36.553,1440170410736,"5,048",67% bullish,of 3 ratings,N/A
AIQ,$14.76,1440170410763,"7,306",67% bullish,of 3 ratings,N/A
AHPI,NULL,1440170410843,0,50% bullish,of 2 ratings,N/A
ALQA,$4.368,1440170410909,"14,135",75% bullish,of 4 ratings,$8.50
ARLP,$24.56,1440170410943,"22,068",67% bearish,of 3 ratings,$32
AMOT,$16.6099,1440170410969,"41,272",100% bearish,of 1 rating,N/A
ALLT,$5.02,1440170411043,"12,049",75% bullish,of 4 ratings,$6.25
AFAM,$45.81,1440170411102,"31,100",50% bullish,of 2 ratings,$44
MDRX,$13.57,1440170411301,"217,516",60% bullish,of 5 ratings,$16
ALNY,$100.37,1440170411340,"162,134",67% bullish,of 3 ratings,$148.50
AOSL,$7.28,1440170411366,"34,806",67% bullish,of 3 ratings,$9
SMCP,$22.56,1440170411401,"1,500",Not yet rated,NULL,N/A
ATEC,$0.58,1440170411434,"12,484",100% bullish,of 1 rating,$2
ALTR,$48.495,1440170411560,"652,753",80% bearish,of 5 ratings,$54
ASPS,$28.8,1440170411603,"72,915",67% bullish,of 3 ratings,$46.50
AIMC,$25.2,1440170411761,"39,049",100% bearish,of 1 rating,$28.50
AMRK,$10.5,1440170411810,"2,320",50% bullish,of 2 ratings,$14
AMAG,$60.6,1440170411849,"157,321",100% bullish,of 2 ratings,$77.50
AMZN,$507.32,1440170411894,"1,455,197",81% bullish,of 263 ratings,$646
AYA,$21.17,1440170411922,"12,354",100% bearish,of 1 rating,$40
AMRN,$2.02,1440170411944,"394,266",85% bullish,of 39 ratings,$8
AMBC,$15.72,1440170412075,"83,494",100% bearish,of 1 rating,$16.50
AMBCW,$7.255,1440170412147,176,100% bearish,of 1 rating,N/A
AMBA,$87.65,1440170412203,"2,511,522",83% bullish,of 12 ratings,$102.50
DOX,$58.36,1440170412376,"32,497",50% bullish,of 2 ratings,$60
AMCX,$67.52,1440170412406,"204,131",67% bullish,of 3 ratings,$85.50
EPAX,$2.71,1440170412439,"69,147",100% bearish,of 1 rating,N/A
AMDA,$0.4548,1440170412507,"607,161",90% bullish,of 10 ratings,$1
UHAL,$366.92,1440170412535,"3,075",100% bullish,of 2 ratings,$393.50
AMED,$40.345,1440170412570,"89,961",100% bearish,of 1 rating,$42
ASBI,$22.57,1440170412759,100,Not yet rated,NULL,N/A
ATAX,$5.29,1440170412831,"59,682",100% bullish,of 1 rating,$6.50
AMOV,$17.73,1440170412867,"1,410",100% bearish,of 1 rating,N/A
AGNC,$19.805,1440170412966,"1,284,944",75% bullish,of 28 ratings,$22
AGNCP,$25.3622,1440170412995,552,Not yet rated,NULL,N/A
AGNCB,$24.3,1440170413027,"10,700",Not yet rated,NULL,N/A
AAL,$40.265,1440170413053,"3,495,779",93% bullish,of 87 ratings,$57
MTGE,$15.73,1440170413126,"151,615",75% bullish,of 4 ratings,$19.50
ACSF,$12.2886,1440170413214,"9,419",100% bearish,of 1 rating,$15
MTGEP,NULL,1440170413272,0,Not yet rated,NULL,N/A
ACAS,$13.86,1440170413421,"234,386",60% bullish,of 5 ratings,$16.75
AMIC,NULL,1440170413530,0,Not yet rated,NULL,N/A
AETI,NULL,1440170413573,0,67% bearish,of 3 ratings,N/A
ANCI,$1.4199,1440170413634,"5,468",100% bearish,of 1 rating,N/A
AMNB,$22.9445,1440170413679,"7,340",Not yet rated,NULL,$25.50
ARII,$37.92,1440170413850,"60,291",67% bearish,of 3 ratings,$45
APEI,$21.63,1440170413880,"38,015",100% bearish,of 1 rating,$25.50
ANAT,$101.605,1440170413911,"3,024",100% bullish,of 1 rating,N/A
AMRB,$10.004,1440170413938,203,Not yet rated,NULL,$11
AMSWA,$9.07,1440170414017,"31,609",100% bearish,of 2 ratings,$10.75
ASEI,$39.14,1440170414072,"8,275",100% bearish,of 1 rating,$52.50
AMWD,$65.38,1440170414209,"89,862",50% bullish,of 2 ratings,$58
AMSC,$3.563,1440170414239,"8,564",50% bullish,of 4 ratings,N/A
CRMT,$37.9,1440170414270,"54,729",100% bearish,of 1 rating,$49
ABCB,$27.43,1440170414376,"52,242",Not yet rated,NULL,$31
AMSF,$49.63,1440170414510,"32,565",Not yet rated,NULL,$57.50
ASRV,$3.23,1440170414536,202,100% bullish,of 2 ratings,N/A
AMGN,$159.27,1440170414586,"1,412,672",89% bullish,of 19 ratings,$185
ASRVP,NULL,1440170414695,0,Not yet rated,NULL,N/A
AMPH,$13.7,1440170414748,"72,283",50% bullish,of 2 ratings,$20
ATLO,$23.32,1440170414776,"12,238",Not yet rated,NULL,N/A
AMSG,$81.21,1440170414806,"104,869",100% bearish,of 1 rating,$85.50
FOLD,$13.94,1440170414852,"1,109,441",56% bullish,of 9 ratings,$21
AMSGP,NULL,1440170414952,0,Not yet rated,NULL,N/A
AMKR,$4.33,1440170415087,"538,894",100% bearish,of 2 ratings,$5
AFSI,$59.563,1440170415117,"259,345",60% bullish,of 5 ratings,$72
ASYS,$5.213,1440170415218,"15,353",67% bullish,of 3 ratings,$12
AMRS,$1.62,1440170415244,"38,049",70% bullish,of 10 ratings,N/A
ANAD,$0.3619,1440170415400,"41,581",100% bullish,of 2 ratings,$.50
ANAC,$128.34,1440170415431,"232,267",80% bullish,of 5 ratings,$180.50
ADI,$54.485,1440170415460,"1,290,939",67% bullish,of 3 ratings,$69
ANCB,NULL,1440170415486,0,Not yet rated,NULL,$23
AMCF,$0.27,1440170415533,"6,114",100% bullish,of 7 ratings,N/A
ABCW,$39.96,1440170415620,"5,334",67% bullish,of 3 ratings,N/A
ANGO,$14.7,1440170415785,"43,209",67% bullish,of 3 ratings,$19
ANGI,$4.51,1440170415858,"195,286",64% bullish,of 11 ratings,$5.50
ANIK,$34.473,1440170415937,"39,391",60% bullish,of 5 ratings,$51.25
ANIP,$49.0701,1440170415967,"89,193",89% bullish,of 19 ratings,$66
ALOG,$82.68,1440170416021,"27,911",100% bearish,of 2 ratings,$100.50
ANSS,$92.43,1440170416067,"114,490",100% bearish,of 1 rating,$100
ATRS,$1.77,1440170416149,"326,661",92% bullish,of 12 ratings,$4.50
ANTH,$6.71,1440170416251,"862,681",80% bullish,of 10 ratings,$13
ABAC,$0.74,1440170416279,"11,732",100% bearish,of 1 rating,N/A
APIC,$6.59,1440170416453,"54,911",100% bearish,of 1 rating,$19
APOL,$11.03,1440170416485,"274,946",87% bearish,of 68 ratings,$14
APOG,$51.69,1440170416512,"85,927",100% bullish,of 1 rating,$67
ATNY,$2.37,1440170416541,753,50% bullish,of 2 ratings,$3.75
AINV,$6.48,1440170416580,"416,731",50% bullish,of 4 ratings,$8
APPF,$16.835,1440170416670,"23,472",50% bullish,of 2 ratings,$22
AAPL,$108.89,1440170416696,"28,749,972",86% bullish,of 2336 ratings,$150
ARCI,$1.22,1440170416899,4,Not yet rated,NULL,N/A
APDNW,$1.25,1440170416997,"1,500",Not yet rated,NULL,N/A
APDN,$3.22,1440170417054,"12,144",Not yet rated,NULL,$9
AGTC,$15.01,1440170417087,"27,622",50% bullish,of 2 ratings,$33
AMCC,$5.145,1440170417214,"427,603",80% bullish,of 5 ratings,$8
AAOI,$19.77,1440170417321,"121,049",50% bullish,of 4 ratings,$26
AREX,$2.14,1440170417396,"227,747",100% bearish,of 1 rating,$3
AQXP,$18.18,1440170417429,"274,435",50% bullish,of 2 ratings,$2
AMAT,$15.78,1440170417452,"4,071,076",82% bullish,of 11 ratings,$23
APRI,$1.3,1440170417487,"83,418",83% bullish,of 6 ratings,$4.86
AQMS,$4.87,1440170417509,"2,280",Not yet rated,NULL,N/A
APTO,$4.87,1440170417548,163,Not yet rated,NULL,$17
AUMA,NULL,1440170417651,0,Not yet rated,NULL,N/A
AUMAW,NULL,1440170417823,0,Not yet rated,NULL,N/A
ARDM,$7.0156,1440170417874,"3,408",100% bullish,of 1 rating,$26
AUMAU,$10,1440170417899,100,Not yet rated,NULL,N/A
ABUS,$6.95,1440170418170,"211,608",86% bullish,of 14 ratings,$23
ABIO,$0.885,1440170418236,"32,682",50% bullish,of 2 ratings,$3.75
ARCB,$29.896,1440170418265,"75,069",50% bullish,of 2 ratings,$39.50
PETX,$16.5,1440170418287,"133,813",100% bearish,of 2 ratings,$26
RKDA,$5.25,1440170418326,"8,999",100% bearish,of 2 ratings,$10
ARCW,$3.29,1440170418354,"10,442",100% bearish,of 2 ratings,$10.50
ACAT,$26.69,1440170418422,"149,853",100% bearish,of 3 ratings,$33
ARDX,$17.05,1440170418447,"53,461",50% bullish,of 2 ratings,$24.50
ARCC,$15.545,1440170418619,"506,802",67% bearish,of 3 ratings,$17.875
ARNA,$2.885,1440170418647,"1,385,549",90% bullish,of 77 ratings,$5.50
ACGL,$70.93,1440170418677,"52,680",50% bullish,of 2 ratings,$72
AGII,$57.7,1440170418807,"47,332",Not yet rated,NULL,$59.50
AGIIL,$25.46,1440170418858,"1,414",Not yet rated,NULL,N/A
ARGS,$5.6999,1440170419068,"20,573",50% bullish,of 2 ratings,$19.50
ARIS,$3.385,1440170419099,"2,000",Not yet rated,NULL,$4.50
ARKR,$24.702,1440170419129,203,50% bullish,of 2 ratings,N/A
ARIA,$6.69,1440170419161,"1,245,151",87% bullish,of 46 ratings,$9
ARWA,NULL,1440170419188,0,Not yet rated,NULL,N/A
ARTX,$1.48,1440170419214,"35,702",88% bullish,of 16 ratings,$4.50
ARMH,$40.76,1440170419261,"467,433",54% bearish,of 13 ratings,$61
ARQL,$1.61,1440170419552,"135,981",75% bullish,of 4 ratings,$5
ARWAW,NULL,1440170419582,0,Not yet rated,NULL,N/A
ARWAR,NULL,1440170419616,0,Not yet rated,NULL,N/A
ARRY,$5.24,1440170419681,"490,880",100% bullish,of 7 ratings,$10
ARWAU,NULL,1440170419711,0,100% bullish,of 1 rating,N/A
DWAT,$10.22,1440170419736,9,100% bearish,of 1 rating,N/A
ARRS,$26.54,1440170419762,"272,083",50% bullish,of 2 ratings,$38
AROW,$26.81,1440170419961,"15,550",Not yet rated,NULL,N/A
ARWR,$5.54,1440170420027,"402,767",75% bullish,of 4 ratings,$10.50
ARTNA,$22.6999,1440170420093,"13,647",100% bearish,of 1 rating,$29
ASBB,$24.65,1440170420161,200,Not yet rated,NULL,N/A
ARTW,$4.43,1440170420189,"2,404",75% bearish,of 4 ratings,N/A
ASNA,$11.44,1440170420222,"871,492",50% bullish,of 2 ratings,$18
ASND,$17.845,1440170420355,"8,323",100% bullish,of 1 rating,$30
ASCMA,$28.03,1440170420427,"34,914",100% bearish,of 1 rating,$45
ASML,$87.7,1440170420565,"358,925",67% bullish,of 3 ratings,$127
APWC,$1.94,1440170420592,300,100% bearish,of 1 rating,N/A
ASTI,$0.12,1440170420621,"607,527",83% bullish,of 6 ratings,$3
ASMI,NULL,1440170420641,0,NULL,NULL,NULL
ASMB,$12.04,1440170420782,"45,221",67% bullish,of 3 ratings,N/A
AZPN,$38.32,1440170420813,"318,768",50% bullish,of 2 ratings,$42
ASFI,$8.96,1440170420923,"1,596",100% bullish,of 1 rating,N/A
ASTE,$36.54,1440170421026,"37,419",100% bearish,of 1 rating,$48
ASTC,$2.16,1440170421055,"14,854",100% bullish,of 5 ratings,N/A
ATRO,$52.385,1440170421077,"36,591",100% bearish,of 2 ratings,$80
ALOT,$12.2,1440170421111,433,100% bearish,of 1 rating,N/A
ASUR,$5.4699,1440170421217,"6,005",100% bearish,of 1 rating,$8
ATAI,$2.79,1440170421246,"7,900",100% bearish,of 1 rating,N/A
ATRA,$41.57,1440170421425,"65,342",50% bullish,of 2 ratings,$68
ATHN,$133.25,1440170421457,"31,111",67% bearish,of 3 ratings,$153
AAPC,$10.21,1440170421558,197,Not yet rated,NULL,N/A
AFCB,$28.01,1440170421591,168,Not yet rated,NULL,N/A
ATHX,$1.16,1440170421614,"105,600",89% bullish,of 9 ratings,$5
AAME,$3.53,1440170421643,100,Not yet rated,NULL,N/A
ACFC,$5.87,1440170421669,"70,307",Not yet rated,NULL,$6.50
ATLC,NULL,1440170421892,0,67% bullish,of 3 ratings,N/A
AAWW,$41.611,1440170422023,"117,903",50% bullish,of 2 ratings,$65
ATOS,$0.8322,1440170422050,"102,909",100% bullish,of 7 ratings,$7
ATNI,$73.64,1440170422076,"26,399",100% bearish,of 1 rating,$69.50
ATRC,$25.71,1440170422103,"52,193",100% bullish,of 1 rating,$30
AFH,$16.78,1440170422135,"18,584",Not yet rated,NULL,$21.50
ATML,$7.07,1440170422230,"750,573",78% bullish,of 9 ratings,$9.50
ATRI,$390.86,1440170422335,"2,078",Not yet rated,NULL,N/A
AUBN,$27.0001,1440170422467,502,Not yet rated,NULL,N/A
ATTU,$13.64,1440170422496,"22,979",100% bearish,of 1 rating,$20.50
LIFE,$14.05,1440170422523,"14,261",86% bullish,of 7 ratings,$43
AUDC,$3.155,1440170422557,"26,882",80% bullish,of 5 ratings,$5
ATRM,$2.89,1440170422578,200,50% bullish,of 2 ratings,N/A
EARS,$4.8,1440170422725,"4,252",100% bearish,of 2 ratings,$11.50
AUPH,$3.272,1440170422792,"6,661",100% bearish,of 1 rating,$8
ADAT,$0.123,1440170422897,"4,190",100% bullish,of 2 ratings,N/A
ABTL,$17.76,1440170422923,"30,490",100% bullish,of 4 ratings,$20.25
ADP,$80.91,1440170423066,"656,757",100% bearish,of 1 rating,$88
ADSK,$52.72,1440170423143,"722,370",83% bullish,of 6 ratings,$69.50
AVGO,$111.7,1440170423170,"1,398,141",88% bullish,of 8 ratings,$160
AVNU,NULL,1440170423196,0,Not yet rated,NULL,$14
AAVL,$10.52,1440170423225,"96,037",100% bearish,of 1 rating,$20
AVID,$7.73,1440170423382,"141,272",100% bearish,of 1 rating,$20
AVEO,$1.3301,1440170423412,"674,011",75% bullish,of 8 ratings,$3
AVNW,$1.15,1440170423449,"28,337",50% bullish,of 2 ratings,$2.20
CAR,$41.73,1440170423656,"489,074",80% bullish,of 5 ratings,$60
AVGR,$14.76,1440170423684,"6,669",100% bearish,of 1 rating,$20
AWRE,$3.2,1440170423706,"1,048",67% bullish,of 3 ratings,N/A
ACLS,$3.32,1440170423755,"264,213",67% bullish,of 6 ratings,$4.75
AXPW,$1.131,1440170424033,"16,537",83% bullish,of 6 ratings,N/A
AXGN,$3.96,1440170424064,"6,094",Not yet rated,NULL,$5
BCOM,NULL,1440170424086,0,100% bearish,of 1 rating,N/A
BIDU,$156.63,1440170424117,"1,652,779",81% bullish,of 88 ratings,$210
AXTI,$2.149,1440170424139,"6,850",50% bullish,of 2 ratings,$2.75
RILY,$10,1440170424271,200,Not yet rated,NULL,N/A
AXPWW,NULL,1440170424302,0,Not yet rated,NULL,N/A
BOSC,$2.2101,1440170424400,617,50% bullish,of 2 ratings,N/A
BCPC,$57.65,1440170424450,"50,583",100% bearish,of 1 rating,$75
BWINB,$23.003,1440170424542,"16,994",Not yet rated,NULL,N/A
BEAV,$48.66,1440170424583,"196,795",67% bearish,of 3 ratings,$59
BWINA,NULL,1440170424609,0,Not yet rated,NULL,N/A
BLDP,$1.2301,1440170424748,"236,792",91% bullish,of 22 ratings,$2.50
BANF,$60.47,1440170424796,"11,234",Not yet rated,NULL,$68
BANFP,NULL,1440170424822,0,Not yet rated,NULL,N/A
BOTJ,$11.45,1440170424962,100,Not yet rated,NULL,N/A
BKMU,$7.14,1440170424997,"66,725",Not yet rated,NULL,$8
BKSC,$15.58,1440170425019,137,Not yet rated,NULL,N/A
BOCH,$5.81,1440170425052,"14,107",Not yet rated,NULL,$6.50
BMRC,$48.85,1440170425109,"10,154",Not yet rated,NULL,$52
OZRK,$40.66,1440170425190,"187,858",67% bullish,of 3 ratings,$49.50
BWFG,$18.08,1440170425218,205,100% bearish,of 1 rating,N/A
BFIN,$12,1440170425348,"14,372",Not yet rated,NULL,$13
BZUN,$5.59,1440170425405,"153,919",50% bullish,of 2 ratings,$12.60
BANR,$45.12,1440170425538,"33,836",100% bullish,of 3 ratings,$50
TAPR,$29.73,1440170425570,"4,250",100% bearish,of 1 rating,N/A
BHACW,NULL,1440170425692,0,Not yet rated,NULL,N/A
BHACR,NULL,1440170425720,0,Not yet rated,NULL,N/A
BHAC,NULL,1440170425755,0,Not yet rated,NULL,N/A
BBSI,$34.1,1440170425784,"29,740",67% bearish,of 3 ratings,$62.50
BHACU,NULL,1440170425851,0,Not yet rated,NULL,N/A
BSET,$28.975,1440170425879,"12,313",100% bearish,of 1 rating,$35
BYLK,$12.95,1440170425916,300,Not yet rated,NULL,$14
BYBK,$5.09,1440170426049,878,100% bearish,of 1 rating,N/A
BBCN,$14.81,1440170426090,"129,572",100% bearish,of 1 rating,$16
BV,$5.15,1440170426116,"117,552",67% bullish,of 6 ratings,$9
BDCV,$5.01,1440170426318,"2,503",100% bearish,of 1 rating,$10.19
BCBP,$11.62,1440170426350,"2,223",Not yet rated,NULL,N/A
BSF,$8.65,1440170426451,"10,209",Not yet rated,NULL,N/A
BBBY,$62.065,1440170426477,"614,293",71% bullish,of 7 ratings,$75
BBGI,NULL,1440170426538,0,100% bearish,of 1 rating,N/A
BLPH,$5.08,1440170426611,"11,707",100% bearish,of 1 rating,$12.50
BEBE,$1.78,1440170426639,"34,195",75% bullish,of 4 ratings,$3.075
BECN,$35.552,1440170426662,"117,898",50% bullish,of 2 ratings,$40
BELFA,NULL,1440170426696,0,100% bearish,of 1 rating,N/A
BELFB,$18.3,1440170426825,"14,652",100% bearish,of 1 rating,N/A
BLCM,$16.255,1440170426954,"201,439",50% bullish,of 4 ratings,$40
BNCL,$12.73,1440170426980,"156,008",100% bullish,of 3 ratings,$12.50
BGCP,$8.89,1440170427195,"571,232",88% bullish,of 8 ratings,$14
BNFT,$36.58,1440170427226,"31,352",67% bullish,of 3 ratings,$46
BNTC,$7.8817,1440170427261,"19,370",100% bullish,of 1 rating,N/A
BGFV,$10.905,1440170427329,"59,822",57% bullish,of 7 ratings,$12
BGMD,$0.865,1440170427360,"65,251",100% bullish,of 10 ratings,N/A
BASI,$1.3,1440170427388,146,Not yet rated,NULL,N/A
ORPN,$5.11,1440170427487,"5,397",100% bullish,of 1 rating,$28.50
BIND,$4.51,1440170427513,"24,616",67% bullish,of 3 ratings,$13.50
BCDA,NULL,1440170427755,0,Not yet rated,NULL,N/A
BCRX,$11.78,1440170427787,"225,562",63% bullish,of 8 ratings,$18
BIOC,$2.04,1440170427813,"240,411",83% bullish,of 6 ratings,$3.85
BIIB,$304.02,1440170427890,"562,913",88% bullish,of 16 ratings,$400
BDSI,$6.45,1440170427949,"409,901",88% bullish,of 8 ratings,$17
BIOD,$0.68,1440170427975,"42,096",80% bullish,of 5 ratings,$4
BIOL,$1.4998,1440170428107,"2,752",Not yet rated,NULL,N/A
BMRN,$126.95,1440170428185,"286,091",80% bullish,of 5 ratings,$160
BLFS,$2.05,1440170428242,"4,763",100% bearish,of 1 rating,$4.75
BLRX,$1.41,1440170428272,"117,024",100% bullish,of 12 ratings,$5
BVXV,$3.91,1440170428312,"4,892",Not yet rated,NULL,N/A
BRLI,NULL,1440170428338,0,NULL,NULL,NULL
BVXVW,NULL,1440170428370,0,100% bearish,of 1 rating,N/A
BPTH,$1.14,1440170428404,"9,730",100% bullish,of 2 ratings,$5
BBC,$29.97,1440170428623,"46,515",Not yet rated,NULL,N/A
BIOS,$1.8,1440170428651,"406,602",71% bullish,of 7 ratings,$4
BOTA,$2.25,1440170428780,"8,869",88% bullish,of 8 ratings,N/A
BSPM,$0.69,1440170428837,"1,100",50% bullish,of 2 ratings,N/A
BSTC,$48.995,1440170428869,"28,235",100% bearish,of 1 rating,$76
BBP,$31.88,1440170428912,"52,203",Not yet rated,NULL,N/A
BEAT,$13.34,1440170428941,"93,583",67% bearish,of 3 ratings,$15
BITI,$18,1440170428969,"25,894",100% bullish,of 1 rating,$28
TECH,$103.28,1440170429000,"15,164",100% bullish,of 1 rating,$117
BDMS,NULL,1440170429099,0,100% bearish,of 1 rating,N/A
BJRI,$44.925,1440170429246,"57,287",50% bullish,of 2 ratings,$55
BDE,$7.42,1440170429279,"88,543",50% bullish,of 2 ratings,$9
BLKB,$57.94,1440170429316,"79,648",100% bearish,of 2 ratings,$66
BBRY,$7.16,1440170429342,"1,403,743",61% bullish,of 330 ratings,$9
BBOX,$15.34,1440170429415,"19,585",100% bearish,of 1 rating,N/A
HAWK,$42.256,1440170429443,"156,418",90% bullish,of 10 ratings,$49
ADRA,NULL,1440170429742,0,Not yet rated,NULL,N/A
BKCC,$9.13,1440170429788,"101,541",100% bullish,of 2 ratings,$10
ADRE,$29.8676,1440170429817,"37,582",Not yet rated,NULL,N/A
ADRD,$22.264,1440170429871,"2,526",100% bearish,of 1 rating,N/A
BCOR,$13.4,1440170429919,"80,697",57% bullish,of 7 ratings,$15
ADRU,NULL,1440170430012,0,100% bearish,of 1 rating,N/A
BLMN,$20.07,1440170430075,"650,689",83% bullish,of 6 ratings,$27.50
BUFF,$26.94,1440170430174,"150,012",83% bullish,of 12 ratings,$31.50
BLBD,$11.79,1440170430199,"3,104",Not yet rated,NULL,N/A
BBLU,$0.8861,1440170430227,"51,973",100% bullish,of 2 ratings,$4.43
NILE,$34.04,1440170430362,"27,053",50% bullish,of 2 ratings,$34
BHBK,$14.1,1440170430391,"49,725",100% bullish,of 1 rating,$14.50
BLUE,$122.08,1440170430638,"149,068",71% bullish,of 7 ratings,$217.50
BPMC,$25.4,1440170430670,"22,850",50% bullish,of 2 ratings,$47.50
BNCN,$21.37,1440170430708,"38,766",Not yet rated,NULL,$23
BKEPP,$7.865,1440170430771,100,100% bearish,of 1 rating,N/A
BOFI,$123.925,1440170430842,"139,149",100% bullish,of 6 ratings,$144
BKEP,$6.7299,1440170430869,"7,954",100% bearish,of 1 rating,$8.50
BOBE,$44.13,1440170430897,"55,335",75% bullish,of 4 ratings,$57
WIFI,$8.1,1440170430925,"152,682",50% bullish,of 2 ratings,$13.50
BOJA,$20.291,1440170431104,"45,828",100% bullish,of 1 rating,$30
BOKF,$61.77,1440170431179,"28,481",100% bearish,of 1 rating,$70.50
BNSO,$1.5099,1440170431334,"2,200",100% bearish,of 1 rating,N/A
BPFH,$12.1,1440170431369,"110,207",100% bearish,of 1 rating,$14
BPFHP,NULL,1440170431421,0,100% bearish,of 1 rating,N/A
BAMM,$3.21,1440170431447,"3,739",60% bullish,of 5 ratings,N/A
BONA,$11.79,1440170431475,"70,819",75% bullish,of 4 ratings,$8.50
BPFHW,$5.5,1440170431498,558,100% bearish,of 1 rating,N/A
BDBD,$8.45,1440170431790,"253,846",60% bullish,of 5 ratings,$10
BBEP,$2.25,1440170431854,"686,594",69% bullish,of 13 ratings,$5.625
BBRG,$12.45,1440170431883,"32,099",67% bullish,of 3 ratings,$14.50
BCLI,$2.9714,1440170431913,"27,332",80% bullish,of 5 ratings,$12
BBEPP,$13.465,1440170431936,"46,454",100% bearish,of 1 rating,N/A
BDGE,$27.02,1440170431969,"11,234",Not yet rated,NULL,$31.75
EPAY,$25.52,1440170431992,"61,249",100% bearish,of 2 ratings,$30
BLIN,NULL,1440170432138,0,50% bullish,of 2 ratings,$2.20
BRCM,$48.75,1440170432319,"1,674,996",75% bullish,of 12 ratings,$56
BSFT,$30.7501,1440170432347,"61,272",57% bullish,of 7 ratings,$40.50
BRID,$8.01,1440170432369,120,100% bearish,of 1 rating,N/A
BCOV,$5.21,1440170432400,"59,767",67% bullish,of 3 ratings,$10.20
BVSN,$5.652,1440170432535,"10,325",60% bearish,of 5 ratings,N/A
BRCD,$10.8599,1440170432586,"5,314,082",92% bullish,of 13 ratings,$12.50
BWEN,$3.3,1440170432719,"7,939",100% bullish,of 3 ratings,$8
BRKS,$10.335,1440170432786,"103,628",67% bullish,of 3 ratings,$15.25
BRKR,$19.16,1440170432817,"41,565",100% bearish,of 2 ratings,$22
BYFC,NULL,1440170432838,0,50% bullish,of 2 ratings,N/A
BRKL,$10.63,1440170432872,"123,066",100% bearish,of 1 rating,$10.75
BLMT,$20.82,1440170432968,"11,168",Not yet rated,NULL,N/A
BMTC,$29.1,1440170433104,"29,143",Not yet rated,NULL,$34
BSQR,$6.0192,1440170433135,"46,787",67% bullish,of 3 ratings,N/A
BLDR,$14.85,1440170433241,"312,348",50% bullish,of 2 ratings,$22
BWLD,$192.205,1440170433275,"90,267",82% bullish,of 11 ratings,$205
BUR,$1.94,1440170433350,"1,200",100% bearish,of 1 rating,$8
CHRW,$67.825,1440170433377,"236,069",Not yet rated,NULL,$72
CFFI,$36,1440170433540,"2,100",100% bearish,of 1 rating,N/A
CDNS,$20.16,1440170433581,"286,249",75% bullish,of 4 ratings,$22.50
CCMP,$43.9604,1440170433608,"43,288",50% bullish,of 2 ratings,$59
CA,$27.9841,1440170433639,"681,993",50% bullish,of 4 ratings,$33
CDZI,$7.27,1440170433768,"3,124",100% bearish,of 1 rating,N/A
CACQ,$7.13,1440170433800,"69,288",100% bearish,of 1 rating,$12.25
CZR,$7.5,1440170433904,"361,550",60% bearish,of 5 ratings,$10.50
PRSS,$4.4111,1440170434011,633,80% bullish,of 5 ratings,$4.50
CLBS,$1.35,1440170434042,"85,216",79% bullish,of 14 ratings,$4
CSTE,$42.48,1440170434077,"115,372",100% bearish,of 1 rating,$65
CLMS,$11.41,1440170434144,"31,043",Not yet rated,NULL,$10.50
CHY,$11.6801,1440170434172,"89,877",Not yet rated,NULL,N/A
CCD,$20.16,1440170434306,"58,125",Not yet rated,NULL,N/A
CHI,$10.76,1440170434350,"59,988",100% bearish,of 1 rating,N/A
CHW,$7.68,1440170434380,"98,438",100% bearish,of 1 rating,N/A
CGO,$12.1514,1440170434537,"12,602",100% bearish,of 1 rating,N/A
CFGE,NULL,1440170434564,0,Not yet rated,NULL,N/A
CAMP,$15.81,1440170434597,"126,420",88% bullish,of 8 ratings,$25
CSQ,$9.977,1440170434696,"215,604",Not yet rated,NULL,N/A
CFNB,$13.53,1440170434856,5,100% bearish,of 1 rating,N/A
CALA,$4.83,1440170434916,"151,831",100% bullish,of 3 ratings,$19.50
CALD,$15.615,1440170434943,"136,049",100% bearish,of 1 rating,$20.50
CVGW,$54.47,1440170434973,"42,616",50% bullish,of 2 ratings,$58.50
CALM,$48.715,1440170435078,"168,915",80% bullish,of 5 ratings,$65
CAMB,NULL,1440170435234,0,Not yet rated,NULL,N/A
CLMT,$25,1440170435305,"162,471",75% bullish,of 8 ratings,$31
ABCD,$4.725,1440170435336,"37,149",83% bullish,of 6 ratings,N/A
CAMBU,NULL,1440170435365,0,100% bearish,of 1 rating,N/A
CAMBW,NULL,1440170435437,0,Not yet rated,NULL,N/A
CAMT,$2.8,1440170435498,"7,800",73% bullish,of 11 ratings,$4
CAC,$39.965,1440170435526,"10,370",Not yet rated,NULL,N/A
CSIQ,$18.1,1440170435778,"1,572,518",86% bullish,of 28 ratings,$45
CPHC,$10.44,1440170435807,"1,400",100% bearish,of 1 rating,N/A
CPLA,$48.65,1440170435835,"24,540",50% bullish,of 2 ratings,$65
CGIX,$8.9037,1440170435866,"22,275",67% bullish,of 3 ratings,$14.375
CBNJ,$10.6001,1440170435975,"16,624",100% bullish,of 1 rating,N/A
CBF,$30.01,1440170436002,"59,937",Not yet rated,NULL,$32
CPLP,$6.8802,1440170436051,"97,005",71% bullish,of 7 ratings,$11
CCBG,$15.11,1440170436079,"17,395",Not yet rated,NULL,$17.25
CSWC,$47.98,1440170436243,"6,616",Not yet rated,NULL,N/A
CAPNW,$0.5038,1440170436377,115,Not yet rated,NULL,N/A
CPTA,$14.24,1440170436404,"15,687",Not yet rated,NULL,$18.50
CFFN,$11.93,1440170436436,"299,097",Not yet rated,NULL,$12.75
CAPN,$1.905,1440170436464,"162,712",100% bullish,of 1 rating,$10.85
CAPR,$3.87,1440170436541,"1,017",Not yet rated,NULL,$12
CARA,$20.3,1440170436596,"105,669",50% bullish,of 4 ratings,$25
CPST,$0.38,1440170436674,"177,361",95% bullish,of 22 ratings,$1.25
CARB,$11.38,1440170436801,"37,972",75% bullish,of 4 ratings,$12
CFNL,$22.33,1440170436897,"65,054",Not yet rated,NULL,$24
CBYL,$6.37,1440170436928,"9,980",100% bearish,of 1 rating,$20
CSII,$23.785,1440170436954,"89,404",100% bearish,of 2 ratings,$42.125
CRME,$9.25,1440170436982,900,89% bullish,of 9 ratings,$11.25
CRDC,$0.3857,1440170437009,"3,050",100% bullish,of 1 rating,$1.25
CDNA,$6.4101,1440170437142,"4,000",100% bearish,of 1 rating,$9
CATM,$34.36,1440170437174,"125,751",100% bearish,of 1 rating,$44
CECO,$3.52,1440170437201,"136,933",67% bearish,of 3 ratings,$6
CTRE,$11.98,1440170437335,"67,768",50% bullish,of 2 ratings,N/A
CLBH,$12.76,1440170437365,200,Not yet rated,NULL,$16.50
CKEC,$21.02,1440170437501,"151,208",50% bullish,of 2 ratings,$35.915
CARO,$15.35,1440170437528,500,100% bearish,of 1 rating,$19
CART,NULL,1440170437658,0,100% bearish,of 1 rating,N/A
TAST,$11.9,1440170437692,"97,734",Not yet rated,NULL,$14.25
CRZO,$31.7,1440170437720,"298,830",67% bearish,of 3 ratings,$57
CRTN,NULL,1440170437787,0,100% bearish,of 1 rating,N/A
CASM,$1.1,1440170437853,210,100% bullish,of 1 rating,$3.50
CACB,$5.43,1440170437878,"46,961",Not yet rated,NULL,$5.50
CSCD,$14.22,1440170437909,"33,357",100% bullish,of 2 ratings,$17
CARV,$5.61,1440170438046,200,50% bullish,of 2 ratings,N/A
CWST,$6.06,1440170438068,"120,909",50% bullish,of 2 ratings,$7
CASI,$1.4685,1440170438150,"1,525",100% bullish,of 1 rating,$3.50
CASS,$48.06,1440170438221,"21,528",100% bearish,of 1 rating,N/A
CASY,$104.02,1440170438283,"104,512",50% bullish,of 2 ratings,$99.50
CATY,$30.14,1440170438426,"195,112",100% bearish,of 1 rating,$33.50
CPRX,$3.6399,1440170438453,"495,196",71% bullish,of 7 ratings,$7
CATB,$11.75,1440170438513,"23,386",100% bearish,of 1 rating,$28
CAVM,$65.75,1440170438588,"161,170",67% bearish,of 3 ratings,$72
CATYW,$10.54,1440170438616,100,100% bearish,of 1 rating,N/A
CVCO,$71.71,1440170438664,"16,335",100% bearish,of 1 rating,N/A
CBFV,$20.56,1440170438694,"3,764",Not yet rated,NULL,N/A
CNLMR,NULL,1440170438861,0,Not yet rated,NULL,N/A
CNLMW,NULL,1440170438889,0,Not yet rated,NULL,N/A
CNLM,$9.97,1440170438940,"1,292",Not yet rated,NULL,N/A
CNLMU,NULL,1440170438966,0,100% bullish,of 1 rating,N/A
CBOE,$62.1,1440170439070,"120,639",Not yet rated,NULL,$60
CDK,$48.208,1440170439118,"137,393",67% bearish,of 3 ratings,$50
CDW,$38.77,1440170439207,"216,990",75% bullish,of 4 ratings,$44
CPXX,$2.14,1440170439301,"40,483",100% bullish,of 2 ratings,$7
CELGZ,$1.8,1440170439332,500,80% bullish,of 5 ratings,N/A
CELG,$122.31,1440170439354,"1,841,699",92% bullish,of 13 ratings,$155.50
CECE,$9.52,1440170439384,"37,599",50% bullish,of 2 ratings,$16
CLRB,$3.0011,1440170439620,"1,107",100% bearish,of 1 rating,N/A
CLDN,$1.0495,1440170439667,"79,523",71% bullish,of 7 ratings,$3
CLLS,$30.31,1440170439698,"69,035",75% bullish,of 4 ratings,$51.50
CLRBW,$0.94,1440170439719,200,Not yet rated,NULL,N/A
CLDX,$13.78,1440170439758,"856,391",89% bullish,of 9 ratings,$36
CLTX,$2.8101,1440170439855,"1,166,642",100% bullish,of 2 ratings,N/A
CLSN,$1.9499,1440170439887,"59,208",80% bullish,of 10 ratings,$7.50
CBMG,$22.19,1440170439993,"27,857",50% bullish,of 2 ratings,N/A
CYAD,$50.42,1440170440095,200,100% bullish,of 1 rating,$87.50
CEMP,$34.3,1440170440226,"243,692",71% bullish,of 7 ratings,$52
CETX,$2.52,1440170440254,"9,100",Not yet rated,NULL,$5.60
CSFL,$13.95,1440170440282,"82,472",Not yet rated,NULL,$15
CFBK,NULL,1440170440315,0,Not yet rated,NULL,N/A
CENT,$12.21,1440170440417,"12,647",Not yet rated,NULL,$10
CETV,$2.02,1440170440445,"111,959",67% bullish,of 3 ratings,$2.80
CENTA,$12.79,1440170440576,"72,297",Not yet rated,NULL,N/A
CNBKA,$40.4,1440170440706,"3,819",100% bullish,of 1 rating,N/A
CENX,$5.14,1440170440736,"537,395",67% bullish,of 6 ratings,$9
CNTY,$6.085,1440170440762,"2,292",80% bullish,of 5 ratings,$7.75
CPHD,$47.475,1440170440793,"210,588",50% bullish,of 2 ratings,$66.50
CRNT,$1.3572,1440170440868,"105,674",50% bullish,of 2 ratings,$2
CVCY,$10.96,1440170440923,5,Not yet rated,NULL,$12
CERE,$1.158,1440170440976,"169,679",88% bullish,of 8 ratings,N/A
CERS,$4.71,1440170441207,"304,330",75% bullish,of 4 ratings,$7
CERN,$62.31,1440170441234,"529,369",67% bullish,of 3 ratings,$79
CERU,$3.35,1440170441262,"13,264",75% bullish,of 4 ratings,$15
CEVA,$18.15,1440170441290,"20,202",100% bearish,of 1 rating,$25
KOOL,$0.71,1440170441316,"1,900",100% bullish,of 5 ratings,$7
CYOU,$20.04,1440170441452,"232,117",50% bullish,of 6 ratings,$24
HOTR,$1.2996,1440170441495,"47,386",100% bullish,of 2 ratings,$5
CTHR,$1.1724,1440170441583,"43,840",50% bullish,of 2 ratings,$2.50
CHTR,$178.22,1440170441721,"267,291",100% bearish,of 2 ratings,$196
GTLS,$22.657,1440170441792,"128,235",50% bullish,of 4 ratings,$40
CHFN,$12.48,1440170441820,"21,870",Not yet rated,NULL,$14
HOTRW,NULL,1440170441874,0,Not yet rated,NULL,N/A
CHEK,NULL,1440170442007,0,Not yet rated,NULL,$7.75
CEMI,$4.3,1440170442050,"1,914",50% bullish,of 2 ratings,$7.50
CHEKW,NULL,1440170442210,0,Not yet rated,NULL,N/A
CHFC,$31.66,1440170442254,"47,550",100% bearish,of 1 rating,$36
CCXI,$6.71,1440170442365,"50,212",67% bullish,of 3 ratings,$14
CHKE,$25.56,1440170442434,"15,857",100% bearish,of 1 rating,$32.50
CHKP,$78.74,1440170442456,"268,261",50% bullish,of 4 ratings,$92
CHEV,$14.36,1440170442492,"5,900",Not yet rated,NULL,N/A
CHMG,$26.6,1440170442532,700,Not yet rated,NULL,$30
CHMA,$24.02,1440170442592,"63,885",Not yet rated,NULL,$40
CBNK,$16.51,1440170442672,215,100% bearish,of 1 rating,N/A
PLCE,$59.81,1440170442804,"155,161",100% bearish,of 1 rating,$71
CMRX,$44.49,1440170442829,"177,536",50% bullish,of 2 ratings,$57
CALI,$0.934,1440170442986,776,67% bullish,of 3 ratings,N/A
CBAK,$1.8001,1440170443041,"19,315",67% bullish,of 9 ratings,N/A
CADC,NULL,1440170443073,0,78% bullish,of 9 ratings,N/A
CAAS,$6.51,1440170443095,"22,221",93% bullish,of 14 ratings,$11.50
CBPO,$100.56,1440170443173,"111,505",75% bullish,of 8 ratings,$140.50
CCCR,$0.751,1440170443227,300,67% bearish,of 3 ratings,N/A
CCCL,NULL,1440170443262,0,100% bullish,of 6 ratings,N/A
JRJC,$3.96,1440170443392,"120,463",82% bullish,of 11 ratings,N/A
CHOP,$1.1,1440170443442,"8,001",50% bullish,of 2 ratings,N/A
HGSH,$1.8999,1440170443476,"11,000",67% bullish,of 3 ratings,N/A
CHLN,$2.0001,1440170443576,"4,578",67% bullish,of 3 ratings,N/A
CNIT,$1.515,1440170443603,"16,380",67% bullish,of 6 ratings,N/A
CJJD,$1.92,1440170443672,"25,176",100% bullish,of 1 rating,N/A
CHNR,$2.04,1440170443805,200,100% bearish,of 1 rating,N/A
CREG,$0.7373,1440170443886,"24,453",100% bullish,of 3 ratings,N/A
HTHT,$25.2,1440170443919,"40,405",50% bullish,of 2 ratings,$28
CPGI,$6.85,1440170444024,200,Not yet rated,NULL,N/A
CSUN,$1.4,1440170444119,"4,998",80% bullish,of 5 ratings,N/A
CNYD,NULL,1440170444146,0,67% bullish,of 3 ratings,N/A
CXDC,$6.2,1440170444172,"15,725",67% bullish,of 3 ratings,N/A
CCIH,$6.005,1440170444199,"263,975",67% bullish,of 6 ratings,$12.65
CNTF,$0.8916,1440170444227,"73,202",Not yet rated,NULL,N/A
IMOS,$15.94,1440170444396,"41,547",60% bullish,of 5 ratings,$21.50
CNET,$0.8479,1440170444428,"17,838",50% bullish,of 2 ratings,N/A
CHSCM,$25.95,1440170444561,"12,245",Not yet rated,NULL,N/A
CHSCL,$27.18,1440170444716,"8,230",Not yet rated,NULL,N/A
CHSCP,$30.3399,1440170444752,854,Not yet rated,NULL,N/A
CHSCN,$27.13,1440170444778,"1,462",Not yet rated,NULL,N/A
CHSCO,$28.35,1440170444804,"6,322",Not yet rated,NULL,N/A
CHDN,$132,1440170444941,"29,314",Not yet rated,NULL,$165
CDTX,$14.15,1440170444968,"6,453",Not yet rated,NULL,$22
CHUY,$32.11,1440170444996,"70,305",50% bullish,of 2 ratings,$34
CMCT,$15.7855,1440170445123,267,100% bearish,of 1 rating,N/A
CIFC,$6.9,1440170445218,"7,398",Not yet rated,NULL,N/A
CMPR,$67.99,1440170445250,"165,430",50% bullish,of 2 ratings,$72.50
CINF,$54.53,1440170445272,"179,535",50% bullish,of 4 ratings,$50.50
CIDM,$0.64,1440170445312,"19,534",50% bullish,of 2 ratings,$2.10
CTAS,$85.8998,1440170445406,"148,287",100% bearish,of 1 rating,$91
CPHR,$6.2,1440170445432,600,100% bearish,of 1 rating,$16
CRUS,$27.41,1440170445762,"323,071",75% bullish,of 12 ratings,$44.50
CTRN,$27.91,1440170445788,"40,942",100% bearish,of 1 rating,$31.50
CSCO,$26.991,1440170445815,"10,981,051",84% bullish,of 208 ratings,$32
CZNC,$19.663,1440170445886,"8,387",Not yet rated,NULL,N/A
CTXS,$75.46,1440170446022,"395,117",86% bullish,of 7 ratings,$80
CZWI,NULL,1440170446061,0,Not yet rated,NULL,N/A
CIZN,NULL,1440170446089,0,Not yet rated,NULL,N/A
CIVB,$10.323,1440170446262,885,Not yet rated,NULL,$11
CZFC,NULL,1440170446325,0,Not yet rated,NULL,N/A
CDTI,$1.5432,1440170446361,"27,527",75% bullish,of 4 ratings,$3.20
CHCO,$47.14,1440170446383,"24,455",Not yet rated,NULL,$46
CIVBP,NULL,1440170446469,0,Not yet rated,NULL,N/A
CLNE,$4.1585,1440170446510,"440,117",80% bullish,of 15 ratings,$9
CLNT,$1.62,1440170446609,"10,300",75% bullish,of 8 ratings,N/A
CLFD,$16.61,1440170446706,"21,986",67% bullish,of 3 ratings,$18
CLRO,$11.83,1440170446736,"1,758",50% bullish,of 2 ratings,$14.25
CLIR,$5.08,1440170446880,900,100% bullish,of 3 ratings,N/A
CBLI,$3.89,1440170446946,"24,390",60% bullish,of 5 ratings,N/A
CLVS,$70.38,1440170447116,"130,561",60% bullish,of 5 ratings,$101.50
CSBK,$13.66,1440170447145,"19,760",Not yet rated,NULL,N/A
CMFN,$11.77,1440170447176,"5,024",100% bearish,of 1 rating,$15.50
CME,$93.63,1440170447310,"427,659",67% bullish,of 3 ratings,$102
CCNE,$17.19,1440170447351,"17,958",50% bullish,of 2 ratings,$21.50
CISG,$7.87,1440170447413,"31,754",100% bullish,of 5 ratings,$10
CNV,$4.6,1440170447447,"4,800",50% bullish,of 2 ratings,$7.15
CWAY,$11.32,1440170447476,204,Not yet rated,NULL,N/A
COKE,$153.3,1440170447645,"14,023",79% bullish,of 19 ratings,N/A
COBZ,$12.89,1440170447678,"26,063",100% bullish,of 1 rating,$14
CDRB,$12,1440170447746,"4,106",67% bullish,of 3 ratings,N/A
JVA,$4.6301,1440170447841,"7,350",83% bullish,of 6 ratings,$7
CDXS,$3.93,1440170447869,"3,739",64% bullish,of 11 ratings,$6
CCOI,$28.18,1440170447897,"116,358",50% bullish,of 4 ratings,$35
CGNT,$1.632,1440170448028,"13,110",100% bullish,of 2 ratings,$2
CVLY,NULL,1440170448057,0,Not yet rated,NULL,N/A
CGNX,$36.02,1440170448080,"217,996",50% bullish,of 2 ratings,$47
CTSH,$64.8301,1440170448118,"970,982",90% bullish,of 10 ratings,$75
CHRS,$29.33,1440170448217,"72,364",67% bearish,of 3 ratings,$37
COHU,$9.55,1440170448270,"35,562",100% bearish,of 1 rating,$14.25
COHR,$57.31,1440170448296,"50,958",50% bullish,of 2 ratings,$72
CLRX,$0.5098,1440170448484,"33,968",50% bullish,of 2 ratings,N/A
CLCT,$18.15,1440170448522,"22,132",100% bearish,of 1 rating,N/A
COLL,$14.82,1440170448551,"20,648",100% bearish,of 1 rating,$26
CBAN,$8.75,1440170448619,300,Not yet rated,NULL,N/A
CIGI,$44.74,1440170448647,"2,308",100% bearish,of 1 rating,$52
COLB,$31.05,1440170448677,"106,591",Not yet rated,NULL,$36
CLCD,$7.1516,1440170448808,"5,591",100% bearish,of 1 rating,$20.50
COLM,$62.49,1440170448869,"80,209",100% bearish,of 1 rating,$71
CMCSA,$57.36,1440170449000,"4,351,868",66% bullish,of 35 ratings,$69.50
CMCO,$19.56,1440170449035,"26,689",60% bullish,of 5 ratings,$28
CMCSK,$58.06,1440170449057,"877,622",Not yet rated,NULL,$84
CBMX,$1.1201,1440170449079,"8,247",83% bullish,of 6 ratings,$3.15
CBSH,$45.25,1440170449117,"79,756",50% bullish,of 2 ratings,$46
CBSHP,$25.1901,1440170449264,916,100% bearish,of 1 rating,N/A
COMM,$29.74,1440170449448,"205,882",67% bearish,of 3 ratings,$35
CVGI,$4.63,1440170449474,"44,988",50% bullish,of 2 ratings,$6
CUBN,$13.8,1440170449501,"1,185",Not yet rated,NULL,N/A
JCS,NULL,1440170449527,0,67% bullish,of 3 ratings,N/A
CSAL,$21.103,1440170449554,"193,976",75% bullish,of 4 ratings,$30
CTBI,$34.826,1440170449765,"22,799",Not yet rated,NULL,$36
CYHHZ,$0.0123,1440170449794,"3,200",100% bullish,of 1 rating,N/A
CWBC,$6.75,1440170449832,810,Not yet rated,NULL,N/A
ESXB,$5.0856,1440170449862,"10,683",Not yet rated,NULL,N/A
CVLT,$36.27,1440170449925,"131,615",75% bullish,of 4 ratings,$44.50
CIL,NULL,1440170449958,0,Not yet rated,NULL,N/A
CIZ,$33.8685,1440170449979,"1,729",100% bearish,of 1 rating,N/A
COB,$10.58,1440170450014,"17,442",100% bullish,of 1 rating,$11.75
CID,NULL,1440170450160,0,Not yet rated,NULL,N/A
CSA,NULL,1440170450190,0,Not yet rated,NULL,N/A
CDC,$35.51,1440170450298,"8,491",Not yet rated,NULL,N/A
CSF,$36.8766,1440170450428,"2,094",100% bearish,of 1 rating,N/A
CDL,NULL,1440170450519,0,Not yet rated,NULL,N/A
CFA,NULL,1440170450547,0,100% bearish,of 1 rating,N/A
CFO,$36.028,1440170450579,"9,803",100% bearish,of 1 rating,N/A
CGEN,$5.1083,1440170450682,"32,400",50% bullish,of 2 ratings,$11
CPSI,$45.33,1440170450717,"24,377",100% bearish,of 1 rating,$45.50
SCOR,$57.675,1440170450739,"133,432",100% bearish,of 1 rating,$66
CSB,NULL,1440170450772,0,Not yet rated,NULL,N/A
CTG,$6.71,1440170450825,"7,622",100% bearish,of 1 rating,$8.50
CHCI,$0.654,1440170450903,"11,500",50% bullish,of 2 ratings,N/A
CMTL,$26.346,1440170450966,"26,918",100% bearish,of 2 ratings,$37
CNSI,$18.84,1440170451098,"90,845",100% bearish,of 2 ratings,$29
CNAT,$3.94,1440170451142,"75,065",83% bullish,of 6 ratings,$13
CXRX,$73,1440170451238,"2,794",Not yet rated,NULL,$90
CNCE,$15.17,1440170451326,"90,597",75% bullish,of 4 ratings,$22
CCUR,$5.1398,1440170451518,"3,878",75% bullish,of 4 ratings,N/A
CDOR,$1.41,1440170451547,3,100% bullish,of 1 rating,N/A
CDORP,NULL,1440170451579,0,100% bearish,of 1 rating,N/A
CDORO,NULL,1440170451608,0,100% bearish,of 1 rating,N/A
CNFR,$10.45,1440170451675,"2,116",Not yet rated,NULL,N/A
CFMS,$20.5742,1440170451706,"69,846",Not yet rated,NULL,$27
CTWS,$34.69,1440170451750,"18,569",100% bearish,of 1 rating,$44
CNMD,$54.92,1440170451834,"39,140",Not yet rated,NULL,$59
CNOB,$19.6,1440170451936,"39,890",100% bullish,of 1 rating,$23.50
CNXR,$6.19,1440170452038,"10,659",100% bearish,of 1 rating,$12
CNSL,$20.03,1440170452144,"111,532",100% bearish,of 1 rating,$23
CWCO,$10.65,1440170452203,"70,924",67% bullish,of 3 ratings,$14.50
CONN,$30.85,1440170452229,"132,512",67% bullish,of 3 ratings,$48.50
CPSS,$5.44,1440170452272,"20,725",100% bullish,of 1 rating,$10
CFRX,$4.935,1440170452423,"9,565",Not yet rated,NULL,$14
CTCT,$24.04,1440170452493,"105,306",67% bullish,of 3 ratings,$37
CFRXW,NULL,1440170452520,0,100% bearish,of 1 rating,N/A
CTRV,$3.64,1440170452550,"13,083",Not yet rated,NULL,$6.40
CFRXZ,NULL,1440170452578,0,Not yet rated,NULL,N/A
CTRL,$7.84,1440170452765,"44,994",50% bullish,of 2 ratings,$11
CRBP,$2.07,1440170452792,"509,796",100% bullish,of 2 ratings,$6.25
CPRT,$34.81,1440170452814,"59,061",67% bearish,of 3 ratings,$40
CORT,$4.56,1440170452947,"216,370",67% bullish,of 3 ratings,$12
BVA,NULL,1440170452973,0,50% bullish,of 2 ratings,N/A
CORE,$61.2,1440170453104,"30,554",100% bearish,of 1 rating,$72
CORI,$10.38,1440170453132,"23,000",100% bearish,of 1 rating,$18
CRVL,$31.915,1440170453163,"13,598",100% bearish,of 1 rating,N/A
CSOD,$36.845,1440170453262,"153,827",50% bullish,of 2 ratings,$42
COSI,$1.12,1440170453366,"29,410",100% bullish,of 1 rating,N/A
COST,$142.02,1440170453396,"826,828",83% bullish,of 24 ratings,$154.50
CPAH,$0.4625,1440170453442,300,50% bullish,of 2 ratings,N/A
CSGP,$184.265,1440170453475,"13,056",50% bullish,of 2 ratings,$235
ICBK,NULL,1440170453571,0,Not yet rated,NULL,$21
COVS,$2.56,1440170453604,"51,926",67% bullish,of 3 ratings,N/A
CVTI,$22.68,1440170453635,"32,816",67% bearish,of 3 ratings,$39
COWNL,$28,1440170453813,200,Not yet rated,NULL,N/A
CRAI,$22.2,1440170453917,"16,110",Not yet rated,NULL,$36
BREW,$7.36,1440170454006,"24,719",67% bullish,of 6 ratings,$15
COWN,$5.12,1440170454032,"268,515",75% bullish,of 4 ratings,$7
CPSH,NULL,1440170454061,0,Not yet rated,NULL,N/A
CBRL,$144.7542,1440170454092,"155,437",50% bullish,of 2 ratings,$155
CACC,$192.71,1440170454124,"24,431",50% bullish,of 2 ratings,$158.50
CRAY,$20.58,1440170454146,"112,706",83% bullish,of 6 ratings,$38.50
GLDI,$11.07,1440170454196,"28,570",100% bearish,of 1 rating,N/A
CRESY,$10.555,1440170454442,"3,294",100% bearish,of 1 rating,$19
CREE,$25.03,1440170454543,"297,153",65% bullish,of 17 ratings,$29.50
CRTO,$44.705,1440170454595,"218,833",67% bullish,of 6 ratings,$64
SLVO,$10.371,1440170454621,"1,000",100% bearish,of 1 rating,N/A
CCRN,$14.07,1440170454643,"75,911",100% bearish,of 1 rating,$14.25
CROX,$13.89,1440170454676,"264,824",63% bullish,of 8 ratings,$16.50
CRDS,$1,1440170454805,"4,840",50% bullish,of 4 ratings,$4.50
CRWS,$8,1440170454863,15,Not yet rated,NULL,$10
CYRX,$3.13,1440170454895,"1,200",Not yet rated,NULL,$9
CSGS,$31.09,1440170454994,"66,539",Not yet rated,NULL,$40
CYRXW,$0.9501,1440170455060,100,Not yet rated,NULL,N/A
CRWN,$4.44,1440170455153,"80,859",75% bullish,of 4 ratings,N/A
CSPI,$6.18,1440170455185,"1,400",67% bullish,of 3 ratings,N/A
CCLP,$13.95,1440170455213,"34,022",67% bearish,of 3 ratings,$21
CTCM,$1.71,1440170455359,"76,314",80% bearish,of 5 ratings,$3.90
CTIC,$1.66,1440170455438,"1,175,522",84% bullish,of 76 ratings,$5.75
CTIB,NULL,1440170455537,0,100% bearish,of 1 rating,N/A
CUNB,$22,1440170455565,"25,438",Not yet rated,NULL,$24.50
CUI,$5.02,1440170455595,"13,291",50% bullish,of 2 ratings,$10
CMLS,$1.27,1440170455697,"410,081",50% bullish,of 4 ratings,$6
CRIS,$2.47,1440170455777,"243,021",100% bullish,of 8 ratings,$6
CPIX,$5.8,1440170455807,"2,515",Not yet rated,NULL,N/A
CTRP,$64.3994,1440170455838,"700,940",75% bullish,of 8 ratings,$92
CVV,$11.6501,1440170455949,"12,930",100% bullish,of 5 ratings,N/A
CVBF,$16.55,1440170455978,"213,999",Not yet rated,NULL,$18
CUTR,$14.16,1440170456015,"21,496",67% bearish,of 3 ratings,$18
CYAN,$7.1008,1440170456054,940,100% bearish,of 1 rating,N/A
CYBR,$51.26,1440170456231,"1,044,908",86% bullish,of 7 ratings,$66
CYBE,$5.95,1440170456331,"2,150",100% bearish,of 1 rating,N/A
CYBX,$66.43,1440170456360,"255,529",50% bullish,of 4 ratings,$70
CYCC,$0.5969,1440170456390,"31,933",73% bullish,of 11 ratings,N/A
CYNA,$15.75,1440170456493,"9,528",100% bullish,of 1 rating,$31.50
CYNO,$32.045,1440170456562,"71,609",67% bearish,of 3 ratings,$45.50
CYCCP,NULL,1440170456642,0,100% bearish,of 1 rating,N/A
CBAY,$2.61,1440170456669,"24,293",100% bullish,of 1 rating,$4
CY,$9.38,1440170456726,"1,034,910",80% bullish,of 10 ratings,$15.50
CYRN,$1.62,1440170456799,"19,933",67% bullish,of 3 ratings,$4
CONE,$32.96,1440170456827,"185,767",67% bearish,of 3 ratings,$35
CYTK,$6.49,1440170456884,"83,386",71% bullish,of 14 ratings,$13.50
CYTX,$0.37,1440170456983,"372,961",83% bullish,of 12 ratings,$5.50
CTSO,$7.03,1440170457010,"31,208",Not yet rated,NULL,$15.625
CYTR,$2.1499,1440170457181,"409,762",67% bullish,of 6 ratings,$10
TVIZ,$14.3227,1440170457254,"1,660",100% bearish,of 1 rating,N/A
XIV,$38.581,1440170457326,"9,416,638",75% bearish,of 4 ratings,N/A
DAEG,$0.3698,1440170457355,"2,000",100% bearish,of 1 rating,N/A
TVIX,$8.2701,1440170457389,"7,651,390",81% bullish,of 16 ratings,N/A
DJCO,$198.1,1440170457484,"1,380",Not yet rated,NULL,N/A
ZIV,$46.36,1440170457513,"53,510",Not yet rated,NULL,N/A
DAIO,$2.5899,1440170457589,"2,600",Not yet rated,NULL,N/A
DAKT,$11.45,1440170457617,"74,641",50% bullish,of 2 ratings,$14
DARA,$0.8521,1440170457770,"33,101",83% bullish,of 6 ratings,$1.50
DRAM,NULL,1440170457796,0,78% bullish,of 9 ratings,N/A
DTLK,$5.44,1440170457823,"39,905",100% bearish,of 1 rating,$9
DWCH,$4.924,1440170457855,"13,655",75% bullish,of 4 ratings,$8.25
PLAY,$34.31,1440170458004,"108,708",100% bullish,of 5 ratings,$42
DWSN,$4.019,1440170458059,"10,338",67% bullish,of 3 ratings,$6
DTEA,$13.5,1440170458085,"42,793",100% bearish,of 2 ratings,$24
DBVT,$39.47,1440170458238,"53,966",100% bearish,of 1 rating,$53
DHRM,NULL,1440170458268,0,Not yet rated,NULL,N/A
TACO,$12.99,1440170458291,"87,918",100% bullish,of 3 ratings,$20
TRAK,$62.94,1440170458313,"476,643",50% bullish,of 2 ratings,$62.50
DFRG,$14.37,1440170458340,"70,829",100% bearish,of 1 rating,$20
TACOW,$4.2,1440170458492,600,100% bullish,of 1 rating,N/A
DCTH,$0.4781,1440170458520,"43,251",78% bullish,of 9 ratings,N/A
DGAS,$20.23,1440170458553,913,67% bearish,of 3 ratings,N/A
DELT,NULL,1440170458654,0,Not yet rated,NULL,N/A
DELTW,NULL,1440170458680,0,Not yet rated,NULL,N/A
XRAY,$54.29,1440170458707,"165,649",100% bullish,of 1 rating,$58
DENN,$11.85,1440170458729,"184,718",100% bullish,of 3 ratings,$15
DEPO,$28.8,1440170458904,"336,653",60% bullish,of 5 ratings,$29
DSCI,$6.45,1440170458962,"31,570",50% bullish,of 2 ratings,$16
DEST,$11.59,1440170459057,"7,656",50% bullish,of 2 ratings,N/A
DERM,$24.07,1440170459088,"141,687",100% bearish,of 1 rating,$33.50
DXLG,$4.56,1440170459144,"35,074",100% bearish,of 1 rating,$8
DXCM,$89.5575,1440170459165,"359,052",57% bullish,of 7 ratings,$98
DSWL,$1.75,1440170459187,"4,107",100% bullish,of 1 rating,N/A
DHXM,NULL,1440170459322,0,Not yet rated,NULL,N/A
DXM,$0.3096,1440170459344,"7,200",50% bullish,of 2 ratings,N/A
DHIL,$180.013,1440170459480,"5,581",Not yet rated,NULL,N/A
DMND,$29.79,1440170459534,"78,315",75% bullish,of 12 ratings,$32
FANG,$67.23,1440170459572,"232,726",50% bullish,of 2 ratings,$86
DCIX,$1.73,1440170459612,"6,531",50% bullish,of 4 ratings,$3.50
DGII,$9.98,1440170459783,"43,118",100% bearish,of 1 rating,$10
DRNA,$9.97,1440170459821,"39,562",67% bearish,of 3 ratings,$25
DRAD,$3.86,1440170459885,"5,451",100% bullish,of 1 rating,$5.25
DGLY,$6.85,1440170459912,"94,053",50% bullish,of 6 ratings,$20
DMRC,$34.87,1440170459964,"23,242",100% bearish,of 1 rating,$44
APPS,$2.355,1440170460049,"87,486",100% bearish,of 1 rating,$10.25
DIOD,$19.37,1440170460150,"80,991",75% bearish,of 4 ratings,$24
DCOM,$16.75,1440170460178,"46,125",100% bearish,of 2 ratings,$16.50
DISCA,$26.86,1440170460244,"803,663",67% bullish,of 3 ratings,$34
DISCB,NULL,1440170460387,0,100% bearish,of 1 rating,$35
DISCK,$25.7,1440170460419,"629,546",100% bearish,of 1 rating,$32
DPRX,$12.165,1440170460528,102,100% bullish,of 2 ratings,$27.75
DISH,$61.78,1440170460561,"551,725",69% bullish,of 13 ratings,$73
BAGR,$3.085,1440170460583,"8,995",100% bearish,of 1 rating,$6
DVCR,$10.17,1440170460616,"5,783",100% bullish,of 1 rating,N/A
DSCO,$0.435,1440170460662,"33,856",83% bullish,of 6 ratings,$2.75
DLHC,$2.31,1440170460795,"5,016",100% bearish,of 1 rating,N/A
DGICA,$14.32,1440170460930,"10,710",100% bearish,of 1 rating,$17
DNBF,$27.45,1440170460957,"6,927",Not yet rated,NULL,$27.50
DLTR,$78.05,1440170461001,"746,270",82% bullish,of 11 ratings,$88
DGICB,NULL,1440170461029,0,100% bearish,of 1 rating,N/A
DMLP,$13.8003,1440170461156,"16,158",100% bearish,of 1 rating,N/A
DORM,$50.1101,1440170461238,"85,264",100% bearish,of 1 rating,$56
HILL,$9.6801,1440170461310,"580,848",60% bearish,of 5 ratings,$9.75
DWA,$18.57,1440170461395,"263,043",63% bullish,of 8 ratings,$26
DRWI,$0.261,1440170461467,"89,844",60% bullish,of 5 ratings,$.45
DSKX,$3.52,1440170461529,"54,387",100% bullish,of 1 rating,N/A
DSPG,$8.64,1440170461558,"38,344",100% bearish,of 1 rating,$13.50
DRWIW,$0.062,1440170461579,110,Not yet rated,NULL,N/A
DRYS,$0.3447,1440170461617,"572,047",77% bullish,of 31 ratings,$.60
CADT,$10.02,1440170461709,103,Not yet rated,NULL,N/A
CADTR,NULL,1440170461748,0,Not yet rated,NULL,N/A
CADTU,NULL,1440170461947,0,Not yet rated,NULL,N/A
DTSI,$26.16,1440170461994,"35,842",100% bearish,of 2 ratings,$39.50
DNKN,$49.86,1440170462025,"357,917",67% bullish,of 15 ratings,$56.50
CADTW,NULL,1440170462046,0,Not yet rated,NULL,N/A
DRRX,$2,1440170462176,"199,687",50% bullish,of 6 ratings,$3
DXPE,$28.38,1440170462205,"35,253",50% bullish,of 2 ratings,N/A
DYAX,$22.35,1440170462235,"311,930",89% bullish,of 9 ratings,$30
DYNT,$2.86,1440170462332,100,75% bullish,of 4 ratings,N/A
BOOM,$10.11,1440170462380,"12,299",67% bullish,of 3 ratings,$12
DYSL,$1.5001,1440170462417,"59,373",100% bullish,of 2 ratings,N/A
DVAX,$27.155,1440170462443,"137,804",70% bullish,of 10 ratings,$40
EBMT,$11.5,1440170462615,"15,804",Not yet rated,NULL,$13.50
EGBN,$42.833,1440170462648,"44,116",Not yet rated,NULL,$48
ETFC,$25.8811,1440170462750,"958,781",57% bullish,of 14 ratings,$33
EGLE,$6.027,1440170462884,"24,851",60% bullish,of 5 ratings,N/A
EROC,$1.08,1440170462910,"178,618",50% bullish,of 2 ratings,$3
EGRX,$63.93,1440170462941,"145,335",67% bullish,of 3 ratings,$97
ELNK,$8.54,1440170463044,"349,386",60% bullish,of 5 ratings,$9.50
EACQU,NULL,1440170463109,0,Not yet rated,NULL,N/A
EWBC,$41.72,1440170463183,"302,295",100% bearish,of 1 rating,$50
EBAY,$26.2681,1440170463211,"3,881,037",81% bullish,of 117 ratings,$48
EML,$16.65,1440170463278,"2,818",Not yet rated,NULL,N/A
EVBS,$6.4501,1440170463307,684,Not yet rated,NULL,$7
ELON,$0.545,1440170463362,"24,375",50% bullish,of 2 ratings,N/A
ECHO,$24.89,1440170463533,"129,782",67% bearish,of 3 ratings,$35.50
ECTE,$1.4601,1440170463632,"14,086",75% bullish,of 4 ratings,N/A
EBIX,$28.46,1440170463677,"125,728",69% bullish,of 13 ratings,$40
SATS,$44.06,1440170463706,"34,862",50% bullish,of 2 ratings,$60
EEI,$11.2,1440170463734,"1,419",67% bearish,of 3 ratings,N/A
ECACU,$10.05,1440170463756,"1,319",Not yet rated,NULL,N/A
EDAP,$3.1001,1440170463890,"63,637",60% bullish,of 5 ratings,$4.50
ESES,$3.24,1440170463954,414,100% bearish,of 1 rating,$7
EGAN,$3.52,1440170464113,566,50% bullish,of 2 ratings,$6.25
EGLT,$11.24,1440170464144,"6,395",50% bullish,of 2 ratings,$21
EDGW,$7.09,1440170464180,"1,009",100% bearish,of 1 rating,N/A
EDUC,$4.55,1440170464202,"5,555",100% bearish,of 1 rating,N/A
EFUT,NULL,1440170464272,0,Not yet rated,NULL,N/A
EHTH,$14.06,1440170464301,"65,903",50% bullish,of 4 ratings,$16.50
LOCO,$12.265,1440170464345,"383,780",69% bullish,of 13 ratings,$20
EMITF,$1.26,1440170464514,"2,900",75% bullish,of 4 ratings,N/A
ESLT,$81.556,1440170464646,812,100% bullish,of 2 ratings,N/A
ELRC,$10.28,1440170464682,"37,559",100% bearish,of 1 rating,N/A
ERI,$9.43,1440170464713,"64,097",100% bearish,of 1 rating,$10
EA,$66.07,1440170464783,"1,411,277",77% bullish,of 35 ratings,$80
ESIO,$4.5,1440170464812,"16,696",50% bullish,of 2 ratings,$10
EFII,$44.09,1440170464841,"94,775",80% bullish,of 5 ratings,$55
ELEC,NULL,1440170464869,0,Not yet rated,NULL,N/A
ELSE,$4.02,1440170464895,"1,000",60% bullish,of 5 ratings,N/A
ELECU,NULL,1440170465089,0,Not yet rated,NULL,N/A
ELECW,NULL,1440170465246,0,Not yet rated,NULL,N/A
RDEN,$10.3,1440170465280,"48,309",100% bearish,of 4 ratings,$15
EBIO,$3.5671,1440170465310,"594,172",100% bearish,of 2 ratings,$8.35
LONG,$17.1099,1440170465344,"5,200",67% bullish,of 3 ratings,$15.75
ESBK,$19.8,1440170465414,526,Not yet rated,NULL,N/A
CAPX,$23.0299,1440170465439,100,Not yet rated,NULL,N/A
EMCI,$23.28,1440170465568,"7,676",Not yet rated,NULL,N/A
ELTK,$1.13,1440170465597,"1,600",67% bearish,of 3 ratings,N/A
EMMS,$1.2401,1440170465763,"1,300",67% bullish,of 6 ratings,N/A
EMKR,$7,1440170465822,"30,280",75% bullish,of 4 ratings,$8.50
NYNY,$4.02,1440170465850,"22,772",50% bullish,of 2 ratings,N/A
EMCF,NULL,1440170465872,0,100% bearish,of 1 rating,N/A
EMMSP,NULL,1440170465908,0,100% bearish,of 1 rating,N/A
ERS,NULL,1440170465936,0,Not yet rated,NULL,N/A
ENTA,$38.81,1440170466006,"51,869",50% bullish,of 2 ratings,$42
WIRE,$32.82,1440170466250,"45,214",100% bearish,of 1 rating,$37
ECYT,$5.11,1440170466278,"114,259",83% bullish,of 6 ratings,$12
ENDP,$78.18,1440170466339,"460,354",50% bullish,of 6 ratings,$104
EIGI,$15.18,1440170466508,"270,770",67% bearish,of 3 ratings,$22.50
ECPG,$38.52,1440170466545,"52,462",100% bullish,of 2 ratings,$52
WATT,$6.83,1440170466567,"24,220",50% bullish,of 2 ratings,$13
ELGX,$12.95,1440170466598,"268,241",75% bullish,of 4 ratings,$17
ERII,$2.85,1440170466641,"17,058",80% bullish,of 5 ratings,$2.50
EFOI,$16.6399,1440170466668,"97,218",50% bullish,of 2 ratings,$20.50
ENOC,$7.92,1440170466745,"81,497",75% bullish,of 4 ratings,$18
EXXI,$1.4401,1440170466812,"692,380",86% bullish,of 7 ratings,$3.50
ENPH,$4.5,1440170466984,"163,061",75% bullish,of 4 ratings,$11
ENG,$1.0001,1440170467010,804,100% bullish,of 3 ratings,N/A
ESGR,$151.946,1440170467145,"10,688",100% bearish,of 1 rating,$185
ENTG,$13.76,1440170467173,"217,153",100% bearish,of 1 rating,$18
ENFC,NULL,1440170467199,0,Not yet rated,NULL,N/A
ENTL,$21.26,1440170467225,"7,092",Not yet rated,NULL,$28
EFSC,$24.42,1440170467367,"30,678",Not yet rated,NULL,$27
EBTC,$20.56,1440170467392,"5,415",Not yet rated,NULL,N/A
ETRM,$0.2339,1440170467423,"242,946",69% bearish,of 35 ratings,$1.625
EGT,$2.09,1440170467449,600,100% bullish,of 1 rating,N/A
ENZN,$1.0188,1440170467597,"365,958",100% bullish,of 9 ratings,N/A
ENVI,$1.8,1440170467636,"8,304",67% bullish,of 3 ratings,N/A
ENZY,$8.8208,1440170467742,"6,341",67% bullish,of 3 ratings,$9.50
EPIQ,$13.81,1440170467772,"50,396",100% bearish,of 1 rating,$18
EPZM,$15.929,1440170467879,"114,785",60% bullish,of 5 ratings,$34
EPRS,$4.6101,1440170467911,"31,633",82% bullish,of 11 ratings,$15
PLUS,$77.83,1440170468011,"56,527",50% bullish,of 2 ratings,$88
EQIX,$275.8075,1440170468037,"160,839",67% bullish,of 3 ratings,$312.50
ERIC,$9.935,1440170468105,"539,639",63% bullish,of 8 ratings,$12.20
EAC,$3.662,1440170468183,671,100% bearish,of 1 rating,$8
EQFN,NULL,1440170468210,0,Not yet rated,NULL,N/A
ERIE,$85.67,1440170468287,"4,025",Not yet rated,NULL,$73
ESCA,$18.38,1440170468368,"11,077",100% bearish,of 1 rating,$22
ESCR,$0.185,1440170468420,"25,843",50% bullish,of 2 ratings,N/A
ESCRP,$1.65,1440170468447,900,100% bearish,of 1 rating,N/A
ESMC,NULL,1440170468581,0,Not yet rated,NULL,N/A
ESPR,$54.2701,1440170468621,"512,276",67% bearish,of 9 ratings,$123
ESSA,$12.82,1440170468753,"2,389",100% bearish,of 1 rating,N/A
EPIX,NULL,1440170468783,0,Not yet rated,NULL,N/A
ESND,$35.15,1440170468809,"31,350",50% bullish,of 2 ratings,$40
ESSX,$0.487,1440170468882,"5,690",50% bullish,of 2 ratings,N/A
ETSY,$13.55,1440170468977,"339,933",80% bullish,of 5 ratings,$16
EEFT,$65.16,1440170469008,"100,307",100% bearish,of 1 rating,$67.50
ESEA,$6,1440170469111,406,100% bullish,of 1 rating,$15
CLWT,NULL,1440170469140,0,100% bearish,of 1 rating,N/A
EVEP,$7.2944,1440170469243,"128,139",50% bullish,of 2 ratings,$15
EVLV,$2.15,1440170469276,"26,003",60% bullish,of 5 ratings,$6.50
EVOK,$4.2501,1440170469372,"37,309",100% bearish,of 1 rating,$13.375
EVOL,$6.003,1440170469449,"2,212",75% bullish,of 4 ratings,$10
EXA,$10.64,1440170469526,800,100% bearish,of 1 rating,$13
EXAS,$20.2839,1440170469556,"621,580",78% bullish,of 9 ratings,$31
EVK,$3.6718,1440170469685,201,75% bearish,of 4 ratings,N/A
EXAC,$18.89,1440170469759,"19,840",100% bearish,of 1 rating,$22.50
EXFO,$2.9,1440170469789,"1,100",67% bearish,of 3 ratings,$3.95
EXEL,$5.04,1440170469840,"2,423,826",81% bullish,of 16 ratings,$6
EXLS,$36.65,1440170469866,"31,495",100% bullish,of 1 rating,$41
EXPE,$116.44,1440170469999,"297,947",64% bullish,of 11 ratings,$130
EXPO,$42.53,1440170470031,"42,453",100% bearish,of 1 rating,$45.50
EXPD,$48.725,1440170470096,"373,894",80% bullish,of 5 ratings,$51.50
ESRX,$86.6139,1440170470259,"1,222,142",67% bearish,of 6 ratings,$101
EXTR,$2.9,1440170470286,"304,207",80% bullish,of 5 ratings,$3
EXLP,$18.55,1440170470359,"33,537",100% bearish,of 1 rating,$27
EYEGW,$1.34,1440170470385,600,Not yet rated,NULL,N/A
EYEG,$4.1501,1440170470418,"6,605",Not yet rated,NULL,N/A
EZCH,$21.4701,1440170470514,"34,321",75% bullish,of 8 ratings,$19.50
EZPW,$6,1440170470544,"66,697",50% bullish,of 4 ratings,$7.50
FB,$87.46,1440170470599,"17,123,962",73% bullish,of 1065 ratings,$111
FFIV,$124.838,1440170470627,"210,580",63% bullish,of 8 ratings,$132
FWM,$2.1999,1440170470844,"69,088",100% bearish,of 2 ratings,$3.20
FRP,$17,1440170470873,"22,245",100% bearish,of 1 rating,$18
FCS,$13.4,1440170470910,"422,626",67% bearish,of 3 ratings,$17
FALC,$1.6537,1440170471006,663,63% bearish,of 8 ratings,N/A
FARM,$22.3,1440170471034,"6,930",100% bearish,of 1 rating,$35
DAVE,$14,1440170471061,"9,539",100% bearish,of 1 rating,$15.50
FFKT,$26.43,1440170471233,"6,170",Not yet rated,NULL,$29
FARO,$38.08,1440170471280,"38,398",50% bullish,of 2 ratings,$48
FAST,$39.37,1440170471373,"1,047,862",80% bullish,of 5 ratings,$46
FBSS,NULL,1440170471407,0,Not yet rated,NULL,N/A
FMNB,$8.03,1440170471434,100,Not yet rated,NULL,N/A
FATE,$5.755,1440170471456,"24,961",50% bullish,of 2 ratings,$11
FBRC,$22.38,1440170471490,"1,000",100% bearish,of 1 rating,$29
FEIC,$78.14,1440170471655,"146,935",50% bullish,of 2 ratings,$95.50
FDML,$8.96,1440170471682,"85,056",50% bullish,of 4 ratings,$14
FNHC,$21.92,1440170471709,"34,466",100% bearish,of 1 rating,$35
FENX,$9.57,1440170471749,"21,518",100% bullish,of 1 rating,$14.25
FHCO,$1.4199,1440170471845,"11,204",50% bullish,of 4 ratings,N/A
FCSC,$5.4801,1440170471876,"93,119",100% bearish,of 1 rating,$8.125
ONEQ,$187.32,1440170473316,"19,311",100% bullish,of 1 rating,N/A
FGEN,$22.73,1440170473418,"207,351",100% bearish,of 1 rating,$39
LION,$19.09,1440170473921,"58,758",100% bullish,of 1 rating,$20
FDUS,$14.595,1440170473956,"21,985",100% bullish,of 1 rating,$18
FRGI,$52.25,1440170474090,"55,577",50% bullish,of 2 ratings,$70
FSAM,$8.73,1440170474325,"4,012",100% bearish,of 1 rating,$11
FSCFL,$24.74,1440170474370,"2,564",Not yet rated,NULL,N/A
FITB,$20.005,1440170474418,"2,160,549",54% bullish,of 13 ratings,$22
FSC,$6.41,1440170474446,"312,779",75% bullish,of 4 ratings,$8
FSFR,$8.914,1440170474502,"35,953",100% bearish,of 1 rating,$11.50
FITBI,$27.75,1440170474530,525,Not yet rated,NULL,N/A
FISI,$24.75,1440170474609,"29,465",100% bullish,of 2 ratings,$24.50
FNGN,$32.94,1440170474667,"163,569",67% bullish,of 3 ratings,$47
FNSR,$15.59,1440170474699,"442,303",71% bullish,of 7 ratings,$24.50
FNJN,$1.6421,1440170474833,"4,281",100% bearish,of 1 rating,$5
FNTCU,NULL,1440170474860,0,Not yet rated,NULL,N/A
FNTC,NULL,1440170475107,0,Not yet rated,NULL,N/A
FBNC,$16.88,1440170475181,"26,660",100% bullish,of 1 rating,$20
FNTCW,NULL,1440170475207,0,Not yet rated,NULL,N/A
FEYE,$37.41,1440170475245,"2,819,899",87% bullish,of 15 ratings,$55.50
BUSE,$6.2999,1440170475286,"114,233",Not yet rated,NULL,$6.875
FRBA,$6.06,1440170475344,181,Not yet rated,NULL,$8
FNLC,$18.21,1440170475371,"7,092",100% bullish,of 1 rating,N/A
FCVA,NULL,1440170475416,0,Not yet rated,NULL,N/A
FBIZ,$44,1440170475510,"8,381",100% bearish,of 2 ratings,$52
FCBC,$17.615,1440170475713,"24,644",Not yet rated,NULL,$18
FCLF,NULL,1440170475741,0,Not yet rated,NULL,N/A
FCNCA,$240.52,1440170475767,"11,754",Not yet rated,NULL,N/A
FCFS,$37.76,1440170475793,"42,126",100% bearish,of 2 ratings,$48
FCAP,NULL,1440170475820,0,Not yet rated,NULL,N/A
FCCO,NULL,1440170475998,0,Not yet rated,NULL,$13.25
FFBCW,NULL,1440170476172,0,100% bearish,of 1 rating,N/A
FCFP,$6.9,1440170476206,"1,000",Not yet rated,NULL,N/A
FBNK,$16.65,1440170476229,"32,239",100% bearish,of 1 rating,$17.50
FFNM,$6.31,1440170476263,"2,890",Not yet rated,NULL,N/A
FDEF,$37.86,1440170476285,"20,059",Not yet rated,NULL,$38
FFIN,$30.8801,1440170476324,"136,961",50% bullish,of 2 ratings,$31.75
FFBC,$18.68,1440170476419,"84,343",67% bearish,of 3 ratings,$20.25
THFF,$32.97,1440170476460,"16,268",Not yet rated,NULL,$35
FFNW,$12.33,1440170476656,"5,000",Not yet rated,NULL,$14
FFWM,$21.31,1440170476756,"6,308",Not yet rated,NULL,$24
FMBH,NULL,1440170476833,0,Not yet rated,NULL,N/A
FRME,$25.11,1440170476890,"78,982",Not yet rated,NULL,$26.50
FIBK,$26.97,1440170476912,"35,096",Not yet rated,NULL,$32
INBK,$31.66,1440170476946,"7,568",50% bullish,of 2 ratings,$37
FMBI,$17.65,1440170477043,"140,932",Not yet rated,NULL,$20
FNFG,$9.19,1440170477072,"510,290",80% bullish,of 5 ratings,$9
FNBC,$34.125,1440170477124,"38,404",Not yet rated,NULL,$41.50
FSGI,$2.49,1440170477321,200,Not yet rated,NULL,N/A
FSLR,$46.7432,1440170477353,"645,095",74% bullish,of 39 ratings,$65
FNWB,$12.09,1440170477375,"2,210",Not yet rated,NULL,N/A
FSFG,$30.1754,1440170477455,729,Not yet rated,NULL,N/A
FSBK,$7.73,1440170477535,200,100% bullish,of 1 rating,N/A
BICK,$19.6,1440170477666,"1,198",100% bullish,of 1 rating,N/A
FBZ,NULL,1440170477727,0,Not yet rated,NULL,N/A
FCAN,$24.47,1440170477798,22,Not yet rated,NULL,N/A
FV,$23.4315,1440170477856,"1,351,430",Not yet rated,NULL,N/A
FTCS,$37.24,1440170477889,"8,895",Not yet rated,NULL,N/A
IFV,$17.84,1440170477989,"924,231",100% bearish,of 1 rating,N/A
FEMB,NULL,1440170478074,0,Not yet rated,NULL,N/A
FCA,$20.2754,1440170478130,"2,187",Not yet rated,NULL,N/A
FEUZ,$31.25,1440170478204,"1,790",Not yet rated,NULL,N/A
FTSM,$59.9,1440170478230,"5,613",100% bearish,of 1 rating,N/A
TDIV,$24.884,1440170478252,"203,135",100% bearish,of 1 rating,N/A
FGM,$35.36,1440170478462,"16,493",Not yet rated,NULL,N/A
FTGC,$22.153,1440170478490,"101,423",Not yet rated,NULL,N/A
MDIV,$19.2978,1440170478512,"137,839",Not yet rated,NULL,N/A
FTHI,$19.76,1440170478649,"5,399",Not yet rated,NULL,N/A
FPXI,NULL,1440170478677,0,Not yet rated,NULL,N/A
FHK,$33.1499,1440170478722,"40,985",Not yet rated,NULL,N/A
HYLS,$49.4204,1440170478807,"18,218",100% bearish,of 1 rating,N/A
YDIV,$16.66,1440170478894,"1,892",Not yet rated,NULL,N/A
SKYY,$29.1761,1440170478939,"37,140",100% bullish,of 1 rating,N/A
CU,$12.77,1440170479002,"5,855",100% bearish,of 1 rating,N/A
FJP,$47.07,1440170479082,"17,655",Not yet rated,NULL,N/A
PLTM,NULL,1440170479140,0,100% bearish,of 1 rating,N/A
FTLB,$19.58,1440170479219,843,100% bearish,of 1 rating,N/A
FMB,NULL,1440170479275,0,Not yet rated,NULL,N/A
LMBS,$50.41,1440170479322,900,Not yet rated,NULL,N/A
QABA,$37.75,1440170479455,"26,758",100% bearish,of 1 rating,N/A
QCLN,$14.692,1440170479561,"5,646",Not yet rated,NULL,N/A
FONE,$34.89,1440170479589,600,Not yet rated,NULL,N/A
CIBR,$18.18,1440170479616,"67,308",Not yet rated,NULL,N/A
GRID,$33.62,1440170479641,24,100% bearish,of 1 rating,N/A
RDVY,$21.63,1440170479896,"58,418",Not yet rated,NULL,N/A
QQXT,$40.65,1440170479928,"11,394",Not yet rated,NULL,N/A
QQEW,$41.8343,1440170479949,"49,480",Not yet rated,NULL,N/A
CARZ,$34.82,1440170479988,"2,546",100% bearish,of 1 rating,N/A
AIRR,$16.23,1440170480084,"1,555",100% bearish,of 1 rating,N/A
QTEC,$39.83,1440170480111,"124,383",Not yet rated,NULL,N/A
QINC,$20.94,1440170480145,"1,500",Not yet rated,NULL,N/A
FTSL,$48.7688,1440170480252,"17,515",100% bearish,of 1 rating,N/A
FKO,$22.07,1440170480383,"2,500",Not yet rated,NULL,N/A
FDIV,$47.53,1440170480463,"4,648",100% bearish,of 1 rating,N/A
FTW,NULL,1440170480489,0,Not yet rated,NULL,N/A
FSZ,$39.28,1440170480534,"12,458",Not yet rated,NULL,N/A
FKU,$42.12,1440170480560,"17,947",Not yet rated,NULL,N/A
TUSA,NULL,1440170480738,0,Not yet rated,NULL,N/A
FUNC,$8.23,1440170480772,200,Not yet rated,NULL,N/A
SVVC,$10.4485,1440170480799,"20,558",100% bullish,of 1 rating,$26
FMER,$17.49,1440170480868,"502,664",50% bullish,of 2 ratings,$20
FSV,$32.25,1440170480942,"7,500",Not yet rated,NULL,$33.60
FISV,$86.9,1440170480976,"314,042",100% bearish,of 3 ratings,$90
FIVE,$35.3701,1440170480997,"161,302",75% bearish,of 4 ratings,$44
FPRX,$17.89,1440170481132,"136,765",50% bullish,of 2 ratings,$35
FIVN,$4.06,1440170481218,"97,072",100% bullish,of 1 rating,$8.50
FLKS,$13.18,1440170481285,"32,535",50% bullish,of 2 ratings,$27
FLML,$20.79,1440170481312,"56,779",50% bullish,of 2 ratings,$30
SKOR,$50.348,1440170481346,500,Not yet rated,NULL,N/A
FLXN,$23.93,1440170481388,"40,290",100% bearish,of 1 rating,$40
MBSD,NULL,1440170481590,0,Not yet rated,NULL,N/A
FLEX,$10.47,1440170481660,"528,252",63% bullish,of 8 ratings,$12
FLXS,$31.012,1440170481712,"14,217",100% bearish,of 2 ratings,N/A
FLDM,$12.37,1440170481740,"341,577",67% bearish,of 3 ratings,$21.50
FFIC,$20.18,1440170481767,"22,243",Not yet rated,NULL,$21
FLIR,$29.2,1440170481789,"183,247",100% bearish,of 1 rating,$38.50
FOMX,$9.565,1440170481928,"52,039",50% bullish,of 2 ratings,$23.50
FOGO,$18.93,1440170482033,"23,659",50% bullish,of 2 ratings,$25.50
FONR,$9.615,1440170482066,"7,601",100% bullish,of 1 rating,N/A
FES,$0.9428,1440170482097,"1,500",50% bullish,of 2 ratings,$1
FORR,$32.29,1440170482203,"20,618",Not yet rated,NULL,N/A
FORTY,$32.07,1440170482232,488,Not yet rated,NULL,N/A
FTNT,$43.4701,1440170482258,"578,894",80% bullish,of 10 ratings,$52
FORM,$6.045,1440170482284,"107,154",67% bullish,of 3 ratings,$10.50
FORD,$1.009,1440170482574,"22,800",50% bullish,of 2 ratings,N/A
FWRD,$46.87,1440170482606,"108,977",100% bearish,of 1 rating,$50
FBIO,$2.58,1440170482636,"92,978",83% bullish,of 6 ratings,N/A
FWP,$25.251,1440170482668,"7,515",100% bearish,of 1 rating,$45
FXCB,$17.28,1440170482702,"13,478",Not yet rated,NULL,$19
FOXF,$15.27,1440170482770,"34,273",100% bearish,of 1 rating,$19
FOSL,$59.84,1440170482801,"180,979",50% bullish,of 4 ratings,$80
FMI,$21.33,1440170482828,"169,335",100% bearish,of 2 ratings,$27.50
FRAN,$10.25,1440170483042,"114,844",50% bullish,of 4 ratings,$15
FRED,$14.52,1440170483139,"91,037",50% bullish,of 2 ratings,$16.50
FELE,$29.05,1440170483202,"107,469",50% bullish,of 4 ratings,$33
FREE,$0.4318,1440170483274,"682,215",92% bullish,of 12 ratings,N/A
RAIL,$20.41,1440170483308,"35,927",100% bearish,of 1 rating,$24.50
FRPT,$13.01,1440170483379,"137,985",67% bearish,of 3 ratings,$23.50
FTR,$5.18,1440170483404,"5,330,347",78% bullish,of 27 ratings,$6.25
FEIM,$11.46,1440170483431,200,100% bearish,of 1 rating,N/A
FRPH,$30.52,1440170483581,"8,406",100% bearish,of 1 rating,N/A
FTD,$29.82,1440170483642,"39,089",100% bearish,of 1 rating,$40
FTRPR,$102.73,1440170483682,"26,864",100% bearish,of 1 rating,N/A
FSBW,$23.2556,1440170483721,"1,300",Not yet rated,NULL,N/A
FSYS,$6.35,1440170483813,"11,787",67% bullish,of 3 ratings,$10
FTEK,$2.18,1440170483975,"12,494",75% bullish,of 4 ratings,N/A
FCEL,$0.7306,1440170484003,"737,050",88% bullish,of 40 ratings,$2.65
FULL,$3.163,1440170484029,"10,039",67% bearish,of 3 ratings,$4.25
FULLL,$25.4,1440170484219,800,Not yet rated,NULL,N/A
FULT,$12.39,1440170484248,"473,328",100% bearish,of 1 rating,$13
FLL,$1.4899,1440170484270,"7,300",75% bullish,of 4 ratings,$2.825
FSNN,$2.65,1440170484302,200,67% bullish,of 3 ratings,$6
FXENP,$16.3,1440170484435,100,100% bearish,of 1 rating,N/A
FFHL,NULL,1440170484466,0,50% bullish,of 4 ratings,N/A
FXEN,$0.9,1440170484498,"29,685",75% bullish,of 4 ratings,$1.10
GK,$69.595,1440170484603,"28,912",Not yet rated,NULL,$78
GAIA,$5.9,1440170484632,"12,688",50% bullish,of 2 ratings,$8.50
WILC,$5.13,1440170484659,375,100% bullish,of 2 ratings,N/A
GALT,$1.8611,1440170484844,"23,923",80% bullish,of 5 ratings,N/A
GLPG,$61.76,1440170484944,"12,590",100% bullish,of 1 rating,$75
GALE,$1.305,1440170484976,"767,875",89% bullish,of 47 ratings,$4
GALTW,NULL,1440170485001,0,100% bullish,of 1 rating,N/A
GLMD,$8.5,1440170485080,"3,882",67% bullish,of 3 ratings,$20.50
GALTU,NULL,1440170485108,0,100% bearish,of 1 rating,N/A
GLPI,$32.17,1440170485149,"151,399",100% bearish,of 1 rating,$37.50
GRMN,$38.51,1440170485240,"419,086",50% bullish,of 6 ratings,$48
GPIC,NULL,1440170485314,0,100% bearish,of 1 rating,N/A
GGAC,NULL,1440170485349,0,100% bearish,of 1 rating,N/A
GGACR,NULL,1440170485443,0,100% bullish,of 1 rating,N/A
GGACU,NULL,1440170485468,0,Not yet rated,NULL,N/A
GGACW,$0.12,1440170485620,274,Not yet rated,NULL,N/A
GENC,$9.44,1440170485682,800,100% bearish,of 1 rating,N/A
GNCMA,$16.62,1440170485713,"61,235",100% bearish,of 1 rating,$12
GARS,$14.84,1440170485744,"9,743",Not yet rated,NULL,$16
GFNCP,NULL,1440170485817,0,Not yet rated,NULL,N/A
GFN,$3.71,1440170485852,"17,449",100% bearish,of 2 ratings,$8
GFNSL,$25.3001,1440170485879,200,Not yet rated,NULL,N/A
GENE,$2.2801,1440170485946,"86,806",100% bullish,of 12 ratings,N/A
GNMK,$9.05,1440170486122,"103,825",67% bullish,of 6 ratings,$14
GNCA,$12.16,1440170486149,"74,064",100% bearish,of 1 rating,$20
GNTX,$15.235,1440170486221,"402,060",Not yet rated,NULL,$20
GHDX,$24.65,1440170486247,"36,671",50% bullish,of 2 ratings,$30
THRM,$43.86,1440170486446,"98,440",75% bearish,of 4 ratings,$55.50
GNVC,$2.41,1440170486515,"2,920",90% bullish,of 10 ratings,$8.50
GERN,$3.06,1440170486546,"956,976",88% bullish,of 16 ratings,$5.25
GTWN,NULL,1440170486618,0,Not yet rated,NULL,N/A
GABC,$29.52,1440170486645,"17,925",Not yet rated,NULL,$31.50
GEVO,$2.26,1440170486677,"124,881",75% bullish,of 12 ratings,$5
ROCK,$17.45,1440170486703,"77,110",80% bullish,of 5 ratings,$24
GEOS,$14.915,1440170486729,"28,939",100% bearish,of 3 ratings,$25.50
GIGM,$0.62,1440170486962,"22,213",100% bullish,of 2 ratings,N/A
GIGA,$1.43,1440170486993,"2,913",100% bearish,of 1 rating,N/A
GILT,$4.46,1440170487098,"1,410",50% bullish,of 2 ratings,N/A
GIII,$64.32,1440170487135,"105,409",67% bullish,of 3 ratings,$75
GBCI,$26.19,1440170487181,"120,827",50% bullish,of 2 ratings,$31
GILD,$109.06,1440170487234,"4,589,851",91% bullish,of 86 ratings,$129
GLADO,$25.49,1440170487363,"1,500",Not yet rated,NULL,N/A
GLAD,$8.5562,1440170487389,"78,584",50% bullish,of 2 ratings,$8.75
GOODN,$25.64,1440170487416,286,Not yet rated,NULL,N/A
GOOD,$15.35,1440170487565,"48,743",Not yet rated,NULL,$19
GOODP,NULL,1440170487620,0,Not yet rated,NULL,N/A
GAIN,$7.55,1440170487652,"106,102",100% bullish,of 2 ratings,$8.25
GAINN,NULL,1440170487680,0,Not yet rated,NULL,N/A
GOODO,$25.1001,1440170487702,601,Not yet rated,NULL,N/A
GAINP,$26.0375,1440170487889,850,Not yet rated,NULL,N/A
GAINO,$25.3,1440170487961,700,Not yet rated,NULL,N/A
LAND,$9.38,1440170488265,"3,500",50% bullish,of 2 ratings,$13.75
GLBZ,NULL,1440170488324,0,Not yet rated,NULL,N/A
GBT,$44.645,1440170488371,"130,758",100% bearish,of 1 rating,N/A
GPACU,NULL,1440170488432,0,Not yet rated,NULL,N/A
ENT,$11.51,1440170488500,"89,441",100% bearish,of 1 rating,$18
GDEF,NULL,1440170488535,0,Not yet rated,NULL,N/A
GBLI,$26.25,1440170488590,"6,074",Not yet rated,NULL,N/A
GSOL,$8.32,1440170488666,"3,236",100% bearish,of 1 rating,N/A
SOCL,$17.3425,1440170488702,"52,395",100% bullish,of 2 ratings,N/A
ACTX,$13.53,1440170488762,400,100% bullish,of 1 rating,N/A
QQQC,$19.6055,1440170488792,"3,350",100% bearish,of 1 rating,N/A
YLCO,$11.8536,1440170488945,134,Not yet rated,NULL,N/A
ALTY,$14.5684,1440170489037,200,Not yet rated,NULL,N/A
SRET,$13.794,1440170489062,"1,774",Not yet rated,NULL,N/A
GAI,$5.37,1440170489115,"1,260",50% bullish,of 2 ratings,N/A
GSM,$13.005,1440170489214,"125,495",50% bullish,of 2 ratings,$24.50
GBIM,$2.25,1440170489250,"11,585",50% bullish,of 2 ratings,N/A
GLBS,$1.16,1440170489295,100,67% bullish,of 3 ratings,N/A
GLUU,$4.33,1440170489474,"1,141,545",92% bullish,of 26 ratings,$9
GLRI,$1.26,1440170489545,"39,805",100% bearish,of 1 rating,$6
GLYC,$7.1598,1440170489574,"3,450",50% bullish,of 2 ratings,$14
GOGO,$15.4501,1440170489631,"209,736",80% bullish,of 5 ratings,$25
GMLP,$19.33,1440170489765,"44,342",50% bullish,of 4 ratings,$32.50
GLDC,NULL,1440170489800,0,50% bullish,of 2 ratings,N/A
GLNG,$35.97,1440170489831,"189,309",83% bullish,of 6 ratings,$58
GDEN,$8.87,1440170489967,"5,065",50% bullish,of 2 ratings,N/A
GOGL,$3.0058,1440170490029,"235,351",75% bullish,of 4 ratings,$5
GOOG,$629.98,1440170490157,"814,403",89% bullish,of 66 ratings,$825
GBDC,$16.455,1440170490188,"43,122",Not yet rated,NULL,$17.75
GOOGL,$662.555,1440170490259,"771,634",88% bullish,of 1079 ratings,$749
GPRO,$49.28,1440170490289,"2,537,542",78% bullish,of 58 ratings,$72
GTIM,$6.016,1440170490323,"39,073",Not yet rated,NULL,$11.50
GMAN,$4.4701,1440170490359,"33,484",60% bullish,of 5 ratings,$8
GPIA,NULL,1440170490415,0,Not yet rated,NULL,N/A
GPIAU,NULL,1440170490441,0,Not yet rated,NULL,N/A
GPIAW,NULL,1440170490608,0,Not yet rated,NULL,N/A
LOPE,$36.595,1440170490634,"114,129",100% bearish,of 2 ratings,$50
GBSN,$1.51,1440170490774,"285,357",100% bearish,of 1 rating,$8.25
GRVY,$3.6,1440170490830,700,50% bullish,of 2 ratings,N/A
GBSNU,$16.5001,1440170490875,"10,051",Not yet rated,NULL,N/A
GLDD,$5.395,1440170490905,"142,178",100% bearish,of 4 ratings,$7.75
GSBC,$40.39,1440170490975,"16,632",100% bullish,of 1 rating,$44
GNBC,$12.18,1440170491036,"8,512",100% bearish,of 1 rating,$17
GRBK,$13.23,1440170491167,"83,420",77% bullish,of 13 ratings,N/A
GPP,$14.77,1440170491197,"17,342",Not yet rated,NULL,$20.50
GPRE,$19.05,1440170491219,"284,940",67% bullish,of 6 ratings,$28.50
GCBC,NULL,1440170491241,0,100% bullish,of 1 rating,N/A
GLRE,$24.755,1440170491376,"87,417",50% bullish,of 2 ratings,$41
GRIF,$31.092,1440170491406,130,100% bearish,of 1 rating,N/A
GRFS,$31.01,1440170491512,"88,006",50% bullish,of 2 ratings,$35
GRPN,$4.1029,1440170491549,"2,330,919",61% bullish,of 71 ratings,$6.75
OMAB,$40.05,1440170491718,"9,158",100% bullish,of 1 rating,$44
GGAL,$18,1440170491747,"102,406",80% bullish,of 5 ratings,$40
GTXI,$0.905,1440170491881,"5,920",100% bullish,of 5 ratings,$.75
GSIT,$4.9011,1440170491908,"7,284",100% bearish,of 1 rating,N/A
GFED,NULL,1440170491931,0,Not yet rated,NULL,$17
GSIG,$13.02,1440170491958,"27,105",100% bearish,of 2 ratings,N/A
GSVC,$8.795,1440170491988,"65,987",50% bullish,of 2 ratings,$14.50
GBNK,$15.8,1440170492133,"19,984",100% bearish,of 1 rating,$18
GIFI,$12.08,1440170492169,"7,078",100% bearish,of 1 rating,$16
GUID,$7.072,1440170492269,"101,212",100% bearish,of 3 ratings,$10
GULTU,$0.3,1440170492305,"31,494",100% bearish,of 1 rating,N/A
GURE,$1.7101,1440170492327,"18,997",88% bullish,of 8 ratings,N/A
GPOR,$33.42,1440170492406,"162,885",75% bullish,of 4 ratings,$55
GWPH,$103.28,1440170492510,"90,409",78% bullish,of 9 ratings,$148.50
GWGH,NULL,1440170492702,0,100% bearish,of 1 rating,$15.05
HLG,$9.64,1440170492758,"3,000",100% bearish,of 1 rating,N/A
GYRO,$2.87,1440170492793,"25,804",100% bearish,of 1 rating,N/A
HEES,$16.24,1440170492829,"111,256",67% bearish,of 3 ratings,$31
HALL,$11.51,1440170492857,"18,602",Not yet rated,NULL,N/A
HNRG,$7.31,1440170492878,"40,739",100% bearish,of 1 rating,$10
HALO,$17.1546,1440170492922,"567,722",67% bullish,of 3 ratings,$22.50
HMPR,$1.8901,1440170493026,"54,841",100% bullish,of 1 rating,N/A
HBK,NULL,1440170493097,0,50% bullish,of 2 ratings,N/A
HBHC,$27.0401,1440170493239,"196,691",50% bullish,of 2 ratings,$30
HBHCL,$24.521,1440170493304,"6,553",Not yet rated,NULL,N/A
HAFC,$24.51,1440170493381,"26,922",100% bullish,of 2 ratings,$28.50
HDNG,$10.04,1440170493408,"2,730",50% bullish,of 4 ratings,N/A
HNH,$28.595,1440170493445,"10,937",100% bullish,of 1 rating,N/A
HQCL,$8.865,1440170493542,"6,988",67% bullish,of 3 ratings,N/A
HNSN,$0.5057,1440170493575,"5,726",88% bullish,of 8 ratings,$.40
HRMNU,NULL,1440170493674,0,Not yet rated,NULL,N/A
HRMNW,NULL,1440170493709,0,Not yet rated,NULL,N/A
HLIT,$5.53,1440170493818,"138,473",100% bearish,of 1 rating,$6.50
TINY,$2.503,1440170493893,"8,535",50% bullish,of 2 ratings,$5.26
HART,$0.6696,1440170493925,"11,834",100% bearish,of 1 rating,N/A
HRMN,NULL,1440170493960,0,Not yet rated,NULL,N/A
HBIO,$4.32,1440170494023,"53,830",Not yet rated,NULL,$10
HCAP,$12.04,1440170494211,"13,499",50% bullish,of 2 ratings,$15
HCAPL,NULL,1440170494253,0,Not yet rated,NULL,N/A
HWKN,$36.43,1440170494310,"13,624",Not yet rated,NULL,N/A
HCOM,$22.65,1440170494341,"18,198",100% bearish,of 1 rating,$28
HAS,$75.83,1440170494384,"295,075",63% bullish,of 8 ratings,$84.50
HA,$23.685,1440170494446,"282,914",67% bullish,of 9 ratings,$27
HAYN,$37.8554,1440170494476,"18,090",100% bearish,of 1 rating,$59
HWBK,NULL,1440170494543,0,100% bearish,of 1 rating,N/A
HDS,$33.09,1440170494682,"486,445",100% bearish,of 2 ratings,$39.50
HIIQ,$4.6,1440170494714,"19,758",50% bullish,of 2 ratings,$7
HQY,$29.36,1440170494743,"150,580",67% bullish,of 3 ratings,$31
HCSG,$33.55,1440170494817,"159,579",50% bullish,of 4 ratings,$35
HWAY,$12.34,1440170494919,"83,023",100% bearish,of 1 rating,$15
HSTM,$24.803,1440170494945,"53,472",50% bullish,of 2 ratings,$33.75
HTLD,$19.73,1440170495007,"107,536",Not yet rated,NULL,$22.50
HTLF,$35.85,1440170495142,"27,365",100% bullish,of 1 rating,$39.50
HTWR,$82.2,1440170495171,"92,506",50% bullish,of 2 ratings,$103
HSII,$20.01,1440170495201,"35,040",100% bullish,of 3 ratings,$25
HTBX,$5.37,1440170495228,"16,416",50% bullish,of 2 ratings,$15.50
HELE,$87.86,1440170495250,"62,170",67% bearish,of 3 ratings,$100
HMNY,$2.2701,1440170495384,"1,928",100% bearish,of 1 rating,N/A
HCACU,$10.0043,1440170495615,"2,000",Not yet rated,NULL,N/A
HSIC,$139.81,1440170495668,"119,676",83% bullish,of 6 ratings,$146
HMTV,$12.71,1440170495697,"7,376",100% bearish,of 1 rating,$16
HNNA,$24.6,1440170495719,"6,151",Not yet rated,NULL,N/A
HTBK,$10.83,1440170495741,"50,874",Not yet rated,NULL,$12
HERO,$0.0701,1440170495774,"254,208",81% bullish,of 16 ratings,$.75
HFWA,$17.7,1440170495902,"39,883",100% bullish,of 1 rating,$20
MLHR,$28.25,1440170496003,"110,020",50% bullish,of 2 ratings,$33.50
HCCI,$11.75,1440170496029,"13,830",100% bearish,of 1 rating,$16.50
HEOP,$7.79,1440170496162,"16,224",Not yet rated,NULL,$8.50
HSKA,$32.92,1440170496194,"17,853",100% bearish,of 1 rating,$38
HIBB,$38.64,1440170496216,"477,987",100% bearish,of 1 rating,$48.50
HRTX,$33.85,1440170496249,"190,773",67% bullish,of 6 ratings,$41
HFFC,$16.2,1440170496278,832,Not yet rated,NULL,N/A
HPJ,$2.19,1440170496482,"76,739",75% bullish,of 4 ratings,$12.43
HIHO,$3.95,1440170496531,"6,222",Not yet rated,NULL,N/A
HIMX,$6.31,1440170496570,"389,816",86% bullish,of 21 ratings,$8.50
HIFS,$118.59,1440170496626,"1,569",Not yet rated,NULL,N/A
HSGX,$5.99,1440170496770,"20,000",100% bearish,of 1 rating,$17
HOLI,$17.07,1440170496860,"69,609",50% bullish,of 4 ratings,$27
HMSY,$8.86,1440170496905,"436,614",67% bullish,of 3 ratings,$19.35
HOLX,$40.215,1440170496933,"312,703",67% bullish,of 3 ratings,$42
HMNF,$11.1,1440170496955,"2,410",Not yet rated,NULL,N/A
HBCP,$24.5,1440170496990,"22,702",Not yet rated,NULL,$29
HOMB,$38.56,1440170497017,"153,546",Not yet rated,NULL,$41
HFBL,NULL,1440170497228,0,Not yet rated,NULL,N/A
HMIN,$29.18,1440170497255,"22,404",100% bearish,of 2 ratings,$35
AWAY,$29.43,1440170497281,"146,243",67% bullish,of 3 ratings,$36
HMST,$21.02,1440170497307,"41,021",100% bullish,of 2 ratings,$27
HTBI,$18.4,1440170497461,"26,876",67% bullish,of 3 ratings,$18.625
HKTV,$4.8,1440170497596,811,100% bearish,of 1 rating,N/A
CETC,$0.8003,1440170497626,"22,507",86% bullish,of 7 ratings,N/A
HBNC,$24.31,1440170497648,"19,189",100% bullish,of 1 rating,$27
HFBC,$11.62,1440170497779,"1,920",Not yet rated,NULL,N/A
HRZN,$10.7,1440170497809,"16,409",100% bearish,of 1 rating,$14.25
HZNP,$29.03,1440170497834,"1,028,360",85% bullish,of 20 ratings,$40
HOFT,$24.3,1440170497868,"28,641",100% bearish,of 1 rating,N/A
ZINC,$7.14,1440170497970,"223,846",100% bearish,of 1 rating,$17
HDP,$25.06,1440170498012,"69,339",67% bearish,of 3 ratings,$30.50
HWCC,$7.145,1440170498103,"25,019",100% bearish,of 1 rating,$9
HMHC,$22.165,1440170498151,"273,406",Not yet rated,NULL,$27
HSNI,$61.354,1440170498314,"108,324",Not yet rated,NULL,$80
HOVNP,NULL,1440170498342,0,100% bearish,of 1 rating,N/A
HBMD,$13.46,1440170498382,300,100% bearish,of 1 rating,N/A
HTGM,$5.81,1440170498475,"3,502",100% bearish,of 1 rating,$19.50
HCBK,$9.74,1440170498503,"809,355",83% bullish,of 6 ratings,$8.61
HDSN,$2.8382,1440170498532,"14,228",100% bullish,of 1 rating,$6.25
HSON,$2.85,1440170498561,"3,949",100% bearish,of 1 rating,$5
HUBG,$39.01,1440170498583,"72,768",100% bearish,of 1 rating,$43
HBANP,$1335,1440170498798,10,100% bearish,of 1 rating,N/A
HBAN,$11.105,1440170498825,"2,444,866",76% bullish,of 17 ratings,$12.29
HURC,$29.95,1440170498874,"7,269",100% bearish,of 1 rating,N/A
HURN,$73.49,1440170498901,"45,390",50% bullish,of 2 ratings,$80
HBP,NULL,1440170498954,0,100% bullish,of 1 rating,N/A
HTCH,$1.6015,1440170499037,"11,524",100% bearish,of 1 rating,$3.50
HYGS,$7.53,1440170499202,"10,644",50% bullish,of 2 ratings,$13
HDRAU,NULL,1440170499302,0,Not yet rated,NULL,N/A
HDRA,NULL,1440170499339,0,Not yet rated,NULL,N/A
HDRAW,NULL,1440170499361,0,Not yet rated,NULL,N/A
IACI,$71.19,1440170499397,"249,038",75% bullish,of 4 ratings,$90
HDRAR,NULL,1440170499418,0,Not yet rated,NULL,N/A
IDSY,$3.86,1440170499439,"1,786",100% bearish,of 1 rating,$7
IKGH,NULL,1440170499481,0,75% bullish,of 4 ratings,N/A
ICAD,$3.507,1440170499737,"3,600",50% bullish,of 2 ratings,$7.25
IBKC,$60.725,1440170499765,"87,215",100% bullish,of 1 rating,$70
IEP,$66.6393,1440170499841,"54,986",75% bullish,of 4 ratings,$99
ICFI,$35.77,1440170499969,"39,770",50% bullish,of 2 ratings,$48.50
ICON,$12.23,1440170499995,"221,439",50% bullish,of 2 ratings,$18.50
ICUI,$115.9,1440170500066,"38,678",Not yet rated,NULL,$122
ICLR,$77.98,1440170500092,"83,064",100% bearish,of 3 ratings,$85
IPWR,NULL,1440170500141,0,100% bullish,of 1 rating,$15
INVE,$4.25,1440170500168,"62,770",75% bullish,of 4 ratings,$4
IDRA,$2.46,1440170500300,"519,798",89% bullish,of 9 ratings,$6.50
IDXX,$75.17,1440170500388,"125,239",100% bearish,of 1 rating,$77
DSKY,$12.155,1440170500443,"65,766",67% bullish,of 6 ratings,$11.50
RXDX,$12.09,1440170500469,"53,974",100% bullish,of 1 rating,$20
IRG,$4.665,1440170500500,"1,006",100% bearish,of 1 rating,$4.50
IIVI,$17.43,1440170500531,"84,039",100% bearish,of 1 rating,$22
IKAN,$2.72,1440170500829,"13,759",83% bullish,of 6 ratings,$5
KANG,$14.9,1440170500861,"49,587",50% bullish,of 2 ratings,$22.55
ILMN,$199.324,1440170500883,"319,519",80% bullish,of 5 ratings,$240
IKNX,NULL,1440170500965,0,100% bearish,of 1 rating,N/A
IROQ,$16.5,1440170501012,100,100% bullish,of 1 rating,N/A
ISNS,$3.86,1440170501101,"26,936",50% bullish,of 2 ratings,N/A
IMMR,$10.91,1440170501135,"93,318",80% bullish,of 5 ratings,$15.50
ICCC,$8.152,1440170501161,"1,880",100% bullish,of 1 rating,N/A
IMDZ,$15.04,1440170501232,"27,831",100% bearish,of 1 rating,$33
IMGN,$13.34,1440170501263,"470,105",75% bullish,of 4 ratings,$17.50
IMNP,$1.3832,1440170501310,"32,075",50% bullish,of 2 ratings,$6
IPXL,$43.165,1440170501437,"243,351",67% bullish,of 3 ratings,$46.50
IMMY,$7.25,1440170501535,103,100% bearish,of 1 rating,$11
IMMU,$1.89,1440170501565,"393,626",86% bullish,of 7 ratings,$2
SAAS,$7.43,1440170501670,"154,422",50% bullish,of 2 ratings,$15
INCR,$42.36,1440170501724,"88,689",50% bullish,of 2 ratings,$53
INDB,$46.39,1440170501750,"28,724",Not yet rated,NULL,$44
INCY,$105.77,1440170501807,"220,959",50% bullish,of 6 ratings,$125.50
IBCP,$13.95,1440170501907,"23,624",100% bullish,of 1 rating,$14.50
IBTX,$43.235,1440170501950,"23,212",100% bullish,of 2 ratings,$47.25
IDSA,$3.53,1440170501978,200,Not yet rated,NULL,N/A
INFI,$9.215,1440170502110,"222,994",50% bullish,of 4 ratings,$18
INFN,$20.831,1440170502143,"971,344",71% bullish,of 7 ratings,$28
IPCC,$80.31,1440170502168,"12,681",Not yet rated,NULL,$77.50
III,$4.18,1440170502243,"15,386",57% bullish,of 7 ratings,$6
IFON,$1.19,1440170502434,"31,143",75% bullish,of 4 ratings,N/A
IMKTA,$53.6,1440170502463,"38,685",100% bearish,of 1 rating,N/A
INWK,$7.219,1440170502503,"61,581",50% bullish,of 2 ratings,$10
INOD,$2.5,1440170502602,500,100% bearish,of 1 rating,N/A
INNL,NULL,1440170502629,0,100% bearish,of 1 rating,$16.50
IOSP,$49.335,1440170502676,"285,436",100% bearish,of 1 rating,N/A
ISSC,$2.8501,1440170502703,"5,007",67% bearish,of 3 ratings,N/A
IPHS,$47.645,1440170502759,"37,486",100% bearish,of 1 rating,$60
INGN,$48.3,1440170502960,"45,525",100% bearish,of 1 rating,$50.50
INO,$6.89,1440170502986,"446,858",89% bullish,of 18 ratings,$20
INOV,$21,1440170503015,"131,013",100% bearish,of 1 rating,$33
INSM,$24.56,1440170503146,"152,778",71% bullish,of 7 ratings,$31.50
ITEK,$13.98,1440170503175,"200,605",100% bearish,of 3 ratings,$20
ISIG,$2.57,1440170503204,202,100% bearish,of 1 rating,N/A
NSIT,$25.69,1440170503233,"70,886",50% bullish,of 2 ratings,N/A
IIIN,$17.6,1440170503437,"17,294",100% bearish,of 2 ratings,N/A
PODD,$28.69,1440170503468,"129,838",50% bullish,of 2 ratings,$35
INSY,$32.145,1440170503499,"222,002",75% bullish,of 4 ratings,$48
NTEC,$5.74,1440170503542,"3,000",Not yet rated,NULL,N/A
IART,$60.2,1440170503599,"52,558",100% bearish,of 1 rating,$71.50
IDTI,$17.49,1440170503683,"754,481",60% bullish,of 5 ratings,$25
IESC,$7.245,1440170503742,100,100% bearish,of 1 rating,N/A
ISSI,$22.32,1440170503819,"85,015",67% bullish,of 3 ratings,$19.75
INTC,$27.24,1440170503923,"12,249,123",82% bullish,of 238 ratings,$36
IQNT,$19.17,1440170503953,"80,808",86% bullish,of 7 ratings,$20
IPCI,$2.14,1440170503980,"5,300",67% bullish,of 6 ratings,$7.75
IPAR,$27.01,1440170504006,"19,887",67% bullish,of 3 ratings,$38
IBKR,$38.87,1440170504139,"195,406",100% bullish,of 1 rating,N/A
ICLD,$1.84,1440170504201,"240,981",75% bullish,of 4 ratings,N/A
ININ,$38.205,1440170504230,"32,774",67% bearish,of 3 ratings,$57
ICPT,$189.48,1440170504269,"146,488",70% bullish,of 10 ratings,$359.50
TILE,$24.58,1440170504399,"170,116",67% bearish,of 3 ratings,$27
ICLDW,NULL,1440170504444,0,100% bearish,of 1 rating,N/A
IDCC,$47.805,1440170504540,"101,081",80% bullish,of 5 ratings,$63
INAP,$8.29,1440170504630,"83,241",75% bullish,of 4 ratings,$11
IMI,$1.95,1440170504667,39,67% bullish,of 3 ratings,$2.22
IBOC,$25.8,1440170504694,"92,812",100% bearish,of 1 rating,N/A
IGLD,$7.091,1440170504720,"1,518",50% bullish,of 2 ratings,N/A
ISCA,$31.62,1440170504773,"25,304",100% bearish,of 1 rating,N/A
IIJI,NULL,1440170504908,0,50% bullish,of 2 ratings,$11.50
INPH,$0.3,1440170505003,"8,240",50% bullish,of 2 ratings,N/A
XENT,$27.29,1440170505045,"55,522",50% bullish,of 2 ratings,$36.50
INTX,$2.5601,1440170505180,"12,866",67% bullish,of 3 ratings,N/A
INTL,$26.5,1440170505327,"38,880",67% bearish,of 3 ratings,N/A
IVAC,$4.93,1440170505366,700,Not yet rated,NULL,$6.625
ISIL,$10.245,1440170505388,"322,187",50% bullish,of 6 ratings,$15
IILG,$20.15,1440170505419,"104,616",100% bearish,of 1 rating,$30.50
PTNT,$2.98,1440170505462,150,Not yet rated,NULL,N/A
INTLL,NULL,1440170505491,0,Not yet rated,NULL,N/A
ITCI,$28.84,1440170505562,"161,010",75% bearish,of 4 ratings,$40
IIN,$6.4,1440170505651,"1,700",100% bearish,of 1 rating,$12
ISRG,$505.91,1440170505689,"58,583",67% bullish,of 3 ratings,$600
INTU,$92.575,1440170505715,"2,632,722",100% bullish,of 7 ratings,$110.50
INVT,$0.2886,1440170505783,"7,030",67% bullish,of 3 ratings,N/A
SNAK,$8.43,1440170505863,"75,734",50% bullish,of 2 ratings,$14
ISTR,$15.51,1440170506035,442,100% bearish,of 1 rating,$18.50
ITIC,NULL,1440170506061,0,100% bearish,of 2 ratings,N/A
ISBC,$11.87,1440170506104,"983,260",100% bullish,of 1 rating,$13.25
NVIV,$10.1699,1440170506192,"136,650",50% bullish,of 4 ratings,$24.50
IVTY,$13.21,1440170506220,"2,505",Not yet rated,NULL,$18
IPAS,$1.04,1440170506247,"19,570",67% bullish,of 3 ratings,N/A
DTUL,NULL,1440170506385,0,Not yet rated,NULL,N/A
IPCM,$79.29,1440170506483,"319,474",50% bullish,of 2 ratings,$80.125
DFVL,NULL,1440170506518,0,Not yet rated,NULL,N/A
IPGP,$85.91,1440170506547,"30,822",100% bearish,of 2 ratings,$109.50
IRMD,$24.842,1440170506574,"5,315",67% bearish,of 3 ratings,$25
IRIX,$7.15,1440170506610,"5,095",100% bearish,of 1 rating,N/A
IRDM,$6.57,1440170506704,"194,547",60% bullish,of 5 ratings,$11.50
IRDMB,$266.05,1440170506757,200,67% bearish,of 3 ratings,N/A
IRBT,$29.525,1440170507030,"80,351",67% bullish,of 6 ratings,$37
IRWD,$10.9,1440170507057,"401,309",100% bearish,of 1 rating,$13
GNMA,$50.25,1440170507190,400,Not yet rated,NULL,N/A
IRCP,$32.13,1440170507229,101,100% bullish,of 2 ratings,N/A
COMT,$32.29,1440170507250,"4,684",100% bearish,of 1 rating,N/A
FCHI,$47.6701,1440170507281,"1,050",Not yet rated,NULL,N/A
IFAS,$28.58,1440170507322,"3,292",Not yet rated,NULL,N/A
IFEU,$39.455,1440170507347,"4,666",Not yet rated,NULL,N/A
IFGL,$29.16,1440170507568,"43,872",Not yet rated,NULL,N/A
ACWI,$56.33,1440170507797,"188,706",Not yet rated,NULL,N/A
ACWX,$40.92,1440170507830,"59,947",100% bearish,of 1 rating,N/A
IFNA,$56.26,1440170507851,1,Not yet rated,NULL,N/A
AAXJ,$52.96,1440170507988,"564,774",Not yet rated,NULL,N/A
AXJS,NULL,1440170508035,0,Not yet rated,NULL,N/A
EEMA,$49.81,1440170508121,"347,598",Not yet rated,NULL,N/A
EMDI,NULL,1440170508278,0,Not yet rated,NULL,N/A
AAIT,NULL,1440170508307,0,100% bullish,of 1 rating,N/A
EEME,$38.42,1440170508333,256,100% bearish,of 1 rating,N/A
EMEY,NULL,1440170508482,0,Not yet rated,NULL,N/A
EGRW,$48.49,1440170508511,100,Not yet rated,NULL,N/A
EEML,NULL,1440170508551,0,Not yet rated,NULL,N/A
IEUS,$45.96,1440170508616,"3,653",100% bearish,of 1 rating,N/A
EVAL,$36.64,1440170508667,"1,400",Not yet rated,NULL,N/A
EUFN,$22.1663,1440170508772,"56,620",100% bearish,of 1 rating,N/A
QAT,$20.42,1440170508823,"22,945",Not yet rated,NULL,N/A
IBB,$346,1440170508848,"1,016,282",63% bullish,of 8 ratings,N/A
SOXX,$79.76,1440170509032,"216,274",50% bullish,of 2 ratings,N/A
ICLN,$9.45,1440170509060,"14,593",50% bullish,of 2 ratings,N/A
EMIF,$28.8805,1440170509082,"2,492",Not yet rated,NULL,N/A
UAE,$17.68,1440170509113,330,Not yet rated,NULL,N/A
WOOD,$49.448,1440170509255,"3,760",50% bullish,of 2 ratings,N/A
INDY,$28.2598,1440170509286,"371,007",50% bullish,of 2 ratings,N/A
ISHG,$79.9,1440170509384,206,100% bearish,of 1 rating,N/A
ISIS,$45.81,1440170509431,"471,496",53% bullish,of 15 ratings,$67
ISLE,$16.85,1440170509515,"141,788",50% bullish,of 4 ratings,$16
ISRL,$129.9,1440170509601,545,100% bearish,of 1 rating,N/A
ITRI,$32.18,1440170509645,"125,011",Not yet rated,NULL,$37
ITRN,$24.6521,1440170509743,"3,653",50% bullish,of 2 ratings,N/A
IGOV,$92.18,1440170509777,"9,843",100% bearish,of 1 rating,N/A
IXYS,$10.72,1440170509875,"106,008",50% bullish,of 4 ratings,N/A
ITUS,$4.1225,1440170509905,"5,070",Not yet rated,NULL,N/A
XXIA,$15.48,1440170509936,"128,979",71% bullish,of 7 ratings,$14.625
JJSF,$113.2,1440170510044,"38,708",100% bearish,of 1 rating,N/A
JBHT,$76.32,1440170510150,"346,226",50% bullish,of 4 ratings,$89.50
MAYS,NULL,1440170510216,0,Not yet rated,NULL,N/A
JCOM,$69.93,1440170510296,"101,303",100% bullish,of 2 ratings,$77
JACK,$82.381,1440170510355,"204,911",83% bullish,of 6 ratings,$105
JKHY,$69.13,1440170510435,"47,862",50% bullish,of 2 ratings,$72
JASO,$7.17,1440170510536,"611,538",82% bullish,of 17 ratings,$10
JXSB,$24.06,1440170510579,542,Not yet rated,NULL,N/A
JAXB,$13,1440170510666,500,100% bullish,of 1 rating,N/A
JAGX,$2.46,1440170510694,"6,780",Not yet rated,NULL,N/A
JRVR,$25.74,1440170510735,"9,450",Not yet rated,NULL,$32
JAKK,$9.26,1440170510761,"122,709",60% bearish,of 5 ratings,$11
JMBA,$13.06,1440170510902,"31,192",75% bullish,of 4 ratings,$18
ERW,NULL,1440170510945,0,Not yet rated,NULL,N/A
JASN,$4.88,1440170510977,"12,138",50% bullish,of 2 ratings,$9.50
JD,$25.29,1440170511086,"5,005,621",75% bullish,of 16 ratings,$36
JAZZ,$173.26,1440170511116,"111,558",80% bullish,of 15 ratings,$206.50
JASNW,$0.25,1440170511159,"9,300",50% bullish,of 2 ratings,N/A
JBLU,$21.872,1440170511224,"2,536,168",94% bullish,of 16 ratings,$27
JTPY,$2.67,1440170511379,"3,825",100% bearish,of 1 rating,N/A
DATE,$6.25,1440170511411,"92,355",75% bullish,of 4 ratings,$9
JST,$4.11,1440170511482,"5,700",75% bullish,of 4 ratings,N/A
JIVE,$4.06,1440170511577,"99,543",75% bullish,of 4 ratings,$5
JCTCF,NULL,1440170511649,0,100% bullish,of 1 rating,N/A
WYIGU,$10.0227,1440170511704,100,Not yet rated,NULL,N/A
JOEZ,$0.18,1440170511732,"6,860",92% bullish,of 12 ratings,N/A
JBSS,$46.54,1440170511758,"55,378",67% bearish,of 3 ratings,N/A
JOUT,$24,1440170511803,"12,186",100% bearish,of 1 rating,$34
JUNO,$37.896,1440170511890,"505,034",73% bullish,of 11 ratings,$71.50
JNP,$9.84,1440170511976,"1,692",100% bullish,of 3 ratings,$15
KTWO,$21.77,1440170512059,"73,979",100% bearish,of 1 rating,$28.50
KALU,$82.1,1440170512131,"42,391",67% bearish,of 3 ratings,$91
KBIO,$1.82,1440170512202,"8,635",50% bullish,of 4 ratings,N/A
KMDA,$3.55,1440170512230,"7,680",50% bullish,of 2 ratings,$8
KNDI,$6.82,1440170512268,"315,047",86% bullish,of 22 ratings,N/A
KPTI,$12.72,1440170512405,"105,704",67% bearish,of 3 ratings,$39
KBSF,NULL,1440170512431,0,100% bullish,of 1 rating,N/A
KCLI,$46.425,1440170512453,"10,588",Not yet rated,NULL,N/A
KRNY,$11.48,1440170512587,"218,578",100% bearish,of 1 rating,$12
KCAP,$4.711,1440170512742,"24,443",75% bullish,of 4 ratings,$6
KELYA,$14.48,1440170512775,"56,476",67% bullish,of 6 ratings,$20
KELYB,NULL,1440170512803,0,50% bullish,of 2 ratings,N/A
KFFB,NULL,1440170512825,0,100% bearish,of 1 rating,N/A
KMPH,$19.0064,1440170512873,"13,119",100% bearish,of 2 ratings,$22
KERX,$5.63,1440170513007,"539,411",82% bullish,of 11 ratings,$12
GMCR,$50.37,1440170513035,"590,208",71% bullish,of 42 ratings,$64
KFRC,$27.2,1440170513178,"79,871",100% bullish,of 2 ratings,$29
