Symbol,Price,Date,Volume,Rating,RatingVoteCount,OneYearEstimate
TFSCR,$0.35,1439842802532,"1,600",Not yet rated,NULL,N/A
FLWS,$9.74,1439842802565,"78,016",100% bullish,of 5 ratings,$15
FCTY,NULL,1439842802587,0,100% bullish,of 1 rating,$8.50
TFSCW,NULL,1439842802618,0,100% bearish,of 1 rating,N/A
PIH,$7.7,1439842802641,"9,875",100% bearish,of 1 rating,N/A
TFSCU,NULL,1439842802669,0,Not yet rated,NULL,N/A
FCCY,$11.73,1439842802698,"4,389",100% bullish,of 1 rating,$13
TFSC,NULL,1439842802772,0,100% bearish,of 1 rating,N/A
SRCE,$31.42,1439842802913,"17,684",100% bullish,of 3 ratings,$33
TWOU,$35.98,1439842802991,"495,947",50% bullish,of 2 ratings,$39
USLV,$14.77,1439842803021,"117,434",86% bullish,of 7 ratings,N/A
DGLD,$85.482,1439842803055,"1,294",100% bullish,of 1 rating,N/A
JOBS,$28.49,1439842803132,"70,763",50% bullish,of 4 ratings,$36
DSLV,$61.9,1439842803162,"5,392",100% bearish,of 1 rating,N/A
UGLD,$8.907,1439842803183,"59,561",100% bearish,of 1 rating,N/A
VNET,$21.46,1439842803269,"593,968",60% bullish,of 5 ratings,$29.50
CAFD,$15.53,1439842803999,"63,477",Not yet rated,NULL,$25
ABY,$22.19,1439842804216,"388,115",100% bearish,of 2 ratings,$46
SHLM,$35.58,1439842804238,"58,310",100% bearish,of 1 rating,$50
AVHI,$14.12,1439842804269,"21,916",100% bearish,of 1 rating,$19
SIXD,$2.965,1439842804291,"59,476",Not yet rated,NULL,N/A
AXAS,$1.81,1439842804312,"415,624",78% bullish,of 9 ratings,$3.50
EGHT,$8.575,1439842804345,"170,858",82% bullish,of 17 ratings,$11
ABGB,$4.93,1439842804367,"47,120",67% bullish,of 3 ratings,$5.50
AAON,$22.95,1439842804502,"48,979",100% bearish,of 1 rating,$24
ABAX,$48.27,1439842804568,"79,328",100% bearish,of 1 rating,$60
ABEO,$5.39,1439842804594,"86,654",67% bullish,of 3 ratings,$15.50
ABEOW,$2.35,1439842804674,"1,470",100% bullish,of 1 rating,N/A
ACTG,$8.97,1439842804755,"242,425",67% bullish,of 3 ratings,$18.50
ABMD,$106.43,1439842804827,"360,607",75% bullish,of 4 ratings,$86
ACAD,$39.44,1439842804898,"551,720",85% bullish,of 20 ratings,$48
ACHC,$81.9,1439842805030,"424,560",50% bullish,of 2 ratings,$92
XLRN,$32.35,1439842805270,"144,743",50% bullish,of 2 ratings,$57
ANCX,$19.11,1439842805334,"20,115",Not yet rated,NULL,$19
ACST,$0.3873,1439842805362,"29,904",100% bullish,of 2 ratings,N/A
AXDX,$19.515,1439842805388,"92,513",100% bearish,of 1 rating,N/A
VXUP,$16.9,1439842805437,"26,591",Not yet rated,NULL,N/A
ACRX,$4.42,1439842805571,"189,015",67% bearish,of 6 ratings,$5.50
ACET,$25.49,1439842805705,"50,559",75% bullish,of 4 ratings,$30
AKAO,$7.24,1439842805738,"92,377",75% bullish,of 4 ratings,$15
VXDN,$17.02,1439842805767,"3,615",Not yet rated,NULL,N/A
ACHN,$8.645,1439842805838,"4,558,815",90% bullish,of 21 ratings,$16
ARAY,$6.16,1439842805865,"425,827",100% bearish,of 1 rating,$10.50
ACIW,$23.15,1439842805939,"126,776",50% bullish,of 2 ratings,$24
ACNB,$20.2,1439842806180,200,Not yet rated,NULL,N/A
ACTS,$1.5,1439842806246,"40,035",100% bearish,of 1 rating,N/A
ATVI,$29.3,1439842806272,"2,794,923",68% bullish,of 84 ratings,$31.50
ACPW,$1.8984,1439842806351,"8,929",100% bullish,of 4 ratings,$3.50
ACTA,$13.84,1439842806407,"51,128",67% bearish,of 3 ratings,$25
ACOR,$32.36,1439842806433,"148,645",67% bearish,of 3 ratings,$38.50
ACUR,$0.65,1439842806485,"104,963",100% bullish,of 5 ratings,$1
ACXM,$21.3,1439842806514,"236,158",67% bullish,of 3 ratings,N/A
ADMS,$21.97,1439842806690,"42,916",100% bearish,of 2 ratings,$36
ADMP,$3.77,1439842806761,"31,144",50% bullish,of 2 ratings,$10
ADAP,$15.54,1439842807166,"62,182",67% bullish,of 3 ratings,$22
ADBE,$86.77,1439842807194,"711,875",65% bullish,of 17 ratings,$90
AEY,$2.26,1439842807223,"8,285",100% bearish,of 2 ratings,N/A
ADUS,$29.24,1439842807244,"46,698",100% bearish,of 1 rating,$31
ADMA,$9.45,1439842807265,"9,034",Not yet rated,NULL,$19
ADRO,$21.6,1439842807453,"123,674",80% bullish,of 5 ratings,$45.50
AMD,$1.8,1439842807535,"5,859,190",83% bullish,of 102 ratings,$2
ADXS,$16.91,1439842807628,"495,537",64% bullish,of 14 ratings,$27
AEIS,$26.56,1439842807682,"174,996",50% bullish,of 2 ratings,$32.50
ADXSW,$12.35,1439842807764,"1,585",100% bullish,of 1 rating,N/A
YPRO,$23.06,1439842807855,"9,860",100% bearish,of 1 rating,N/A
ADEP,$7.39,1439842808105,"12,219",50% bullish,of 2 ratings,$10.75
ADTN,$16.29,1439842808180,"186,051",67% bullish,of 3 ratings,$17.125
AEGN,$18.98,1439842808238,"51,657",100% bearish,of 1 rating,$21
AEHR,$2.24,1439842808322,"12,806",50% bullish,of 2 ratings,N/A
MULT,NULL,1439842808426,0,100% bearish,of 1 rating,N/A
AEPI,$57.63,1439842808455,"16,466",100% bearish,of 1 rating,N/A
AMTX,$3.4,1439842808487,"3,765",50% bullish,of 2 ratings,$26.11
AVAV,$26.21,1439842808558,"73,583",50% bullish,of 4 ratings,$31
AERI,$16.23,1439842808584,"160,116",75% bullish,of 4 ratings,$31.50
AFMD,$12.08,1439842808717,"127,119",50% bullish,of 4 ratings,$15
AEMD,$6.8376,1439842808747,"20,124",Not yet rated,NULL,$27.50
AFFX,$9.97,1439842808848,"551,362",80% bullish,of 5 ratings,$12
AEGR,$18.4,1439842808876,"252,107",50% bullish,of 6 ratings,$26
AGEN,$7.74,1439842808903,"546,321",85% bullish,of 13 ratings,$14
AEZS,$0.1148,1439842808928,"9,079,416",90% bullish,of 21 ratings,$1.625
AGRX,$8.89,1439842809133,"9,175",100% bearish,of 1 rating,$18
AGIO,$96.22,1439842809268,"192,060",88% bullish,of 8 ratings,$114
AGFS,$10.98,1439842809305,"61,649",100% bearish,of 1 rating,N/A
AIMT,$24.35,1439842809337,"163,695",Not yet rated,NULL,N/A
AIRM,$39.93,1439842809406,"123,136",80% bearish,of 5 ratings,$53
AGFSW,$2.45,1439842809431,"12,297",100% bearish,of 1 rating,N/A
AGYS,$9.45,1439842809460,"10,096",100% bearish,of 1 rating,N/A
AMCN,$5.12,1439842809488,"451,148",83% bullish,of 6 ratings,N/A
ATSG,$9.79,1439842809616,"71,436",67% bullish,of 3 ratings,$13
AKBA,$7.18,1439842809927,"104,879",100% bearish,of 1 rating,$18
AIXG,$6,1439842809959,"3,415",67% bearish,of 3 ratings,$6
AKAM,$73.59,1439842809980,"520,272",63% bullish,of 8 ratings,$77
AIRT,$23.2499,1439842810057,907,100% bullish,of 1 rating,N/A
AKER,$3.81,1439842810119,"1,754",Not yet rated,NULL,N/A
ALRM,$16.78,1439842810144,"47,632",100% bearish,of 1 rating,$22
AKRX,$44.3,1439842810170,"235,304",78% bullish,of 9 ratings,$56
AMRI,$20.88,1439842810336,"114,127",75% bearish,of 4 ratings,$24
ADHD,$9.21,1439842810372,"282,886",50% bullish,of 4 ratings,$18
ABDC,$12.99,1439842810470,"46,670",Not yet rated,NULL,$15
ALXN,$191.45,1439842810500,"397,996",88% bullish,of 8 ratings,$223
ALSK,$2.1,1439842810529,"91,936",78% bullish,of 18 ratings,$2
ALDX,$8.38,1439842810562,"8,900",100% bearish,of 1 rating,$14.50
ALDR,$38.5,1439842810587,"403,657",67% bearish,of 3 ratings,$62
ALXA,$1.13,1439842810659,"14,055",83% bullish,of 6 ratings,$2.125
ALCO,$44.59,1439842810877,"11,337",50% bullish,of 2 ratings,N/A
ALIM,$3.96,1439842810934,"37,393",80% bullish,of 5 ratings,$10
ALGN,$60.88,1439842810964,"400,722",100% bearish,of 2 ratings,$73
ALGT,$233.77,1439842811005,"81,755",100% bearish,of 1 rating,$235
ALKS,$68.22,1439842811066,"311,072",67% bullish,of 3 ratings,$75
ALLB,$23.89,1439842811092,"2,648",Not yet rated,NULL,N/A
AFOP,$19.11,1439842811122,"42,827",75% bullish,of 8 ratings,$21
AIQ,$15.1758,1439842811148,"5,205",67% bullish,of 3 ratings,N/A
AHGP,$36.08,1439842811328,"30,951",67% bullish,of 3 ratings,N/A
AHPI,$1.45,1439842811428,700,50% bullish,of 2 ratings,N/A
ARLP,$24.62,1439842811469,"135,007",67% bearish,of 3 ratings,$32
ALQA,$4.61,1439842811570,"27,408",75% bullish,of 4 ratings,$8.50
AMOT,$18.18,1439842811595,"24,732",100% bearish,of 1 rating,N/A
ALLT,$5.11,1439842811652,"87,893",75% bullish,of 4 ratings,$6.25
MDRX,$14.24,1439842811750,"1,155,146",60% bullish,of 5 ratings,$16
ALNY,$111.77,1439842811858,"260,376",67% bullish,of 3 ratings,$148.50
AFAM,$49.53,1439842811884,"43,751",50% bullish,of 2 ratings,$44
SMCP,NULL,1439842811965,0,Not yet rated,NULL,N/A
AOSL,$7.28,1439842812023,"24,192",67% bullish,of 3 ratings,$9
ATEC,$0.68,1439842812048,"65,832",100% bullish,of 1 rating,$2
ALTR,$49.37,1439842812206,"498,021",80% bearish,of 5 ratings,$54
ASPS,$29.98,1439842812480,"59,208",67% bullish,of 3 ratings,$46.50
AMAG,$64.65,1439842812746,"300,138",100% bullish,of 2 ratings,$75
AIMC,$26.55,1439842813263,"46,259",100% bearish,of 1 rating,$28.50
AMRN,$2.32,1439842814066,"519,518",85% bullish,of 39 ratings,$8
AMRK,$10.5,1439842814094,"2,312",50% bullish,of 2 ratings,$14
AMZN,$535.23,1439842814318,"1,202,552",81% bullish,of 261 ratings,$646
AYA,$23.24,1439842814343,"14,146",100% bearish,of 1 rating,$40
AMBCW,$8.11,1439842814527,"2,412",100% bearish,of 1 rating,N/A
DOX,$60.46,1439842814634,"178,267",100% bullish,of 2 ratings,$60
EPAX,$2.68,1439842814738,"190,887",100% bearish,of 1 rating,N/A
AMBA,$108.59,1439842814764,"763,820",83% bullish,of 12 ratings,$102.50
AMBC,$16.61,1439842814795,"131,113",100% bearish,of 1 rating,$16.50
AMCX,$76.5,1439842814825,"353,217",67% bullish,of 3 ratings,$85.50
UHAL,$382.99,1439842814902,"11,617",100% bullish,of 2 ratings,$393.50
AMED,$45.47,1439842814998,"149,717",100% bearish,of 1 rating,$42
AMDA,$0.5,1439842815023,"1,012,532",90% bullish,of 10 ratings,$1
ASBI,$22.74,1439842815234,899,Not yet rated,NULL,N/A
AMOV,$18.69,1439842815333,"12,038",100% bearish,of 1 rating,N/A
ATAX,$5.34,1439842815385,"48,342",100% bullish,of 1 rating,$6.50
AAL,$43.97,1439842815433,"4,447,150",93% bullish,of 87 ratings,$57
AGNC,$19.9,1439842815459,"2,161,438",75% bullish,of 28 ratings,$22
AGNCB,$24.1,1439842815518,"11,064",Not yet rated,NULL,N/A
MTGEP,$24.2587,1439842815546,400,Not yet rated,NULL,N/A
ANCI,$1.61,1439842815735,"2,450",100% bearish,of 1 rating,N/A
AGNCP,$25.2899,1439842815764,"6,475",Not yet rated,NULL,N/A
ACAS,$14.355,1439842815864,"1,112,456",60% bullish,of 5 ratings,$16.75
AMIC,$10.1,1439842815892,236,Not yet rated,NULL,N/A
MTGE,$15.98,1439842815919,"250,350",75% bullish,of 4 ratings,$19.50
ACSF,$12.7999,1439842815953,"19,091",100% bearish,of 1 rating,$15
AETI,$3.8401,1439842816053,"6,335",67% bearish,of 3 ratings,N/A
AMNB,$23.08,1439842816127,"4,703",Not yet rated,NULL,$25.50
ANAT,$104.8,1439842816236,"9,646",100% bullish,of 1 rating,N/A
ARII,$40.41,1439842816372,"111,649",67% bearish,of 3 ratings,$45
APEI,$22.43,1439842816409,"71,087",100% bearish,of 1 rating,$29
AMRB,$10.1,1439842816448,"36,412",Not yet rated,NULL,$11
AMSWA,$9.4,1439842816502,"6,566",100% bearish,of 2 ratings,$10.75
ASEI,$39.64,1439842816528,"19,181",100% bearish,of 1 rating,$52.50
AMSC,$4.14,1439842816670,"13,652",50% bullish,of 4 ratings,N/A
ABCB,$28.5,1439842816702,"83,589",Not yet rated,NULL,$30.50
CRMT,$45.645,1439842816735,"5,320",100% bearish,of 1 rating,$49
AMWD,$65.92,1439842816800,"51,841",50% bullish,of 2 ratings,$58
AMSF,$50.725,1439842816834,"30,386",Not yet rated,NULL,$57.50
ASRV,$3.3,1439842816901,"27,437",100% bullish,of 2 ratings,N/A
ASRVP,$27.52,1439842816926,100,Not yet rated,NULL,N/A
ATLO,$24.33,1439842816994,"2,212",Not yet rated,NULL,N/A
AMGN,$169.79,1439842817149,"1,059,676",89% bullish,of 19 ratings,$185
AMKR,$4.49,1439842817314,"933,362",100% bearish,of 2 ratings,$5
AMSGP,NULL,1439842817346,0,Not yet rated,NULL,N/A
FOLD,$16.645,1439842817367,"594,157",56% bullish,of 9 ratings,$21
AMPH,$14.79,1439842817402,"126,514",50% bullish,of 2 ratings,$20
AMSG,$85.98,1439842817424,"132,263",100% bearish,of 1 rating,$85.50
ASYS,$5.82,1439842817454,"32,003",67% bullish,of 3 ratings,$12
AFSI,$63.02,1439842817478,"699,133",60% bullish,of 5 ratings,$72
AMRS,$1.68,1439842817657,"45,059",70% bullish,of 10 ratings,N/A
ANAC,$137.09,1439842817685,"301,683",80% bullish,of 5 ratings,$180.50
ADI,$59.5,1439842817825,"700,432",67% bullish,of 3 ratings,$68
ALOG,$82.16,1439842817854,"52,364",100% bearish,of 2 ratings,$100.50
ANAD,$0.369,1439842817879,"671,431",100% bullish,of 2 ratings,$.50
ANCB,$22.75,1439842817933,100,Not yet rated,NULL,$23
ABCW,$41.46,1439842818038,"5,625",67% bullish,of 3 ratings,N/A
ANIP,$56.98,1439842818167,"211,021",89% bullish,of 19 ratings,$66
AMCF,$0.2601,1439842818196,"16,867",100% bullish,of 7 ratings,N/A
ANGI,$4.5,1439842818266,"235,830",64% bullish,of 11 ratings,$5.50
ANSS,$96.51,1439842818337,"278,497",100% bearish,of 1 rating,$100
ANIK,$36.34,1439842818365,"47,942",60% bullish,of 5 ratings,$51.25
ANGO,$14.96,1439842818430,"38,033",67% bullish,of 3 ratings,$19
ATRS,$1.935,1439842818456,"525,905",92% bullish,of 12 ratings,$4.50
ANTH,$9.68,1439842818514,"299,225",80% bullish,of 10 ratings,$13
ABAC,$0.885,1439842818684,"22,547",100% bearish,of 1 rating,N/A
APIC,$7.79,1439842818753,"76,216",100% bearish,of 1 rating,$19
ATNY,$2.4,1439842818778,"3,789",50% bullish,of 2 ratings,$3.75
APOG,$54.55,1439842818917,"90,204",100% bullish,of 1 rating,$62
APOL,$11.83,1439842818962,"615,422",87% bearish,of 68 ratings,$14
AINV,$6.595,1439842818987,"3,323,048",50% bullish,of 4 ratings,$8
APPF,$17.31,1439842819017,"55,314",50% bullish,of 2 ratings,$22
ARCI,$1.26,1439842819061,"11,308",Not yet rated,NULL,N/A
APDN,$3.328,1439842819156,"43,239",Not yet rated,NULL,$9
AAPL,$117.18,1439842819186,"20,770,418",86% bullish,of 2332 ratings,$150
APDNW,$1.33,1439842819216,"6,700",Not yet rated,NULL,N/A
AGTC,$15.78,1439842819320,"16,889",50% bullish,of 2 ratings,$33
AMAT,$17.03,1439842819381,"7,584,548",82% bullish,of 11 ratings,$23.50
AMCC,$5.835,1439842819422,"542,070",80% bullish,of 5 ratings,$8
AAOI,$21.86,1439842819455,"1,524,680",50% bullish,of 4 ratings,$26
AREX,$2.665,1439842819561,"158,202",100% bearish,of 1 rating,$3
APTO,$5.04,1439842819700,"2,402",Not yet rated,NULL,$17
APRI,$1.16,1439842819765,"44,681",83% bullish,of 6 ratings,$4.86
AQXP,$20.68,1439842819796,"975,708",50% bullish,of 2 ratings,$2
AUMA,$9.75,1439842819899,"99,314",Not yet rated,NULL,N/A
AQMS,$5.4371,1439842819932,"21,300",Not yet rated,NULL,N/A
AUMAU,NULL,1439842820034,0,Not yet rated,NULL,N/A
AUMAW,NULL,1439842820067,0,Not yet rated,NULL,N/A
ARDM,$7.3601,1439842820096,780,100% bullish,of 1 rating,$26
PETX,$17.06,1439842820140,"170,110",100% bearish,of 2 ratings,$26
ABUS,$8.79,1439842820171,"281,764",86% bullish,of 14 ratings,$23
ARCW,$3.7,1439842820224,"5,076",100% bearish,of 2 ratings,$10.50
ABIO,$0.9227,1439842820319,"116,689",50% bullish,of 2 ratings,$3.75
RKDA,$5.2,1439842820493,"18,771",100% bearish,of 2 ratings,$10
ARCB,$32.67,1439842820518,"97,708",50% bullish,of 2 ratings,$39.50
ARDX,$18.85,1439842820660,"75,058",50% bullish,of 2 ratings,$22
ACAT,$30.05,1439842820689,"66,595",100% bearish,of 3 ratings,$33
ARNA,$3.43,1439842820714,"882,355",90% bullish,of 77 ratings,$5.50
ARCC,$16.08,1439842820762,"495,882",67% bearish,of 3 ratings,$17.875
ACGL,$73.67,1439842820791,"89,795",50% bullish,of 2 ratings,$72
AGII,$58.08,1439842820888,"137,770",Not yet rated,NULL,$58
AGIIL,$25.4,1439842820917,"1,157",Not yet rated,NULL,N/A
ARGS,$4.55,1439842821016,"12,336",50% bullish,of 2 ratings,$19.50
ARIS,$3.23,1439842821148,"7,926",Not yet rated,NULL,$4.50
ARIA,$7.59,1439842821205,"1,086,810",87% bullish,of 46 ratings,$9
ARKR,NULL,1439842821238,0,50% bullish,of 2 ratings,N/A
ARMH,$43.09,1439842821259,"1,918,291",54% bearish,of 13 ratings,$61
ARTX,$1.57,1439842821338,"61,856",88% bullish,of 16 ratings,$4.50
ARWA,NULL,1439842821467,0,Not yet rated,NULL,N/A
ARWAR,$0.275,1439842821494,"18,000",Not yet rated,NULL,N/A
ARWAU,NULL,1439842821626,0,100% bullish,of 1 rating,N/A
ARQL,$1.7,1439842821670,"53,705",75% bullish,of 4 ratings,$5
ARWAW,NULL,1439842821696,0,Not yet rated,NULL,N/A
ARRS,$27.96,1439842821761,"481,741",50% bullish,of 2 ratings,$38
DWAT,$10.5,1439842821822,"13,509",100% bearish,of 1 rating,N/A
ARRY,$5.875,1439842821847,"389,571",100% bullish,of 7 ratings,$10
AROW,$27.6,1439842821926,"6,808",Not yet rated,NULL,N/A
ARWR,$5.83,1439842822061,"694,621",75% bullish,of 4 ratings,$10.50
ARTNA,$22.46,1439842822166,"7,926",100% bearish,of 1 rating,$29
ASBB,$23.45,1439842822213,"10,325",Not yet rated,NULL,N/A
ASND,$17,1439842822239,"51,796",100% bullish,of 1 rating,$30
ASNA,$12.44,1439842822261,"596,878",50% bullish,of 2 ratings,$18
ARTW,$4.41,1439842822402,"1,302",75% bearish,of 4 ratings,N/A
ASCMA,$28.57,1439842822488,"97,380",100% bearish,of 1 rating,$45
ASTI,$0.1704,1439842822516,"2,370,725",83% bullish,of 6 ratings,$3
APWC,$2.08,1439842822695,120,100% bearish,of 1 rating,N/A
ASMI,$39.2401,1439842822827,786,50% bullish,of 2 ratings,N/A
ASMB,$13.832,1439842822856,"41,961",67% bullish,of 3 ratings,N/A
ASML,$93.19,1439842822959,"598,601",67% bullish,of 3 ratings,$127
ASTE,$38.42,1439842823045,"70,909",100% bearish,of 1 rating,$48
AZPN,$39.36,1439842823075,"828,633",50% bullish,of 2 ratings,$42
ASFI,$9.1,1439842823137,"9,400",100% bullish,of 1 rating,N/A
ALOT,$13.7,1439842823174,"1,558",100% bearish,of 1 rating,N/A
ATRO,$58.69,1439842823215,"124,116",100% bearish,of 2 ratings,$80
ASTC,$2.34,1439842823270,"2,929",100% bullish,of 5 ratings,N/A
ASUR,$5.935,1439842823302,"7,690",Not yet rated,NULL,$8
ATAI,$3.1,1439842823499,"38,755",100% bearish,of 1 rating,N/A
ATRA,$50.17,1439842823524,"99,843",50% bullish,of 2 ratings,$68
AFCB,NULL,1439842824143,0,Not yet rated,NULL,N/A
ATHX,$1.175,1439842824242,"205,493",89% bullish,of 9 ratings,$5
ATHN,$142.14,1439842824411,"186,208",67% bearish,of 3 ratings,$153
AAPC,$10.19,1439842825213,44,Not yet rated,NULL,N/A
AAME,$3.54,1439842825395,831,Not yet rated,NULL,N/A
ACFC,$6.56,1439842825525,"178,178",Not yet rated,NULL,$6.50
AFH,$17.17,1439842825623,"3,437",Not yet rated,NULL,$21.50
ATML,$7.835,1439842826090,"1,987,429",78% bullish,of 9 ratings,$9.50
ATNI,$74.95,1439842826233,"45,723",100% bearish,of 1 rating,$69.50
ATRC,$27.59,1439842826262,"73,674",100% bullish,of 1 rating,$30
AAWW,$45.1,1439842826309,"123,654",50% bullish,of 2 ratings,$65
ATLC,$3.94,1439842826337,"1,900",67% bullish,of 3 ratings,N/A
ATRM,$3,1439842826504,"1,032",50% bullish,of 2 ratings,N/A
ATOS,$0.95,1439842826531,"36,379",100% bullish,of 7 ratings,$7
AUDC,$3.3,1439842826698,"61,480",80% bullish,of 5 ratings,$5
ATTU,$14.86,1439842826750,"26,860",100% bearish,of 1 rating,$20.50
AUBN,$27.6,1439842826780,890,Not yet rated,NULL,N/A
LIFE,$16,1439842826807,"61,813",86% bullish,of 7 ratings,$43
ATRI,$399.3471,1439842826828,918,Not yet rated,NULL,N/A
AUPH,$3.59,1439842826964,"13,085",100% bearish,of 1 rating,$8
EARS,$5.01,1439842826990,"13,163",100% bearish,of 2 ratings,$12
ADAT,$0.11,1439842827069,"22,543",100% bullish,of 2 ratings,N/A
ABTL,$19.8,1439842827170,"62,882",100% bullish,of 4 ratings,$20.25
ADSK,$55.39,1439842827201,"501,543",83% bullish,of 6 ratings,$69.50
AVGO,$125.41,1439842827333,"1,089,823",88% bullish,of 8 ratings,$160
AAVL,$10.98,1439842827364,"1,162,506",100% bearish,of 1 rating,$20
AVNU,NULL,1439842827390,0,Not yet rated,NULL,$14
ADP,$84.72,1439842827416,"1,725,405",100% bearish,of 1 rating,$88
AVNW,$1.12,1439842827713,"30,911",50% bullish,of 2 ratings,$2.20
AVGR,$15.37,1439842827773,"24,038",100% bearish,of 1 rating,$20
AVID,$9.09,1439842827808,"168,424",100% bearish,of 1 rating,$20
AVEO,$1.69,1439842827836,"20,716,875",75% bullish,of 8 ratings,$3
CAR,$46.905,1439842827862,"3,013,223",80% bullish,of 5 ratings,$60
AXPW,$1.3085,1439842827911,"52,518",83% bullish,of 6 ratings,N/A
ACLS,$3.21,1439842828001,"294,977",67% bullish,of 6 ratings,$4.75
AWRE,$3.25,1439842828071,800,67% bullish,of 3 ratings,N/A
AXPWW,$1.47,1439842828096,192,Not yet rated,NULL,N/A
AXGN,$3.89,1439842828245,"19,588",Not yet rated,NULL,$5
BCOM,$19.98,1439842828316,516,100% bearish,of 1 rating,N/A
AXTI,$2.2,1439842828342,"30,010",50% bullish,of 2 ratings,$2.75
RILY,$10,1439842828477,50,Not yet rated,NULL,N/A
BEAV,$50.89,1439842828507,"384,235",67% bearish,of 3 ratings,$59
BCPC,$60.95,1439842828533,"108,702",100% bearish,of 1 rating,$75
BOSC,$2.3699,1439842828559,"7,476",50% bullish,of 2 ratings,N/A
BIDU,$167.48,1439842828610,"1,631,734",81% bullish,of 88 ratings,$215
BWINA,NULL,1439842828766,0,Not yet rated,NULL,N/A
BANFP,$27.05,1439842829032,"2,900",Not yet rated,NULL,N/A
BKMU,$7.39,1439842829433,"16,524",Not yet rated,NULL,$8
BANF,$63.96,1439842829458,"5,400",Not yet rated,NULL,$68
BLDP,$1.33,1439842829484,"95,533",91% bullish,of 22 ratings,$2.50
BWINB,$23.47,1439842829618,"15,165",Not yet rated,NULL,N/A
BMRC,$49,1439842829750,"5,804",Not yet rated,NULL,$52
BANR,$47.87,1439842829893,"24,877",100% bullish,of 3 ratings,$50
BZUN,$7.73,1439842829945,"40,000",50% bullish,of 2 ratings,$13.85
OZRK,$43.76,1439842829995,"151,838",67% bullish,of 3 ratings,$49.50
BKSC,$15.99,1439842830025,"3,500",Not yet rated,NULL,N/A
BOTJ,$11.1401,1439842830060,"2,006",Not yet rated,NULL,N/A
BWFG,$18.24,1439842830084,792,100% bearish,of 1 rating,N/A
BOCH,$5.8,1439842830105,"5,308",Not yet rated,NULL,$6.50
BFIN,$12.4,1439842830159,"6,455",Not yet rated,NULL,$13
TAPR,$31.14,1439842830400,"1,126",100% bearish,of 1 rating,N/A
BHAC,NULL,1439842830456,0,Not yet rated,NULL,N/A
BHACR,$0.269,1439842830481,"10,079",Not yet rated,NULL,N/A
BHACU,NULL,1439842830674,0,Not yet rated,NULL,N/A
BBSI,$37.5217,1439842830700,"37,580",67% bearish,of 3 ratings,$62.50
BSET,$31.7,1439842830732,"44,418",100% bearish,of 1 rating,$35
BYLK,$12.94,1439842830832,"5,774",Not yet rated,NULL,$14
BHACW,NULL,1439842830859,0,Not yet rated,NULL,N/A
BV,$5.36,1439842830886,"153,258",67% bullish,of 6 ratings,$9
BYBK,$5.09,1439842830914,300,100% bearish,of 1 rating,N/A
BBCN,$15.625,1439842831061,"137,302",100% bearish,of 1 rating,$16
BSF,$9.03,1439842831101,"1,350",Not yet rated,NULL,N/A
BCBP,$11.7245,1439842831129,"4,253",Not yet rated,NULL,N/A
BECN,$36.08,1439842831155,"106,214",50% bullish,of 2 ratings,$40
BBGI,$4.85,1439842831406,157,100% bearish,of 1 rating,N/A
BDCV,$4.99,1439842831437,"21,871",100% bearish,of 1 rating,$10.19
BELFB,$20.17,1439842831543,"16,381",100% bearish,of 1 rating,N/A
BELFA,$17.18,1439842831573,645,100% bearish,of 1 rating,N/A
BEBE,$1.85,1439842831619,"50,542",75% bullish,of 4 ratings,$3.075
BBBY,$63.29,1439842831647,"756,858",71% bullish,of 7 ratings,$75
BLPH,$4.47,1439842831675,"23,970",100% bearish,of 1 rating,$12.50
BLCM,$19.03,1439842831804,"215,515",50% bullish,of 4 ratings,$40
BNCL,$13.02,1439842831841,"188,360",100% bullish,of 3 ratings,$12.50
BNFT,$41.1,1439842831944,"99,614",67% bullish,of 3 ratings,$46
BGMD,$0.87,1439842831972,"222,068",100% bullish,of 10 ratings,N/A
BNTC,NULL,1439842832022,0,100% bullish,of 1 rating,N/A
BGCP,$9.71,1439842832116,"591,325",88% bullish,of 8 ratings,$14
BGFV,$11.23,1439842832141,"80,761",57% bullish,of 7 ratings,$12
BCDA,NULL,1439842832370,0,Not yet rated,NULL,N/A
BIND,$4.5,1439842832399,"25,358",67% bullish,of 3 ratings,$13.50
ORPN,$5.77,1439842832420,"8,593",100% bullish,of 1 rating,$28.50
BASI,$1.65,1439842832450,750,Not yet rated,NULL,N/A
BCRX,$12.17,1439842832481,"306,058",63% bullish,of 8 ratings,$18
BDSI,$6.75,1439842832584,"690,236",88% bullish,of 8 ratings,$17
BIOD,$0.7247,1439842832610,"250,285",80% bullish,of 5 ratings,$4
BIOC,$1.84,1439842832659,"207,868",83% bullish,of 6 ratings,$3.70
BIOL,$1.56,1439842832809,"78,612",Not yet rated,NULL,N/A
BIIB,$315.92,1439842832837,"703,333",88% bullish,of 16 ratings,$400
BLFS,$2.1801,1439842832863,"5,603",100% bearish,of 1 rating,$4.75
BLRX,$1.59,1439842833079,"231,952",100% bullish,of 12 ratings,$7
BVXV,$4.173,1439842833118,"32,936",Not yet rated,NULL,N/A
BMRN,$139.69,1439842833164,"285,523",80% bullish,of 5 ratings,$160
BVXVW,NULL,1439842833218,0,100% bearish,of 1 rating,N/A
BRLI,$35.99,1439842833244,"110,808",83% bullish,of 6 ratings,$32
BPTH,$1.15,1439842833272,"26,744",100% bullish,of 2 ratings,$5
BBC,$33.7016,1439842833410,"26,922",Not yet rated,NULL,N/A
BIOS,$1.555,1439842833437,"1,523,185",71% bullish,of 7 ratings,$4
BBP,$34.556,1439842833468,"29,986",Not yet rated,NULL,N/A
BSTC,$51.55,1439842833633,"59,124",100% bearish,of 1 rating,$76
TECH,$106.5,1439842833687,"92,850",100% bullish,of 1 rating,$117
BOTA,$2.32,1439842833866,"48,285",86% bullish,of 7 ratings,N/A
BSPM,$0.68,1439842833925,"13,874",50% bullish,of 2 ratings,N/A
BEAT,$12.35,1439842833951,"159,555",67% bearish,of 3 ratings,$15
BITI,$19.69,1439842834010,"27,752",100% bullish,of 1 rating,$28
BDMS,NULL,1439842834085,0,100% bearish,of 1 rating,N/A
BBOX,$15.93,1439842834180,"31,710",100% bearish,of 1 rating,N/A
BJRI,$46.59,1439842834228,"112,127",50% bullish,of 2 ratings,$55
BDE,$7.6,1439842834254,"78,273",50% bullish,of 2 ratings,$9
BBRY,$7.63,1439842834282,"1,784,102",61% bullish,of 330 ratings,$9
HAWK,$44.33,1439842834337,"312,192",90% bullish,of 10 ratings,$49
BLKB,$63.72,1439842834446,"89,891",100% bearish,of 2 ratings,$66
BKCC,$9.495,1439842834509,"144,088",100% bullish,of 2 ratings,$10
ADRA,NULL,1439842834610,0,Not yet rated,NULL,N/A
ADRD,$23.501,1439842834791,"4,514",100% bearish,of 1 rating,N/A
ADRE,$31.35,1439842835337,"10,387",Not yet rated,NULL,N/A
ADRU,$23.2492,1439842835438,"4,505",100% bearish,of 1 rating,N/A
BLMN,$21.89,1439842835472,"554,532",83% bullish,of 6 ratings,$27.50
BCOR,$13.765,1439842835494,"102,225",57% bullish,of 7 ratings,$15
BLBD,$12.98,1439842835570,"9,790",Not yet rated,NULL,N/A
BUFF,$26.38,1439842835595,"414,733",83% bullish,of 12 ratings,N/A
BHBK,$14.41,1439842835728,"20,872",100% bullish,of 1 rating,$14.50
NILE,$34.76,1439842835760,"54,846",50% bullish,of 2 ratings,$34
BBLU,$0.87,1439842835786,"95,678",100% bullish,of 2 ratings,$4.43
BLUE,$131.67,1439842835859,"378,246",86% bullish,of 7 ratings,$217.50
BPMC,$31,1439842835992,"197,778",50% bullish,of 2 ratings,$47.50
BNCN,$22.13,1439842836051,"47,231",Not yet rated,NULL,$22
BKEPP,NULL,1439842836076,0,100% bearish,of 1 rating,N/A
BKEP,$6.94,1439842836124,"18,181",100% bearish,of 1 rating,$8.50
BOBE,$46.44,1439842836149,"61,060",75% bullish,of 4 ratings,$57
BOFI,$131.39,1439842836218,"95,679",100% bullish,of 6 ratings,$137.50
WIFI,$9.16,1439842836453,"215,680",50% bullish,of 2 ratings,$13.50
BONA,$12.14,1439842836544,"259,727",75% bullish,of 4 ratings,$8.50
BOJA,$22.6138,1439842836593,"159,006",100% bullish,of 1 rating,$30
BNSO,$1.44,1439842836628,"70,374",100% bearish,of 1 rating,N/A
BOKF,$66.26,1439842836649,"72,614",100% bearish,of 1 rating,$71
BPFHW,$6.4,1439842836723,"1,278",100% bearish,of 1 rating,N/A
BAMM,$3.2199,1439842836748,"5,757",60% bullish,of 5 ratings,N/A
BPFHP,$25.7,1439842836997,"2,300",100% bearish,of 1 rating,N/A
BPFH,$12.495,1439842837071,"66,796",100% bearish,of 1 rating,$14
EPAY,$26.59,1439842837099,"46,652",100% bearish,of 2 ratings,$30
BDBD,$9.07,1439842837236,"405,505",60% bullish,of 5 ratings,$10
BCLI,$2.97,1439842837888,"86,444",80% bullish,of 5 ratings,$12
BBRG,$13.21,1439842837946,"62,724",67% bullish,of 3 ratings,$14.50
BBEP,$2.58,1439842838799,"1,367,652",69% bullish,of 13 ratings,$5.625
BLIN,$1.4,1439842838824,"2,800",50% bullish,of 2 ratings,$2.80
BRID,NULL,1439842838881,0,100% bearish,of 1 rating,N/A
BSFT,$34.19,1439842839016,"50,728",57% bullish,of 7 ratings,$40.50
BBEPP,$13.8899,1439842839361,"24,866",100% bearish,of 1 rating,N/A
BRCM,$51.51,1439842839415,"1,431,445",75% bullish,of 12 ratings,$56
BCOV,$5.49,1439842839442,"31,975",67% bullish,of 3 ratings,$10.20
BYFC,$1.43,1439842839467,500,50% bullish,of 2 ratings,N/A
BWEN,$3.6,1439842839499,"13,210",100% bullish,of 3 ratings,$8
BRCD,$10.115,1439842839529,"1,294,285",92% bullish,of 13 ratings,$12.50
BVSN,$6.05,1439842839551,"1,326",60% bearish,of 5 ratings,N/A
BDGE,$28.11,1439842839572,"6,462",Not yet rated,NULL,$31.75
BRKR,$20.38,1439842839953,"180,716",100% bearish,of 2 ratings,$22
BRKL,$10.865,1439842839982,"149,381",100% bearish,of 1 rating,$10.75
BRKS,$10.92,1439842840055,"100,326",67% bullish,of 3 ratings,$15.25
BLMT,$21.38,1439842840130,950,Not yet rated,NULL,N/A
BMTC,$30.09,1439842840161,"70,300",Not yet rated,NULL,$34
BSQR,$7.18,1439842840183,"220,496",67% bullish,of 3 ratings,N/A
BUR,$2.0401,1439842840268,"1,718",100% bearish,of 1 rating,$8
BLDR,$14.37,1439842840315,"350,172",50% bullish,of 2 ratings,$22
CFFI,$37,1439842840452,"5,958",100% bearish,of 1 rating,N/A
BWLD,$198.035,1439842840480,"107,338",82% bullish,of 11 ratings,$205
CHRW,$69.69,1439842840617,"568,385",Not yet rated,NULL,$72
CCMP,$45.8,1439842840647,"27,379",50% bullish,of 2 ratings,$59
CA,$29.65,1439842840669,"766,094",50% bullish,of 4 ratings,$33
CDNS,$21.78,1439842840698,"769,411",75% bullish,of 4 ratings,$22.50
CDZI,$7.25,1439842840828,"22,639",100% bearish,of 1 rating,N/A
CACQ,$7.47,1439842840910,"37,693",100% bearish,of 1 rating,$12.25
CZR,$7.55,1439842841080,"574,717",60% bearish,of 5 ratings,$10.50
PRSS,$4.74,1439842841110,"11,432",80% bullish,of 5 ratings,$4.50
CSTE,$48.47,1439842841147,"662,439",100% bearish,of 1 rating,$65
CLBS,$1.43,1439842841248,"169,515",79% bullish,of 14 ratings,$4
CLMS,$11.89,1439842841274,"74,662",Not yet rated,NULL,$10.50
CCD,$20.97,1439842841302,"92,668",Not yet rated,NULL,N/A
CHI,$11.01,1439842841330,"238,319",100% bearish,of 1 rating,N/A
CHY,$11.845,1439842841355,"252,695",Not yet rated,NULL,N/A
CHW,$8.1,1439842841513,"177,673",100% bearish,of 1 rating,N/A
CFGE,$11.0699,1439842841552,"2,000",Not yet rated,NULL,N/A
CGO,$12.83,1439842841644,"21,932",100% bearish,of 1 rating,N/A
CAMP,$16.68,1439842841674,"136,259",86% bullish,of 7 ratings,$25
CVGW,$53.82,1439842841780,"54,098",50% bullish,of 2 ratings,$58.50
CSQ,$10.58,1439842841805,"268,853",Not yet rated,NULL,N/A
CFNB,NULL,1439842841979,0,100% bearish,of 1 rating,N/A
CALM,$52,1439842842012,"346,667",80% bullish,of 5 ratings,$65
CAMB,NULL,1439842842114,0,Not yet rated,NULL,N/A
CALA,$5.48,1439842842185,"152,109",100% bullish,of 3 ratings,$19.50
ABCD,$4.68,1439842842216,"55,624",83% bullish,of 6 ratings,N/A
CALD,$16.48,1439842842246,"157,920",100% bearish,of 1 rating,$20.50
CAMBU,NULL,1439842842294,0,100% bearish,of 1 rating,N/A
CAMBW,NULL,1439842842346,0,Not yet rated,NULL,N/A
CAC,$40.8,1439842842450,"3,003",Not yet rated,NULL,N/A
CLMT,$26.65,1439842842488,"241,249",75% bullish,of 8 ratings,$31
CSIQ,$24.21,1439842842552,"1,486,068",86% bullish,of 28 ratings,$45
CAMT,$2.87,1439842842578,"26,866",73% bullish,of 11 ratings,$4
CGIX,$11.13,1439842842786,"18,783",67% bullish,of 3 ratings,$14.375
CBNJ,$10.93,1439842842812,"40,809",100% bullish,of 1 rating,N/A
CPHC,NULL,1439842842890,0,100% bearish,of 1 rating,N/A
CPLA,$49.67,1439842842990,"39,523",50% bullish,of 2 ratings,$65
CCBG,$15.08,1439842843098,"11,891",Not yet rated,NULL,$17.25
CBF,$30.52,1439842843139,"25,313",Not yet rated,NULL,$32
CPLP,$7.3,1439842843167,"284,706",71% bullish,of 7 ratings,$11
CSWC,$49.91,1439842843231,"30,492",Not yet rated,NULL,N/A
CFFN,$12.195,1439842843260,"335,448",Not yet rated,NULL,$12.75
CPTA,$15.13,1439842843281,"73,124",Not yet rated,NULL,$18.50
CAPNW,$0.6,1439842843443,"10,300",Not yet rated,NULL,N/A
CAPN,$2.38,1439842843471,"414,850",100% bullish,of 1 rating,$10.85
CAPR,$4.17,1439842843608,"16,920",Not yet rated,NULL,$12
CPST,$0.397,1439842843661,"549,933",95% bullish,of 22 ratings,$1
CARA,$22,1439842843742,"208,935",50% bullish,of 4 ratings,$27.50
CBYL,$6.45,1439842843794,"13,666",100% bearish,of 1 rating,$20
CARB,$11.59,1439842843872,"54,280",75% bullish,of 4 ratings,$12
CFNL,$23.51,1439842843933,"82,400",Not yet rated,NULL,$24
CRDC,$0.38,1439842843968,"69,536",100% bullish,of 1 rating,$1.25
CRME,$9.82,1439842844001,"5,383",89% bullish,of 9 ratings,$11.25
CATM,$35.39,1439842844072,"107,750",100% bearish,of 1 rating,$44
CDNA,$6.18,1439842844138,458,100% bearish,of 1 rating,$9
CSII,$24.16,1439842844167,"119,026",100% bearish,of 2 ratings,$42.125
CECO,$3.96,1439842844405,"226,883",67% bearish,of 3 ratings,$6
CTRE,$11.48,1439842844451,"225,016",50% bullish,of 2 ratings,N/A
CKEC,$23.81,1439842844477,"61,319",50% bullish,of 2 ratings,$35.915
CARO,$15.85,1439842844607,"26,140",100% bearish,of 1 rating,$19
CLBH,NULL,1439842844677,0,Not yet rated,NULL,$16.50
TAST,$12.98,1439842844748,"169,196",Not yet rated,NULL,$14.25
CRZO,$34.83,1439842844828,"350,167",67% bearish,of 3 ratings,$57
CRTN,NULL,1439842844855,0,100% bearish,of 1 rating,N/A
CART,$5.45,1439842844883,346,100% bearish,of 1 rating,N/A
CARV,$5.85,1439842844908,200,50% bullish,of 2 ratings,N/A
CWST,$6.49,1439842845144,"112,189",50% bullish,of 2 ratings,$7
CASM,$1.1,1439842845175,"17,912",100% bullish,of 1 rating,$3.50
CACB,$5.52,1439842845205,"9,836",Not yet rated,NULL,$5.50
CSCD,$14.13,1439842845231,"49,585",100% bullish,of 2 ratings,$17
CASY,$107.91,1439842845279,"148,170",50% bullish,of 2 ratings,$99.50
CASI,$1.48,1439842845304,"12,483",100% bullish,of 1 rating,$3.50
CASS,$51.265,1439842845572,"9,024",100% bearish,of 1 rating,N/A
CATYW,NULL,1439842845602,0,100% bearish,of 1 rating,N/A
CATB,$12.09,1439842845624,"20,625",100% bearish,of 1 rating,$28
CATY,$32.2,1439842845657,"209,704",100% bearish,of 1 rating,$33.50
CPRX,$4.19,1439842845724,"310,300",71% bullish,of 7 ratings,$7
CVCO,$73.13,1439842845793,"12,319",100% bearish,of 1 rating,N/A
CAVM,$73.97,1439842845823,"355,767",67% bearish,of 3 ratings,$72
CBFV,$19.9499,1439842845849,500,Not yet rated,NULL,N/A
CNLM,NULL,1439842846017,0,Not yet rated,NULL,N/A
CNLMR,NULL,1439842846042,0,Not yet rated,NULL,N/A
CNLMW,NULL,1439842846177,0,Not yet rated,NULL,N/A
CBOE,$64.37,1439842846261,"220,023",Not yet rated,NULL,$60
CDW,$39.74,1439842846316,"718,638",75% bullish,of 4 ratings,$44
CNLMU,NULL,1439842846343,0,100% bullish,of 1 rating,N/A
CECE,$10.69,1439842846394,"114,250",50% bullish,of 2 ratings,$16
CDK,$51.99,1439842846530,"254,445",67% bearish,of 3 ratings,$50
CPXX,$2.18,1439842846558,"70,076",100% bullish,of 2 ratings,$7
CELGZ,$2.07,1439842846707,"2,000",80% bullish,of 5 ratings,N/A
CLDX,$16.16,1439842846734,"990,245",89% bullish,of 9 ratings,$36
CLDN,$1.06,1439842846791,"233,031",71% bullish,of 7 ratings,$3
CLRB,$3.07,1439842846819,400,100% bearish,of 1 rating,N/A
CELG,$131.24,1439842846866,"1,294,826",92% bullish,of 13 ratings,$155.50
CLRBW,NULL,1439842846891,0,Not yet rated,NULL,N/A
CLLS,$33.58,1439842846958,"43,553",75% bullish,of 4 ratings,$51.50
CLSN,$2.19,1439842847202,"82,191",80% bullish,of 10 ratings,$7.50
CBMG,$22.38,1439842847250,"33,576",50% bullish,of 2 ratings,N/A
CLTX,$0.6101,1439842847277,"12,430",100% bullish,of 2 ratings,N/A
CYAD,$55.11,1439842847309,200,100% bullish,of 1 rating,$87.50
CSFL,$14.24,1439842847354,"75,491",Not yet rated,NULL,$15
CETX,$2.42,1439842847414,"59,031",Not yet rated,NULL,$5.60
CEMP,$37.63,1439842847486,"479,772",71% bullish,of 7 ratings,$48.50
CETV,$2.23,1439842847514,"35,723",67% bullish,of 3 ratings,$2.80
CFBK,NULL,1439842847679,0,Not yet rated,NULL,N/A
CENTA,$12.31,1439842847750,"35,711",Not yet rated,NULL,N/A
CVCY,$11.15,1439842847809,911,Not yet rated,NULL,$12
CENT,$11.54,1439842847835,"41,129",Not yet rated,NULL,$10
CENX,$5.825,1439842847905,"1,459,082",67% bullish,of 6 ratings,$9
CNBKA,$41.57,1439842848038,"1,542",100% bullish,of 1 rating,N/A
CNTY,$6.32,1439842848170,"42,303",80% bullish,of 5 ratings,$7.75
CPHD,$51.41,1439842848412,"368,727",50% bullish,of 2 ratings,$67
CERE,$1.69,1439842848445,"534,910",88% bullish,of 8 ratings,N/A
CRNT,$1.48,1439842848543,"390,993",50% bullish,of 2 ratings,$2
CERN,$64.52,1439842848568,"1,124,200",67% bullish,of 3 ratings,$79
KOOL,$0.71,1439842848619,"14,415",100% bullish,of 5 ratings,$7
CERS,$4.89,1439842848698,"325,177",75% bullish,of 4 ratings,$7
CYOU,$20.085,1439842848997,"192,976",50% bullish,of 6 ratings,$24
CEVA,$19.37,1439842849024,"53,969",100% bearish,of 1 rating,$25
HOTR,$1.53,1439842849083,"655,656",100% bullish,of 2 ratings,$5
HOTRW,NULL,1439842849154,0,Not yet rated,NULL,N/A
GTLS,$25.07,1439842849286,"180,790",50% bullish,of 4 ratings,$40
CHFN,$12.55,1439842849312,"7,625",Not yet rated,NULL,$14
CHKP,$82.21,1439842849528,"480,710",50% bullish,of 4 ratings,$92
CERU,$3.51,1439842849606,"120,458",75% bullish,of 4 ratings,$15
CHEKW,$1.21,1439842849636,"1,125",Not yet rated,NULL,N/A
CHTR,$187.08,1439842849684,"636,862",100% bearish,of 2 ratings,$196
CHEK,$3.3,1439842849709,550,Not yet rated,NULL,$7.75
CTHR,$1.21,1439842849740,"4,615",50% bullish,of 2 ratings,$2.50
CEMI,$4.69,1439842849769,"3,400",50% bullish,of 2 ratings,$7.50
CHFC,$32.87,1439842849903,"18,469",100% bearish,of 1 rating,$36
CCXI,$6.82,1439842850006,"30,774",67% bullish,of 3 ratings,$14
CHMG,$26.5,1439842850273,727,Not yet rated,NULL,$30
CHMA,$27.57,1439842850403,"322,314",Not yet rated,NULL,$40
CHKE,$27.75,1439842850429,"9,597",100% bearish,of 1 rating,$32.50
CHEV,$14.35,1439842850457,"8,299",Not yet rated,NULL,N/A
PLCE,$60.2,1439842850483,"157,358",100% bearish,of 1 rating,$71
CBNK,$16.62,1439842850514,100,100% bearish,of 1 rating,N/A
CMRX,$53.22,1439842850538,"128,039",50% bullish,of 2 ratings,$57
CADC,NULL,1439842850617,0,78% bullish,of 9 ratings,N/A
CALI,$0.88,1439842850689,"48,119",67% bullish,of 3 ratings,N/A
CBAK,$2.37,1439842850845,"15,798",67% bullish,of 9 ratings,N/A
CBPO,$111.13,1439842850898,"118,869",75% bullish,of 8 ratings,$140.50
CCCL,$0.9899,1439842850923,"1,700",100% bullish,of 6 ratings,N/A
CCCR,$0.6584,1439842850977,"15,154",67% bearish,of 3 ratings,N/A
CAAS,$6.94,1439842851003,"46,505",93% bullish,of 14 ratings,$11.50
JRJC,$4.38,1439842851222,"30,254",82% bullish,of 11 ratings,N/A
CHOP,$1.2,1439842851274,"5,926",50% bullish,of 2 ratings,N/A
CHLN,$1.38,1439842851306,928,67% bullish,of 3 ratings,N/A
HGSH,$1.79,1439842851357,"7,763",67% bullish,of 3 ratings,N/A
CJJD,$2.27,1439842851386,"61,176",100% bullish,of 1 rating,N/A
CNIT,$1.84,1439842851458,"155,362",67% bullish,of 6 ratings,N/A
CHNR,NULL,1439842851485,0,100% bearish,of 1 rating,N/A
HTHT,$24.04,1439842851534,"341,987",50% bullish,of 2 ratings,$28
CPGI,$6.96,1439842851751,624,Not yet rated,NULL,N/A
CREG,$0.83,1439842851778,"37,497",100% bullish,of 3 ratings,N/A
CSUN,$1.56,1439842851830,"10,806",80% bullish,of 5 ratings,N/A
CNTF,$0.92,1439842851910,"19,126",Not yet rated,NULL,N/A
CXDC,$6.21,1439842851940,"13,698",67% bullish,of 3 ratings,N/A
CNYD,$3.2,1439842851998,"4,214",67% bullish,of 3 ratings,N/A
CNET,$0.82,1439842852029,"100,481",50% bullish,of 2 ratings,N/A
CCIH,$10.19,1439842852098,"51,725",67% bullish,of 6 ratings,$12.65
CHSCL,$27.12,1439842852330,"40,913",Not yet rated,NULL,N/A
CHSCM,$26.3199,1439842852409,"19,777",Not yet rated,NULL,N/A
CHSCN,$27.4699,1439842852437,"8,665",Not yet rated,NULL,N/A
IMOS,$16.65,1439842852466,"116,615",60% bullish,of 5 ratings,$21.50
CHSCO,$28.52,1439842852569,"3,112",Not yet rated,NULL,N/A
CHSCP,$30.54,1439842852637,"1,866",Not yet rated,NULL,N/A
CHDN,$137.66,1439842852742,"71,442",Not yet rated,NULL,$165
CDTX,$14.72,1439842852776,"21,925",Not yet rated,NULL,$22
CHUY,$33.57,1439842852802,"115,715",50% bullish,of 2 ratings,$34
CMPR,$70.44,1439842852869,"158,069",50% bullish,of 2 ratings,$72.50
CIFC,$7.3,1439842852946,3,Not yet rated,NULL,N/A
CINF,$56.57,1439842852973,"211,224",50% bullish,of 4 ratings,$50.50
CMCT,NULL,1439842853002,0,100% bearish,of 1 rating,N/A
CIDM,$0.66,1439842853053,"338,045",50% bullish,of 2 ratings,$2.10
CTAS,$89.15,1439842853186,"152,343",100% bearish,of 1 rating,$91
CPHR,$7.06,1439842853262,"10,310",100% bearish,of 1 rating,$16
CRUS,$29.64,1439842853404,"295,450",75% bullish,of 12 ratings,$44.50
CTRN,$22.58,1439842853434,"78,025",100% bearish,of 1 rating,$29.50
CSCO,$28.845,1439842853545,"12,253,158",84% bullish,of 208 ratings,$32.50
CZWI,NULL,1439842853573,0,Not yet rated,NULL,N/A
CZNC,$20.27,1439842853603,"3,451",Not yet rated,NULL,N/A
CZFC,NULL,1439842853705,0,Not yet rated,NULL,N/A
CIZN,$19.93,1439842853839,"1,500",Not yet rated,NULL,N/A
CTXS,$77.73,1439842853867,"361,572",86% bullish,of 7 ratings,$80
CHCO,$48.66,1439842853892,"15,645",Not yet rated,NULL,$46
CIVB,$10.3,1439842853918,606,Not yet rated,NULL,$11
CIVBP,NULL,1439842854050,0,Not yet rated,NULL,N/A
CDTI,$1.72,1439842854075,"159,543",75% bullish,of 4 ratings,$3.25
CLNE,$4.705,1439842854117,"861,222",80% bullish,of 15 ratings,$9
CLNT,$1.99,1439842854302,"44,639",75% bullish,of 8 ratings,N/A
CLFD,$18.5,1439842854453,"15,207",67% bullish,of 3 ratings,$18
CLVS,$80.32,1439842854945,"176,696",60% bullish,of 5 ratings,$101.50
CBLI,$3.71,1439842854979,"36,432",60% bullish,of 5 ratings,N/A
CSBK,$13.99,1439842855001,"51,707",Not yet rated,NULL,N/A
CMFN,$11,1439842855023,"20,282",100% bearish,of 1 rating,$15.50
CLIR,$5.39,1439842855065,"58,227",100% bullish,of 3 ratings,N/A
CCNE,$17.66,1439842855092,"7,022",50% bullish,of 2 ratings,$21.50
CME,$98.29,1439842855160,"424,814",67% bullish,of 3 ratings,$102
CLRO,$11.82,1439842855189,"3,839",50% bullish,of 2 ratings,$14.25
CISG,$8.5301,1439842855322,"65,070",100% bullish,of 5 ratings,$10
CNV,$4.8,1439842855356,"18,385",50% bullish,of 2 ratings,$7.15
COBZ,$13.12,1439842855384,"59,014",100% bullish,of 1 rating,$14
CWAY,$11.51,1439842855457,800,Not yet rated,NULL,N/A
COKE,$166.03,1439842855515,"9,070",79% bullish,of 19 ratings,N/A
CDRB,$13.79,1439842855587,"11,608",67% bullish,of 3 ratings,N/A
CDXS,$3.91,1439842855715,"96,576",64% bullish,of 11 ratings,$6
CVLY,NULL,1439842855743,0,Not yet rated,NULL,N/A
CCOI,$29.25,1439842855808,"249,504",50% bullish,of 4 ratings,$35
JVA,$4.7599,1439842855837,"2,225",83% bullish,of 6 ratings,$7
CGNT,$1.61,1439842855870,"41,685",100% bullish,of 2 ratings,$2
CTSH,$67.68,1439842856067,"1,459,192",90% bullish,of 10 ratings,$74.50
CHRS,$33.19,1439842856169,"99,351",67% bearish,of 3 ratings,$37
CGNX,$36.97,1439842856195,"428,533",50% bullish,of 2 ratings,$47
COHR,$59.2,1439842856233,"57,857",50% bullish,of 2 ratings,$72
COHU,$9.44,1439842856330,"41,996",100% bearish,of 1 rating,$14.25
CLRX,$0.5,1439842856358,"19,258",50% bullish,of 2 ratings,$1.85
CLCT,$19.76,1439842856390,"6,912",100% bearish,of 1 rating,N/A
COLL,$16.5,1439842856496,"45,034",100% bearish,of 1 rating,$26
CIGI,$47.15,1439842856597,"8,272",100% bearish,of 1 rating,$52
CBAN,$8.81,1439842856625,200,Not yet rated,NULL,N/A
COLB,$33.45,1439842856727,"149,433",Not yet rated,NULL,$36
CLCD,$7.8,1439842856779,"24,558",100% bearish,of 1 rating,$20.50
COLM,$66.26,1439842856805,"64,665",100% bearish,of 1 rating,$71
CBMX,$1.3,1439842856967,"15,078",83% bullish,of 6 ratings,$3.15
CMCO,$21.86,1439842857004,"21,388",60% bullish,of 5 ratings,$28
CMCSA,$60.425,1439842857032,"6,767,306",66% bullish,of 35 ratings,$69.50
CMCSK,$60.82,1439842857054,"2,237,852",Not yet rated,NULL,$84
CUBN,$13.7701,1439842857183,"16,235",Not yet rated,NULL,N/A
CBSH,$47.63,1439842857209,"154,426",50% bullish,of 2 ratings,$46
CBSHP,$25.335,1439842857238,"5,004",100% bearish,of 1 rating,N/A
CSAL,$23.26,1439842857381,"471,610",75% bullish,of 4 ratings,$30
CVGI,$4.63,1439842857407,"184,135",50% bullish,of 2 ratings,$6
COMM,$31.79,1439842857428,"495,757",67% bearish,of 3 ratings,$35
JCS,$10.05,1439842857627,"1,453",67% bullish,of 3 ratings,N/A
ESXB,$5.07,1439842857716,"25,213",Not yet rated,NULL,N/A
CWBC,$6.74,1439842857819,"3,500",Not yet rated,NULL,N/A
CYHHZ,$0.011,1439842857862,"114,100",100% bullish,of 1 rating,N/A
CTBI,$35.18,1439842857888,"15,252",Not yet rated,NULL,$36
CIZ,$35.26,1439842857959,"3,912",100% bearish,of 1 rating,N/A
COB,$10.79,1439842857987,"3,957",100% bullish,of 1 rating,$11.50
CIL,NULL,1439842858013,0,Not yet rated,NULL,N/A
CID,NULL,1439842858154,0,Not yet rated,NULL,N/A
CVLT,$37.93,1439842858183,"419,504",75% bullish,of 4 ratings,$44.50
CSA,NULL,1439842858237,0,Not yet rated,NULL,N/A
CDC,$36.86,1439842858382,"5,255",Not yet rated,NULL,N/A
CSF,$38.59,1439842858445,524,100% bearish,of 1 rating,N/A
CFO,$37.72,1439842858525,"10,281",100% bearish,of 1 rating,N/A
CFA,$37.7189,1439842858553,782,100% bearish,of 1 rating,N/A
CDL,NULL,1439842858682,0,Not yet rated,NULL,N/A
CSB,NULL,1439842858809,0,Not yet rated,NULL,N/A
CTG,$6.47,1439842858904,"77,091",100% bearish,of 1 rating,$8.50
CPSI,$46.3,1439842858952,"30,650",100% bearish,of 1 rating,$45.50
SCOR,$64.6,1439842858980,"151,614",100% bearish,of 1 rating,$66
CGEN,$5.63,1439842859009,"100,048",50% bullish,of 2 ratings,$11
CHCI,$0.55,1439842859144,"26,700",50% bullish,of 2 ratings,N/A
CMTL,$28.31,1439842859173,"25,577",100% bearish,of 2 ratings,$37
CNSI,$19.64,1439842859208,"49,225",100% bearish,of 2 ratings,$29
CNCE,$17.22,1439842859342,"143,034",75% bullish,of 4 ratings,$22
CXRX,$78.11,1439842859371,"4,255",Not yet rated,NULL,$90
CNAT,$4.22,1439842859400,"67,177",83% bullish,of 6 ratings,$13
CCUR,$5.09,1439842859533,"17,030",75% bullish,of 4 ratings,N/A
CDOR,$1.43,1439842859565,"9,224",100% bullish,of 1 rating,N/A
CDORP,$7.25,1439842859611,600,100% bearish,of 1 rating,N/A
CDORO,$19,1439842859663,850,100% bearish,of 1 rating,N/A
CFMS,$22.23,1439842859762,"177,254",Not yet rated,NULL,$27
CNMD,$56.91,1439842859826,"34,451",Not yet rated,NULL,$59
CNFR,$10.5,1439842859863,"19,025",Not yet rated,NULL,N/A
CTWS,$35.16,1439842859958,"6,793",100% bearish,of 1 rating,$44
CNXR,$6.9,1439842859984,"19,080",100% bearish,of 1 rating,$12
CNOB,$20.41,1439842860043,"30,324",100% bullish,of 1 rating,$23.50
CONN,$34.37,1439842860134,"228,034",67% bullish,of 3 ratings,$48.50
CNSL,$20.55,1439842860292,"59,462",100% bearish,of 1 rating,$23
CTCT,$24.7,1439842860352,"117,389",67% bullish,of 3 ratings,$37
CWCO,$12.09,1439842860449,"47,171",67% bullish,of 3 ratings,$14.50
CFRX,$5.4,1439842860480,"110,907",Not yet rated,NULL,$14
CTRV,$4.58,1439842860524,"11,009",Not yet rated,NULL,$6.40
CPSS,$5.72,1439842860555,"21,097",100% bullish,of 1 rating,$10
CFRXW,$2,1439842860576,"14,200",100% bearish,of 1 rating,N/A
CFRXZ,$0.71,1439842860608,"38,680",Not yet rated,NULL,N/A
CTRL,$8.565,1439842860713,"86,815",50% bullish,of 2 ratings,$11
CPRT,$36.72,1439842861000,"106,332",67% bearish,of 3 ratings,$40
CRBP,$1.92,1439842861058,"44,101",100% bullish,of 1 rating,$6.25
CORT,$5.48,1439842861085,"141,669",67% bullish,of 3 ratings,$12
CORI,$11.71,1439842861106,"31,986",100% bearish,of 1 rating,$18
CORE,$64.4,1439842861135,"59,374",100% bearish,of 1 rating,$72
BVA,$3.9,1439842861322,101,50% bullish,of 2 ratings,N/A
CSOD,$38.47,1439842861348,"236,237",50% bullish,of 2 ratings,$42
CRVL,$33.49,1439842861405,"7,366",100% bearish,of 1 rating,N/A
COST,$146.17,1439842861484,"393,832",83% bullish,of 24 ratings,$154.50
COSI,$1.19,1439842861547,"122,168",100% bullish,of 1 rating,N/A
CPAH,$0.46,1439842861568,"2,985",50% bullish,of 2 ratings,N/A
ICBK,$18.43,1439842861601,"1,380",Not yet rated,NULL,$21
CSGP,$196.16,1439842861628,"52,174",50% bullish,of 2 ratings,$235
COVS,$2.82,1439842861765,"134,596",67% bullish,of 3 ratings,N/A
CVTI,$25.78,1439842861792,"53,382",67% bearish,of 3 ratings,$39
COWN,$5.545,1439842861934,"991,368",75% bullish,of 4 ratings,$7
COWNL,$26.78,1439842862066,"1,400",Not yet rated,NULL,N/A
CRAI,$23.55,1439842862095,"28,881",Not yet rated,NULL,$36
CPSH,$2.4,1439842862150,203,Not yet rated,NULL,N/A
BREW,$8.16,1439842862195,"42,937",67% bullish,of 6 ratings,$15
CRAY,$22.84,1439842862243,"145,111",83% bullish,of 6 ratings,$38.50
CACC,$206.51,1439842862276,"62,792",50% bullish,of 2 ratings,$158.50
CBRL,$152.25,1439842862379,"129,103",50% bullish,of 2 ratings,$155
SLVO,$10.5664,1439842862417,"2,614",100% bearish,of 1 rating,N/A
GLDI,$10.97,1439842862511,"1,482",100% bearish,of 1 rating,N/A
CRESY,$11.67,1439842862540,"12,939",100% bearish,of 1 rating,$19
CREE,$27.56,1439842862567,"682,003",65% bullish,of 17 ratings,$28.50
CRTO,$46.91,1439842862702,"156,456",67% bullish,of 6 ratings,$64
CROX,$14.815,1439842862727,"611,701",63% bullish,of 8 ratings,$16.50
CCRN,$14.21,1439842862947,"158,873",100% bearish,of 1 rating,$14.25
CRWN,$4.81,1439842863002,"47,809",75% bullish,of 4 ratings,N/A
CRWS,$8.102,1439842863032,"5,839",Not yet rated,NULL,$10
CRDS,$1.11,1439842863053,"17,567",50% bullish,of 4 ratings,$4.50
CYRXW,$0.85,1439842863183,"46,271",Not yet rated,NULL,N/A
CYRX,$2.93,1439842863342,"65,469",Not yet rated,NULL,$9
CCLP,$14.9,1439842863372,"30,222",67% bearish,of 3 ratings,$21
CSGS,$32.27,1439842863407,"54,805",Not yet rated,NULL,$40
CTIC,$1.825,1439842863440,"352,274",84% bullish,of 76 ratings,$5.75
CSPI,$6.18,1439842863470,"4,900",67% bullish,of 3 ratings,N/A
CTCM,$1.77,1439842863573,"186,765",80% bearish,of 5 ratings,$3.90
CTIB,NULL,1439842863651,0,100% bearish,of 1 rating,N/A
CTRP,$72.75,1439842863708,"447,810",75% bullish,of 8 ratings,$92
CUNB,$22.6399,1439842863783,"3,000",Not yet rated,NULL,$24.50
CUI,$5.57,1439842863853,"64,020",50% bullish,of 2 ratings,$10
CPIX,$6,1439842863936,"9,100",Not yet rated,NULL,N/A
CUTR,$15.05,1439842864070,"26,317",67% bearish,of 3 ratings,$18
CMLS,$1.285,1439842864100,"543,345",50% bullish,of 4 ratings,$6
CRIS,$2.92,1439842864203,"260,649",100% bullish,of 8 ratings,$6
CVV,$12.7,1439842864234,"150,426",100% bullish,of 5 ratings,N/A
CYBR,$60.05,1439842864309,"1,045,241",86% bullish,of 7 ratings,$66
CVBF,$17.55,1439842864339,"118,351",Not yet rated,NULL,$18
CYAN,$7.6129,1439842864365,"1,360",100% bearish,of 1 rating,N/A
CYBE,$5.65,1439842864530,"10,649",100% bearish,of 1 rating,N/A
CYCC,$0.6,1439842864561,"61,879",73% bullish,of 11 ratings,N/A
CYBX,$59.36,1439842864626,"98,979",50% bullish,of 4 ratings,$70
CYCCP,NULL,1439842864693,0,100% bearish,of 1 rating,N/A
CBAY,$2.76,1439842864826,"104,456",100% bullish,of 1 rating,$4
CYNA,$15.05,1439842864874,"6,313",100% bullish,of 1 rating,$33
CYNO,$34.39,1439842864905,"88,959",67% bearish,of 3 ratings,$45.50
CY,$10.3,1439842865004,"2,323,053",80% bullish,of 10 ratings,$15.50
CTSO,$7.69,1439842865049,"193,746",Not yet rated,NULL,$15.625
CYRN,$1.66,1439842865079,"315,576",67% bullish,of 3 ratings,$4
CYTK,$6.74,1439842865182,"120,797",71% bullish,of 14 ratings,$13.50
CONE,$34.41,1439842865223,"633,536",67% bearish,of 3 ratings,$35
CYTX,$0.39,1439842865357,"577,570",83% bullish,of 12 ratings,$5.50
CYTR,$2.44,1439842865389,"351,706",67% bullish,of 6 ratings,$10
TVIZ,NULL,1439842865414,0,100% bearish,of 1 rating,N/A
DAEG,$0.35,1439842865485,"33,100",100% bearish,of 1 rating,N/A
TVIX,$5.505,1439842865583,"2,808,544",81% bullish,of 16 ratings,N/A
ZIV,$50.15,1439842865653,"55,889",Not yet rated,NULL,N/A
XIV,$48.43,1439842865710,"4,550,549",75% bearish,of 4 ratings,N/A
DJCO,$210.5,1439842865810,"10,603",Not yet rated,NULL,N/A
DAKT,$12.22,1439842865843,"83,329",50% bullish,of 2 ratings,$14
DTLK,$6.06,1439842865914,"32,096",100% bearish,of 1 rating,$9
DAIO,$2.69,1439842865942,"1,712",Not yet rated,NULL,N/A
DARA,$0.9012,1439842865974,"49,503",83% bullish,of 6 ratings,$1.50
DRAM,$1.499,1439842866075,"5,004",78% bullish,of 9 ratings,N/A
DWCH,$5.26,1439842866122,"22,288",75% bullish,of 4 ratings,$8.25
PLAY,$37.26,1439842866218,"92,565",100% bullish,of 5 ratings,$42
DTEA,$13.5,1439842866290,"135,407",100% bearish,of 2 ratings,$24
DWSN,$5.15,1439842866437,"55,125",67% bullish,of 3 ratings,$6
TRAK,$62.41,1439842866537,"84,162",50% bullish,of 2 ratings,$62.50
DBVT,$42,1439842866564,"56,311",100% bearish,of 1 rating,$53
DHRM,$1.73,1439842866598,75,Not yet rated,NULL,N/A
TACO,$13.71,1439842866694,"353,632",100% bullish,of 3 ratings,$20
DFRG,$15.44,1439842866716,"77,774",100% bearish,of 1 rating,$20
DCTH,$0.4936,1439842866798,"174,273",78% bullish,of 9 ratings,N/A
DELT,$2.389,1439842866826,"1,723",Not yet rated,NULL,N/A
TACOW,$4.45,1439842866854,"28,909",100% bullish,of 1 rating,N/A
DGAS,$20.17,1439842866983,"3,740",67% bearish,of 3 ratings,N/A
DELTW,$0.17,1439842867013,"12,000",Not yet rated,NULL,N/A
XRAY,$56.75,1439842867084,"320,051",100% bullish,of 1 rating,$58
DEPO,$31.45,1439842867112,"588,357",60% bullish,of 5 ratings,$32
DENN,$12.57,1439842867170,"233,719",100% bullish,of 3 ratings,$15
DSCI,$6.43,1439842867242,"84,237",50% bullish,of 2 ratings,$16
DERM,$25.145,1439842867346,"92,189",100% bearish,of 1 rating,$23
DEST,$12.36,1439842867483,"49,249",50% bullish,of 2 ratings,N/A
DXLG,$4.88,1439842867539,"8,180",100% bearish,of 1 rating,$8
DXM,$0.3201,1439842867561,"142,821",50% bullish,of 2 ratings,N/A
DSWL,$1.767,1439842867582,347,100% bullish,of 1 rating,N/A
DXCM,$98.04,1439842867637,"401,033",57% bullish,of 7 ratings,$98
DHXM,NULL,1439842867726,0,Not yet rated,NULL,N/A
DHIL,$193.45,1439842867770,"2,823",Not yet rated,NULL,N/A
DMND,$32.23,1439842867817,"62,667",75% bullish,of 12 ratings,$32
FANG,$72.18,1439842867922,"459,997",50% bullish,of 2 ratings,$86
DCIX,$1.89,1439842867972,"15,548",50% bullish,of 4 ratings,$3.50
DRNA,$11.11,1439842868051,"45,666",67% bearish,of 3 ratings,$25
DRAD,$4.18,1439842868183,"16,647",100% bullish,of 1 rating,$5.25
DMRC,$38.07,1439842868212,"35,072",100% bearish,of 1 rating,$44
DGLY,$7.74,1439842868234,"99,557",50% bullish,of 6 ratings,$20
DGII,$10.08,1439842868264,"30,706",100% bearish,of 1 rating,$10
DCOM,$17.355,1439842868402,"44,912",100% bearish,of 2 ratings,$16.50
APPS,$2.35,1439842868423,"79,631",100% bearish,of 1 rating,$10.25
DPRX,$13.31,1439842868500,"16,828",100% bullish,of 2 ratings,$27.75
DIOD,$20.49,1439842868525,"102,831",75% bearish,of 4 ratings,$24
DISCA,$29.32,1439842868597,"1,286,532",67% bullish,of 3 ratings,$34
DISCB,NULL,1439842868665,0,100% bearish,of 1 rating,$35
DSCO,$0.475,1439842868800,"312,151",83% bullish,of 6 ratings,$2.75
DISCK,$27.68,1439842868862,"686,041",100% bearish,of 1 rating,$40
DLHC,$2.5148,1439842868962,"1,050",100% bearish,of 1 rating,N/A
DISH,$67.19,1439842868993,"502,455",69% bullish,of 13 ratings,$73
DVCR,$11.77,1439842869028,"2,737",100% bullish,of 1 rating,N/A
BAGR,$2.997,1439842869050,"12,022",100% bearish,of 1 rating,$6
DNBF,$26.54,1439842869134,998,Not yet rated,NULL,$27.50
DLTR,$78.5,1439842869182,"575,582",82% bullish,of 11 ratings,$88
DGICA,$14.74,1439842869324,"10,263",100% bearish,of 1 rating,$17
DGICB,$21.37,1439842869350,4,100% bearish,of 1 rating,N/A
DMLP,$14.92,1439842869423,"29,826",100% bearish,of 1 rating,N/A
DORM,$52.15,1439842869488,"109,252",100% bearish,of 1 rating,$56
DRWI,$0.3014,1439842869621,"76,400",60% bullish,of 5 ratings,$.45
HILL,$5.44,1439842869671,"249,969",60% bearish,of 5 ratings,$8
DWA,$19.64,1439842869766,"192,847",63% bullish,of 8 ratings,$26
DRWIW,NULL,1439842869809,0,Not yet rated,NULL,N/A
DSKX,$3.8,1439842869854,"1,180,523",100% bullish,of 1 rating,N/A
DRYS,$0.365,1439842869899,"2,504,167",77% bullish,of 31 ratings,$.60
CADT,NULL,1439842869955,0,Not yet rated,NULL,N/A
DSPG,$8.87,1439842869998,"23,140",100% bearish,of 1 rating,$13.50
CADTR,$0.195,1439842870179,300,Not yet rated,NULL,N/A
CADTW,NULL,1439842870229,0,Not yet rated,NULL,N/A
CADTU,NULL,1439842870254,0,Not yet rated,NULL,N/A
DTSI,$27.75,1439842870311,"56,079",100% bearish,of 2 ratings,$39.50
DNKN,$52.54,1439842870408,"256,980",67% bullish,of 15 ratings,$56.50
DRRX,$2.26,1439842870437,"178,196",50% bullish,of 6 ratings,$3
BOOM,$10.115,1439842870663,"31,203",67% bullish,of 3 ratings,$12
DYNT,$3.0001,1439842870698,"3,650",75% bullish,of 4 ratings,N/A
DXPE,$29.74,1439842870762,"96,612",50% bullish,of 2 ratings,N/A
DYSL,NULL,1439842870789,0,100% bullish,of 2 ratings,N/A
DYAX,$23.47,1439842870815,"356,936",89% bullish,of 9 ratings,$30
DVAX,$30.165,1439842870842,"170,540",70% bullish,of 10 ratings,$40
EBMT,NULL,1439842870976,0,Not yet rated,NULL,$13.50
EGBN,$44.96,1439842871017,"132,921",Not yet rated,NULL,$48
ETFC,$28.66,1439842871070,"902,600",57% bullish,of 14 ratings,$33
EGLE,$7.52,1439842871179,"14,037",60% bullish,of 5 ratings,N/A
EGRX,$72.13,1439842871207,"262,197",67% bullish,of 3 ratings,$97
ELNK,$9.225,1439842871249,"692,690",80% bullish,of 5 ratings,$9.50
EROC,$1.495,1439842871275,"232,602",50% bullish,of 2 ratings,$3
EWBC,$45.21,1439842871403,"801,315",100% bearish,of 1 rating,$50
EACQU,$10.05,1439842871487,900,Not yet rated,NULL,N/A
EML,$17.2,1439842871555,"2,777",Not yet rated,NULL,N/A
EVBS,NULL,1439842871625,0,Not yet rated,NULL,$7
EBAY,$28.3,1439842871656,"4,143,022",81% bullish,of 117 ratings,$48
ELON,$0.5564,1439842871683,"38,142",50% bullish,of 2 ratings,N/A
ECHO,$25.08,1439842871766,"133,758",67% bearish,of 3 ratings,$36
EBIX,$30.99,1439842871815,"62,105",69% bullish,of 13 ratings,$40
ECTE,$1.578,1439842871841,"123,675",75% bullish,of 4 ratings,N/A
SATS,$46.75,1439842872096,"40,788",50% bullish,of 2 ratings,$60
EEI,$11.1475,1439842872122,"1,284",67% bearish,of 3 ratings,N/A
ECACU,$10.02,1439842872162,"1,100",Not yet rated,NULL,N/A
ESES,$3.56,1439842872195,"6,827",100% bearish,of 1 rating,$7
EDUC,$4.65,1439842872258,"1,900",100% bearish,of 1 rating,N/A
EDAP,$3.62,1439842872327,"22,953",60% bullish,of 5 ratings,$4.50
EFUT,$4.57,1439842872362,"4,185",Not yet rated,NULL,N/A
EDGW,$7.1,1439842872384,258,100% bearish,of 1 rating,N/A
EGAN,$3.48,1439842872459,"88,841",50% bullish,of 2 ratings,$6.25
EGLT,$12.89,1439842872654,"51,040",50% bullish,of 2 ratings,$21
EMITF,$1.29,1439842872687,"10,608",75% bullish,of 4 ratings,N/A
EHTH,$14.93,1439842872708,"84,303",50% bullish,of 4 ratings,$16.50
LOCO,$14.67,1439842872783,"1,334,282",69% bullish,of 13 ratings,$23
ESLT,$81.71,1439842872842,"5,970",100% bullish,of 2 ratings,N/A
ERI,$9.78,1439842872975,"180,882",100% bearish,of 1 rating,$10
ELRC,$10.29,1439842873003,"11,290",100% bearish,of 1 rating,N/A
EFII,$46.15,1439842873146,"84,649",80% bullish,of 5 ratings,$55
ESIO,$4.66,1439842873251,"83,471",50% bullish,of 2 ratings,$10
ELSE,$4.08,1439842873278,"5,348",60% bullish,of 5 ratings,N/A
ELEC,NULL,1439842873331,0,Not yet rated,NULL,N/A
ELECU,NULL,1439842873418,0,Not yet rated,NULL,N/A
EBIO,$4.02,1439842873450,"1,221,030",100% bearish,of 2 ratings,$8.35
EA,$73.705,1439842873476,"1,307,187",77% bullish,of 35 ratings,$80
ELECW,NULL,1439842873556,0,Not yet rated,NULL,N/A
RDEN,$10.3,1439842873717,"71,908",100% bearish,of 4 ratings,$15
ESBK,NULL,1439842873745,0,Not yet rated,NULL,N/A
CAPX,NULL,1439842873780,0,Not yet rated,NULL,N/A
ELTK,$1.13,1439842873810,"10,745",67% bearish,of 3 ratings,N/A
LONG,$17.08,1439842873911,"92,690",67% bullish,of 3 ratings,$15.75
EMCI,$24.37,1439842873936,"4,929",Not yet rated,NULL,N/A
EMCF,$23.9899,1439842874113,363,100% bearish,of 1 rating,N/A
EMKR,$7.35,1439842874141,"638,134",75% bullish,of 4 ratings,$8.50
EMMSP,$3.38,1439842874175,400,100% bearish,of 1 rating,N/A
EMMS,$1.23,1439842874202,"42,731",67% bullish,of 6 ratings,N/A
NYNY,$4.485,1439842874363,"27,480",50% bullish,of 2 ratings,N/A
ERS,$3,1439842874388,"15,902",Not yet rated,NULL,N/A
ENTA,$41.28,1439842874417,"90,709",50% bullish,of 2 ratings,$42
WIRE,$33.87,1439842874549,"49,542",100% bearish,of 1 rating,$41
ENDP,$86.41,1439842874583,"806,506",50% bullish,of 6 ratings,$104
ECYT,$5.445,1439842874609,"156,845",83% bullish,of 6 ratings,$12
ECPG,$40.97,1439842874640,"82,410",100% bullish,of 2 ratings,$52
ELGX,$13.05,1439842874681,"524,935",75% bullish,of 4 ratings,$17
EIGI,$16.26,1439842874710,"437,649",67% bearish,of 3 ratings,$20
WATT,$7.06,1439842874929,"89,147",50% bullish,of 2 ratings,$13
ERII,$2.91,1439842874954,"47,444",80% bullish,of 5 ratings,$2.50
EFOI,$16.32,1439842875083,"856,919",50% bullish,of 2 ratings,$17
EXXI,$1.685,1439842875176,"506,219",86% bullish,of 7 ratings,$3.50
ESGR,$161.62,1439842875228,"27,288",100% bearish,of 1 rating,$185
ENPH,$5.6,1439842875257,"282,174",75% bullish,of 4 ratings,$11
ENG,$1.09,1439842875287,"15,542",100% bullish,of 3 ratings,N/A
ENOC,$8.96,1439842875309,"127,930",75% bullish,of 4 ratings,$18
ENFC,NULL,1439842875344,0,Not yet rated,NULL,N/A
ENTG,$14.705,1439842875441,"339,392",100% bearish,of 1 rating,$18
ETRM,$0.27,1439842875573,"650,502",69% bearish,of 35 ratings,$1.625
EBTC,$21.21,1439842875619,806,Not yet rated,NULL,N/A
ENTL,$22.72,1439842875649,"13,536",Not yet rated,NULL,$28
EFSC,$24.76,1439842875671,"15,743",Not yet rated,NULL,$27
ENVI,$1.855,1439842875760,"25,600",67% bullish,of 3 ratings,N/A
EGT,$2.2399,1439842875816,"1,753",100% bullish,of 1 rating,N/A
ENZN,$1.105,1439842876025,"839,824",100% bullish,of 9 ratings,N/A
PLUS,$75.73,1439842876060,"45,896",50% bullish,of 2 ratings,$88
EQIX,$284.29,1439842876082,"166,835",67% bullish,of 3 ratings,$312.50
EPRS,$5.13,1439842876155,"49,895",82% bullish,of 11 ratings,$15
ENZY,$8.825,1439842876184,"23,008",67% bullish,of 3 ratings,$9.50
EPIQ,$14.01,1439842876211,"39,384",100% bearish,of 1 rating,$18
EPZM,$18.68,1439842876238,"127,150",60% bullish,of 5 ratings,$34
EQFN,$8.35,1439842876482,"3,100",Not yet rated,NULL,N/A
ERIC,$10.415,1439842876512,"877,144",63% bullish,of 8 ratings,$13.30
EAC,$3.44,1439842876541,"3,679",100% bearish,of 1 rating,$7.50
ESCA,$18.66,1439842876567,"4,562",100% bearish,of 1 rating,$22
ERIE,$87.44,1439842876645,"13,447",Not yet rated,NULL,$73
ESCR,$0.2388,1439842876699,"7,331",50% bullish,of 2 ratings,N/A
ESMC,$1.4,1439842876788,706,Not yet rated,NULL,N/A
ESCRP,$1.6592,1439842876814,"5,485",100% bearish,of 1 rating,N/A
ESND,$36.11,1439842876977,"71,973",100% bearish,of 1 rating,$40
EPIX,NULL,1439842877007,0,Not yet rated,NULL,N/A
ESPR,$75.54,1439842877028,"983,820",56% bearish,of 9 ratings,$130
ESSA,$12.79,1439842877049,"3,899",100% bearish,of 1 rating,N/A
CLWT,$2.5554,1439842877217,210,100% bearish,of 1 rating,N/A
ESSX,$0.42,1439842877257,"34,713",50% bullish,of 2 ratings,N/A
ETSY,$17.31,1439842877314,"695,747",80% bullish,of 5 ratings,$16
EVEP,$9.02,1439842877395,"269,224",50% bullish,of 2 ratings,$15
ESEA,$6.45,1439842877423,279,100% bullish,of 1 rating,$15
EVK,$3.9,1439842877451,"3,284",75% bearish,of 4 ratings,N/A
EEFT,$68.89,1439842877477,"91,712",100% bearish,of 1 rating,$67.50
EVLV,$2.36,1439842877719,"69,762",60% bullish,of 5 ratings,$6.50
EVOK,$4.62,1439842877752,"7,928",100% bearish,of 1 rating,$13.75
EVOL,$6.43,1439842877809,"19,309",75% bullish,of 4 ratings,$10
EXAS,$23.72,1439842877852,"287,255",78% bullish,of 9 ratings,$31
EXA,$10.65,1439842877880,"34,333",100% bearish,of 1 rating,$13
EXAC,$18.8,1439842877906,"36,373",100% bearish,of 1 rating,$22.50
EXEL,$6.045,1439842877954,"1,394,625",81% bullish,of 16 ratings,$6
EXFO,$2.89,1439842878062,"1,600",67% bearish,of 3 ratings,$3.95
EXPO,$44.155,1439842878356,"30,630",100% bearish,of 1 rating,$45.50
EXPE,$123.05,1439842878391,"369,689",64% bullish,of 11 ratings,$130
EXLS,$37.59,1439842878412,"34,575",100% bullish,of 1 rating,$41
EXPD,$49.24,1439842878456,"416,297",80% bullish,of 5 ratings,$50.50
ESRX,$89.155,1439842878483,"992,399",67% bearish,of 6 ratings,$101
EXLP,$20.73,1439842878511,"74,238",100% bearish,of 1 rating,$27
EYEG,$4.57,1439842878650,"76,046",Not yet rated,NULL,N/A
EXTR,$2.97,1439842878683,"394,237",80% bullish,of 5 ratings,$3
EYEGW,NULL,1439842878821,0,Not yet rated,NULL,N/A
FFIV,$133.87,1439842878867,"373,118",71% bullish,of 7 ratings,$132
EZCH,$21.71,1439842878914,"135,948",75% bullish,of 8 ratings,$19.50
EZPW,$6.125,1439842878944,"221,846",50% bullish,of 4 ratings,$7.50
FCS,$14.56,1439842879046,"322,144",67% bearish,of 3 ratings,$17
FB,$93.93,1439842879072,"10,935,181",73% bullish,of 1063 ratings,$111
FRP,$17.96,1439842879135,"92,981",100% bearish,of 1 rating,$18
FALC,$1.69,1439842879214,"35,543",63% bearish,of 8 ratings,N/A
FWM,$2.42,1439842879285,"139,570",100% bearish,of 2 ratings,$3.20
FARM,$23.14,1439842879346,"8,060",100% bearish,of 1 rating,$35
DAVE,$15.3,1439842879430,"39,233",100% bearish,of 1 rating,$15.50
FFKT,$27.29,1439842879562,"9,957",Not yet rated,NULL,$29
FMNB,$8.1699,1439842879592,"12,174",Not yet rated,NULL,N/A
FARO,$42.25,1439842879614,"51,943",50% bullish,of 2 ratings,$48
FAST,$40.37,1439842879695,"554,344",80% bullish,of 5 ratings,$46
FATE,$7.69,1439842879764,"16,453",100% bearish,of 1 rating,$11
FBSS,NULL,1439842879826,0,Not yet rated,NULL,N/A
FBRC,$23.53,1439842879869,"9,486",100% bearish,of 1 rating,$29
FEIC,$81.7,1439842879964,"202,605",50% bullish,of 2 ratings,$95.50
FDML,$9.75,1439842880041,"97,281",50% bullish,of 4 ratings,$14
FNHC,$24.05,1439842880067,"50,007",100% bearish,of 1 rating,$35
FHCO,$1.5,1439842880210,"21,992",50% bullish,of 4 ratings,N/A
FCSC,$6.6,1439842880240,"64,421",100% bearish,of 1 rating,$8.125
FENX,$9.83,1439842880261,"42,136",100% bullish,of 1 rating,$14.25
FGEN,$25.49,1439842880403,"378,665",100% bearish,of 1 rating,$39
LION,$20.43,1439842880487,"141,960",100% bullish,of 1 rating,$20
FDUS,$15.04,1439842880518,"22,807",100% bullish,of 1 rating,$18
ONEQ,$200.044,1439842880565,"41,560",100% bullish,of 1 rating,N/A
FSC,$6.525,1439842880736,"428,731",75% bullish,of 4 ratings,$8
FRGI,$55.42,1439842880765,"107,194",50% bullish,of 2 ratings,$70
FSAM,$8.9199,1439842880788,"12,416",100% bearish,of 1 rating,$11
FSCFL,$25.06,1439842880817,"3,144",Not yet rated,NULL,N/A
FSFR,$9.18,1439842880849,"101,986",100% bearish,of 1 rating,$11.50
FITB,$21.14,1439842880918,"1,747,668",54% bullish,of 13 ratings,$22
FNGN,$36.66,1439842881022,"145,448",67% bullish,of 3 ratings,$47
FITBI,$27.8,1439842881071,"9,962",Not yet rated,NULL,N/A
FNSR,$17.68,1439842881158,"516,917",86% bullish,of 7 ratings,$25
FNTC,NULL,1439842881186,0,Not yet rated,NULL,N/A
FNJN,$1.76,1439842881234,"22,669",100% bearish,of 1 rating,$5
FISI,$24.82,1439842881326,"107,251",100% bullish,of 2 ratings,$24.50
FNTCU,NULL,1439842881467,0,Not yet rated,NULL,N/A
FEYE,$43.66,1439842881519,"1,626,488",87% bullish,of 15 ratings,$55.50
FNTCW,NULL,1439842881547,0,Not yet rated,NULL,N/A
FNLC,$18.86,1439842881602,"8,630",100% bullish,of 1 rating,N/A
BUSE,$6.43,1439842881632,"21,669",Not yet rated,NULL,$6.875
FBNC,$17.11,1439842881678,"10,349",100% bullish,of 1 rating,$20
FRBA,$5.992,1439842881731,"5,550",Not yet rated,NULL,$8
FCVA,$4.5701,1439842881939,225,Not yet rated,NULL,N/A
FBIZ,$44,1439842881983,"6,607",100% bearish,of 2 ratings,$52
FCFS,$38.31,1439842882017,"44,887",100% bearish,of 2 ratings,$48
FCAP,$26.95,1439842882080,"4,722",Not yet rated,NULL,N/A
FCLF,$9.2,1439842882157,"1,200",Not yet rated,NULL,N/A
FCNCA,$250.98,1439842882213,"17,588",Not yet rated,NULL,N/A
FCBC,$18.14,1439842882243,"11,083",Not yet rated,NULL,$17
FCCO,$12.02,1439842882344,"1,332",Not yet rated,NULL,$13.25
FCFP,$7,1439842882448,"1,400",Not yet rated,NULL,N/A
FDEF,$37.67,1439842882481,"16,991",Not yet rated,NULL,$38
FFNM,$6.42,1439842882551,400,Not yet rated,NULL,N/A
FBNK,$16.33,1439842882581,"4,583",100% bearish,of 1 rating,$17.50
FFBC,$19.23,1439842882607,"83,380",67% bearish,of 3 ratings,$20.25
FFBCW,NULL,1439842882636,0,100% bearish,of 1 rating,N/A
FFIN,$32.69,1439842882737,"30,054",50% bullish,of 2 ratings,$31.75
THFF,$33.75,1439842882837,"9,360",Not yet rated,NULL,$35
FFWM,$21.34,1439842882969,"30,917",Not yet rated,NULL,$24
INBK,$36.04,1439842883040,"21,001",50% bullish,of 2 ratings,$37
FRME,$26.24,1439842883070,"184,869",Not yet rated,NULL,$26.50
FIBK,$28.06,1439842883099,"31,633",Not yet rated,NULL,$32
FFNW,$12.5,1439842883129,"4,076",Not yet rated,NULL,$14
FMBH,$21.86,1439842883174,"3,157",Not yet rated,NULL,N/A
FMBI,$18.55,1439842883234,"114,119",Not yet rated,NULL,$20
FNWB,$12.3299,1439842883391,"3,400",Not yet rated,NULL,N/A
FNBC,$36.65,1439842883427,"50,855",Not yet rated,NULL,$41
FNFG,$9.73,1439842883461,"892,724",80% bullish,of 5 ratings,$9
FSFG,$31.49,1439842883519,"4,568",Not yet rated,NULL,N/A
FSGI,$2.4899,1439842883545,"4,996",Not yet rated,NULL,N/A
FSLR,$51.72,1439842883619,"695,958",74% bullish,of 39 ratings,$65
FSBK,$7.96,1439842883690,"6,510",100% bullish,of 1 rating,N/A
FBZ,NULL,1439842884116,0,Not yet rated,NULL,N/A
BICK,NULL,1439842884149,0,100% bullish,of 1 rating,N/A
FCAN,$25.77,1439842884177,"1,965",Not yet rated,NULL,N/A
FTCS,$38.73,1439842884215,"24,808",Not yet rated,NULL,N/A
FEMB,NULL,1439842884242,0,Not yet rated,NULL,N/A
FV,$24.96,1439842884270,"1,086,337",Not yet rated,NULL,N/A
FCA,$23,1439842884308,"5,787",Not yet rated,NULL,N/A
IFV,$18.89,1439842884333,"407,971",100% bearish,of 1 rating,N/A
FTSM,$59.92,1439842884552,"17,404",100% bearish,of 1 rating,N/A
FEUZ,$32.5,1439842884579,100,Not yet rated,NULL,N/A
TDIV,$26.14,1439842884653,"34,573",100% bearish,of 1 rating,N/A
MDIV,$19.91,1439842884710,"120,663",Not yet rated,NULL,N/A
FTGC,$22.793,1439842884737,"204,226",Not yet rated,NULL,N/A
FGM,$37.5055,1439842884758,"3,205",Not yet rated,NULL,N/A
FTHI,$20.64,1439842884890,"1,206",Not yet rated,NULL,N/A
HYLS,$49.82,1439842884974,"232,310",100% bearish,of 1 rating,N/A
CU,$13.3548,1439842885115,"2,391",100% bearish,of 1 rating,N/A
SKYY,$30.6999,1439842885143,"35,952",100% bullish,of 1 rating,N/A
FHK,$35.9759,1439842885178,"3,539",Not yet rated,NULL,N/A
FPXI,NULL,1439842885204,0,Not yet rated,NULL,N/A
YDIV,$17.206,1439842885233,"1,175",Not yet rated,NULL,N/A
FJP,$50.59,1439842885277,"35,127",Not yet rated,NULL,N/A
PLTM,$6.533,1439842885304,"1,300",100% bearish,of 1 rating,N/A
FTLB,NULL,1439842885432,0,100% bearish,of 1 rating,N/A
LMBS,NULL,1439842885536,0,Not yet rated,NULL,N/A
FMB,$51.2,1439842885609,204,Not yet rated,NULL,N/A
QABA,$39.69,1439842885667,"14,900",100% bearish,of 1 rating,N/A
CIBR,$19.77,1439842885823,"70,997",Not yet rated,NULL,N/A
FONE,$36.47,1439842885849,160,Not yet rated,NULL,N/A
QCLN,$16.28,1439842885883,"13,171",Not yet rated,NULL,N/A
GRID,$34.6299,1439842885915,107,100% bearish,of 1 rating,N/A
CARZ,$36.93,1439842885977,"2,532",100% bearish,of 1 rating,N/A
QQXT,$43.07,1439842886004,"4,345",Not yet rated,NULL,N/A
QQEW,$44.43,1439842886087,"28,009",Not yet rated,NULL,N/A
RDVY,$22.5384,1439842886150,"10,796",Not yet rated,NULL,N/A
QTEC,$42.55,1439842886340,"112,929",Not yet rated,NULL,N/A
QINC,$21.6399,1439842886389,"5,689",Not yet rated,NULL,N/A
AIRR,$17.1,1439842886443,"20,432",100% bearish,of 1 rating,N/A
FTSL,$48.98,1439842886521,"38,451",100% bearish,of 1 rating,N/A
FKO,NULL,1439842886664,0,Not yet rated,NULL,N/A
FDIV,$47.39,1439842886694,"9,239",100% bearish,of 1 rating,N/A
FTW,$32.02,1439842886736,"2,586",Not yet rated,NULL,N/A
FSZ,$40.69,1439842886799,"1,925",Not yet rated,NULL,N/A
FKU,$43.97,1439842886824,"42,967",Not yet rated,NULL,N/A
TUSA,$26.4352,1439842886898,550,Not yet rated,NULL,N/A
FUNC,$8.333,1439842886965,821,Not yet rated,NULL,N/A
SVVC,$10.65,1439842887038,"10,452",100% bullish,of 1 rating,$26
FSV,$33.98,1439842887068,"8,604",Not yet rated,NULL,$33.60
FMER,$18.68,1439842887093,"660,069",50% bullish,of 2 ratings,$20
FIVE,$37.77,1439842887266,"277,239",75% bearish,of 4 ratings,$44
FISV,$90.13,1439842887291,"377,194",100% bearish,of 3 ratings,$90
FIVN,$4.44,1439842887436,"104,798",100% bullish,of 1 rating,$8.50
FLML,$21.5,1439842887488,"160,097",50% bullish,of 2 ratings,$30
SKOR,$50.43,1439842887540,20,Not yet rated,NULL,N/A
FPRX,$19.27,1439842887568,"203,363",50% bullish,of 2 ratings,$35
FLKS,$14.37,1439842887623,"17,928",50% bullish,of 2 ratings,$27
FLXN,$24.08,1439842887699,"54,567",100% bearish,of 1 rating,$39.50
MBSD,NULL,1439842887728,0,Not yet rated,NULL,N/A
FLXS,$41.5,1439842887825,"17,742",100% bearish,of 2 ratings,N/A
FLEX,$11.18,1439842887860,"1,227,605",63% bullish,of 8 ratings,$12
FLIR,$30.55,1439842887903,"183,183",100% bearish,of 1 rating,$38.50
FLDM,$12.89,1439842887931,"260,945",67% bearish,of 3 ratings,$21.50
FFIC,$20.95,1439842888206,"22,750",Not yet rated,NULL,$21
FOMX,$10.62,1439842888233,"80,392",50% bullish,of 2 ratings,$23.50
FOGO,$18.47,1439842888271,"99,931",50% bullish,of 2 ratings,$25.50
FONR,$9.64,1439842888369,"1,238",100% bullish,of 1 rating,N/A
FES,$0.9916,1439842888398,"1,320",50% bullish,of 2 ratings,$1
FORM,$6.585,1439842888505,"165,699",67% bullish,of 3 ratings,$10.50
FTNT,$47.81,1439842888575,"744,251",80% bullish,of 10 ratings,$52
FORR,$32.26,1439842888606,"16,531",Not yet rated,NULL,N/A
FWRD,$48.69,1439842888657,"81,661",100% bearish,of 1 rating,$50
FORD,$1.14,1439842888738,"611,992",50% bullish,of 2 ratings,N/A
FWP,$25.5,1439842888795,"38,966",100% bearish,of 1 rating,$45
FORTY,$35,1439842888828,500,Not yet rated,NULL,N/A
FBIO,$3.1,1439842888850,"55,448",83% bullish,of 6 ratings,N/A
FOSL,$62.42,1439842888902,"511,405",50% bullish,of 4 ratings,$70
FMI,$20.18,1439842888931,"140,996",100% bearish,of 2 ratings,$27.50
FXCB,$17.4794,1439842889127,"1,329",Not yet rated,NULL,$19
FRAN,$11.265,1439842889276,"479,029",50% bullish,of 4 ratings,$15
FELE,$30.16,1439842889336,"103,288",50% bullish,of 4 ratings,$33
FOXF,$15.76,1439842889382,"23,033",100% bearish,of 1 rating,$19
FRED,$14.62,1439842889408,"90,101",50% bullish,of 2 ratings,$16.50
FTR,$5.595,1439842889478,"10,392,833",78% bullish,of 27 ratings,$6.25
FREE,$0.53,1439842889575,"1,376,580",92% bullish,of 12 ratings,N/A
FEIM,$10.95,1439842889622,"2,010",100% bearish,of 1 rating,N/A
RAIL,$21.99,1439842889649,"58,292",100% bearish,of 1 rating,$24.50
FRPT,$14.52,1439842889683,"187,608",67% bearish,of 3 ratings,$23.50
FTRPR,$109.28,1439842889786,"109,450",100% bearish,of 1 rating,N/A
FRPH,$31.545,1439842889814,706,100% bearish,of 1 rating,N/A
FTD,$30.53,1439842889952,"108,031",100% bearish,of 1 rating,$40
FSBW,$23.51,1439842890060,"3,972",Not yet rated,NULL,N/A
FSYS,$6.72,1439842890092,"22,121",67% bullish,of 3 ratings,$10
FTEK,$2.29,1439842890194,"28,538",75% bullish,of 4 ratings,N/A
FCEL,$0.7964,1439842890219,"474,854",88% bullish,of 40 ratings,$2.65
FULLL,$25.587,1439842890254,400,Not yet rated,NULL,N/A
FULL,$3.2,1439842890348,"55,691",67% bearish,of 3 ratings,$4.25
FSNN,$2.6,1439842890375,"2,480",67% bullish,of 3 ratings,$6
FLL,$1.58,1439842890404,"18,003",75% bullish,of 4 ratings,$2.825
FULT,$13.11,1439842890451,"263,744",100% bearish,of 1 rating,$13
FXEN,$1.01,1439842890540,"251,972",75% bullish,of 4 ratings,$1.10
FFHL,$0.88,1439842890579,30,50% bullish,of 4 ratings,N/A
GK,$72.44,1439842890607,"38,614",Not yet rated,NULL,$78
FXENP,$16.5,1439842890633,350,100% bearish,of 1 rating,N/A
WILC,$5.24,1439842890858,"3,893",100% bullish,of 2 ratings,N/A
GAIA,$5.79,1439842890883,"42,258",50% bullish,of 2 ratings,$8.50
GALTW,$0.7131,1439842891034,999,100% bullish,of 1 rating,N/A
GALTU,NULL,1439842891104,0,100% bearish,of 1 rating,N/A
GALT,$2.21,1439842891130,"153,467",80% bullish,of 5 ratings,N/A
GLPG,$59.9,1439842891174,"6,667",100% bullish,of 1 rating,$75
GLMD,$8.92,1439842891204,"10,251",67% bullish,of 3 ratings,$20.50
GALE,$1.455,1439842891262,"442,738",89% bullish,of 47 ratings,$4
GLPI,$33.52,1439842891305,"212,791",100% bearish,of 1 rating,$37.50
GPIC,$10.27,1439842891340,864,100% bearish,of 1 rating,N/A
GGAC,$9.82,1439842891528,200,100% bearish,of 1 rating,N/A
GRMN,$40.43,1439842891557,"315,948",50% bullish,of 6 ratings,$48
GGACW,NULL,1439842891577,0,Not yet rated,NULL,N/A
GGACR,NULL,1439842891608,0,100% bullish,of 1 rating,N/A
GGACU,NULL,1439842891634,0,Not yet rated,NULL,N/A
GARS,$14.84,1439842891767,"10,249",Not yet rated,NULL,$16
GNCMA,$18.09,1439842891955,"52,400",100% bearish,of 1 rating,$12
GFNCP,$93.77,1439842891984,100,Not yet rated,NULL,N/A
GFNSL,$25.8,1439842892010,"2,500",Not yet rated,NULL,N/A
GENC,$9.45,1439842892040,225,100% bearish,of 1 rating,N/A
GFN,$4.04,1439842892066,"34,135",100% bearish,of 2 ratings,$8
GNMK,$9.57,1439842892140,"49,326",67% bullish,of 6 ratings,$14
GENE,$2.71,1439842892228,"102,795",100% bullish,of 12 ratings,N/A
GNCA,$13.1,1439842892269,"75,031",100% bearish,of 1 rating,$20
GHDX,$26.84,1439842892368,"149,778",50% bullish,of 2 ratings,$30
THRM,$48.58,1439842892409,"125,455",75% bearish,of 4 ratings,$55.50
GNVC,$2.49,1439842892541,"8,421",90% bullish,of 10 ratings,$8.50
GTWN,NULL,1439842892570,0,Not yet rated,NULL,N/A
GNTX,$16.07,1439842892679,"957,281",Not yet rated,NULL,$20
GEOS,$15.92,1439842892737,"58,294",100% bearish,of 3 ratings,$25.50
GERN,$3.47,1439842892765,"1,373,754",88% bullish,of 16 ratings,$5.25
GABC,$29.68,1439842892790,"8,354",Not yet rated,NULL,$31.50
GEVO,$2.17,1439842892956,"167,016",75% bullish,of 12 ratings,N/A
ROCK,$18.68,1439842892989,"228,657",80% bullish,of 5 ratings,$24
GIGA,$1.45,1439842893023,"14,614",100% bearish,of 1 rating,N/A
GIGM,$0.6229,1439842893058,"62,513",100% bullish,of 2 ratings,N/A
GILD,$116.47,1439842893085,"3,366,577",91% bullish,of 86 ratings,$129
GILT,$4.563,1439842893154,"5,494",50% bullish,of 2 ratings,N/A
GBCI,$28.15,1439842893260,"86,102",50% bullish,of 2 ratings,$31
GIII,$70.05,1439842893286,"74,774",67% bullish,of 3 ratings,$75
GLADO,$25.59,1439842893490,"3,690",Not yet rated,NULL,N/A
GLAD,$8.37,1439842893555,"73,382",50% bullish,of 2 ratings,$8.75
GOOD,$15.94,1439842893580,"48,115",Not yet rated,NULL,$19
GAINN,$25.4446,1439842893712,"70,495",Not yet rated,NULL,N/A
GOODN,$25.65,1439842893744,800,Not yet rated,NULL,N/A
GOODO,$25.223,1439842893771,550,Not yet rated,NULL,N/A
GOODP,$25.3,1439842893795,"1,263",Not yet rated,NULL,N/A
GAIN,$7.97,1439842893854,"134,441",100% bullish,of 2 ratings,$8.25
LAND,$9.56,1439842893980,"7,924",50% bullish,of 2 ratings,$13.75
GAINO,$25.59,1439842894082,"3,560",Not yet rated,NULL,N/A
GBT,$53.32,1439842894128,"373,083",Not yet rated,NULL,N/A
GAINP,$26.1305,1439842894178,"1,467",Not yet rated,NULL,N/A
GLBZ,$11.85,1439842894205,"1,712",Not yet rated,NULL,N/A
GDEF,$10.54,1439842894385,1,Not yet rated,NULL,N/A
ENT,$13.11,1439842894442,"199,431",100% bearish,of 1 rating,$18
GBLI,$27.39,1439842894494,"7,021",Not yet rated,NULL,N/A
GSOL,$8.44,1439842894528,"16,475",100% bearish,of 1 rating,N/A
QQQC,$21.57,1439842894596,"8,633",100% bearish,of 1 rating,N/A
GPACU,$10.08,1439842894626,200,Not yet rated,NULL,N/A
ACTX,NULL,1439842894729,0,100% bullish,of 1 rating,N/A
SOCL,$18.74,1439842894778,"15,035",100% bullish,of 2 ratings,N/A
SRET,$13.9001,1439842894910,"3,625",Not yet rated,NULL,N/A
ALTY,NULL,1439842894973,0,Not yet rated,NULL,N/A
YLCO,$12.3,1439842895042,915,Not yet rated,NULL,N/A
GAI,$5.51,1439842895172,812,50% bullish,of 2 ratings,N/A
GSM,$14.34,1439842895201,"146,776",50% bullish,of 2 ratings,$24.50
GBIM,$2.4,1439842895272,"85,653",50% bullish,of 2 ratings,N/A
GLRI,$1.19,1439842895336,"6,198",100% bearish,of 1 rating,$6
GLBS,$1.21,1439842895416,"3,218",67% bullish,of 3 ratings,N/A
GLUU,$4.815,1439842895545,"1,116,544",92% bullish,of 26 ratings,$9
GLYC,$7.46,1439842895577,"8,776",50% bullish,of 2 ratings,$14
GOGO,$16.43,1439842895644,"301,648",80% bullish,of 5 ratings,$25
GLNG,$39.2,1439842895672,"675,907",83% bullish,of 6 ratings,$58
GMLP,$20.59,1439842895726,"58,451",50% bullish,of 4 ratings,$33
GLDC,$4.12,1439842895808,100,50% bullish,of 2 ratings,N/A
GOGL,$3.62,1439842895858,"138,639",75% bullish,of 4 ratings,$5
GDEN,$9.02,1439842895883,"3,025",50% bullish,of 2 ratings,N/A
GTIM,$7.25,1439842896062,"51,548",Not yet rated,NULL,$11.50
GBDC,$16.55,1439842896120,"85,030",Not yet rated,NULL,$17.75
GMAN,$4.71,1439842896254,"51,552",60% bullish,of 5 ratings,$8
GOOG,$661.28,1439842896285,"433,607",89% bullish,of 64 ratings,$795
GOOGL,$694.61,1439842896316,"508,679",88% bullish,of 1078 ratings,$747
GPIA,NULL,1439842896386,0,Not yet rated,NULL,N/A
GPIAU,NULL,1439842896413,0,Not yet rated,NULL,N/A
GPRO,$58.55,1439842896445,"2,572,341",79% bullish,of 58 ratings,$72
GPIAW,NULL,1439842896590,0,Not yet rated,NULL,N/A
LOPE,$39.53,1439842896621,"125,497",100% bearish,of 2 ratings,$50
GRVY,$3.55,1439842896659,689,50% bullish,of 2 ratings,N/A
GBSN,$2.42,1439842896722,"41,035",100% bearish,of 1 rating,$8.25
GBSNU,$16.5,1439842896796,"12,850",Not yet rated,NULL,N/A
GLDD,$5.58,1439842896906,"70,162",100% bearish,of 4 ratings,$7.75
GNBC,$13.5,1439842896950,"12,714",100% bearish,of 1 rating,$17
GSBC,$42.52,1439842897010,"11,082",100% bullish,of 1 rating,$44
GPRE,$22.59,1439842897110,"510,559",67% bullish,of 6 ratings,$28.50
GPP,$14.82,1439842897145,"12,102",Not yet rated,NULL,$20.50
GRBK,$14.55,1439842897174,"209,053",77% bullish,of 13 ratings,N/A
GLRE,$26.58,1439842897240,"79,466",100% bullish,of 1 rating,$41
GCBC,NULL,1439842897265,0,100% bullish,of 1 rating,N/A
GRIF,NULL,1439842897406,0,100% bearish,of 1 rating,N/A
GRFS,$32.1,1439842897433,"259,110",50% bullish,of 2 ratings,$35
GRPN,$4.405,1439842897576,"7,246,216",61% bullish,of 71 ratings,$6.75
GGAL,$21.11,1439842897670,"121,664",80% bullish,of 5 ratings,$40
OMAB,$43.4,1439842897712,"28,432",100% bullish,of 1 rating,$44
GSIT,$5,1439842897799,"6,684",100% bearish,of 1 rating,N/A
GSIG,$13.68,1439842897830,"9,961",100% bearish,of 2 ratings,N/A
GBNK,$16.48,1439842897887,"18,751",100% bearish,of 1 rating,$18
GTXI,$0.9978,1439842897933,"36,748",100% bullish,of 5 ratings,$.75
GFED,NULL,1439842897962,0,Not yet rated,NULL,$17
GSVC,$9.54,1439842897990,"23,655",50% bullish,of 2 ratings,$14.50
GUID,$9.18,1439842898175,"32,985",100% bearish,of 3 ratings,$10
GULTU,$0.33,1439842898202,"849,412",100% bearish,of 1 rating,N/A
GIFI,$12.17,1439842898260,"26,930",100% bearish,of 1 rating,$16
GURE,$1.8299,1439842898332,"73,987",88% bullish,of 8 ratings,N/A
GPOR,$35.74,1439842898358,"1,243,208",75% bullish,of 4 ratings,$55.50
GWPH,$114.67,1439842898401,"99,277",78% bullish,of 9 ratings,$148.50
GWGH,$7.76,1439842898487,100,100% bearish,of 1 rating,$15.05
HEES,$17.3,1439842898654,"131,084",67% bearish,of 3 ratings,$31
HLG,$9.01,1439842898689,753,100% bearish,of 1 rating,N/A
HALO,$19.75,1439842898791,"718,371",67% bullish,of 3 ratings,$22.50
HNRG,$7.69,1439842898812,"55,331",100% bearish,of 1 rating,$10
GYRO,$2.8799,1439842898843,"2,200",100% bearish,of 1 rating,N/A
HALL,$11.73,1439842898893,"34,059",Not yet rated,NULL,N/A
HBHC,$29.145,1439842898979,"169,704",50% bullish,of 2 ratings,$30
HBK,$13.52,1439842899032,800,50% bullish,of 2 ratings,N/A
HMPR,$1.96,1439842899058,"7,417",100% bullish,of 1 rating,N/A
HBHCL,$24.6,1439842899196,"23,846",Not yet rated,NULL,N/A
HNH,$29.255,1439842899224,"2,183",100% bullish,of 1 rating,N/A
HAFC,$26.01,1439842899251,"43,537",100% bullish,of 2 ratings,$28.50
HNSN,$0.52,1439842899386,"114,497",88% bullish,of 8 ratings,$.40
HQCL,$11.09,1439842899455,"4,110",67% bullish,of 3 ratings,N/A
HLIT,$5.8,1439842899524,"275,965",100% bearish,of 1 rating,$6.50
HDNG,$10.23,1439842899553,"10,956",50% bullish,of 4 ratings,N/A
HRMNU,NULL,1439842899606,0,Not yet rated,NULL,N/A
HRMN,NULL,1439842899632,0,Not yet rated,NULL,N/A
HART,$0.65,1439842899818,"286,742",100% bearish,of 1 rating,N/A
HRMNW,NULL,1439842899849,0,Not yet rated,NULL,N/A
HBIO,$4.61,1439842899902,"49,069",Not yet rated,NULL,$10
TINY,$2.5897,1439842899948,"23,804",50% bullish,of 2 ratings,$5.26
HCAP,$12.45,1439842900048,"8,066",50% bullish,of 2 ratings,$15
HCAPL,$25.74,1439842900074,"1,400",Not yet rated,NULL,N/A
HCOM,$23.4,1439842900356,"7,268",100% bearish,of 1 rating,$28
HA,$25.92,1439842900460,"609,322",67% bullish,of 9 ratings,$27
HDS,$34.8,1439842900488,"627,217",100% bearish,of 2 ratings,$39.50
HWKN,$37.66,1439842900518,"9,082",Not yet rated,NULL,N/A
HAS,$80.61,1439842900551,"308,857",63% bullish,of 8 ratings,$84.50
HIIQ,$4.85,1439842900573,"48,723",50% bullish,of 2 ratings,$7
HAYN,$41.02,1439842900647,"34,572",100% bearish,of 1 rating,$59
HCSG,$34.71,1439842900675,"81,479",50% bullish,of 4 ratings,$35
HQY,$33.72,1439842900887,"176,590",67% bullish,of 3 ratings,$31
HSTM,$25.73,1439842900918,"106,373",50% bullish,of 2 ratings,$33.75
HWAY,$12.47,1439842900945,"109,110",100% bearish,of 1 rating,$15
HWBK,$13.75,1439842900971,526,100% bearish,of 1 rating,N/A
HTLD,$21.3,1439842901018,"131,235",Not yet rated,NULL,$22.50
HTLF,$37.7,1439842901077,"14,798",100% bullish,of 1 rating,$39.50
HSII,$20.31,1439842901289,"46,768",100% bullish,of 3 ratings,$25
HELE,$91.86,1439842901323,"60,496",67% bearish,of 3 ratings,$100
HNNA,$23.31,1439842901394,550,Not yet rated,NULL,N/A
HTWR,$89.47,1439842901457,"108,016",50% bullish,of 2 ratings,$103
HTBX,$5.61,1439842901487,"15,291",50% bullish,of 2 ratings,$15.50
HMNY,NULL,1439842901509,0,100% bearish,of 1 rating,N/A
HCACU,$9.98,1439842901538,"1,765",Not yet rated,NULL,N/A
HMTV,$13.54,1439842901567,"3,059",100% bearish,of 1 rating,$16
HSIC,$145.86,1439842901785,"160,705",83% bullish,of 6 ratings,$146
HERO,$0.065,1439842901814,"2,392,135",81% bullish,of 16 ratings,$.75
HFWA,$18.51,1439842901948,"20,604",100% bullish,of 1 rating,$20
HTBK,$11.11,1439842901975,"17,081",Not yet rated,NULL,$12
HEOP,$7.99,1439842902000,"10,608",Not yet rated,NULL,$8.50
MLHR,$29.43,1439842902137,"157,539",100% bullish,of 1 rating,$33.50
HSKA,$34.64,1439842902163,"33,972",100% bearish,of 1 rating,$38
HCCI,$12.86,1439842902229,"16,858",100% bearish,of 1 rating,$16.50
HRTX,$31.635,1439842902296,"212,389",67% bullish,of 6 ratings,$41
HIHO,$4.3,1439842902370,"15,266",Not yet rated,NULL,N/A
HPJ,$2.8701,1439842902400,"15,886",75% bullish,of 4 ratings,$12.43
HIBB,$41.16,1439842902430,"180,664",100% bearish,of 1 rating,$48.50
HIMX,$6.88,1439842902536,"726,813",85% bullish,of 20 ratings,$8.50
HFFC,$16.48,1439842902613,602,Not yet rated,NULL,N/A
HIFS,$117.5,1439842902639,"1,146",Not yet rated,NULL,N/A
HSGX,$6.85,1439842902771,"9,324",100% bearish,of 1 rating,$17
HMNF,$11.62,1439842902799,120,Not yet rated,NULL,N/A
HMSY,$9.535,1439842902927,"847,688",67% bullish,of 3 ratings,$19.35
HOLI,$18.66,1439842902953,"413,334",50% bullish,of 4 ratings,$27
HOLX,$42.905,1439842902986,"1,343,202",67% bullish,of 3 ratings,$42
HFBL,NULL,1439842903093,0,Not yet rated,NULL,N/A
HOMB,$41.12,1439842903123,"146,781",Not yet rated,NULL,$41
HBCP,$24.48,1439842903170,179,Not yet rated,NULL,$29
AWAY,$31.325,1439842903223,"466,595",67% bullish,of 3 ratings,$36
HMIN,$29.5,1439842903314,"42,930",100% bearish,of 2 ratings,$35
HTBI,$18.59,1439842903382,"37,511",67% bullish,of 3 ratings,$18.625
HKTV,$5.22,1439842903454,"2,868",100% bearish,of 1 rating,N/A
HMST,$21.97,1439842903526,"26,749",100% bullish,of 2 ratings,$27
CETC,$0.96,1439842903595,"80,969",86% bullish,of 7 ratings,N/A
HFBC,$11.73,1439842903670,"3,322",Not yet rated,NULL,N/A
HZNP,$31.85,1439842903726,"1,278,749",85% bullish,of 20 ratings,$40
HOFT,$25.58,1439842903809,"19,450",100% bearish,of 1 rating,N/A
HBNC,$24.9,1439842903837,"13,696",100% bullish,of 1 rating,$27
HRZN,$11.28,1439842903902,"27,993",100% bearish,of 1 rating,$14.25
ZINC,$8.81,1439842903964,"227,840",100% bearish,of 1 rating,$17
HDP,$26.3,1439842904031,"195,312",67% bearish,of 3 ratings,$30.50
HMHC,$23.66,1439842904058,"200,993",Not yet rated,NULL,$27
HWCC,$7.08,1439842904116,"87,079",100% bearish,of 1 rating,$9
HBMD,$13.664,1439842904222,804,100% bearish,of 1 rating,N/A
HOVNP,$5.31,1439842904286,"1,402",100% bearish,of 1 rating,N/A
HSNI,$63.64,1439842904378,"199,207",Not yet rated,NULL,$80
HCBK,$10.34,1439842904414,"660,832",83% bullish,of 6 ratings,$8.61
HTGM,$5.72,1439842904512,"15,677",100% bearish,of 1 rating,$19.50
HSON,$2.85,1439842904538,"36,724",100% bearish,of 1 rating,$5
HDSN,$3.18,1439842904572,"11,112",100% bullish,of 1 rating,$6.25
HUBG,$41.27,1439842904594,"63,339",100% bearish,of 1 rating,$43
HBAN,$11.795,1439842904679,"4,367,352",76% bullish,of 17 ratings,$12.50
HURC,$31.0399,1439842904819,"10,321",100% bearish,of 1 rating,N/A
HBANP,$1357,1439842904840,40,100% bearish,of 1 rating,N/A
HTCH,$1.68,1439842904914,"24,493",100% bearish,of 1 rating,$3.50
HDRA,NULL,1439842905004,0,Not yet rated,NULL,N/A
HURN,$75.8,1439842905033,"81,189",50% bullish,of 2 ratings,$80
HBP,$3.1391,1439842905054,"21,070",100% bullish,of 1 rating,N/A
HDRAR,NULL,1439842905109,0,Not yet rated,NULL,N/A
HYGS,$7.73,1439842905300,"19,534",50% bullish,of 2 ratings,$13
HDRAU,NULL,1439842905344,0,Not yet rated,NULL,N/A
HDRAW,NULL,1439842905429,0,Not yet rated,NULL,N/A
IBKC,$63.74,1439842905498,"75,102",100% bullish,of 1 rating,$70
IKGH,$1.74,1439842905525,"39,095",75% bullish,of 4 ratings,N/A
IDSY,$4.01,1439842905546,"4,675",100% bearish,of 1 rating,$7
IACI,$75.11,1439842905576,"238,682",75% bullish,of 4 ratings,$90
ICAD,$3.66,1439842905752,"27,668",50% bullish,of 2 ratings,$7.25
IEP,$73.6199,1439842905817,"83,657",75% bullish,of 4 ratings,$99
ICFI,$35.26,1439842905854,"23,928",50% bullish,of 2 ratings,$48.50
ICON,$13.77,1439842905899,"536,392",50% bullish,of 2 ratings,$18.50
ICLR,$80.54,1439842905984,"1,370,758",100% bearish,of 3 ratings,$82
ICUI,$123.16,1439842906037,"63,556",Not yet rated,NULL,$122
IPWR,$7.89,1439842906116,"4,445",100% bullish,of 1 rating,$15
DSKY,$12.47,1439842906269,"95,709",67% bullish,of 6 ratings,$11.50
INVE,$4.56,1439842906305,"137,342",75% bullish,of 4 ratings,$4
IDRA,$2.77,1439842906327,"719,309",89% bullish,of 9 ratings,$6.50
IDXX,$78.63,1439842906357,"286,346",100% bearish,of 1 rating,$77
IROQ,$16.6,1439842906400,"6,833",100% bullish,of 1 rating,N/A
IRG,$4.51,1439842906489,"6,078",100% bearish,of 1 rating,$4.50
IIVI,$17.93,1439842906531,"135,176",100% bearish,of 1 rating,$22
RXDX,$13.78,1439842906626,"110,905",100% bullish,of 1 rating,$20
KANG,$16.88,1439842906695,"94,330",50% bullish,of 2 ratings,$22.55
IKAN,$2.73,1439842906774,"35,542",83% bullish,of 6 ratings,$5
IKNX,$11.3999,1439842906850,"5,520",100% bearish,of 1 rating,N/A
ISNS,$4.06,1439842906935,"16,544",50% bullish,of 2 ratings,N/A
ILMN,$207.87,1439842907006,"808,586",80% bullish,of 5 ratings,$240
ICCC,$9.2,1439842907034,"8,381",100% bullish,of 1 rating,N/A
IMMR,$12.47,1439842907061,"56,147",80% bullish,of 5 ratings,$15.50
IMNP,$1.6,1439842907193,"82,547",50% bullish,of 2 ratings,$6
IMDZ,$16.54,1439842907221,"36,521",100% bearish,of 1 rating,$33
IMGN,$14.52,1439842907354,"608,346",75% bullish,of 4 ratings,$17.50
IPXL,$46.85,1439842907384,"382,342",67% bullish,of 3 ratings,$46.50
IMMY,$7.71,1439842907411,"12,250",100% bearish,of 1 rating,$11
IMMU,$1.84,1439842907433,"219,405",86% bullish,of 7 ratings,$2
SAAS,$8.03,1439842907640,"320,797",50% bullish,of 2 ratings,$15
INCY,$114.59,1439842907739,"1,389,958",50% bullish,of 6 ratings,$125.50
IBCP,$14.77,1439842907782,"30,144",100% bullish,of 1 rating,$14.50
INDB,$48.87,1439842907882,"81,717",Not yet rated,NULL,$44
IBTX,$44.56,1439842907936,"9,454",100% bullish,of 2 ratings,$47.25
INFN,$24.71,1439842908021,"910,181",71% bullish,of 7 ratings,$27.50
INCR,$44.43,1439842908049,"522,617",50% bullish,of 2 ratings,$53
IDSA,$3.5746,1439842908077,"9,007",Not yet rated,NULL,N/A
IPCC,$79.99,1439842908207,"23,554",Not yet rated,NULL,$77
IFON,$1.35,1439842908295,"113,181",75% bullish,of 4 ratings,N/A
INFI,$9.58,1439842908354,"242,255",50% bullish,of 4 ratings,$18
III,$4.2,1439842908415,"102,016",57% bullish,of 7 ratings,$6
INWK,$7.82,1439842908450,"78,914",50% bullish,of 2 ratings,$10
INNL,$13.01,1439842908545,"1,700",100% bearish,of 1 rating,$16.50
INOD,$2.5425,1439842908575,"1,465",100% bearish,of 1 rating,N/A
IMKTA,$55.915,1439842908679,"62,281",100% bearish,of 1 rating,N/A
IPHS,$51.5,1439842908713,"87,847",100% bearish,of 1 rating,$60
ISSC,$3,1439842908770,"3,900",67% bearish,of 3 ratings,N/A
IOSP,$46.63,1439842908797,"41,469",100% bearish,of 1 rating,N/A
INGN,$50,1439842908845,"311,189",100% bearish,of 1 rating,$50.50
INOV,$21.25,1439842908935,"172,791",100% bearish,of 1 rating,$33
INO,$7.87,1439842909007,"779,934",89% bullish,of 18 ratings,$20
ITEK,$15.2,1439842909111,"1,404,068",67% bearish,of 3 ratings,$20
NSIT,$26.78,1439842909138,"45,083",50% bullish,of 2 ratings,N/A
ISIG,$2.69,1439842909169,700,100% bearish,of 1 rating,N/A
INSM,$27.14,1439842909272,"184,698",71% bullish,of 7 ratings,$32
IIIN,$18.08,1439842909402,"8,444",100% bearish,of 2 ratings,N/A
PODD,$30.3,1439842909438,"419,782",50% bullish,of 2 ratings,$35
INSY,$36.09,1439842909538,"449,338",75% bullish,of 4 ratings,$48
IART,$62.74,1439842909567,"102,159",100% bearish,of 1 rating,$71.50
NTEC,$6.03,1439842909597,"12,140",Not yet rated,NULL,N/A
IDTI,$19.605,1439842909619,"732,230",60% bullish,of 5 ratings,$25
IESC,$7.23,1439842909698,"11,334",100% bearish,of 1 rating,N/A
ISSI,$22.39,1439842909801,"211,933",67% bullish,of 3 ratings,$19.75
INTC,$29.08,1439842909837,"7,854,842",82% bullish,of 238 ratings,$36
IPCI,$2.26,1439842909949,"75,764",67% bullish,of 6 ratings,$7.75
IQNT,$17.79,1439842910032,"78,257",86% bullish,of 7 ratings,$20
IPAR,$28.53,1439842910059,"87,800",67% bullish,of 3 ratings,$38
IBKR,$42.85,1439842910089,"276,811",100% bullish,of 1 rating,N/A
ININ,$40.55,1439842910190,"19,339",67% bearish,of 3 ratings,$57
ICLD,$1.98,1439842910321,"1,307,881",75% bullish,of 4 ratings,N/A
ICPT,$214.12,1439842910349,"96,079",70% bullish,of 10 ratings,$363
ICLDW,$0.9602,1439842910378,201,100% bearish,of 1 rating,N/A
IDCC,$50.62,1439842910415,"172,924",75% bullish,of 4 ratings,$63
IBOC,$27.74,1439842910547,"67,787",100% bearish,of 1 rating,N/A
IMI,$2.07,1439842910619,"10,457",67% bullish,of 3 ratings,$2.22
TILE,$26.25,1439842910647,"615,991",67% bearish,of 3 ratings,$27
INAP,$8.78,1439842910669,"59,543",75% bullish,of 4 ratings,$11
ISCA,$33.76,1439842910814,"47,473",100% bearish,of 1 rating,N/A
IIJI,NULL,1439842910839,0,50% bullish,of 2 ratings,$11.50
IGLD,$7.76,1439842910918,"3,400",50% bullish,of 2 ratings,N/A
INTX,$2.57,1439842911052,"35,192",67% bullish,of 3 ratings,N/A
INPH,$0.348,1439842911087,"8,152",50% bullish,of 2 ratings,N/A
PTNT,$3.06,1439842911113,"2,824",Not yet rated,NULL,N/A
XENT,$28.67,1439842911139,"67,509",50% bullish,of 2 ratings,$36.50
ISIL,$11.08,1439842911187,"230,321",50% bullish,of 6 ratings,$15
IILG,$21.55,1439842911386,"36,553",100% bearish,of 1 rating,$30.50
INTLL,$25.7,1439842911416,"4,100",Not yet rated,NULL,N/A
IVAC,$5.11,1439842911451,"5,634",Not yet rated,NULL,$6.625
IIN,$6.25,1439842911545,"1,700",100% bearish,of 1 rating,$12
INTL,$28.5741,1439842911573,"53,099",67% bearish,of 3 ratings,N/A
ITCI,$31.48,1439842911599,"292,601",75% bearish,of 4 ratings,$40
ISRG,$533.05,1439842911815,"71,757",67% bullish,of 3 ratings,$600
INTU,$105.53,1439842911853,"418,226",100% bullish,of 7 ratings,$107.50
SNAK,$8.78,1439842911914,"43,607",50% bullish,of 2 ratings,$14
INVT,$0.295,1439842912011,"165,284",67% bullish,of 3 ratings,N/A
NVIV,$12.26,1439842912055,"143,063",50% bullish,of 4 ratings,$24.50
ITIC,$71.03,1439842912086,"8,535",100% bearish,of 2 ratings,N/A
ISTR,$15.8999,1439842912108,629,100% bearish,of 1 rating,$18.50
ISBC,$12.4,1439842912190,"992,587",100% bullish,of 1 rating,$13.25
IVTY,$11.91,1439842912239,"14,795",Not yet rated,NULL,$18
IPAS,$1.08,1439842912374,"16,544",67% bullish,of 3 ratings,N/A
DFVL,NULL,1439842912466,0,Not yet rated,NULL,N/A
IPCM,$79.56,1439842912499,"83,017",50% bullish,of 2 ratings,$80.125
DTUL,NULL,1439842912520,0,Not yet rated,NULL,N/A
IPGP,$91.88,1439842912556,"111,857",100% bearish,of 2 ratings,$109.50
IRMD,$26.21,1439842912598,"10,522",67% bearish,of 3 ratings,$25
IRIX,$7.09,1439842912665,"10,046",100% bearish,of 1 rating,N/A
IRDMB,$275.05,1439842912800,750,67% bearish,of 3 ratings,N/A
IRBT,$31.26,1439842912863,"119,886",67% bullish,of 6 ratings,$37
IRDM,$6.97,1439842912928,"220,518",60% bullish,of 5 ratings,$11.50
IRWD,$11.63,1439842913034,"869,701",100% bearish,of 1 rating,$13
COMT,$33.58,1439842913060,"15,222",100% bearish,of 1 rating,N/A
IRCP,NULL,1439842913086,0,100% bullish,of 2 ratings,N/A
FCHI,$50.78,1439842913139,"1,008",Not yet rated,NULL,N/A
GNMA,$50.0675,1439842913215,"3,286",Not yet rated,NULL,N/A
IFAS,$29.1,1439842913243,500,Not yet rated,NULL,N/A
IFGL,$30.14,1439842913406,"84,687",Not yet rated,NULL,N/A
IFEU,$40.15,1439842913436,"9,355",Not yet rated,NULL,N/A
ACWX,$43.2,1439842913463,"587,897",100% bearish,of 1 rating,N/A
IFNA,NULL,1439842913484,0,Not yet rated,NULL,N/A
ACWI,$59.3,1439842913520,"2,331,659",Not yet rated,NULL,N/A
AXJS,NULL,1439842913617,0,Not yet rated,NULL,N/A
AAXJ,$56.48,1439842913678,"331,123",Not yet rated,NULL,N/A
AAIT,$30.622,1439842913810,200,100% bullish,of 1 rating,N/A
EEMA,$53.3515,1439842913836,"27,731",Not yet rated,NULL,N/A
EMDI,NULL,1439842913897,0,Not yet rated,NULL,N/A
EMEY,$25.71,1439842913922,214,Not yet rated,NULL,N/A
EEME,$39.51,1439842913984,"4,320",100% bearish,of 1 rating,N/A
EGRW,$49.7489,1439842914062,"3,904",Not yet rated,NULL,N/A
EEML,$28.885,1439842914092,556,Not yet rated,NULL,N/A
EVAL,$37.5575,1439842914191,"1,852",Not yet rated,NULL,N/A
EUFN,$23.22,1439842914218,"120,884",100% bearish,of 1 rating,N/A
IEUS,$47.3,1439842914289,"5,150",100% bearish,of 1 rating,N/A
QAT,$21.62,1439842914386,"1,645",Not yet rated,NULL,N/A
UAE,$19.2317,1439842914415,"1,400",Not yet rated,NULL,N/A
IBB,$371.623,1439842914442,"613,790",63% bullish,of 8 ratings,N/A
SOXX,$86.4,1439842914495,"145,449",50% bullish,of 2 ratings,N/A
ICLN,$10.3,1439842914625,"33,011",50% bullish,of 2 ratings,N/A
EMIF,$30.35,1439842914683,"3,926",Not yet rated,NULL,N/A
WOOD,$51.37,1439842914754,"12,039",50% bullish,of 2 ratings,N/A
INDY,$29.69,1439842914785,"358,775",100% bullish,of 1 rating,N/A
ISHG,$78.7201,1439842914848,"48,296",100% bearish,of 1 rating,N/A
IGOV,$90.32,1439842914879,"17,555",100% bearish,of 1 rating,N/A
ISIS,$51.54,1439842914976,"516,148",53% bullish,of 15 ratings,$67
ISLE,$19.26,1439842915080,"152,902",50% bullish,of 4 ratings,$16
ISRL,NULL,1439842915113,0,100% bearish,of 1 rating,N/A
ITRN,$25.84,1439842915178,"5,583",50% bullish,of 2 ratings,N/A
ITRI,$33.59,1439842915208,"98,148",Not yet rated,NULL,$37
ITUS,$4.21,1439842915239,"2,312",Not yet rated,NULL,N/A
XXIA,$15.67,1439842915336,"271,720",71% bullish,of 7 ratings,$14.625
IXYS,$11.11,1439842915364,"68,359",50% bullish,of 4 ratings,N/A
JJSF,$119.25,1439842915501,"18,885",100% bearish,of 1 rating,N/A
JCOM,$73.69,1439842915533,"123,586",100% bullish,of 2 ratings,$77
JBHT,$80.15,1439842915561,"255,478",50% bullish,of 4 ratings,$89.50
MAYS,NULL,1439842915634,0,Not yet rated,NULL,N/A
JASO,$8.42,1439842915721,"956,907",82% bullish,of 17 ratings,$10
JKHY,$71.62,1439842915763,"149,225",50% bullish,of 2 ratings,$72
JACK,$87.48,1439842915791,"181,904",83% bullish,of 6 ratings,$105
JXSB,NULL,1439842915916,0,Not yet rated,NULL,N/A
JAXB,$12.9401,1439842916011,300,100% bullish,of 1 rating,N/A
JAGX,$2.95,1439842916044,"1,500",Not yet rated,NULL,N/A
JAKK,$9.77,1439842916074,"142,718",60% bearish,of 5 ratings,$10.50
JMBA,$14.06,1439842916142,"129,209",75% bullish,of 4 ratings,$18
JRVR,$27.17,1439842916170,"18,686",Not yet rated,NULL,$27
ERW,$51.83,1439842916246,20,Not yet rated,NULL,N/A
JASN,$5.31,1439842916313,"21,127",50% bullish,of 2 ratings,$9.50
JASNW,$0.3,1439842916384,"9,050",50% bullish,of 2 ratings,N/A
JAZZ,$186.33,1439842916448,"95,135",80% bullish,of 15 ratings,$206.50
JBLU,$24.395,1439842916475,"3,258,652",94% bullish,of 16 ratings,$27
JD,$27.33,1439842916635,"4,874,808",75% bullish,of 16 ratings,$36
JCTCF,$9.55,1439842916690,"1,440",100% bullish,of 1 rating,N/A
DATE,$6.53,1439842916723,"106,209",75% bullish,of 4 ratings,$9
JTPY,$2.978,1439842916752,"1,317",100% bearish,of 1 rating,N/A
JST,$4.45,1439842916823,"16,795",75% bullish,of 4 ratings,N/A
WYIGU,$10.05,1439842916859,200,Not yet rated,NULL,N/A
JOEZ,$0.19,1439842916952,"131,050",92% bullish,of 12 ratings,N/A
JIVE,$4.1,1439842916978,"172,460",75% bullish,of 4 ratings,$5
JBSS,$48.2,1439842917111,"32,057",67% bearish,of 3 ratings,N/A
JOUT,$25.43,1439842917138,"5,366",100% bearish,of 1 rating,$34
JNP,$9.88,1439842917268,"16,717",100% bullish,of 3 ratings,$15
JUNO,$41.58,1439842917322,"865,468",73% bullish,of 11 ratings,$70
KTWO,$21.42,1439842917347,"65,376",100% bearish,of 1 rating,$28.50
KALU,$86.48,1439842917415,"61,159",67% bearish,of 3 ratings,$91
KBIO,$1.96,1439842917507,"12,287",50% bullish,of 4 ratings,N/A
KNDI,$7.08,1439842917543,"203,111",86% bullish,of 22 ratings,N/A
KMDA,$3.89,1439842917572,"1,800",50% bullish,of 2 ratings,$8
KBSF,$4.15,1439842917671,"8,550",100% bullish,of 1 rating,N/A
KCLI,$47.97,1439842917741,"7,997",Not yet rated,NULL,N/A
KPTI,$14.36,1439842917772,"992,246",67% bearish,of 3 ratings,$41
KRNY,$11.765,1439842917798,"661,829",100% bearish,of 1 rating,$12
