Symbol,Price,Date,Volume,Rating,RatingVoteCount,OneYearEstimate
FCTY,$7.45,1439910602475,300,100% bullish,of 1 rating,$8.50
TFSCR,NULL,1439910602505,0,Not yet rated,NULL,N/A
TFSC,NULL,1439910602533,0,100% bearish,of 1 rating,N/A
FLWS,$9.7,1439910602556,"26,277",100% bullish,of 5 ratings,$15
TFSCW,$0.22,1439910602587,4,100% bearish,of 1 rating,N/A
FCCY,NULL,1439910602609,0,100% bullish,of 1 rating,$13
TFSCU,NULL,1439910602630,0,Not yet rated,NULL,N/A
SRCE,$31.4,1439910602663,"1,719",100% bullish,of 3 ratings,$33
DGLD,$85.19,1439910602953,"2,140",100% bullish,of 1 rating,N/A
VNET,$21.12,1439910603001,"73,908",60% bullish,of 5 ratings,$29.50
JOBS,$28.42,1439910603035,"19,563",50% bullish,of 4 ratings,$36
UGLD,$8.8465,1439910603090,"107,391",100% bearish,of 1 rating,N/A
DSLV,$68.1519,1439910603125,"23,618",100% bearish,of 1 rating,N/A
PIH,$7.7376,1439910603149,300,100% bearish,of 1 rating,N/A
TWOU,$35.4,1439910603182,"130,395",50% bullish,of 2 ratings,$39
USLV,$13.3,1439910603222,"316,335",86% bullish,of 7 ratings,N/A
SIXD,$2.4599,1439910603568,"19,374",Not yet rated,NULL,N/A
CAFD,$15.27,1439910603599,"45,405",Not yet rated,NULL,$25
AVHI,$14.13,1439910603709,"4,800",100% bearish,of 1 rating,$19
EGHT,$8.58,1439910603763,"45,098",82% bullish,of 17 ratings,$11
AAON,$22.96,1439910603842,"19,524",100% bearish,of 1 rating,$24
ABAX,$48.1,1439910603895,"22,329",100% bearish,of 1 rating,$60
ABEO,$5.39,1439910603925,"48,808",67% bullish,of 3 ratings,$15.50
SHLM,$36.07,1439910603979,"45,523",100% bearish,of 1 rating,$50
ABEOW,$2.13,1439910604027,102,100% bullish,of 1 rating,N/A
ABGB,$4.77,1439910604068,"30,200",67% bullish,of 3 ratings,$5.50
ABMD,$106.9981,1439910604203,"100,014",75% bullish,of 4 ratings,$86
ABY,$21.85,1439910604286,"76,999",100% bearish,of 2 ratings,$46
AXAS,$1.75,1439910604352,"147,439",78% bullish,of 9 ratings,$3.50
ACHC,$82.13,1439910604419,"51,351",50% bullish,of 2 ratings,$92
ACTG,$8.66,1439910604484,"47,535",67% bullish,of 3 ratings,$18.50
ACAD,$39.04,1439910604587,"130,836",85% bullish,of 20 ratings,$48
ACST,$0.3807,1439910604715,785,100% bullish,of 2 ratings,N/A
XLRN,$31.47,1439910604816,"37,111",50% bullish,of 2 ratings,$57
ANCX,$19.31,1439910604847,"4,108",Not yet rated,NULL,$19
VXDN,$14.86,1439910604869,615,Not yet rated,NULL,N/A
AXDX,$19.56,1439910604948,"29,413",100% bearish,of 1 rating,N/A
ARAY,$6.15,1439910605009,"242,681",100% bearish,of 1 rating,$10.50
ACET,$25.42,1439910605079,"5,935",75% bullish,of 4 ratings,$30
ACHN,$8.77,1439910605246,"981,312",90% bullish,of 21 ratings,$16
ACRX,$4.4628,1439910605329,"30,668",67% bearish,of 6 ratings,$5.50
AKAO,$7.15,1439910605355,"7,640",75% bullish,of 4 ratings,$15
VXUP,$16.89,1439910605383,374,Not yet rated,NULL,N/A
ACIW,$23.03,1439910605548,"35,929",50% bullish,of 2 ratings,$24
ACNB,$20.3051,1439910605576,200,Not yet rated,NULL,N/A
ACOR,$32.29,1439910605712,"26,096",67% bearish,of 3 ratings,$38.50
ACTS,NULL,1439910605738,0,100% bearish,of 1 rating,N/A
ACTA,$13.85,1439910605874,"10,260",67% bearish,of 3 ratings,$25
ATVI,$29.16,1439910605930,"956,977",68% bullish,of 84 ratings,$31.50
ACUR,$0.613,1439910605982,"3,400",100% bullish,of 5 ratings,$1
ACPW,$1.867,1439910606115,"4,050",100% bullish,of 4 ratings,$3.50
ADMP,$3.87,1439910606181,"8,192",50% bullish,of 2 ratings,$10
ACXM,$21.11,1439910606207,"58,320",67% bullish,of 3 ratings,N/A
ADMS,$21.71,1439910606236,"9,843",100% bearish,of 2 ratings,$36
ADAP,$15.55,1439910606284,"31,186",67% bullish,of 3 ratings,$22
ADUS,$28.81,1439910606495,"21,608",100% bearish,of 1 rating,$31
AEY,$2.32,1439910606555,"2,198",100% bearish,of 2 ratings,N/A
ADBE,$86.49,1439910606722,"155,340",65% bullish,of 17 ratings,$90
ADMA,$9.61,1439910606749,638,Not yet rated,NULL,$19
ADTN,$16.23,1439910606777,"24,568",67% bullish,of 3 ratings,$17.125
ADEP,$7.38,1439910606803,"4,882",50% bullish,of 2 ratings,$10.75
ADRO,$21.62,1439910606955,"53,527",80% bullish,of 5 ratings,$45.50
ADXS,$16.86,1439910607085,"111,513",64% bullish,of 14 ratings,$27
AEIS,$26.49,1439910607112,"25,860",50% bullish,of 2 ratings,$32.50
AMD,$1.75,1439910607177,"1,390,371",83% bullish,of 102 ratings,$2
MULT,NULL,1439910607243,0,100% bearish,of 1 rating,N/A
ADXSW,$12.1738,1439910607274,"1,200",100% bullish,of 1 rating,N/A
YPRO,NULL,1439910607327,0,100% bearish,of 1 rating,N/A
AEGR,$18.8,1439910607354,"110,490",50% bullish,of 6 ratings,$26
AEHR,$2.2,1439910607643,6,50% bullish,of 2 ratings,N/A
AVAV,$26,1439910607775,"34,733",50% bullish,of 4 ratings,$31
AEPI,$57.97,1439910607816,"3,178",100% bearish,of 1 rating,N/A
AEGN,$18.65,1439910607841,"10,114",100% bearish,of 1 rating,$21
AMTX,$3.35,1439910607872,335,50% bullish,of 2 ratings,$26.11
AERI,$16.21,1439910607899,"51,506",75% bullish,of 4 ratings,$31.50
AEZS,$0.118,1439910607979,"4,096,157",90% bullish,of 21 ratings,$1.625
AEMD,$6.81,1439910608082,"8,373",Not yet rated,NULL,$27.50
AFMD,$11.61,1439910608186,"34,155",50% bullish,of 4 ratings,$15
AGYS,$9.54,1439910608343,"3,070",100% bearish,of 1 rating,N/A
AGIO,$96.8,1439910608414,"47,945",88% bullish,of 8 ratings,$114
AGEN,$7.65,1439910608484,"149,314",85% bullish,of 13 ratings,$14
AGRX,$8.88,1439910608551,"2,425",100% bearish,of 1 rating,$18
AFFX,$9.98,1439910608576,"96,852",80% bullish,of 5 ratings,$12
AGFS,$10.64,1439910608602,"6,980",100% bearish,of 1 rating,N/A
AIMT,$24.035,1439910608768,"40,379",Not yet rated,NULL,N/A
AGFSW,$2.15,1439910608819,"5,231",100% bearish,of 1 rating,N/A
AIRM,$40,1439910608910,"27,807",80% bearish,of 5 ratings,$53
AMCN,$5.03,1439910609015,"156,129",83% bullish,of 6 ratings,N/A
ATSG,$9.679,1439910609147,"7,158",67% bullish,of 3 ratings,$13
AIXG,$6.01,1439910609206,522,67% bearish,of 3 ratings,$6
AIRT,$22,1439910609233,518,100% bullish,of 1 rating,N/A
AKAM,$73.75,1439910609306,"206,602",63% bullish,of 8 ratings,$77
AKBA,$7.061,1439910609387,"30,960",100% bearish,of 1 rating,$18
AKER,$3.3,1439910609413,"44,157",Not yet rated,NULL,N/A
AKRX,$44.11,1439910609544,"85,393",78% bullish,of 9 ratings,$56
ALRM,$17.42,1439910609637,"18,426",100% bearish,of 1 rating,$22
ALSK,$2.15,1439910609671,"20,542",78% bullish,of 18 ratings,$2
ALDR,$38.24,1439910609931,"71,870",67% bearish,of 3 ratings,$62
AMRI,$20.73,1439910609968,"25,827",75% bearish,of 4 ratings,$24
ALDX,$8.45,1439910610040,"9,210",100% bearish,of 1 rating,$14.50
ABDC,$12.96,1439910610069,"7,155",Not yet rated,NULL,$15
ADHD,$9.02,1439910610090,"70,690",50% bullish,of 4 ratings,$18
ALXN,$190.37,1439910610124,"133,141",88% bullish,of 8 ratings,$223
ALCO,$44,1439910610226,706,50% bullish,of 2 ratings,N/A
ALXA,$1.17,1439910610253,"5,153",83% bullish,of 6 ratings,$2.125
ALKS,$68.7364,1439910610476,"79,570",67% bullish,of 3 ratings,$75
ALIM,$3.79,1439910610505,"12,220",80% bullish,of 5 ratings,$10
ALGN,$60.78,1439910610546,"67,721",100% bearish,of 2 ratings,$73
ALLB,NULL,1439910610571,0,Not yet rated,NULL,N/A
ALGT,$233.03,1439910610634,"42,911",100% bearish,of 1 rating,$235
AFOP,$18.9,1439910610815,"7,212",75% bullish,of 8 ratings,$21
AIQ,$15.17,1439910610947,802,67% bullish,of 3 ratings,N/A
ARLP,$24.53,1439910610983,"14,139",67% bearish,of 3 ratings,$32
AHGP,$35.79,1439910611079,"3,797",67% bullish,of 3 ratings,N/A
AHPI,$1.45,1439910611107,300,50% bullish,of 2 ratings,N/A
AMOT,$17.8,1439910611138,"1,866",100% bearish,of 1 rating,N/A
ALQA,$4.64,1439910611240,"3,735",75% bullish,of 4 ratings,$8.50
MDRX,$14.26,1439910611266,"292,130",60% bullish,of 5 ratings,$16
ALLT,$5.03,1439910611324,"31,917",75% bullish,of 4 ratings,$6.25
AFAM,$50.021,1439910611400,"17,387",50% bullish,of 2 ratings,$44
ALNY,$113.06,1439910611487,"122,472",67% bullish,of 3 ratings,$148.50
AOSL,$7.29,1439910611514,"8,772",67% bullish,of 3 ratings,$9
SMCP,NULL,1439910611639,0,Not yet rated,NULL,N/A
ATEC,$0.65,1439910611666,"16,130",100% bullish,of 1 rating,$2
ALTR,$49.28,1439910611739,"174,939",80% bearish,of 5 ratings,$54
ASPS,$29.58,1439910611810,"22,221",67% bullish,of 3 ratings,$46.50
AIMC,$26.495,1439910611882,"5,204",100% bearish,of 1 rating,$28.50
AMAG,$65.32,1439910611990,"51,973",100% bullish,of 2 ratings,$75
AMRN,$2.29,1439910612020,"128,066",85% bullish,of 39 ratings,$8
AMZN,$538.5,1439910612126,"318,901",81% bullish,of 261 ratings,$646
AMRK,$10.37,1439910612164,"2,925",50% bullish,of 2 ratings,$14
AYA,$22.97,1439910612365,"11,700",100% bearish,of 1 rating,$40
AMBA,$107.35,1439910612394,"308,875",83% bullish,of 12 ratings,$102.50
AMBC,$16.57,1439910612415,"42,292",100% bearish,of 1 rating,$16.50
AMBCW,NULL,1439910612451,0,100% bearish,of 1 rating,N/A
EPAX,$2.66,1439910612544,"320,243",100% bearish,of 1 rating,N/A
AMCX,$75.159,1439910612675,"118,298",67% bullish,of 3 ratings,$85.50
DOX,$60.37,1439910612726,"51,874",100% bullish,of 2 ratings,$60
AMDA,$0.4852,1439910612858,"228,890",90% bullish,of 10 ratings,$1
UHAL,$382.11,1439910612885,"5,243",100% bullish,of 2 ratings,$393.50
AMED,$46.252,1439910613019,"28,337",100% bearish,of 1 rating,$42
ASBI,$22.9,1439910613045,"2,007",Not yet rated,NULL,N/A
ATAX,$5.31,1439910613085,"34,840",100% bullish,of 1 rating,$6.50
AGNC,$19.82,1439910613218,"798,166",75% bullish,of 28 ratings,$22
AMOV,$18.72,1439910613244,"2,085",100% bearish,of 1 rating,N/A
AAL,$43.6951,1439910613284,"1,697,762",93% bullish,of 87 ratings,$57
AGNCB,$24.22,1439910613388,"2,900",Not yet rated,NULL,N/A
MTGE,$15.9025,1439910613560,"40,613",75% bullish,of 4 ratings,$19.50
AGNCP,$25.4,1439910613591,"5,669",Not yet rated,NULL,N/A
ACSF,$12.68,1439910613612,"9,469",100% bearish,of 1 rating,$15
MTGEP,$24.5,1439910613644,"1,500",Not yet rated,NULL,N/A
ACAS,$14.3,1439910613693,"210,960",60% bullish,of 5 ratings,$16.75
ANCI,NULL,1439910613883,0,100% bearish,of 1 rating,N/A
AETI,$3.8,1439910613940,4,67% bearish,of 3 ratings,N/A
AMIC,NULL,1439910614046,0,Not yet rated,NULL,N/A
ANAT,$105,1439910614101,"2,044",100% bullish,of 1 rating,N/A
AMNB,$23.35,1439910614133,"2,048",Not yet rated,NULL,$25.50
ARII,$40.27,1439910614231,"19,584",67% bearish,of 3 ratings,$45
AMRB,$10.12,1439910614295,404,Not yet rated,NULL,$11
APEI,$22.145,1439910614427,"26,586",100% bearish,of 1 rating,$29
ASEI,$38.9,1439910614454,"14,200",100% bearish,of 1 rating,$52.50
AMSWA,$9.35,1439910614502,"2,404",100% bearish,of 2 ratings,$10.75
AMSC,$4,1439910614583,"17,455",50% bullish,of 4 ratings,N/A
AMWD,$66.3,1439910614819,"22,339",50% bullish,of 2 ratings,$58
ASRV,$3.3,1439910614848,704,100% bullish,of 2 ratings,N/A
CRMT,$45.38,1439910614897,"3,190",100% bearish,of 1 rating,$49
ABCB,$28.36,1439910614925,"4,944",Not yet rated,NULL,$30.50
AMGN,$169.2,1439910615089,"313,614",89% bullish,of 19 ratings,$185
ATLO,$24.23,1439910615152,4,Not yet rated,NULL,N/A
AMSF,$51.16,1439910615309,"10,078",Not yet rated,NULL,$57.50
FOLD,$16.8249,1439910615342,"275,785",56% bullish,of 9 ratings,$21
AMKR,$4.35,1439910615437,"177,891",100% bearish,of 2 ratings,$5
AMSG,$86.8,1439910615506,"45,664",100% bearish,of 1 rating,$85.50
ASRVP,NULL,1439910615533,0,Not yet rated,NULL,N/A
AMPH,$14.7,1439910615555,"35,315",50% bullish,of 2 ratings,$20
ASYS,$5.82,1439910615723,"11,138",67% bullish,of 3 ratings,$12
AMSGP,NULL,1439910615775,0,Not yet rated,NULL,N/A
AFSI,$62.98,1439910615903,"92,999",60% bullish,of 5 ratings,$72
ADI,$58.45,1439910616032,"557,998",67% bullish,of 3 ratings,$68
AMRS,$1.65,1439910616061,"30,090",70% bullish,of 10 ratings,N/A
ANAC,$135.77,1439910616083,"70,135",80% bullish,of 5 ratings,$180.50
ANAD,$0.365,1439910616119,"190,970",100% bullish,of 2 ratings,$.50
ALOG,$84.23,1439910616219,"13,226",100% bearish,of 2 ratings,$100.50
ANCB,NULL,1439910616285,0,Not yet rated,NULL,$23
AMCF,$0.28,1439910616538,"12,417",100% bullish,of 7 ratings,N/A
ANSS,$97.04,1439910616698,"94,726",100% bearish,of 1 rating,$100
ANGO,$14.98,1439910616731,"6,062",67% bullish,of 3 ratings,$19
ANGI,$4.35,1439910616753,"116,132",64% bullish,of 11 ratings,$5.50
ANIK,$35.96,1439910616783,"28,230",60% bullish,of 5 ratings,$51.25
ATRS,$1.96,1439910616830,"79,736",92% bullish,of 12 ratings,$4.50
ABCW,$40.93,1439910616960,"2,112",67% bullish,of 3 ratings,N/A
ANTH,$9.58,1439910617007,"135,082",80% bullish,of 10 ratings,$13
ABAC,NULL,1439910617097,0,100% bearish,of 1 rating,N/A
ATNY,$2.36,1439910617279,"3,042",50% bullish,of 2 ratings,$3.75
APOG,$53.92,1439910617367,"47,897",100% bullish,of 1 rating,$62
APIC,$7.92,1439910617422,"13,068",100% bearish,of 1 rating,$19
ANIP,$55.99,1439910617518,"45,087",89% bullish,of 19 ratings,$66
APOL,$11.83,1439910617576,"129,428",87% bearish,of 68 ratings,$14
AINV,$6.65,1439910617653,"468,116",50% bullish,of 4 ratings,$8
APPF,$17.39,1439910617682,"10,243",50% bullish,of 2 ratings,$22
ARCI,$1.25,1439910617812,"4,057",Not yet rated,NULL,N/A
APDN,$3.3,1439910617862,"58,598",Not yet rated,NULL,$9
AGTC,$16.15,1439910617891,"9,455",50% bullish,of 2 ratings,$33
AAPL,$117.07,1439910617954,"8,014,270",86% bullish,of 2332 ratings,$150
APDNW,$1.36,1439910618021,"1,100",Not yet rated,NULL,N/A
AMCC,$5.68,1439910618109,"177,375",80% bullish,of 5 ratings,$8
AREX,$2.67,1439910618255,"76,696",100% bearish,of 1 rating,$3
AAOI,$22.105,1439910618282,"73,158",50% bullish,of 4 ratings,$26
APRI,$1.142,1439910618338,"14,282",83% bullish,of 6 ratings,$4.86
AMAT,$16.769,1439910618420,"2,176,088",82% bullish,of 11 ratings,$23
APTO,$5.03,1439910618500,3,Not yet rated,NULL,$17
AQMS,$5.391,1439910618526,"10,830",Not yet rated,NULL,N/A
AQXP,$19.1935,1439910618662,"229,179",50% bullish,of 2 ratings,$2
AUMAU,NULL,1439910618722,0,Not yet rated,NULL,N/A
AUMAW,NULL,1439910618863,0,Not yet rated,NULL,N/A
ARDM,NULL,1439910619013,0,100% bullish,of 1 rating,$26
ABUS,$8.3299,1439910619084,"100,749",86% bullish,of 14 ratings,$23
RKDA,$5.44,1439910619109,"5,739",100% bearish,of 2 ratings,$10
ARCW,$3.6607,1439910619144,"1,903",100% bearish,of 2 ratings,$10.50
PETX,$17.14,1439910619171,"41,401",100% bearish,of 2 ratings,$26
AUMA,NULL,1439910619244,0,Not yet rated,NULL,N/A
ACGL,$73.86,1439910619580,"33,675",50% bullish,of 2 ratings,$72
ARCB,$32.45,1439910619607,"19,444",50% bullish,of 2 ratings,$39.50
ARCC,$16.03,1439910619672,"122,616",67% bearish,of 3 ratings,$17.875
ACAT,$29.75,1439910619699,"21,726",100% bearish,of 3 ratings,$33
ARDX,$19.6,1439910619720,"106,964",50% bullish,of 2 ratings,$22
ABIO,$0.92,1439910619753,"38,114",50% bullish,of 2 ratings,$3.75
ARNA,$3.31,1439910619856,"385,653",90% bullish,of 77 ratings,$5.50
AGIIL,$25.33,1439910620048,"6,061",Not yet rated,NULL,N/A
ARIA,$7.4965,1439910620101,"320,844",87% bullish,of 46 ratings,$9
AGII,$58.07,1439910620134,"12,855",Not yet rated,NULL,$58
ARKR,NULL,1439910620164,0,50% bullish,of 2 ratings,N/A
ARIS,$3.26,1439910620191,100,Not yet rated,NULL,$4.50
ARMH,$42.95,1439910620227,"708,229",54% bearish,of 13 ratings,$61
ARGS,$4.5159,1439910620255,"2,100",50% bullish,of 2 ratings,$19.50
ARTX,$1.57,1439910620619,"31,700",88% bullish,of 16 ratings,$4.50
ARWAR,NULL,1439910620689,0,Not yet rated,NULL,N/A
ARWA,NULL,1439910620754,0,Not yet rated,NULL,N/A
ARWAW,NULL,1439910620779,0,Not yet rated,NULL,N/A
ARWAU,NULL,1439910620833,0,100% bullish,of 1 rating,N/A
ARRS,$27.6305,1439910620859,"83,838",50% bullish,of 2 ratings,$38
ARQL,$1.695,1439910620909,"1,975",75% bullish,of 4 ratings,$5
DWAT,NULL,1439910621011,0,100% bearish,of 1 rating,N/A
AROW,$27.5875,1439910621099,"1,695",Not yet rated,NULL,N/A
ARWR,$5.98,1439910621143,"308,006",75% bullish,of 4 ratings,$10.50
ARRY,$5.83,1439910621236,"145,534",100% bullish,of 7 ratings,$10
ARTW,$4.46,1439910621339,100,75% bearish,of 4 ratings,N/A
ARTNA,$22.4301,1439910621367,"1,896",100% bearish,of 1 rating,$29
ASNA,$12.3,1439910621399,"268,095",50% bullish,of 2 ratings,$18
ASBB,NULL,1439910621601,0,Not yet rated,NULL,N/A
ASND,$17.6,1439910621628,"5,892",100% bullish,of 1 rating,$30
ASCMA,$28.3,1439910621816,"20,730",100% bearish,of 1 rating,$45
ASML,$93.69,1439910621914,"409,225",67% bullish,of 3 ratings,$127
ASTI,$0.1591,1439910621944,"610,657",83% bullish,of 6 ratings,$3
ASMI,$39.03,1439910622046,590,50% bullish,of 2 ratings,N/A
ASMB,$13.74,1439910622074,"10,800",67% bullish,of 3 ratings,N/A
APWC,$2.07,1439910622101,100,100% bearish,of 1 rating,N/A
AZPN,$38.98,1439910622131,"188,883",50% bullish,of 2 ratings,$42
ASTE,$38.18,1439910622237,"9,893",100% bearish,of 1 rating,$48
ASFI,$9.068,1439910622269,405,100% bullish,of 1 rating,N/A
ALOT,NULL,1439910622416,0,100% bearish,of 1 rating,N/A
ATRO,$57.54,1439910622447,"22,144",100% bearish,of 2 ratings,$80
ASTC,$2.3937,1439910622544,"1,166",100% bullish,of 5 ratings,N/A
ASUR,$5.9,1439910622582,"1,015",Not yet rated,NULL,$8
ATAI,$3.125,1439910622612,"1,250",100% bearish,of 1 rating,N/A
ATRA,$49.46,1439910622844,"42,746",50% bullish,of 2 ratings,$68
AFCB,NULL,1439910622872,0,Not yet rated,NULL,N/A
ATHN,$141.34,1439910623005,"34,163",67% bearish,of 3 ratings,$153
ATHX,$1.16,1439910623033,"9,608",89% bullish,of 9 ratings,$5
AAPC,$10.18,1439910623054,14,Not yet rated,NULL,N/A
ATLC,$3.98,1439910623184,370,67% bullish,of 3 ratings,N/A
AAME,$3.51,1439910623216,100,Not yet rated,NULL,N/A
ATNI,$75.93,1439910623243,"16,483",100% bearish,of 1 rating,$69.50
ACFC,$6.58,1439910623277,"19,413",Not yet rated,NULL,$6.50
AFH,$17.23,1439910623410,"11,859",Not yet rated,NULL,$21.50
AAWW,$45.28,1439910623464,"42,219",50% bullish,of 2 ratings,$65
ATOS,$0.94,1439910623545,"7,296",100% bullish,of 7 ratings,$7
ATML,$7.6262,1439910623571,"1,236,477",78% bullish,of 9 ratings,$9.50
ATRC,$27.07,1439910623799,"7,740",100% bullish,of 1 rating,$30
ATRI,$394.4,1439910623935,"1,150",Not yet rated,NULL,N/A
LIFE,$15.59,1439910624008,"5,443",86% bullish,of 7 ratings,$43
AUBN,NULL,1439910624039,0,Not yet rated,NULL,N/A
AUDC,$3.34,1439910624066,"26,595",80% bullish,of 5 ratings,$5
ATRM,NULL,1439910624092,0,50% bullish,of 2 ratings,N/A
AUPH,$3.5,1439910624113,"12,364",100% bearish,of 1 rating,$8
ATTU,$15.17,1439910624144,"6,836",100% bearish,of 1 rating,$20.50
EARS,NULL,1439910624340,0,100% bearish,of 2 ratings,$12
ADAT,$0.1155,1439910624530,"7,792",100% bullish,of 2 ratings,N/A
ADP,$84.76,1439910624558,"343,458",100% bearish,of 1 rating,$88
ADSK,$54.91,1439910624580,"146,675",83% bullish,of 6 ratings,$69.50
ABTL,$19.275,1439910624608,"14,371",100% bullish,of 4 ratings,$20.25
AVGO,$122.83,1439910624918,"308,769",88% bullish,of 8 ratings,$160
AVEO,$1.56,1439910624952,"1,721,552",75% bullish,of 8 ratings,$3
AVNU,$13,1439910624985,"106,343",Not yet rated,NULL,$14
AAVL,$11.4525,1439910625006,"163,544",100% bearish,of 1 rating,$20
AVNW,$1.13,1439910625041,"4,166",50% bullish,of 2 ratings,$2.20
CAR,$46.97,1439910625062,"360,864",80% bullish,of 5 ratings,$60
AVGR,$15.37,1439910625097,"8,048",100% bearish,of 1 rating,$20
AVID,$8.69,1439910625118,"59,167",100% bearish,of 1 rating,$20
AWRE,$3.1925,1439910625347,"5,550",67% bullish,of 3 ratings,N/A
ACLS,$3.2,1439910625425,"135,674",67% bullish,of 6 ratings,$4.75
AXPWW,NULL,1439910625489,0,Not yet rated,NULL,N/A
AXPW,$1.1999,1439910625526,"93,949",83% bullish,of 6 ratings,N/A
AXGN,$3.91,1439910625622,"6,568",Not yet rated,NULL,$5
AXTI,$2.21,1439910625756,432,50% bullish,of 2 ratings,$2.75
BCOM,$20,1439910625782,1,100% bearish,of 1 rating,N/A
BEAV,$50.89,1439910625816,"81,662",67% bearish,of 3 ratings,$59
RILY,NULL,1439910625837,0,Not yet rated,NULL,N/A
BOSC,$2.3,1439910625912,"1,550",50% bullish,of 2 ratings,N/A
BIDU,$168.07,1439910625983,"906,117",81% bullish,of 88 ratings,$215
BWINA,NULL,1439910626057,0,Not yet rated,NULL,N/A
BCPC,$61.25,1439910626163,"14,984",100% bearish,of 1 rating,$75
BWINB,NULL,1439910626223,0,Not yet rated,NULL,N/A
BANF,$63.32,1439910626294,"4,910",Not yet rated,NULL,$68
BLDP,$1.333,1439910626320,"35,399",91% bullish,of 22 ratings,$2.50
BANFP,NULL,1439910626513,0,Not yet rated,NULL,N/A
BKMU,$7.26,1439910626542,"3,938",Not yet rated,NULL,$8
BKSC,$15.92,1439910626675,52,Not yet rated,NULL,N/A
BOCH,$5.77,1439910626703,"2,272",Not yet rated,NULL,$6.50
BOTJ,$11.49,1439910626731,116,Not yet rated,NULL,N/A
BMRC,$49.08,1439910626778,402,Not yet rated,NULL,$52
BFIN,$12.33,1439910626880,900,Not yet rated,NULL,$13
OZRK,$43.51,1439910626913,"44,083",67% bullish,of 3 ratings,$49.50
BWFG,NULL,1439910626963,0,100% bearish,of 1 rating,N/A
BANR,$47.615,1439910627020,"3,079",100% bullish,of 3 ratings,$50
BZUN,$7.69,1439910627110,"53,335",50% bullish,of 2 ratings,$13.85
TAPR,$32.0285,1439910627288,"1,787",100% bearish,of 1 rating,N/A
BHAC,NULL,1439910627361,0,Not yet rated,NULL,N/A
BHACR,NULL,1439910627387,0,Not yet rated,NULL,N/A
BHACU,$10.15,1439910627522,"2,000",Not yet rated,NULL,N/A
BBSI,$37.49,1439910627571,"14,078",67% bearish,of 3 ratings,$62.50
BHACW,NULL,1439910627594,0,Not yet rated,NULL,N/A
BSET,$31.6,1439910627620,"24,707",100% bearish,of 1 rating,$35
BYBK,$5.05,1439910627758,634,100% bearish,of 1 rating,N/A
BYLK,$12.92,1439910627802,"25,000",Not yet rated,NULL,$14
BV,$5.32,1439910627901,"67,653",67% bullish,of 6 ratings,$9
BDCV,$4.99,1439910628080,"5,430",100% bearish,of 1 rating,$10.19
BCBP,$11.71,1439910628149,"2,312",Not yet rated,NULL,N/A
BECN,$36.28,1439910628176,"28,174",50% bullish,of 2 ratings,$40
BBCN,$15.58,1439910628198,"70,215",100% bearish,of 1 rating,$16
BSF,$9.22,1439910628410,"3,630",Not yet rated,NULL,N/A
BEBE,$1.8191,1439910628436,"6,150",75% bullish,of 4 ratings,$3.075
BBGI,$5,1439910628502,1,100% bearish,of 1 rating,N/A
BELFA,$17.02,1439910628637,10,100% bearish,of 1 rating,N/A
BLCM,$19.02,1439910628715,"61,628",50% bullish,of 4 ratings,$40
BELFB,$19.94,1439910628746,800,100% bearish,of 1 rating,N/A
BBBY,$63.77,1439910628810,"294,932",71% bullish,of 7 ratings,$75
BLPH,$5.2152,1439910628841,"19,085",100% bearish,of 1 rating,$12.50
BNFT,$39.89,1439910628945,"20,885",67% bullish,of 3 ratings,$46
BNTC,$8,1439910629226,"32,317",100% bullish,of 1 rating,N/A
BNCL,$13.06,1439910629258,"15,612",100% bullish,of 3 ratings,$12.50
BGCP,$9.63,1439910629359,"162,732",88% bullish,of 8 ratings,$14
BGMD,$0.8767,1439910629417,"128,742",100% bullish,of 10 ratings,N/A
ORPN,NULL,1439910629488,0,100% bullish,of 1 rating,$28.50
BGFV,$11.24,1439910629513,"13,710",57% bullish,of 7 ratings,$12
BIND,$4.54,1439910629755,"11,894",67% bullish,of 3 ratings,$13.50
BASI,$1.54,1439910629782,"21,001",Not yet rated,NULL,N/A
BCDA,NULL,1439910629857,0,Not yet rated,NULL,N/A
BIOC,$1.9599,1439910629930,"98,031",83% bullish,of 6 ratings,$3.70
BCRX,$12.16,1439910630090,"76,690",63% bullish,of 8 ratings,$18
BIOD,$0.6803,1439910630145,"35,625",80% bullish,of 5 ratings,$4
BIIB,$314.55,1439910630222,"169,666",88% bullish,of 16 ratings,$400
BDSI,$6.74,1439910630371,"185,458",88% bullish,of 8 ratings,$17
BIOL,$1.605,1439910630397,"23,165",Not yet rated,NULL,N/A
BLRX,$1.55,1439910630578,"68,244",100% bullish,of 12 ratings,$5
BLFS,$2.15,1439910630637,"8,366",100% bearish,of 1 rating,$4.75
BMRN,$138.99,1439910630663,"74,282",80% bullish,of 5 ratings,$160
BVXV,$4.1001,1439910630831,"2,381",Not yet rated,NULL,N/A
BPTH,$1.15,1439910630958,"17,200",100% bullish,of 2 ratings,$5
BVXVW,NULL,1439910631022,0,100% bearish,of 1 rating,N/A
BIOS,$1.5492,1439910631056,"268,133",71% bullish,of 7 ratings,$4
BRLI,$35.7,1439910631190,"38,902",83% bullish,of 6 ratings,N/A
BBC,$33.43,1439910631216,"16,840",Not yet rated,NULL,N/A
BSTC,$54.14,1439910631390,"12,260",100% bearish,of 1 rating,$76
BBP,$35.0702,1439910631467,"5,588",Not yet rated,NULL,N/A
BSPM,$0.6501,1439910631599,"6,647",50% bullish,of 2 ratings,N/A
BOTA,$2.32,1439910631731,"14,454",88% bullish,of 8 ratings,N/A
TECH,$106.03,1439910631962,"31,291",100% bullish,of 1 rating,$117
BEAT,$12.31,1439910632425,"23,180",67% bearish,of 3 ratings,$15
BITI,$19.4508,1439910632632,"1,504",100% bullish,of 1 rating,$28
BJRI,$47.15,1439910632768,"58,086",50% bullish,of 2 ratings,$55
BDMS,NULL,1439910632795,0,100% bearish,of 1 rating,N/A
BBOX,$15.72,1439910632847,"4,301",100% bearish,of 1 rating,N/A
BDE,$7.34,1439910632933,"18,633",50% bullish,of 2 ratings,$9
BLKB,$63.785,1439910633002,"12,377",100% bearish,of 2 ratings,$66
HAWK,$44.57,1439910633036,"91,189",90% bullish,of 10 ratings,$49
BBRY,$7.605,1439910633077,"747,972",61% bullish,of 330 ratings,$9
BKCC,$9.495,1439910633375,"25,704",100% bullish,of 2 ratings,$10
ADRD,NULL,1439910633423,0,100% bearish,of 1 rating,N/A
ADRA,NULL,1439910633576,0,Not yet rated,NULL,N/A
ADRE,$31.2971,1439910633618,"1,072",Not yet rated,NULL,N/A
ADRU,NULL,1439910633987,0,100% bearish,of 1 rating,N/A
BLMN,$21.83,1439910634227,"178,643",83% bullish,of 6 ratings,$27.50
BCOR,$13.73,1439910635102,"33,723",57% bullish,of 7 ratings,$15
BLBD,$13,1439910638391,"2,500",Not yet rated,NULL,N/A
BUFF,$26.395,1439910640143,"115,489",83% bullish,of 12 ratings,$33
BBLU,$0.8308,1439910643000,"57,821",100% bullish,of 2 ratings,$4.43
BHBK,$14.42,1439910643360,"1,156",100% bullish,of 1 rating,$14.50
NILE,$34.85,1439910643385,"25,825",50% bullish,of 2 ratings,$34
BLUE,$132.75,1439910643792,"84,583",86% bullish,of 7 ratings,$217.50
BKEPP,$7.87,1439910646504,"1,311",100% bearish,of 1 rating,N/A
BKEP,$7.03,1439910646935,"7,285",100% bearish,of 1 rating,$8.50
BPMC,$30.755,1439910647992,"40,922",50% bullish,of 2 ratings,$47.50
BNCN,$22.05,1439910653511,"4,065",Not yet rated,NULL,$23
BOFI,$131.605,1439910653581,"23,571",100% bullish,of 6 ratings,$137.50
BOBE,$46.3,1439910653642,"11,406",75% bullish,of 4 ratings,$57
WIFI,$8.885,1439910653822,"102,216",50% bullish,of 2 ratings,$13.50
BOJA,$22.46,1439910654926,"19,691",100% bullish,of 1 rating,$30
BOKF,$66.2,1439910655070,"6,480",100% bearish,of 1 rating,$71
BONA,$12.13,1439910657086,"42,003",75% bullish,of 4 ratings,$8.50
BNSO,$1.45,1439910657833,500,100% bearish,of 1 rating,N/A
BCLI,$3.25,1439910657861,"112,185",80% bullish,of 5 ratings,$12
BPFHW,NULL,1439910657894,0,100% bearish,of 1 rating,N/A
EPAY,$26.81,1439910657933,"19,634",100% bearish,of 2 ratings,$30
BPFHP,NULL,1439910657997,0,100% bearish,of 1 rating,N/A
BDBD,$9.06,1439910658027,"74,853",60% bullish,of 5 ratings,$10
BAMM,$3.2199,1439910658131,"3,790",60% bullish,of 5 ratings,N/A
BPFH,$12.52,1439910658263,"49,515",100% bearish,of 1 rating,$14
BBRG,$13.17,1439910658289,"5,526",67% bullish,of 3 ratings,$14.50
BBEP,$2.5294,1439910658434,"444,396",69% bullish,of 13 ratings,$5.625
BLIN,NULL,1439910658466,0,50% bullish,of 2 ratings,$2.80
BRID,$8.5,1439910658488,"2,788",100% bearish,of 1 rating,N/A
BBEPP,$13.57,1439910658509,"9,253",100% bearish,of 1 rating,N/A
BDGE,$28.27,1439910658549,"6,465",Not yet rated,NULL,$31.75
BCOV,$5.47,1439910658864,"8,176",67% bullish,of 3 ratings,$10.20
BRCM,$51.04,1439910658890,"400,532",75% bullish,of 12 ratings,$56
BYFC,$1.45,1439910659077,100,50% bullish,of 2 ratings,N/A
BRKS,$10.73,1439910659210,"17,002",67% bullish,of 3 ratings,$15.25
BWEN,$3.58,1439910659241,"10,977",100% bullish,of 3 ratings,$8
BVSN,$6,1439910659284,20,60% bearish,of 5 ratings,N/A
BSFT,$34.17,1439910659342,"20,939",57% bullish,of 7 ratings,$40.50
BRKL,$10.92,1439910659372,"36,969",100% bearish,of 1 rating,$10.75
BMTC,$29.97,1439910659398,"3,470",Not yet rated,NULL,$34
BLMT,$21.27,1439910659597,"1,300",Not yet rated,NULL,N/A
BRCD,$10.045,1439910659645,"414,965",92% bullish,of 13 ratings,$12.50
BSQR,$7.31,1439910659671,"23,311",67% bullish,of 3 ratings,N/A
BUR,$2.048,1439910659859,800,100% bearish,of 1 rating,$8
BWLD,$198.94,1439910659885,"23,118",82% bullish,of 11 ratings,$205
BLDR,$14.94,1439910659912,"371,831",50% bullish,of 2 ratings,$22
BRKR,$20.24,1439910659933,"41,774",100% bearish,of 2 ratings,$22
CHRW,$69.99,1439910661324,"295,028",Not yet rated,NULL,$72
CFFI,NULL,1439910661478,0,100% bearish,of 1 rating,N/A
CA,$29.38,1439910661504,"217,502",50% bullish,of 4 ratings,$33
CCMP,$45.2,1439910661766,"27,436",50% bullish,of 2 ratings,$59
CDNS,$21.5632,1439910661797,"380,163",75% bullish,of 4 ratings,$22.50
CDZI,$7.25,1439910661838,"4,700",100% bearish,of 1 rating,N/A
CZR,$7.69,1439910661870,"300,357",60% bearish,of 5 ratings,$10.50
PRSS,$4.67,1439910661897,400,80% bullish,of 5 ratings,$4.50
CSTE,$47.67,1439910661943,"141,529",100% bearish,of 1 rating,$65
CACQ,$7.31,1439910661971,"1,164",100% bearish,of 1 rating,$12.25
CLMS,$11.91,1439910662038,"11,863",Not yet rated,NULL,$10.50
CLBS,$1.4173,1439910662173,"30,209",79% bullish,of 14 ratings,$4
CHI,$11.0701,1439910662246,"75,907",100% bearish,of 1 rating,N/A
CHY,$11.8533,1439910662272,"64,647",Not yet rated,NULL,N/A
CCD,$21.1901,1439910662342,"17,701",Not yet rated,NULL,N/A
CFGE,$11.15,1439910662474,6,Not yet rated,NULL,N/A
CSQ,$10.5898,1439910662660,"118,602",Not yet rated,NULL,N/A
CAMP,$16.3686,1439910662692,"55,766",86% bullish,of 7 ratings,$25
CHW,$8.0699,1439910662720,"58,218",100% bearish,of 1 rating,N/A
CVGW,$54.3899,1439910662746,"8,537",50% bullish,of 2 ratings,$58.50
CGO,$12.831,1439910662787,"3,493",100% bearish,of 1 rating,N/A
CALD,$16.23,1439910662855,"39,296",100% bearish,of 1 rating,$20.50
CFNB,NULL,1439910662880,0,100% bearish,of 1 rating,N/A
CALA,$5.81,1439910662906,"105,203",100% bullish,of 3 ratings,$19.50
CALM,$51.68,1439910663133,"65,868",80% bullish,of 5 ratings,$65
ABCD,$4.69,1439910663162,"10,258",83% bullish,of 6 ratings,N/A
CLMT,$26.85,1439910663307,"34,048",75% bullish,of 8 ratings,$31
CAMB,NULL,1439910663333,0,Not yet rated,NULL,N/A
CAMBW,NULL,1439910663468,0,Not yet rated,NULL,N/A
CAMBU,NULL,1439910663516,0,100% bearish,of 1 rating,N/A
CAC,$40.9,1439910663549,601,Not yet rated,NULL,N/A
CSIQ,$24.2904,1439910663614,"496,774",86% bullish,of 28 ratings,$45
CAMT,$2.94,1439910663645,"10,477",73% bullish,of 11 ratings,$4
CGIX,$10.88,1439910663675,"9,279",67% bullish,of 3 ratings,$14.375
CPHC,NULL,1439910663781,0,100% bearish,of 1 rating,N/A
CBNJ,$10.92,1439910663973,"5,519",100% bullish,of 1 rating,N/A
CPLA,$49.66,1439910664048,"14,942",50% bullish,of 2 ratings,$65
CPLP,$7.18,1439910664183,"56,345",71% bullish,of 7 ratings,$11
CCBG,$15.15,1439910664211,100,Not yet rated,NULL,$17.25
CPTA,$15.02,1439910664233,"27,123",Not yet rated,NULL,$18.50
CBF,$30.57,1439910664288,"3,388",Not yet rated,NULL,$32
CFFN,$12.21,1439910664443,"181,957",Not yet rated,NULL,$12.75
CSWC,$49.94,1439910664473,698,Not yet rated,NULL,N/A
CAPN,$2.43,1439910664575,"162,988",100% bullish,of 1 rating,$10.85
CARA,$22.215,1439910664608,"51,644",50% bullish,of 4 ratings,$27.50
CAPR,$4.22,1439910664642,"11,829",Not yet rated,NULL,$12
CAPNW,NULL,1439910664671,0,Not yet rated,NULL,N/A
CPST,$0.3849,1439910664744,"195,604",95% bullish,of 22 ratings,$1
CARB,$11.51,1439910664927,"16,434",75% bullish,of 4 ratings,$12
CBYL,$6.58,1439910664967,"7,199",100% bearish,of 1 rating,$20
CRDC,$0.3704,1439910665031,"41,286",100% bullish,of 1 rating,$1.25
CFNL,$23.56,1439910665178,"22,092",Not yet rated,NULL,$24
CRME,$9.7445,1439910665206,349,89% bullish,of 9 ratings,$11.25
CDNA,NULL,1439910665338,0,100% bearish,of 1 rating,$9
CECO,$3.83,1439910665371,"43,116",67% bearish,of 3 ratings,$6
CATM,$35.25,1439910665401,"10,662",100% bearish,of 1 rating,$44
CTRE,$11.65,1439910665474,"157,844",50% bullish,of 2 ratings,N/A
CSII,$24.0043,1439910665502,"54,458",100% bearish,of 2 ratings,$42.125
CARO,$15.9372,1439910665635,555,100% bearish,of 1 rating,$19
CKEC,$23.52,1439910665661,"12,794",50% bullish,of 2 ratings,$35.915
CLBH,NULL,1439910665683,0,Not yet rated,NULL,$16.50
CART,NULL,1439910665716,0,100% bearish,of 1 rating,N/A
CRZO,$35.34,1439910665862,"124,263",67% bearish,of 3 ratings,$57
TAST,$13.12,1439910665966,"29,143",Not yet rated,NULL,$14.25
CRTN,NULL,1439910666111,0,100% bearish,of 1 rating,N/A
CARV,NULL,1439910666154,0,50% bullish,of 2 ratings,N/A
CACB,$5.495,1439910666188,"3,439",Not yet rated,NULL,$5.50
CASM,$1.1,1439910666240,87,100% bullish,of 1 rating,$3.50
CASY,$108.69,1439910666289,"80,126",50% bullish,of 2 ratings,$99.50
CASS,$51.92,1439910666315,107,100% bearish,of 1 rating,N/A
CSCD,$14.11,1439910666347,"52,006",100% bullish,of 2 ratings,$17
CASI,$1.433,1439910666447,700,100% bullish,of 1 rating,$3.50
CPRX,$4.225,1439910666592,"114,620",71% bullish,of 7 ratings,$7
CWST,$6.38,1439910666632,"45,094",50% bullish,of 2 ratings,$7
CATB,$12.27,1439910666723,"12,444",100% bearish,of 1 rating,$28
CATYW,NULL,1439910666753,0,100% bearish,of 1 rating,N/A
CATY,$32.24,1439910666776,"57,095",100% bearish,of 1 rating,$33.50
CVCO,$73.885,1439910667023,"5,801",100% bearish,of 1 rating,N/A
CNLM,NULL,1439910667160,0,Not yet rated,NULL,N/A
CAVM,$72.745,1439910667186,"55,977",67% bearish,of 3 ratings,$72
CBFV,NULL,1439910667212,0,Not yet rated,NULL,N/A
CNLMU,NULL,1439910667265,0,100% bullish,of 1 rating,N/A
CNLMW,NULL,1439910667350,0,Not yet rated,NULL,N/A
CBOE,$64.32,1439910667417,"33,795",Not yet rated,NULL,$60
CNLMR,NULL,1439910667492,0,Not yet rated,NULL,N/A
CDW,$39.785,1439910667574,"55,093",75% bullish,of 4 ratings,$44
CDK,$51.425,1439910667602,"79,055",67% bearish,of 3 ratings,$50
CECE,$10.28,1439910667634,"8,904",50% bullish,of 2 ratings,$16
CELG,$131.28,1439910667835,"433,791",92% bullish,of 13 ratings,$155.50
CPXX,$2.2179,1439910667861,"51,211",100% bullish,of 2 ratings,$7
CELGZ,$2.05,1439910668030,"13,460",80% bullish,of 5 ratings,N/A
CLRBW,NULL,1439910668087,0,Not yet rated,NULL,N/A
CBMG,$22.9001,1439910668183,"38,530",50% bullish,of 2 ratings,N/A
CLRB,$3.1616,1439910668210,800,100% bearish,of 1 rating,N/A
CLDN,$1.0735,1439910668232,"46,805",71% bullish,of 7 ratings,$3
CLLS,$33.03,1439910668262,"8,200",75% bullish,of 4 ratings,$51.50
CLDX,$16.18,1439910668394,"346,552",89% bullish,of 9 ratings,$36
CLSN,$2.23,1439910668502,"25,522",80% bullish,of 10 ratings,$7.50
CLTX,$0.987,1439910668544,"862,980",100% bullish,of 2 ratings,N/A
CYAD,$55.27,1439910668648,100,100% bullish,of 1 rating,$87.50
CEMP,$37.91,1439910668714,"69,853",71% bullish,of 7 ratings,$48.50
CSFL,$14.25,1439910668798,"8,314",Not yet rated,NULL,$15
CFBK,NULL,1439910668961,0,Not yet rated,NULL,N/A
CETV,$2.23,1439910668992,"12,862",67% bullish,of 3 ratings,$2.80
CENT,$11.67,1439910669013,"7,167",Not yet rated,NULL,$10
CETX,$2.49,1439910669093,"1,300",Not yet rated,NULL,$5.60
CENTA,$12.395,1439910669158,"13,504",Not yet rated,NULL,N/A
CVCY,NULL,1439910669244,0,Not yet rated,NULL,$12
CENX,$5.2,1439910669374,"1,592,978",67% bullish,of 6 ratings,$9
CPHD,$51.7,1439910669473,"125,580",50% bullish,of 2 ratings,$66.50
CNBKA,$41.35,1439910669499,100,100% bullish,of 1 rating,N/A
CNTY,$6.29,1439910669526,"3,020",80% bullish,of 5 ratings,$7.75
CERE,$1.5699,1439910669547,"213,357",88% bullish,of 8 ratings,N/A
CRNT,$1.5,1439910669579,"103,510",50% bullish,of 2 ratings,$2
CERN,$64.96,1439910669800,"288,804",67% bullish,of 3 ratings,$79
CERU,$3.4996,1439910669867,"7,494",75% bullish,of 4 ratings,$15
CERS,$5.0499,1439910669893,"144,533",75% bullish,of 4 ratings,$7
HOTR,$1.485,1439910669937,"53,384",100% bullish,of 2 ratings,$5
CYOU,$20.5,1439910670031,"40,735",50% bullish,of 6 ratings,$24
KOOL,$0.698,1439910670060,511,100% bullish,of 5 ratings,$7
CEVA,$19.5,1439910670086,"18,725",100% bearish,of 1 rating,$25
HOTRW,NULL,1439910670111,0,Not yet rated,NULL,N/A
GTLS,$24.91,1439910670359,"53,559",50% bullish,of 4 ratings,$40
CHTR,$188.3,1439910670442,"239,354",100% bearish,of 2 ratings,$196
CTHR,$1.22,1439910670470,102,50% bullish,of 2 ratings,$2.50
CHEK,$3.16,1439910670508,"1,669",Not yet rated,NULL,$7.75
CHFN,$12.57,1439910670537,"2,802",Not yet rated,NULL,$14
CHKP,$82.85,1439910670647,"236,957",50% bullish,of 4 ratings,$92
CHEKW,NULL,1439910670703,0,Not yet rated,NULL,N/A
CEMI,$4.66,1439910670801,504,50% bullish,of 2 ratings,$7.50
CHKE,$27.79,1439910670971,"5,967",100% bearish,of 1 rating,$32.50
CHFC,$32.86,1439910670999,"3,146",100% bearish,of 1 rating,$36
CCXI,$7.1,1439910671028,"42,537",67% bullish,of 3 ratings,$14
CHEV,$14.53,1439910671162,"3,600",Not yet rated,NULL,N/A
CBNK,NULL,1439910671302,0,100% bearish,of 1 rating,N/A
CHMG,$26.6,1439910671332,"3,283",Not yet rated,NULL,$30
CHMA,$27.2,1439910671354,"32,796",Not yet rated,NULL,$40
PLCE,$60.82,1439910671392,"52,353",100% bearish,of 1 rating,$71
CMRX,$53.95,1439910671486,"59,189",50% bullish,of 2 ratings,$57
CADC,NULL,1439910671545,0,78% bullish,of 9 ratings,N/A
CAAS,$6.865,1439910671571,"4,090",93% bullish,of 14 ratings,$11.50
CCCL,$0.91,1439910671760,"27,789",100% bullish,of 6 ratings,N/A
CBPO,$111.2,1439910671830,"16,409",75% bullish,of 8 ratings,$140.50
CBAK,$2.26,1439910671855,"6,297",67% bullish,of 9 ratings,N/A
CALI,$1.01,1439910671883,"47,868",67% bullish,of 3 ratings,N/A
CCCR,$0.67,1439910671915,"21,728",67% bearish,of 3 ratings,N/A
JRJC,$4.37,1439910672018,"42,057",82% bullish,of 11 ratings,N/A
CHOP,$1.3,1439910672108,300,50% bullish,of 2 ratings,N/A
HGSH,$1.8627,1439910672206,500,67% bullish,of 3 ratings,N/A
CJJD,$2.2,1439910672296,"59,991",100% bullish,of 1 rating,N/A
CHLN,$1.43,1439910672323,"2,630",67% bullish,of 3 ratings,N/A
HTHT,$26.955,1439910672377,"92,640",50% bullish,of 2 ratings,$28
CHNR,$2.04,1439910672408,"2,500",100% bearish,of 1 rating,N/A
CNIT,$1.72,1439910672430,"40,798",67% bullish,of 6 ratings,N/A
CREG,$0.8081,1439910672507,"8,349",100% bullish,of 3 ratings,N/A
CNTF,$0.9414,1439910672690,"6,518",Not yet rated,NULL,N/A
CPGI,$6.49,1439910672788,587,Not yet rated,NULL,N/A
CSUN,$1.53,1439910672820,15,80% bullish,of 5 ratings,N/A
CXDC,$6.2,1439910672846,"2,700",67% bullish,of 3 ratings,N/A
CNYD,NULL,1439910672883,0,67% bullish,of 3 ratings,N/A
CCIH,$9.85,1439910672924,"21,511",67% bullish,of 6 ratings,$12.65
CNET,$0.78,1439910673058,"14,353",50% bullish,of 2 ratings,N/A
IMOS,$15.7975,1439910673203,"21,012",60% bullish,of 5 ratings,$21.50
CHSCN,$27.37,1439910673234,"3,117",Not yet rated,NULL,N/A
CHSCL,$27.2,1439910673265,"3,910",Not yet rated,NULL,N/A
CHSCM,$26.35,1439910673292,"18,725",Not yet rated,NULL,N/A
CHSCO,$28.489,1439910673365,835,Not yet rated,NULL,N/A
CHSCP,$30.4572,1439910673426,600,Not yet rated,NULL,N/A
CHDN,$139,1439910673514,"25,965",Not yet rated,NULL,$165
CHUY,$32.94,1439910673741,"10,545",50% bullish,of 2 ratings,$34
CIFC,$7.406,1439910673768,"1,300",Not yet rated,NULL,N/A
CDTX,$14.31,1439910673790,"10,892",Not yet rated,NULL,$22
CIDM,$0.6701,1439910674020,"6,717",50% bullish,of 2 ratings,$2.10
CINF,$56.78,1439910674046,"45,225",50% bullish,of 4 ratings,$50.50
CMCT,NULL,1439910674077,0,100% bearish,of 1 rating,N/A
CMPR,$69.82,1439910674106,"20,829",50% bullish,of 2 ratings,$72.50
CSCO,$28.2925,1439910674178,"6,096,242",84% bullish,of 208 ratings,$32
CTRN,$22.71,1439910674235,"33,851",100% bearish,of 1 rating,$29.50
CRUS,$29.07,1439910674266,"175,289",75% bullish,of 12 ratings,$44.50
CTAS,$89.21,1439910674291,"51,430",100% bearish,of 1 rating,$91
CPHR,$6.9416,1439910674499,"3,000",100% bearish,of 1 rating,$16
CZWI,$9.1001,1439910674529,900,Not yet rated,NULL,N/A
CZNC,$20.13,1439910674573,789,Not yet rated,NULL,N/A
CIZN,NULL,1439910674706,0,Not yet rated,NULL,N/A
CZFC,NULL,1439910674735,0,Not yet rated,NULL,N/A
CHCO,$48.5125,1439910674844,"1,868",Not yet rated,NULL,$46
CTXS,$78.045,1439910674918,"179,524",86% bullish,of 7 ratings,$80
CIVB,NULL,1439910674945,0,Not yet rated,NULL,$11
CIVBP,NULL,1439910675159,0,Not yet rated,NULL,N/A
CDTI,$1.75,1439910675185,"44,206",75% bullish,of 4 ratings,$3.20
CLNE,$4.69,1439910675215,"393,829",80% bullish,of 15 ratings,$9
CLRO,$11.8305,1439910675350,550,50% bullish,of 2 ratings,$14.25
CLFD,$18.2001,1439910675429,"4,541",67% bullish,of 3 ratings,$18
CBLI,$3.72,1439910675494,"7,122",60% bullish,of 5 ratings,N/A
CLIR,$5.0951,1439910675527,"9,134",100% bullish,of 3 ratings,N/A
CLNT,$1.95,1439910675553,100,75% bullish,of 8 ratings,N/A
CSBK,$14.01,1439910675771,"7,881",Not yet rated,NULL,N/A
CMFN,$11.015,1439910675797,"8,716",100% bearish,of 1 rating,$15.50
CLVS,$81.31,1439910675826,"65,185",60% bullish,of 5 ratings,$101.50
CME,$98.3,1439910675988,"114,245",67% bullish,of 3 ratings,$102
CCNE,$17.54,1439910676034,"4,078",50% bullish,of 2 ratings,$21.50
CISG,$8.38,1439910676065,"23,586",100% bullish,of 5 ratings,$10
CNV,$4.75,1439910676166,"2,001",50% bullish,of 2 ratings,$7.15
CWAY,NULL,1439910676192,0,Not yet rated,NULL,N/A
COBZ,$13.02,1439910676247,"4,858",100% bullish,of 1 rating,$14
COKE,$164.61,1439910676335,886,79% bullish,of 19 ratings,N/A
JVA,$4.78,1439910676520,"5,450",83% bullish,of 6 ratings,$7
CVLY,NULL,1439910676546,0,Not yet rated,NULL,N/A
CDXS,$4.099,1439910676573,"34,503",64% bullish,of 11 ratings,$6
CDRB,$12.8,1439910676707,"3,498",67% bullish,of 3 ratings,N/A
CGNT,$1.61,1439910676742,"11,700",100% bullish,of 2 ratings,$2
CCOI,$29.02,1439910676773,"141,017",50% bullish,of 4 ratings,$35
COHR,$58.58,1439910676844,"15,618",50% bullish,of 2 ratings,$72
CTSH,$67.74,1439910676872,"296,059",90% bullish,of 10 ratings,$74.50
CGNX,$36.81,1439910676948,"99,630",50% bullish,of 2 ratings,$47
CLRX,$0.53,1439910677166,"5,253",50% bullish,of 2 ratings,$1.85
CHRS,$33.44,1439910677217,"15,646",67% bearish,of 3 ratings,$37
COHU,$9.25,1439910677316,"10,312",100% bearish,of 1 rating,$14.25
CLCT,$19.825,1439910677348,"2,994",100% bearish,of 1 rating,N/A
COLL,$16.14,1439910677388,"20,666",100% bearish,of 1 rating,$26
CIGI,$47.26,1439910677448,500,100% bearish,of 1 rating,$52
CBAN,$8.8,1439910677479,"2,200",Not yet rated,NULL,N/A
CLCD,$8.05,1439910677610,"9,548",100% bearish,of 1 rating,$20.50
COLB,$33.34,1439910677636,"20,744",Not yet rated,NULL,$36
COLM,$66.15,1439910677694,"20,306",100% bearish,of 1 rating,$71
CBMX,$1.32,1439910677801,"15,250",83% bullish,of 6 ratings,$3.15
CMCO,$21.6,1439910677831,"4,000",60% bullish,of 5 ratings,$28
CMCSA,$60.13,1439910677870,"1,757,672",66% bullish,of 35 ratings,$69.50
CMCSK,$60.55,1439910677931,"519,093",Not yet rated,NULL,$84
CBSH,$47.59,1439910678014,"50,701",50% bullish,of 2 ratings,$46
CBSHP,$25.3227,1439910678165,"1,660",100% bearish,of 1 rating,N/A
CVGI,$4.51,1439910678356,"40,444",50% bullish,of 2 ratings,$6
CSAL,$23.298,1439910678378,"97,070",75% bullish,of 4 ratings,$30
COMM,$31.56,1439910678406,"74,362",67% bearish,of 3 ratings,$35
JCS,$9.89,1439910678440,"1,536",67% bullish,of 3 ratings,N/A
CUBN,$14,1439910678471,362,Not yet rated,NULL,N/A
ESXB,NULL,1439910678542,0,Not yet rated,NULL,N/A
CYHHZ,$0.012,1439910678572,"301,979",100% bullish,of 1 rating,N/A
CTBI,$35.17,1439910678626,"1,512",Not yet rated,NULL,$36
CWBC,NULL,1439910678842,0,Not yet rated,NULL,N/A
COB,$10.91,1439910678870,100,100% bullish,of 1 rating,$11.50
CVLT,$37.47,1439910678900,"109,471",75% bullish,of 4 ratings,$44.50
CIZ,$35.0713,1439910679002,690,100% bearish,of 1 rating,N/A
CIL,NULL,1439910679106,0,Not yet rated,NULL,N/A
CID,NULL,1439910679144,0,Not yet rated,NULL,N/A
CSA,NULL,1439910679236,0,Not yet rated,NULL,N/A
CDC,$36.69,1439910679299,"3,340",Not yet rated,NULL,N/A
CSF,$38.664,1439910679335,100,100% bearish,of 1 rating,N/A
CFO,$37.7442,1439910679382,"1,452",100% bearish,of 1 rating,N/A
CFA,NULL,1439910679514,0,100% bearish,of 1 rating,N/A
CSB,$34.6299,1439910679598,225,Not yet rated,NULL,N/A
CDL,NULL,1439910679683,0,Not yet rated,NULL,N/A
CGEN,$5.664,1439910679817,"10,547",50% bullish,of 2 ratings,$11
CTG,$6.56,1439910679846,"21,762",100% bearish,of 1 rating,$8.50
CPSI,$45.93,1439910679872,"12,966",100% bearish,of 1 rating,$45.50
CHCI,$0.55,1439910680018,"1,154",50% bullish,of 2 ratings,N/A
SCOR,$64.255,1439910680045,"32,458",100% bearish,of 1 rating,$66
CNAT,$4.49,1439910680177,"63,542",83% bullish,of 6 ratings,$13
CNSI,$19.365,1439910680219,"6,152",100% bearish,of 2 ratings,$29
CMTL,$28.11,1439910680245,"3,360",100% bearish,of 2 ratings,$37
CCUR,$5.09,1439910680379,"3,854",75% bullish,of 4 ratings,N/A
CXRX,$79.08,1439910680406,"1,900",Not yet rated,NULL,$90
CNCE,$16.561,1439910680441,"115,871",75% bullish,of 4 ratings,$22
CDOR,$1.4756,1439910680470,410,100% bullish,of 1 rating,N/A
CDORO,$18.8999,1439910680540,480,100% bearish,of 1 rating,N/A
CFMS,$22.9599,1439910680643,"68,913",Not yet rated,NULL,$27
CNFR,$10.4999,1439910680887,"2,934",Not yet rated,NULL,N/A
CDORP,$7.25,1439910680927,100,100% bearish,of 1 rating,N/A
CNOB,$20.42,1439910680996,"3,704",100% bullish,of 1 rating,$23.50
CTWS,$34.97,1439910681024,801,100% bearish,of 1 rating,$44
CNMD,$57.17,1439910681052,"10,909",Not yet rated,NULL,$59
CNXR,$6.68,1439910681079,"13,923",100% bearish,of 1 rating,$12
CONN,$33.7,1439910681213,"51,612",67% bullish,of 3 ratings,$48.50
CWCO,$11.885,1439910681278,"13,580",67% bullish,of 3 ratings,$14.50
CTCT,$24.45,1439910681411,"56,009",67% bullish,of 3 ratings,$37
CNSL,$20.39,1439910681438,"23,281",100% bearish,of 1 rating,$23
CPSS,$5.72,1439910681473,"4,653",100% bullish,of 1 rating,$10
CFRX,$5.585,1439910681505,"30,459",Not yet rated,NULL,$14
CFRXZ,$0.8001,1439910681581,"2,401",Not yet rated,NULL,N/A
CFRXW,$2.3212,1439910681608,"2,350",100% bearish,of 1 rating,N/A
CTRV,$4.52,1439910681757,"3,795",Not yet rated,NULL,$6.40
CTRL,$8.67,1439910681902,"30,664",50% bullish,of 2 ratings,$11
CPRT,$36.6,1439910681928,"27,248",67% bearish,of 3 ratings,$40
CRBP,$1.9438,1439910681969,"15,886",100% bullish,of 1 rating,$6.25
BVA,$3.78,1439910682098,100,50% bullish,of 2 ratings,N/A
CORI,$11.8,1439910682143,"11,174",100% bearish,of 1 rating,$18
CRVL,$33.7,1439910682204,"3,208",100% bearish,of 1 rating,N/A
CSOD,$38.02,1439910682238,"74,571",50% bullish,of 2 ratings,$42
COSI,$1.16,1439910682337,"7,046",100% bullish,of 1 rating,N/A
CORT,$5.47,1439910682365,"29,721",67% bullish,of 3 ratings,$12
CORE,$64.01,1439910682393,"14,412",100% bearish,of 1 rating,$72
CSGP,$195,1439910682544,"10,896",50% bullish,of 2 ratings,$235
CPAH,$0.4699,1439910682610,"3,665",50% bullish,of 2 ratings,N/A
COST,$145.4,1439910682826,"211,619",83% bullish,of 24 ratings,$154.50
COWN,$5.52,1439910682903,"97,636",75% bullish,of 4 ratings,$7
CVTI,$25.565,1439910682930,"13,045",67% bearish,of 3 ratings,$39
ICBK,NULL,1439910682999,0,Not yet rated,NULL,$21
COWNL,$27.36,1439910683024,190,Not yet rated,NULL,N/A
CPSH,NULL,1439910683103,0,Not yet rated,NULL,N/A
COVS,$2.83,1439910683270,"23,733",67% bullish,of 3 ratings,N/A
CBRL,$152.14,1439910683300,"25,424",50% bullish,of 2 ratings,$155
CRAI,$22.96,1439910683339,"1,595",Not yet rated,NULL,$36
BREW,$8.21,1439910683366,"7,363",67% bullish,of 6 ratings,$15
CRAY,$22.585,1439910683396,"40,869",83% bullish,of 6 ratings,$38.50
CACC,$203.7,1439910683430,"12,867",50% bullish,of 2 ratings,$158.50
SLVO,$10.19,1439910683560,"7,569",100% bearish,of 1 rating,N/A
GLDI,$10.8,1439910683606,300,100% bearish,of 1 rating,N/A
CREE,$27.53,1439910683739,"291,290",65% bullish,of 17 ratings,$28.50
CRDS,NULL,1439910683954,0,50% bullish,of 4 ratings,$4.50
CRESY,$11.63,1439910683983,"29,474",100% bearish,of 1 rating,$19
CRWS,$8.1699,1439910684010,400,Not yet rated,NULL,$10
CCRN,$14.5925,1439910684042,"48,651",100% bearish,of 1 rating,$14.25
CROX,$14.88,1439910684072,"133,810",63% bullish,of 8 ratings,$16.50
CRTO,$48.27,1439910684139,"93,194",67% bullish,of 6 ratings,$64
CRWN,$4.8125,1439910684171,"15,017",75% bullish,of 4 ratings,N/A
CYRX,$3.02,1439910684314,"16,001",Not yet rated,NULL,$9
CSGS,$32.21,1439910684479,"11,145",Not yet rated,NULL,$40
CYRXW,$0.88,1439910684505,700,Not yet rated,NULL,N/A
CCLP,$14.8,1439910684559,"9,841",67% bearish,of 3 ratings,$21
CSPI,$6.15,1439910684635,"1,445",67% bullish,of 3 ratings,N/A
CTIC,$1.8,1439910684723,"126,897",84% bullish,of 76 ratings,$5.75
CTRP,$70.52,1439910684994,"420,718",75% bullish,of 8 ratings,$92
CUNB,$22.53,1439910685023,100,Not yet rated,NULL,$24.50
CTCM,$1.77,1439910685045,"166,530",80% bearish,of 5 ratings,$3.90
CUI,$5.53,1439910685066,"5,200",50% bullish,of 2 ratings,$10
CTIB,NULL,1439910685109,0,100% bearish,of 1 rating,N/A
CMLS,$1.28,1439910685131,"111,926",50% bullish,of 4 ratings,$6
CPIX,$5.99,1439910685201,3,Not yet rated,NULL,N/A
CRIS,$2.895,1439910685266,"60,872",100% bullish,of 8 ratings,$6
CUTR,$15.05,1439910685437,"5,040",67% bearish,of 3 ratings,$18
CVBF,$17.56,1439910685489,"46,260",Not yet rated,NULL,$18
CVV,$12.64,1439910685516,"7,162",100% bullish,of 5 ratings,N/A
CYBR,$60.0424,1439910685646,"337,507",86% bullish,of 7 ratings,$66
CYAN,NULL,1439910685778,0,100% bearish,of 1 rating,N/A
CYBX,$59.898,1439910685883,"13,308",50% bullish,of 4 ratings,$70
CYCC,$0.58,1439910685920,"12,146",73% bullish,of 11 ratings,N/A
CYCCP,NULL,1439910685941,0,100% bearish,of 1 rating,N/A
CYBE,$5.694,1439910685973,"2,027",100% bearish,of 1 rating,N/A
CBAY,$2.776,1439910686015,"24,352",100% bullish,of 1 rating,$4
CYNA,$14.8725,1439910686117,"3,084",100% bullish,of 1 rating,$33
CYNO,$34.56,1439910686145,"23,586",67% bearish,of 3 ratings,$45.50
CYRN,$1.7,1439910686306,"136,006",67% bullish,of 3 ratings,$4
CY,$10.135,1439910686333,"1,176,609",80% bullish,of 10 ratings,$15.50
CYTK,$6.67,1439910686466,"17,885",71% bullish,of 14 ratings,$13.50
CONE,$34.41,1439910686532,"49,753",67% bearish,of 3 ratings,$35
CYTX,$0.3912,1439910686612,"247,561",83% bullish,of 12 ratings,$5.50
CTSO,$7.57,1439910686641,"35,579",Not yet rated,NULL,$15.625
CYTR,$2.36,1439910686670,"199,592",67% bullish,of 6 ratings,$10
TVIZ,NULL,1439910686800,0,100% bearish,of 1 rating,N/A
DAEG,NULL,1439910686826,0,100% bearish,of 1 rating,N/A
TVIX,$5.51,1439910686903,"1,143,407",81% bullish,of 16 ratings,N/A
ZIV,$50,1439910686972,"10,460",Not yet rated,NULL,N/A
XIV,$48.49,1439910687004,"1,926,838",75% bearish,of 4 ratings,N/A
DAKT,$12.08,1439910687103,"39,279",50% bullish,of 2 ratings,$14
DJCO,NULL,1439910687133,0,Not yet rated,NULL,N/A
DAIO,$2.69,1439910687195,72,Not yet rated,NULL,N/A
DARA,$0.915,1439910687266,"31,755",83% bullish,of 6 ratings,$1.50
DTLK,$5.94,1439910687483,"4,402",100% bearish,of 1 rating,$9
DRAM,$1.495,1439910687569,500,78% bullish,of 9 ratings,N/A
DWSN,$5.1,1439910687722,"8,699",67% bullish,of 3 ratings,$6
DTEA,$13.12,1439910687748,"15,386",100% bearish,of 2 ratings,$24
PLAY,$36.99,1439910687778,"21,264",100% bullish,of 5 ratings,$42
DWCH,$5.26,1439910687799,"6,510",75% bullish,of 4 ratings,$8.25
TRAK,$62.26,1439910688002,"52,061",50% bullish,of 2 ratings,$62.50
DHRM,$1.84,1439910688107,"1,000",Not yet rated,NULL,N/A
DFRG,$15.34,1439910688145,"15,411",100% bearish,of 1 rating,$20
DCTH,$0.4919,1439910688310,"32,767",78% bullish,of 9 ratings,N/A
DELT,NULL,1439910688356,0,Not yet rated,NULL,N/A
TACO,$13.7,1439910688382,"52,511",100% bullish,of 3 ratings,$20
DBVT,$43.39,1439910688407,"29,403",100% bearish,of 1 rating,$53
DGAS,$20.2586,1439910688436,372,67% bearish,of 3 ratings,N/A
TACOW,$4.3375,1439910688621,"1,910",100% bullish,of 1 rating,N/A
DERM,$25.72,1439910688826,"19,592",100% bearish,of 1 rating,$33
XRAY,$57.36,1439910688853,"281,338",100% bullish,of 1 rating,$58
DELTW,NULL,1439910688874,0,Not yet rated,NULL,N/A
DEPO,$32.08,1439910688910,"176,130",80% bullish,of 5 ratings,$32
DENN,$12.36,1439910688936,"105,055",100% bullish,of 3 ratings,$15
DSCI,$6.495,1439910689044,"6,205",50% bullish,of 2 ratings,$16
DEST,$11.98,1439910689089,"6,426",50% bullish,of 2 ratings,N/A
DSWL,$1.75,1439910689235,"1,454",100% bullish,of 1 rating,N/A
DXLG,$4.87,1439910689263,"1,300",100% bearish,of 1 rating,$8
DHXM,$7.55,1439910689502,2,Not yet rated,NULL,N/A
DXCM,$98.36,1439910689532,"102,064",57% bullish,of 7 ratings,$98
DXM,$0.33,1439910689554,"42,386",50% bullish,of 2 ratings,N/A
DMND,$32,1439910689575,"17,742",75% bullish,of 12 ratings,$32
DHIL,$193.89,1439910689874,336,Not yet rated,NULL,N/A
FANG,$72.73,1439910689926,"109,204",50% bullish,of 2 ratings,$86
DMRC,$37.23,1439910689981,"7,058",100% bearish,of 1 rating,$44
DRAD,$4.032,1439910690010,704,100% bullish,of 1 rating,$5.25
DRNA,$10.77,1439910690040,"25,174",67% bearish,of 3 ratings,$25
DCIX,$1.85,1439910690142,"2,517",50% bullish,of 4 ratings,$3.50
DGLY,$7.53,1439910690171,"30,101",50% bullish,of 6 ratings,$20
DGII,$10.24,1439910690303,"27,904",100% bearish,of 1 rating,$10
APPS,$2.29,1439910690443,"20,642",100% bearish,of 1 rating,$10.25
DIOD,$19.835,1439910690504,"49,326",75% bearish,of 4 ratings,$24
DCOM,$17.27,1439910690553,"9,636",100% bearish,of 2 ratings,$16.50
DPRX,$13.47,1439910690604,"2,813",100% bullish,of 2 ratings,$27.75
DISCB,NULL,1439910690732,0,100% bearish,of 1 rating,$35
DSCO,$0.4826,1439910690763,"96,279",83% bullish,of 6 ratings,$2.75
DISCK,$27.63,1439910690829,"361,101",100% bearish,of 1 rating,$40
DISCA,$29.07,1439910690863,"235,318",67% bullish,of 3 ratings,$34
DISH,$66.98,1439910690963,"148,182",69% bullish,of 13 ratings,$73
BAGR,$3,1439910691010,"6,861",100% bearish,of 1 rating,$6
DVCR,$11.76,1439910691038,"1,445",100% bullish,of 1 rating,N/A
DLHC,$2.51,1439910691118,300,100% bearish,of 1 rating,N/A
DNBF,$26.5,1439910691356,1,Not yet rated,NULL,$27.50
DGICB,$18.23,1439910691398,2,100% bearish,of 1 rating,N/A
DLTR,$79.13,1439910691425,"215,936",82% bullish,of 11 ratings,$88
DGICA,$14.71,1439910691495,"1,723",100% bearish,of 1 rating,$17
DORM,$51.58,1439910691526,"26,165",100% bearish,of 1 rating,$56
DMLP,$14.8,1439910691598,"9,708",100% bearish,of 1 rating,N/A
HILL,$5.4,1439910691627,"209,498",60% bearish,of 5 ratings,$8
DWA,$19.38,1439910691758,"48,232",63% bullish,of 8 ratings,$26
DRWI,$0.2839,1439910691785,"9,200",60% bullish,of 5 ratings,$.45
DRYS,$0.3605,1439910691819,"604,583",77% bullish,of 31 ratings,$.60
DRWIW,NULL,1439910691920,0,Not yet rated,NULL,N/A
DSPG,$8.7,1439910691946,"20,118",100% bearish,of 1 rating,$13.50
CADT,NULL,1439910692003,0,Not yet rated,NULL,N/A
DSKX,$3.766,1439910692078,"68,214",100% bullish,of 1 rating,N/A
CADTU,NULL,1439910692273,0,Not yet rated,NULL,N/A
CADTR,NULL,1439910692298,0,Not yet rated,NULL,N/A
CADTW,NULL,1439910692346,0,Not yet rated,NULL,N/A
DTSI,$27.34,1439910692444,"8,068",100% bearish,of 2 ratings,$39.50
DRRX,$2.21,1439910692547,"130,897",50% bullish,of 6 ratings,$3
DNKN,$52.25,1439910692599,"88,983",67% bullish,of 15 ratings,$56.50
DXPE,$29.75,1439910692625,"106,366",50% bullish,of 2 ratings,N/A
BOOM,$10.1,1439910692775,"8,508",67% bullish,of 3 ratings,$12
DYSL,NULL,1439910692806,0,100% bullish,of 2 ratings,N/A
DYNT,NULL,1439910692833,0,75% bullish,of 4 ratings,N/A
DYAX,$23.9,1439910692854,"88,773",89% bullish,of 9 ratings,$30
DVAX,$30.34,1439910692999,"59,587",70% bullish,of 10 ratings,$40
EBMT,NULL,1439910693159,0,Not yet rated,NULL,$13.50
ETFC,$28.45,1439910693367,"153,235",57% bullish,of 14 ratings,$33
EGLE,$7.63,1439910693389,"1,454",60% bullish,of 5 ratings,N/A
EGBN,$45,1439910693422,"10,650",Not yet rated,NULL,$48
EGRX,$71.7,1439910693444,"52,255",67% bullish,of 3 ratings,$97
EROC,$1.48,1439910693477,"65,795",50% bullish,of 2 ratings,$3
EACQU,$10.12,1439910693579,18,Not yet rated,NULL,N/A
EWBC,$45.13,1439910693650,"79,696",100% bearish,of 1 rating,$50
ELNK,$9.15,1439910693730,"254,172",80% bullish,of 5 ratings,$9.50
EVBS,$6.45,1439910693786,234,Not yet rated,NULL,$7
EBAY,$27.925,1439910693835,"1,550,108",81% bullish,of 117 ratings,$48
EBIX,$30.02,1439910693941,"28,120",69% bullish,of 13 ratings,$40
ELON,$0.5575,1439910694015,"8,623",50% bullish,of 2 ratings,N/A
EML,NULL,1439910694041,0,Not yet rated,NULL,N/A
ECHO,$26.44,1439910694117,"140,365",67% bearish,of 3 ratings,$35.50
SATS,$46.715,1439910694274,"17,415",50% bullish,of 2 ratings,$60
ECTE,$1.6,1439910694373,"4,353",75% bullish,of 4 ratings,N/A
EDAP,$3.5817,1439910694445,"4,711",60% bullish,of 5 ratings,$4.50
EDGW,NULL,1439910694477,0,100% bearish,of 1 rating,N/A
ECACU,NULL,1439910694498,0,Not yet rated,NULL,N/A
EEI,NULL,1439910694586,0,67% bearish,of 3 ratings,N/A
ESES,$3.59,1439910694633,900,100% bearish,of 1 rating,$7
EFUT,$4.48,1439910694666,"8,507",Not yet rated,NULL,N/A
EDUC,$4.88,1439910694768,629,100% bearish,of 1 rating,N/A
EGAN,$3.5,1439910694811,"1,300",50% bullish,of 2 ratings,$6.25
EGLT,$12.71,1439910694974,"7,850",50% bullish,of 2 ratings,$21
EHTH,$14.79,1439910695064,"10,862",50% bullish,of 4 ratings,$16.50
LOCO,$14.5276,1439910695090,"199,362",69% bullish,of 13 ratings,$23
ESLT,$82.605,1439910695248,"4,481",100% bullish,of 2 ratings,N/A
EA,$73.78,1439910695420,"480,520",77% bullish,of 35 ratings,$80
ELRC,$10.25,1439910695447,"2,188",100% bearish,of 1 rating,N/A
ERI,$9.75,1439910695469,"21,194",100% bearish,of 1 rating,$10
ESIO,$4.62,1439910695504,"4,396",50% bullish,of 2 ratings,$10
EMITF,$1.2899,1439910695525,"5,171",75% bullish,of 4 ratings,N/A
EFII,$45.515,1439910695660,"121,377",80% bullish,of 5 ratings,$55
ELEC,NULL,1439910695687,0,Not yet rated,NULL,N/A
ELSE,NULL,1439910695718,0,60% bullish,of 5 ratings,N/A
EBIO,$4.0801,1439910695895,"350,627",100% bearish,of 2 ratings,$8.35
ELECU,NULL,1439910695955,0,Not yet rated,NULL,N/A
RDEN,$10.4,1439910696027,"39,705",100% bearish,of 4 ratings,$15
ELECW,NULL,1439910696056,0,Not yet rated,NULL,N/A
CAPX,$23.93,1439910696155,2,Not yet rated,NULL,N/A
ESBK,NULL,1439910696254,0,Not yet rated,NULL,N/A
LONG,$17.1,1439910696301,"16,660",67% bullish,of 3 ratings,$15.75
ELTK,$1.13,1439910696332,800,67% bearish,of 3 ratings,N/A
EMCF,NULL,1439910696461,0,100% bearish,of 1 rating,N/A
EMCI,$23.92,1439910696491,"1,300",Not yet rated,NULL,N/A
EMMS,$1.21,1439910696566,"3,096",67% bullish,of 6 ratings,N/A
EMKR,$7.28,1439910696623,"28,430",75% bullish,of 4 ratings,$8.50
EMMSP,NULL,1439910696655,0,100% bearish,of 1 rating,N/A
NYNY,$4.505,1439910696758,"4,250",50% bullish,of 2 ratings,N/A
ENTA,$41.19,1439910696915,"22,369",50% bullish,of 2 ratings,$42
ECPG,$40.63,1439910697063,"31,963",100% bullish,of 2 ratings,$52
ERS,$3.01,1439910697096,"2,800",Not yet rated,NULL,N/A
ELGX,$13.2,1439910697172,"110,224",75% bullish,of 4 ratings,$17
WIRE,$33.7915,1439910697202,"40,213",100% bearish,of 1 rating,$37
ECYT,$5.39,1439910697224,"47,205",83% bullish,of 6 ratings,$12
ENDP,$86.51,1439910697255,"116,132",50% bullish,of 6 ratings,$104
EIGI,$16.06,1439910697390,"78,400",67% bearish,of 3 ratings,$20
EFOI,$15.69,1439910697417,"62,052",50% bullish,of 2 ratings,$17
WATT,$6.87,1439910697490,"29,899",50% bullish,of 2 ratings,$13
ERII,$2.9335,1439910697549,"10,196",80% bullish,of 5 ratings,$2.50
ENG,$1.04,1439910697718,"7,128",100% bullish,of 3 ratings,N/A
EXXI,$1.73,1439910697745,"331,945",86% bullish,of 7 ratings,$3.50
ENPH,$5.29,1439910697875,"249,157",75% bullish,of 4 ratings,$11
ENOC,$8.74,1439910698004,"25,984",75% bullish,of 4 ratings,$18
ESGR,$160.1,1439910698125,"85,650",100% bearish,of 1 rating,$185
ETRM,$0.2535,1439910698152,"366,072",69% bearish,of 35 ratings,$1.625
ENTL,$22.45,1439910698210,"6,041",Not yet rated,NULL,$28
ENTG,$14.67,1439910698343,"61,460",100% bearish,of 1 rating,$18
EGT,$2.25,1439910698372,"5,850",100% bullish,of 1 rating,N/A
EFSC,$24.9,1439910698401,"4,148",Not yet rated,NULL,$27
EBTC,$21.44,1439910698429,150,Not yet rated,NULL,N/A
ENFC,NULL,1439910698450,0,Not yet rated,NULL,N/A
ENZN,$1.0714,1439910698605,"190,747",100% bullish,of 9 ratings,N/A
ENZY,$8.79,1439910698659,"2,400",67% bullish,of 3 ratings,$9.50
ENVI,$1.81,1439910698706,"6,000",67% bullish,of 3 ratings,N/A
EPRS,$5.015,1439910698907,"15,258",82% bullish,of 11 ratings,$15
EPZM,$17.82,1439910699051,"86,365",60% bullish,of 5 ratings,$34
EQIX,$284.68,1439910699101,"45,345",67% bullish,of 3 ratings,$312.50
ERIC,$10.49,1439910699247,"410,386",63% bullish,of 8 ratings,$13.30
EQFN,NULL,1439910699280,0,Not yet rated,NULL,N/A
PLUS,$75.55,1439910699302,"2,026",50% bullish,of 2 ratings,$88
EPIQ,$13.96,1439910699324,"11,215",100% bearish,of 1 rating,$18
EAC,$3.67,1439910699379,"13,707",100% bearish,of 1 rating,$8
ESCR,$0.2225,1439910699468,"2,200",50% bullish,of 2 ratings,N/A
ERIE,$88,1439910699495,"3,710",Not yet rated,NULL,$73
ESCRP,$1.9123,1439910699633,"1,513",100% bearish,of 1 rating,N/A
ESMC,NULL,1439910699670,0,Not yet rated,NULL,N/A
ESSA,$12.81,1439910699734,500,100% bearish,of 1 rating,N/A
ESCA,$18.69,1439910699760,"3,100",100% bearish,of 1 rating,$22
EPIX,$7,1439910699987,120,Not yet rated,NULL,N/A
ESND,$36.04,1439910700050,"24,178",100% bearish,of 1 rating,$40
CLWT,NULL,1439910700121,0,100% bearish,of 1 rating,N/A
ESSX,$0.49,1439910700151,"4,190",50% bullish,of 2 ratings,N/A
ETSY,$16.5001,1439910700252,"136,129",80% bullish,of 5 ratings,$16
ESEA,NULL,1439910700278,0,100% bullish,of 1 rating,$15
EEFT,$68.825,1439910700337,"28,038",100% bearish,of 1 rating,$67.50
ESPR,$74.13,1439910700409,"1,390,677",56% bearish,of 9 ratings,$130
EVLV,$2.24,1439910700611,"21,542",60% bullish,of 5 ratings,$6.50
EVOK,$5.589,1439910700640,"613,447",100% bearish,of 1 rating,$13.75
EVK,NULL,1439910700661,0,75% bearish,of 4 ratings,N/A
EVEP,$8.9505,1439910700851,"76,454",50% bullish,of 2 ratings,$15
EVOL,$6.47,1439910700919,"12,759",75% bullish,of 4 ratings,$10
EXAS,$23.6,1439910701016,"112,735",78% bullish,of 9 ratings,$31
EXA,$10.805,1439910701065,"5,500",100% bearish,of 1 rating,$13
EXAC,$18.555,1439910701100,"6,058",100% bearish,of 1 rating,$22.50
EXEL,$5.896,1439910701197,"615,172",81% bullish,of 16 ratings,$6
EXFO,NULL,1439910701225,0,67% bearish,of 3 ratings,$3.95
EXPE,$123.59,1439910701355,"158,947",64% bullish,of 11 ratings,$130
EXLS,$37.09,1439910701403,"12,508",100% bullish,of 1 rating,$41
EXPD,$49.645,1439910701532,"221,608",80% bullish,of 5 ratings,$50.50
ESRX,$90.435,1439910701560,"455,614",67% bearish,of 6 ratings,$101
EXPO,$44.14,1439910701582,"5,470",100% bearish,of 1 rating,$45.50
EXLP,$20.83,1439910701621,"10,951",100% bearish,of 1 rating,$27
EXTR,$3,1439910701727,"101,743",80% bullish,of 5 ratings,$3
EYEG,$4.36,1439910701776,"7,850",Not yet rated,NULL,N/A
EZCH,$21.595,1439910701936,"46,852",75% bullish,of 8 ratings,$19.50
FFIV,$133.42,1439910701962,"106,022",71% bullish,of 7 ratings,$132
EZPW,$6.08,1439910702002,"20,999",50% bullish,of 4 ratings,$7.50
EYEGW,NULL,1439910702109,0,Not yet rated,NULL,N/A
FCS,$14.24,1439910702149,"63,739",67% bearish,of 3 ratings,$17
FB,$95.699,1439910702180,"6,992,572",73% bullish,of 1063 ratings,$111
FRP,$17.97,1439910702284,"14,150",100% bearish,of 1 rating,$18
FWM,$2.355,1439910702350,"34,656",100% bearish,of 2 ratings,$3.20
DAVE,$15.14,1439910702440,"3,200",100% bearish,of 1 rating,$15.50
FALC,$1.639,1439910702506,"37,515",63% bearish,of 8 ratings,N/A
FFKT,$27.7,1439910702692,"3,367",Not yet rated,NULL,$29
FAST,$40.66,1439910702721,"244,050",80% bullish,of 5 ratings,$46
FMNB,$8.11,1439910702743,"9,932",Not yet rated,NULL,N/A
FARM,$23.41,1439910702772,522,100% bearish,of 1 rating,$35
FARO,$41.33,1439910702801,"27,351",50% bullish,of 2 ratings,$48
FBSS,NULL,1439910702951,0,Not yet rated,NULL,N/A
FATE,$7.899,1439910703038,"27,444",100% bearish,of 1 rating,$11
FDML,$9.79,1439910703108,"23,549",50% bullish,of 4 ratings,$14
FEIC,$81.57,1439910703139,"111,726",50% bullish,of 2 ratings,$95.50
FBRC,$23.27,1439910703169,"27,571",100% bearish,of 1 rating,$29
FHCO,$1.53,1439910703242,"4,146",50% bullish,of 4 ratings,N/A
FNHC,$23.86,1439910703270,"8,600",100% bearish,of 1 rating,$35
FENX,$9.76,1439910703418,"11,476",100% bullish,of 1 rating,$14.25
FCSC,$6.5,1439910703489,"28,692",100% bearish,of 1 rating,$8.125
FGEN,$25.27,1439910703663,"161,780",100% bearish,of 1 rating,$39
ONEQ,$200.14,1439910703688,"17,804",100% bullish,of 1 rating,N/A
LION,$20.1648,1439910703770,"18,392",100% bullish,of 1 rating,$20
FRGI,$55.4918,1439910703838,"32,673",50% bullish,of 2 ratings,$70
FSAM,$8.86,1439910703863,600,100% bearish,of 1 rating,$11
FSCFL,$25.03,1439910704090,"1,593",Not yet rated,NULL,N/A
FSC,$6.48,1439910704121,"173,769",75% bullish,of 4 ratings,$8
FDUS,$15.3,1439910704143,"20,765",100% bullish,of 1 rating,$18
FITB,$21.17,1439910704180,"622,489",54% bullish,of 13 ratings,$22
FSFR,$9.12,1439910704277,"21,551",100% bearish,of 1 rating,$11.50
FNGN,$36.01,1439910704346,"68,797",67% bullish,of 3 ratings,$47
FITBI,$27.7801,1439910704410,"2,678",Not yet rated,NULL,N/A
FNSR,$17.53,1439910704450,"267,170",86% bullish,of 7 ratings,$25
FISI,$24.895,1439910704657,"1,017",100% bullish,of 2 ratings,$24.50
FNJN,$1.76,1439910704790,"1,732",100% bearish,of 1 rating,$5
FNTC,NULL,1439910704833,0,Not yet rated,NULL,N/A
FNTCW,NULL,1439910704897,0,Not yet rated,NULL,N/A
FEYE,$44.0547,1439910704966,"990,336",87% bullish,of 15 ratings,$55.50
FNTCU,NULL,1439910704993,0,Not yet rated,NULL,N/A
FNLC,$18.9799,1439910705042,"1,900",100% bullish,of 1 rating,N/A
FBNC,$17.25,1439910705070,"1,996",100% bullish,of 1 rating,$20
BUSE,$6.44,1439910705255,"4,899",Not yet rated,NULL,$6.875
FBIZ,$44.2399,1439910705289,923,100% bearish,of 2 ratings,$52
FRBA,$6,1439910705310,350,Not yet rated,NULL,$8
FCVA,NULL,1439910705390,0,Not yet rated,NULL,N/A
FCAP,NULL,1439910705539,0,Not yet rated,NULL,N/A
FCFS,$38.3,1439910705645,"15,883",100% bearish,of 2 ratings,$48
FCLF,NULL,1439910705700,0,Not yet rated,NULL,N/A
FCNCA,$249.66,1439910705781,702,Not yet rated,NULL,N/A
FBNK,$16.23,1439910705949,700,100% bearish,of 1 rating,$17.50
FCBC,$18.05,1439910705976,"1,210",Not yet rated,NULL,$17
FCFP,NULL,1439910705998,0,Not yet rated,NULL,N/A
FCCO,$12.14,1439910706035,7,Not yet rated,NULL,$13.25
FDEF,$37.65,1439910706136,"5,324",Not yet rated,NULL,$38
FFBCW,NULL,1439910706215,0,100% bearish,of 1 rating,N/A
FFIN,$32.78,1439910706369,"19,680",50% bullish,of 2 ratings,$31.75
FFNM,$6.34,1439910706450,38,Not yet rated,NULL,N/A
THFF,$33.81,1439910706478,"10,098",Not yet rated,NULL,$35
FFNW,$12.52,1439910706652,200,Not yet rated,NULL,$14
FFBC,$19.42,1439910706752,"20,484",67% bearish,of 3 ratings,$20.25
INBK,$36.25,1439910706779,"1,849",50% bullish,of 2 ratings,$37
FFWM,$21.34,1439910706808,408,Not yet rated,NULL,$24
FIBK,$27.99,1439910706853,"6,594",Not yet rated,NULL,$32
FMBH,NULL,1439910706913,0,Not yet rated,NULL,N/A
FRME,$26.22,1439910706996,"8,264",Not yet rated,NULL,$26.50
FNBC,$35.53,1439910707128,"26,229",Not yet rated,NULL,$41
FNWB,$12.2501,1439910707190,"2,373",Not yet rated,NULL,N/A
FNFG,$9.78,1439910707259,"491,719",80% bullish,of 5 ratings,$9
FSGI,NULL,1439910707402,0,Not yet rated,NULL,N/A
FSFG,$31.2,1439910707539,102,Not yet rated,NULL,N/A
BICK,NULL,1439910707637,0,100% bullish,of 1 rating,N/A
FSBK,$7.79,1439910707665,"4,957",100% bullish,of 1 rating,N/A
FMBI,$18.61,1439910707694,"50,974",Not yet rated,NULL,$20
FCAN,NULL,1439910707723,0,Not yet rated,NULL,N/A
FSLR,$51.59,1439910707826,"340,017",74% bullish,of 39 ratings,$65
FBZ,NULL,1439910707878,0,Not yet rated,NULL,N/A
FTCS,$38.74,1439910707976,"5,579",Not yet rated,NULL,N/A
FV,$24.9624,1439910708080,"419,016",Not yet rated,NULL,N/A
IFV,$18.7797,1439910708110,"64,747",100% bearish,of 1 rating,N/A
FCA,$22.05,1439910708216,395,Not yet rated,NULL,N/A
FEMB,NULL,1439910708374,0,Not yet rated,NULL,N/A
MDIV,$19.9049,1439910708537,"19,547",Not yet rated,NULL,N/A
FTSM,$59.93,1439910708563,"16,819",100% bearish,of 1 rating,N/A
TDIV,$26.0299,1439910708596,"12,158",100% bearish,of 1 rating,N/A
FEUZ,$32.79,1439910708641,30,Not yet rated,NULL,N/A
FTGC,$22.6753,1439910708700,"6,551",Not yet rated,NULL,N/A
FGM,$37.4,1439910708727,200,Not yet rated,NULL,N/A
HYLS,$49.7701,1439910708857,"213,572",100% bearish,of 1 rating,N/A
FTHI,NULL,1439910708957,0,Not yet rated,NULL,N/A
SKYY,$30.6599,1439910709128,"23,070",100% bullish,of 1 rating,N/A
FPXI,NULL,1439910709159,0,Not yet rated,NULL,N/A
FHK,$35.43,1439910709180,"2,615",Not yet rated,NULL,N/A
YDIV,NULL,1439910709261,0,Not yet rated,NULL,N/A
PLTM,$6.46,1439910709397,400,100% bearish,of 1 rating,N/A
CU,$13.12,1439910709424,800,100% bearish,of 1 rating,N/A
FJP,$50.2609,1439910709499,"1,621",Not yet rated,NULL,N/A
LMBS,NULL,1439910709601,0,Not yet rated,NULL,N/A
FMB,NULL,1439910709637,0,Not yet rated,NULL,N/A
FTLB,NULL,1439910709680,0,100% bearish,of 1 rating,N/A
CIBR,$19.7004,1439910709789,"16,542",Not yet rated,NULL,N/A
QABA,$39.84,1439910709838,"1,658",100% bearish,of 1 rating,N/A
FONE,$36.81,1439910709893,11,Not yet rated,NULL,N/A
QCLN,$16.156,1439910709976,"3,505",Not yet rated,NULL,N/A
GRID,NULL,1439910710035,0,100% bearish,of 1 rating,N/A
RDVY,$22.5899,1439910710218,"4,484",Not yet rated,NULL,N/A
CARZ,$36.76,1439910710252,"1,345",100% bearish,of 1 rating,N/A
QQXT,$43.0399,1439910710321,"1,546",Not yet rated,NULL,N/A
QTEC,$42.3,1439910710351,"7,717",Not yet rated,NULL,N/A
QQEW,$44.3165,1439910710399,"1,134",Not yet rated,NULL,N/A
AIRR,$17.02,1439910710451,814,100% bearish,of 1 rating,N/A
FTSL,$48.9876,1439910710631,"8,675",100% bearish,of 1 rating,N/A
FDIV,NULL,1439910710659,0,100% bearish,of 1 rating,N/A
FSZ,NULL,1439910710792,0,Not yet rated,NULL,N/A
FTW,$31.242,1439910710824,450,Not yet rated,NULL,N/A
QINC,$21.59,1439910710851,1,Not yet rated,NULL,N/A
TUSA,NULL,1439910710876,0,Not yet rated,NULL,N/A
FKO,$23.83,1439910710928,"1,300",Not yet rated,NULL,N/A
FKU,$44.1899,1439910711116,"3,900",Not yet rated,NULL,N/A
SVVC,$10.7,1439910711218,"3,056",100% bullish,of 1 rating,$26
FUNC,$8.28,1439910711246,"1,300",Not yet rated,NULL,N/A
FSV,$33.67,1439910711375,"12,620",Not yet rated,NULL,$33.60
FIVE,$37.8,1439910711403,"45,239",75% bearish,of 4 ratings,$44
FMER,$18.88,1439910711425,"241,979",50% bullish,of 2 ratings,$20
FISV,$90.09,1439910711457,"77,524",100% bearish,of 3 ratings,$90
FPRX,$19.18,1439910711638,"68,009",50% bullish,of 2 ratings,$35
FLML,$21.8,1439910711708,"19,880",50% bullish,of 2 ratings,$30
FLXN,$24.26,1439910711804,"22,707",100% bearish,of 1 rating,$39.50
FLKS,$14.6,1439910711829,"9,586",50% bullish,of 2 ratings,$27
SKOR,$50.33,1439910711962,4,Not yet rated,NULL,N/A
FIVN,$4.22,1439910711994,"65,642",100% bullish,of 1 rating,$8.50
MBSD,NULL,1439910712021,0,Not yet rated,NULL,N/A
FLXS,$41.51,1439910712097,"1,450",100% bearish,of 2 ratings,N/A
FLEX,$11.21,1439910712226,"264,506",63% bullish,of 8 ratings,$12
FLDM,$12.82,1439910712258,"47,123",67% bearish,of 3 ratings,$21.50
FLIR,$30.57,1439910712358,"70,055",100% bearish,of 1 rating,$38.50
FOMX,$10.72,1439910712388,"101,482",50% bullish,of 2 ratings,$23.50
FOGO,$18.98,1439910712521,"23,158",50% bullish,of 2 ratings,$25.50
FFIC,$20.92,1439910712601,"3,324",Not yet rated,NULL,$21
FONR,$9.6,1439910712670,280,100% bullish,of 1 rating,N/A
FES,$0.919,1439910712695,"1,200",50% bullish,of 2 ratings,$1
FORR,$32.45,1439910712914,"2,435",Not yet rated,NULL,N/A
FORTY,NULL,1439910712998,0,Not yet rated,NULL,N/A
FBIO,$3.085,1439910713063,"35,263",83% bullish,of 6 ratings,N/A
FORM,$6.5,1439910713095,"66,181",67% bullish,of 3 ratings,$10.50
FORD,$1.0838,1439910713201,"44,788",50% bullish,of 2 ratings,N/A
FWRD,$49.1,1439910713229,"25,438",100% bearish,of 1 rating,$50
FTNT,$47.55,1439910713251,"130,896",80% bullish,of 10 ratings,$52
FWP,$27.09,1439910713282,"36,346",100% bearish,of 1 rating,$45
FOSL,$61.94,1439910713523,"159,374",50% bullish,of 4 ratings,$70
FOXF,$15.86,1439910713680,"2,920",100% bearish,of 1 rating,$19
FXCB,$17.51,1439910713708,10,Not yet rated,NULL,$19
FELE,$30,1439910713766,"36,680",50% bullish,of 4 ratings,$33
FRAN,$10.44,1439910713797,"267,650",50% bullish,of 4 ratings,$15
FMI,$20.25,1439910713821,"55,087",100% bearish,of 2 ratings,$27.50
FREE,$0.538,1439910713896,"55,475",92% bullish,of 12 ratings,N/A
FRED,$14.54,1439910713968,"10,460",50% bullish,of 2 ratings,$16.50
FTRPR,$107.11,1439910714168,800,100% bearish,of 1 rating,N/A
FEIM,$10.85,1439910714199,12,100% bearish,of 1 rating,N/A
FTR,$5.49,1439910714259,"3,860,601",78% bullish,of 27 ratings,$6.25
RAIL,$21.5,1439910714295,"11,484",100% bearish,of 1 rating,$24.50
FRPT,$14.01,1439910714360,"57,426",67% bearish,of 3 ratings,$23.50
FRPH,NULL,1439910714386,0,100% bearish,of 1 rating,N/A
FSBW,$23.5,1439910714457,"1,512",Not yet rated,NULL,N/A
FTD,$31.55,1439910714518,"35,951",100% bearish,of 1 rating,$40
FSYS,$6.615,1439910714725,"4,300",67% bullish,of 3 ratings,$10
FULL,$3.19,1439910714838,"3,542",67% bearish,of 3 ratings,$4.25
FCEL,$0.807,1439910714865,"159,950",88% bullish,of 40 ratings,$2.65
FTEK,$2.344,1439910714902,"1,188",75% bullish,of 4 ratings,N/A
FULT,$13.16,1439910714935,"257,533",100% bearish,of 1 rating,$13
FULLL,NULL,1439910714960,0,Not yet rated,NULL,N/A
FLL,$1.5799,1439910715034,"4,325",75% bullish,of 4 ratings,$2.825
FSNN,$2.52,1439910715091,150,67% bullish,of 3 ratings,$6
FFHL,NULL,1439910715283,0,50% bullish,of 4 ratings,N/A
FXEN,$1.015,1439910715318,"30,955",75% bullish,of 4 ratings,$1.10
GK,$71.7,1439910715386,"11,240",Not yet rated,NULL,$78
FXENP,$16.5,1439910715449,250,100% bearish,of 1 rating,N/A
GLPG,$64.51,1439910715477,"16,980",100% bullish,of 1 rating,$75
GAIA,$5.7199,1439910715551,"15,222",50% bullish,of 2 ratings,$8.50
GALT,$2.23,1439910715731,"8,915",80% bullish,of 5 ratings,N/A
GALE,$1.49,1439910715870,"328,095",89% bullish,of 47 ratings,$4
WILC,$5.0999,1439910715904,"1,308",100% bullish,of 2 ratings,N/A
GALTU,NULL,1439910715931,0,100% bearish,of 1 rating,N/A
GLMD,$8.75,1439910715952,192,67% bullish,of 3 ratings,$20.50
GLPI,$33.71,1439910715988,"40,112",100% bearish,of 1 rating,$37.50
GRMN,$40.31,1439910716015,"97,810",50% bullish,of 6 ratings,$48
GPIC,NULL,1439910716270,0,100% bearish,of 1 rating,N/A
GGAC,$9.82,1439910716303,750,100% bearish,of 1 rating,N/A
GALTW,$0.65,1439910716329,"18,100",100% bullish,of 1 rating,N/A
GGACR,NULL,1439910716459,0,100% bullish,of 1 rating,N/A
GGACU,NULL,1439910716546,0,Not yet rated,NULL,N/A
GENC,NULL,1439910716622,0,100% bearish,of 1 rating,N/A
GARS,$14.8303,1439910716729,"8,951",Not yet rated,NULL,$16
GFNCP,$98.7,1439910716758,100,Not yet rated,NULL,N/A
GGACW,$0.12,1439910716789,"11,635",Not yet rated,NULL,N/A
GFN,$4.03,1439910716811,628,100% bearish,of 2 ratings,$8
GNCMA,$17.9,1439910716832,"16,709",100% bearish,of 1 rating,$12
GFNSL,$25.8,1439910716984,"2,000",Not yet rated,NULL,N/A
GENE,$2.76,1439910717010,"27,331",100% bullish,of 12 ratings,N/A
GNMK,$9.42,1439910717086,"30,699",67% bullish,of 6 ratings,$14
GNCA,$13,1439910717270,"19,625",100% bearish,of 1 rating,$20
GHDX,$26.61,1439910717351,"29,279",50% bullish,of 2 ratings,$30
GTWN,NULL,1439910717483,0,Not yet rated,NULL,N/A
GNVC,$2.3499,1439910717515,253,90% bullish,of 10 ratings,$8.50
GEOS,$15.54,1439910717537,"12,889",100% bearish,of 3 ratings,$25.50
THRM,$48.56,1439910717559,"21,225",75% bearish,of 4 ratings,$55.50
GNTX,$16,1439910717580,"643,290",Not yet rated,NULL,$20
GEVO,$2.15,1439910717854,"88,376",75% bullish,of 12 ratings,N/A
GERN,$3.4099,1439910717960,"411,102",88% bullish,of 16 ratings,$5.25
GIGM,$0.6412,1439910717995,"16,550",100% bullish,of 2 ratings,N/A
GIGA,$1.4652,1439910718022,566,100% bearish,of 1 rating,N/A
ROCK,$18.7,1439910718055,"17,986",80% bullish,of 5 ratings,$24
GIII,$70,1439910718087,"17,242",67% bullish,of 3 ratings,$75
GABC,$29.75,1439910718156,"1,000",Not yet rated,NULL,$31.50
GILT,$4.6,1439910718309,"8,189",50% bullish,of 2 ratings,N/A
GILD,$117.3,1439910718490,"1,227,416",91% bullish,of 86 ratings,$129
GLAD,$8.28,1439910718564,"17,546",50% bullish,of 2 ratings,$8.75
GOOD,$15.79,1439910718634,"4,396",Not yet rated,NULL,$19
GBCI,$28.09,1439910718694,"21,709",50% bullish,of 2 ratings,$31
GLADO,$25.46,1439910718722,750,Not yet rated,NULL,N/A
GOODP,$25.24,1439910718769,350,Not yet rated,NULL,N/A
GOODN,$25.67,1439910718961,61,Not yet rated,NULL,N/A
GAINO,$25.3367,1439910719024,735,Not yet rated,NULL,N/A
GOODO,NULL,1439910719051,0,Not yet rated,NULL,N/A
GAINN,$25.22,1439910719127,"2,100",Not yet rated,NULL,N/A
GAIN,$7.9399,1439910719185,"53,753",100% bullish,of 2 ratings,$8.25
LAND,$9.4901,1439910719216,"1,468",50% bullish,of 2 ratings,$13.75
GLBZ,$12.12,1439910719323,254,Not yet rated,NULL,N/A
GAINP,$26.09,1439910719349,400,Not yet rated,NULL,N/A
GBT,$49.075,1439910719423,"204,451",Not yet rated,NULL,N/A
GDEF,NULL,1439910719679,0,Not yet rated,NULL,N/A
GSOL,$8.55,1439910719810,"1,542",100% bearish,of 1 rating,N/A
ENT,$13.245,1439910719836,"64,256",100% bearish,of 1 rating,$18
GBLI,$26.97,1439910719871,"2,600",Not yet rated,NULL,N/A
QQQC,$21.45,1439910719965,962,100% bearish,of 1 rating,N/A
SOCL,$18.4762,1439910719992,"18,485",100% bullish,of 2 ratings,N/A
ACTX,NULL,1439910720017,0,100% bullish,of 1 rating,N/A
GPACU,NULL,1439910720053,0,Not yet rated,NULL,N/A
SRET,$13.9099,1439910720282,216,Not yet rated,NULL,N/A
YLCO,$12.36,1439910720312,"2,002",Not yet rated,NULL,N/A
GSM,$14.05,1439910720411,"83,717",50% bullish,of 2 ratings,$24.50
GAI,$5.48,1439910720439,520,50% bullish,of 2 ratings,N/A
GBIM,$2.31,1439910720497,"5,057",50% bullish,of 2 ratings,N/A
ALTY,NULL,1439910720600,0,Not yet rated,NULL,N/A
GLBS,$1.3999,1439910720692,"3,500",67% bullish,of 3 ratings,N/A
GOGO,$16.33,1439910720866,"73,303",80% bullish,of 5 ratings,$25
GLYC,NULL,1439910720942,0,50% bullish,of 2 ratings,$14
GLUU,$4.73,1439910721040,"1,104,491",92% bullish,of 26 ratings,$9
GLNG,$39.61,1439910721108,"151,116",83% bullish,of 6 ratings,$58
GLDC,NULL,1439910721136,0,50% bullish,of 2 ratings,N/A
GLRI,$1.25,1439910721271,"1,200",100% bearish,of 1 rating,$6
GDEN,NULL,1439910721322,0,50% bullish,of 2 ratings,N/A
GMLP,$20.65,1439910721348,"24,008",50% bullish,of 4 ratings,$32.50
GOGL,$3.5,1439910721370,"49,541",75% bullish,of 4 ratings,$5
GBDC,$16.63,1439910721562,"10,980",Not yet rated,NULL,$17.75
GTIM,$7.175,1439910721613,"2,050",Not yet rated,NULL,$11.50
GOOG,$659.61,1439910721802,"251,002",89% bullish,of 64 ratings,$795
GOOGL,$690.96,1439910721832,"239,526",88% bullish,of 1078 ratings,$747
GPIA,NULL,1439910721853,0,Not yet rated,NULL,N/A
GPRO,$57.77,1439910721875,"1,132,673",79% bullish,of 58 ratings,$72
GMAN,$4.74,1439910721914,"6,800",60% bullish,of 5 ratings,$8
GPIAU,$10.08,1439910722007,200,Not yet rated,NULL,N/A
GPIAW,NULL,1439910722152,0,Not yet rated,NULL,N/A
GBSN,$2.23,1439910722181,"47,722",100% bearish,of 1 rating,$8.25
GRVY,$3.57,1439910722313,174,50% bullish,of 2 ratings,N/A
LOPE,$39.01,1439910722345,"36,787",100% bearish,of 2 ratings,$50
GLDD,$5.57,1439910722378,"30,242",100% bearish,of 4 ratings,$7.75
GBSNU,$16.303,1439910722400,"8,125",Not yet rated,NULL,N/A
GNBC,$13.45,1439910722444,"1,200",100% bearish,of 1 rating,$17
GSBC,$42.3164,1439910722477,"2,647",100% bullish,of 1 rating,$44
GRBK,$14.81,1439910722883,"50,697",77% bullish,of 13 ratings,N/A
GPRE,$22.09,1439910722936,"72,991",67% bullish,of 6 ratings,$28.50
GCBC,$28.4999,1439910723085,100,100% bullish,of 1 rating,N/A
GRIF,NULL,1439910723133,0,100% bearish,of 1 rating,N/A
GLRE,$26.58,1439910723162,"9,856",100% bullish,of 1 rating,$41
GRPN,$4.27,1439910723184,"2,057,484",61% bullish,of 71 ratings,$6.75
GPP,$14.8,1439910723315,"7,906",Not yet rated,NULL,$20.50
OMAB,$42.81,1439910723344,"3,208",100% bullish,of 1 rating,$44
GRFS,$32.81,1439910723390,"159,241",50% bullish,of 2 ratings,$35
GGAL,$20.44,1439910723446,"39,225",80% bullish,of 5 ratings,$40
GSIT,$5,1439910723524,"1,380",100% bearish,of 1 rating,N/A
GSVC,$9.52,1439910723605,"2,250",50% bullish,of 2 ratings,$14.50
GSIG,$13.5,1439910723633,"1,601",100% bearish,of 2 ratings,N/A
GTXI,$0.9901,1439910723662,"13,338",100% bullish,of 5 ratings,$.75
GBNK,$16.315,1439910723788,"2,209",100% bearish,of 1 rating,$18
GFED,$14.8,1439910723939,1,Not yet rated,NULL,$17
GUID,$9.07,1439910724073,"3,878",100% bearish,of 3 ratings,$10
GURE,$1.84,1439910724103,"7,707",88% bullish,of 8 ratings,N/A
GULTU,$0.3332,1439910724345,"2,242",100% bearish,of 1 rating,N/A
GWPH,$114.68,1439910724373,"22,116",78% bullish,of 9 ratings,$148.50
GIFI,$12.3,1439910724395,"6,820",100% bearish,of 1 rating,$16
HLG,$9.39,1439910724427,2,100% bearish,of 1 rating,N/A
GPOR,$36.1775,1439910724454,"153,592",75% bullish,of 4 ratings,$55.50
GWGH,$8.175,1439910724475,100,100% bearish,of 1 rating,$15.05
HEES,$17.17,1439910724625,"60,566",67% bearish,of 3 ratings,$31
GYRO,$2.9,1439910724660,"2,300",100% bearish,of 1 rating,N/A
HNRG,$7.8,1439910724801,"18,096",100% bearish,of 1 rating,$10
HBK,NULL,1439910724848,0,50% bullish,of 2 ratings,N/A
HALO,$19.6101,1439910724901,"228,810",67% bullish,of 3 ratings,$22.50
HALL,$11.78,1439910724979,"2,434",Not yet rated,NULL,N/A
HMPR,$1.94,1439910725131,"4,900",100% bullish,of 1 rating,N/A
HBHC,$28.66,1439910725295,"66,396",50% bullish,of 2 ratings,$30
HNH,$29.03,1439910725324,200,100% bullish,of 1 rating,N/A
HNSN,$0.544,1439910725425,"33,175",88% bullish,of 8 ratings,$.40
HQCL,$10.65,1439910725472,"5,912",67% bullish,of 3 ratings,N/A
HBHCL,$24.6,1439910725504,"10,694",Not yet rated,NULL,N/A
HDNG,$10.48,1439910725531,"9,072",50% bullish,of 4 ratings,N/A
HAFC,$25.75,1439910725573,"6,227",100% bullish,of 2 ratings,$28.50
HLIT,$5.9,1439910725608,"82,392",100% bearish,of 1 rating,$6.50
HRMN,NULL,1439910725786,0,Not yet rated,NULL,N/A
HRMNU,NULL,1439910725919,0,Not yet rated,NULL,N/A
HRMNW,NULL,1439910725947,0,Not yet rated,NULL,N/A
TINY,$2.55,1439910726051,"5,962",50% bullish,of 2 ratings,$5.26
HART,$0.6502,1439910726188,"58,140",100% bearish,of 1 rating,N/A
HBIO,$4.6,1439910726279,"17,928",Not yet rated,NULL,$10
HCAP,$12.4,1439910726333,"1,556",50% bullish,of 2 ratings,$15
HAS,$80.52,1439910726435,"93,468",63% bullish,of 8 ratings,$84.50
HCAPL,NULL,1439910726464,0,Not yet rated,NULL,N/A
HA,$25.501,1439910726643,"97,210",67% bullish,of 9 ratings,$27
HCOM,$23.27,1439910726669,"1,500",100% bearish,of 1 rating,$28
HWBK,NULL,1439910726706,0,100% bearish,of 1 rating,N/A
HAYN,$40.1328,1439910726807,"5,236",100% bearish,of 1 rating,$59
HDS,$34.68,1439910726834,"160,181",100% bearish,of 2 ratings,$39.50
HWKN,$37.19,1439910726891,"7,525",Not yet rated,NULL,N/A
HIIQ,$4.844,1439910727112,"2,675",50% bullish,of 2 ratings,$7
HCSG,$34.56,1439910727203,"19,452",50% bullish,of 4 ratings,$35
HQY,$33.5,1439910727924,"19,022",67% bullish,of 3 ratings,$31
HSTM,$25.8,1439910728413,"23,117",50% bullish,of 2 ratings,$33.75
HWAY,$12.58,1439910728857,"67,336",100% bearish,of 1 rating,$15
HTLD,$21.3,1439910729425,"26,576",Not yet rated,NULL,$22.50
HTLF,$37.68,1439910729458,"7,856",100% bullish,of 1 rating,$39.50
HTWR,$89.88,1439910729527,"14,595",50% bullish,of 2 ratings,$103
HSII,$20.01,1439910729590,"12,593",100% bullish,of 3 ratings,$25
HTBX,$5.69,1439910729628,"4,610",50% bullish,of 2 ratings,$15.50
HELE,$91.905,1439910729825,"22,864",67% bearish,of 3 ratings,$100
HMTV,$13.32,1439910729927,"2,602",100% bearish,of 1 rating,$16
HMNY,NULL,1439910729953,0,100% bearish,of 1 rating,N/A
HNNA,$23.14,1439910729978,"2,700",Not yet rated,NULL,N/A
HCACU,$9.98,1439910730003,"1,000",Not yet rated,NULL,N/A
HERO,$0.0701,1439910730299,"795,564",81% bullish,of 16 ratings,$.75
HFWA,$18.45,1439910730465,"4,176",100% bullish,of 1 rating,$20
HSIC,$146.92,1439910730491,"33,278",83% bullish,of 6 ratings,$146
HTBK,$11.12,1439910730742,"3,903",Not yet rated,NULL,$12
HEOP,$8.07,1439910730994,628,Not yet rated,NULL,$8.50
HCCI,$12.88,1439910731924,"1,630",100% bearish,of 1 rating,$16.50
MLHR,$29.56,1439910732507,"40,247",50% bullish,of 2 ratings,$33.50
HRTX,$32.32,1439910732534,"53,013",67% bullish,of 6 ratings,$41
HSKA,$33.97,1439910732677,"7,821",100% bearish,of 1 rating,$38
HPJ,$2.8399,1439910732710,"3,633",75% bullish,of 4 ratings,$12.43
HFFC,$16.43,1439910732740,202,Not yet rated,NULL,N/A
HIHO,$4.1724,1439910732766,"4,524",Not yet rated,NULL,N/A
HIMX,$6.87,1439910732811,"277,225",85% bullish,of 20 ratings,$8.50
HIBB,$40.52,1439910732836,"55,459",100% bearish,of 1 rating,$48.50
HSGX,$6.78,1439910732987,110,100% bearish,of 1 rating,$17
HIFS,$120.7,1439910733013,704,Not yet rated,NULL,N/A
HMNF,NULL,1439910733088,0,Not yet rated,NULL,N/A
HOLI,$18.12,1439910733243,"85,486",50% bullish,of 4 ratings,$27
HOLX,$42.69,1439910733272,"192,377",67% bullish,of 3 ratings,$42
HMSY,$9.5,1439910733417,"260,594",67% bullish,of 3 ratings,$19.35
HBCP,NULL,1439910733488,0,Not yet rated,NULL,$29
HOMB,$40.89,1439910733657,"26,879",Not yet rated,NULL,$41
HFBL,$22,1439910733711,1,Not yet rated,NULL,N/A
AWAY,$31.32,1439910733740,"128,387",67% bullish,of 3 ratings,$36
HMIN,$29.52,1439910733812,"13,090",100% bearish,of 2 ratings,$35
HKTV,$5.17,1439910733885,"2,226",100% bearish,of 1 rating,N/A
HMST,$22.06,1439910733912,"17,454",100% bullish,of 2 ratings,$27
HTBI,$18.54,1439910733938,"1,580",67% bullish,of 3 ratings,$18.625
CETC,$0.9499,1439910734079,"9,065",86% bullish,of 7 ratings,N/A
HOFT,$25.27,1439910734105,"2,160",100% bearish,of 1 rating,N/A
HFBC,$11.7699,1439910734130,100,Not yet rated,NULL,N/A
HBNC,$25.01,1439910734319,"10,407",100% bullish,of 1 rating,$27
HZNP,$31.96,1439910734394,"271,393",85% bullish,of 20 ratings,$40
ZINC,$8.24,1439910734498,"125,656",100% bearish,of 1 rating,$17
HRZN,$11.114,1439910734526,"5,999",100% bearish,of 1 rating,$14.25
HDP,$26.32,1439910734802,"52,987",67% bearish,of 3 ratings,$30.50
HMHC,$23.51,1439910735052,"52,984",Not yet rated,NULL,$27
HWCC,$7.415,1439910735459,"63,262",100% bearish,of 1 rating,$9
HOVNP,$5.46,1439910735651,600,100% bearish,of 1 rating,N/A
HBMD,$14.82,1439910735710,102,100% bearish,of 1 rating,N/A
HTGM,$5.93,1439910735817,"1,950",100% bearish,of 1 rating,$19.50
HSNI,$63.8,1439910735954,"26,741",Not yet rated,NULL,$80
HUBG,$41.64,1439910735984,"14,250",100% bearish,of 1 rating,$43
HSON,$2.97,1439910736021,230,100% bearish,of 1 rating,$5
HBAN,$11.815,1439910736050,"1,546,081",76% bullish,of 17 ratings,$12.50
HCBK,$10.37,1439910736083,"160,238",83% bullish,of 6 ratings,$8.61
HDSN,$3.16,1439910736226,"1,603",100% bullish,of 1 rating,$6.25
HBANP,NULL,1439910736359,0,100% bearish,of 1 rating,N/A
HURC,$30.765,1439910736563,"1,222",100% bearish,of 1 rating,N/A
HURN,$75.49,1439910737344,"10,022",50% bullish,of 2 ratings,$80
HTCH,$1.6501,1439910737642,"10,982",100% bearish,of 1 rating,$3.50
HBP,$3.09,1439910738378,520,100% bullish,of 1 rating,N/A
HDRA,NULL,1439910739599,0,Not yet rated,NULL,N/A
IACI,$75.24,1439910740850,"55,516",75% bullish,of 4 ratings,$90
HDRAU,NULL,1439910740877,0,Not yet rated,NULL,N/A
HYGS,$7.7,1439910740914,"4,198",50% bullish,of 2 ratings,$13
IDSY,$4.05,1439910740943,"2,400",100% bearish,of 1 rating,$7
HDRAW,NULL,1439910740965,0,Not yet rated,NULL,N/A
IKGH,$1.8,1439910741012,"7,700",75% bullish,of 4 ratings,N/A
HDRAR,NULL,1439910741038,0,Not yet rated,NULL,N/A
IBKC,$63.59,1439910741060,"16,243",100% bullish,of 1 rating,$70
ICAD,$3.655,1439910741267,"17,420",50% bullish,of 2 ratings,$7.25
ICFI,$35.38,1439910741298,"34,802",50% bullish,of 2 ratings,$48.50
ICLR,$80.445,1439910741334,"267,833",100% bearish,of 3 ratings,$85
ICUI,$122.88,1439910741514,"14,241",Not yet rated,NULL,$122
IEP,$72.976,1439910741566,"11,710",75% bullish,of 4 ratings,$99
IPWR,$7.9,1439910741596,"7,539",100% bullish,of 1 rating,$15
INVE,$5.29,1439910741617,"72,081",75% bullish,of 4 ratings,$4
ICON,$13.69,1439910741646,"186,204",50% bullish,of 2 ratings,$18.50
DSKY,$12.355,1439910742038,"25,680",67% bullish,of 6 ratings,$11.50
IRG,$4.38,1439910742071,"3,400",100% bearish,of 1 rating,$4.50
KANG,$17.0505,1439910742092,"38,644",50% bullish,of 2 ratings,$22.55
IDRA,$2.685,1439910742114,"189,596",89% bullish,of 9 ratings,$6.50
RXDX,$13.73,1439910742162,"33,879",100% bullish,of 1 rating,$20
IIVI,$17.71,1439910742246,"21,610",100% bearish,of 1 rating,$22
IDXX,$79.42,1439910742275,"120,885",100% bearish,of 1 rating,$77
IROQ,$16.6,1439910742297,"2,300",100% bullish,of 1 rating,N/A
IKNX,NULL,1439910742574,0,100% bearish,of 1 rating,N/A
ILMN,$207.57,1439910742604,"157,874",80% bullish,of 5 ratings,$240
IKAN,$2.7317,1439910742632,"10,182",83% bullish,of 6 ratings,$5
ISNS,$4.15,1439910742673,"16,070",50% bullish,of 2 ratings,N/A
ICCC,$9.03,1439910742802,385,100% bullish,of 1 rating,N/A
IMMR,$12.3891,1439910742901,"14,233",80% bullish,of 5 ratings,$15.50
IMDZ,$17.17,1439910742933,"28,998",100% bearish,of 1 rating,$33
IMNP,$1.52,1439910743032,"28,106",50% bullish,of 2 ratings,$6
IMGN,$14.046,1439910743098,"211,824",75% bullish,of 4 ratings,$17.50
IPXL,$47.165,1439910743127,"63,361",67% bullish,of 3 ratings,$46.50
IMMY,$7.75,1439910743159,935,100% bearish,of 1 rating,$11
IMMU,$1.9501,1439910743191,"215,236",86% bullish,of 7 ratings,$2
INCR,$44.425,1439910743291,"162,637",50% bullish,of 2 ratings,$53
SAAS,$8.03,1439910743431,"71,392",50% bullish,of 2 ratings,$15
INDB,$48.669,1439910743542,"2,476",Not yet rated,NULL,$44
INCY,$116.535,1439910743581,"248,844",50% bullish,of 6 ratings,$125.50
IBTX,$43.5,1439910743646,"4,984",100% bullish,of 2 ratings,$47.25
INFN,$24.53,1439910743747,"446,852",71% bullish,of 7 ratings,$27.50
IDSA,$3.74,1439910743811,"3,293",Not yet rated,NULL,N/A
INFI,$9.62,1439910743841,"34,119",50% bullish,of 4 ratings,$18
III,$4.19,1439910743944,"7,088",57% bullish,of 7 ratings,$6
IPCC,$80.67,1439910743983,"10,814",Not yet rated,NULL,$77
IFON,$1.36,1439910744072,"20,243",75% bullish,of 4 ratings,N/A
IBCP,$14.59,1439910744108,"3,505",100% bullish,of 1 rating,$14.50
IMKTA,$54.27,1439910744206,"23,617",100% bearish,of 1 rating,N/A
INWK,$7.707,1439910744238,"11,552",50% bullish,of 2 ratings,$10
INNL,NULL,1439910744266,0,100% bearish,of 1 rating,$16.50
INOD,$2.54,1439910744338,200,100% bearish,of 1 rating,N/A
IPHS,$50.59,1439910744485,"23,124",100% bearish,of 1 rating,$60
IOSP,$46.67,1439910744590,"19,977",100% bearish,of 1 rating,N/A
INOV,$22.23,1439910744722,"125,148",100% bearish,of 1 rating,$33
INGN,$50.55,1439910744750,"58,101",100% bearish,of 1 rating,$50.50
ISSC,$3.01,1439910744777,"1,300",67% bearish,of 3 ratings,N/A
ITEK,$15.62,1439910744807,"203,128",67% bearish,of 3 ratings,$20
NSIT,$26.185,1439910744834,"12,294",50% bullish,of 2 ratings,N/A
INO,$7.835,1439910744879,"193,109",89% bullish,of 18 ratings,$20
ISIG,NULL,1439910745022,0,100% bearish,of 1 rating,N/A
PODD,$30.47,1439910745153,"41,764",50% bullish,of 2 ratings,$35
IIIN,$17.94,1439910745210,"2,640",100% bearish,of 2 ratings,N/A
NTEC,$6.06,1439910745231,802,Not yet rated,NULL,N/A
INSY,$35.9,1439910745265,"90,131",75% bullish,of 4 ratings,$48
INSM,$27.3501,1439910745286,"64,175",71% bullish,of 7 ratings,$32
IART,$62.93,1439910745316,"16,605",100% bearish,of 1 rating,$71.50
IDTI,$17.79,1439910745524,"2,421,607",60% bullish,of 5 ratings,$25
ISSI,$22.29,1439910745588,"20,971",67% bullish,of 3 ratings,$19.75
IPCI,$2.2499,1439910745615,"9,282",67% bullish,of 6 ratings,$7.75
INTC,$28.9701,1439910745683,"4,492,912",82% bullish,of 238 ratings,$36
IQNT,$22.23,1439910745765,"682,601",86% bullish,of 7 ratings,$20
IESC,$7.34,1439910745791,"5,200",100% bearish,of 1 rating,N/A
ININ,$40.1,1439910745923,"2,768",67% bearish,of 3 ratings,$57
IBKR,$42.53,1439910746005,"41,803",100% bullish,of 1 rating,N/A
IPAR,$28.765,1439910746067,"18,754",67% bullish,of 3 ratings,$38
ICPT,$214.01,1439910746138,"25,533",70% bullish,of 10 ratings,$363
IDCC,$50.18,1439910746164,"40,725",80% bullish,of 5 ratings,$63
ICLDW,NULL,1439910746207,0,100% bearish,of 1 rating,N/A
TILE,$26.2097,1439910746354,"57,949",67% bearish,of 3 ratings,$27
IMI,NULL,1439910746487,0,67% bullish,of 3 ratings,$2.22
ICLD,$1.9473,1439910746516,"69,542",75% bullish,of 4 ratings,N/A
INAP,$8.69,1439910746543,"21,915",75% bullish,of 4 ratings,$11
IBOC,$27.56,1439910746569,"11,658",100% bearish,of 1 rating,N/A
IGLD,$7.7401,1439910746595,"2,800",50% bullish,of 2 ratings,N/A
IIJI,NULL,1439910746763,0,50% bullish,of 2 ratings,$11.50
PTNT,NULL,1439910746906,0,Not yet rated,NULL,N/A
INTX,$2.5599,1439910746941,"7,412",67% bullish,of 3 ratings,N/A
INPH,$0.31,1439910746972,"11,710",50% bullish,of 2 ratings,N/A
XENT,$30.23,1439910747001,"56,397",50% bullish,of 2 ratings,$36.50
ISIL,$10.805,1439910747036,"90,127",50% bullish,of 6 ratings,$15
ISCA,$34.08,1439910747074,"17,275",100% bearish,of 1 rating,N/A
IILG,$21.59,1439910747134,"12,702",100% bearish,of 1 rating,$30.50
IVAC,$5.03,1439910747311,"1,100",Not yet rated,NULL,$6.625
INTL,$28.25,1439910747415,"13,150",67% bearish,of 3 ratings,N/A
INTLL,$25.82,1439910747441,"13,900",Not yet rated,NULL,N/A
IIN,$6.44,1439910747521,5,100% bearish,of 1 rating,$12
ISRG,$532.45,1439910747627,"23,501",67% bullish,of 3 ratings,$600
ITCI,$31.5199,1439910747657,"90,449",75% bearish,of 4 ratings,$40
INTU,$106.08,1439910747759,"136,909",100% bullish,of 7 ratings,$107.50
INVT,$0.2985,1439910747903,"33,354",67% bullish,of 3 ratings,N/A
SNAK,$8.77,1439910747983,"10,890",50% bullish,of 2 ratings,$14
ITIC,NULL,1439910748015,0,100% bearish,of 2 ratings,N/A
NVIV,$11.64,1439910748036,"64,648",50% bullish,of 4 ratings,$24.50
ISTR,$15.75,1439910748066,2,100% bearish,of 1 rating,$18.50
ISBC,$12.3599,1439910748093,"486,729",100% bullish,of 1 rating,$13.25
IPAS,$1.06,1439910748327,"3,456",67% bullish,of 3 ratings,N/A
IVTY,$11.93,1439910748352,"4,689",Not yet rated,NULL,$18
DTUL,$64.46,1439910748396,200,Not yet rated,NULL,N/A
DFVL,NULL,1439910748488,0,Not yet rated,NULL,N/A
IPCM,$79.51,1439910748562,"23,416",50% bullish,of 2 ratings,$80.125
IPGP,$91.17,1439910748588,"29,175",100% bearish,of 2 ratings,$109.50
IRMD,$26.41,1439910748732,"2,225",67% bearish,of 3 ratings,$25
IRIX,$7.1,1439910748824,"3,300",100% bearish,of 1 rating,N/A
IRDM,$6.905,1439910748934,"38,488",60% bullish,of 5 ratings,$11.50
COMT,$33.59,1439910748961,"1,666",100% bearish,of 1 rating,N/A
IRDMB,$274.448,1439910748990,100,67% bearish,of 3 ratings,N/A
IRBT,$30.89,1439910749017,"19,706",67% bullish,of 6 ratings,$37
IRWD,$11.66,1439910749048,"86,595",100% bearish,of 1 rating,$13
IRCP,$33,1439910749152,"1,100",100% bullish,of 2 ratings,N/A
GNMA,$50.0529,1439910749183,"2,010",Not yet rated,NULL,N/A
FCHI,$49.82,1439910749381,"2,722",Not yet rated,NULL,N/A
IFAS,NULL,1439910749473,0,Not yet rated,NULL,N/A
IFGL,$30.0999,1439910749511,"70,291",Not yet rated,NULL,N/A
IFEU,NULL,1439910749548,0,Not yet rated,NULL,N/A
ACWX,$42.96,1439910749690,"38,131",100% bearish,of 1 rating,N/A
IFNA,$55.96,1439910749828,"1,500",Not yet rated,NULL,N/A
ACWI,$59.1249,1439910749853,"123,315",Not yet rated,NULL,N/A
AXJS,NULL,1439910749891,0,Not yet rated,NULL,N/A
AAXJ,$55.82,1439910749917,"233,188",Not yet rated,NULL,N/A
EEME,$39,1439910749997,16,100% bearish,of 1 rating,N/A
EEMA,$52.665,1439910750080,"2,117",Not yet rated,NULL,N/A
EMDI,NULL,1439910750108,0,Not yet rated,NULL,N/A
AAIT,$31.3,1439910750130,"2,066",100% bullish,of 1 rating,N/A
EMEY,NULL,1439910750277,0,Not yet rated,NULL,N/A
EGRW,$48.52,1439910750351,200,Not yet rated,NULL,N/A
EEML,$28.8,1439910750484,173,Not yet rated,NULL,N/A
IEUS,$47.5517,1439910750559,"4,383",100% bearish,of 1 rating,N/A
EUFN,$23.21,1439910750618,"23,936",100% bearish,of 1 rating,N/A
EVAL,$37,1439910750654,"2,602",Not yet rated,NULL,N/A
QAT,$21.95,1439910750722,145,Not yet rated,NULL,N/A
UAE,$18.51,1439910750750,900,Not yet rated,NULL,N/A
EMIF,NULL,1439910750782,0,Not yet rated,NULL,N/A
IBB,$372.23,1439910750810,"145,353",63% bullish,of 8 ratings,N/A
SOXX,$85.16,1439910750942,"38,810",50% bullish,of 2 ratings,N/A
ICLN,$10.25,1439910750973,"1,211",50% bullish,of 2 ratings,N/A
WOOD,$51.02,1439910751131,923,50% bullish,of 2 ratings,N/A
ISHG,$78.454,1439910751162,"3,313",100% bearish,of 1 rating,N/A
INDY,$29.56,1439910751192,"54,356",100% bullish,of 1 rating,N/A
IGOV,$90.0599,1439910751323,"2,422",100% bearish,of 1 rating,N/A
ISIS,$52.72,1439910751406,"205,308",53% bullish,of 15 ratings,$67
ISLE,$19.59,1439910751479,"98,479",50% bullish,of 4 ratings,$16
ITRN,$25.76,1439910751614,236,50% bullish,of 2 ratings,N/A
ISRL,NULL,1439910751645,0,100% bearish,of 1 rating,N/A
XXIA,$15.7,1439910751719,"86,185",71% bullish,of 7 ratings,$14.625
ITUS,NULL,1439910751750,0,Not yet rated,NULL,N/A
ITRI,$33.5,1439910751803,"39,451",Not yet rated,NULL,$37
IXYS,$10.662,1439910751910,"19,564",50% bullish,of 4 ratings,N/A
JJSF,$118.72,1439910751941,"1,255",100% bearish,of 1 rating,N/A
MAYS,NULL,1439910752014,0,Not yet rated,NULL,N/A
JBHT,$80.19,1439910752077,"120,847",50% bullish,of 4 ratings,$89.50
JCOM,$73.1,1439910752108,"54,711",100% bullish,of 2 ratings,$77
JASO,$8.335,1439910752210,"377,003",82% bullish,of 17 ratings,$10
JACK,$86.99,1439910752344,"92,898",83% bullish,of 6 ratings,$105
JKHY,$71.61,1439910752371,"15,414",50% bullish,of 2 ratings,$72
JAXB,NULL,1439910752500,0,100% bullish,of 1 rating,N/A
JAGX,$2.87,1439910752601,"1,700",Not yet rated,NULL,N/A
JAKK,$9.88,1439910752642,"71,891",60% bearish,of 5 ratings,$10.50
JMBA,$14.25,1439910752807,"43,621",75% bullish,of 4 ratings,$18
JRVR,$27.03,1439910752869,"2,628",Not yet rated,NULL,$27
JASNW,NULL,1439910752898,0,50% bullish,of 2 ratings,N/A
JXSB,$24.214,1439910752933,100,Not yet rated,NULL,N/A
JD,$26.83,1439910753029,"2,306,039",75% bullish,of 16 ratings,$36
JASN,$5.2909,1439910753060,"1,000",50% bullish,of 2 ratings,$9.50
ERW,NULL,1439910753094,0,Not yet rated,NULL,N/A
JAZZ,$186.98,1439910753129,"24,899",80% bullish,of 15 ratings,$206.50
JBLU,$24.26,1439910753264,"1,823,203",94% bullish,of 16 ratings,$27
JTPY,$2.96,1439910753339,100,100% bearish,of 1 rating,N/A
DATE,$6.53,1439910753481,"31,165",75% bullish,of 4 ratings,$9
JCTCF,$9.54,1439910753506,20,100% bullish,of 1 rating,N/A
JST,$4.3336,1439910753573,714,75% bullish,of 4 ratings,N/A
WYIGU,$10.02,1439910753713,997,Not yet rated,NULL,N/A
JBSS,$47.59,1439910753740,"3,357",67% bearish,of 3 ratings,N/A
JIVE,$4.09,1439910753770,"205,621",75% bullish,of 4 ratings,$5
JOEZ,$0.2044,1439910753869,"54,777",92% bullish,of 12 ratings,N/A
JUNO,$44.2399,1439910753899,"572,438",73% bullish,of 11 ratings,$71.50
JOUT,$25.03,1439910753999,"2,039",100% bearish,of 1 rating,$34
JNP,$9.76,1439910754077,"6,478",100% bullish,of 3 ratings,$15
KBIO,$1.95,1439910754183,"3,500",50% bullish,of 4 ratings,N/A
KTWO,$21.8,1439910754218,"25,031",100% bearish,of 1 rating,$28.50
KALU,$85.3,1439910754292,"18,583",67% bearish,of 3 ratings,$91
KMDA,$3.94,1439910754347,"12,048",50% bullish,of 2 ratings,$8
KNDI,$7.0799,1439910754372,"65,708",86% bullish,of 22 ratings,N/A
KCLI,$47.885,1439910754553,"2,843",Not yet rated,NULL,N/A
KCAP,$4.82,1439910754611,"46,011",75% bullish,of 4 ratings,$6.75
KPTI,$13.97,1439910754655,"157,687",67% bearish,of 3 ratings,$41
KBSF,NULL,1439910754699,0,100% bullish,of 1 rating,N/A
KELYA,$14.83,1439910754740,"7,019",67% bullish,of 6 ratings,$20
KELYB,NULL,1439910754801,0,50% bullish,of 2 ratings,N/A
KRNY,$11.84,1439910754829,"127,346",100% bearish,of 1 rating,$12
KMPH,$21.935,1439910754857,"28,831",100% bearish,of 2 ratings,$22
KFFB,$8.67,1439910755108,"6,713",100% bearish,of 1 rating,N/A
GMCR,$50.77,1439910755135,"266,223",71% bullish,of 42 ratings,$64
KERX,$6.34,1439910755269,"219,813",82% bullish,of 11 ratings,$12
KEQU,$17,1439910755403,"4,498",100% bullish,of 1 rating,N/A
KTEC,$12.1,1439910755475,"1,172",Not yet rated,NULL,N/A
KTCC,$10.21,1439910755501,"1,514",100% bearish,of 1 rating,$15
KFRC,$28.63,1439910755550,"21,627",100% bullish,of 2 ratings,$29
KIN,$5.91,1439910755580,"2,718",50% bullish,of 2 ratings,$6.25
KBAL,$11.39,1439910755601,"6,629",50% bullish,of 2 ratings,N/A
KE,$11.8201,1439910755737,"3,081",67% bearish,of 3 ratings,$16
KGJI,$0.7997,1439910755765,"67,092",89% bullish,of 9 ratings,N/A
KITE,$60.2199,1439910755992,"232,551",88% bullish,of 8 ratings,$85
KINS,$8.5,1439910756037,"5,063",100% bullish,of 1 rating,N/A
KONE,$4.17,1439910756090,"2,203",Not yet rated,NULL,N/A
KIRK,$26.94,1439910756116,"16,697",50% bullish,of 2 ratings,$32
KLAC,$51.04,1439910756179,"152,867",100% bearish,of 1 rating,$61.50
KONA,$20.56,1439910756267,"9,300",50% bullish,of 2 ratings,$28
KLXI,$38.94,1439910756309,"50,426",100% bearish,of 1 rating,$49
KZ,$7.195,1439910756442,"24,982",60% bearish,of 5 ratings,N/A
KRNT,$13.14,1439910756509,"4,599",50% bullish,of 2 ratings,$18
