Symbol,Price,Date,Volume,Rating,RatingVoteCount,OneYearEstimate
FCCY,$11.5,1440443402400,"1,100",100% bullish,of 1 rating,$13
FLWS,$9.17,1440443402440,"156,657",100% bullish,of 5 ratings,$15
FCTY,NULL,1440443402489,0,100% bullish,of 1 rating,$8.50
SRCE,$28.84,1440443402937,"15,588",100% bullish,of 3 ratings,$33
VNET,$17.65,1440443402967,"1,254,312",60% bullish,of 5 ratings,$29.50
TWOU,$33.205,1440443402994,"194,592",50% bullish,of 2 ratings,$39
UGLD,$9.75,1440443403535,"368,597",100% bearish,of 1 rating,N/A
DGLD,$77.36,1440443403715,"19,398",100% bearish,of 1 rating,N/A
USLV,$13.1001,1440443403966,"435,964",86% bullish,of 7 ratings,N/A
DSLV,$67.1499,1440443404114,"34,063",100% bearish,of 1 rating,N/A
JOBS,$25.545,1440443404142,"264,209",50% bullish,of 4 ratings,$36
SIXD,$1.34,1440443404677,"94,381",Not yet rated,NULL,N/A
CAFD,$15.15,1440443404785,"235,285",Not yet rated,NULL,$25
EGHT,$8,1440443404889,"347,584",82% bullish,of 17 ratings,$11
AVHI,$13.62,1440443405143,"7,644",100% bearish,of 1 rating,$19
SHLM,$33.12,1440443405203,"51,443",100% bearish,of 1 rating,$50
AAON,$20.68,1440443405384,"48,822",100% bearish,of 1 rating,$24
ABAX,$45.9,1440443405637,"67,292",100% bearish,of 1 rating,$60
ABY,$19.24,1440443405694,"458,420",100% bearish,of 2 ratings,$46
ABGB,$4.38,1440443405827,"60,327",67% bullish,of 3 ratings,$5.50
ABEOW,$1.5,1440443406139,"1,920",100% bullish,of 1 rating,N/A
ABEO,$4.3599,1440443406183,"157,418",67% bullish,of 3 ratings,$15.50
ABMD,$93.61,1440443407076,"613,188",75% bullish,of 4 ratings,$100.50
ACTG,$8.495,1440443407244,"179,720",67% bullish,of 3 ratings,$18.50
ACHC,$70.06,1440443407269,"794,597",50% bullish,of 2 ratings,$92
AXAS,$1.541,1440443407324,"673,103",78% bullish,of 9 ratings,$3.50
ANCX,$18.45,1440443407345,"21,508",Not yet rated,NULL,$19
ACST,$0.325,1440443407366,"18,415",100% bullish,of 2 ratings,N/A
ACAD,$33.96,1440443407398,"583,312",80% bullish,of 20 ratings,$48
AXDX,$17.95,1440443407425,"113,944",100% bearish,of 1 rating,N/A
XLRN,$27.525,1440443407580,"137,052",50% bullish,of 2 ratings,$57
VXDN,$2.05,1440443407706,"603,197",100% bearish,of 1 rating,N/A
TFSCW,NULL,1440443407738,0,100% bearish,of 1 rating,N/A
ARAY,$6.335,1440443407759,"902,207",100% bearish,of 1 rating,$10.50
TFSCR,NULL,1440443407795,0,Not yet rated,NULL,N/A
TFSC,NULL,1440443407815,0,100% bearish,of 1 rating,N/A
PIH,$6.99,1440443407851,"10,700",100% bearish,of 1 rating,N/A
TFSCU,NULL,1440443407950,0,Not yet rated,NULL,N/A
VXUP,$2.164,1440443408202,"681,736",Not yet rated,NULL,N/A
ACRX,$3.9,1440443408261,"204,691",67% bearish,of 6 ratings,$5.50
ACET,$23.02,1440443408513,"54,329",75% bullish,of 4 ratings,$30
ACNB,$20.05,1440443408755,"16,744",Not yet rated,NULL,N/A
AKAO,$5.85,1440443408785,"149,800",75% bullish,of 4 ratings,$15
ACOR,$29.03,1440443408887,"220,339",67% bearish,of 3 ratings,$38.50
ACPW,$1.75,1440443408939,"62,336",100% bullish,of 4 ratings,$3.50
ACTS,$1.59,1440443408965,"67,714",100% bearish,of 1 rating,N/A
ACHN,$7.32,1440443409019,"2,160,125",90% bullish,of 21 ratings,$16
ACIW,$21.17,1440443409044,"208,149",50% bullish,of 2 ratings,$24
ACTA,$13.5,1440443409238,"87,523",67% bearish,of 3 ratings,$25
ATVI,$26.13,1440443409369,"3,554,611",68% bullish,of 84 ratings,$31.50
ACXM,$19.64,1440443409426,"305,097",67% bullish,of 3 ratings,N/A
ACUR,$0.5811,1440443409462,"48,857",100% bullish,of 5 ratings,$1
ADMS,$18.945,1440443409612,"50,993",100% bearish,of 2 ratings,$36
ADAP,$11.05,1440443409703,"110,520",67% bullish,of 3 ratings,$22
ADMP,$3.5,1440443409766,"34,771",50% bullish,of 2 ratings,$10
ADMA,$9.21,1440443409836,"16,634",Not yet rated,NULL,$19
ADBE,$74.57,1440443409863,"2,503,131",65% bullish,of 17 ratings,$90
ADEP,$6.6,1440443409890,"42,489",50% bullish,of 2 ratings,$10.75
AEY,$2.28,1440443410026,"6,500",100% bearish,of 2 ratings,N/A
ADTN,$15.165,1440443410157,"160,653",67% bullish,of 3 ratings,$17.125
ADUS,$28.2701,1440443410197,"22,148",100% bearish,of 1 rating,$31
AMD,$1.72,1440443410301,"7,091,311",83% bullish,of 103 ratings,$2
AEIS,$23.74,1440443410447,"176,698",50% bullish,of 2 ratings,$32.50
ADRO,$18.695,1440443410578,"293,372",80% bullish,of 5 ratings,$45.50
MULT,NULL,1440443410651,0,100% bearish,of 1 rating,N/A
YPRO,$23.155,1440443410779,537,100% bearish,of 1 rating,N/A
AEGR,$17.34,1440443411046,"189,131",50% bullish,of 6 ratings,$26
AEPI,$54.22,1440443411253,"14,607",100% bearish,of 1 rating,N/A
AMTX,$2.66,1440443411358,"17,938",50% bullish,of 2 ratings,$26.11
ADXS,$13.155,1440443411527,"536,160",64% bullish,of 14 ratings,$27
AEZS,$0.0899,1440443411552,"8,268,415",90% bullish,of 21 ratings,$1.50
AVAV,$23.4099,1440443411707,"107,582",50% bullish,of 4 ratings,$31
AEMD,$6.8,1440443412223,"29,239",Not yet rated,NULL,$27.50
AEGN,$17.57,1440443412250,"78,462",100% bearish,of 1 rating,$21
AERI,$15.561,1440443412271,"366,668",75% bullish,of 4 ratings,$31.50
AFFX,$8.8501,1440443412403,"427,216",80% bullish,of 5 ratings,$12
ADXSW,$9.62,1440443412428,"6,078",100% bullish,of 1 rating,N/A
AEHR,$2.211,1440443412454,"20,050",50% bullish,of 2 ratings,N/A
AFMD,$9.7901,1440443412479,"149,068",50% bullish,of 4 ratings,$15
AGEN,$6.65,1440443412589,"775,012",85% bullish,of 13 ratings,$14
AGRX,$8.2,1440443412693,"32,166",100% bearish,of 1 rating,$17.50
AGYS,$9.355,1440443412798,"14,536",100% bearish,of 1 rating,N/A
AGFS,$9.85,1440443413028,"78,503",100% bearish,of 1 rating,N/A
AGIO,$80.6823,1440443413063,"458,653",88% bullish,of 8 ratings,$114
AGFSW,$1.76,1440443413088,"17,728",100% bearish,of 2 ratings,N/A
AIRM,$35.31,1440443413844,"136,054",80% bearish,of 5 ratings,$53
AIMT,$20.24,1440443413971,"90,141",Not yet rated,NULL,N/A
AIRT,$21.99,1440443414069,616,100% bullish,of 1 rating,N/A
AKAM,$66.48,1440443414222,"1,601,581",63% bullish,of 8 ratings,$77
AKBA,$6.31,1440443414312,"160,028",100% bearish,of 1 rating,$18
AKRX,$38.62,1440443414339,"751,892",78% bullish,of 9 ratings,$56
AIXG,$5.7196,1440443414383,"14,499",67% bearish,of 3 ratings,$5.25
ATSG,$8.735,1440443414410,"120,260",67% bullish,of 3 ratings,$13
AMCN,$4.27,1440443414435,"960,567",83% bullish,of 6 ratings,N/A
ALSK,$2.03,1440443414632,"121,462",78% bullish,of 18 ratings,$2
AMRI,$19.08,1440443414728,"254,383",75% bearish,of 4 ratings,$24
ABDC,$11.8999,1440443414763,"102,092",Not yet rated,NULL,$15
ALRM,$16.5,1440443414785,"153,034",100% bearish,of 1 rating,$22
ADHD,$7.8599,1440443414819,"170,298",50% bullish,of 4 ratings,$18
ALDR,$36.5,1440443414859,"365,983",67% bearish,of 3 ratings,$62
AKER,$2.75,1440443414912,"21,578",Not yet rated,NULL,N/A
ALDX,$7.06,1440443415215,"11,138",100% bearish,of 1 rating,$14.50
ALXN,$166.8375,1440443415283,"1,134,787",88% bullish,of 8 ratings,$223
ALCO,$40.98,1440443415311,"9,106",50% bullish,of 2 ratings,N/A
ALXA,$1.08,1440443415341,"7,960",83% bullish,of 6 ratings,$2.125
ALIM,$2.983,1440443415443,"84,441",80% bullish,of 5 ratings,$10
ALKS,$57.52,1440443415596,"495,382",67% bullish,of 3 ratings,$75
ALGT,$209.61,1440443415621,"62,527",100% bearish,of 1 rating,$235
ALGN,$54.39,1440443415682,"249,606",100% bearish,of 2 ratings,$73
ALLB,$22.39,1440443415713,"2,495",Not yet rated,NULL,N/A
AFOP,$16.58,1440443415786,"184,586",75% bullish,of 8 ratings,$21
AHGP,$35.1735,1440443415817,"58,482",67% bullish,of 3 ratings,N/A
AIQ,$14.02,1440443415954,"8,640",67% bullish,of 3 ratings,N/A
ARLP,$23.83,1440443415981,"265,394",67% bearish,of 3 ratings,$32
AHPI,$1.4526,1440443416111,"1,189",50% bullish,of 2 ratings,N/A
ALQA,$4.25,1440443416293,"27,149",75% bullish,of 4 ratings,$8.50
AMOT,$17.63,1440443416380,"53,413",100% bearish,of 1 rating,N/A
AFAM,$43.99,1440443416423,"42,389",50% bullish,of 2 ratings,$44
ALLT,$4.9801,1440443416449,"72,461",75% bullish,of 4 ratings,$6.25
MDRX,$13.16,1440443416478,"1,390,974",60% bullish,of 5 ratings,$16
ALNY,$93.5,1440443416619,"418,859",67% bullish,of 3 ratings,$148.50
ATEC,$0.5799,1440443416718,"141,514",100% bullish,of 1 rating,$2
SMCP,$21.8,1440443416752,400,Not yet rated,NULL,N/A
AOSL,$7.41,1440443416819,"46,699",67% bullish,of 3 ratings,$9
ALTR,$46.79,1440443416903,"2,248,011",80% bearish,of 5 ratings,$54
AIMC,$24.75,1440443417033,"38,842",100% bearish,of 2 ratings,$28.50
ASPS,$26.45,1440443417058,"255,934",67% bullish,of 3 ratings,$46.50
AMAG,$57.865,1440443417117,"397,844",100% bullish,of 2 ratings,$77.50
AMRN,$1.975,1440443417275,"996,193",85% bullish,of 39 ratings,$8
AMRK,$10.53,1440443417322,"3,929",50% bullish,of 2 ratings,$14
AMZN,$468.58,1440443417350,"3,992,771",81% bullish,of 263 ratings,$646
AMBA,$86.891,1440443417515,"3,214,882",83% bullish,of 12 ratings,$102.50
AYA,$20.9801,1440443417540,"90,824",100% bearish,of 1 rating,$40
AMBC,$15.21,1440443417599,"159,224",100% bearish,of 1 rating,$16.50
AMBCW,NULL,1440443417682,0,100% bearish,of 1 rating,N/A
EPAX,$2.68,1440443417755,"29,850",100% bearish,of 1 rating,N/A
AMCX,$66.07,1440443417822,"398,372",67% bullish,of 3 ratings,$87.50
DOX,$55.78,1440443417909,"388,920",50% bullish,of 2 ratings,$60
AMED,$37.8,1440443418006,"196,736",100% bearish,of 1 rating,$42
AMDA,$0.41,1440443418061,"1,280,709",90% bullish,of 10 ratings,$1
UHAL,$353.07,1440443418105,"17,554",100% bullish,of 2 ratings,$393.50
ASBI,$22.2,1440443418210,950,Not yet rated,NULL,N/A
AAL,$37.6901,1440443418355,"9,739,618",93% bullish,of 88 ratings,$57
AGNC,$19.355,1440443418387,"2,883,383",75% bullish,of 28 ratings,$22
ATAX,$5.22,1440443418486,"219,835",100% bullish,of 1 rating,$6.50
AMOV,$17.58,1440443418515,"5,266",100% bearish,of 1 rating,N/A
AGNCB,$24.01,1440443418620,"9,076",Not yet rated,NULL,N/A
AGNCP,$25.15,1440443418658,"12,223",Not yet rated,NULL,N/A
MTGEP,$24.0601,1440443418821,"6,800",Not yet rated,NULL,N/A
MTGE,$15.37,1440443418846,"327,646",75% bullish,of 4 ratings,$19.50
ACAS,$13.26,1440443419030,"881,383",60% bullish,of 5 ratings,$16.75
ACSF,$11.99,1440443419084,"18,007",100% bearish,of 1 rating,$15
ANCI,$1.42,1440443419135,454,100% bearish,of 1 rating,N/A
APEI,$21.3,1440443419316,"31,939",100% bearish,of 1 rating,$25.50
AMNB,$22.7786,1440443419343,"9,405",Not yet rated,NULL,$25.50
ANAT,$97.11,1440443419371,"25,829",100% bullish,of 1 rating,N/A
ARII,$37.59,1440443419470,"169,802",67% bearish,of 3 ratings,$45
AMIC,$9.65,1440443419561,494,Not yet rated,NULL,N/A
AETI,$4.06,1440443419668,"2,639",67% bearish,of 3 ratings,N/A
ASEI,$38.485,1440443419723,"23,047",100% bearish,of 1 rating,$52.50
AMRB,$9.95,1440443419808,"7,930",Not yet rated,NULL,$11
AMSWA,$8.67,1440443419939,"46,429",100% bearish,of 2 ratings,$10.75
AMWD,$65.445,1440443419964,"136,647",50% bullish,of 2 ratings,$53
AMSC,$3.5,1440443419991,"73,789",50% bullish,of 4 ratings,N/A
CRMT,$37.845,1440443420220,"36,498",100% bearish,of 1 rating,$39
ABCB,$26.78,1440443420250,"89,582",Not yet rated,NULL,$31
AMSF,$47.58,1440443420271,"35,682",Not yet rated,NULL,$57.50
ASRVP,$27.5,1440443420292,400,Not yet rated,NULL,N/A
ASRV,$3.22,1440443420323,800,100% bullish,of 2 ratings,N/A
FOLD,$13.503,1440443420598,"1,080,264",56% bullish,of 9 ratings,$21
AMGN,$149.87,1440443420625,"3,369,637",89% bullish,of 19 ratings,$185
ATLO,$22.92,1440443420650,"6,220",Not yet rated,NULL,N/A
AMPH,$13.16,1440443420679,"90,834",50% bullish,of 2 ratings,$20
AMKR,$4.7099,1440443420790,"1,357,234",100% bearish,of 2 ratings,$5
AMRS,$1.5601,1440443421449,"136,684",70% bullish,of 10 ratings,N/A
AMSG,$77.1101,1440443421481,"269,642",100% bearish,of 1 rating,$85.50
ASYS,$4.91,1440443421531,"44,141",67% bullish,of 3 ratings,$12
AFSI,$57.2,1440443421582,"527,189",60% bullish,of 5 ratings,$72
AMSGP,$148.67,1440443421609,200,Not yet rated,NULL,N/A
ANAC,$123.235,1440443421634,"364,845",80% bullish,of 5 ratings,$180.50
ANAD,$0.3,1440443421663,"183,476",100% bullish,of 2 ratings,$.50
ADI,$52.15,1440443421764,"2,431,285",67% bullish,of 3 ratings,$69
ALOG,$78.52,1440443421922,"40,707",100% bearish,of 2 ratings,$100.50
ANCB,$22.9999,1440443421987,"1,100",Not yet rated,NULL,$23
AMCF,$0.2451,1440443422051,"26,065",100% bullish,of 7 ratings,N/A
ABCW,$39.3,1440443422077,"6,282",67% bullish,of 3 ratings,N/A
ANIP,$47.97,1440443422154,"145,938",89% bullish,of 19 ratings,$66
ANGO,$14.273,1440443422424,"30,695",67% bullish,of 3 ratings,$19
ANGI,$4.65,1440443422449,"803,612",64% bullish,of 11 ratings,$5.50
ANIK,$33.3088,1440443422616,"99,762",60% bullish,of 5 ratings,$51.25
ATRS,$1.685,1440443422676,"634,489",92% bullish,of 12 ratings,$4.50
ANSS,$86.75,1440443422748,"338,704",100% bearish,of 1 rating,$100
ATNY,$2.3404,1440443422773,"3,801",50% bullish,of 2 ratings,$3.75
ANTH,$7.04,1440443422803,"1,056,706",80% bullish,of 10 ratings,$13
ABAC,$0.6301,1440443422829,"27,863",100% bearish,of 1 rating,N/A
APIC,$6.06,1440443422995,"117,557",100% bearish,of 1 rating,$19
APOG,$50.085,1440443423021,"112,207",100% bullish,of 1 rating,$67
AINV,$6.319,1440443423154,"1,943,935",50% bullish,of 4 ratings,$8
APOL,$10.68,1440443423370,"731,773",87% bearish,of 68 ratings,$14
APPF,$15.35,1440443423395,"53,470",50% bullish,of 2 ratings,$22
AAPL,$103.93,1440443423441,"82,257,871",86% bullish,of 2342 ratings,$150
ARCI,$1.3,1440443423538,362,Not yet rated,NULL,N/A
APDN,$3.0801,1440443423599,"48,065",Not yet rated,NULL,$9
AMAT,$15.205,1440443423731,"14,097,273",82% bullish,of 11 ratings,$23
APDNW,$1.1442,1440443423759,"6,573",Not yet rated,NULL,N/A
AAOI,$19.2057,1440443423936,"309,674",50% bullish,of 4 ratings,$26
AGTC,$15.0574,1440443423988,"36,685",50% bullish,of 2 ratings,$33
AMCC,$5.1899,1440443424021,"585,600",80% bullish,of 5 ratings,$8
APTO,$4.755,1440443424072,"5,951",Not yet rated,NULL,$17
APRI,$1.21,1440443424122,"99,142",83% bullish,of 6 ratings,$4.86
AQXP,$17.865,1440443424200,"411,480",50% bullish,of 2 ratings,$2
AREX,$1.96,1440443424225,"671,093",100% bearish,of 1 rating,$3
AQMS,$4.66,1440443424252,"14,786",Not yet rated,NULL,N/A
PETX,$16.86,1440443424764,"236,903",100% bearish,of 2 ratings,$26
AUMA,$9.81,1440443424794,500,Not yet rated,NULL,N/A
ABUS,$6.94,1440443424820,"260,098",86% bullish,of 14 ratings,$23
ARDM,$6.9001,1440443424846,150,100% bullish,of 1 rating,$26
AUMAU,$9.97,1440443424895,600,Not yet rated,NULL,N/A
RKDA,$5.51,1440443424976,"17,232",100% bearish,of 2 ratings,$10
AUMAW,NULL,1440443425080,0,Not yet rated,NULL,N/A
ABIO,$0.8501,1440443425144,"282,570",50% bullish,of 2 ratings,$3.75
ACAT,$25.18,1440443425278,"127,914",100% bearish,of 3 ratings,$33
ACGL,$67.92,1440443425317,"253,361",50% bullish,of 2 ratings,$72
ARCW,$3.28,1440443425548,"16,189",100% bearish,of 2 ratings,$10.50
ARDX,$16.78,1440443425574,"42,257",50% bullish,of 2 ratings,$24.50
ARNA,$2.74,1440443425653,"1,442,152",90% bullish,of 77 ratings,$5.50
ARCB,$28.65,1440443425758,"171,735",67% bearish,of 3 ratings,$39.50
ARCC,$14.9428,1440443425888,"2,713,049",67% bearish,of 3 ratings,$17.875
AGII,$55.78,1440443425914,"88,845",Not yet rated,NULL,$59.50
AGIIL,$25.047,1440443425935,"7,776",Not yet rated,NULL,N/A
ARGS,$6.055,1440443426070,"84,179",50% bullish,of 2 ratings,$19.50
ARIA,$6.381,1440443426124,"1,730,045",87% bullish,of 46 ratings,$9
ARIS,$3.16,1440443426145,"45,748",Not yet rated,NULL,$4.50
ARMH,$40.225,1440443426338,"1,877,353",54% bearish,of 13 ratings,$61
ARTX,$1.4138,1440443426439,"171,253",88% bullish,of 16 ratings,$4.50
ARKR,$24.5505,1440443426466,"2,600",50% bullish,of 2 ratings,N/A
ARWAU,$10.2,1440443426539,400,100% bullish,of 1 rating,N/A
ARWA,NULL,1440443426598,0,Not yet rated,NULL,N/A
ARWAR,NULL,1440443426622,0,Not yet rated,NULL,N/A
ARWAW,$0.1051,1440443426827,"1,436",Not yet rated,NULL,N/A
ARQL,$1.6193,1440443426875,"181,161",75% bullish,of 4 ratings,$5
AROW,$27.1,1440443427005,"21,071",Not yet rated,NULL,N/A
ARRS,$25.43,1440443427051,"671,777",50% bullish,of 2 ratings,$38
DWAT,$9.7899,1440443427095,"4,713",100% bearish,of 1 rating,N/A
ARRY,$5.26,1440443427189,"1,023,592",100% bullish,of 7 ratings,$10
ARTNA,$22.3772,1440443427218,"15,626",100% bearish,of 1 rating,$29
ARWR,$5.035,1440443427244,"1,107,198",75% bullish,of 4 ratings,$10.50
ASBB,$23.75,1440443427291,900,Not yet rated,NULL,N/A
ARTW,$4.38,1440443427426,"4,159",75% bearish,of 4 ratings,N/A
ASND,$17.9,1440443427500,"36,639",100% bullish,of 1 rating,$30
ASNA,$10.99,1440443427667,"1,918,780",50% bullish,of 2 ratings,$18
ASCMA,$27.18,1440443427697,"55,791",100% bearish,of 1 rating,$45
APWC,$1.8001,1440443427800,"1,602",100% bearish,of 1 rating,N/A
ASMI,NULL,1440443427822,0,NULL,NULL,NULL
ASML,$86.26,1440443428031,"1,333,268",50% bullish,of 4 ratings,$127
AZPN,$37.15,1440443428056,"612,823",50% bullish,of 2 ratings,$42
ASMB,$12.465,1440443428132,"34,981",67% bullish,of 3 ratings,N/A
ASFI,$8.92,1440443428233,"10,725",100% bullish,of 1 rating,N/A
ASTE,$35.47,1440443428265,"35,477",100% bearish,of 1 rating,$48
ASTI,$0.1001,1440443428296,"1,494,666",83% bullish,of 6 ratings,$3
ALOT,$12.22,1440443428400,122,100% bearish,of 1 rating,N/A
ATRO,$51.52,1440443428529,"82,243",100% bearish,of 2 ratings,$80
ASUR,$5.452,1440443428611,"4,670",100% bearish,of 2 ratings,$8
ASTC,$1.99,1440443428659,"52,462",100% bullish,of 5 ratings,N/A
ATAI,$2.38,1440443428709,"16,800",100% bearish,of 1 rating,N/A
ATRA,$38.82,1440443428758,"125,868",50% bullish,of 2 ratings,$68
ATHN,$127.22,1440443429300,"249,125",67% bearish,of 3 ratings,$153
AAME,$3.5999,1440443429365,799,Not yet rated,NULL,N/A
AFCB,$28.75,1440443429394,300,Not yet rated,NULL,N/A
AAPC,$10.1,1440443429415,"1,713",Not yet rated,NULL,N/A
ATNI,$71.23,1440443429451,"37,562",100% bearish,of 1 rating,$69.50
ACFC,$5.9,1440443429479,"52,603",Not yet rated,NULL,$6.50
ATHX,$1.1321,1440443429550,"217,835",89% bullish,of 9 ratings,$5
ATLC,$3.79,1440443429578,"12,920",67% bullish,of 3 ratings,N/A
AAWW,$39.93,1440443429891,"301,164",50% bullish,of 2 ratings,$65
AFH,$16.39,1440443429933,"22,704",Not yet rated,NULL,$21.50
ATRC,$24.76,1440443429990,"174,558",100% bullish,of 1 rating,$30
ATML,$6.595,1440443430062,"3,185,499",78% bullish,of 9 ratings,$9.50
ATOS,$0.7901,1440443430144,"151,381",100% bullish,of 7 ratings,$7
ATRM,$2.87,1440443430196,605,50% bullish,of 2 ratings,N/A
ATTU,$12.97,1440443430252,"104,636",100% bearish,of 1 rating,$20.50
ATRI,$374.42,1440443430330,"1,162",Not yet rated,NULL,N/A
LIFE,$13.72,1440443430493,"43,257",86% bullish,of 7 ratings,$43
AUBN,$26.32,1440443430595,"2,042",Not yet rated,NULL,N/A
AUDC,$3.06,1440443430625,"69,321",80% bullish,of 5 ratings,$5
ADAT,$0.12,1440443430653,"12,109",100% bullish,of 2 ratings,N/A
AUPH,$3.07,1440443430753,"30,251",100% bearish,of 1 rating,$8
EARS,$4.505,1440443430798,"58,832",100% bearish,of 2 ratings,$11.50
ABTL,$17.04,1440443430836,"203,260",100% bullish,of 4 ratings,$20.25
ADSK,$49.71,1440443430964,"2,069,486",83% bullish,of 6 ratings,$69.50
AVGO,$110.21,1440443431053,"2,876,360",88% bullish,of 8 ratings,$160
ADP,$76.28,1440443431145,"2,768,415",100% bearish,of 1 rating,$88
AAVL,$10.235,1440443431241,"355,101",100% bearish,of 1 rating,$20
AVNU,$12.2,1440443431292,"7,810",Not yet rated,NULL,$14
AVEO,$1.2696,1440443431317,"1,045,660",75% bullish,of 8 ratings,$3
AVNW,$1.16,1440443431466,"90,434",50% bullish,of 2 ratings,$2.20
AVID,$7.735,1440443431495,"380,814",100% bearish,of 1 rating,$20
AVGR,$13.885,1440443431602,"29,121",100% bearish,of 1 rating,$20
CAR,$40.91,1440443431663,"1,764,510",80% bullish,of 5 ratings,$60
AWRE,$3.113,1440443431742,"12,766",67% bullish,of 3 ratings,N/A
ACLS,$3.14,1440443431869,"470,307",67% bullish,of 6 ratings,$4.75
AXPW,$1.13,1440443431895,"43,968",83% bullish,of 6 ratings,N/A
AXPWW,NULL,1440443432038,0,Not yet rated,NULL,N/A
AXGN,$3.9,1440443432063,"25,452",Not yet rated,NULL,$5
AXTI,$2.16,1440443432143,"17,309",50% bullish,of 2 ratings,$2.75
BCOM,$17.29,1440443432300,"1,000",100% bearish,of 1 rating,N/A
RILY,$9.66,1440443432346,405,Not yet rated,NULL,N/A
BEAV,$46.45,1440443432488,"899,727",67% bearish,of 3 ratings,$59
BWINB,$22.78,1440443432673,"13,453",Not yet rated,NULL,N/A
BCPC,$56.98,1440443432699,"87,718",100% bearish,of 1 rating,$75
BIDU,$141.4375,1440443432725,"5,363,973",81% bullish,of 88 ratings,$210
BOSC,$2.3499,1440443432756,"7,266",50% bullish,of 2 ratings,N/A
BWINA,NULL,1440443432853,0,Not yet rated,NULL,N/A
BLDP,$1.18,1440443432933,"596,604",91% bullish,of 22 ratings,$2.50
BANF,$59.285,1440443433079,"12,655",Not yet rated,NULL,$68
BANFP,$27.38,1440443433162,603,Not yet rated,NULL,N/A
BMRC,$47.9,1440443433220,"4,222",Not yet rated,NULL,$52
BKMU,$6.8,1440443433294,"60,600",Not yet rated,NULL,$8
BOCH,$5.67,1440443433364,"18,171",Not yet rated,NULL,$6.50
BOTJ,$10.9501,1440443433512,"2,263",Not yet rated,NULL,N/A
BKSC,$15.1,1440443433549,"4,021",Not yet rated,NULL,N/A
BWFG,$17.85,1440443433581,772,100% bearish,of 1 rating,N/A
BFIN,$11.81,1440443433606,"21,435",Not yet rated,NULL,$13
OZRK,$39.145,1440443433632,"393,338",67% bullish,of 3 ratings,$49.50
TAPR,$28.99,1440443433816,"3,334",100% bearish,of 1 rating,N/A
BANR,$44,1440443433907,"32,927",100% bullish,of 3 ratings,$50
BHAC,NULL,1440443433990,0,Not yet rated,NULL,N/A
BZUN,$4.78,1440443434066,"578,491",50% bullish,of 2 ratings,$12.60
BHACR,NULL,1440443434118,0,Not yet rated,NULL,N/A
BHACU,NULL,1440443434202,0,Not yet rated,NULL,N/A
BHACW,NULL,1440443434307,0,Not yet rated,NULL,N/A
BBSI,$33.22,1440443434411,"65,931",67% bearish,of 3 ratings,$62.50
BYBK,NULL,1440443434472,0,100% bearish,of 1 rating,N/A
BV,$5,1440443434501,"204,323",67% bullish,of 6 ratings,$9
BSET,$27.6,1440443434530,"20,913",100% bearish,of 1 rating,$35
BYLK,$12.7,1440443434555,"7,066",Not yet rated,NULL,$14
BCBP,$11.55,1440443434632,"10,099",Not yet rated,NULL,N/A
BBCN,$14.105,1440443434718,"185,106",100% bearish,of 1 rating,$16
BDCV,$4.88,1440443434759,"7,044",100% bearish,of 1 rating,$10.19
BECN,$34.5,1440443434951,"202,921",50% bullish,of 2 ratings,$40
BSF,$8.47,1440443435024,"14,592",Not yet rated,NULL,N/A
BBGI,$4.24,1440443435083,"1,190",100% bearish,of 1 rating,N/A
BBBY,$60.07,1440443435208,"1,667,763",71% bullish,of 7 ratings,$75
BEBE,$1.75,1440443435257,"94,012",75% bullish,of 4 ratings,$3.075
BLPH,$4.91,1440443435304,"15,852",100% bearish,of 1 rating,$12.50
BELFA,$14.19,1440443435329,"1,210",100% bearish,of 1 rating,N/A
BELFB,$17.89,1440443435607,"12,669",100% bearish,of 1 rating,N/A
BLCM,$16.695,1440443435660,"167,267",50% bullish,of 4 ratings,$40
BNFT,$34.64,1440443435693,"46,402",67% bullish,of 3 ratings,$46
BGMD,$0.7698,1440443435727,"172,948",100% bullish,of 10 ratings,N/A
BNCL,$12.34,1440443435826,"239,879",100% bullish,of 3 ratings,$12.50
BNTC,$7.9001,1440443435856,"6,110",100% bullish,of 1 rating,N/A
BGCP,$8.41,1440443435955,"886,850",88% bullish,of 8 ratings,$14
BGFV,$10.43,1440443436053,"87,347",57% bullish,of 7 ratings,$12
BIND,$4.1701,1440443436199,"73,313",75% bullish,of 4 ratings,$13.50
BASI,$1.45,1440443436224,"5,770",Not yet rated,NULL,N/A
BCDA,NULL,1440443436262,0,Not yet rated,NULL,N/A
ORPN,$5.037,1440443436405,"31,307",100% bullish,of 1 rating,$28.50
BIOD,$0.68,1440443436434,"102,222",80% bullish,of 5 ratings,$4
BIOC,$1.953,1440443436536,"273,117",83% bullish,of 6 ratings,$3.85
BCRX,$11.61,1440443436612,"287,614",63% bullish,of 8 ratings,$18
BDSI,$6.21,1440443436638,"530,596",88% bullish,of 8 ratings,$17
BIOL,$1.37,1440443436714,"73,497",Not yet rated,NULL,N/A
BLFS,$2.004,1440443436738,"55,768",100% bearish,of 1 rating,$4.75
BLRX,$1.2688,1440443436786,"283,805",100% bullish,of 12 ratings,$5
BIIB,$283.79,1440443436978,"2,259,649",88% bullish,of 16 ratings,$400
BVXVW,$0.72,1440443437017,"24,842",100% bearish,of 1 rating,N/A
BMRN,$121.45,1440443437062,"820,173",80% bullish,of 5 ratings,$160
BVXV,$3.41,1440443437195,"42,494",Not yet rated,NULL,N/A
BRLI,NULL,1440443437276,0,NULL,NULL,NULL
BIOS,$1.91,1440443437435,"686,606",71% bullish,of 7 ratings,$4
BBP,$30.4,1440443437602,"77,360",Not yet rated,NULL,N/A
BPTH,$1.09,1440443437650,"169,741",100% bullish,of 2 ratings,$5
BBC,$29.04,1440443437675,"36,186",Not yet rated,NULL,N/A
BSTC,$47.39,1440443437704,"40,570",100% bearish,of 1 rating,$76
BSPM,$0.63,1440443437804,"56,081",50% bullish,of 2 ratings,N/A
BOTA,$2.16,1440443437895,"57,340",88% bullish,of 8 ratings,N/A
TECH,$95.81,1440443437991,"95,807",100% bullish,of 1 rating,$117
BEAT,$13.5275,1440443438227,"335,895",67% bearish,of 3 ratings,$15
BDMS,$12.693,1440443438356,100,100% bearish,of 1 rating,N/A
BJRI,$43.82,1440443438551,"150,561",50% bullish,of 2 ratings,$55
BDE,$7.185,1440443438599,"328,457",50% bullish,of 2 ratings,$9
BBOX,$15.2,1440443438624,"32,838",100% bearish,of 1 rating,N/A
BITI,$16.4,1440443438701,"16,320",100% bullish,of 1 rating,$28
BBRY,$7.015,1440443438768,"6,259,382",61% bullish,of 330 ratings,$9
BLKB,$57.46,1440443438805,"81,800",100% bearish,of 2 ratings,$66
BKCC,$8.87,1440443438935,"760,892",100% bullish,of 2 ratings,$10
HAWK,$40.179,1440443438969,"499,615",91% bullish,of 11 ratings,$49
ADRA,$25.7988,1440443439129,"6,085",100% bearish,of 1 rating,N/A
ADRE,$28.2121,1440443439208,"58,211",100% bearish,of 1 rating,N/A
ADRD,$21.59,1440443439232,"23,781",100% bearish,of 1 rating,N/A
BCOR,$13.28,1440443439549,"209,534",57% bullish,of 7 ratings,$15
ADRU,$21.65,1440443439575,"12,288",100% bearish,of 1 rating,N/A
BLMN,$19.41,1440443439604,"771,096",83% bullish,of 6 ratings,$27.50
BLBD,$11.35,1440443439645,"8,275",Not yet rated,NULL,N/A
BBLU,$0.777,1440443439744,"122,893",100% bullish,of 2 ratings,$4.43
NILE,$32.52,1440443439847,"74,785",50% bullish,of 2 ratings,$34
BUFF,$26.49,1440443439907,"352,506",83% bullish,of 12 ratings,$31.50
BLUE,$120.44,1440443440138,"513,937",71% bullish,of 7 ratings,$217.50
BKEPP,$7.6,1440443440164,"4,450",100% bearish,of 1 rating,N/A
BPMC,$25.46,1440443440358,"149,417",50% bullish,of 2 ratings,$47.50
BHBK,$13.96,1440443440627,"59,692",100% bullish,of 1 rating,$14.50
BNCN,$20.4,1440443440760,"29,449",Not yet rated,NULL,$23
BOFI,$119.9566,1440443440786,"278,887",100% bullish,of 6 ratings,$144
BOBE,$42.58,1440443440831,"90,190",75% bullish,of 4 ratings,$57
BKEP,$6.12,1440443440859,"70,847",100% bearish,of 1 rating,$8.50
WIFI,$7.52,1440443440988,"269,664",50% bullish,of 2 ratings,$13.50
BOJA,$20.34,1440443441016,"282,776",100% bullish,of 1 rating,$30
BNSO,$1.275,1440443441119,"6,990",100% bearish,of 1 rating,N/A
BAMM,$3.187,1440443441304,"45,702",60% bullish,of 5 ratings,N/A
BOKF,$59.24,1440443441329,"137,505",100% bearish,of 1 rating,$70.50
BONA,$11.01,1440443441407,"763,066",75% bullish,of 4 ratings,$8.50
BPFHP,$25,1440443441539,100,100% bearish,of 1 rating,N/A
BPFH,$11.45,1440443441563,"263,928",100% bearish,of 1 rating,$14
BBRG,$12.3,1440443441818,"67,634",67% bullish,of 3 ratings,$14.50
BCLI,$2.7699,1440443441924,"198,789",80% bullish,of 5 ratings,$12
BBEPP,$12.65,1440443442199,"50,736",100% bearish,of 1 rating,N/A
BDGE,$26.75,1440443442225,"13,543",Not yet rated,NULL,$31.75
BLIN,$1.25,1440443442474,"8,057",50% bullish,of 2 ratings,$2.20
BRID,NULL,1440443442506,0,100% bearish,of 1 rating,N/A
BBEP,$2.195,1440443442530,"1,280,466",69% bullish,of 13 ratings,$5.625
BDBD,$8.31,1440443442606,"507,335",60% bullish,of 5 ratings,$10
BPFHW,NULL,1440443442679,0,100% bearish,of 1 rating,N/A
BCOV,$5.04,1440443442751,"109,555",67% bullish,of 3 ratings,$10.20
EPAY,$25.18,1440443442775,"41,611",100% bearish,of 2 ratings,$30
BRCM,$47.89,1440443442968,"3,073,973",75% bullish,of 12 ratings,$56
BSFT,$30.205,1440443443305,"75,537",57% bullish,of 7 ratings,$40.50
BVSN,$5.65,1440443443568,"4,912",60% bearish,of 5 ratings,N/A
BRKL,$10.34,1440443443702,"169,807",100% bearish,of 1 rating,$10.75
BYFC,$1.49,1440443443730,100,50% bullish,of 2 ratings,N/A
BRCD,$10.08,1440443443751,"3,247,744",92% bullish,of 13 ratings,$12
BWEN,$3.16,1440443443781,"22,886",100% bullish,of 3 ratings,$8
BRKS,$10.1624,1440443443914,"68,901",67% bullish,of 3 ratings,$15.25
BRKR,$18.25,1440443443966,"250,860",100% bearish,of 2 ratings,$22
BWLD,$187.52,1440443444126,"182,197",82% bullish,of 11 ratings,$205
BLMT,$20.52,1440443444224,"5,072",Not yet rated,NULL,N/A
BMTC,$28.75,1440443444255,"36,381",Not yet rated,NULL,$34
BLDR,$14.12,1440443444360,"830,143",50% bullish,of 2 ratings,$22
BSQR,$5.81,1440443444386,"65,731",67% bullish,of 3 ratings,N/A
CFFI,$34.63,1440443444410,"1,988",100% bearish,of 1 rating,N/A
BUR,$1.89,1440443444435,"12,656",100% bearish,of 1 rating,$8
CHRW,$65.22,1440443444719,"1,483,891",Not yet rated,NULL,$72
CDNS,$19.105,1440443444857,"1,004,414",75% bullish,of 4 ratings,$22.50
CDZI,$7.43,1440443444932,"21,902",100% bearish,of 1 rating,N/A
CA,$26.5,1440443444957,"2,988,580",50% bullish,of 4 ratings,$33
CCMP,$42.73,1440443444988,"39,749",50% bullish,of 2 ratings,$59
CACQ,$6.92,1440443445039,"28,226",100% bearish,of 1 rating,$12.25
CZR,$8.77,1440443445067,"1,521,972",60% bearish,of 5 ratings,$10.50
CSTE,$44.17,1440443445170,"342,225",100% bearish,of 1 rating,$65
PRSS,$4.38,1440443445197,"26,392",80% bullish,of 5 ratings,$4.50
CHY,$10.86,1440443445577,"572,355",Not yet rated,NULL,N/A
CLMS,$10.7,1440443445642,"78,010",Not yet rated,NULL,$10.50
CHI,$10.101,1440443445677,"482,492",100% bearish,of 1 rating,N/A
CFGE,$10.2,1440443445708,"1,826",Not yet rated,NULL,N/A
CLBS,$1.28,1440443445786,"220,593",79% bullish,of 14 ratings,$4
CCD,$18.523,1440443445815,"93,465",Not yet rated,NULL,N/A
CSQ,$9.2601,1440443445842,"764,172",Not yet rated,NULL,N/A
CHW,$7.1,1440443445863,"364,569",100% bearish,of 1 rating,N/A
CALA,$4.7201,1440443446204,"343,712",100% bullish,of 3 ratings,$19.50
CGO,$11.31,1440443446236,"44,312",100% bearish,of 1 rating,N/A
CFNB,$13.45,1440443446337,141,100% bearish,of 1 rating,N/A
CAMP,$15.164,1440443446364,"230,864",88% bullish,of 8 ratings,$25
CALD,$15.06,1440443446392,"167,020",100% bearish,of 1 rating,$20.50
CVGW,$54.72,1440443446421,"84,450",50% bullish,of 2 ratings,$58.50
CLMT,$24.24,1440443446446,"613,093",75% bullish,of 8 ratings,$31
CALM,$48,1440443446520,"421,580",80% bullish,of 5 ratings,$65
CAMT,$2.65,1440443446864,"79,084",73% bullish,of 11 ratings,$4
CAMBW,$0.1,1440443446895,"2,360",Not yet rated,NULL,N/A
CAC,$39.74,1440443446921,"5,125",Not yet rated,NULL,N/A
CGIX,$9.19,1440443446950,"32,403",67% bullish,of 3 ratings,$14.375
CSIQ,$16.35,1440443446980,"2,382,866",86% bullish,of 28 ratings,$45
ABCD,$4.8,1440443447051,"87,568",83% bullish,of 6 ratings,N/A
CAMB,$9.95,1440443447119,100,Not yet rated,NULL,N/A
CAMBU,NULL,1440443447145,0,100% bearish,of 1 rating,N/A
CBNJ,$10.55,1440443447418,"60,406",100% bullish,of 1 rating,N/A
CPHC,$10.24,1440443447450,"4,211",100% bearish,of 1 rating,N/A
CBF,$28.355,1440443447475,"33,796",Not yet rated,NULL,$32
CPLA,$47.29,1440443447512,"37,002",67% bearish,of 3 ratings,$65
CPLP,$6.7799,1440443447544,"564,815",71% bullish,of 7 ratings,$11
CSWC,$44.7,1440443447648,"32,200",Not yet rated,NULL,N/A
CCBG,$14.89,1440443447675,"7,371",Not yet rated,NULL,$17.25
CPTA,$13.63,1440443447873,"146,710",100% bearish,of 1 rating,$18.50
CFFN,$11.76,1440443447902,"510,794",Not yet rated,NULL,$12.75
CAPN,$1.743,1440443447927,"135,441",100% bullish,of 1 rating,$10.85
CAPR,$4.05,1440443448006,"19,939",Not yet rated,NULL,$12
CPST,$0.3602,1440443448066,"678,010",95% bullish,of 22 ratings,$1.25
CAPNW,$0.65,1440443448091,900,Not yet rated,NULL,N/A
CARA,$19.05,1440443448148,"206,354",50% bullish,of 4 ratings,$25
CARB,$11.02,1440443448248,"64,307",75% bullish,of 4 ratings,$12
CRDC,$0.3701,1440443448446,"107,367",100% bullish,of 1 rating,$1.25
CBYL,$5.69,1440443448475,"44,053",100% bearish,of 1 rating,$20
CFNL,$21.58,1440443448501,"57,840",Not yet rated,NULL,$24
CRME,$9,1440443448582,"26,299",89% bullish,of 9 ratings,$11.25
CSII,$23.43,1440443448712,"105,089",100% bearish,of 2 ratings,$42.125
CATM,$33.62,1440443448738,"203,745",100% bearish,of 1 rating,$44
CDNA,$6.28,1440443448759,"7,187",100% bearish,of 1 rating,$9
CECO,$3.565,1440443448790,"214,344",67% bearish,of 3 ratings,$6
CTRE,$11.59,1440443448933,"260,417",50% bullish,of 2 ratings,N/A
CKEC,$21.91,1440443448961,"132,432",50% bullish,of 2 ratings,$35.915
CLBH,$12.605,1440443449089,"1,056",Not yet rated,NULL,$16.50
CART,$5.4,1440443449198,760,100% bearish,of 1 rating,N/A
CARO,$15,1440443449267,"6,865",100% bearish,of 1 rating,$19
CRZO,$28.71,1440443449298,"743,876",67% bearish,of 3 ratings,$57
CRTN,$2.35,1440443449323,"2,750",100% bearish,of 1 rating,N/A
TAST,$11.31,1440443449457,"127,283",Not yet rated,NULL,$14.25
CASM,$1.1,1440443449531,"24,945",100% bullish,of 1 rating,$3.50
CARV,NULL,1440443449663,0,50% bullish,of 2 ratings,N/A
CSCD,$14.87,1440443449720,"45,190",100% bullish,of 2 ratings,$17
CACB,$5.3,1440443449822,"47,173",Not yet rated,NULL,$5.50
CWST,$6.15,1440443449853,"141,524",50% bullish,of 2 ratings,$7.25
CASY,$102.97,1440443449879,"181,914",50% bullish,of 2 ratings,$99.50
CASI,$1.48,1440443449959,"17,229",100% bullish,of 1 rating,$3.50
CPRX,$3.23,1440443450061,"602,984",71% bullish,of 7 ratings,$7
CATB,$10.71,1440443450118,"19,735",100% bearish,of 1 rating,$28
CASS,$45.5,1440443450190,"14,641",100% bearish,of 1 rating,N/A
CATY,$28.27,1440443450252,"414,762",100% bearish,of 1 rating,$33.50
CVCO,$71.71,1440443450335,"26,547",100% bearish,of 1 rating,N/A
CATYW,$8.92,1440443450382,700,100% bearish,of 1 rating,N/A
CAVM,$63.36,1440443450407,"314,098",67% bearish,of 3 ratings,$72
CBFV,$20.65,1440443450479,"1,000",Not yet rated,NULL,N/A
CNLM,NULL,1440443450610,0,Not yet rated,NULL,N/A
CNLMR,NULL,1440443450773,0,Not yet rated,NULL,N/A
CNLMW,NULL,1440443450877,0,Not yet rated,NULL,N/A
CBOE,$60.56,1440443450903,"451,747",Not yet rated,NULL,$60
CDK,$46.86,1440443450931,"897,494",67% bearish,of 3 ratings,$50
CNLMU,$10.37,1440443450983,200,100% bullish,of 1 rating,N/A
CDW,$37.45,1440443451066,"641,678",75% bullish,of 4 ratings,$44
CECE,$9.29,1440443451118,"92,944",50% bullish,of 2 ratings,$16
CELG,$114.15,1440443451224,"5,210,637",92% bullish,of 13 ratings,$155.50
CPXX,$2.05,1440443451252,"273,672",100% bullish,of 2 ratings,$7
CLDN,$1.02,1440443451386,"142,470",71% bullish,of 7 ratings,$3
CLDX,$12.89,1440443451419,"1,173,501",89% bullish,of 9 ratings,$36
CELGZ,$1.75,1440443451440,"15,417",80% bullish,of 5 ratings,N/A
CLRBW,NULL,1440443451528,0,Not yet rated,NULL,N/A
CLRB,$3.13,1440443451569,"7,140",100% bearish,of 1 rating,N/A
CLLS,$27.87,1440443451700,"57,610",75% bullish,of 4 ratings,$51.50
CLSN,$1.885,1440443451830,"122,060",80% bullish,of 10 ratings,$7.50
CLTX,$2.73,1440443451855,"933,978",100% bullish,of 2 ratings,N/A
CYAD,$47.5597,1440443451918,"1,950",100% bullish,of 1 rating,$87.50
CEMP,$33.26,1440443452110,"455,535",71% bullish,of 7 ratings,$52
CSFL,$13.64,1440443452242,"146,562",Not yet rated,NULL,$15
CFBK,$1.3787,1440443452269,"5,101",Not yet rated,NULL,N/A
CENTA,$12.34,1440443452399,"137,769",Not yet rated,NULL,N/A
CBMG,$22.1,1440443452426,"67,076",50% bullish,of 2 ratings,N/A
CENT,$11.4,1440443452449,"186,644",Not yet rated,NULL,$10
CETV,$1.93,1440443452606,"87,131",67% bullish,of 3 ratings,$2.80
CETX,$2.29,1440443452655,"8,332",Not yet rated,NULL,$5.60
CVCY,$11.132,1440443452739,300,Not yet rated,NULL,$12
CENX,$4.64,1440443452844,"1,074,529",67% bullish,of 6 ratings,$9
CNTY,$6.05,1440443453139,"15,433",80% bullish,of 5 ratings,$7.75
CNBKA,$38.9101,1440443453263,"2,320",50% bullish,of 2 ratings,N/A
CRNT,$1.2893,1440443453289,"325,653",50% bullish,of 2 ratings,$2
CERE,$1.04,1440443453344,"282,123",88% bullish,of 8 ratings,N/A
CPHD,$47.22,1440443453419,"498,216",50% bullish,of 2 ratings,$66.50
CERU,$3.332,1440443453444,"55,877",75% bullish,of 4 ratings,$15
CERN,$60.66,1440443453486,"1,761,053",67% bullish,of 3 ratings,$79
KOOL,$0.66,1440443453589,"82,240",100% bullish,of 5 ratings,$7
CERS,$4.52,1440443453617,"426,602",75% bullish,of 4 ratings,$7
CEVA,$17.725,1440443453652,"51,386",100% bearish,of 1 rating,$25
CYOU,$19.215,1440443453750,"228,254",50% bullish,of 6 ratings,$24
HOTR,$1.415,1440443453777,"97,729",100% bullish,of 2 ratings,$5
CTHR,$1.3,1440443453915,"53,868",50% bullish,of 2 ratings,$2.50
GTLS,$21.92,1440443454023,"210,043",50% bullish,of 4 ratings,$40
HOTRW,NULL,1440443454066,0,Not yet rated,NULL,N/A
CHTR,$172.87,1440443454211,"1,100,372",100% bearish,of 2 ratings,$196
CHFN,$12.42,1440443454267,"11,793",Not yet rated,NULL,$14
CHEK,$3,1440443454362,"3,008",Not yet rated,NULL,$7.75
CHEKW,$1.0687,1440443454394,500,Not yet rated,NULL,N/A
CHKP,$75.1,1440443454450,"1,130,513",50% bullish,of 4 ratings,$92
CHFC,$30.51,1440443454577,"25,999",100% bearish,of 1 rating,$36
CEMI,$3.82,1440443454680,"23,074",50% bullish,of 2 ratings,$7.50
CHMG,$26.59,1440443454705,560,Not yet rated,NULL,$30
CHEV,$14.3501,1440443454730,"7,487",Not yet rated,NULL,N/A
CCXI,$6.53,1440443454769,"77,224",67% bullish,of 3 ratings,$14
CHMA,$23.765,1440443454919,"108,137",Not yet rated,NULL,$40
CHKE,$25.14,1440443454946,"23,080",100% bearish,of 1 rating,$32.50
CBNK,$16.515,1440443454975,"1,334",100% bearish,of 1 rating,N/A
CADC,$3.12,1440443455168,"5,520",78% bullish,of 9 ratings,N/A
CMRX,$45.445,1440443455194,"189,872",50% bullish,of 2 ratings,$57
PLCE,$58.18,1440443455332,"319,676",100% bearish,of 1 rating,$71
CALI,$0.81,1440443455430,"10,400",67% bullish,of 3 ratings,N/A
CCCL,$0.7614,1440443455478,"10,154",100% bullish,of 6 ratings,N/A
CCCR,$0.8,1440443455531,"1,500",67% bearish,of 3 ratings,N/A
CAAS,$5.99,1440443455558,"40,755",93% bullish,of 14 ratings,$11.50
CBPO,$90.17,1440443455584,"367,661",75% bullish,of 8 ratings,$140.50
CBAK,$1.59,1440443455610,"63,075",67% bullish,of 9 ratings,N/A
CHOP,$1.27,1440443455820,"16,126",50% bullish,of 2 ratings,N/A
JRJC,$3.12,1440443455849,"324,695",82% bullish,of 11 ratings,N/A
HGSH,$1.88,1440443455876,"14,770",67% bullish,of 3 ratings,N/A
CHLN,$1.7001,1440443455905,"8,033",67% bullish,of 3 ratings,N/A
CNIT,$1.3092,1440443456007,"204,164",67% bullish,of 6 ratings,N/A
HTHT,$23.77,1440443456100,"62,957",50% bullish,of 2 ratings,$28.40
CJJD,$1.7801,1440443456125,"46,990",100% bullish,of 1 rating,N/A
CREG,$0.69,1440443456275,"41,519",100% bullish,of 3 ratings,N/A
CNTF,$0.7401,1440443456527,"213,769",Not yet rated,NULL,N/A
CNYD,$3.19,1440443456554,"10,594",67% bullish,of 3 ratings,N/A
CXDC,$6.05,1440443456629,"94,197",67% bullish,of 3 ratings,N/A
CSUN,$1.3099,1440443456682,"43,194",80% bullish,of 5 ratings,N/A
CCIH,$5.8,1440443456710,"358,648",67% bullish,of 6 ratings,$12.65
CNET,$0.76,1440443456731,"80,357",50% bullish,of 2 ratings,N/A
CHNR,$1.665,1440443456752,"7,883",100% bearish,of 1 rating,N/A
CPGI,$6.9,1440443456880,"3,572",Not yet rated,NULL,N/A
CHSCO,$27.76,1440443457390,"12,834",Not yet rated,NULL,N/A
CHSCL,$26.75,1440443457415,"42,127",Not yet rated,NULL,N/A
CHSCM,$25.5099,1440443457444,"57,125",Not yet rated,NULL,N/A
CHSCN,$26.45,1440443457476,"9,744",Not yet rated,NULL,N/A
IMOS,$16.02,1440443457506,"148,908",60% bullish,of 5 ratings,$21.50
CDTX,$14.09,1440443457577,"17,715",Not yet rated,NULL,$22
CHUY,$30.4425,1440443457601,"166,300",50% bullish,of 2 ratings,$34
CHDN,$129.89,1440443457626,"26,630",Not yet rated,NULL,$165
CHSCP,$30.01,1440443457844,"8,933",Not yet rated,NULL,N/A
CMPR,$67.24,1440443457869,"434,324",50% bullish,of 2 ratings,$72.50
CINF,$51.63,1440443457935,"532,239",50% bullish,of 4 ratings,$50.50
CIFC,$6.8,1440443458039,"4,034",100% bearish,of 1 rating,N/A
CMCT,$15.35,1440443458111,"1,916",100% bearish,of 1 rating,N/A
CIDM,$0.605,1440443458136,"71,737",50% bullish,of 2 ratings,$2.10
CTAS,$81.8701,1440443458175,"320,653",100% bearish,of 1 rating,$91
CPHR,$5.99,1440443458354,"15,545",100% bearish,of 1 rating,$17
CSCO,$25.1599,1440443458485,"24,960,762",84% bullish,of 208 ratings,$32
CTRN,$26.87,1440443458583,"99,854",100% bearish,of 1 rating,$31.50
CZNC,$19.55,1440443458611,"7,228",Not yet rated,NULL,N/A
CRUS,$27.615,1440443458638,"905,019",75% bullish,of 12 ratings,$44.50
CZFC,NULL,1440443458658,0,Not yet rated,NULL,N/A
CZWI,$9,1440443458695,"11,000",Not yet rated,NULL,N/A
CTXS,$67.205,1440443458790,"1,647,921",86% bullish,of 7 ratings,$80
CIZN,$19.01,1440443458823,"1,873",Not yet rated,NULL,N/A
CIVB,$10.08,1440443458971,500,Not yet rated,NULL,$11
CDTI,$1.5,1440443459048,"134,874",75% bullish,of 4 ratings,$3.20
CHCO,$46.095,1440443459077,"21,641",Not yet rated,NULL,$46
CIVBP,$32.84,1440443459177,"1,300",Not yet rated,NULL,N/A
CLNE,$4.0199,1440443459277,"994,457",80% bullish,of 15 ratings,$9
CLFD,$16.885,1440443459409,"41,802",67% bullish,of 3 ratings,$18
CLNT,$1.64,1440443459436,"4,616",75% bullish,of 8 ratings,N/A
CLRO,$11.52,1440443459467,"12,012",50% bullish,of 2 ratings,$14.25
CSBK,$13.5,1440443459565,"53,590",Not yet rated,NULL,N/A
CLIR,$4.62,1440443459592,"81,750",100% bullish,of 3 ratings,N/A
CBLI,$3.46,1440443459617,"55,882",60% bullish,of 5 ratings,N/A
CLVS,$67.75,1440443459647,"303,764",60% bullish,of 5 ratings,$101.50
CMFN,$11.67,1440443459778,"31,810",100% bearish,of 1 rating,$15.50
CME,$88.6,1440443459808,"1,471,585",67% bullish,of 3 ratings,$102
CCNE,$16.91,1440443459949,"14,953",50% bullish,of 2 ratings,$21.50
CISG,$7,1440443460076,"180,433",100% bullish,of 5 ratings,$10
CNV,$4.43,1440443460101,"52,259",50% bullish,of 2 ratings,$7.15
COBZ,$12.66,1440443460161,"68,076",100% bullish,of 1 rating,$14
CWAY,$11.21,1440443460260,"3,154",Not yet rated,NULL,N/A
CVLY,$20.55,1440443460358,"7,687",Not yet rated,NULL,N/A
COKE,$152.4201,1440443460390,"45,550",79% bullish,of 19 ratings,N/A
CDRB,$10.2,1440443460417,"23,145",67% bullish,of 3 ratings,N/A
JVA,$4.4786,1440443460443,"32,232",83% bullish,of 6 ratings,$7
CDXS,$3.695,1440443460489,"51,038",64% bullish,of 11 ratings,$6
CGNT,$1.52,1440443460573,"200,792",100% bullish,of 2 ratings,$2
CCOI,$27.68,1440443460650,"322,810",50% bullish,of 4 ratings,$35
CGNX,$34.64,1440443460676,"554,419",50% bullish,of 2 ratings,$47
CTSH,$60.31,1440443460806,"2,869,026",90% bullish,of 10 ratings,$75
CHRS,$28.46,1440443460906,"82,082",67% bearish,of 3 ratings,$37
COHR,$55.4,1440443460933,"56,295",50% bullish,of 2 ratings,$72
CLRX,$0.565,1440443460993,"266,633",50% bullish,of 2 ratings,N/A
COHU,$9.58,1440443461185,"72,082",100% bearish,of 1 rating,$14.25
CLCT,$17.6316,1440443461229,"43,269",100% bearish,of 1 rating,N/A
COLL,$14.4882,1440443461287,"64,723",100% bearish,of 1 rating,$26
CLCD,$6.91,1440443461377,"40,358",100% bearish,of 1 rating,$20.50
COLM,$58.735,1440443461407,"107,221",100% bearish,of 1 rating,$71
CBAN,$9.07,1440443461482,"2,904",Not yet rated,NULL,N/A
CMCO,$18.62,1440443461511,"49,065",60% bullish,of 5 ratings,$28
CIGI,$42.4,1440443461555,"8,133",100% bearish,of 1 rating,$52
CBMX,$1.11,1440443461687,"69,726",83% bullish,of 6 ratings,$3.15
COLB,$29.4,1440443461757,"207,498",Not yet rated,NULL,$36
CMCSA,$54.475,1440443461894,"9,751,889",66% bullish,of 35 ratings,$69.50
CMCSK,$55.17,1440443462238,"3,095,821",Not yet rated,NULL,$84
CBSH,$43.56,1440443462383,"345,879",50% bullish,of 2 ratings,$46
CUBN,$13.55,1440443462414,"12,687",Not yet rated,NULL,N/A
CVGI,$4.57,1440443462435,"32,545",50% bullish,of 2 ratings,$6
CSAL,$19.87,1440443462468,"525,306",75% bullish,of 4 ratings,$30
CBSHP,$25.0399,1440443462512,"7,081",100% bearish,of 1 rating,N/A
JCS,$8.56,1440443462563,"10,635",67% bullish,of 3 ratings,N/A
COMM,$27.585,1440443462596,"1,040,442",67% bearish,of 3 ratings,$35
CWBC,NULL,1440443462851,0,Not yet rated,NULL,N/A
CYHHZ,$0.01,1440443462882,"230,689",100% bullish,of 1 rating,N/A
ESXB,$5.05,1440443462905,"11,150",Not yet rated,NULL,N/A
CTBI,$33.84,1440443462940,"39,162",Not yet rated,NULL,$36
COB,$10.43,1440443462962,"2,692",100% bullish,of 1 rating,$11.75
CVLT,$35.35,1440443463042,"321,867",75% bullish,of 4 ratings,$44.50
CIZ,$32.3799,1440443463090,"5,549",100% bearish,of 1 rating,N/A
CIL,$33.0699,1440443463376,100,Not yet rated,NULL,N/A
CSA,$32.33,1440443463426,"1,500",Not yet rated,NULL,N/A
CID,$33.1399,1440443463469,150,Not yet rated,NULL,N/A
CDC,$33.7499,1440443463496,"12,757",Not yet rated,NULL,N/A
CSF,$35.5601,1440443463570,"4,475",100% bearish,of 1 rating,N/A
CFO,$34.3592,1440443463599,"36,870",100% bearish,of 1 rating,N/A
CDL,NULL,1440443463701,0,Not yet rated,NULL,N/A
CFA,$34.77,1440443463790,"3,756",100% bearish,of 1 rating,N/A
CPSI,$44.79,1440443463919,"57,090",100% bearish,of 1 rating,$45.50
CSB,NULL,1440443463951,0,Not yet rated,NULL,N/A
CTG,$6.545,1440443464051,"28,085",100% bearish,of 1 rating,$8.50
CHCI,$0.5999,1440443464076,"14,000",50% bullish,of 2 ratings,N/A
CGEN,$4.67,1440443464106,"251,415",50% bullish,of 2 ratings,$11
SCOR,$53.72,1440443464131,"195,642",100% bearish,of 1 rating,$66
CNSI,$18.245,1440443464363,"66,524",100% bearish,of 2 ratings,$29
CMTL,$26.51,1440443464435,"29,418",100% bearish,of 2 ratings,$37
CNAT,$3.71,1440443464493,"169,700",83% bullish,of 6 ratings,$13
CCUR,$5.1099,1440443464519,"32,493",75% bullish,of 4 ratings,N/A
CNCE,$14.84,1440443464578,"100,499",75% bullish,of 4 ratings,$22
CXRX,$68.52,1440443464606,"4,730",100% bearish,of 1 rating,$90
CDORO,$16.2,1440443464626,"1,624",100% bearish,of 1 rating,N/A
CFMS,$19.5264,1440443464822,"206,515",Not yet rated,NULL,$27
CDOR,$1.27,1440443464861,"18,894",100% bullish,of 1 rating,N/A
CDORP,$6.6,1440443464920,"1,443",100% bearish,of 1 rating,N/A
CNFR,$10.24,1440443464951,"11,254",Not yet rated,NULL,N/A
CNMD,$52.02,1440443465023,"278,147",Not yet rated,NULL,$59
CTWS,$34.87,1440443465111,"12,423",100% bearish,of 1 rating,$44
CNXR,$6.7,1440443465250,"49,350",100% bearish,of 1 rating,$12
CNOB,$18.93,1440443465309,"42,178",100% bullish,of 1 rating,$23.50
CNSL,$19.34,1440443465477,"168,866",100% bearish,of 1 rating,$23
CWCO,$10.3,1440443465506,"79,392",67% bullish,of 3 ratings,$14.50
CONN,$29.645,1440443465527,"419,980",67% bullish,of 3 ratings,$48.50
CTCT,$23.65,1440443465578,"184,873",67% bullish,of 3 ratings,$37
CPSS,$5.63,1440443465864,"47,865",100% bullish,of 1 rating,$10
CFRXZ,$0.49,1440443466138,"9,375",Not yet rated,NULL,N/A
CFRXW,$1.7,1440443466210,"3,109",100% bearish,of 1 rating,N/A
CFRX,$5.025,1440443466235,"36,253",Not yet rated,NULL,$14
CTRL,$7.72,1440443466376,"104,902",50% bullish,of 2 ratings,$11
CTRV,$3.85,1440443466465,"24,153",Not yet rated,NULL,$6.40
CPRT,$33.64,1440443466494,"159,580",67% bearish,of 3 ratings,$40
CORT,$4.49,1440443466520,"214,647",67% bullish,of 3 ratings,$12
CRBP,$1.915,1440443466547,"479,604",100% bullish,of 2 ratings,$6.25
BVA,$3.5127,1440443466574,100,50% bullish,of 2 ratings,N/A
CORE,$59.26,1440443466753,"76,018",100% bearish,of 1 rating,$72
CORI,$9.74,1440443466826,"47,403",100% bearish,of 1 rating,$18
CSOD,$35.12,1440443466851,"408,270",50% bullish,of 2 ratings,$42
CSGP,$171.71,1440443466890,"161,551",50% bullish,of 2 ratings,$235
COST,$132.9701,1440443467025,"2,132,030",79% bullish,of 24 ratings,$154.50
CRVL,$31.115,1440443467052,"26,680",100% bearish,of 1 rating,N/A
COSI,$1.07,1440443467073,"70,730",100% bullish,of 1 rating,N/A
CPAH,$0.4899,1440443467269,"9,000",50% bullish,of 2 ratings,N/A
CVTI,$21.8347,1440443467297,"90,084",67% bearish,of 3 ratings,$39
ICBK,$18,1440443467324,"1,100",Not yet rated,NULL,$21
COVS,$2.57,1440443467345,"166,450",67% bullish,of 3 ratings,N/A
COWN,$5.12,1440443467475,"680,429",75% bullish,of 4 ratings,$7
COWNL,$27.15,1440443467502,"4,148",Not yet rated,NULL,N/A
CRAI,$21.92,1440443467555,"19,606",100% bearish,of 1 rating,$36
CPSH,$2.15,1440443467581,"1,070",Not yet rated,NULL,N/A
CBRL,$138.85,1440443467717,"194,604",50% bullish,of 2 ratings,$155
BREW,$7.2075,1440443467776,"47,196",67% bullish,of 6 ratings,$15
CRAY,$19.8699,1440443467819,"198,928",83% bullish,of 6 ratings,$38.50
GLDI,$11.0601,1440443467985,"26,052",100% bearish,of 1 rating,N/A
CRESY,$9.4501,1440443468074,"56,504",100% bearish,of 1 rating,$19
CACC,$191.01,1440443468114,"97,301",50% bullish,of 2 ratings,$158.50
SLVO,$10.1005,1440443468141,"30,577",100% bearish,of 1 rating,N/A
CREE,$26.545,1440443468204,"1,222,349",65% bullish,of 17 ratings,$29.50
CRTO,$42,1440443468280,"433,096",67% bullish,of 6 ratings,$64
CCRN,$13.895,1440443468348,"132,003",100% bearish,of 1 rating,$14.25
CRDS,$1.01,1440443468380,"25,731",50% bullish,of 4 ratings,$4.50
CROX,$13.5,1440443468433,"1,067,629",63% bullish,of 8 ratings,$16.50
CRWS,$7.9478,1440443468694,"7,283",Not yet rated,NULL,$10
CRWN,$4.47,1440443468762,"76,355",75% bullish,of 4 ratings,N/A
CYRXW,$0.81,1440443468787,"11,500",Not yet rated,NULL,N/A
CYRX,$2.75,1440443468834,"24,850",Not yet rated,NULL,$9
CCLP,$12.85,1440443468971,"116,279",67% bearish,of 3 ratings,$21
CSGS,$30.54,1440443468997,"109,926",Not yet rated,NULL,$40
CSPI,$5.8899,1440443469028,"11,050",67% bullish,of 3 ratings,N/A
CTCM,$1.73,1440443469141,"142,188",80% bearish,of 5 ratings,$3.90
CTIC,$1.625,1440443469251,"796,889",84% bullish,of 76 ratings,$5.75
CTIB,$3.56,1440443469310,"4,575",100% bearish,of 1 rating,N/A
CUNB,$21.25,1440443469337,"5,006",Not yet rated,NULL,$24.50
CTRP,$60,1440443469366,"1,820,854",75% bullish,of 8 ratings,$92
CPIX,$5.87,1440443469418,"4,409",Not yet rated,NULL,N/A
CUI,$4.82,1440443469472,"34,763",50% bullish,of 2 ratings,$10
CMLS,$1.2597,1440443469787,"405,450",50% bullish,of 4 ratings,$6
CRIS,$2.3599,1440443469929,"318,586",100% bullish,of 8 ratings,$6
CVBF,$15.76,1440443470189,"204,658",Not yet rated,NULL,$18
CUTR,$13.4,1440443470221,"277,049",67% bearish,of 3 ratings,$18
CVV,$11.08,1440443470244,"25,191",100% bullish,of 5 ratings,N/A
CYBE,$5.9,1440443470273,"13,651",100% bearish,of 1 rating,N/A
CYBR,$48.9,1440443470300,"2,000,062",86% bullish,of 7 ratings,$66
CYBX,$65.14,1440443470330,"222,195",50% bullish,of 4 ratings,$71.50
CYCC,$0.5268,1440443470352,"58,739",73% bullish,of 11 ratings,N/A
CYAN,$6.8725,1440443470383,"2,504",100% bearish,of 1 rating,N/A
CYNA,$15.86,1440443470601,"45,964",100% bullish,of 1 rating,$31.50
CYNO,$31,1440443470627,"113,835",67% bearish,of 3 ratings,$45.50
CBAY,$2.5,1440443470651,"47,372",100% bullish,of 1 rating,$4
CYCCP,NULL,1440443470684,0,100% bearish,of 1 rating,N/A
CY,$9.275,1440443470707,"5,391,663",80% bullish,of 10 ratings,$15.50
CYRN,$1.6,1440443470789,"106,728",67% bullish,of 3 ratings,$4
CYTX,$0.35,1440443471045,"970,744",83% bullish,of 12 ratings,$5.50
CTSO,$6.368,1440443471094,"140,334",Not yet rated,NULL,$15.625
CYTR,$2.07,1440443471124,"575,203",67% bullish,of 6 ratings,$10
CONE,$31.57,1440443471145,"193,801",67% bearish,of 3 ratings,$35
CYTK,$6.36,1440443471178,"170,723",71% bullish,of 14 ratings,$13.50
DAEG,$0.27,1440443471285,"6,148",100% bearish,of 1 rating,N/A
TVIZ,$18.8142,1440443471310,"19,700",100% bearish,of 1 rating,N/A
ZIV,$41.4999,1440443471382,"229,413",Not yet rated,NULL,N/A
DAKT,$11.27,1440443471557,"130,057",50% bullish,of 2 ratings,$14
TVIX,$12.9692,1440443471589,"22,784,392",81% bullish,of 16 ratings,N/A
DJCO,$200.05,1440443471610,933,Not yet rated,NULL,N/A
XIV,$28.85,1440443471631,"30,104,379",75% bearish,of 4 ratings,N/A
DARA,$0.88,1440443471688,"79,661",83% bullish,of 6 ratings,$1.50
DAIO,$2.664,1440443471818,"18,249",Not yet rated,NULL,N/A
DTLK,$5.39,1440443472022,"45,720",100% bearish,of 1 rating,$9
DRAM,$1.31,1440443472097,"6,431",78% bullish,of 9 ratings,N/A
DWCH,$4.76,1440443472158,"62,320",75% bullish,of 4 ratings,$8.25
PLAY,$32.7834,1440443472232,"88,704",100% bullish,of 5 ratings,$42
DTEA,$12.94,1440443472260,"125,329",100% bearish,of 2 ratings,$24
DWSN,$4.14,1440443472281,"43,969",67% bullish,of 3 ratings,$6
DBVT,$36.93,1440443472415,"86,485",100% bearish,of 1 rating,$53
DHRM,$1.5701,1440443472440,"9,700",Not yet rated,NULL,N/A
TRAK,$62.78,1440443472490,"357,754",50% bullish,of 2 ratings,$62.50
DFRG,$14.4,1440443472583,"110,584",100% bearish,of 1 rating,$20
DCTH,$0.4303,1440443472872,"101,408",78% bullish,of 9 ratings,N/A
TACOW,$3.4875,1440443472916,"25,313",100% bullish,of 1 rating,N/A
DGAS,$20.14,1440443472948,"5,140",67% bearish,of 3 ratings,N/A
DELT,$2.6,1440443473076,"1,385",Not yet rated,NULL,N/A
DELTW,NULL,1440443473101,0,Not yet rated,NULL,N/A
TACO,$12.4455,1440443473132,"164,317",75% bullish,of 4 ratings,$20
XRAY,$51.38,1440443473262,"402,183",100% bullish,of 1 rating,$58
DEPO,$27.5325,1440443473287,"840,599",60% bullish,of 5 ratings,$29
DENN,$11.21,1440443473316,"456,564",100% bullish,of 3 ratings,$15
DSCI,$5.9101,1440443473347,"73,002",50% bullish,of 2 ratings,$16
DERM,$23.045,1440443473448,"106,995",100% bearish,of 1 rating,$33.50
DEST,$11.31,1440443473579,"25,496",50% bullish,of 2 ratings,N/A
DXLG,$4.45,1440443473609,"66,029",100% bearish,of 1 rating,$8
DSWL,$1.79,1440443473634,"21,640",100% bullish,of 1 rating,N/A
DXM,$0.2948,1440443473659,"136,686",50% bullish,of 2 ratings,N/A
DXCM,$85.5013,1440443473711,"877,183",57% bullish,of 7 ratings,$98
DMND,$29.3304,1440443474038,"111,452",75% bullish,of 12 ratings,$32
FANG,$61.82,1440443474074,"814,645",50% bullish,of 2 ratings,$86
DHIL,$188.5,1440443474095,"1,479",Not yet rated,NULL,N/A
DHXM,NULL,1440443474130,0,Not yet rated,NULL,N/A
DCIX,$1.6458,1440443474151,"58,441",50% bullish,of 4 ratings,$3.50
DMRC,$35.73,1440443474189,"81,972",100% bearish,of 1 rating,$44
DRNA,$10.65,1440443474210,"85,791",67% bearish,of 3 ratings,$25
DRAD,$3.7892,1440443474286,"45,234",100% bullish,of 1 rating,$5.25
DGII,$9.57,1440443474432,"32,154",100% bearish,of 1 rating,$10
APPS,$2.3,1440443474575,"91,016",100% bearish,of 1 rating,$10.25
DGLY,$6.4,1440443474600,"237,206",50% bullish,of 6 ratings,$20
DCOM,$16.26,1440443474771,"50,762",100% bearish,of 2 ratings,$16.50
DISCB,$26.08,1440443474834,298,100% bearish,of 1 rating,$35
DISCA,$26.09,1440443474862,"1,898,271",67% bullish,of 3 ratings,$34
DPRX,$12.37,1440443474888,"15,455",100% bullish,of 2 ratings,$27.75
DIOD,$18.92,1440443474938,"137,363",75% bearish,of 4 ratings,$24
DISCK,$25.02,1440443474970,"2,627,537",100% bearish,of 1 rating,$32
BAGR,$2.75,1440443475020,"24,362",100% bearish,of 1 rating,$6
DSCO,$0.3902,1440443475068,"192,428",83% bullish,of 6 ratings,$2.75
DISH,$58.4,1440443475156,"1,357,618",69% bullish,of 13 ratings,$73
DVCR,$10.25,1440443475341,"16,215",100% bullish,of 1 rating,N/A
DLHC,$2.3599,1440443475367,"11,831",100% bearish,of 1 rating,N/A
DLTR,$74.07,1440443475438,"1,456,223",82% bullish,of 11 ratings,$88
DNBF,$26.45,1440443475498,"13,530",Not yet rated,NULL,$27.50
DMLP,$12.95,1440443475649,"72,167",100% bearish,of 1 rating,N/A
DGICA,$14.28,1440443475716,"10,420",100% bearish,of 1 rating,$17
DGICB,NULL,1440443475748,0,100% bearish,of 1 rating,N/A
DORM,$49.04,1440443475845,"195,004",100% bearish,of 1 rating,$56
DWA,$18.995,1440443475894,"641,025",63% bullish,of 8 ratings,$26
DRWI,$0.2431,1440443475926,"131,025",60% bullish,of 5 ratings,$.45
DRWIW,NULL,1440443475951,0,Not yet rated,NULL,N/A
DRYS,$0.3301,1440443476082,"3,796,776",77% bullish,of 31 ratings,$.60
HILL,$9.67,1440443476116,"2,884,609",60% bearish,of 5 ratings,$9.75
DSPG,$8.32,1440443476217,"29,709",100% bearish,of 1 rating,$13.50
DSKX,$3.031,1440443476246,"139,092",100% bullish,of 1 rating,N/A
CADT,$10.02,1440443476350,300,Not yet rated,NULL,N/A
CADTU,NULL,1440443476513,0,Not yet rated,NULL,N/A
CADTW,NULL,1440443476567,0,Not yet rated,NULL,N/A
DNKN,$49.29,1440443476604,"1,782,948",67% bullish,of 15 ratings,$56.50
CADTR,$0.2,1440443476642,"24,465",Not yet rated,NULL,N/A
DXPE,$27.83,1440443476735,"81,058",50% bullish,of 2 ratings,N/A
DRRX,$1.91,1440443476821,"160,450",50% bullish,of 6 ratings,$3
DYAX,$21.46,1440443476879,"466,657",89% bullish,of 9 ratings,$30
DTSI,$25.24,1440443476923,"42,708",100% bearish,of 2 ratings,$39.50
DYSL,$1.46,1440443477023,"25,629",100% bullish,of 2 ratings,N/A
BOOM,$9.625,1440443477155,"39,035",67% bullish,of 3 ratings,$12
DYNT,$2.85,1440443477470,"11,228",75% bullish,of 4 ratings,N/A
DVAX,$25.835,1440443477567,"185,563",70% bullish,of 10 ratings,$40
ETFC,$24.15,1440443477650,"2,449,370",57% bullish,of 14 ratings,$33
EBMT,$11.34,1440443477678,"40,325",Not yet rated,NULL,$13.50
EGBN,$41.07,1440443477779,"81,529",Not yet rated,NULL,$48
EGLE,$5.905,1440443477858,"9,261",60% bullish,of 5 ratings,N/A
EWBC,$38.675,1440443477911,"1,400,732",100% bearish,of 1 rating,$50
EROC,$1.11,1440443477936,"420,932",50% bullish,of 2 ratings,$3
ELNK,$7.92,1440443477962,"395,499",60% bullish,of 5 ratings,$9.50
EGRX,$65.38,1440443477996,"252,782",67% bullish,of 3 ratings,$97
EACQU,$10.1999,1440443478092,956,Not yet rated,NULL,N/A
EML,$16.62,1440443478117,"29,935",Not yet rated,NULL,N/A
EVBS,$6.42,1440443478260,"5,295",Not yet rated,NULL,$7
EBAY,$24.92,1440443478392,"8,684,887",81% bullish,of 117 ratings,$48
ELON,$0.5392,1440443478418,"61,572",50% bullish,of 2 ratings,N/A
EBIX,$26.195,1440443478439,"622,133",69% bullish,of 13 ratings,$40
ECHO,$23.965,1440443478573,"352,863",67% bearish,of 3 ratings,$35.50
ECTE,$1.421,1440443478678,"20,594",75% bullish,of 4 ratings,N/A
SATS,$41.87,1440443478727,"96,623",50% bullish,of 2 ratings,$60
EEI,$10.7801,1440443478761,"1,831",67% bearish,of 3 ratings,N/A
EDUC,$4.7575,1440443478823,"2,270",100% bearish,of 1 rating,N/A
EDAP,$3.03,1440443478853,"50,241",60% bullish,of 5 ratings,$4.50
ECACU,$10.048,1440443478877,"22,600",Not yet rated,NULL,N/A
ESES,$3.06,1440443478904,"4,949",100% bearish,of 1 rating,$7
EFUT,$4.01,1440443479120,"5,046",Not yet rated,NULL,N/A
EDGW,$6.73,1440443479145,"102,784",100% bearish,of 1 rating,N/A
EGAN,$3.28,1440443479221,"12,944",50% bullish,of 2 ratings,$6.25
EGLT,$10.36,1440443479277,"46,916",50% bullish,of 2 ratings,$21
EHTH,$13.295,1440443479302,"91,577",50% bullish,of 4 ratings,$16.50
LOCO,$11.45,1440443479616,"1,045,494",69% bullish,of 13 ratings,$20
EMITF,$1.21,1440443479669,"40,644",75% bullish,of 4 ratings,N/A
ESIO,$4.4,1440443479699,"52,309",50% bullish,of 2 ratings,$10
EFII,$42.29,1440443479797,"217,313",80% bullish,of 5 ratings,$55
ERI,$9.06,1440443479826,"45,146",100% bearish,of 1 rating,$10
ELRC,$10.285,1440443479853,"23,396",100% bearish,of 1 rating,N/A
ELSE,$3.63,1440443479874,400,60% bullish,of 5 ratings,N/A
ESLT,$74.27,1440443479903,"19,918",67% bullish,of 3 ratings,N/A
EA,$63.525,1440443480392,"2,856,081",77% bullish,of 35 ratings,$80
ELEC,NULL,1440443480443,0,Not yet rated,NULL,N/A
ELECU,NULL,1440443480540,0,Not yet rated,NULL,N/A
ELECW,NULL,1440443480569,0,Not yet rated,NULL,N/A
EBIO,$3.239,1440443480596,"227,238",100% bearish,of 2 ratings,$8.35
CAPX,$22.0099,1440443480724,"2,600",Not yet rated,NULL,N/A
ELTK,$1.0699,1440443480750,"9,291",67% bearish,of 3 ratings,N/A
RDEN,$10.1,1440443480771,"74,356",100% bearish,of 4 ratings,$15
ESBK,NULL,1440443480822,0,Not yet rated,NULL,N/A
LONG,$16.89,1440443480916,"56,290",67% bullish,of 3 ratings,$15.75
EMCF,NULL,1440443480968,0,100% bearish,of 1 rating,N/A
EMCI,$22,1440443480993,"13,985",Not yet rated,NULL,N/A
EMKR,$6.94,1440443481050,"84,705",75% bullish,of 4 ratings,$8.50
EMMS,$1.0996,1440443481150,"165,308",67% bullish,of 6 ratings,N/A
NYNY,$4.085,1440443481177,"71,012",50% bullish,of 2 ratings,N/A
EMMSP,NULL,1440443481241,0,100% bearish,of 1 rating,N/A
ENTA,$38.445,1440443481585,"159,365",50% bullish,of 2 ratings,$42
ERS,$2.8197,1440443481649,"4,002",Not yet rated,NULL,N/A
ECPG,$38.42,1440443481682,"88,132",100% bullish,of 2 ratings,$52
WIRE,$31.93,1440443481750,"99,601",100% bearish,of 1 rating,$37
ECYT,$5,1440443481777,"198,507",83% bullish,of 6 ratings,$12
ENDP,$73.51,1440443481803,"1,663,504",50% bullish,of 6 ratings,$104
ELGX,$12.58,1440443481937,"397,364",75% bullish,of 4 ratings,$17
WATT,$6.18,1440443482069,"192,111",50% bullish,of 2 ratings,$13
EFOI,$15.87,1440443482132,"329,138",50% bullish,of 2 ratings,$20.50
ENOC,$8.4,1440443482231,"229,146",75% bullish,of 4 ratings,$18
EIGI,$14.77,1440443482279,"432,143",67% bearish,of 3 ratings,$22.50
ERII,$2.9,1440443482307,"85,239",80% bullish,of 5 ratings,$2.50
EXXI,$1.2899,1440443482357,"1,863,493",86% bullish,of 7 ratings,$3.50
ENG,$1,1440443482460,"35,150",100% bullish,of 3 ratings,N/A
ESGR,$147.549,1440443482587,"21,915",100% bearish,of 1 rating,$185
ENPH,$4.8257,1440443482620,"947,485",75% bullish,of 4 ratings,$11
ENFC,$18.19,1440443482722,"5,525",Not yet rated,NULL,N/A
ENTL,$20.85,1440443482750,"11,764",Not yet rated,NULL,$28
ENTG,$13.28,1440443482771,"417,218",100% bearish,of 1 rating,$18
EBTC,$20.535,1440443482901,"4,493",Not yet rated,NULL,N/A
ETRM,$0.2332,1440443482930,"816,200",69% bearish,of 35 ratings,$1.625
EFSC,$23.57,1440443482983,"27,324",Not yet rated,NULL,$27
EGT,$2.04,1440443483120,405,100% bullish,of 1 rating,N/A
ENVI,$1.73,1440443483260,"28,478",67% bullish,of 3 ratings,N/A
ENZN,$0.9546,1440443483323,"963,070",100% bullish,of 9 ratings,N/A
EPIQ,$13.32,1440443483362,"63,114",100% bearish,of 1 rating,$18
EPZM,$17.97,1440443483610,"451,086",60% bullish,of 5 ratings,$34
ENZY,$9.16,1440443483670,"13,017",67% bullish,of 3 ratings,$9.50
EPRS,$4.775,1440443483695,"68,645",82% bullish,of 11 ratings,$15
EQFN,NULL,1440443483833,0,100% bearish,of 1 rating,N/A
EQIX,$255.87,1440443483901,"421,965",75% bullish,of 4 ratings,$312.50
EAC,$3.47,1440443483949,"29,218",100% bearish,of 1 rating,$8
PLUS,$75.73,1440443483976,"49,210",50% bullish,of 2 ratings,$88
ERIC,$9.52,1440443483997,"2,340,750",63% bullish,of 8 ratings,$12.20
ERIE,$81.7,1440443484124,"15,243",Not yet rated,NULL,$73
ESCA,$17.76,1440443484255,"16,455",100% bearish,of 1 rating,$22
ESCR,$0.1599,1440443484282,"12,617",50% bullish,of 2 ratings,N/A
ESCRP,$1.54,1440443484318,"4,079",100% bearish,of 1 rating,N/A
ESSA,$12.58,1440443484412,"14,264",100% bearish,of 1 rating,N/A
ESMC,NULL,1440443484439,0,Not yet rated,NULL,N/A
ESPR,$52.01,1440443484463,"725,975",70% bearish,of 10 ratings,$123
EPIX,$5.94,1440443484777,600,Not yet rated,NULL,N/A
ETSY,$13.03,1440443484828,"530,663",80% bullish,of 5 ratings,$16
EEFT,$62.91,1440443484856,"162,470",100% bearish,of 1 rating,$67.50
ESND,$34.14,1440443484878,"83,882",100% bearish,of 2 ratings,$40
CLWT,$2.3799,1440443484899,"15,107",100% bearish,of 1 rating,N/A
ESSX,$0.4702,1440443484940,"18,991",50% bullish,of 2 ratings,N/A
ESEA,$5.77,1440443485033,"3,142",100% bullish,of 1 rating,$15
EVEP,$6.961,1440443485060,"328,721",50% bullish,of 2 ratings,$15
EVK,$3.619,1440443485226,"9,500",75% bearish,of 4 ratings,N/A
EXA,$10.61,1440443485293,"21,324",100% bearish,of 1 rating,$13
EVOK,$3.69,1440443485324,"80,010",100% bearish,of 1 rating,$13.375
EVOL,$5.83,1440443485352,"9,932",75% bullish,of 4 ratings,$10
EVLV,$2.08,1440443485378,"114,481",60% bullish,of 5 ratings,$6.50
EXAC,$17.845,1440443485624,"19,247",100% bearish,of 1 rating,$22.50
EXAS,$19.8,1440443485655,"1,009,896",78% bullish,of 9 ratings,$31
EXFO,$2.5,1440443485685,"51,420",67% bearish,of 3 ratings,$3.95
EXEL,$5.1668,1440443485716,"3,962,969",81% bullish,of 16 ratings,$6
EXPD,$46.83,1440443485753,"1,013,656",80% bullish,of 5 ratings,$51.50
EXPE,$108.99,1440443485821,"1,514,181",64% bullish,of 11 ratings,$130
ESRX,$81.49,1440443485847,"4,011,017",67% bearish,of 6 ratings,$101
EXLS,$35.882,1440443485876,"125,720",100% bullish,of 1 rating,$41
EXPO,$41.5,1440443486045,"31,747",100% bearish,of 1 rating,$45.50
EXLP,$17.61,1440443486217,"229,776",100% bearish,of 1 rating,$27
EYEG,$3.86,1440443486288,"13,293",Not yet rated,NULL,N/A
EXTR,$2.7115,1440443486320,"447,226",80% bullish,of 5 ratings,$3
EZPW,$6.16,1440443486350,"176,447",50% bullish,of 4 ratings,$7.50
EYEGW,NULL,1440443486416,0,Not yet rated,NULL,N/A
EZCH,$20.81,1440443486441,"130,443",75% bullish,of 8 ratings,$19.50
FFIV,$117.455,1440443486470,"697,276",63% bullish,of 8 ratings,$132
FB,$82.154,1440443486572,"42,504,287",73% bullish,of 1066 ratings,$111
FRP,$16.3,1440443486647,"33,311",100% bearish,of 1 rating,$18
FWM,$2.25,1440443486779,"203,199",100% bearish,of 2 ratings,$3.20
FALC,$1.534,1440443486805,"25,677",63% bearish,of 8 ratings,N/A
FCS,$12.84,1440443486832,"512,946",67% bearish,of 3 ratings,$17
DAVE,$14.14,1440443486992,"33,522",100% bearish,of 1 rating,$15.50
FFKT,$26.26,1440443487018,"4,224",Not yet rated,NULL,$29
FARM,$21.92,1440443487039,"24,093",100% bearish,of 1 rating,$35
FAST,$37.43,1440443487219,"2,845,135",80% bullish,of 5 ratings,$46
FARO,$37.5,1440443487248,"96,374",50% bullish,of 2 ratings,$48
FMNB,$8.01,1440443487269,"10,266",Not yet rated,NULL,N/A
FBSS,$15.3467,1440443487328,300,Not yet rated,NULL,N/A
FATE,$6,1440443487400,"84,565",50% bullish,of 2 ratings,$11
FDML,$8.65,1440443487427,"142,453",50% bullish,of 4 ratings,$14
FBRC,$21.85,1440443487480,"21,426",100% bearish,of 1 rating,$29
FEIC,$74.34,1440443487608,"177,790",50% bullish,of 2 ratings,$95.50
FHCO,$1.4289,1440443487653,"186,443",50% bullish,of 4 ratings,N/A
FNHC,$21.3099,1440443487801,"36,429",100% bearish,of 1 rating,$35
FGEN,$22.165,1440443487828,"337,388",100% bearish,of 1 rating,$39
FCSC,$5.265,1440443487857,"173,129",100% bearish,of 1 rating,$8.125
FENX,$9.59,1440443487881,"36,460",100% bullish,of 1 rating,$14.25
ONEQ,$179.165,1440443487982,"115,141",100% bullish,of 1 rating,N/A
LION,$18.41,1440443488013,"87,066",100% bullish,of 1 rating,$20
FDUS,$13.75,1440443488110,"143,828",50% bullish,of 2 ratings,$18
FRGI,$50.94,1440443488185,"125,795",50% bullish,of 2 ratings,$70
FSAM,$8.455,1440443488266,"21,602",100% bearish,of 1 rating,$11
FSC,$6.1911,1440443488316,"887,419",75% bullish,of 4 ratings,$8
FSFR,$8.6,1440443488411,"188,252",100% bearish,of 1 rating,$11.50
FSCFL,$23.8,1440443488441,804,Not yet rated,NULL,N/A
FITB,$18.76,1440443488493,"4,962,834",54% bullish,of 13 ratings,$22
FNGN,$32.135,1440443488568,"238,291",67% bullish,of 3 ratings,$47
FITBI,$26.78,1440443488595,"23,796",Not yet rated,NULL,N/A
FISI,$24.32,1440443488616,"31,461",100% bullish,of 2 ratings,$24.50
FNSR,$14.87,1440443488754,"681,553",71% bullish,of 7 ratings,$24.50
FNJN,$1.58,1440443488841,"46,053",100% bearish,of 1 rating,$5
FNTC,NULL,1440443489350,0,Not yet rated,NULL,N/A
FNTCU,NULL,1440443489417,0,Not yet rated,NULL,N/A
FEYE,$36.025,1440443489450,"5,106,153",87% bullish,of 15 ratings,$55.50
FNTCW,$0.32,1440443489492,"17,600",Not yet rated,NULL,N/A
FNLC,$18.49,1440443489551,"17,693",100% bullish,of 1 rating,N/A
FBIZ,$43.7,1440443489624,"9,873",100% bearish,of 2 ratings,$52
FBNC,$16.335,1440443489650,"16,649",100% bullish,of 1 rating,$20
FCVA,$4.61,1440443489785,"5,105",Not yet rated,NULL,N/A
FRBA,$5.97,1440443489817,"3,378",Not yet rated,NULL,$8
BUSE,$6.19,1440443489888,"45,010",Not yet rated,NULL,$6.875
FCFS,$38.06,1440443489917,"151,539",100% bearish,of 3 ratings,$48
FCAP,$26.5,1440443489948,601,Not yet rated,NULL,N/A
FCNCA,$231.94,1440443489978,"3,370",Not yet rated,NULL,N/A
FCBC,$17.3001,1440443490085,"6,034",Not yet rated,NULL,$18
FCLF,$9.41,1440443490112,525,Not yet rated,NULL,N/A
FCCO,$11.53,1440443490246,"2,048",Not yet rated,NULL,$13.25
FCFP,$6.85,1440443490470,"6,514",Not yet rated,NULL,N/A
FBNK,$16.47,1440443490559,"18,530",100% bearish,of 1 rating,$17.50
FFNM,$6.24,1440443490611,"3,100",Not yet rated,NULL,N/A
FFBC,$18.07,1440443490637,"151,124",67% bearish,of 3 ratings,$20.25
FDEF,$36.735,1440443490658,"21,105",Not yet rated,NULL,$38
FFIN,$29.7,1440443490691,"134,695",50% bullish,of 2 ratings,$31.75
FFBCW,NULL,1440443490742,0,100% bearish,of 1 rating,N/A
THFF,$32.68,1440443490763,"9,542",Not yet rated,NULL,$35
FFNW,$12.132,1440443490959,"28,006",Not yet rated,NULL,$14
FRME,$24.85,1440443491064,"107,791",Not yet rated,NULL,$26.50
FFWM,$21.11,1440443491089,"43,695",Not yet rated,NULL,$24
INBK,$28.85,1440443491115,"33,766",50% bullish,of 2 ratings,$37
FIBK,$25.76,1440443491136,"90,264",Not yet rated,NULL,$32
FMBI,$17.07,1440443491284,"325,093",Not yet rated,NULL,$20
FMBH,$22.5,1440443491346,300,Not yet rated,NULL,N/A
FNWB,$11.85,1440443491473,"21,361",Not yet rated,NULL,N/A
FSGI,$2.46,1440443491503,"8,850",Not yet rated,NULL,N/A
FNBC,$32.71,1440443491531,"31,315",Not yet rated,NULL,$41.50
FSLR,$43.55,1440443491564,"1,787,782",74% bullish,of 39 ratings,$65
FNFG,$8.78,1440443491585,"1,570,421",80% bullish,of 5 ratings,$9
FSFG,$30,1440443491666,"4,050",Not yet rated,NULL,N/A
FSBK,$7.6526,1440443491760,"1,045",100% bullish,of 1 rating,N/A
BICK,$17.84,1440443491796,250,100% bullish,of 1 rating,N/A
FBZ,$9.75,1440443491930,200,Not yet rated,NULL,N/A
FCAN,$22.9,1440443492035,"6,013",Not yet rated,NULL,N/A
FTCS,$35.38,1440443492194,"226,723",100% bearish,of 1 rating,N/A
FEMB,$41.5199,1440443492238,411,Not yet rated,NULL,N/A
FV,$22.245,1440443492267,"7,771,694",100% bearish,of 1 rating,N/A
FCA,$17.43,1440443492324,"1,000",Not yet rated,NULL,N/A
FEUZ,$30.385,1440443492374,"2,264",Not yet rated,NULL,N/A
IFV,$16.9401,1440443492455,"1,759,082",100% bearish,of 1 rating,N/A
FTSM,$59.915,1440443492530,"40,098",100% bearish,of 1 rating,N/A
TDIV,$23.6799,1440443492559,"400,059",100% bearish,of 1 rating,N/A
FGM,$34.38,1440443493033,"42,275",Not yet rated,NULL,N/A
MDIV,$18.75,1440443493058,"795,026",Not yet rated,NULL,N/A
FTGC,$21.6896,1440443493084,"85,200",Not yet rated,NULL,N/A
FTHI,$18.93,1440443493104,48,Not yet rated,NULL,N/A
HYLS,$48.757,1440443493132,"50,383",100% bearish,of 1 rating,N/A
FHK,$31.14,1440443493156,"42,230",Not yet rated,NULL,N/A
YDIV,$16.21,1440443493378,"6,254",Not yet rated,NULL,N/A
CU,$11.9001,1440443493507,"16,898",100% bearish,of 1 rating,N/A
FJP,$44.105,1440443493582,"34,155",Not yet rated,NULL,N/A
FTLB,$18.9828,1440443493609,"4,210",100% bearish,of 1 rating,N/A
LMBS,$50.48,1440443493636,"1,000",Not yet rated,NULL,N/A
FMB,$51.185,1440443493810,946,Not yet rated,NULL,N/A
QABA,$36.5,1440443493972,"40,844",100% bearish,of 1 rating,N/A
PLTM,$6.24,1440443494218,"40,332",100% bearish,of 1 rating,N/A
GRID,$30.15,1440443494347,"1,915",100% bearish,of 1 rating,N/A
SKYY,$27.5201,1440443494375,"150,947",100% bullish,of 1 rating,N/A
FONE,$32.78,1440443494396,"1,850",Not yet rated,NULL,N/A
CARZ,$33.13,1440443494427,"9,979",100% bearish,of 1 rating,N/A
CIBR,$17.51,1440443494449,"209,208",Not yet rated,NULL,N/A
FPXI,$26.07,1440443494476,40,Not yet rated,NULL,N/A
QCLN,$14.23,1440443494500,"65,607",Not yet rated,NULL,N/A
RDVY,$20.4099,1440443494633,"12,603",Not yet rated,NULL,N/A
QTEC,$37.9,1440443494817,"170,904",Not yet rated,NULL,N/A
QQXT,$38.525,1440443494892,"135,734",Not yet rated,NULL,N/A
AIRR,$15.755,1440443494923,"7,559",100% bearish,of 1 rating,N/A
QINC,$19.8606,1440443494944,"3,335",Not yet rated,NULL,N/A
QQEW,$39.8197,1440443495023,"270,103",Not yet rated,NULL,N/A
FTSL,$48.44,1440443495236,"40,811",100% bearish,of 1 rating,N/A
FSZ,$38.27,1440443495271,"43,724",Not yet rated,NULL,N/A
FDIV,$47.17,1440443495337,"2,865",100% bearish,of 1 rating,N/A
FTW,$28.25,1440443495368,"12,497",Not yet rated,NULL,N/A
TUSA,$24.54,1440443495412,700,Not yet rated,NULL,N/A
FKO,$19.5,1440443495438,100,Not yet rated,NULL,N/A
FKU,$39.88,1440443495465,"104,285",Not yet rated,NULL,N/A
SVVC,$9.3,1440443495593,"27,262",50% bullish,of 2 ratings,$26
FUNC,$8.13,1440443495630,"1,100",Not yet rated,NULL,N/A
FMER,$17.33,1440443495814,"1,157,641",50% bullish,of 2 ratings,$20
FSV,$30.22,1440443495888,"13,133",Not yet rated,NULL,$33.60
FISV,$81.85,1440443495945,"1,220,819",100% bearish,of 3 ratings,$90
FPRX,$18.38,1440443496078,"181,172",50% bullish,of 2 ratings,$35
FIVE,$35.12,1440443496123,"343,531",75% bearish,of 4 ratings,$44
FLML,$20.11,1440443496152,"179,311",50% bullish,of 2 ratings,$30
FLXN,$23.17,1440443496181,"44,024",100% bearish,of 1 rating,$40
FLKS,$13.17,1440443496211,"35,888",50% bullish,of 2 ratings,$27
FIVN,$4.17,1440443496257,"166,788",100% bullish,of 1 rating,$8.50
FLXS,$29.12,1440443496316,"30,451",100% bearish,of 2 ratings,N/A
MBSD,$25.37,1440443496393,400,Not yet rated,NULL,N/A
FLEX,$10.14,1440443496503,"1,497,142",63% bullish,of 8 ratings,$12
SKOR,$50.399,1440443496571,500,Not yet rated,NULL,N/A
FLIR,$27.55,1440443496858,"780,708",100% bearish,of 1 rating,$38.50
FLDM,$12.14,1440443496921,"174,247",67% bearish,of 3 ratings,$21.50
FFIC,$19.7,1440443497002,"36,667",Not yet rated,NULL,$21
FOGO,$17.84,1440443497028,"118,472",50% bullish,of 2 ratings,$25.50
FOMX,$9.5,1440443497156,"120,167",50% bullish,of 2 ratings,$23.50
FORM,$6.05,1440443497220,"226,893",67% bullish,of 3 ratings,$10.50
FONR,$9.18,1440443497246,"11,276",100% bullish,of 1 rating,N/A
FES,$0.84,1440443497278,"30,843",50% bullish,of 2 ratings,$1
FORTY,$29.01,1440443497313,"3,592",100% bearish,of 1 rating,N/A
FORR,$32.08,1440443497377,"31,840",Not yet rated,NULL,N/A
FTNT,$40.9999,1440443497404,"1,531,605",80% bullish,of 10 ratings,$52
FBIO,$2.29,1440443497441,"243,833",83% bullish,of 6 ratings,N/A
FWRD,$45.17,1440443497573,"81,910",100% bearish,of 1 rating,$50
FOSL,$59.27,1440443497609,"798,383",50% bullish,of 4 ratings,$80
FWP,$25.275,1440443497710,"41,293",100% bearish,of 1 rating,$45
FORD,$1.01,1440443497735,"93,155",50% bullish,of 2 ratings,N/A
FXCB,$16.95,1440443497996,"11,918",Not yet rated,NULL,$19
FRAN,$10.22,1440443498047,"287,496",50% bullish,of 4 ratings,$15
FELE,$28.145,1440443498126,"208,798",50% bullish,of 4 ratings,$33
FMI,$20.65,1440443498155,"129,326",100% bearish,of 2 ratings,$27.50
FOXF,$15.28,1440443498176,"34,730",100% bearish,of 1 rating,$19
FREE,$0.3598,1440443498210,"549,183",92% bullish,of 12 ratings,N/A
FRED,$13.773,1440443498231,"82,045",50% bullish,of 2 ratings,$16.50
FEIM,$10.74,1440443498303,"1,975",100% bearish,of 1 rating,N/A
RAIL,$19.471,1440443498398,"75,008",100% bearish,of 1 rating,$24.50
FRPT,$13.01,1440443498427,"291,896",67% bearish,of 3 ratings,$23.50
FTR,$4.98,1440443498533,"10,215,588",78% bullish,of 27 ratings,$6.25
FRPH,$29.64,1440443498659,"1,133",100% bearish,of 1 rating,N/A
FTRPR,$99.5999,1440443498790,"12,264",100% bearish,of 1 rating,N/A
FSBW,$22.51,1440443498949,500,Not yet rated,NULL,N/A
FTD,$28.825,1440443498976,"46,310",100% bearish,of 1 rating,$40
FSYS,$6.09,1440443499005,"49,506",67% bullish,of 3 ratings,$10
FULL,$3.04,1440443499112,"95,708",67% bearish,of 3 ratings,$4.25
FULLL,$25.04,1440443499190,"4,485",Not yet rated,NULL,N/A
FLL,$1.45,1440443499219,"25,880",75% bullish,of 4 ratings,$2.825
FULT,$11.9,1440443499320,"714,276",100% bearish,of 1 rating,$13
FSNN,$2.5301,1440443499348,600,67% bullish,of 3 ratings,$6
FXEN,$0.83,1440443499375,"92,025",75% bullish,of 4 ratings,$1.10
FFHL,$0.88,1440443499511,"2,720",50% bullish,of 4 ratings,N/A
FTEK,$2.05,1440443499581,"48,292",75% bullish,of 4 ratings,N/A
FXENP,$15.54,1440443499643,"3,600",100% bearish,of 1 rating,N/A
FCEL,$0.7094,1440443499669,"1,247,904",88% bullish,of 40 ratings,$2.65
GK,$68.16,1440443499817,"61,045",Not yet rated,NULL,$78
WILC,$5.05,1440443499920,"14,612",100% bullish,of 2 ratings,N/A
GALT,$1.81,1440443500063,"159,486",80% bullish,of 5 ratings,N/A
GLPG,$60.17,1440443500097,"38,214",100% bullish,of 1 rating,$75
GAIA,$5.78,1440443500118,"31,875",50% bullish,of 2 ratings,$8.50
GALE,$1.5001,1440443500195,"2,389,875",89% bullish,of 47 ratings,$4
GALTW,NULL,1440443500219,0,100% bullish,of 1 rating,N/A
GALTU,NULL,1440443500245,0,100% bearish,of 1 rating,N/A
GLMD,$7.6899,1440443500374,"30,527",67% bullish,of 3 ratings,$20.50
GLPI,$30.7401,1440443500850,"504,977",100% bearish,of 1 rating,$37.50
GPIC,$9.93,1440443500878,"1,850",100% bearish,of 1 rating,N/A
GGACU,NULL,1440443500914,0,Not yet rated,NULL,N/A
GRMN,$37.19,1440443500942,"1,553,562",50% bullish,of 6 ratings,$48
GGAC,NULL,1440443500962,0,100% bearish,of 1 rating,N/A
GGACR,NULL,1440443500990,0,100% bullish,of 1 rating,N/A
GGACW,$0.0514,1440443501019,800,Not yet rated,NULL,N/A
GNCMA,$16.37,1440443501308,"128,961",100% bearish,of 1 rating,$12
GENC,$9.4386,1440443501336,"4,659",100% bearish,of 1 rating,N/A
GARS,$14.29,1440443501356,"82,178",Not yet rated,NULL,$16
GFN,$3.36,1440443501388,"23,471",100% bearish,of 2 ratings,$8
GENE,$2.18,1440443501417,"120,835",100% bullish,of 12 ratings,N/A
GFNCP,$85.05,1440443501516,448,Not yet rated,NULL,N/A
GNMK,$9.01,1440443501591,"138,854",67% bullish,of 6 ratings,$14
GFNSL,$25.3,1440443501646,"1,600",Not yet rated,NULL,N/A
GNCA,$11.93,1440443501816,"68,888",100% bearish,of 1 rating,$20
GHDX,$24.735,1440443501887,"102,540",50% bullish,of 2 ratings,$30
THRM,$42.39,1440443501914,"262,740",75% bearish,of 4 ratings,$55.50
GNTX,$14.94,1440443501938,"2,030,896",Not yet rated,NULL,$20
GNVC,$2.05,1440443502102,"33,430",90% bullish,of 10 ratings,$8.50
GTWN,NULL,1440443502135,0,Not yet rated,NULL,N/A
GEOS,$14.49,1440443502162,"107,689",100% bearish,of 3 ratings,$25.50
GABC,$29,1440443502243,"23,599",Not yet rated,NULL,$31.50
GEVO,$2.56,1440443502306,"1,243,066",75% bullish,of 12 ratings,$5
GERN,$2.94,1440443502378,"1,484,995",88% bullish,of 16 ratings,$5.25
ROCK,$16.495,1440443502445,"118,052",80% bullish,of 5 ratings,$24
GIGA,$1.3711,1440443502548,"153,610",100% bearish,of 1 rating,N/A
GIII,$62.4,1440443502585,"193,068",67% bullish,of 3 ratings,$75
GIGM,$0.55,1440443502680,"121,674",100% bullish,of 2 ratings,N/A
GILT,$4.25,1440443502811,"23,898",50% bullish,of 2 ratings,N/A
GBCI,$24.94,1440443502961,"133,688",50% bullish,of 2 ratings,$31
GOOD,$14.6699,1440443502988,"164,968",Not yet rated,NULL,$19
GLAD,$8,1440443503020,"223,540",50% bullish,of 2 ratings,$8.75
GILD,$101.3401,1440443503061,"11,784,644",91% bullish,of 87 ratings,$129
GLADO,$25.35,1440443503114,"3,242",Not yet rated,NULL,N/A
GOODN,$25.55,1440443503223,"2,000",Not yet rated,NULL,N/A
GOODP,$25.073,1440443503351,"1,600",Not yet rated,NULL,N/A
GOODO,$25.1,1440443503379,200,Not yet rated,NULL,N/A
GAIN,$7.36,1440443503433,"384,728",100% bullish,of 2 ratings,$8.25
GAINN,$24.86,1440443503604,"35,500",Not yet rated,NULL,N/A
GAINO,$25.2075,1440443503736,"2,530",Not yet rated,NULL,N/A
GAINP,$25.9499,1440443503763,"10,628",Not yet rated,NULL,N/A
LAND,$9.065,1440443503974,"29,627",50% bullish,of 2 ratings,$13.75
GLBZ,$12.12,1440443504007,315,Not yet rated,NULL,N/A
GBT,$39.7801,1440443504028,"145,406",100% bearish,of 1 rating,N/A
GDEF,NULL,1440443504057,0,Not yet rated,NULL,N/A
ENT,$11.17,1440443504110,"209,846",100% bearish,of 1 rating,$18
GBLI,$25.66,1440443504202,"7,100",Not yet rated,NULL,N/A
GSOL,$8.22,1440443504238,"30,022",100% bearish,of 1 rating,N/A
QQQC,$17.9,1440443504374,"18,994",100% bearish,of 1 rating,N/A
GPACU,$10,1440443504399,400,Not yet rated,NULL,N/A
ACTX,$13,1440443504484,"3,025",100% bullish,of 1 rating,N/A
SOCL,$16.2101,1440443504544,"98,901",100% bullish,of 2 ratings,N/A
ALTY,$14.15,1440443504675,"5,900",Not yet rated,NULL,N/A
SRET,$13.44,1440443504728,"3,966",Not yet rated,NULL,N/A
YLCO,$11.48,1440443504778,"1,985",Not yet rated,NULL,N/A
GAI,$5.67,1440443504928,"12,063",50% bullish,of 2 ratings,N/A
GBIM,$2.1701,1440443505006,"45,961",50% bullish,of 2 ratings,N/A
GLBS,$1.0825,1440443505031,100,67% bullish,of 3 ratings,N/A
GSM,$12.55,1440443505087,"254,808",50% bullish,of 2 ratings,$23
GLRI,$1.108,1440443505217,"74,439",100% bearish,of 1 rating,$6
GLYC,$6.883,1440443505283,"13,375",50% bullish,of 2 ratings,$14
GLUU,$4.051,1440443505309,"2,012,756",92% bullish,of 26 ratings,$9
GMLP,$17.72,1440443505440,"193,705",50% bullish,of 4 ratings,$32.50
GOGO,$15.43,1440443505475,"847,887",80% bullish,of 5 ratings,$25
GLNG,$33.43,1440443505608,"756,493",83% bullish,of 6 ratings,$58
GLDC,$4.07,1440443505635,300,50% bullish,of 2 ratings,N/A
GDEN,$8.71,1440443505686,"6,900",50% bullish,of 2 ratings,N/A
GOGL,$2.615,1440443505710,"253,863",75% bullish,of 4 ratings,$5
GTIM,$6.27,1440443505884,"24,936",Not yet rated,NULL,$11.50
GOOG,$591.56,1440443505914,"2,169,782",89% bullish,of 70 ratings,$825
GBDC,$16.54,1440443506017,"192,035",Not yet rated,NULL,$17.75
GPRO,$47.95,1440443506044,"7,188,056",78% bullish,of 58 ratings,$72
GOOGL,$620.5,1440443506100,"2,341,225",88% bullish,of 1080 ratings,$749
GMAN,$4.2,1440443506121,"32,814",60% bullish,of 5 ratings,$8
GPIA,$9.75,1440443506207,20,Not yet rated,NULL,N/A
GPIAU,$9.97,1440443506255,"35,301",Not yet rated,NULL,N/A
GPIAW,NULL,1440443506280,0,Not yet rated,NULL,N/A
GBSN,$1.08,1440443506487,"433,837",100% bearish,of 1 rating,$8.25
LOPE,$36.61,1440443506516,"188,020",100% bearish,of 2 ratings,$50
GRVY,$3.2,1440443506620,"1,432",50% bullish,of 2 ratings,N/A
GBSNU,$16.53,1440443506729,"9,938",Not yet rated,NULL,N/A
GLDD,$5.22,1440443506766,"203,128",100% bearish,of 4 ratings,$7.75
GRBK,$12.25,1440443506857,"187,618",77% bullish,of 13 ratings,N/A
GSBC,$38.8732,1440443506897,"19,742",100% bullish,of 1 rating,$44
GNBC,$11.21,1440443506923,"41,168",100% bearish,of 1 rating,$17
GPP,$14.03,1440443507058,"63,925",Not yet rated,NULL,$20.50
GCBC,$27.51,1440443507191,190,100% bullish,of 1 rating,N/A
GPRE,$18.21,1440443507224,"497,261",67% bullish,of 6 ratings,$28.50
GRIF,$30.04,1440443507244,747,100% bearish,of 1 rating,N/A
GLRE,$24.43,1440443507279,"139,367",50% bullish,of 2 ratings,$41
GRFS,$30.1875,1440443507320,"177,046",50% bullish,of 2 ratings,$35
GRPN,$4,1440443507373,"5,939,888",61% bullish,of 71 ratings,$6.75
OMAB,$37.66,1440443507510,"65,638",100% bullish,of 1 rating,$44
GSIG,$12.165,1440443507655,"33,573",100% bearish,of 2 ratings,N/A
GGAL,$17.07,1440443507683,"317,827",80% bullish,of 5 ratings,$40
GSVC,$8.4703,1440443507728,"202,716",50% bullish,of 2 ratings,$14.50
GSIT,$4.9,1440443507758,252,100% bearish,of 1 rating,N/A
GTXI,$0.78,1440443507824,"96,239",100% bullish,of 5 ratings,$.75
GBNK,$15.61,1440443507913,"19,100",100% bearish,of 1 rating,$18
GUID,$6.9401,1440443508018,"104,930",100% bearish,of 3 ratings,$10
GFED,$14.6,1440443508057,"1,271",Not yet rated,NULL,$17
GWPH,$100.841,1440443508380,"251,336",78% bullish,of 9 ratings,$148.50
GIFI,$11.81,1440443508406,"41,759",100% bearish,of 1 rating,$16
GURE,$1.5489,1440443508431,"71,174",88% bullish,of 8 ratings,N/A
GULTU,$0.2762,1440443508456,"170,430",100% bearish,of 1 rating,N/A
GPOR,$32.6,1440443508482,"995,066",75% bullish,of 4 ratings,$55
GWGH,NULL,1440443508613,0,100% bearish,of 1 rating,$15.05
GYRO,$2.88,1440443508717,300,100% bearish,of 1 rating,N/A
HALL,$11.52,1440443508878,"16,042",Not yet rated,NULL,N/A
HALO,$16.91,1440443508899,"827,957",67% bullish,of 3 ratings,$22.50
HLG,$9,1440443508935,"1,534",100% bearish,of 1 rating,N/A
HNRG,$6.96,1440443508979,"89,591",100% bearish,of 1 rating,$10
HBK,$13.8,1440443509031,200,50% bullish,of 2 ratings,N/A
HEES,$15.8801,1440443509056,"207,958",67% bearish,of 3 ratings,$31
HMPR,$1.78,1440443509265,"122,213",100% bullish,of 1 rating,N/A
HBHCL,$24.05,1440443509311,"40,838",Not yet rated,NULL,N/A
HNH,$26.06,1440443509413,"9,609",100% bullish,of 1 rating,N/A
HAFC,$23.57,1440443509474,"165,561",100% bullish,of 2 ratings,$28.50
HNSN,$0.48,1440443509495,"116,044",88% bullish,of 8 ratings,$.40
HBHC,$25.31,1440443509526,"405,267",50% bullish,of 2 ratings,$30
HQCL,$8.26,1440443509574,"23,308",67% bullish,of 3 ratings,$14
HLIT,$5.5,1440443509709,"230,748",100% bearish,of 1 rating,$6.50
HDNG,$9.85,1440443509741,"27,359",50% bullish,of 4 ratings,N/A
HRMN,NULL,1440443509887,0,Not yet rated,NULL,N/A
HRMNW,NULL,1440443509911,0,Not yet rated,NULL,N/A
HRMNU,$10.19,1440443509938,300,Not yet rated,NULL,N/A
TINY,$2.4397,1440443510071,"38,679",50% bullish,of 2 ratings,$5.26
HART,$0.825,1440443510096,"133,111",100% bearish,of 1 rating,N/A
HBIO,$4.3794,1440443510134,"85,675",Not yet rated,NULL,$10
HCAP,$12.15,1440443510266,"32,757",50% bullish,of 2 ratings,$15
HCAPL,$25.25,1440443510431,"6,827",Not yet rated,NULL,N/A
HAS,$71.435,1440443510483,"1,104,532",63% bullish,of 8 ratings,$84.50
HWKN,$37.3,1440443510538,"9,894",Not yet rated,NULL,N/A
HA,$22.06,1440443510610,"836,502",67% bullish,of 9 ratings,$27
HWBK,$13.117,1440443510670,660,100% bearish,of 1 rating,N/A
HCOM,$22.09,1440443510697,"5,404",100% bearish,of 1 rating,$28
HAYN,$36.34,1440443510741,"47,453",100% bearish,of 1 rating,$59
HIIQ,$4.37,1440443510826,"24,902",50% bullish,of 2 ratings,$7
HDS,$31.3299,1440443510909,"1,293,430",100% bearish,of 2 ratings,$39.50
HQY,$28.18,1440443511367,"195,934",67% bullish,of 3 ratings,$31
HCSG,$32.63,1440443511395,"242,046",50% bullish,of 4 ratings,$35
HWAY,$12.17,1440443511524,"200,163",100% bearish,of 1 rating,$15
HTLD,$20.15,1440443511557,"381,519",Not yet rated,NULL,$22.50
HSTM,$24.31,1440443511589,"41,343",50% bullish,of 2 ratings,$33.75
HTWR,$80.57,1440443511651,"60,304",50% bullish,of 2 ratings,$103
HTLF,$35.15,1440443511676,"30,512",100% bullish,of 1 rating,$39.50
HTBX,$5.157,1440443511752,"15,414",50% bullish,of 2 ratings,$15.50
HELE,$84.15,1440443511824,"168,816",67% bearish,of 3 ratings,$100
HNNA,$24.45,1440443512014,"14,897",Not yet rated,NULL,N/A
HMTV,$12.68,1440443512041,"11,543",100% bearish,of 1 rating,$16
HSIC,$133.46,1440443512066,"365,053",83% bullish,of 6 ratings,$146
HCACU,$10.008,1440443512095,"1,500",Not yet rated,NULL,N/A
HSII,$20,1440443512125,"36,954",100% bullish,of 3 ratings,$25
HERO,NULL,1440443512143,0,NULL,NULL,NULL
HMNY,$2.15,1440443512277,"2,480",100% bearish,of 1 rating,N/A
HEOP,$7.5,1440443512546,"11,620",Not yet rated,NULL,$8.50
HFWA,$17.35,1440443512571,"34,371",100% bullish,of 1 rating,$20
HCCI,$11.065,1440443512597,"9,487",100% bearish,of 1 rating,$16.50
HTBK,$10.7,1440443512626,"27,086",Not yet rated,NULL,$12
HRTX,$33.94,1440443512727,"844,238",67% bullish,of 6 ratings,$41
MLHR,$27.34,1440443512770,"111,463",50% bullish,of 2 ratings,$33.50
HSKA,$32.01,1440443512835,"29,619",100% bearish,of 1 rating,$38
HIHO,$4.2,1440443512945,"32,437",Not yet rated,NULL,N/A
HFFC,$15.86,1440443512978,657,Not yet rated,NULL,N/A
HIBB,$37.57,1440443513012,"407,488",100% bearish,of 1 rating,$48.50
HIMX,$6.0801,1440443513042,"1,227,535",86% bullish,of 21 ratings,$8.50
HPJ,$2.15,1440443513070,"56,516",75% bullish,of 4 ratings,$12.43
HIFS,$115.78,1440443513286,"1,972",Not yet rated,NULL,N/A
HSGX,$5.45,1440443513320,"12,100",100% bearish,of 1 rating,$17
HMNF,$11.07,1440443513369,"1,200",Not yet rated,NULL,N/A
HMSY,$10.02,1440443513470,"2,589,397",67% bullish,of 3 ratings,$19.35
HOLI,$16.655,1440443513578,"359,317",50% bullish,of 4 ratings,$27
HOLX,$38.2299,1440443513608,"2,149,959",67% bullish,of 3 ratings,$42
HBCP,$24,1440443513638,400,Not yet rated,NULL,$29
HMIN,$26.81,1440443513713,"278,697",100% bearish,of 2 ratings,$35
AWAY,$27.55,1440443513739,"806,019",67% bullish,of 3 ratings,$36
HOMB,$37.09,1440443513819,"152,832",Not yet rated,NULL,$41
HFBL,$21.61,1440443513886,200,Not yet rated,NULL,N/A
HMST,$21.43,1440443513953,"70,748",100% bullish,of 2 ratings,$27
HTBI,$18.05,1440443514029,"37,145",67% bullish,of 3 ratings,$18.625
HKTV,$4.48,1440443514056,"29,693",100% bearish,of 1 rating,N/A
CETC,$0.75,1440443514095,"101,585",86% bullish,of 7 ratings,N/A
HOFT,$23.16,1440443514132,"33,045",100% bearish,of 1 rating,N/A
HZNP,$27.37,1440443514420,"1,986,046",85% bullish,of 20 ratings,$40
HFBC,$11.44,1440443514445,"7,305",Not yet rated,NULL,N/A
HRZN,$10.19,1440443514474,"75,364",100% bearish,of 1 rating,$14.25
HBNC,$23.51,1440443514578,"17,293",100% bullish,of 1 rating,$27
HDP,$23.69,1440443514603,"319,115",67% bearish,of 3 ratings,$30.50
HWCC,$7.27,1440443514638,"102,223",100% bearish,of 1 rating,$9
ZINC,$6.91,1440443514671,"621,321",100% bearish,of 1 rating,$17
HMHC,$21.915,1440443514692,"415,439",Not yet rated,NULL,$27
HBMD,$13.45,1440443515185,"1,767",100% bearish,of 1 rating,N/A
HTGM,$5.32,1440443515214,"15,860",100% bearish,of 1 rating,$19.50
HUBG,$38.2,1440443515244,"108,401",100% bearish,of 1 rating,$43
HSNI,$58.49,1440443515265,"123,353",Not yet rated,NULL,$80
HOVNP,$4.726,1440443515315,"2,518",100% bearish,of 1 rating,N/A
HCBK,$9.05,1440443515347,"1,451,556",83% bullish,of 6 ratings,$8.61
HBAN,$10.45,1440443515482,"6,151,280",76% bullish,of 17 ratings,$12.29
HDSN,$2.91,1440443515507,"96,189",100% bullish,of 1 rating,$6.25
HSON,$2.62,1440443515640,"7,189",100% bearish,of 1 rating,$5
HBANP,$1332,1440443515667,96,100% bearish,of 1 rating,N/A
HURN,$72.0403,1440443515696,"112,797",50% bullish,of 2 ratings,$80
HURC,$29.56,1440443515721,"6,991",100% bearish,of 1 rating,N/A
HTCH,$1.54,1440443515855,"46,279",100% bearish,of 1 rating,$3.50
HBP,$3.04,1440443515894,"5,708",100% bullish,of 1 rating,N/A
HDRA,NULL,1440443515925,0,Not yet rated,NULL,N/A
HDRAR,NULL,1440443516023,0,Not yet rated,NULL,N/A
IACI,$67.39,1440443516516,"520,892",75% bullish,of 4 ratings,$90
IBKC,$57.34,1440443516549,"142,577",100% bullish,of 1 rating,$70
IKGH,$1.55,1440443516601,"18,014",75% bullish,of 4 ratings,N/A
IDSY,$3.69,1440443516645,"17,743",100% bearish,of 1 rating,$7
IEP,$65.72,1440443516671,"135,615",75% bullish,of 4 ratings,$99
HDRAU,$10.2,1440443516703,200,Not yet rated,NULL,N/A
HDRAW,$0.25,1440443516723,11,Not yet rated,NULL,N/A
ICAD,$3.37,1440443516754,"66,181",50% bullish,of 2 ratings,$7.25
HYGS,$7.4392,1440443516973,"38,134",50% bullish,of 2 ratings,$13
ICFI,$34.01,1440443517000,"50,018",50% bullish,of 2 ratings,$48.50
ICLR,$74.63,1440443517080,"306,563",100% bearish,of 3 ratings,$85
ICON,$12.09,1440443517160,"679,256",50% bullish,of 2 ratings,$18.50
ICUI,$109.63,1440443517185,"89,342",Not yet rated,NULL,$122
IPWR,$7.1,1440443517324,"15,317",100% bullish,of 1 rating,$15
IDRA,$2.4879,1440443517357,"689,050",89% bullish,of 9 ratings,$6.50
IDXX,$70.59,1440443517461,"493,136",100% bearish,of 1 rating,$77
INVE,$4.5099,1440443517487,"41,922",75% bullish,of 4 ratings,$4
IROQ,$16.5,1440443517565,"4,500",100% bullish,of 1 rating,N/A
DSKY,$11.35,1440443517617,"439,062",67% bullish,of 6 ratings,$11.50
IIVI,$16.88,1440443517645,"132,867",100% bearish,of 1 rating,$22
IRG,$4.78,1440443517706,"37,905",100% bearish,of 1 rating,$4.50
RXDX,$12.44,1440443517732,"168,165",100% bullish,of 1 rating,$20
IKAN,$2.72,1440443517860,"14,800",83% bullish,of 6 ratings,$5
KANG,$14.04,1440443517954,"504,984",50% bullish,of 2 ratings,$22.55
IKNX,$11.33,1440443518174,400,100% bearish,of 1 rating,N/A
ISNS,$3.5837,1440443518196,"56,326",50% bullish,of 2 ratings,N/A
IMMR,$11.205,1440443518233,"92,650",80% bullish,of 5 ratings,$15.50
IMNP,$1.1801,1440443518278,"190,298",50% bullish,of 2 ratings,$6
IMDZ,$14.57,1440443518334,"52,573",100% bearish,of 1 rating,$33
ILMN,$191.3,1440443518363,"896,761",80% bullish,of 5 ratings,$240
ICCC,$7.67,1440443518468,"4,795",100% bullish,of 1 rating,N/A
IPXL,$42.035,1440443518541,"479,362",67% bullish,of 3 ratings,$46.50
IMGN,$13.001,1440443518571,"909,460",75% bullish,of 4 ratings,$17.50
IMMU,$1.775,1440443518699,"393,935",86% bullish,of 7 ratings,$2
IMMY,$7.385,1440443518732,"10,002",100% bearish,of 1 rating,$11
INCR,$39.74,1440443518753,"284,872",50% bullish,of 2 ratings,$53
SAAS,$7.4,1440443518831,"209,403",50% bullish,of 2 ratings,$15
INCY,$96.78,1440443518895,"758,926",50% bullish,of 6 ratings,$125.50
IBCP,$13.72,1440443519107,"68,906",100% bullish,of 1 rating,$14.50
INDB,$43.97,1440443519140,"51,794",Not yet rated,NULL,$44
IBTX,$40.5,1440443519161,"21,289",100% bullish,of 2 ratings,$47.25
INFN,$19.96,1440443519195,"1,571,043",71% bullish,of 7 ratings,$28
IDSA,$3.5,1440443519217,"5,410",Not yet rated,NULL,N/A
IPCC,$78.42,1440443519248,"22,911",Not yet rated,NULL,$77.50
INFI,$8.52,1440443519272,"484,295",50% bullish,of 4 ratings,$18
III,$3.99,1440443519385,"40,927",57% bullish,of 7 ratings,$6
IMKTA,$50.27,1440443519488,"61,213",100% bearish,of 1 rating,N/A
INWK,$7.255,1440443519934,"84,420",50% bullish,of 2 ratings,$10
IFON,$1.17,1440443519964,"54,534",75% bullish,of 4 ratings,N/A
INNL,$12.22,1440443519986,955,100% bearish,of 1 rating,$16.50
ISSC,$2.83,1440443520121,"4,639",67% bearish,of 3 ratings,N/A
INOD,$2.48,1440443520148,"3,700",100% bearish,of 1 rating,N/A
IPHS,$45.84,1440443520169,"70,757",100% bearish,of 1 rating,$60
IOSP,$46.46,1440443520201,"224,941",100% bearish,of 1 rating,N/A
INGN,$46.535,1440443520300,"162,146",100% bearish,of 1 rating,$50.50
NSIT,$25.06,1440443520380,"47,994",50% bullish,of 2 ratings,N/A
INO,$6.527,1440443520431,"975,232",89% bullish,of 18 ratings,$20
ISIG,$2.59,1440443520522,"24,375",100% bearish,of 1 rating,N/A
INOV,$20.55,1440443520553,"166,916",100% bearish,of 1 rating,$33
ITEK,$12.43,1440443520577,"508,694",100% bearish,of 3 ratings,$20
INSM,$22.13,1440443520626,"402,579",71% bullish,of 7 ratings,$31.50
PODD,$27.5692,1440443520847,"175,012",50% bullish,of 2 ratings,$35
IIIN,$16.65,1440443520878,"17,502",100% bearish,of 2 ratings,N/A
INSY,$31.11,1440443520980,"386,735",75% bullish,of 4 ratings,$48
NTEC,$5.59,1440443521036,"18,600",100% bearish,of 1 rating,N/A
IART,$59.21,1440443521139,"134,385",100% bearish,of 1 rating,$71.50
IDTI,$17.2,1440443521184,"1,806,972",60% bullish,of 5 ratings,$25
IESC,$7.25,1440443521235,"3,765",100% bearish,of 1 rating,N/A
IQNT,$18.5,1440443521266,"153,864",86% bullish,of 7 ratings,$20
IPCI,$2.04,1440443521287,"91,096",67% bullish,of 6 ratings,$7.75
INTC,$26.2999,1440443521343,"33,315,102",82% bullish,of 238 ratings,$36
ISSI,$22,1440443521368,"427,833",67% bullish,of 3 ratings,$19.75
IBKR,$36.88,1440443521594,"740,384",100% bullish,of 1 rating,N/A
IPAR,$25.25,1440443521620,"49,414",67% bullish,of 3 ratings,$38
ININ,$35.91,1440443521642,"36,976",67% bearish,of 3 ratings,$57
ICPT,$181.725,1440443521674,"238,053",70% bullish,of 10 ratings,$359.50
ICLD,$1.7798,1440443521776,"238,388",75% bullish,of 4 ratings,N/A
IDCC,$46.45,1440443521964,"228,889",80% bullish,of 5 ratings,$63
ICLDW,NULL,1440443521999,0,100% bearish,of 1 rating,N/A
IMI,$2.04,1440443522025,"15,604",67% bullish,of 3 ratings,$2.22
TILE,$24.01,1440443522105,"276,166",67% bearish,of 3 ratings,$27
INAP,$7.78,1440443522160,"76,955",75% bullish,of 4 ratings,$11
ISCA,$30.86,1440443522185,"35,028",100% bearish,of 1 rating,N/A
IBOC,$24.67,1440443522239,"82,054",100% bearish,of 1 rating,N/A
PTNT,$3,1440443522524,"1,965",Not yet rated,NULL,N/A
IIJI,$9.12,1440443522552,400,50% bullish,of 2 ratings,$11.50
IGLD,$5.9101,1440443522596,"4,925",50% bullish,of 2 ratings,N/A
INTX,$2.16,1440443522679,"12,060",67% bullish,of 3 ratings,N/A
INPH,$0.2999,1440443522730,"31,015",50% bullish,of 2 ratings,N/A
ISIL,$10.13,1440443522756,"761,877",50% bullish,of 6 ratings,$15
XENT,$25.56,1440443522784,"167,731",50% bullish,of 2 ratings,$36.50
IILG,$19.19,1440443522887,"64,271",100% bearish,of 1 rating,$29
IVAC,$4.8,1440443523103,"10,886",100% bearish,of 1 rating,$6.625
INTL,$25.84,1440443523138,"70,557",67% bearish,of 3 ratings,N/A
INTU,$82.85,1440443523159,"2,487,950",86% bullish,of 7 ratings,$107.50
ITCI,$26.31,1440443523189,"282,332",75% bearish,of 4 ratings,$40
ISRG,$492.27,1440443523230,"142,237",67% bullish,of 3 ratings,$600
IIN,$6.27,1440443523320,"3,704",100% bearish,of 1 rating,$12
INTLL,$25.45,1440443523346,"7,480",Not yet rated,NULL,N/A
INVT,$0.27,1440443523497,"171,766",67% bullish,of 3 ratings,N/A
SNAK,$8.34,1440443523688,"88,802",50% bullish,of 2 ratings,$14
ISTR,$15.75,1440443523720,447,100% bearish,of 1 rating,$18.50
IVTY,$11.9,1440443523818,"13,258",Not yet rated,NULL,$18
ITIC,NULL,1440443523845,0,100% bearish,of 2 ratings,N/A
IPAS,$1.0142,1440443523919,"75,111",67% bullish,of 3 ratings,N/A
DTUL,$66.22,1440443523990,200,Not yet rated,NULL,N/A
ISBC,$11.48,1440443524062,"2,273,679",100% bullish,of 1 rating,$13.25
NVIV,$9.36,1440443524120,"477,263",50% bullish,of 4 ratings,$24.50
DFVL,$67.82,1440443524570,101,Not yet rated,NULL,N/A
IPCM,$79.27,1440443524640,"151,068",50% bullish,of 2 ratings,$80.125
IRMD,$24.66,1440443524665,"10,471",67% bearish,of 3 ratings,$25
IPGP,$82.34,1440443524693,"251,634",100% bearish,of 2 ratings,$109.50
IRIX,$6.925,1440443524718,"5,439",100% bearish,of 1 rating,N/A
IRDMB,$267.4354,1440443524866,304,67% bearish,of 3 ratings,N/A
IRDM,$6.67,1440443524893,"585,608",60% bullish,of 5 ratings,$11.50
IRBT,$29.04,1440443525037,"196,196",67% bullish,of 6 ratings,$37
IRCP,$24.75,1440443525062,"13,435",100% bullish,of 2 ratings,N/A
IRWD,$10.735,1440443525130,"644,742",100% bearish,of 1 rating,$13
COMT,$31.197,1440443525155,"14,132",100% bearish,of 1 rating,N/A
FCHI,NULL,1440443525341,0,NULL,NULL,NULL
IFAS,NULL,1440443525391,0,NULL,NULL,NULL
IFNA,NULL,1440443525414,0,NULL,NULL,NULL
IFEU,$38.96,1440443525442,"11,220",Not yet rated,NULL,N/A
GNMA,$50.235,1440443525462,"4,938",Not yet rated,NULL,N/A
ACWX,$38.967,1440443525633,"1,038,164",100% bearish,of 1 rating,N/A
IFGL,$27.52,1440443525694,"83,402",Not yet rated,NULL,N/A
ACWI,$53.49,1440443525774,"2,283,007",Not yet rated,NULL,N/A
AXJS,NULL,1440443525867,0,NULL,NULL,NULL
AAXJ,$49.77,1440443525958,"1,741,454",Not yet rated,NULL,N/A
AAIT,NULL,1440443525998,0,NULL,NULL,NULL
EMDI,NULL,1440443526125,0,NULL,NULL,NULL
EEME,NULL,1440443526150,0,NULL,NULL,NULL
EEMA,$46.6619,1440443526171,"22,754",Not yet rated,NULL,N/A
EMEY,NULL,1440443526201,0,NULL,NULL,NULL
EVAL,NULL,1440443526303,0,NULL,NULL,NULL
EGRW,NULL,1440443526325,0,NULL,NULL,NULL
EEML,$27.13,1440443526380,836,Not yet rated,NULL,N/A
EUFN,$21.14,1440443526550,"350,429",100% bearish,of 1 rating,N/A
IEUS,$45.4135,1440443526616,"9,817",100% bearish,of 1 rating,N/A
UAE,$16.37,1440443526720,"19,328",Not yet rated,NULL,N/A
QAT,$19.96,1440443526757,35,Not yet rated,NULL,N/A
IBB,$324.9,1440443526798,"2,096,310",63% bullish,of 8 ratings,N/A
EMIF,$26.88,1440443526899,"7,485",Not yet rated,NULL,N/A
SOXX,$77.26,1440443527027,"672,004",50% bullish,of 2 ratings,N/A
ICLN,$9,1440443527052,"105,180",50% bullish,of 2 ratings,N/A
WOOD,$46.96,1440443527099,"77,088",50% bullish,of 2 ratings,N/A
INDY,$26.09,1440443527124,"728,635",50% bullish,of 2 ratings,N/A
IGOV,$93.7299,1440443527292,"23,340",100% bearish,of 1 rating,N/A
ISHG,$81.5,1440443527757,"18,046",100% bearish,of 1 rating,N/A
ISIS,$44.36,1440443527806,"1,296,198",53% bullish,of 15 ratings,$67
ITRI,$30.52,1440443528482,"244,331",Not yet rated,NULL,$37
ISLE,$16.14,1440443528508,"293,723",50% bullish,of 4 ratings,$16
ISRL,$119.31,1440443528587,200,100% bearish,of 1 rating,N/A
ITRN,$23.655,1440443528743,"16,307",50% bullish,of 2 ratings,N/A
IXYS,$10.1449,1440443529006,"162,926",50% bullish,of 4 ratings,N/A
ITUS,$3.97,1440443529038,"2,109",Not yet rated,NULL,N/A
XXIA,$14.77,1440443529070,"196,127",71% bullish,of 7 ratings,$14.625
MAYS,$56,1440443529105,710,Not yet rated,NULL,N/A
JCOM,$66.96,1440443529133,"141,320",100% bullish,of 2 ratings,$77
JJSF,$111.43,1440443529165,"53,220",100% bearish,of 1 rating,N/A
JASO,$6.74,1440443529196,"1,061,928",82% bullish,of 17 ratings,$10
JBHT,$74.96,1440443529221,"732,449",50% bullish,of 4 ratings,$89.50
JACK,$78.34,1440443529497,"609,902",83% bullish,of 6 ratings,$105
JAXB,NULL,1440443529557,0,100% bullish,of 1 rating,N/A
JKHY,$66.04,1440443529586,"250,801",50% bullish,of 2 ratings,$72
JXSB,$23.75,1440443529643,"3,392",Not yet rated,NULL,N/A
JAKK,$9.265,1440443529688,"524,218",60% bearish,of 5 ratings,$11
JMBA,$12.95,1440443529941,"100,562",75% bullish,of 4 ratings,$18
JAGX,$2.5989,1440443529969,"1,106",Not yet rated,NULL,N/A
JRVR,$26.06,1440443530123,"34,880",Not yet rated,NULL,$32
JASNW,NULL,1440443530154,0,50% bullish,of 2 ratings,N/A
ERW,NULL,1440443530232,0,Not yet rated,NULL,N/A
JASN,$4.75,1440443530266,"19,549",50% bullish,of 2 ratings,$9.50
JBLU,$21.01,1440443530364,"7,056,023",94% bullish,of 18 ratings,$27
JAZZ,$163.41,1440443530390,"327,926",80% bullish,of 15 ratings,$206.50
JD,$23.98,1440443530415,"9,275,546",75% bullish,of 16 ratings,$36
JTPY,$3.02,1440443530674,"2,421",100% bearish,of 1 rating,N/A
JCTCF,$9.514,1440443530742,100,100% bullish,of 1 rating,N/A
DATE,$5.65,1440443530768,"178,651",75% bullish,of 4 ratings,$9
JST,$3.7,1440443530800,"29,783",75% bullish,of 4 ratings,N/A
JIVE,$4.065,1440443530824,"508,704",75% bullish,of 4 ratings,$5
