Symbol,Price,Date,Volume,Rating,RatingVoteCount,OneYearEstimate
TFSCR,NULL,1441390802494,0,Not yet rated,NULL,N/A
FCCY,NULL,1441390802522,0,100% bullish,of 1 rating,$13
TFSC,$9.7989,1441390802543,300,100% bearish,of 1 rating,N/A
PIH,$7.52,1441390802573,"1,900",100% bearish,of 1 rating,N/A
TFSCW,$0.28,1441390802594,920,100% bearish,of 1 rating,N/A
FLWS,$8.66,1441390802615,"142,630",80% bullish,of 5 ratings,$15
FCTY,$7.613,1441390802648,350,100% bullish,of 1 rating,$8.50
TFSCU,$10.32,1441390802669,400,Not yet rated,NULL,N/A
SRCE,$29.7599,1441390802910,"20,051",100% bullish,of 3 ratings,$33
TWOU,$34.6,1441390802943,"78,681",50% bullish,of 2 ratings,$39
USLV,$12.35,1441390802972,"172,788",86% bullish,of 7 ratings,N/A
UGLD,$8.98,1441390802992,"103,275",100% bearish,of 1 rating,N/A
DSLV,$70.0199,1441390803032,"7,050",100% bearish,of 1 rating,N/A
JOBS,$25.88,1441390803060,"56,281",50% bullish,of 4 ratings,$36
DGLD,$83.87,1441390803141,"7,922",100% bullish,of 1 rating,N/A
VNET,$17.975,1441390803208,"136,212",60% bullish,of 5 ratings,$35
SIXD,$2.5601,1441390803511,"19,060",Not yet rated,NULL,N/A
AVHI,$13.59,1441390803562,"187,428",100% bearish,of 1 rating,$19
CAFD,$14.96,1441390803614,"160,827",Not yet rated,NULL,$24.50
AAON,$19.69,1441390803645,"52,112",100% bearish,of 1 rating,$24
EGHT,$7.7,1441390803671,"124,403",82% bullish,of 17 ratings,$11
ABY,$21.22,1441390803724,"680,981",100% bearish,of 2 ratings,$46
ABGB,$4.901,1441390803749,"19,963",67% bullish,of 3 ratings,$5.50
ABAX,$46.65,1441390803776,"41,132",100% bearish,of 1 rating,$60
SHLM,$32.53,1441390803913,"37,874",100% bearish,of 1 rating,$47
ABEO,$4.66,1441390803984,"12,861",50% bullish,of 4 ratings,$15.50
ABMD,$92.71,1441390804043,"166,483",75% bullish,of 4 ratings,$100.50
ABEOW,$1.8687,1441390804070,585,100% bullish,of 1 rating,N/A
AXAS,$1.709,1441390804146,"869,432",78% bullish,of 9 ratings,$3.50
ACTG,$9.09,1441390804351,"50,010",67% bullish,of 3 ratings,$18.50
ACHC,$72.09,1441390804385,"112,328",50% bullish,of 2 ratings,$92
ANCX,$19.68,1441390804483,"9,971",Not yet rated,NULL,$20
ACST,$0.31,1441390804511,"4,200",100% bullish,of 2 ratings,N/A
ACAD,$39.05,1441390804537,"641,750",80% bullish,of 20 ratings,$48
XLRN,$28.29,1441390804673,"41,956",50% bullish,of 2 ratings,$57
ARAY,$6.575,1441390804832,"141,379",100% bearish,of 1 rating,$10.50
VXDN,$1.8,1441390804869,"5,478",100% bearish,of 1 rating,N/A
ACRX,$4.21,1441390804896,"106,979",67% bearish,of 6 ratings,$7
VXUP,$1.6875,1441390804962,"14,781",100% bearish,of 1 rating,N/A
AXDX,$18.58,1441390804996,"27,474",100% bearish,of 1 rating,N/A
ACET,$22.219,1441390805017,"43,679",75% bullish,of 4 ratings,$30
ACHN,$7.67,1441390805096,"1,233,718",90% bullish,of 21 ratings,$16
AKAO,$7.03,1441390805153,"15,099",75% bullish,of 4 ratings,$15
ACOR,$31.435,1441390805450,"132,122",67% bearish,of 3 ratings,$38.50
ACIW,$21.12,1441390805475,"67,815",67% bearish,of 3 ratings,$24
ACTS,$1.59,1441390805636,"14,900",100% bearish,of 1 rating,N/A
ACPW,$1.9,1441390805666,"17,207",100% bullish,of 4 ratings,$3.25
ACNB,NULL,1441390805691,0,Not yet rated,NULL,N/A
ACTA,$13.82,1441390805770,"12,122",67% bearish,of 3 ratings,$25
ATVI,$28.0101,1441390805826,"2,556,686",67% bullish,of 84 ratings,$31.50
ADMS,$18.865,1441390805852,"17,914",100% bearish,of 2 ratings,$36
ACXM,$20.36,1441390805994,"78,014",67% bullish,of 3 ratings,N/A
ADMP,$3.54,1441390806069,"11,172",50% bullish,of 2 ratings,$10
ACUR,$2.8403,1441390806097,"3,100",100% bullish,of 5 ratings,$5
AEY,$2.32,1441390806136,"3,778",100% bearish,of 2 ratings,N/A
ADUS,$29.04,1441390806167,"11,301",100% bearish,of 1 rating,$31
ADAP,$10.92,1441390806306,"17,417",67% bullish,of 3 ratings,$22
ADEP,$7.429,1441390806379,"30,028",50% bullish,of 2 ratings,$10.75
ADMA,$8.73,1441390806569,"10,822",Not yet rated,NULL,$19
ADTN,$15.485,1441390806599,"97,185",67% bullish,of 3 ratings,$17.125
ADRO,$19.196,1441390806620,"41,345",80% bullish,of 5 ratings,$45.50
ADBE,$76.62,1441390806652,"627,018",65% bullish,of 17 ratings,$90
AEIS,$23.88,1441390806786,"37,720",50% bullish,of 2 ratings,$32.50
ADXS,$13.28,1441390806819,"206,270",64% bullish,of 14 ratings,$27
MULT,NULL,1441390806952,0,100% bearish,of 1 rating,N/A
AMD,$1.805,1441390806983,"2,547,921",83% bullish,of 103 ratings,$2
AEGR,$17.47,1441390807010,"62,550",50% bullish,of 6 ratings,$26
ADXSW,$9.45,1441390807031,800,100% bullish,of 1 rating,N/A
YPRO,$23.03,1441390807165,"1,158",100% bearish,of 1 rating,N/A
AMTX,$2.96,1441390807229,"9,450",50% bullish,of 2 ratings,$26.11
AEHR,$2.27,1441390807410,216,50% bullish,of 2 ratings,N/A
AEGN,$17.71,1441390807450,"19,847",100% bearish,of 2 ratings,$21
AEPI,$58.51,1441390807484,"8,220",100% bearish,of 1 rating,N/A
AERI,$16.03,1441390807685,"138,168",75% bullish,of 4 ratings,$31.50
AVAV,$20.39,1441390807772,"105,701",50% bullish,of 4 ratings,$28
AFMD,$9.22,1441390807820,"26,475",50% bullish,of 4 ratings,$15
AEMD,$7.69,1441390807849,"19,655",Not yet rated,NULL,$27.50
AEZS,$0.0781,1441390807951,"12,183,710",90% bullish,of 21 ratings,$1.50
AFFX,$9.02,1441390808024,"255,437",80% bullish,of 5 ratings,$12.50
AGRX,$8.19,1441390808081,"12,843",100% bearish,of 1 rating,$17.50
AGYS,$9.51,1441390808156,"7,944",100% bearish,of 1 rating,N/A
AGFS,$9.89,1441390808180,"92,600",100% bearish,of 1 rating,N/A
AGEN,$6.75,1441390808250,"131,363",85% bullish,of 13 ratings,$14
AGIO,$84.14,1441390808311,"77,867",88% bullish,of 8 ratings,$114
AIMT,$22.27,1441390808443,"79,263",Not yet rated,NULL,$35.50
AGFSW,$2,1441390808468,"6,300",100% bearish,of 2 ratings,N/A
AIRM,$35.99,1441390808632,"48,715",80% bearish,of 5 ratings,$53
AIRT,NULL,1441390808657,0,100% bullish,of 1 rating,N/A
ATSG,$8.83,1441390808707,"53,288",67% bullish,of 3 ratings,$13
AMCN,$4.43,1441390808804,"67,327",83% bullish,of 6 ratings,N/A
AIXG,$6.43,1441390808831,"13,455",67% bearish,of 3 ratings,$5.25
AKAM,$72.6,1441390808858,"558,220",63% bullish,of 8 ratings,$77.50
AKBA,$7.04,1441390808878,"91,068",100% bearish,of 1 rating,$18
AKER,$2.64,1441390809027,"3,601",Not yet rated,NULL,N/A
ALRM,$16,1441390809061,"40,865",100% bearish,of 1 rating,$22
AKRX,$38.17,1441390809162,"162,931",78% bullish,of 9 ratings,$56
ALSK,$2.25,1441390809234,"52,875",78% bullish,of 18 ratings,$2
ABDC,$12.8,1441390809295,"3,403",Not yet rated,NULL,$15
AMRI,$19.81,1441390809421,"36,878",75% bearish,of 4 ratings,$24
ADHD,$7.53,1441390809450,"54,318",50% bullish,of 4 ratings,$18
ALXA,$1.27,1441390809555,"106,617",83% bullish,of 6 ratings,$2.125
ALDX,$7.08,1441390809580,337,100% bearish,of 1 rating,$14.50
ALDR,$40.2426,1441390809644,"93,485",67% bearish,of 3 ratings,$62
ALXN,$171.295,1441390809718,"671,248",88% bullish,of 8 ratings,$223.50
ALCO,$42,1441390809747,"4,845",50% bullish,of 2 ratings,N/A
ALGN,$54.38,1441390809823,"142,044",100% bearish,of 2 ratings,$73
ALIM,$2.9,1441390809895,"83,533",80% bullish,of 5 ratings,$10
ALGT,$200.72,1441390810064,"84,068",100% bearish,of 2 ratings,$235
ALKS,$64.173,1441390810089,"301,125",67% bullish,of 3 ratings,$75
AFOP,$18.98,1441390810135,"104,147",75% bullish,of 8 ratings,$21
AIQ,$14.45,1441390810271,"4,282",67% bullish,of 3 ratings,N/A
ALLB,$22.9,1441390810296,204,Not yet rated,NULL,N/A
ARLP,$25.265,1441390810364,"25,859",67% bearish,of 3 ratings,$32
AHPI,$1.47,1441390810434,500,50% bullish,of 2 ratings,N/A
AHGP,$35.67,1441390810463,"23,179",67% bullish,of 3 ratings,N/A
ALLT,$5.06,1441390810661,"11,676",75% bullish,of 4 ratings,$6.25
AMOT,$17.595,1441390810716,"90,107",100% bearish,of 1 rating,N/A
AFAM,$45.16,1441390810742,"19,615",50% bullish,of 2 ratings,$44
MDRX,$12.965,1441390810791,"487,530",60% bullish,of 5 ratings,$16
ALQA,$4.52,1441390810816,"19,567",75% bullish,of 4 ratings,$8.50
ALNY,$96.755,1441390810881,"105,305",67% bullish,of 3 ratings,$151.50
AOSL,$8.09,1441390811013,"13,530",67% bullish,of 3 ratings,$9
ASPS,$25.735,1441390811143,"45,459",67% bullish,of 3 ratings,$46.50
SMCP,NULL,1441390811170,0,Not yet rated,NULL,N/A
AMAG,$60.16,1441390811197,"187,905",100% bullish,of 2 ratings,$75
ALTR,$48.84,1441390811218,"657,322",80% bearish,of 5 ratings,$54
AIMC,$23.64,1441390811350,"34,076",100% bearish,of 2 ratings,$28.50
ATEC,$0.58,1441390811377,"47,868",100% bullish,of 1 rating,$2
AMRN,$2.305,1441390811435,"508,791",85% bullish,of 40 ratings,$8
AMRK,$10.5,1441390811538,"9,600",50% bullish,of 2 ratings,$14
AYA,$20.9001,1441390811639,"6,827",100% bearish,of 1 rating,$40
AMZN,$497.005,1441390811667,"716,247",81% bullish,of 268 ratings,$646
AMBC,$16.17,1441390811743,"53,678",100% bearish,of 1 rating,$16.50
AMBCW,$7.67,1441390811886,"1,400",100% bearish,of 1 rating,N/A
AMBA,$73.1544,1441390811984,"2,380,653",77% bullish,of 13 ratings,$102.50
EPAX,$2.7,1441390812018,"81,311",100% bearish,of 1 rating,N/A
DOX,$56.11,1441390812116,"177,387",67% bearish,of 3 ratings,$60
AMCX,$71.4,1441390812147,"215,982",67% bullish,of 3 ratings,$87.50
AMED,$39.49,1441390812177,"61,352",100% bearish,of 1 rating,$42
AMDA,$0.4793,1441390812247,"203,231",90% bullish,of 10 ratings,$1
UHAL,$367.4,1441390812275,"10,152",100% bullish,of 2 ratings,$393.50
ATAX,$5.3,1441390812404,"20,658",100% bullish,of 1 rating,$6.50
AAL,$40.4901,1441390812568,"3,439,498",93% bullish,of 88 ratings,$57
AMOV,$17.5401,1441390812600,280,100% bearish,of 1 rating,N/A
ASBI,$22.57,1441390812654,903,Not yet rated,NULL,N/A
AGNC,$18.965,1441390812700,"746,772",71% bullish,of 28 ratings,$22
AGNCB,$24.23,1441390812745,"2,116",Not yet rated,NULL,N/A
MTGE,$15.06,1441390812790,"158,649",75% bullish,of 4 ratings,$19.50
AGNCP,$25.4,1441390812930,"1,375",Not yet rated,NULL,N/A
AETI,$3.1,1441390813081,"2,162",67% bearish,of 3 ratings,N/A
ACAS,$13.56,1441390813109,"482,089",60% bullish,of 5 ratings,$16.75
AMIC,NULL,1441390813169,0,100% bearish,of 1 rating,N/A
ANAT,$97.56,1441390813304,"17,559",100% bullish,of 1 rating,N/A
MTGEP,$24.25,1441390813335,1,Not yet rated,NULL,N/A
ACSF,$12.27,1441390813385,"8,325",100% bearish,of 1 rating,$15
AMNB,$22.731,1441390813432,"3,449",Not yet rated,NULL,$25.50
ANCI,NULL,1441390813462,0,100% bearish,of 1 rating,N/A
APEI,$21.73,1441390813632,"12,058",100% bearish,of 1 rating,$25.50
AMRB,NULL,1441390813659,0,Not yet rated,NULL,$11
ARII,$40,1441390813684,"50,492",67% bearish,of 3 ratings,$45
ASEI,$38.71,1441390813868,"3,404",100% bearish,of 1 rating,$52.50
AMSC,$4.92,1441390813893,"13,105",50% bullish,of 4 ratings,N/A
AMWD,$66.1699,1441390813935,"38,021",50% bullish,of 2 ratings,$70
AMSWA,$9.02,1441390814025,"7,226",100% bearish,of 2 ratings,$10.75
CRMT,$35.42,1441390814070,"12,219",100% bearish,of 1 rating,$38
ABCB,$27.22,1441390814198,"34,031",Not yet rated,NULL,$31
ASRV,$3.24,1441390814226,404,100% bullish,of 2 ratings,N/A
AMSF,$45.99,1441390814251,"10,022",Not yet rated,NULL,$57.50
ASRVP,NULL,1441390814275,0,Not yet rated,NULL,N/A
ATLO,$22.51,1441390814456,"2,836",Not yet rated,NULL,N/A
AMKR,$5.285,1441390814485,"278,018",100% bearish,of 2 ratings,$5
FOLD,$15.235,1441390814517,"544,603",56% bullish,of 9 ratings,$21
AMGN,$146.09,1441390814621,"1,008,968",89% bullish,of 19 ratings,$185
AMSG,$77.598,1441390814696,"71,184",100% bearish,of 1 rating,$85.50
AMSGP,NULL,1441390814754,0,Not yet rated,NULL,N/A
AMPH,$13.3,1441390814802,"78,140",50% bullish,of 2 ratings,$20
AMRS,$1.7536,1441390815006,"30,718",70% bullish,of 10 ratings,N/A
AFSI,$56.78,1441390815031,"110,307",60% bullish,of 5 ratings,$72
ASYS,$5.4,1441390815083,"5,694",67% bullish,of 3 ratings,$12
ANAC,$130.93,1441390815108,"120,878",80% bullish,of 5 ratings,$180.50
ANCB,$21.05,1441390815170,"3,452",Not yet rated,NULL,$23
ADI,$53.86,1441390815201,"361,979",75% bullish,of 4 ratings,$69
ANAD,$0.3051,1441390815273,"86,479",100% bullish,of 2 ratings,$.50
ALOG,$80.5,1441390815305,"23,837",100% bearish,of 2 ratings,$100.50
ABCW,$41,1441390815404,"3,622",67% bullish,of 3 ratings,N/A
AMCF,NULL,1441390815498,0,NULL,NULL,NULL
ANGO,$14.42,1441390815565,"19,062",67% bullish,of 3 ratings,$19
ANGI,$5.03,1441390815642,"91,553",64% bullish,of 11 ratings,$5.50
ANIK,$35.55,1441390815836,"26,529",60% bullish,of 5 ratings,$51.25
ANIP,$50.92,1441390815868,"52,334",89% bullish,of 19 ratings,$66
ATRS,$1.7801,1441390815893,"140,928",92% bullish,of 12 ratings,$4.50
ANTH,$7.1,1441390815970,"236,196",80% bullish,of 10 ratings,$13
ANSS,$89.58,1441390816075,"164,202",100% bearish,of 1 rating,$100
APIC,$6.765,1441390816100,"27,261",100% bearish,of 1 rating,$19
ABAC,$0.7501,1441390816243,"3,118",100% bearish,of 1 rating,N/A
ATNY,$2.4,1441390816303,"1,800",50% bullish,of 2 ratings,$3.75
APOG,$51.45,1441390816328,"41,249",50% bullish,of 2 ratings,$67
APOL,$10.85,1441390816378,"234,625",87% bearish,of 68 ratings,$14
APPF,$17.15,1441390816508,"20,072",50% bullish,of 2 ratings,$22
AINV,$6.44,1441390816533,"259,133",50% bullish,of 4 ratings,$8
ARCI,$1.2399,1441390816697,"3,100",Not yet rated,NULL,N/A
AAPL,$108.85,1441390816722,"17,206,327",86% bullish,of 2364 ratings,$150
APDN,$3.38,1441390816786,"12,752",Not yet rated,NULL,$9
AMAT,$15.36,1441390816856,"4,475,663",82% bullish,of 11 ratings,$23
APDNW,$1.4404,1441390816880,100,Not yet rated,NULL,N/A
AGTC,$16.19,1441390816923,"9,888",50% bullish,of 2 ratings,$33
AMCC,$5.66,1441390817019,"116,896",80% bullish,of 5 ratings,$8
AAOI,$20.14,1441390817117,"72,457",50% bullish,of 4 ratings,$26
APRI,$1.66,1441390817214,"107,420",83% bullish,of 6 ratings,$4.86
APTO,$5.171,1441390817243,302,Not yet rated,NULL,$17
AREX,$2.49,1441390817273,"304,242",50% bullish,of 2 ratings,$3
AQMS,$4.9699,1441390817294,"7,884",Not yet rated,NULL,N/A
AQXP,$15.84,1441390817454,"109,543",50% bullish,of 2 ratings,$2
AUMA,$9.85,1441390817487,200,Not yet rated,NULL,N/A
AUMAU,NULL,1441390817584,0,Not yet rated,NULL,N/A
AUMAW,NULL,1441390817649,0,Not yet rated,NULL,N/A
PETX,$16.97,1441390817678,"68,868",100% bearish,of 2 ratings,$26
ARDM,NULL,1441390817754,0,100% bullish,of 1 rating,$26
ABIO,$5.86,1441390817908,"25,598",50% bullish,of 2 ratings,$3.75
ARCW,$3.21,1441390817993,"241,336",100% bearish,of 2 ratings,$10.50
ABUS,$6.93,1441390818043,"172,697",86% bullish,of 14 ratings,$21.50
ARCB,$28.37,1441390818090,"74,845",67% bearish,of 3 ratings,$39.50
ACGL,$67.91,1441390818221,"64,484",50% bullish,of 2 ratings,$72
RKDA,$5.59,1441390818254,"1,588",100% bearish,of 2 ratings,$10
ACAT,$25.03,1441390818318,"32,588",100% bearish,of 3 ratings,$33
ARNA,$2.72,1441390818346,"358,150",90% bullish,of 78 ratings,$5.50
ARDX,$19.18,1441390818375,"54,842",50% bullish,of 2 ratings,$24.50
ARCC,$15.355,1441390818396,"464,963",67% bearish,of 3 ratings,$17.75
AGIIL,$25.287,1441390818569,"1,757",Not yet rated,NULL,N/A
AGII,$54.03,1441390818637,"16,244",Not yet rated,NULL,$59.50
ARGS,$6.2356,1441390818670,"3,102",50% bullish,of 2 ratings,$19.50
ARIS,$3.582,1441390818739,"1,600",Not yet rated,NULL,$4.50
ARIA,$7.92,1441390818799,"3,212,013",87% bullish,of 46 ratings,$9
ARKR,$24.1653,1441390818824,"1,707",50% bullish,of 2 ratings,N/A
ARMH,$42.43,1441390818980,"526,480",54% bearish,of 13 ratings,$60
ARTX,$1.3199,1441390819150,"70,128",88% bullish,of 16 ratings,$4.50
ARWA,NULL,1441390819178,0,Not yet rated,NULL,N/A
ARWAR,NULL,1441390819203,0,Not yet rated,NULL,N/A
ARQL,$1.69,1441390819231,"12,019",75% bullish,of 4 ratings,$5
ARWAU,$10.2,1441390819251,100,100% bullish,of 1 rating,N/A
ARWAW,NULL,1441390819279,0,Not yet rated,NULL,N/A
ARRY,$5.59,1441390819405,"664,165",100% bullish,of 7 ratings,$10
DWAT,$9.64,1441390819502,"3,600",100% bearish,of 1 rating,N/A
ARRS,$25.93,1441390819605,"244,753",50% bullish,of 2 ratings,$38
ARWR,$5.4148,1441390819633,"489,433",75% bullish,of 4 ratings,$10.50
AROW,$27.01,1441390819675,"2,354",Not yet rated,NULL,N/A
ARTNA,$21.8,1441390819782,"3,522",100% bearish,of 1 rating,$29
ARTW,NULL,1441390819997,0,75% bearish,of 4 ratings,N/A
ASCMA,$26.49,1441390820046,"13,074",100% bearish,of 1 rating,$45
ASBB,$25.23,1441390820074,501,Not yet rated,NULL,N/A
ASND,$19.48,1441390820098,"24,772",50% bullish,of 2 ratings,$30
ASNA,$12.05,1441390820127,"1,079,202",50% bullish,of 2 ratings,$18
ASMI,NULL,1441390820155,0,NULL,NULL,NULL
ASTI,$0.21,1441390820178,"2,439,006",83% bullish,of 6 ratings,$3
ASML,$91.3,1441390820346,"239,164",50% bullish,of 4 ratings,$127
AZPN,$37.91,1441390820540,"195,079",50% bullish,of 2 ratings,$42
ASMB,$12.78,1441390820576,"25,503",67% bullish,of 3 ratings,N/A
APWC,$1.64,1441390820601,404,100% bearish,of 1 rating,N/A
ASFI,$8.75,1441390820622,"1,300",100% bullish,of 1 rating,N/A
ASTE,$37.94,1441390820862,"25,209",100% bearish,of 1 rating,$49
ALOT,NULL,1441390820893,0,100% bearish,of 1 rating,N/A
ATRO,$49.26,1441390820915,"70,981",100% bearish,of 2 ratings,$80
ATHN,$132.06,1441390821002,"67,200",67% bearish,of 3 ratings,$153
ASUR,$5.4713,1441390821044,"3,778",50% bullish,of 2 ratings,$8
ATAI,$2.3,1441390821070,"3,230",100% bearish,of 1 rating,N/A
ASTC,$2.256,1441390821091,"7,357",100% bullish,of 5 ratings,N/A
ATRA,$41.548,1441390821128,"29,663",50% bullish,of 2 ratings,$68
ATHX,$1.1201,1441390821295,"40,193",89% bullish,of 9 ratings,$5
AFCB,NULL,1441390821321,0,Not yet rated,NULL,N/A
AAPC,$10.1,1441390821547,7,Not yet rated,NULL,N/A
AAWW,$38.05,1441390821622,"95,677",50% bullish,of 2 ratings,$65
ATLC,$3.9389,1441390821727,811,67% bullish,of 3 ratings,N/A
AAME,$3.4899,1441390821757,"1,203",Not yet rated,NULL,N/A
ATOS,$0.87,1441390821789,"80,030",100% bullish,of 7 ratings,$7
ATRC,$23.14,1441390821815,"56,078",100% bullish,of 1 rating,$30
ATNI,$73.96,1441390821836,"15,544",100% bearish,of 1 rating,$69.50
AFH,$16.1,1441390821869,"103,578",Not yet rated,NULL,$21.50
ATML,$7.85,1441390821897,"2,302,902",78% bullish,of 9 ratings,$9.50
ACFC,$5.56,1441390822066,"3,528",100% bearish,of 1 rating,$6.50
LIFE,$14.105,1441390822230,"19,304",86% bullish,of 7 ratings,$43
ATTU,$12.93,1441390822257,"10,585",100% bearish,of 1 rating,$20.50
ATRM,NULL,1441390822277,0,50% bullish,of 2 ratings,N/A
ATRI,$366.6,1441390822298,"1,765",Not yet rated,NULL,N/A
AUBN,$26.54,1441390822452,"1,500",Not yet rated,NULL,N/A
AUDC,$3.215,1441390822491,"15,484",80% bullish,of 5 ratings,$5
ADSK,$45.23,1441390822556,"653,662",67% bullish,of 6 ratings,$66
ADAT,$0.3394,1441390822627,"633,539",100% bullish,of 2 ratings,N/A
EARS,$4.35,1441390822699,"3,200",100% bearish,of 2 ratings,$11
AUPH,$3.3499,1441390822849,"6,799",100% bearish,of 1 rating,$8
ABTL,$18.95,1441390822874,"46,514",100% bullish,of 4 ratings,$20.25
AVGO,$121.33,1441390822906,"742,147",88% bullish,of 8 ratings,$165
AVNU,$12.75,1441390822949,"1,400",Not yet rated,NULL,$14
ADP,$75.9,1441390823005,"612,568",100% bearish,of 1 rating,$88
AAVL,$10.04,1441390823034,"105,645",100% bearish,of 1 rating,$20
AVEO,$1.3501,1441390823178,"220,268",75% bullish,of 8 ratings,$3
AXPW,$1.8701,1441390823590,"268,262",86% bullish,of 7 ratings,N/A
AVID,$8.57,1441390823619,"136,503",100% bearish,of 1 rating,$20
ACLS,$3.21,1441390823644,"87,326",67% bullish,of 6 ratings,$4.75
AWRE,$3.2001,1441390823700,"7,129",67% bullish,of 3 ratings,N/A
AVGR,$14.95,1441390823776,"21,972",100% bearish,of 1 rating,$20
AXPWW,NULL,1441390823832,0,Not yet rated,NULL,N/A
AVNW,$1.2099,1441390823859,"44,479",50% bullish,of 2 ratings,N/A
CAR,$42.155,1441390823883,"929,359",80% bullish,of 5 ratings,$60
AXGN,$4.67,1441390824019,"12,150",Not yet rated,NULL,$5
RILY,NULL,1441390824069,0,Not yet rated,NULL,N/A
BCOM,NULL,1441390824163,0,100% bearish,of 1 rating,N/A
BEAV,$48.67,1441390824295,"192,027",67% bearish,of 3 ratings,$59
BOSC,$2.07,1441390824324,"2,900",50% bullish,of 2 ratings,N/A
BIDU,$144.3389,1441390824364,"1,202,025",81% bullish,of 88 ratings,$210
AXTI,$2.11,1441390824431,"3,798",50% bullish,of 2 ratings,$2.75
BWINA,NULL,1441390824533,0,Not yet rated,NULL,N/A
BWINB,$22.29,1441390824565,"1,865",Not yet rated,NULL,N/A
BCPC,$57.3775,1441390824630,"64,741",100% bearish,of 1 rating,$75
BLDP,$1.31,1441390824659,"73,169",91% bullish,of 22 ratings,$2.50
BANFP,$26.8,1441390824795,266,Not yet rated,NULL,N/A
BKMU,$6.85,1441390824824,"11,729",Not yet rated,NULL,$8
BANF,$59.11,1441390824878,"6,201",Not yet rated,NULL,$68
BOCH,$5.72,1441390824904,95,Not yet rated,NULL,$6.50
BMRC,$48.57,1441390824958,"2,284",Not yet rated,NULL,$52
BKSC,$16.76,1441390825050,"2,800",Not yet rated,NULL,N/A
BOTJ,NULL,1441390825220,0,Not yet rated,NULL,N/A
OZRK,$40.28,1441390825303,"59,847",67% bullish,of 3 ratings,$49.50
BFIN,$12,1441390825391,"4,124",Not yet rated,NULL,$13
BWFG,$18.34,1441390825416,"3,513",100% bearish,of 1 rating,N/A
TAPR,$31.994,1441390825456,700,100% bearish,of 1 rating,N/A
BANR,$43.58,1441390825483,"19,778",100% bullish,of 3 ratings,$50
BZUN,$5.105,1441390825504,"108,225",50% bullish,of 2 ratings,$11.50
BHAC,NULL,1441390825546,0,Not yet rated,NULL,N/A
BHACR,$0.21,1441390825763,"2,098",Not yet rated,NULL,N/A
BHACU,NULL,1441390825810,0,Not yet rated,NULL,N/A
BSET,$28.61,1441390825839,"26,497",100% bearish,of 1 rating,$35
BBSI,$34.78,1441390825866,"10,826",67% bearish,of 3 ratings,$62.50
BHACW,NULL,1441390825890,0,Not yet rated,NULL,N/A
BYLK,$12.84,1441390826171,"2,896",Not yet rated,NULL,$14
BV,$5.05,1441390826226,"103,496",67% bullish,of 6 ratings,$8.75
BCBP,$11.31,1441390826275,42,Not yet rated,NULL,N/A
BYBK,$4.99,1441390826403,300,100% bearish,of 1 rating,N/A
BECN,$35.42,1441390826427,"60,741",50% bullish,of 2 ratings,$40
BSF,$8.3999,1441390826452,"13,771",Not yet rated,NULL,N/A
BDCV,$4.8837,1441390826502,"2,472",100% bearish,of 1 rating,$10.19
BBCN,$14.125,1441390826678,"51,451",100% bearish,of 1 rating,$16
BBBY,$61.83,1441390826732,"327,871",71% bullish,of 7 ratings,$75
BEBE,$1.19,1441390826768,"360,864",75% bullish,of 4 ratings,$2.125
BBGI,$3.95,1441390826809,"1,019",100% bearish,of 1 rating,N/A
BELFA,$15,1441390826866,12,100% bearish,of 1 rating,N/A
BELFB,$18.5141,1441390826893,"4,920",100% bearish,of 1 rating,N/A
BLPH,$4.13,1441390827042,"6,293",100% bearish,of 1 rating,$12.50
BLCM,$15.79,1441390827068,"55,393",50% bullish,of 4 ratings,$40
BNCL,$12.37,1441390827209,"105,667",100% bullish,of 3 ratings,$12.50
BGMD,$0.6126,1441390827272,"59,827",100% bullish,of 10 ratings,N/A
BNTC,$7.1,1441390827297,"1,400",100% bullish,of 1 rating,N/A
BNFT,$35.75,1441390827339,"25,417",67% bullish,of 3 ratings,$46
BIND,$4.84,1441390827442,"10,243",75% bullish,of 4 ratings,$13.50
BGCP,$8.75,1441390827467,"261,363",88% bullish,of 8 ratings,$14
BGFV,$11.28,1441390827546,"49,326",57% bullish,of 7 ratings,$12
BCDA,NULL,1441390827685,0,Not yet rated,NULL,N/A
BASI,$1.6358,1441390827721,200,Not yet rated,NULL,N/A
BIOC,$2.0128,1441390827752,"103,617",83% bullish,of 6 ratings,$3.85
ORPN,$5.51,1441390827777,"4,603",100% bullish,of 1 rating,$28.50
BIOD,$0.6972,1441390827814,"6,966",80% bullish,of 5 ratings,$4
BCRX,$11.3,1441390827853,"143,519",63% bullish,of 8 ratings,$18
BDSI,$6.295,1441390827880,"304,380",88% bullish,of 8 ratings,$17
BIIB,$301.4,1441390828153,"513,912",88% bullish,of 16 ratings,$400
BLFS,$2.327,1441390828195,"78,372",100% bearish,of 1 rating,$4.75
BIOL,$1.55,1441390828230,"6,174",Not yet rated,NULL,N/A
BLRX,$1.6801,1441390828330,"142,593",100% bullish,of 12 ratings,$5
BPTH,$1.14,1441390828359,"16,854",100% bullish,of 2 ratings,$5
BMRN,$124.715,1441390828387,"195,180",80% bullish,of 5 ratings,$160
BVXVW,$0.82,1441390828414,"1,200",100% bearish,of 1 rating,N/A
BVXV,$3.8,1441390828457,"17,807",Not yet rated,NULL,N/A
BSTC,$48.19,1441390828702,"12,171",100% bearish,of 1 rating,$76
BBC,$30.73,1441390828741,"2,418",Not yet rated,NULL,N/A
BIOS,$2.425,1441390828766,"201,082",71% bullish,of 7 ratings,$4
BRLI,NULL,1441390828788,0,NULL,NULL,NULL
BOTA,$2.11,1441390829060,"17,369",88% bullish,of 8 ratings,N/A
BBP,$31.9234,1441390829107,"9,963",Not yet rated,NULL,N/A
BSPM,$0.72,1441390829137,"61,891",50% bullish,of 2 ratings,N/A
BJRI,$44.313,1441390829235,"61,920",50% bullish,of 2 ratings,$55
BEAT,$15.55,1441390829268,"194,175",67% bearish,of 3 ratings,$15
BITI,$16.54,1441390829301,"7,795",100% bullish,of 1 rating,$28
TECH,$92.33,1441390829332,"98,123",100% bullish,of 1 rating,$117
BDMS,NULL,1441390829361,0,100% bearish,of 1 rating,N/A
BBRY,$7.4199,1441390829534,"5,460,989",61% bullish,of 331 ratings,$9
BBOX,$14.7,1441390829590,"12,513",100% bearish,of 1 rating,N/A
HAWK,$38.65,1441390829632,"46,271",91% bullish,of 11 ratings,$49
BLKB,$56.61,1441390829720,"34,669",100% bearish,of 2 ratings,$66
BDE,$7.3,1441390829749,"26,977",50% bullish,of 2 ratings,$9
BKCC,$9.43,1441390829776,"97,869",50% bullish,of 2 ratings,$10
ADRD,$21.16,1441390829910,"2,013",100% bearish,of 1 rating,N/A
ADRA,$25.9001,1441390829988,"1,578",100% bearish,of 1 rating,N/A
ADRE,$28.4201,1441390830043,"12,981",100% bearish,of 1 rating,N/A
ADRU,$20.93,1441390830126,"3,400",100% bearish,of 1 rating,N/A
BLMN,$20.26,1441390830175,"127,995",83% bullish,of 6 ratings,$27.50
BCOR,$13.265,1441390830204,"48,792",57% bullish,of 7 ratings,$15
BUFF,$23.7,1441390830304,"224,958",77% bullish,of 13 ratings,$31.50
BBLU,$0.8801,1441390830331,"371,845",100% bullish,of 2 ratings,$4.43
BLBD,$11.6,1441390830403,"1,690",Not yet rated,NULL,N/A
BHBK,$14,1441390830463,"33,869",100% bullish,of 1 rating,$14.50
BLUE,$127.045,1441390830505,"147,645",71% bullish,of 7 ratings,$217.50
BKEP,$6.43,1441390830604,"8,198",100% bearish,of 1 rating,$8.50
NILE,$33.41,1441390830651,"10,506",50% bullish,of 2 ratings,$34
BKEPP,NULL,1441390830676,0,100% bearish,of 1 rating,N/A
BPMC,$27.86,1441390830748,"17,029",50% bullish,of 2 ratings,$47.50
BOBE,$44.8,1441390830950,"124,817",75% bullish,of 4 ratings,$57
BOFI,$112.845,1441390831015,"167,662",100% bullish,of 6 ratings,$144
BNCN,$20.67,1441390831054,"15,068",Not yet rated,NULL,$24
BOKF,$61.59,1441390831076,"39,346",100% bearish,of 1 rating,$69
BOJA,$20.47,1441390831108,"71,177",100% bullish,of 1 rating,$30
BONA,$11.17,1441390831145,"40,366",75% bullish,of 4 ratings,$8.50
WIFI,$7.53,1441390831174,"71,009",50% bullish,of 2 ratings,$13.50
BNSO,$1.2301,1441390831195,900,100% bearish,of 1 rating,N/A
BAMM,$3.21,1441390831418,"1,657",60% bullish,of 5 ratings,N/A
BPFHW,NULL,1441390831485,0,100% bearish,of 1 rating,N/A
BPFH,$11.745,1441390831517,"112,618",100% bearish,of 1 rating,$14
BPFHP,$24.4601,1441390831582,200,100% bearish,of 1 rating,N/A
EPAY,$26.42,1441390831650,"30,241",100% bearish,of 2 ratings,$30
BDBD,$8.135,1441390831680,"133,822",60% bullish,of 5 ratings,$10
BCLI,$3.14,1441390831719,"48,845",80% bullish,of 5 ratings,$12
BBEP,$2.7399,1441390831877,"392,091",69% bullish,of 13 ratings,$5.625
BBRG,$12.3999,1441390831903,"9,492",67% bullish,of 3 ratings,$14.50
BDGE,$25.58,1441390831981,"5,077",Not yet rated,NULL,$31.75
BLIN,$1.54,1441390832043,"348,090",50% bullish,of 2 ratings,$2.20
BBEPP,$14.56,1441390832078,"4,543",50% bullish,of 2 ratings,N/A
BCOV,$5.18,1441390832177,"26,151",67% bullish,of 3 ratings,$10.20
BRID,$8.1,1441390832204,2,100% bearish,of 1 rating,N/A
BRCM,$50.57,1441390832336,"1,031,221",69% bullish,of 13 ratings,$56
BSFT,$31.87,1441390832368,"44,689",57% bullish,of 7 ratings,$40.50
BVSN,$5.9,1441390832547,"1,100",60% bearish,of 5 ratings,N/A
BYFC,NULL,1441390832580,0,50% bullish,of 2 ratings,N/A
BRKS,$10.24,1441390832682,"83,908",67% bullish,of 3 ratings,$15.25
BRCD,$10.115,1441390832713,"525,667",92% bullish,of 13 ratings,$12
BRKR,$17.72,1441390832743,"143,384",100% bearish,of 2 ratings,$22
BRKL,$10.39,1441390832765,"95,054",100% bearish,of 1 rating,$12
BWEN,$3.16,1441390832786,"21,584",75% bullish,of 4 ratings,$8
BLMT,$20.995,1441390832923,"1,528",Not yet rated,NULL,N/A
BMTC,$29.1199,1441390832975,"15,540",Not yet rated,NULL,$34
BLDR,$15.225,1441390833055,"447,767",67% bullish,of 3 ratings,$22
BWLD,$194.823,1441390833109,"79,566",82% bullish,of 11 ratings,$205
BUR,$1.7178,1441390833323,200,100% bearish,of 1 rating,$8
BSQR,$6.15,1441390833401,"9,387",67% bullish,of 3 ratings,N/A
CHRW,$67.55,1441390833427,"365,170",Not yet rated,NULL,$72
CFFI,$35.69,1441390833498,102,100% bearish,of 1 rating,N/A
CA,$26.91,1441390833562,"845,785",50% bullish,of 4 ratings,$33
CDZI,$7.3008,1441390833589,"15,578",100% bearish,of 1 rating,N/A
CCMP,$42.24,1441390833612,"11,307",50% bullish,of 2 ratings,$59
CDNS,$20.23,1441390833633,"601,867",75% bullish,of 4 ratings,$22.50
CACQ,$7.04,1441390833811,"56,282",100% bearish,of 1 rating,$12.25
CZR,$9.23,1441390833980,"186,365",60% bearish,of 5 ratings,$10.50
PRSS,$4.4499,1441390834010,"4,452",80% bullish,of 5 ratings,$4.50
CLBS,$1.7,1441390834040,"52,867",79% bullish,of 14 ratings,$4
CSTE,$38.56,1441390834065,"71,399",50% bullish,of 2 ratings,$65
CLMS,$9.67,1441390834090,"63,716",Not yet rated,NULL,$10.50
CCD,$19.39,1441390834220,"28,402",Not yet rated,NULL,N/A
CHI,$10.3028,1441390834362,"106,385",100% bearish,of 1 rating,N/A
CFGE,NULL,1441390834461,0,Not yet rated,NULL,N/A
CHY,$11.018,1441390834490,"90,503",Not yet rated,NULL,N/A
CHW,$7.37,1441390834560,"126,064",100% bearish,of 1 rating,N/A
CAMP,$15.8,1441390834588,"160,083",88% bullish,of 8 ratings,$25
CGO,$11.9,1441390834615,"6,645",100% bearish,of 1 rating,N/A
CSQ,$9.6528,1441390834666,"173,193",Not yet rated,NULL,N/A
CVGW,$50.005,1441390834904,"163,641",50% bullish,of 2 ratings,$62
CALA,$6.1268,1441390834939,"107,726",67% bullish,of 3 ratings,$19.50
CALD,$15.87,1441390835071,"94,728",100% bearish,of 1 rating,$21
CFNB,$13.0601,1441390835096,300,100% bearish,of 1 rating,N/A
CALM,$52.38,1441390835229,"75,747",80% bullish,of 5 ratings,$63.50
CLMT,$25.51,1441390835255,"45,509",75% bullish,of 8 ratings,$31
CAMBU,NULL,1441390835301,0,100% bearish,of 1 rating,N/A
CAMB,NULL,1441390835330,0,Not yet rated,NULL,N/A
ABCD,$5.0811,1441390835389,"23,216",83% bullish,of 6 ratings,N/A
CAC,$39.675,1441390835430,"5,811",Not yet rated,NULL,N/A
CAMBW,NULL,1441390835456,0,Not yet rated,NULL,N/A
CSIQ,$18.185,1441390835587,"444,849",86% bullish,of 28 ratings,$42.50
CAMT,$2.62,1441390835720,"16,829",73% bullish,of 11 ratings,$4
CGIX,$9.83,1441390835768,"2,240",67% bullish,of 3 ratings,$14.375
CPHC,NULL,1441390835799,0,100% bearish,of 1 rating,N/A
CBNJ,$11.145,1441390835850,"5,727",100% bearish,of 1 rating,N/A
CPLA,$49.05,1441390836009,"21,071",67% bearish,of 3 ratings,$65
CBF,$29.965,1441390836035,"9,545",Not yet rated,NULL,$32
CPLP,$6.92,1441390836063,"86,161",71% bullish,of 7 ratings,$11
CAPN,$2.09,1441390836198,"43,753",100% bullish,of 1 rating,$10.85
CFFN,$11.76,1441390836238,"102,929",Not yet rated,NULL,$12.75
CCBG,$14.94,1441390836263,"1,438",Not yet rated,NULL,$17.25
CPTA,$14.07,1441390836328,"11,227",100% bearish,of 1 rating,$18.25
CSWC,$43.35,1441390836416,"19,247",Not yet rated,NULL,N/A
CAPR,$4.36,1441390836553,"2,941",Not yet rated,NULL,$12
CAPNW,NULL,1441390836585,0,Not yet rated,NULL,N/A
CPST,$0.3871,1441390836655,"222,893",95% bullish,of 22 ratings,$1.25
CARB,$11.06,1441390836680,"16,040",75% bullish,of 4 ratings,$12
CARA,$18.83,1441390836846,"71,026",50% bullish,of 4 ratings,$25
CBYL,$5.1901,1441390836932,"21,632",100% bearish,of 1 rating,$20
CRDC,$0.335,1441390837015,"136,890",100% bullish,of 1 rating,$1.25
CRME,$9.45,1441390837098,"8,007",89% bullish,of 9 ratings,$11.25
CSII,$22.35,1441390837149,"60,869",100% bearish,of 2 ratings,$42.125
CATM,$33.745,1441390837177,"81,976",100% bearish,of 1 rating,$44
CDNA,$7,1441390837198,"19,383",100% bearish,of 1 rating,$9
CFNL,$21.86,1441390837232,"18,584",Not yet rated,NULL,$24
CECO,$3.55,1441390837365,"84,297",67% bearish,of 3 ratings,$6
CTRE,$10.905,1441390837440,"93,211",50% bullish,of 2 ratings,$13.50
CLBH,$12.5001,1441390837507,611,Not yet rated,NULL,$16.50
CKEC,$22.47,1441390837532,"75,943",50% bullish,of 2 ratings,$35.915
CARO,$15.09,1441390837714,704,100% bearish,of 1 rating,$19
CART,NULL,1441390837850,0,100% bearish,of 1 rating,N/A
TAST,$12.66,1441390837879,"81,595",Not yet rated,NULL,$14.25
CACB,$5.29,1441390837905,"22,210",Not yet rated,NULL,$5.50
CRTN,$2.49,1441390837926,468,100% bearish,of 1 rating,N/A
CARV,$6.3,1441390837964,"6,200",50% bullish,of 2 ratings,N/A
CRZO,$35.27,1441390837988,"430,821",67% bearish,of 3 ratings,$54.50
CASM,$1.21,1441390838009,"6,164",100% bullish,of 1 rating,$3.50
CASY,$105.62,1441390838251,"73,985",50% bullish,of 2 ratings,$99.50
CWST,$6.26,1441390838277,"21,736",50% bullish,of 2 ratings,$7.25
CSCD,$15.24,1441390838298,"5,934",100% bullish,of 2 ratings,$17
CASI,$1.3526,1441390838326,"1,684",100% bullish,of 1 rating,$3.50
CASS,$48.46,1441390838504,"5,781",100% bearish,of 1 rating,N/A
CATY,$28.95,1441390838659,"187,480",100% bearish,of 1 rating,$33.50
CNLM,NULL,1441390838714,0,Not yet rated,NULL,N/A
CATB,$11.15,1441390838740,"7,615",100% bearish,of 1 rating,$28
CATYW,NULL,1441390838770,0,100% bearish,of 1 rating,N/A
CVCO,$70.8,1441390838791,"2,845",100% bearish,of 1 rating,N/A
CPRX,$3.63,1441390838818,"292,848",71% bullish,of 7 ratings,$7
CAVM,$67.94,1441390838857,"183,647",67% bearish,of 3 ratings,$72
CBFV,$21.4599,1441390838958,421,Not yet rated,NULL,$25
CNLMU,NULL,1441390839186,0,100% bullish,of 1 rating,N/A
CNLMR,NULL,1441390839246,0,Not yet rated,NULL,N/A
CNLMW,NULL,1441390839270,0,Not yet rated,NULL,N/A
CDK,$48.29,1441390839403,"51,091",67% bearish,of 3 ratings,$50
CECE,$9.605,1441390839501,"117,751",50% bullish,of 2 ratings,$16
CDW,$38.52,1441390839538,"226,152",75% bullish,of 4 ratings,$44
CELGZ,$1.76,1441390839631,7,80% bullish,of 5 ratings,N/A
CELG,$116.85,1441390839662,"1,255,102",100% bullish,of 13 ratings,$156
CBOE,$63.51,1441390839689,"100,717",Not yet rated,NULL,$63
CLDN,$1.191,1441390839765,"32,232",63% bullish,of 8 ratings,$3
CPXX,$2.29,1441390839794,"16,297",100% bullish,of 2 ratings,$7
CLRB,$2.853,1441390839925,"1,920",100% bearish,of 1 rating,N/A
CLRBW,NULL,1441390839979,0,Not yet rated,NULL,N/A
CLDX,$13.88,1441390840004,"261,782",89% bullish,of 9 ratings,$36
CLLS,$31.56,1441390840061,"32,644",75% bullish,of 4 ratings,$51.50
CBMG,$23.12,1441390840237,"26,913",50% bullish,of 2 ratings,N/A
CLSN,$2.01,1441390840394,"34,064",80% bullish,of 10 ratings,$7.50
CYAD,$47.01,1441390840452,100,100% bullish,of 1 rating,$87.50
CEMP,$32.85,1441390840491,"155,872",71% bullish,of 7 ratings,$52
CSFL,$13.52,1441390840522,"32,598",Not yet rated,NULL,$15
CETX,$2.4412,1441390840549,"15,600",Not yet rated,NULL,$5.60
CLTX,$1.84,1441390840620,"42,344",100% bullish,of 2 ratings,N/A
CETV,$2.045,1441390840694,"16,458",67% bullish,of 3 ratings,$2.80
CFBK,$1.34,1441390840823,896,Not yet rated,NULL,N/A
CVCY,$11.54,1441390840849,198,Not yet rated,NULL,$12
CENT,$14.24,1441390840878,"80,164",Not yet rated,NULL,$10
CENTA,$14.56,1441390840919,"55,913",Not yet rated,NULL,N/A
CENX,$5.31,1441390841014,"613,605",67% bullish,of 6 ratings,$9
CNBKA,$39.12,1441390841144,198,50% bullish,of 2 ratings,N/A
CNTY,$5.93,1441390841174,"4,123",80% bullish,of 5 ratings,$7.75
CRNT,$1.3999,1441390841276,"19,941",50% bullish,of 2 ratings,$2
CPHD,$48.83,1441390841301,"225,095",67% bearish,of 3 ratings,$66
CERN,$59.68,1441390841439,"232,830",67% bullish,of 3 ratings,$79
CERU,$4.2,1441390841465,"11,981",75% bullish,of 4 ratings,$14
CERE,$1.1399,1441390841596,"157,555",88% bullish,of 8 ratings,N/A
CERS,$5.169,1441390841630,"365,780",75% bullish,of 4 ratings,$7
CYOU,$18.6,1441390841730,"26,066",50% bullish,of 6 ratings,$24
CEVA,$19,1441390841756,"8,980",100% bearish,of 1 rating,$25
HOTR,$1.31,1441390841814,"35,597",100% bullish,of 2 ratings,$5
HOTRW,$0.15,1441390841946,"10,650",Not yet rated,NULL,N/A
KOOL,$0.64,1441390842008,"24,435",100% bullish,of 5 ratings,$7
CTHR,$1.2396,1441390842145,"32,247",50% bullish,of 2 ratings,$2.50
GTLS,$23.145,1441390842171,"64,215",50% bullish,of 4 ratings,$40
CHTR,$181.65,1441390842246,"205,942",67% bearish,of 3 ratings,$202
CHEK,NULL,1441390842275,0,Not yet rated,NULL,$7.75
CHKP,$77.76,1441390842301,"484,944",50% bullish,of 4 ratings,$92
CHFN,$12.1,1441390842326,"6,008",Not yet rated,NULL,$14
CHEKW,NULL,1441390842520,0,Not yet rated,NULL,N/A
CEMI,$4.21,1441390842616,"3,148",50% bullish,of 2 ratings,$7.50
CHMG,$26.36,1441390842649,200,Not yet rated,NULL,$30
CHEV,$14.39,1441390842715,"1,066",Not yet rated,NULL,N/A
CCXI,$6.11,1441390842744,"9,802",67% bullish,of 3 ratings,$14
CHFC,$30.29,1441390842769,"27,861",100% bearish,of 1 rating,$36
CHKE,$25.5,1441390842795,"5,715",100% bearish,of 1 rating,$32.50
CHMA,$28.11,1441390842942,"42,436",Not yet rated,NULL,$40
CBNK,$16.78,1441390843147,200,100% bearish,of 1 rating,N/A
CADC,$3.34,1441390843175,400,78% bullish,of 9 ratings,N/A
PLCE,$58.11,1441390843198,"46,322",100% bearish,of 1 rating,$69
CMRX,$48.34,1441390843228,"75,485",50% bullish,of 2 ratings,$57
CALI,NULL,1441390843249,0,67% bullish,of 3 ratings,N/A
CBPO,$93.94,1441390843386,"46,295",75% bullish,of 8 ratings,$140.50
CAAS,$5.9915,1441390843414,"3,279",93% bullish,of 14 ratings,$11.50
JRJC,$3.45,1441390843582,"14,072",82% bullish,of 11 ratings,N/A
CCCL,NULL,1441390843612,0,100% bullish,of 6 ratings,N/A
CBAK,$2.07,1441390843634,"80,557",67% bullish,of 9 ratings,N/A
CCCR,$0.7152,1441390843663,700,67% bearish,of 3 ratings,N/A
CHOP,$1.0701,1441390843684,"6,035",50% bullish,of 2 ratings,N/A
CHLN,$1.8,1441390843824,300,67% bullish,of 3 ratings,N/A
CNIT,$1.1401,1441390844049,"48,059",67% bullish,of 6 ratings,N/A
CJJD,$1.8,1441390844081,"1,200",100% bullish,of 1 rating,N/A
CHNR,$1.79,1441390844131,"6,338",100% bearish,of 1 rating,N/A
HGSH,$1.8,1441390844179,"2,201",67% bullish,of 3 ratings,N/A
CREG,$0.66,1441390844206,"30,917",100% bullish,of 3 ratings,N/A
HTHT,$25.5,1441390844260,"33,452",50% bullish,of 2 ratings,$28.40
CPGI,$6.905,1441390844288,"1,900",Not yet rated,NULL,N/A
CSUN,$1.3563,1441390844352,"7,025",80% bullish,of 5 ratings,N/A
CNYD,$3.21,1441390844545,200,67% bullish,of 3 ratings,N/A
CXDC,$6.1399,1441390844574,"16,668",67% bearish,of 3 ratings,N/A
CNTF,$0.7999,1441390844595,"22,686",Not yet rated,NULL,N/A
CNET,$0.84,1441390844746,"12,960",50% bullish,of 2 ratings,N/A
IMOS,$19.36,1441390844876,"87,574",60% bullish,of 5 ratings,$21.50
CHSCL,$27.294,1441390844905,"9,876",Not yet rated,NULL,N/A
CHSCM,$26.2601,1441390845006,"6,585",Not yet rated,NULL,N/A
CCIH,$7.34,1441390845077,"70,145",67% bullish,of 6 ratings,$12.65
CHSCP,$30.694,1441390845105,100,Not yet rated,NULL,N/A
CHSCO,$28.42,1441390845129,"1,068",Not yet rated,NULL,N/A
CHSCN,$27.02,1441390845153,"1,477",Not yet rated,NULL,N/A
CHDN,$133.28,1441390845284,"24,211",Not yet rated,NULL,$165
CHUY,$31.015,1441390845422,"32,543",50% bullish,of 2 ratings,$34
CDTX,$14.15,1441390845522,"9,385",Not yet rated,NULL,$22
CIFC,$6.85,1441390845554,"7,235",100% bearish,of 1 rating,N/A
CIDM,$0.5801,1441390845629,"6,915",50% bullish,of 2 ratings,$2.10
CMCT,NULL,1441390845661,0,100% bearish,of 1 rating,N/A
CINF,$51.64,1441390845763,"183,015",50% bullish,of 4 ratings,$50.50
CMPR,$70.6,1441390845792,"52,780",50% bullish,of 2 ratings,$72.50
CTAS,$83.58,1441390845896,"118,606",100% bearish,of 1 rating,$91
CPHR,$5,1441390846086,900,100% bearish,of 1 rating,$17
CRUS,$29.31,1441390846119,"184,020",75% bullish,of 12 ratings,$44.50
CTRN,$25.72,1441390846156,"26,401",100% bearish,of 1 rating,$31.50
CSCO,$25.485,1441390846218,"7,581,987",83% bullish,of 210 ratings,$32
CZNC,$19.66,1441390846243,"3,280",Not yet rated,NULL,N/A
CZWI,$9,1441390846301,316,Not yet rated,NULL,N/A
CZFC,NULL,1441390846465,0,Not yet rated,NULL,N/A
CIZN,NULL,1441390846593,0,Not yet rated,NULL,N/A
CTXS,$67.8625,1441390846624,"521,481",86% bullish,of 7 ratings,$80
CIVBP,NULL,1441390846829,0,Not yet rated,NULL,N/A
CIVB,$10.0001,1441390846863,"1,550",Not yet rated,NULL,$11
CHCO,$47.05,1441390846884,"9,758",Not yet rated,NULL,$46
CLNE,$5.2,1441390846914,"245,354",80% bullish,of 15 ratings,$9
CLNT,$1.55,1441390846943,"4,600",75% bullish,of 8 ratings,N/A
CLIR,$5.014,1441390846973,"25,278",100% bullish,of 3 ratings,N/A
CDTI,$1.57,1441390847047,"17,250",75% bullish,of 4 ratings,$3.20
CLFD,$16.62,1441390847108,"7,944",67% bullish,of 3 ratings,$18
CLRO,$11.45,1441390847385,400,50% bullish,of 2 ratings,$14.25
CBLI,$4.175,1441390847421,"9,819",60% bullish,of 5 ratings,N/A
CSBK,$13.81,1441390847442,"16,607",Not yet rated,NULL,N/A
CME,$92.08,1441390847516,"558,608",67% bullish,of 3 ratings,$102
CLVS,$81.965,1441390847545,"115,094",60% bullish,of 5 ratings,$101.50
CMFN,$11.24,1441390847645,"6,387",100% bearish,of 1 rating,$15.50
CISG,$7.53,1441390847670,"5,500",100% bullish,of 5 ratings,$10
CNV,$4.39,1441390847834,"19,984",50% bullish,of 2 ratings,$7.15
CCNE,$16.989,1441390847904,"4,343",50% bullish,of 2 ratings,$21.50
COBZ,$12.69,1441390847930,"11,515",100% bullish,of 1 rating,$14
CWAY,$11.28,1441390847995,"1,600",Not yet rated,NULL,N/A
COKE,$158.1,1441390848065,"4,918",79% bullish,of 19 ratings,N/A
CDRB,$9.29,1441390848152,"16,239",67% bullish,of 3 ratings,N/A
JVA,$4.7,1441390848196,"7,400",83% bullish,of 6 ratings,$7
CDXS,$3.5006,1441390848247,"21,472",64% bullish,of 11 ratings,$6
CVLY,NULL,1441390848341,0,Not yet rated,NULL,N/A
CGNT,$1.54,1441390848444,800,100% bullish,of 2 ratings,$2
CCOI,$27.21,1441390848469,"86,862",50% bullish,of 4 ratings,$35
CGNX,$34.3,1441390848629,"129,678",50% bullish,of 2 ratings,$47
COHR,$54.84,1441390848678,"22,651",50% bullish,of 2 ratings,$72
CHRS,$25.98,1441390848722,"88,757",67% bearish,of 3 ratings,$37
CTSH,$61.41,1441390848757,"1,179,924",90% bullish,of 10 ratings,$75
COHU,$9.51,1441390848823,"16,031",100% bearish,of 1 rating,$14.25
CLRX,$0.6704,1441390848905,"12,574",50% bullish,of 2 ratings,N/A
COLL,$15.545,1441390848954,"18,892",100% bearish,of 1 rating,$26
CLCT,$17.877,1441390849208,"6,866",100% bearish,of 1 rating,N/A
CLCD,$5.75,1441390849241,"29,004",100% bearish,of 1 rating,$20.50
CBAN,NULL,1441390849269,0,Not yet rated,NULL,N/A
COLB,$29,1441390849297,"57,052",Not yet rated,NULL,$36
CIGI,$41.79,1441390849318,"15,335",100% bearish,of 1 rating,$52
CMCO,$18.82,1441390849348,"12,524",60% bullish,of 5 ratings,$28
COLM,$60.54,1441390849369,"25,977",100% bearish,of 1 rating,$71
CBMX,$1.12,1441390849559,"5,500",83% bullish,of 6 ratings,$3.15
CMCSA,$55.42,1441390849689,"3,420,452",66% bullish,of 35 ratings,$69.50
CBSHP,$25.426,1441390849721,"3,371",100% bearish,of 1 rating,N/A
CBSH,$43.18,1441390849822,"81,233",50% bullish,of 2 ratings,$46
CUBN,NULL,1441390849880,0,Not yet rated,NULL,N/A
CMCSK,$56.405,1441390849974,"1,268,858",Not yet rated,NULL,$84
JCS,$8.6574,1441390850139,"4,825",67% bullish,of 3 ratings,N/A
COMM,$32.54,1441390850170,"174,602",67% bearish,of 3 ratings,$35
CVGI,$4.84,1441390850191,"16,543",50% bullish,of 2 ratings,$6
ESXB,NULL,1441390850273,0,Not yet rated,NULL,N/A
CYHHZ,$0.012,1441390850325,"8,982",100% bullish,of 1 rating,N/A
CTBI,$34.4,1441390850358,"4,804",Not yet rated,NULL,$36
CSAL,$20.06,1441390850383,"169,019",75% bullish,of 4 ratings,$30
CWBC,$6.826,1441390850465,200,Not yet rated,NULL,N/A
COB,$10.15,1441390850599,"2,000",100% bullish,of 1 rating,$11.75
CVLT,$35.2,1441390850626,"178,180",75% bullish,of 4 ratings,$44.50
CID,$32.38,1441390850892,"1,305",Not yet rated,NULL,N/A
CSA,NULL,1441390850918,0,Not yet rated,NULL,N/A
CIZ,$31.96,1441390850948,"13,623",100% bearish,of 1 rating,N/A
CFO,$34.6,1441390851053,"42,320",100% bearish,of 1 rating,N/A
CIL,NULL,1441390851084,0,Not yet rated,NULL,N/A
CFA,$34.65,1441390851115,900,100% bearish,of 1 rating,N/A
CSF,$36.06,1441390851185,"3,017",100% bearish,of 1 rating,N/A
CDC,$33.757,1441390851217,"49,681",Not yet rated,NULL,N/A
CGEN,$5.04,1441390851366,"28,936",50% bullish,of 2 ratings,$11
CSB,NULL,1441390851394,0,Not yet rated,NULL,N/A
CPSI,$45.03,1441390851472,"20,986",100% bearish,of 1 rating,$45.50
CDL,$32.826,1441390851574,"1,157",Not yet rated,NULL,N/A
CTG,$6.57,1441390851732,"9,195",100% bearish,of 1 rating,$8.50
SCOR,$47.16,1441390851837,"201,049",100% bearish,of 1 rating,$66
CNCE,$15.91,1441390851907,"29,507",75% bullish,of 4 ratings,$22
CHCI,$0.73,1441390851937,800,50% bullish,of 2 ratings,N/A
CMTL,$25.93,1441390851963,"6,826",100% bearish,of 2 ratings,$37
CXRX,$82.95,1441390852038,300,100% bearish,of 1 rating,$90
CNAT,$3.85,1441390852095,"32,614",83% bullish,of 6 ratings,$13
CCUR,$5.434,1441390852124,"1,363",75% bullish,of 4 ratings,N/A
CDOR,$1.25,1441390852228,"6,600",100% bullish,of 1 rating,N/A
CDORO,NULL,1441390852326,0,100% bearish,of 1 rating,N/A
CNSI,$18.05,1441390852355,"25,339",100% bearish,of 2 ratings,$29
CFMS,$14.17,1441390852509,"157,094",100% bearish,of 1 rating,$26.50
CNFR,$10.06,1441390852535,12,Not yet rated,NULL,N/A
CDORP,$6.25,1441390852559,300,100% bearish,of 1 rating,N/A
CNMD,$50.4,1441390852748,"44,449",Not yet rated,NULL,$59
CNOB,$18.79,1441390852774,"9,874",100% bullish,of 1 rating,$23.50
CNXR,$6.8,1441390852807,"69,308",100% bearish,of 1 rating,$12
CONN,$28.4701,1441390852903,"176,354",67% bullish,of 3 ratings,$48.50
CTWS,$34.39,1441390852930,"3,622",100% bearish,of 1 rating,$44
CWCO,$10.35,1441390852982,"36,262",67% bullish,of 3 ratings,$14.50
CNSL,$19.5,1441390853009,"57,828",100% bearish,of 1 rating,$23
CPSS,$5.51,1441390853215,"4,937",100% bullish,of 1 rating,$10
CFRXW,$1.68,1441390853240,700,100% bearish,of 1 rating,N/A
CTCT,$24.19,1441390853372,"58,470",67% bullish,of 3 ratings,$37
CFRX,$4.8762,1441390853400,"1,300",Not yet rated,NULL,$14
CFRXZ,NULL,1441390853440,0,Not yet rated,NULL,N/A
CTRV,$3.46,1441390853503,"4,750",Not yet rated,NULL,$6.40
CORT,$4.93,1441390853635,"109,938",67% bullish,of 3 ratings,$12
CTRL,$8.34,1441390853715,"58,475",50% bullish,of 2 ratings,$11
CPRT,$34.72,1441390853736,"124,365",67% bearish,of 3 ratings,$40
BVA,NULL,1441390853815,0,50% bullish,of 2 ratings,N/A
CRBP,$1.8586,1441390853879,"64,055",100% bullish,of 2 ratings,$6.25
CSOD,$36.4,1441390853908,"103,412",50% bullish,of 2 ratings,$42
CORE,$58.845,1441390853958,"41,000",100% bearish,of 1 rating,$72
CORI,$10.27,1441390854011,"37,493",100% bearish,of 1 rating,$18
COSI,$1.07,1441390854213,"2,559",100% bullish,of 1 rating,N/A
CRVL,$30.5,1441390854237,"4,108",100% bearish,of 1 rating,N/A
CSGP,$174.16,1441390854276,"26,648",50% bullish,of 2 ratings,$235
ICBK,NULL,1441390854408,0,Not yet rated,NULL,$21
CVTI,$22.5,1441390854434,"17,997",67% bearish,of 3 ratings,$39
COST,$138.4084,1441390854489,"581,894",79% bullish,of 24 ratings,$154.50
CPAH,$0.4376,1441390854562,100,50% bullish,of 2 ratings,N/A
COVS,$2.52,1441390854590,"14,472",67% bullish,of 3 ratings,N/A
COWN,$5.02,1441390854667,"238,116",75% bullish,of 4 ratings,$7
CPSH,$2.41,1441390854804,702,Not yet rated,NULL,N/A
CRAI,$23,1441390854834,"8,200",100% bearish,of 1 rating,$36
COWNL,$26.62,1441390854860,113,Not yet rated,NULL,N/A
BREW,$7.65,1441390854905,"7,653",67% bullish,of 6 ratings,$15
CBRL,$145.81,1441390854963,"52,737",50% bullish,of 2 ratings,$155
CRAY,$20.56,1441390855156,"61,407",83% bullish,of 6 ratings,$38.50
GLDI,$10.9611,1441390855258,"18,720",100% bearish,of 1 rating,N/A
CACC,$196.29,1441390855289,"41,177",50% bullish,of 2 ratings,$158.50
SLVO,$10.08,1441390855316,237,100% bearish,of 1 rating,N/A
CREE,$25.76,1441390855366,"247,364",65% bullish,of 17 ratings,$29.50
CRESY,$10.26,1441390855393,"7,583",100% bearish,of 1 rating,$19
CROX,$13.82,1441390855727,"355,544",63% bullish,of 8 ratings,$16.50
CRDS,$1.1501,1441390855755,"77,252",50% bullish,of 4 ratings,$3.375
CCRN,$14.11,1441390855780,"138,891",100% bearish,of 1 rating,$14.25
CRTO,$36.73,1441390855812,"222,039",67% bullish,of 6 ratings,$64
CRWS,$8.07,1441390855837,"5,500",Not yet rated,NULL,$10
CRWN,$5.23,1441390855858,"74,499",75% bullish,of 4 ratings,N/A
CYRX,$2.938,1441390855948,"21,650",Not yet rated,NULL,$9
CYRXW,$0.745,1441390855998,"8,500",Not yet rated,NULL,N/A
CCLP,$13.7,1441390856223,"47,954",67% bearish,of 3 ratings,$20
CSPI,$5.6201,1441390856260,"3,718",67% bullish,of 3 ratings,N/A
CSGS,$29.51,1441390856314,"60,314",Not yet rated,NULL,$40
CTIC,$1.53,1441390856418,"172,920",84% bullish,of 76 ratings,$5.75
CTRP,$63.56,1441390856478,"593,283",75% bullish,of 8 ratings,$92.50
CTIB,NULL,1441390856504,0,100% bearish,of 1 rating,N/A
CTCM,$1.7,1441390856525,"27,600",80% bearish,of 5 ratings,$3.90
CUNB,$21.8,1441390856557,"5,264",Not yet rated,NULL,$24.50
CPIX,$6.18,1441390856694,"5,110",Not yet rated,NULL,N/A
CMLS,$1.285,1441390856725,"55,624",50% bullish,of 4 ratings,$6
CUI,$5.18,1441390856751,"9,309",50% bullish,of 2 ratings,$10
CUTR,$14.9244,1441390856859,"39,551",67% bearish,of 3 ratings,$18
CVBF,$15.81,1441390856895,"49,316",Not yet rated,NULL,$18
CRIS,$2.53,1441390856932,"42,310",100% bullish,of 8 ratings,$6
CVV,$11.16,1441390857103,"1,912",100% bullish,of 5 ratings,N/A
CYBX,$64.6,1441390857242,"47,815",50% bullish,of 4 ratings,$71.50
CYAN,$6.2001,1441390857274,"1,050",100% bearish,of 1 rating,N/A
CYCCP,$5.51,1441390857308,"1,504",100% bearish,of 1 rating,N/A
CBAY,$2.69,1441390857339,"5,500",100% bullish,of 1 rating,$4
CYCC,$0.56,1441390857370,"27,049",73% bullish,of 11 ratings,N/A
CYBE,$6.9,1441390857400,"5,218",100% bearish,of 1 rating,N/A
CYBR,$46.106,1441390857438,"1,396,000",75% bullish,of 8 ratings,$68.50
CYNO,$32.77,1441390857647,"74,132",67% bearish,of 3 ratings,$45.50
CY,$9.88,1441390857777,"1,068,734",80% bullish,of 10 ratings,$15.50
CYRN,$1.7203,1441390857806,"12,320",67% bullish,of 3 ratings,$4
CYNA,$16.02,1441390857833,"4,002",50% bullish,of 2 ratings,$31.50
CYTX,$0.3697,1441390857908,"765,305",83% bullish,of 12 ratings,$5.50
CONE,$31.57,1441390857967,"218,606",67% bearish,of 3 ratings,$35.50
CYTK,$7.19,1441390858034,"56,219",71% bullish,of 14 ratings,$13.50
CTSO,$7.35,1441390858061,"27,695",Not yet rated,NULL,$15.625
CYTR,$2.4622,1441390858136,"149,902",67% bullish,of 6 ratings,$10
DAEG,$0.3501,1441390858194,770,100% bearish,of 1 rating,N/A
TVIZ,$24.51,1441390858220,"1,900",100% bearish,of 1 rating,N/A
TVIX,$17.5809,1441390858247,"8,700,843",81% bullish,of 16 ratings,N/A
ZIV,$34.68,1441390858283,"29,359",Not yet rated,NULL,N/A
XIV,$22.3055,1441390858386,"13,602,899",75% bearish,of 4 ratings,N/A
DJCO,$196.76,1441390858566,64,Not yet rated,NULL,N/A
DAKT,$8.36,1441390858591,"93,011",50% bullish,of 2 ratings,$12
DARA,$0.83,1441390858806,"23,527",83% bullish,of 6 ratings,$1.50
DWCH,$4.95,1441390858835,"7,227",75% bullish,of 4 ratings,$8.25
DWSN,$4.3,1441390858909,"16,796",67% bullish,of 3 ratings,N/A
DTLK,$5.55,1441390858940,"34,659",100% bearish,of 1 rating,$9
DAIO,$2.51,1441390859005,200,Not yet rated,NULL,N/A
DTEA,$13.1,1441390859033,"12,240",100% bearish,of 2 ratings,$24
DBVT,$36.65,1441390859060,"43,240",100% bearish,of 1 rating,$53
PLAY,$36.23,1441390859204,"164,665",100% bullish,of 5 ratings,$42
TRAK,$62.84,1441390859233,"533,291",50% bullish,of 2 ratings,$62.50
DRAM,$1.28,1441390859258,"7,700",78% bullish,of 9 ratings,N/A
DHRM,$1.61,1441390859478,794,Not yet rated,NULL,N/A
TACO,$13.04,1441390859504,"14,055",75% bullish,of 4 ratings,$20
DFRG,$14.165,1441390859581,"58,299",100% bearish,of 1 rating,$20
TACOW,$4.736,1441390859681,"2,900",100% bullish,of 1 rating,N/A
DCTH,$0.4868,1441390859710,"551,816",78% bullish,of 9 ratings,N/A
DELT,$2.05,1441390859766,860,Not yet rated,NULL,N/A
DGAS,$20.3,1441390859812,944,67% bearish,of 3 ratings,N/A
DENN,$11.24,1441390860007,"121,039",100% bullish,of 3 ratings,$15
DELTW,NULL,1441390860066,0,Not yet rated,NULL,N/A
DERM,$25.415,1441390860088,"11,375",100% bearish,of 1 rating,$33.50
XRAY,$51.09,1441390860163,"249,852",100% bullish,of 1 rating,$58
DEPO,$26.32,1441390860196,"135,257",60% bullish,of 5 ratings,$29
DSCI,$6.149,1441390860298,"48,384",50% bullish,of 2 ratings,$16
DEST,$10.27,1441390860426,"9,324",50% bullish,of 2 ratings,N/A
DXLG,$6.5,1441390860526,"75,923",100% bearish,of 1 rating,$8
DSWL,$1.5101,1441390860568,"4,400",100% bullish,of 1 rating,N/A
DXCM,$88,1441390860656,"123,429",57% bullish,of 7 ratings,$98
DXM,$0.2885,1441390860697,"44,169",50% bullish,of 2 ratings,N/A
DMND,$30.41,1441390860870,"21,346",75% bullish,of 12 ratings,$32
DHXM,$6.57,1441390860898,613,100% bearish,of 1 rating,N/A
DHIL,$188.95,1441390860928,500,Not yet rated,NULL,N/A
DCIX,$1.6024,1441390861025,"79,145",50% bullish,of 4 ratings,$3.50
FANG,$65.98,1441390861110,"249,914",50% bullish,of 2 ratings,$86
DGII,$10.1928,1441390861136,"6,906",100% bearish,of 1 rating,$11
DRNA,$10.795,1441390861303,"59,917",67% bearish,of 3 ratings,$25
DRAD,$3.75,1441390861352,"7,569",100% bullish,of 1 rating,$5.25
DMRC,$37.418,1441390861384,"11,170",100% bearish,of 1 rating,$44
APPS,$2.105,1441390861435,"28,531",100% bearish,of 1 rating,$10.25
DIOD,$22.7199,1441390861481,"192,980",75% bearish,of 4 ratings,$24
DCOM,$16.54,1441390861567,"20,383",100% bearish,of 2 ratings,$16
DGLY,$7.29,1441390861593,"19,703",50% bullish,of 6 ratings,$20
DPRX,$14.06,1441390861673,"11,105",100% bullish,of 2 ratings,$27.75
DISCA,$26.64,1441390861777,"516,160",67% bullish,of 3 ratings,$34
DISCB,NULL,1441390861846,0,100% bearish,of 1 rating,$35
DSCO,$0.4501,1441390861934,"163,605",83% bullish,of 6 ratings,$2.75
DISCK,$25.33,1441390861999,"394,064",100% bearish,of 1 rating,$32
DVCR,NULL,1441390862069,0,100% bullish,of 1 rating,N/A
DISH,$58.55,1441390862203,"441,687",69% bullish,of 13 ratings,$73
BAGR,$2.59,1441390862229,"9,508",100% bearish,of 1 rating,$6
DLHC,$2.4928,1441390862253,100,100% bearish,of 1 rating,N/A
DLTR,$67.79,1441390862284,"2,648,371",82% bullish,of 11 ratings,$85
DNBF,$26,1441390862305,600,Not yet rated,NULL,$27.50
DGICA,$13.74,1441390862441,"4,175",100% bearish,of 1 rating,$17
DGICB,NULL,1441390862533,0,100% bearish,of 1 rating,N/A
DMLP,$14.876,1441390862568,"6,490",100% bearish,of 1 rating,N/A
DORM,$50.1,1441390862669,"106,586",100% bearish,of 1 rating,$56
HILL,$9.69,1441390862694,"269,001",60% bearish,of 5 ratings,$9.75
DRWI,$0.202,1441390862742,"113,323",60% bullish,of 5 ratings,$.45
DRWIW,$0.0445,1441390862898,"7,100",Not yet rated,NULL,N/A
DWA,$20.51,1441390862958,"253,500",63% bullish,of 8 ratings,$26
DSKX,$3.2845,1441390862985,"28,294",100% bullish,of 1 rating,N/A
CADT,$10,1441390863114,400,Not yet rated,NULL,N/A
DRYS,$0.4479,1441390863139,"744,970",77% bullish,of 31 ratings,$.60
DSPG,$8.798,1441390863201,"9,966",100% bearish,of 1 rating,$13.50
CADTU,NULL,1441390863275,0,Not yet rated,NULL,N/A
CADTR,NULL,1441390863369,0,Not yet rated,NULL,N/A
DTSI,$27.07,1441390863403,"22,593",100% bearish,of 2 ratings,$39.50
DNKN,$48.705,1441390863433,"214,539",67% bullish,of 15 ratings,$56.50
DRRX,$2.06,1441390863538,"203,843",50% bullish,of 6 ratings,$3
CADTW,NULL,1441390863566,0,Not yet rated,NULL,N/A
DXPE,$29.64,1441390863644,"38,034",50% bullish,of 2 ratings,N/A
DYAX,$21.83,1441390863787,"165,253",89% bullish,of 9 ratings,$30
DYSL,$1.5205,1441390863836,"3,188",100% bullish,of 2 ratings,N/A
BOOM,$10.21,1441390863874,"53,739",67% bullish,of 3 ratings,$12
DVAX,$28.02,1441390863967,"60,888",70% bullish,of 10 ratings,$40
DYNT,$3.0601,1441390863993,400,75% bullish,of 4 ratings,N/A
ETFC,$25.21,1441390864122,"1,204,148",57% bullish,of 14 ratings,$32.50
EBMT,$11.5,1441390864149,300,Not yet rated,NULL,$13.50
EGBN,$40.84,1441390864200,"14,775",Not yet rated,NULL,$48
EGLE,$6.38,1441390864225,"17,756",60% bullish,of 5 ratings,N/A
EWBC,$38.61,1441390864387,"224,195",100% bearish,of 1 rating,$50
EROC,$1.4501,1441390864417,"96,991",50% bullish,of 2 ratings,$3
EGRX,$77.048,1441390864443,"60,966",67% bullish,of 3 ratings,$97
ELNK,$8.43,1441390864467,"172,019",60% bullish,of 5 ratings,$9.50
EACQU,NULL,1441390864687,0,Not yet rated,NULL,N/A
EVBS,$6.5001,1441390864719,"2,302",Not yet rated,NULL,$7
EBIX,$27.1426,1441390864862,"89,237",69% bullish,of 13 ratings,$40
EML,$16.22,1441390864890,"1,112",Not yet rated,NULL,N/A
EBAY,$26.34,1441390864947,"3,011,843",81% bullish,of 117 ratings,$34
ELON,$0.5975,1441390865154,"3,955",50% bullish,of 2 ratings,N/A
ECTE,$1.5,1441390865181,"7,407",75% bullish,of 4 ratings,N/A
ECHO,$22.67,1441390865202,"78,661",67% bearish,of 3 ratings,$34.50
ESES,$3.11,1441390865336,300,100% bearish,of 1 rating,$7
SATS,$43.52,1441390865366,"36,753",50% bullish,of 2 ratings,$60
EEI,$11.88,1441390865392,"1,351",67% bearish,of 3 ratings,N/A
ECACU,$10.1,1441390865469,5,Not yet rated,NULL,N/A
EDGW,$7.201,1441390865578,"2,412",100% bearish,of 1 rating,N/A
EDAP,$3.55,1441390865647,"6,858",60% bullish,of 5 ratings,$4.50
EFUT,$4.63,1441390865676,"2,000",Not yet rated,NULL,N/A
EGLT,$12.97,1441390865717,"17,654",50% bullish,of 2 ratings,$21
EDUC,$6.5399,1441390865814,"12,712",100% bearish,of 1 rating,N/A
EGAN,$3.6607,1441390865842,"1,300",50% bullish,of 2 ratings,$6.25
EHTH,$14.72,1441390865980,"26,410",50% bullish,of 4 ratings,$17
LOCO,$12.47,1441390866085,"206,847",69% bullish,of 13 ratings,$19.50
ERI,$9.25,1441390866228,"16,868",100% bearish,of 1 rating,$10
ESLT,$78.045,1441390866294,"1,082",67% bullish,of 3 ratings,N/A
ELRC,$10.47,1441390866362,"3,970",100% bearish,of 1 rating,N/A
EMITF,$1.211,1441390866391,"5,154",75% bullish,of 4 ratings,N/A
ESIO,$4.485,1441390866420,"78,440",50% bullish,of 2 ratings,$10
EFII,$42.69,1441390866470,"23,489",80% bullish,of 5 ratings,$55
EA,$65.99,1441390866500,"1,210,921",78% bullish,of 36 ratings,$80
ELSE,NULL,1441390866571,0,60% bullish,of 5 ratings,N/A
ELECU,NULL,1441390866764,0,Not yet rated,NULL,N/A
ELECW,NULL,1441390866898,0,Not yet rated,NULL,N/A
RDEN,$11.15,1441390867000,"17,016",100% bearish,of 4 ratings,$15
EBIO,$3.31,1441390867025,"94,857",100% bearish,of 2 ratings,$8.35
ELEC,NULL,1441390867091,0,Not yet rated,NULL,N/A
CAPX,NULL,1441390867170,0,Not yet rated,NULL,N/A
ESBK,$19.16,1441390867225,627,Not yet rated,NULL,N/A
EMCI,$21.47,1441390867353,"7,669",Not yet rated,NULL,N/A
ELTK,$1.3199,1441390867412,"8,382",67% bearish,of 3 ratings,N/A
EMKR,$6.7911,1441390867440,"34,108",75% bullish,of 4 ratings,$8.50
EMCF,NULL,1441390867511,0,100% bearish,of 1 rating,N/A
EMMS,$1.28,1441390867538,"14,482",67% bullish,of 6 ratings,N/A
EMMSP,NULL,1441390867566,0,100% bearish,of 1 rating,N/A
NYNY,$4.39,1441390867597,"14,227",50% bullish,of 2 ratings,N/A
LONG,$16.87,1441390867702,"11,616",67% bullish,of 3 ratings,$15.75
ERS,$3.52,1441390867759,"5,230",Not yet rated,NULL,N/A
ENTA,$39.15,1441390867909,"64,784",50% bullish,of 2 ratings,$42
ENDP,$72.23,1441390868010,"553,040",50% bullish,of 6 ratings,$101.50
ECPG,$37.39,1441390868076,"95,476",100% bullish,of 2 ratings,$52
WIRE,$32.13,1441390868108,"43,607",100% bearish,of 1 rating,$37
ECYT,$4.98,1441390868243,"91,612",83% bullish,of 6 ratings,$12
EFOI,$24.48,1441390868306,"249,129",50% bullish,of 2 ratings,$24.50
WATT,$6.85,1441390868335,"37,765",50% bullish,of 2 ratings,$13
ERII,$2.5599,1441390868365,"3,283",80% bullish,of 5 ratings,$2.50
ELGX,$12.8,1441390868391,"143,132",75% bullish,of 4 ratings,$17
EIGI,$14.77,1441390868416,"45,969",67% bearish,of 3 ratings,$22.50
ENOC,$8.77,1441390868548,"57,256",75% bullish,of 4 ratings,$18
EXXI,$1.8,1441390868576,"441,438",86% bullish,of 7 ratings,$3.50
ENG,$1.02,1441390868742,"4,343",100% bullish,of 3 ratings,N/A
ENPH,$4.49,1441390868805,"340,166",75% bullish,of 4 ratings,$10
ESGR,$150,1441390868875,"31,953",100% bearish,of 1 rating,$185
ENFC,$17.4,1441390868900,100,Not yet rated,NULL,N/A
ETRM,$0.2801,1441390869091,"267,215",69% bearish,of 35 ratings,$1.625
ENTG,$13.35,1441390869126,"83,357",100% bearish,of 1 rating,$18
ENTL,$21.41,1441390869152,"218,817",Not yet rated,NULL,$28
EBTC,$20.9,1441390869223,311,Not yet rated,NULL,N/A
EFSC,$23.63,1441390869249,"20,047",Not yet rated,NULL,$27
EGT,$2.06,1441390869386,150,100% bullish,of 1 rating,N/A
ENZN,$1.01,1441390869478,"58,308",100% bullish,of 9 ratings,N/A
ENVI,$1.8801,1441390869521,"608,785",67% bullish,of 3 ratings,N/A
ENZY,$10.28,1441390869546,"13,198",67% bullish,of 3 ratings,$9.50
EPIQ,$12.4201,1441390869571,"9,056",100% bearish,of 1 rating,$18
EPZM,$19.16,1441390869758,"171,270",60% bullish,of 5 ratings,$34
EPRS,$5.17,1441390869863,"12,920",82% bullish,of 11 ratings,$15
PLUS,$74,1441390869897,"40,634",50% bullish,of 2 ratings,$88
EAC,$3.47,1441390869927,"3,127",100% bearish,of 1 rating,$8
EQIX,$268.54,1441390869991,"257,733",75% bullish,of 4 ratings,$312.50
ERIE,$79.58,1441390870016,"3,251",Not yet rated,NULL,$73
EQFN,$7.79,1441390870047,"8,735",100% bearish,of 1 rating,N/A
ERIC,$9.52,1441390870072,"651,665",67% bullish,of 9 ratings,$12.20
ESCA,$17.81,1441390870229,"2,078",100% bearish,of 1 rating,$22
ESCR,$0.24,1441390870366,"244,253",50% bullish,of 2 ratings,N/A
ESCRP,$1.15,1441390870394,"5,948",100% bearish,of 1 rating,N/A
ESMC,$1.29,1441390870474,609,Not yet rated,NULL,N/A
ESPR,$43.5,1441390870536,"326,699",70% bearish,of 10 ratings,$115
EPIX,NULL,1441390870616,0,Not yet rated,NULL,N/A
ESSA,$12.8637,1441390870743,"1,580",100% bearish,of 1 rating,N/A
ESND,$33.6,1441390870779,"30,117",100% bearish,of 2 ratings,$40
ETSY,$13.98,1441390870810,"107,136",80% bullish,of 5 ratings,$16
ESSX,NULL,1441390870835,0,50% bullish,of 2 ratings,N/A
CLWT,$2.4692,1441390870864,500,100% bearish,of 1 rating,N/A
ESEA,$4.5901,1441390870967,"2,849",100% bullish,of 1 rating,$15
EEFT,$64.69,1441390871002,"51,465",100% bearish,of 1 rating,$67.50
EVEP,$7.8999,1441390871195,"223,024",50% bullish,of 2 ratings,$15
EVK,$3.57,1441390871220,201,75% bearish,of 4 ratings,N/A
EVOK,$3.59,1441390871260,"21,852",100% bearish,of 1 rating,$13.375
EVLV,$2.56,1441390871298,"32,364",60% bullish,of 5 ratings,$4.625
EVOL,$5.71,1441390871527,"6,147",75% bullish,of 4 ratings,$10
EXAC,$19.035,1441390871555,"13,570",100% bearish,of 1 rating,$22.50
EXA,$10.72,1441390871581,"14,517",100% bearish,of 1 rating,$13
EXEL,$5.4799,1441390871709,"1,367,028",81% bullish,of 16 ratings,$6
EXFO,$2.83,1441390871740,180,67% bearish,of 3 ratings,$3.95
EXPE,$110.69,1441390871770,"309,519",64% bullish,of 11 ratings,$130
EXAS,$20.78,1441390871795,"176,952",78% bullish,of 9 ratings,$31
EXLS,$35.86,1441390871843,"12,591",50% bullish,of 2 ratings,$41
EXPO,$42.25,1441390872054,"10,929",100% bearish,of 1 rating,$45.50
EXPD,$47.54,1441390872083,"980,990",80% bullish,of 5 ratings,$52
EXLP,$18.24,1441390872139,"37,608",100% bearish,of 1 rating,$25
ESRX,$82.71,1441390872183,"910,890",67% bearish,of 6 ratings,$101
EXTR,$3.15,1441390872283,"130,305",80% bullish,of 5 ratings,$3
EYEGW,NULL,1441390872408,0,Not yet rated,NULL,N/A
EZCH,$22.8001,1441390872436,"54,382",75% bullish,of 8 ratings,$19
EYEG,$3.89,1441390872479,"1,800",Not yet rated,NULL,N/A
FFIV,$118.69,1441390872505,"219,729",63% bullish,of 8 ratings,$132
FRP,$15.335,1441390872759,"16,997",100% bearish,of 1 rating,$18
FWM,$2.24,1441390872826,"21,650",100% bearish,of 2 ratings,$3.20
FALC,$1.69,1441390872897,"12,030",63% bearish,of 8 ratings,N/A
EZPW,$5.92,1441390872927,"42,055",50% bullish,of 4 ratings,$7
FB,$87.39,1441390872949,"10,342,866",73% bullish,of 1075 ratings,$111
FCS,$13.44,1441390872978,"297,587",67% bearish,of 3 ratings,$17
DAVE,$14.37,1441390873003,"8,289",100% bearish,of 1 rating,$15.50
FFKT,$25.72,1441390873278,"9,461",Not yet rated,NULL,$29
FARM,$22.754,1441390873336,"11,819",100% bearish,of 1 rating,$35
FAST,$37.411,1441390873361,"567,815",80% bullish,of 5 ratings,$43
FMNB,$8.29,1441390873413,"3,700",Not yet rated,NULL,N/A
FBSS,NULL,1441390873518,0,Not yet rated,NULL,N/A
FATE,$6.01,1441390873567,"3,166",50% bullish,of 2 ratings,$11
FBRC,$21.82,1441390873738,"5,533",100% bearish,of 1 rating,$29
FEIC,$74.4,1441390873769,"61,284",50% bullish,of 2 ratings,$95.50
FNHC,$21.63,1441390873810,"26,052",100% bearish,of 1 rating,$35
FENX,$9.51,1441390873841,"27,054",100% bullish,of 1 rating,$14.25
FHCO,$1.3899,1441390873871,"5,285",50% bullish,of 4 ratings,N/A
FDML,$8.2125,1441390873950,"121,053",50% bullish,of 4 ratings,$14
FCSC,$5.54,1441390873977,"27,380",100% bearish,of 1 rating,$8.125
FARO,$36.68,1441390874131,"29,710",50% bullish,of 2 ratings,$48
FGEN,$22.86,1441390874156,"63,932",100% bearish,of 1 rating,$39
ONEQ,$183.587,1441390874185,"12,797",100% bullish,of 1 rating,N/A
LION,$19.27,1441390874319,"22,591",100% bullish,of 1 rating,$20
FRGI,$51.11,1441390874407,"21,221",50% bullish,of 2 ratings,$70
FSAM,$7.15,1441390874539,"30,306",100% bearish,of 1 rating,$10.25
FDUS,$14.45,1441390874565,"17,824",50% bullish,of 2 ratings,$18
FSC,$6.5239,1441390874605,"190,821",60% bullish,of 5 ratings,$8
FITBI,$27.4999,1441390874717,"4,583",Not yet rated,NULL,N/A
FSFR,$8.8409,1441390874746,"22,031",100% bearish,of 1 rating,$11.50
FITB,$19.16,1441390874774,"1,284,073",54% bullish,of 13 ratings,$22
FSCFL,$24.6874,1441390874875,"1,400",Not yet rated,NULL,N/A
FNSR,$15.07,1441390875053,"278,693",71% bullish,of 7 ratings,$24
FISI,$24,1441390875078,"7,455",100% bullish,of 2 ratings,$24.50
FNJN,$1.69,1441390875108,"4,396",100% bearish,of 1 rating,$5
FNGN,$29.79,1441390875151,"87,010",67% bullish,of 3 ratings,$47
FNTC,NULL,1441390875306,0,Not yet rated,NULL,N/A
FNTCU,NULL,1441390875330,0,Not yet rated,NULL,N/A
FBNC,$16.85,1441390875463,"6,406",100% bullish,of 1 rating,$20
FEYE,$36.43,1441390875532,"2,282,762",88% bullish,of 16 ratings,$55.50
FNLC,$18.6445,1441390875565,"6,267",100% bullish,of 1 rating,N/A
BUSE,$6.2,1441390875594,"29,607",Not yet rated,NULL,$6.875
FRBA,NULL,1441390875660,0,Not yet rated,NULL,$8
FNTCW,NULL,1441390875693,0,Not yet rated,NULL,N/A
FBIZ,$22.44,1441390875802,"11,688",100% bearish,of 2 ratings,$26
FCVA,$4.758,1441390875854,100,Not yet rated,NULL,N/A
FCAP,$26.2001,1441390875943,314,Not yet rated,NULL,N/A
FCFS,$38.54,1441390876078,"23,914",100% bearish,of 3 ratings,$47
FCLF,$9.2,1441390876104,200,Not yet rated,NULL,N/A
FCNCA,$226.52,1441390876158,"1,493",Not yet rated,NULL,N/A
FCBC,$17.06,1441390876185,"4,694",Not yet rated,NULL,$18
FBNK,$16.01,1441390876399,"30,710",100% bearish,of 1 rating,$17.50
FCCO,$12.35,1441390876431,200,Not yet rated,NULL,$13.25
FCFP,$6.7,1441390876456,"2,216",Not yet rated,NULL,N/A
FDEF,$36.11,1441390876492,"1,970",Not yet rated,NULL,$38
FFNM,$6.3188,1441390876526,130,Not yet rated,NULL,N/A
FFBC,$18.01,1441390876560,"55,464",67% bearish,of 3 ratings,$20.25
FFBCW,NULL,1441390876625,0,100% bearish,of 1 rating,N/A
FFIN,$29.62,1441390876792,"29,865",50% bullish,of 2 ratings,$31.75
FFNW,$12.29,1441390876866,"11,221",Not yet rated,NULL,$14
THFF,$32.135,1441390876891,"9,032",Not yet rated,NULL,$35
FFWM,$21.3,1441390876964,"11,950",Not yet rated,NULL,$24
INBK,$28.55,1441390877064,"7,225",50% bullish,of 2 ratings,$37
FRME,$25.85,1441390877096,"30,685",Not yet rated,NULL,$26.50
FIBK,$26.12,1441390877197,"41,016",Not yet rated,NULL,$32
FMBH,$22.28,1441390877223,329,Not yet rated,NULL,N/A
FNFG,$9.01,1441390877259,"420,691",80% bullish,of 5 ratings,$9
FMBI,$17.18,1441390877286,"111,029",Not yet rated,NULL,$20
FNBC,$33.865,1441390877359,"21,819",Not yet rated,NULL,$40
FNWB,$12.1,1441390877392,"7,560",Not yet rated,NULL,N/A
FSFG,NULL,1441390877422,0,Not yet rated,NULL,N/A
FSGI,$2.48,1441390877484,"13,980",Not yet rated,NULL,N/A
FSLR,$46.74,1441390877696,"422,432",72% bullish,of 39 ratings,$65
FSBK,$7.8,1441390877721,"2,214",100% bullish,of 1 rating,N/A
BICK,$18.7,1441390877930,"2,800",100% bullish,of 1 rating,N/A
FBZ,$9.416,1441390877981,100,Not yet rated,NULL,N/A
FCA,$18.76,1441390878064,15,Not yet rated,NULL,N/A
FV,$22.8,1441390878115,"630,543",100% bearish,of 1 rating,N/A
FTSM,$59.95,1441390878166,"25,368",100% bearish,of 1 rating,N/A
FEMB,NULL,1441390878246,0,Not yet rated,NULL,N/A
FCAN,$24.0579,1441390878394,"1,066",Not yet rated,NULL,N/A
TDIV,$24.263,1441390878427,"31,506",100% bearish,of 1 rating,N/A
FEUZ,NULL,1441390878452,0,Not yet rated,NULL,N/A
FTCS,$35.518,1441390878481,"5,128",100% bearish,of 1 rating,N/A
IFV,$17.1301,1441390878586,"163,427",100% bearish,of 1 rating,N/A
FGM,$34.735,1441390878611,"2,360",Not yet rated,NULL,N/A
MDIV,$18.848,1441390878645,"94,498",Not yet rated,NULL,N/A
FTGC,$22.3394,1441390878785,"18,909",Not yet rated,NULL,N/A
FTHI,$19.15,1441390878915,602,Not yet rated,NULL,N/A
HYLS,$49.6408,1441390878948,"8,037",100% bearish,of 1 rating,N/A
FHK,$31.91,1441390879006,"1,572",Not yet rated,NULL,N/A
FPXI,$25.98,1441390879083,500,Not yet rated,NULL,N/A
SKYY,$28.0707,1441390879108,"30,164",100% bullish,of 1 rating,N/A
FJP,$44.372,1441390879159,"41,022",Not yet rated,NULL,N/A
CU,$12.25,1441390879186,"6,704",100% bearish,of 1 rating,N/A
YDIV,$16.0973,1441390879265,"2,642",Not yet rated,NULL,N/A
FTLB,$19.06,1441390879537,1,100% bearish,of 1 rating,N/A
LMBS,$50.35,1441390879566,400,Not yet rated,NULL,N/A
PLTM,$6.1304,1441390879642,754,100% bearish,of 1 rating,N/A
FMB,$51.3173,1441390879698,"1,149",Not yet rated,NULL,N/A
CIBR,$17.2417,1441390879724,"31,232",Not yet rated,NULL,N/A
QABA,$36.7199,1441390879776,"4,064",100% bearish,of 1 rating,N/A
FONE,$34.67,1441390879964,10,Not yet rated,NULL,N/A
QCLN,$14.91,1441390880096,"41,600",Not yet rated,NULL,N/A
CARZ,$33.6826,1441390880126,"4,610",100% bearish,of 1 rating,N/A
GRID,$30.99,1441390880177,"1,600",100% bearish,of 1 rating,N/A
QQEW,$40.7799,1441390880224,"20,415",Not yet rated,NULL,N/A
QQXT,$39.4742,1441390880356,"10,643",Not yet rated,NULL,N/A
AIRR,$16.2843,1441390880437,"3,216",100% bearish,of 1 rating,N/A
QTEC,$39.23,1441390880466,"23,944",Not yet rated,NULL,N/A
RDVY,$20.5069,1441390880599,"2,153",Not yet rated,NULL,N/A
QINC,NULL,1441390880627,0,Not yet rated,NULL,N/A
FKO,NULL,1441390880655,0,Not yet rated,NULL,N/A
FTSL,$48.853,1441390880728,"8,157",100% bearish,of 1 rating,N/A
FDIV,$47.03,1441390880946,"1,159",100% bearish,of 1 rating,N/A
FSZ,$38.002,1441390880976,"2,739",Not yet rated,NULL,N/A
FTW,$31.155,1441390880997,140,Not yet rated,NULL,N/A
TUSA,$24.46,1441390881026,"16,624",Not yet rated,NULL,N/A
FKU,$40.49,1441390881079,"41,543",Not yet rated,NULL,N/A
FUNC,NULL,1441390881211,0,Not yet rated,NULL,N/A
SVVC,$9.06,1441390881235,"11,507",50% bullish,of 2 ratings,$26
FISV,$83.82,1441390881470,"310,374",100% bearish,of 3 ratings,$90
FMER,$17.18,1441390881504,"258,038",50% bullish,of 2 ratings,$20
FPRX,$18.835,1441390881572,"67,246",50% bullish,of 2 ratings,$35
FSV,$32,1441390881602,"12,713",Not yet rated,NULL,$33.60
FIVE,$34.0401,1441390881631,"563,339",75% bearish,of 4 ratings,$43.50
FIVN,$3.6599,1441390881700,"33,281",100% bullish,of 1 rating,$8.50
FLML,$22.62,1441390881760,"50,966",50% bullish,of 2 ratings,$30
FLKS,$11.49,1441390882025,"21,466",50% bullish,of 2 ratings,$27
SKOR,$50.52,1441390882057,"1,500",Not yet rated,NULL,N/A
FLXN,$26.3,1441390882098,"21,547",100% bearish,of 1 rating,$40
FLXS,$30.98,1441390882130,"5,416",100% bearish,of 2 ratings,N/A
MBSD,$24.94,1441390882159,"1,399",Not yet rated,NULL,N/A
FLEX,$10.31,1441390882228,"461,552",63% bullish,of 8 ratings,$12
FLIR,$27.88,1441390882257,"307,125",100% bearish,of 2 ratings,$38.50
FLDM,$10.88,1441390882358,"54,554",67% bearish,of 3 ratings,$15
FFIC,$19.26,1441390882494,"13,467",Not yet rated,NULL,$20.50
FONR,$9.8,1441390882558,"12,563",100% bullish,of 1 rating,N/A
FOGO,$19.1,1441390882583,"29,110",50% bullish,of 2 ratings,$25.50
FES,$0.91,1441390882626,"4,862",50% bullish,of 2 ratings,$1
FOMX,$9.57,1441390882657,"32,477",50% bullish,of 2 ratings,$23.50
FORM,$6.565,1441390882734,"103,799",67% bullish,of 3 ratings,$10.50
FORTY,NULL,1441390882761,0,100% bearish,of 1 rating,N/A
FBIO,$2.57,1441390882952,"59,500",83% bullish,of 6 ratings,N/A
FORR,$30.76,1441390882979,"21,017",Not yet rated,NULL,N/A
FTNT,$41.62,1441390883000,"268,745",80% bullish,of 10 ratings,$52
FWP,$25.62,1441390883132,"28,067",100% bearish,of 1 rating,$45
FOSL,$59.76,1441390883164,"148,118",60% bearish,of 5 ratings,$80
FORD,$1.6,1441390883191,"950,423",67% bullish,of 3 ratings,N/A
FWRD,$43.75,1441390883212,"48,994",100% bearish,of 1 rating,$50
FMI,$23.2,1441390883344,"30,410",100% bearish,of 2 ratings,$27.50
FXCB,$17.155,1441390883408,"2,326",Not yet rated,NULL,$19
FOXF,$15.2074,1441390883550,"27,974",100% bearish,of 1 rating,$19
FRAN,$12.35,1441390883602,"255,425",50% bullish,of 4 ratings,$15
FREE,$0.353,1441390883732,"396,517",92% bullish,of 12 ratings,N/A
RAIL,$19.84,1441390883763,"29,840",100% bearish,of 1 rating,$24.50
FRED,$12.77,1441390883794,"31,227",50% bullish,of 2 ratings,$15.50
FELE,$27.509,1441390883825,"32,252",50% bullish,of 4 ratings,$33
FEIM,$11.16,1441390883860,"13,883",100% bearish,of 1 rating,N/A
FTR,$5.39,1441390883892,"5,059,827",78% bullish,of 27 ratings,$6.25
FRPT,$12.38,1441390883923,"88,270",67% bearish,of 3 ratings,$23.50
FTRPR,$105.96,1441390884080,"1,700",100% bearish,of 1 rating,N/A
FRPH,$30.66,1441390884140,"3,282",100% bearish,of 1 rating,N/A
FSYS,$6.39,1441390884278,"192,204",67% bullish,of 3 ratings,$8.50
FTD,$29.34,1441390884383,"14,258",100% bearish,of 1 rating,$40
FTEK,$2.03,1441390884422,"5,464",75% bullish,of 4 ratings,N/A
FCEL,$0.8801,1441390884456,"309,313",88% bullish,of 41 ratings,$2.65
FSBW,$22.97,1441390884485,200,Not yet rated,NULL,N/A
FULLL,$25.25,1441390884554,"2,500",Not yet rated,NULL,N/A
FULL,$3.13,1441390884582,"10,933",67% bearish,of 3 ratings,$4.25
FLL,$1.49,1441390884628,"4,658",75% bullish,of 4 ratings,$3.50
FFHL,$1.03,1441390884657,"2,009",50% bullish,of 4 ratings,N/A
FULT,$11.69,1441390884874,"170,011",100% bearish,of 1 rating,$13
GK,$66.76,1441390884964,"14,338",Not yet rated,NULL,$78
FXENP,$15.6,1441390885001,100,100% bearish,of 1 rating,N/A
FSNN,$2.0511,1441390885026,200,67% bullish,of 3 ratings,$6
FXEN,$0.9831,1441390885061,"18,091",75% bullish,of 4 ratings,$1.10
GAIA,$5.97,1441390885104,"8,617",50% bullish,of 2 ratings,$8.50
WILC,$4.85,1441390885194,"2,960",100% bullish,of 2 ratings,N/A
GLPG,$57.35,1441390885370,"5,869",100% bullish,of 1 rating,$75
GLMD,$8.0101,1441390885395,"10,370",67% bullish,of 3 ratings,$20.50
GALE,$1.5284,1441390885428,"500,210",89% bullish,of 47 ratings,$4
GALTU,NULL,1441390885448,0,100% bearish,of 1 rating,N/A
GALT,$2.1326,1441390885483,"46,564",80% bullish,of 5 ratings,N/A
GALTW,NULL,1441390885526,0,100% bullish,of 1 rating,N/A
GLPI,$30.56,1441390885582,"236,657",100% bearish,of 1 rating,$37.50
GPIC,$9.92,1441390885710,200,100% bearish,of 1 rating,N/A
GRMN,$36.5,1441390885736,"336,440",50% bullish,of 6 ratings,$46.50
GGAC,NULL,1441390885867,0,100% bearish,of 1 rating,N/A
GGACW,$0.1401,1441390886037,"1,700",Not yet rated,NULL,N/A
GGACR,$0.24,1441390886101,"23,800",100% bullish,of 1 rating,N/A
GENC,$9,1441390886127,200,100% bearish,of 1 rating,N/A
GNCMA,$16.95,1441390886161,"67,078",100% bearish,of 1 rating,$12
GFNCP,NULL,1441390886188,0,Not yet rated,NULL,N/A
GFN,$3.9,1441390886213,"6,471",100% bearish,of 2 ratings,$8
GARS,$14.64,1441390886256,"21,421",Not yet rated,NULL,$16
GFNSL,$25.597,1441390886281,"1,512",Not yet rated,NULL,N/A
GNMK,$9.5,1441390886525,"28,845",67% bullish,of 6 ratings,$14
GENE,$2.36,1441390886612,"30,724",100% bullish,of 12 ratings,N/A
GHDX,$25.05,1441390886656,"48,401",50% bullish,of 2 ratings,$30
GGACU,$10.27,1441390886682,300,Not yet rated,NULL,N/A
GNCA,$10.89,1441390886703,"52,437",100% bearish,of 1 rating,$20
GNTX,$15.75,1441390886838,"1,355,449",Not yet rated,NULL,$20
GEOS,$16.415,1441390886983,"64,956",100% bearish,of 3 ratings,$21
GTWN,$17.85,1441390887066,277,Not yet rated,NULL,N/A
GNVC,$2.5,1441390887116,"1,819",90% bullish,of 10 ratings,$8.50
GABC,$28.41,1441390887146,"6,841",Not yet rated,NULL,$31.50
GERN,$3.28,1441390887169,"1,418,985",88% bullish,of 17 ratings,$5.25
THRM,$44.6,1441390887203,"128,055",75% bearish,of 4 ratings,$55.50
ROCK,$16.34,1441390887247,"47,911",80% bullish,of 5 ratings,$24
GEVO,$2.25,1441390887301,"149,371",75% bullish,of 12 ratings,$5
GIGA,$1.32,1441390887436,"151,038",100% bearish,of 1 rating,N/A
GIGM,$0.5221,1441390887536,"11,595",100% bullish,of 2 ratings,N/A
GIII,$69,1441390887679,"163,855",67% bullish,of 3 ratings,$79
GILD,$101.771,1441390887739,"3,320,813",91% bullish,of 89 ratings,$129
GILT,$4.18,1441390887822,"3,400",50% bullish,of 2 ratings,N/A
GLAD,$8.7,1441390887882,"37,080",50% bullish,of 2 ratings,$8.75
GLADO,$25.57,1441390887911,"2,100",Not yet rated,NULL,N/A
GOOD,$13.97,1441390887932,"36,992",Not yet rated,NULL,$19
GBCI,$25.54,1441390887961,"55,128",50% bullish,of 2 ratings,$31
GOODO,NULL,1441390888091,0,Not yet rated,NULL,N/A
GAIN,$7.42,1441390888134,"43,719",100% bullish,of 2 ratings,$8.25
GOODP,$25.14,1441390888181,"1,600",Not yet rated,NULL,N/A
GAINN,$25.24,1441390888238,"41,110",Not yet rated,NULL,N/A
GOODN,$25.61,1441390888344,200,Not yet rated,NULL,N/A
GAINO,$25.1801,1441390888391,"1,225",Not yet rated,NULL,N/A
GAINP,$25.65,1441390888416,"3,539",Not yet rated,NULL,N/A
GBT,$52.5,1441390888644,"21,192",100% bearish,of 1 rating,N/A
LAND,$9.09,1441390888776,"7,562",50% bullish,of 2 ratings,$13.75
ENT,$10.99,1441390888810,"68,203",100% bearish,of 1 rating,$18
GLBZ,NULL,1441390888831,0,Not yet rated,NULL,N/A
GSOL,$8.27,1441390888852,"3,716",100% bearish,of 1 rating,N/A
GBLI,$26.8,1441390888905,"6,933",Not yet rated,NULL,N/A
GDEF,NULL,1441390888984,0,Not yet rated,NULL,N/A
ACTX,NULL,1441390889008,0,100% bullish,of 1 rating,N/A
QQQC,$18.0749,1441390889070,"1,405",100% bearish,of 1 rating,N/A
ALTY,NULL,1441390889234,0,Not yet rated,NULL,N/A
GPACU,NULL,1441390889298,0,Not yet rated,NULL,N/A
SOCL,$17.02,1441390889325,"14,388",100% bullish,of 2 ratings,N/A
SRET,$12.77,1441390889473,751,Not yet rated,NULL,N/A
GSM,$13.715,1441390889512,"143,015",50% bullish,of 2 ratings,$22
GAI,$6.15,1441390889540,"4,014",50% bullish,of 2 ratings,N/A
YLCO,$11.62,1441390889608,300,Not yet rated,NULL,N/A
GBIM,$2.7,1441390889673,"30,124",50% bullish,of 2 ratings,N/A
GLRI,$1.05,1441390889744,"19,850",100% bearish,of 1 rating,$4.25
GLBS,NULL,1441390889772,0,67% bullish,of 3 ratings,N/A
GLYC,$7,1441390889799,"2,761",50% bullish,of 2 ratings,$14
GLUU,$4.36,1441390889930,"370,724",92% bullish,of 26 ratings,$9
GOGO,$15.73,1441390890062,"159,533",80% bullish,of 5 ratings,$25
GMLP,$21.035,1441390890092,"49,422",50% bullish,of 4 ratings,$29
GLNG,$39.12,1441390890150,"431,117",83% bullish,of 6 ratings,$55.50
GLDC,$4.0393,1441390890197,322,50% bullish,of 2 ratings,N/A
GDEN,$8.965,1441390890333,700,50% bullish,of 2 ratings,N/A
GOGL,$2.95,1441390890440,"247,732",75% bullish,of 4 ratings,$5
GBDC,$17.01,1441390890502,"67,018",Not yet rated,NULL,$17.75
GTIM,$6.69,1441390890527,"5,270",Not yet rated,NULL,$11.50
GOOGL,$628.58,1441390890565,"528,211",88% bullish,of 1083 ratings,$749
GMAN,$3.68,1441390890665,"6,317",60% bullish,of 5 ratings,$8.50
GPRO,$37.305,1441390890692,"6,048,722",78% bullish,of 59 ratings,$72
GOOG,$599.2365,1441390890719,"555,998",86% bullish,of 74 ratings,$787.50
GPIAU,NULL,1441390890762,0,Not yet rated,NULL,N/A
GPIAW,NULL,1441390890952,0,Not yet rated,NULL,N/A
GPIA,NULL,1441390891002,0,100% bearish,of 1 rating,N/A
LOPE,$37.05,1441390891029,"89,174",100% bearish,of 2 ratings,$50
GBSNU,NULL,1441390891052,0,NULL,NULL,NULL
GBSN,$0.1571,1441390891073,"5,027,356",50% bullish,of 2 ratings,$8.25
GRVY,NULL,1441390891232,0,50% bullish,of 2 ratings,N/A
GLDD,$5.33,1441390891258,"55,103",100% bearish,of 4 ratings,$7.75
GNBC,$11.29,1441390891392,"2,468",100% bearish,of 1 rating,$16.50
GRBK,$11.68,1441390891433,"71,686",77% bullish,of 13 ratings,N/A
GSBC,$40.41,1441390891460,"13,517",100% bullish,of 1 rating,$44
GPP,$14.25,1441390891522,"7,310",Not yet rated,NULL,$20.50
GPRE,$19.66,1441390891549,"145,324",67% bullish,of 6 ratings,$28.50
GCBC,$28.85,1441390891572,"2,399",100% bullish,of 1 rating,N/A
GLRE,$24.17,1441390891748,"84,500",50% bullish,of 2 ratings,$34
GRIF,$32,1441390891913,"52,862",100% bearish,of 1 rating,N/A
GRFS,$30.73,1441390891940,"322,112",50% bullish,of 2 ratings,$35
GRPN,$4.22,1441390891969,"3,843,554",61% bullish,of 71 ratings,$6.75
GSIG,$12.76,1441390891999,"11,968",100% bearish,of 2 ratings,N/A
GGAL,$19.31,1441390892070,"44,046",80% bullish,of 5 ratings,$40
OMAB,$41.49,1441390892096,"15,155",100% bullish,of 1 rating,$44
GSVC,$8.79,1441390892228,"11,202",50% bullish,of 2 ratings,$15.75
GSIT,$4.59,1441390892300,"9,067",100% bearish,of 1 rating,N/A
GBNK,$15.705,1441390892380,"5,574",100% bearish,of 1 rating,$18
GFED,NULL,1441390892456,0,Not yet rated,NULL,$17
GTXI,$0.9,1441390892515,"26,724",100% bullish,of 5 ratings,$.75
GUID,$6.71,1441390892549,"14,891",100% bearish,of 3 ratings,$10
GIFI,$12.18,1441390892650,"27,150",100% bearish,of 1 rating,$16
GURE,$1.65,1441390892677,"21,600",88% bullish,of 8 ratings,N/A
GULTU,$0.319,1441390892703,"6,000",100% bearish,of 1 rating,N/A
GWPH,$101.68,1441390892832,"51,024",78% bullish,of 9 ratings,$148.50
GWGH,$7.88,1441390892887,207,100% bearish,of 1 rating,$15.05
GYRO,$30.51,1441390892912,970,100% bearish,of 1 rating,N/A
GPOR,$32.65,1441390892939,"625,827",75% bullish,of 4 ratings,$54
HLG,NULL,1441390893134,0,100% bearish,of 1 rating,N/A
HNRG,$7.21,1441390893161,"33,888",100% bearish,of 1 rating,$10
HEES,$18.62,1441390893224,"148,314",67% bearish,of 3 ratings,$31
HALO,$16.77,1441390893310,"235,460",67% bullish,of 3 ratings,$22.50
HMPR,$1.86,1441390893407,"9,551",100% bullish,of 1 rating,N/A
HALL,$11.5199,1441390893438,"7,009",Not yet rated,NULL,N/A
HBK,NULL,1441390893463,0,50% bullish,of 2 ratings,N/A
HBHC,$27.09,1441390893672,"198,194",50% bullish,of 2 ratings,$30
HNH,$26.02,1441390893739,"9,177",100% bullish,of 1 rating,N/A
HNSN,$0.5378,1441390893765,"36,825",88% bullish,of 8 ratings,$.40
HBHCL,$24.4,1441390893793,"9,063",Not yet rated,NULL,N/A
HAFC,$23.72,1441390893824,"37,345",100% bullish,of 2 ratings,$28.50
HQCL,$12.46,1441390893845,"5,294",67% bullish,of 3 ratings,$14
HDNG,$10.385,1441390893873,"7,122",50% bullish,of 4 ratings,N/A
HLIT,$5.62,1441390894039,"71,613",100% bearish,of 1 rating,$6.50
HRMN,NULL,1441390894126,0,Not yet rated,NULL,N/A
TINY,$2.47,1441390894206,"13,001",50% bullish,of 2 ratings,$5.26
HRMNW,NULL,1441390894230,0,Not yet rated,NULL,N/A
HRMNU,$10.209,1441390894255,100,Not yet rated,NULL,N/A
HART,$1.2532,1441390894437,"77,249",100% bearish,of 1 rating,N/A
HBIO,$4.33,1441390894462,"13,225",100% bearish,of 1 rating,$10
HCAP,$11.98,1441390894490,"4,140",50% bullish,of 2 ratings,$15
HWBK,$13.68,1441390894622,322,100% bearish,of 1 rating,N/A
HAS,$75.84,1441390894650,"445,335",63% bullish,of 8 ratings,$84.50
HWKN,$38.15,1441390894678,"12,452",Not yet rated,NULL,N/A
HCAPL,$25.11,1441390894698,"3,800",Not yet rated,NULL,N/A
HA,$23.405,1441390894843,"155,331",67% bullish,of 9 ratings,$27
HCOM,$21.26,1441390894919,"2,031",100% bearish,of 1 rating,$28
HAYN,$37.68,1441390894966,"14,593",100% bearish,of 1 rating,$59
HDS,$32.05,1441390895022,"802,848",100% bearish,of 2 ratings,$39.50
HCSG,$32.51,1441390895166,"45,582",50% bullish,of 4 ratings,$35
HIIQ,$4.74,1441390895194,700,50% bullish,of 2 ratings,$7
HSTM,$24.19,1441390895384,"15,401",50% bullish,of 2 ratings,$33.75
HTLD,$20.28,1441390895415,"116,745",Not yet rated,NULL,$22.50
HTLF,$35.4,1441390895444,"14,367",100% bullish,of 1 rating,$39.50
HWAY,$11.56,1441390895515,"143,455",100% bearish,of 1 rating,$15
HTWR,$64.055,1441390895547,"176,760",50% bullish,of 2 ratings,$102.50
HQY,$29.17,1441390895718,"57,834",67% bullish,of 3 ratings,$35
HTBX,$3.84,1441390895747,"45,815",50% bullish,of 2 ratings,$15.50
HELE,$83.555,1441390895776,"43,610",67% bearish,of 3 ratings,$100
HMNY,NULL,1441390895818,0,100% bearish,of 1 rating,N/A
HSII,$20.14,1441390895876,"7,242",100% bullish,of 3 ratings,$25
HMTV,$13.32,1441390895977,"1,213",100% bearish,of 1 rating,$16
HCACU,$9.98,1441390896118,"2,790",Not yet rated,NULL,N/A
HNNA,$24.55,1441390896151,"1,611",Not yet rated,NULL,N/A
HERO,NULL,1441390896247,0,NULL,NULL,NULL
HSIC,$132.72,1441390896272,"64,124",83% bullish,of 6 ratings,$146
HTBK,$10.56,1441390896426,"17,594",Not yet rated,NULL,$12
HEOP,$7.8,1441390896503,"19,143",Not yet rated,NULL,$8.50
HFWA,$17.81,1441390896571,"145,189",100% bullish,of 1 rating,$20
HCCI,$11.58,1441390896601,"2,355",100% bearish,of 1 rating,$16.50
HSKA,$32.2311,1441390896630,"15,578",100% bearish,of 1 rating,$38
HFFC,$15.76,1441390896657,200,Not yet rated,NULL,N/A
HRTX,$37.2658,1441390896678,"303,849",57% bullish,of 7 ratings,$41
MLHR,$26.995,1441390896709,"82,457",50% bullish,of 2 ratings,$33.50
HIFS,$110.32,1441390897054,"1,584",Not yet rated,NULL,N/A
HIHO,$4.3,1441390897110,"32,040",Not yet rated,NULL,N/A
HIBB,$38.61,1441390897135,"60,339",100% bearish,of 1 rating,$46.50
HPJ,$2.135,1441390897161,"18,929",75% bullish,of 4 ratings,$12.43
HIMX,$7.18,1441390897190,"663,283",86% bullish,of 21 ratings,$8.25
HMSY,$9.97,1441390897288,"355,016",67% bullish,of 3 ratings,$19.35
HSGX,$5.85,1441390897381,"2,125",100% bearish,of 1 rating,$17
HMNF,$11.3,1441390897445,300,Not yet rated,NULL,N/A
HOLX,$38.34,1441390897472,"1,014,096",50% bullish,of 4 ratings,$42
HOMB,$37.17,1441390897625,"30,175",Not yet rated,NULL,$42
HFBL,$22.97,1441390897655,"4,294",Not yet rated,NULL,N/A
HBCP,$24.8,1441390897689,"2,375",Not yet rated,NULL,$29
HOLI,$16.5,1441390897715,"73,678",50% bullish,of 4 ratings,$27
AWAY,$27.79,1441390897762,"216,980",67% bullish,of 3 ratings,$36
HMST,$21.93,1441390897847,"28,598",100% bullish,of 2 ratings,$27
HMIN,$24.85,1441390897895,"83,714",100% bearish,of 2 ratings,$35
HTBI,$17.99,1441390898128,"10,295",67% bullish,of 3 ratings,$18.625
HKTV,$4.15,1441390898230,"89,236",100% bearish,of 1 rating,N/A
HRZN,$10.32,1441390898260,"14,527",50% bullish,of 2 ratings,$14.25
HOFT,$22.94,1441390898292,"18,306",100% bearish,of 1 rating,N/A
CETC,$0.7594,1441390898324,"53,472",86% bullish,of 7 ratings,N/A
HBNC,$23.45,1441390898394,"5,945",100% bullish,of 1 rating,$27
HFBC,$11,1441390898422,"8,770",Not yet rated,NULL,N/A
ZINC,$7.12,1441390898449,"191,458",100% bearish,of 1 rating,$17
HZNP,$29,1441390898584,"791,846",85% bullish,of 20 ratings,$40
HDP,$23.37,1441390898685,"148,322",67% bearish,of 3 ratings,$30.50
HBMD,$13.8,1441390898814,"2,489",100% bearish,of 1 rating,N/A
HOVNP,$3.8155,1441390898845,"20,870",100% bearish,of 1 rating,N/A
HMHC,$22.5,1441390898872,"107,105",Not yet rated,NULL,$27
HWCC,$7.61,1441390898914,"26,125",100% bearish,of 1 rating,$9
HSNI,$59.03,1441390898940,"61,589",Not yet rated,NULL,$80
HTGM,$5.84,1441390899004,"2,899",100% bearish,of 1 rating,$19.50
HCBK,$9.24,1441390899179,"438,714",83% bullish,of 6 ratings,$8.61
HSON,$2.72,1441390899209,"3,700",100% bearish,of 1 rating,$5
HUBG,$37.92,1441390899277,"37,350",100% bearish,of 1 rating,$43
HDSN,$2.98,1441390899311,"12,210",100% bullish,of 1 rating,$6.25
HURN,$72.43,1441390899387,"23,877",50% bullish,of 2 ratings,$80
HURC,$29.82,1441390899416,"4,127",100% bearish,of 1 rating,N/A
HBANP,$1353.3,1441390899446,20,100% bearish,of 1 rating,N/A
HBAN,$10.48,1441390899522,"1,749,584",76% bullish,of 17 ratings,$12.29
HBP,$3.1394,1441390899836,600,100% bullish,of 1 rating,N/A
HTCH,$1.48,1441390899863,"7,925",100% bearish,of 1 rating,$3.50
HDRA,NULL,1441390899887,0,Not yet rated,NULL,N/A
HDRAU,NULL,1441390899916,0,Not yet rated,NULL,N/A
HDRAW,NULL,1441390899997,0,Not yet rated,NULL,N/A
HYGS,$8.451,1441390900050,"7,805",50% bullish,of 2 ratings,$13
IDSY,$3.74,1441390900203,"26,602",100% bearish,of 1 rating,$7
IACI,$68.8,1441390900258,"162,633",80% bullish,of 5 ratings,$90
IBKC,$59.34,1441390900288,"30,031",100% bullish,of 1 rating,$70
IKGH,$1.54,1441390900352,"9,600",75% bullish,of 4 ratings,N/A
IEP,$67.627,1441390900387,"50,056",75% bullish,of 4 ratings,$99
ICAD,$3.78,1441390900417,"4,233",50% bullish,of 2 ratings,$7.25
HDRAR,NULL,1441390900522,0,Not yet rated,NULL,N/A
ICFI,$33.46,1441390900589,"9,604",50% bullish,of 2 ratings,$48.50
ICLR,$75.59,1441390900655,"104,397",100% bearish,of 3 ratings,$85
ICON,$13.25,1441390900747,"193,647",50% bullish,of 2 ratings,$18.50
ICUI,$108.74,1441390900942,"31,656",Not yet rated,NULL,$122
INVE,$4.49,1441390901003,"18,615",75% bullish,of 4 ratings,$4
IDRA,$2.755,1441390901051,"331,409",89% bullish,of 9 ratings,$6.50
IRG,$5.2,1441390901116,"24,015",100% bearish,of 1 rating,$4.25
IPWR,$7.39,1441390901150,"3,524",100% bullish,of 1 rating,$15
IDXX,$72.11,1441390901176,"124,734",100% bearish,of 1 rating,$76
DSKY,$10.27,1441390901218,"63,224",67% bullish,of 6 ratings,$11.50
RXDX,$14.925,1441390901310,"103,136",100% bullish,of 1 rating,$20
IROQ,$16.8,1441390901357,231,100% bullish,of 1 rating,N/A
IIVI,$16.62,1441390901457,"55,202",100% bearish,of 1 rating,$22
KANG,$14.8,1441390901502,"224,759",50% bullish,of 2 ratings,$23.10
IKAN,$2.73,1441390901619,"8,896",83% bullish,of 6 ratings,$5
IKNX,$12,1441390901754,"1,050",100% bearish,of 1 rating,N/A
IMMR,$12.03,1441390901893,"52,293",80% bullish,of 5 ratings,$15.50
ICCC,$7.03,1441390901926,"4,652",100% bullish,of 1 rating,N/A
ILMN,$193.2,1441390901995,"252,523",80% bullish,of 5 ratings,$245
IMNP,$1.29,1441390902022,"23,074",50% bullish,of 2 ratings,$6
IMDZ,$14.69,1441390902051,"21,287",100% bearish,of 1 rating,$33
ISNS,$4.16,1441390902079,"3,700",50% bullish,of 2 ratings,N/A
IMMU,$2.09,1441390902186,"183,406",86% bullish,of 7 ratings,$2
IMGN,$13.21,1441390902247,"280,421",75% bullish,of 4 ratings,$17.50
IPXL,$39.85,1441390902379,"112,136",67% bullish,of 3 ratings,$46.50
IMMY,$7.6,1441390902431,"1,703",100% bearish,of 1 rating,$11
SAAS,$7.06,1441390902457,"84,244",50% bullish,of 2 ratings,$15
INCR,$41.62,1441390902487,"122,914",50% bullish,of 2 ratings,$53
INDB,$43.69,1441390902590,"12,930",Not yet rated,NULL,$44
INCY,$114.16,1441390902627,"371,042",50% bullish,of 6 ratings,$125.50
IBTX,$39.401,1441390902872,"8,063",100% bullish,of 2 ratings,$47.25
IDSA,$3.49,1441390902899,"1,561",Not yet rated,NULL,N/A
IBCP,$14,1441390902946,"23,326",100% bullish,of 1 rating,$14.50
INFN,$21.4,1441390902973,"381,729",71% bullish,of 7 ratings,$28
INFI,$8.59,1441390903050,"106,770",50% bullish,of 4 ratings,$16.50
IPCC,$74.18,1441390903110,"4,325",Not yet rated,NULL,$77.50
IFON,$1.28,1441390903194,"13,450",75% bullish,of 4 ratings,N/A
IMKTA,$49.54,1441390903327,"24,700",100% bearish,of 1 rating,N/A
INOD,$2.3672,1441390903392,"1,540",100% bearish,of 1 rating,N/A
III,$3.75,1441390903480,"7,454",57% bullish,of 7 ratings,$6
IPHS,$46.02,1441390903508,"26,503",100% bearish,of 1 rating,$60
IOSP,$48.8,1441390903535,"50,974",100% bearish,of 1 rating,N/A
INWK,$6.83,1441390903562,"16,916",50% bullish,of 2 ratings,$10
INNL,NULL,1441390903760,0,100% bearish,of 1 rating,$16.50
ISSC,$2.79,1441390903788,"3,293",67% bearish,of 3 ratings,N/A
INGN,$50.8,1441390903833,"49,528",100% bearish,of 1 rating,$50.50
ITEK,$12.34,1441390903927,"148,718",100% bearish,of 3 ratings,$20
INO,$6.965,1441390903974,"303,168",89% bullish,of 18 ratings,$20
NSIT,$24.53,1441390904003,"38,557",50% bullish,of 2 ratings,N/A
INOV,$21,1441390904024,"177,456",100% bearish,of 1 rating,$33
ISIG,$2.64,1441390904264,"4,871",100% bearish,of 1 rating,N/A
INSM,$23.92,1441390904297,"106,430",71% bullish,of 7 ratings,$31.50
PODD,$27.89,1441390904326,"80,019",67% bearish,of 3 ratings,$35
IIIN,$17.15,1441390904347,"9,516",100% bearish,of 2 ratings,N/A
INSY,$34,1441390904407,"207,882",75% bullish,of 4 ratings,$48
IDTI,$18.73,1441390904491,"500,324",60% bullish,of 5 ratings,$25
NTEC,$5.5112,1441390904520,"1,850",100% bearish,of 1 rating,N/A
IART,$61.79,1441390904545,"117,942",100% bearish,of 2 ratings,$71.50
IESC,$7.11,1441390904718,100,100% bearish,of 1 rating,N/A
INTC,$28.477,1441390904745,"9,479,779",82% bullish,of 238 ratings,$36
ISSI,$21.71,1441390904879,"35,588",67% bullish,of 3 ratings,$19.75
IBKR,$37.01,1441390905008,"198,169",100% bullish,of 1 rating,N/A
IPCI,$2.24,1441390905091,"4,500",67% bullish,of 6 ratings,$8
IQNT,$18.8,1441390905178,"112,592",86% bullish,of 7 ratings,$20
IPAR,$24.7,1441390905209,"21,842",67% bullish,of 3 ratings,$38
ININ,$35.395,1441390905236,"15,082",67% bearish,of 3 ratings,$57
ICPT,$182.245,1441390905265,"41,180",70% bullish,of 10 ratings,$359.50
ICLDW,$1.05,1441390905310,425,100% bearish,of 1 rating,N/A
ICLD,$1.9754,1441390905365,"818,305",75% bullish,of 4 ratings,N/A
TILE,$24.11,1441390905440,"82,267",100% bearish,of 3 ratings,$27
IDCC,$48.13,1441390905633,"64,569",80% bullish,of 5 ratings,$63
INAP,$9.21,1441390905677,"76,450",75% bullish,of 4 ratings,$11
IMI,$1.99,1441390905764,"4,827",67% bullish,of 3 ratings,$2.22
IBOC,$24.7,1441390905847,"63,232",100% bearish,of 1 rating,N/A
ISCA,$32.08,1441390905979,"27,101",100% bearish,of 1 rating,N/A
PTNT,$2.91,1441390906044,300,Not yet rated,NULL,N/A
IGLD,$7.26,1441390906072,974,50% bullish,of 2 ratings,N/A
INPH,$0.2902,1441390906148,"5,471",50% bullish,of 2 ratings,N/A
INTX,$1.97,1441390906201,"15,418",67% bullish,of 3 ratings,N/A
IIJI,$8.6996,1441390906227,100,50% bullish,of 2 ratings,$12.50
IILG,$19.31,1441390906255,"34,782",100% bearish,of 1 rating,$29
XENT,$24.88,1441390906292,"37,790",50% bullish,of 2 ratings,$36.50
ISIL,$10.35,1441390906547,"333,528",50% bullish,of 6 ratings,$15
INTLL,$25.993,1441390906572,"1,580",Not yet rated,NULL,N/A
IVAC,$4.61,1441390906601,"14,658",100% bearish,of 1 rating,$6.625
INTL,$25.47,1441390906709,"24,239",67% bearish,of 3 ratings,N/A
IIN,$6.9,1441390906817,200,100% bearish,of 1 rating,$12
ITCI,$26.45,1441390906880,"154,980",75% bearish,of 4 ratings,$40
INTU,$85.11,1441390906958,"707,261",86% bullish,of 7 ratings,$107.50
INVT,$0.33,1441390906984,"91,670",67% bullish,of 3 ratings,N/A
ISRG,$506.88,1441390907040,"45,036",67% bullish,of 3 ratings,$600
ISTR,$15.74,1441390907067,404,100% bearish,of 1 rating,$18.50
SNAK,$8.28,1441390907114,"27,971",50% bullish,of 2 ratings,$14
ISBC,$11.615,1441390907202,"823,968",100% bullish,of 1 rating,$13.25
IVTY,$14.01,1441390907346,"14,601",Not yet rated,NULL,$18
NVIV,$9.51,1441390907401,"34,609",50% bullish,of 4 ratings,$24.50
IPAS,$1.07,1441390907537,"17,647",67% bullish,of 3 ratings,N/A
ITIC,$70.11,1441390907670,402,100% bearish,of 2 ratings,N/A
DTUL,$64.7,1441390907742,802,Not yet rated,NULL,N/A
IPCM,$79.12,1441390907828,"112,404",50% bullish,of 2 ratings,$80.125
DFVL,$66.28,1441390907899,600,Not yet rated,NULL,N/A
IRMD,$24.12,1441390907927,"14,050",67% bearish,of 3 ratings,$25
IRIX,$6.83,1441390907956,"5,274",100% bearish,of 1 rating,N/A
IRDMB,$269.01,1441390907982,100,67% bearish,of 3 ratings,N/A
IPGP,$81,1441390908008,"81,294",67% bearish,of 3 ratings,$109.50
IRDM,$6.865,1441390908111,"180,466",60% bullish,of 5 ratings,$11.50
IRWD,$10.98,1441390908275,"510,124",100% bearish,of 1 rating,$13
IRBT,$29.59,1441390908405,"69,994",67% bullish,of 6 ratings,$37
COMT,$33.106,1441390908433,"3,960",100% bearish,of 1 rating,N/A
IRCP,NULL,1441390908454,0,100% bullish,of 2 ratings,N/A
FCHI,NULL,1441390908580,0,NULL,NULL,NULL
GNMA,$50.1702,1441390908660,"1,302",Not yet rated,NULL,N/A
IFNA,NULL,1441390908707,0,NULL,NULL,NULL
IFEU,$37.22,1441390908792,"68,041",Not yet rated,NULL,N/A
IFAS,NULL,1441390908817,0,NULL,NULL,NULL
IFGL,$27.28,1441390908851,"36,285",Not yet rated,NULL,N/A
ACWI,$53.85,1441390908872,"733,427",Not yet rated,NULL,N/A
ACWX,$39.0355,1441390908951,"396,349",100% bearish,of 1 rating,N/A
AAIT,NULL,1441390909048,0,NULL,NULL,NULL
AXJS,NULL,1441390909145,0,NULL,NULL,NULL
EEMA,$47.8853,1441390909232,"45,504",Not yet rated,NULL,N/A
EMDI,NULL,1441390909275,0,NULL,NULL,NULL
AAXJ,$50.82,1441390909376,"444,803",Not yet rated,NULL,N/A
EMEY,NULL,1441390909402,0,NULL,NULL,NULL
EGRW,NULL,1441390909426,0,NULL,NULL,NULL
EEME,NULL,1441390909444,0,NULL,NULL,NULL
EVAL,NULL,1441390909502,0,NULL,NULL,NULL
EEML,$26.5684,1441390909602,460,Not yet rated,NULL,N/A
IEUS,$44.46,1441390909770,622,100% bearish,of 1 rating,N/A
UAE,$17.361,1441390909799,"1,300",Not yet rated,NULL,N/A
QAT,$20.9,1441390909824,"2,582",Not yet rated,NULL,N/A
IBB,$335.165,1441390909849,"581,678",63% bullish,of 8 ratings,N/A
EUFN,$20.86,1441390909902,"56,934",100% bearish,of 1 rating,N/A
SOXX,$81.19,1441390910105,"170,170",50% bullish,of 2 ratings,N/A
INDY,$25.935,1441390910140,"136,905",50% bullish,of 2 ratings,N/A
ICLN,$9.0606,1441390910204,"11,066",50% bullish,of 2 ratings,N/A
EMIF,$27.5,1441390910236,"2,222",Not yet rated,NULL,N/A
WOOD,$46.88,1441390910311,"1,503",50% bullish,of 2 ratings,N/A
IGOV,$91.01,1441390910338,"32,484",100% bearish,of 1 rating,N/A
ISHG,$79.535,1441390910363,"20,607",100% bearish,of 1 rating,N/A
ISLE,$18.9411,1441390910515,"146,425",50% bullish,of 4 ratings,$17
ISRL,$122.2,1441390910544,72,100% bearish,of 1 rating,N/A
ISIS,$51.72,1441390910683,"363,602",53% bullish,of 15 ratings,$67
ITRI,$28.74,1441390910710,"53,853",100% bearish,of 1 rating,$37
ITRN,$23.95,1441390910735,"3,096",50% bullish,of 2 ratings,N/A
ITUS,$3.899,1441390910940,"1,700",Not yet rated,NULL,N/A
IXYS,$11.4256,1441390910977,"63,896",50% bullish,of 4 ratings,N/A
XXIA,$15.17,1441390911043,"104,484",71% bullish,of 7 ratings,$14.625
MAYS,NULL,1441390911069,0,Not yet rated,NULL,N/A
JBHT,$74.41,1441390911105,"594,640",50% bullish,of 4 ratings,$89.50
JJSF,$115.09,1441390911200,"12,734",100% bearish,of 1 rating,N/A
JCOM,$66.5999,1441390911247,"30,009",100% bullish,of 2 ratings,$77
JASO,$7.99,1441390911342,"163,681",82% bullish,of 17 ratings,$10
JKHY,$66.12,1441390911387,"41,992",67% bearish,of 3 ratings,$72
JACK,$77.51,1441390911475,"79,792",71% bullish,of 7 ratings,$105
JAXB,NULL,1441390911515,0,100% bullish,of 1 rating,N/A
JAGX,$3.16,1441390911541,920,Not yet rated,NULL,$10.50
JXSB,$24.23,1441390911607,100,Not yet rated,NULL,N/A
JRVR,$27.73,1441390911827,"20,213",Not yet rated,NULL,$32
JAKK,$9.67,1441390911859,"185,570",60% bearish,of 5 ratings,$11
JMBA,$14.25,1441390911884,"42,286",75% bullish,of 4 ratings,$18
ERW,NULL,1441390911956,0,Not yet rated,NULL,N/A
JAZZ,$160.5,1441390912032,"142,871",80% bullish,of 15 ratings,$206.50
JASN,$4.8699,1441390912066,"1,373",50% bullish,of 2 ratings,$9.50
JASNW,NULL,1441390912086,0,50% bullish,of 2 ratings,N/A
JD,$22.85,1441390912160,"4,342,802",75% bullish,of 16 ratings,$36
JTPY,$3,1441390912327,367,100% bearish,of 1 rating,N/A
JBLU,$23.57,1441390912373,"2,355,304",94% bullish,of 18 ratings,$27
DATE,$6.07,1441390912519,"49,644",75% bullish,of 4 ratings,$9
JST,$3.6,1441390912545,"6,911",75% bullish,of 4 ratings,N/A
WYIGU,$9.98,1441390912566,"2,000",100% bearish,of 1 rating,N/A
JIVE,$4.64,1441390912600,"252,207",75% bullish,of 4 ratings,$5
JCTCF,NULL,1441390912620,0,100% bullish,of 1 rating,N/A
JOEZ,$0.1711,1441390912816,"86,199",92% bullish,of 12 ratings,N/A
JBSS,$51.08,1441390912918,"13,860",67% bearish,of 3 ratings,N/A
KTWO,$20.31,1441390912946,"14,912",100% bearish,of 1 rating,$28.50
JNP,$13.45,1441390912977,"74,791",100% bullish,of 3 ratings,$15
JUNO,$35.14,1441390913011,"235,843",73% bullish,of 11 ratings,$67
JOUT,$23.39,1441390913032,685,100% bearish,of 1 rating,$34
KBIO,$4.043,1441390913121,"7,200,875",50% bullish,of 4 ratings,N/A
KALU,$82.34,1441390913257,"42,239",67% bearish,of 3 ratings,$91
KNDI,$6.17,1441390913393,"87,643",86% bullish,of 22 ratings,N/A
KMDA,NULL,1441390913454,0,50% bullish,of 2 ratings,$8
KBSF,NULL,1441390913484,0,100% bullish,of 1 rating,N/A
KCLI,$46.227,1441390913505,"7,757",Not yet rated,NULL,N/A
KPTI,$13.7584,1441390913584,"99,482",67% bearish,of 3 ratings,$39
KRNY,$11.265,1441390913669,"110,052",100% bearish,of 1 rating,$12.50
KELYA,$14.23,1441390913695,"14,847",67% bullish,of 6 ratings,$20
KELYB,NULL,1441390913769,0,50% bullish,of 2 ratings,N/A
KFFB,NULL,1441390913903,0,100% bearish,of 1 rating,N/A
KCAP,$4.72,1441390913925,"30,326",75% bullish,of 4 ratings,$6
KMPH,$20.27,1441390913960,"6,290",100% bearish,of 2 ratings,$22
KERX,$4.82,1441390913989,"2,506,344",82% bullish,of 11 ratings,$12
KEQU,NULL,1441390914067,0,100% bullish,of 1 rating,N/A
GMCR,$57.35,1441390914096,"785,423",71% bullish,of 42 ratings,$64
