Symbol,Price,Date,Volume,Rating,RatingVoteCount,OneYearEstimate
FCTY,$7.74,1441224602567,990,100% bullish,of 1 rating,$8.50
TFSC,NULL,1441224602648,0,100% bearish,of 1 rating,N/A
TFSCU,NULL,1441224602695,0,Not yet rated,NULL,N/A
TFSCR,NULL,1441224602725,0,Not yet rated,NULL,N/A
FLWS,$8.49,1441224602755,"219,496",80% bullish,of 5 ratings,$15
FCCY,$11.74,1441224602780,150,100% bullish,of 1 rating,$13
PIH,NULL,1441224602837,0,100% bearish,of 1 rating,N/A
TFSCW,NULL,1441224602865,0,100% bearish,of 1 rating,N/A
SRCE,$29.73,1441224602970,"21,119",100% bullish,of 3 ratings,$33
VNET,$16.58,1441224602998,"356,214",60% bullish,of 5 ratings,$35
DSLV,$68.03,1441224603025,"15,840",100% bearish,of 1 rating,N/A
DGLD,$81.19,1441224603072,"5,495",100% bullish,of 1 rating,N/A
TWOU,$34.83,1441224603157,"113,776",50% bullish,of 2 ratings,$39
USLV,$12.68,1441224603199,"219,688",86% bullish,of 7 ratings,N/A
JOBS,$26.36,1441224603226,"81,604",50% bullish,of 4 ratings,$36
UGLD,$9.262,1441224603253,"112,289",100% bearish,of 1 rating,N/A
CAFD,$14.87,1441224603469,"134,651",Not yet rated,NULL,$24.50
SIXD,$2.68,1441224603558,"34,577",Not yet rated,NULL,N/A
AVHI,$14,1441224603653,"15,809",100% bearish,of 1 rating,$19
EGHT,$7.7,1441224603718,"227,174",82% bullish,of 17 ratings,$11
AAON,$20.04,1441224603747,"61,534",100% bearish,of 1 rating,$24
SHLM,$33,1441224603779,"84,396",100% bearish,of 1 rating,$47
ABGB,$5.26,1441224603849,"15,697",67% bullish,of 3 ratings,$5.50
ABY,$22.4,1441224603881,"391,056",100% bearish,of 2 ratings,$46
ABAX,$47.14,1441224603929,"75,714",100% bearish,of 1 rating,$60
ABEOW,$1.67,1441224603956,800,100% bullish,of 1 rating,N/A
ABEO,$4.8,1441224603984,"65,646",50% bullish,of 4 ratings,$15.50
ABMD,$94.99,1441224604117,"328,384",75% bullish,of 4 ratings,$100.50
AXAS,$1.675,1441224604176,"852,444",78% bullish,of 9 ratings,$3.50
ACHC,$73.46,1441224604278,"207,229",50% bullish,of 2 ratings,$92
ACAD,$37.72,1441224604305,"519,209",80% bullish,of 20 ratings,$48
ACTG,$9.13,1441224604330,"295,217",67% bullish,of 3 ratings,$18.50
AXDX,$19.26,1441224604499,"49,165",100% bearish,of 1 rating,N/A
XLRN,$29.17,1441224604533,"47,299",50% bullish,of 2 ratings,$57
ACST,$0.3421,1441224604558,"1,190",100% bullish,of 2 ratings,N/A
ARAY,$6.61,1441224604628,"345,998",100% bearish,of 1 rating,$10.50
VXDN,$1.81,1441224604653,"21,355",100% bearish,of 1 rating,N/A
VXUP,$1.67,1441224604783,"34,504",100% bearish,of 1 rating,N/A
ANCX,$19.66,1441224604814,"13,214",Not yet rated,NULL,$20
ACRX,$4.49,1441224604864,"296,088",67% bearish,of 6 ratings,$5.50
ACHN,$7.49,1441224604950,"2,524,593",90% bullish,of 21 ratings,$16
ACET,$21.66,1441224604979,"64,317",75% bullish,of 4 ratings,$30
AKAO,$7.03,1441224605004,"41,653",75% bullish,of 4 ratings,$15
ACIW,$21.22,1441224605133,"272,181",67% bearish,of 3 ratings,$24
ACNB,$20.35,1441224605264,463,Not yet rated,NULL,N/A
ACPW,$1.95,1441224605293,"23,392",100% bullish,of 4 ratings,$3.25
ACTS,$1.6336,1441224605327,"10,848",100% bearish,of 1 rating,N/A
ATVI,$28.26,1441224605430,"8,208,968",67% bullish,of 84 ratings,$31.50
ACTA,$13.79,1441224605455,"59,646",67% bearish,of 3 ratings,$25
ACUR,$2.8999,1441224605479,"8,208",100% bullish,of 5 ratings,$5
ACOR,$32.35,1441224605509,"356,612",67% bearish,of 3 ratings,$38.50
ACXM,$20.57,1441224605685,"155,597",67% bullish,of 3 ratings,N/A
ADMP,$3.8,1441224605715,"21,896",50% bullish,of 2 ratings,$10
ADAP,$11.35,1441224605747,"26,843",67% bullish,of 3 ratings,$22
ADMS,$19.59,1441224605772,"29,350",100% bearish,of 2 ratings,$36
ADUS,$29.77,1441224605812,"21,161",100% bearish,of 1 rating,$31
AEY,$2.35,1441224605842,"9,438",100% bearish,of 2 ratings,N/A
ADEP,$7,1441224605970,"34,935",50% bullish,of 2 ratings,$10.75
ADMA,$9,1441224606054,"7,381",Not yet rated,NULL,$19
ADRO,$19.22,1441224606088,"125,742",80% bullish,of 5 ratings,$45.50
ADBE,$77.08,1441224606190,"1,405,444",65% bullish,of 17 ratings,$90
AEIS,$24.12,1441224606214,"68,143",50% bullish,of 2 ratings,$32.50
ADTN,$15.65,1441224606322,"120,789",67% bullish,of 3 ratings,$17.125
ADXSW,$9.169,1441224606348,"6,050",100% bullish,of 1 rating,N/A
AMD,$1.77,1441224606697,"3,272,723",83% bullish,of 103 ratings,$2
YPRO,$22.97,1441224606722,202,100% bearish,of 1 rating,N/A
MULT,NULL,1441224606748,0,100% bearish,of 1 rating,N/A
ADXS,$13.53,1441224606777,"629,716",64% bullish,of 14 ratings,$27
AEGR,$17.92,1441224606798,"120,497",50% bullish,of 6 ratings,$26
AEGN,$17.99,1441224606819,"40,007",100% bearish,of 2 ratings,$21
AMTX,$2.7,1441224606950,"19,461",50% bullish,of 2 ratings,$26.11
AEHR,$2.3,1441224606977,"3,486",50% bullish,of 2 ratings,N/A
AEPI,$53.0783,1441224607007,"18,408",100% bearish,of 1 rating,N/A
AVAV,$21.17,1441224607136,"663,382",50% bullish,of 4 ratings,$31
AERI,$15.81,1441224607162,"445,496",75% bullish,of 4 ratings,$31.50
AEZS,$0.0881,1441224607186,"9,690,240",90% bullish,of 21 ratings,$1.50
AEMD,$7.4211,1441224607379,"13,482",Not yet rated,NULL,$27.50
AFFX,$9.09,1441224607405,"180,414",80% bullish,of 5 ratings,$12.50
AGEN,$7.09,1441224607438,"295,484",85% bullish,of 13 ratings,$14
AGYS,$9.865,1441224607479,"8,124",100% bearish,of 1 rating,N/A
AGIO,$86.98,1441224607540,"115,197",88% bullish,of 8 ratings,$114
AGRX,$8.32,1441224607567,"19,081",100% bearish,of 1 rating,$17.50
AFMD,$10.18,1441224607594,"107,360",50% bullish,of 4 ratings,$15
AGFS,$9.65,1441224607622,"173,549",100% bearish,of 1 rating,N/A
AGFSW,$1.9,1441224607811,"1,788",100% bearish,of 2 ratings,N/A
AIMT,$22.13,1441224607839,"87,024",Not yet rated,NULL,$35.50
AIRM,$36.17,1441224607891,"90,649",80% bearish,of 5 ratings,$53
AIRT,$22.542,1441224607917,"1,076",100% bullish,of 1 rating,N/A
ATSG,$8.79,1441224607943,"102,268",67% bullish,of 3 ratings,$13
AMCN,$4.5,1441224608048,"68,586",83% bullish,of 6 ratings,N/A
AIXG,$6.3319,1441224608098,"5,240",67% bearish,of 3 ratings,$5.25
AKER,$2.71,1441224608183,"26,729",Not yet rated,NULL,N/A
AKBA,$7.49,1441224608237,"240,989",100% bearish,of 1 rating,$18
AKRX,$39.37,1441224608287,"281,850",78% bullish,of 9 ratings,$56
ALSK,$2.21,1441224608316,"67,722",78% bullish,of 18 ratings,$2
AKAM,$70.94,1441224608369,"687,999",63% bullish,of 8 ratings,$77.50
ALRM,$15.8538,1441224608443,"134,673",100% bearish,of 1 rating,$22
AMRI,$19.83,1441224608535,"66,867",75% bearish,of 4 ratings,$24
ADHD,$7.9,1441224608577,"155,683",50% bullish,of 4 ratings,$18
ABDC,$12.9797,1441224608681,"18,093",Not yet rated,NULL,$15
ALXN,$174.61,1441224608707,"652,084",88% bullish,of 8 ratings,$223.50
ALDR,$40.39,1441224608742,"520,512",67% bearish,of 3 ratings,$62
ALDX,$7.06,1441224608840,"7,184",100% bearish,of 1 rating,$14.50
ALXA,$1.1997,1441224608866,"4,100",83% bullish,of 6 ratings,$2.125
ALCO,$41.54,1441224608900,"5,652",50% bullish,of 2 ratings,N/A
ALGN,$53.6679,1441224609006,"311,712",100% bearish,of 2 ratings,$73
ALKS,$62.88,1441224609033,"623,280",67% bullish,of 3 ratings,$75
ALIM,$3.14,1441224609163,"46,194",80% bullish,of 5 ratings,$10
ALGT,$205.74,1441224609195,"112,236",100% bearish,of 2 ratings,$235
AFOP,$19,1441224609219,"218,661",75% bullish,of 8 ratings,$21
ALLB,$22.66,1441224609299,300,Not yet rated,NULL,N/A
AIQ,$14.05,1441224609366,"6,407",67% bullish,of 3 ratings,N/A
AHGP,$35.36,1441224609497,"22,095",67% bullish,of 3 ratings,N/A
ARLP,$24.73,1441224609529,"186,849",67% bearish,of 3 ratings,$32
AMOT,$17.87,1441224609599,"120,288",100% bearish,of 1 rating,N/A
ALQA,$4.66,1441224609620,"13,289",75% bullish,of 4 ratings,$8.50
AHPI,$1.448,1441224609653,400,50% bullish,of 2 ratings,N/A
ALLT,$5.11,1441224609704,"36,195",75% bullish,of 4 ratings,$6.25
MDRX,$13.12,1441224609835,"3,400,977",60% bullish,of 5 ratings,$16
AFAM,$45.48,1441224609865,"43,065",50% bullish,of 2 ratings,$44
AOSL,$8.05,1441224609996,"118,373",67% bullish,of 3 ratings,$9
SMCP,$22.84,1441224610020,211,Not yet rated,NULL,N/A
ALNY,$101.03,1441224610047,"273,269",67% bullish,of 3 ratings,$151.50
ALTR,$48.87,1441224610107,"1,154,292",80% bearish,of 5 ratings,$54
ATEC,$0.589,1441224610181,"14,454",100% bullish,of 1 rating,$2
ASPS,$25.62,1441224610209,"117,296",67% bullish,of 3 ratings,$46.50
AMRN,$2.32,1441224610374,"1,554,442",85% bullish,of 40 ratings,$8
AMAG,$64.65,1441224610401,"372,122",100% bullish,of 2 ratings,$75
AIMC,$23.42,1441224610426,"92,977",100% bearish,of 2 ratings,$28.50
AMRK,$10.52,1441224610463,"1,100",50% bullish,of 2 ratings,$14
AMZN,$510.55,1441224610490,"1,542,566",81% bullish,of 267 ratings,$646
AYA,$20.4,1441224610557,"16,032",100% bearish,of 1 rating,$40
AMBC,$16.69,1441224610581,"224,380",100% bearish,of 1 rating,$16.50
AMBCW,$8.48,1441224610794,"3,800",100% bearish,of 1 rating,N/A
AMBA,$81.95,1441224610827,"5,949,052",83% bullish,of 12 ratings,$102.50
EPAX,$2.68,1441224610857,"25,671",100% bearish,of 1 rating,N/A
AMCX,$69.79,1441224610928,"490,502",67% bullish,of 3 ratings,$87.50
AMDA,$0.4775,1441224610953,"356,222",90% bullish,of 10 ratings,$1
DOX,$56.61,1441224610984,"419,697",67% bearish,of 3 ratings,$60
UHAL,$370,1441224611079,"10,193",100% bullish,of 2 ratings,$393.50
ASBI,$22.66,1441224611112,"18,688",Not yet rated,NULL,N/A
AMED,$40.2618,1441224611180,"153,686",100% bearish,of 1 rating,$42
AGNCB,$24.19,1441224611313,"3,100",Not yet rated,NULL,N/A
AMOV,$17.82,1441224611339,"5,474",100% bearish,of 1 rating,N/A
AAL,$41.31,1441224611366,"10,583,136",93% bullish,of 88 ratings,$57
ATAX,$5.3201,1441224611471,"32,475",100% bullish,of 1 rating,$6.50
MTGE,$15.18,1441224611499,"249,851",75% bullish,of 4 ratings,$19.50
AGNC,$19.04,1441224611525,"1,125,332",71% bullish,of 28 ratings,$22
ACSF,$12.26,1441224611775,"14,196",100% bearish,of 1 rating,$15
AGNCP,$25.3299,1441224611840,"7,648",Not yet rated,NULL,N/A
ACAS,$13.55,1441224611871,"816,479",60% bullish,of 5 ratings,$16.75
AMIC,NULL,1441224611906,0,100% bearish,of 1 rating,N/A
ANCI,$1.54,1441224611941,300,100% bearish,of 1 rating,N/A
MTGEP,$24.3,1441224611963,"1,200",Not yet rated,NULL,N/A
ANAT,$97.62,1441224612038,"20,197",100% bullish,of 1 rating,N/A
AMNB,$23.16,1441224612070,"3,158",Not yet rated,NULL,$25.50
AETI,$3.32,1441224612176,"1,000",67% bearish,of 3 ratings,N/A
APEI,$21.41,1441224612319,"21,329",100% bearish,of 1 rating,$25.50
AMSC,$4.87,1441224612800,"33,448",50% bullish,of 4 ratings,N/A
AMRB,$10.14,1441224612844,"2,200",Not yet rated,NULL,$11
ARII,$40.28,1441224612884,"104,510",67% bearish,of 3 ratings,$45
ASEI,$38.91,1441224612913,"24,915",100% bearish,of 1 rating,$52.50
AMWD,$64.6904,1441224612943,"71,511",50% bullish,of 2 ratings,$70
AMSWA,$8.955,1441224613017,"29,881",100% bearish,of 2 ratings,$10.75
ABCB,$26.62,1441224613042,"100,344",Not yet rated,NULL,$31
CRMT,$35.385,1441224613069,"36,889",100% bearish,of 1 rating,$39
ASRVP,NULL,1441224613201,0,Not yet rated,NULL,N/A
AMSF,$46.35,1441224613260,"24,669",Not yet rated,NULL,$57.50
ASRV,$3.22,1441224613304,"9,074",100% bullish,of 2 ratings,N/A
ATLO,$23.75,1441224613388,"2,079",Not yet rated,NULL,N/A
AMGN,$151.06,1441224613431,"2,010,937",89% bullish,of 19 ratings,$185
FOLD,$14.75,1441224613456,"826,049",56% bullish,of 9 ratings,$21
AMKR,$5.145,1441224613592,"762,527",100% bearish,of 2 ratings,$5
AMSGP,$149.19,1441224613789,200,Not yet rated,NULL,N/A
AMPH,$13.5,1441224613846,"70,499",50% bullish,of 2 ratings,$20
ASYS,$5.33,1441224613871,"14,340",67% bullish,of 3 ratings,$12
AMSG,$78.21,1441224613925,"200,578",100% bearish,of 1 rating,$85.50
AMRS,$1.68,1441224613953,"90,472",70% bullish,of 10 ratings,N/A
ANAD,$0.3243,1441224613974,"121,236",100% bullish,of 2 ratings,$.50
AFSI,$56.41,1441224614009,"187,505",60% bullish,of 5 ratings,$72
ANAC,$134.66,1441224614108,"205,942",80% bullish,of 5 ratings,$180.50
ADI,$54.26,1441224614298,"902,446",75% bullish,of 4 ratings,$69
ANCB,$21.44,1441224614324,"1,400",Not yet rated,NULL,$23
ABCW,$40.61,1441224614345,"5,164",67% bullish,of 3 ratings,N/A
AMCF,NULL,1441224614389,0,NULL,NULL,NULL
ALOG,$80.64,1441224614414,"38,505",100% bearish,of 2 ratings,$100.50
ANGI,$5.12,1441224614546,"147,035",64% bullish,of 11 ratings,$5.50
ANGO,$14.68,1441224614584,"68,446",67% bullish,of 3 ratings,$19
ANIP,$51.08,1441224614678,"105,222",89% bullish,of 19 ratings,$66
ANIK,$35.41,1441224614710,"102,196",60% bullish,of 5 ratings,$51.25
ANSS,$88.87,1441224614756,"312,356",100% bearish,of 1 rating,$100
ATRS,$1.87,1441224614810,"426,279",92% bullish,of 12 ratings,$4.50
ANTH,$7.33,1441224614863,"436,026",80% bullish,of 10 ratings,$13
ABAC,$0.798,1441224614995,"2,001",100% bearish,of 1 rating,N/A
ATNY,$2.4,1441224615070,"9,934",50% bullish,of 2 ratings,$3.75
AINV,$6.405,1441224615143,"964,976",50% bullish,of 4 ratings,$8
APIC,$6.55,1441224615170,"45,364",100% bearish,of 1 rating,$19
APOG,$51.75,1441224615200,"117,848",50% bullish,of 2 ratings,$67
APOL,$10.89,1441224615246,"421,415",87% bearish,of 68 ratings,$14
APPF,$15.7,1441224615302,"32,605",50% bullish,of 2 ratings,$22
AAPL,$111.33,1441224615379,"28,950,661",86% bullish,of 2362 ratings,$150
APDN,$3.5,1441224615520,"30,056",Not yet rated,NULL,$9
ARCI,$1.3054,1441224615594,"11,212",Not yet rated,NULL,N/A
AGTC,$16.53,1441224615625,"31,137",50% bullish,of 2 ratings,$33
AMAT,$15.62,1441224615646,"6,722,654",82% bullish,of 11 ratings,$23
APDNW,$1.45,1441224615674,"1,900",Not yet rated,NULL,N/A
AMCC,$5.63,1441224615724,"344,198",80% bullish,of 5 ratings,$8
AAOI,$20.43,1441224615919,"133,526",50% bullish,of 4 ratings,$26
APRI,$1.6899,1441224615948,"314,696",83% bullish,of 6 ratings,$4.86
APTO,$5.35,1441224615969,"4,230",Not yet rated,NULL,$17
AQXP,$16.56,1441224616001,"141,911",50% bullish,of 2 ratings,$2
AREX,$2.43,1441224616023,"952,531",50% bullish,of 2 ratings,$3
AQMS,$4.8122,1441224616160,"2,213",Not yet rated,NULL,N/A
AUMAU,$9.94,1441224616186,200,Not yet rated,NULL,N/A
AUMA,NULL,1441224616206,0,Not yet rated,NULL,N/A
AUMAW,NULL,1441224616360,0,Not yet rated,NULL,N/A
PETX,$18.37,1441224616387,"220,800",100% bearish,of 2 ratings,$26
ARDM,$7.3,1441224616434,300,100% bullish,of 1 rating,$26
ARCW,$3.42,1441224616567,"34,491",100% bearish,of 2 ratings,$10.50
RKDA,$5.67,1441224616599,"10,534",100% bearish,of 2 ratings,$10
ABIO,$0.9144,1441224616624,"12,016",50% bullish,of 2 ratings,$3.75
ABUS,$6.96,1441224616656,"530,981",86% bullish,of 14 ratings,$23
ARCB,$27.77,1441224616702,"119,951",67% bearish,of 3 ratings,$39.50
ACGL,$68.34,1441224616754,"129,304",50% bullish,of 2 ratings,$72
ARDX,$19.2,1441224616835,"60,021",50% bullish,of 2 ratings,$24.50
ACAT,$25.69,1441224616885,"58,625",100% bearish,of 3 ratings,$33
ARCC,$15.38,1441224616964,"937,033",67% bearish,of 3 ratings,$17.75
ARNA,$2.67,1441224616994,"882,364",90% bullish,of 78 ratings,$5.50
AGII,$54.98,1441224617091,"26,482",Not yet rated,NULL,$59.50
AGIIL,$25.16,1441224617190,"7,616",Not yet rated,NULL,N/A
ARGS,$6.2,1441224617219,"26,591",50% bullish,of 2 ratings,$19.50
ARIS,$3.74,1441224617260,"5,294",Not yet rated,NULL,$4.50
ARIA,$7.52,1441224617320,"6,672,396",87% bullish,of 46 ratings,$9
ARKR,$25,1441224617391,"6,409",50% bullish,of 2 ratings,N/A
ARTX,$1.41,1441224617454,"40,380",88% bullish,of 16 ratings,$4.50
ARMH,$42.24,1441224617483,"676,648",54% bearish,of 13 ratings,$60
ARWAR,NULL,1441224617587,0,Not yet rated,NULL,N/A
ARWA,NULL,1441224617647,0,Not yet rated,NULL,N/A
ARWAW,$0.17,1441224617721,"7,500",Not yet rated,NULL,N/A
ARWAU,NULL,1441224617746,0,100% bullish,of 1 rating,N/A
ARQL,$1.6986,1441224617781,"47,425",75% bullish,of 4 ratings,$5
ARRY,$5.95,1441224617802,"777,807",100% bullish,of 7 ratings,$10
ARRS,$25.84,1441224617889,"547,859",50% bullish,of 2 ratings,$38
AROW,$27.0599,1441224618000,"2,916",Not yet rated,NULL,N/A
DWAT,$9.75,1441224618030,"3,000",100% bearish,of 1 rating,N/A
ARWR,$5.79,1441224618104,"723,819",75% bullish,of 4 ratings,$10.50
ARTNA,$21.9,1441224618131,"4,496",100% bearish,of 1 rating,$29
ARTW,$4.1199,1441224618319,"7,057",75% bearish,of 4 ratings,N/A
ASNA,$12.21,1441224618349,"1,459,124",50% bullish,of 2 ratings,$18
ASCMA,$27.67,1441224618452,"28,324",100% bearish,of 1 rating,$45
ASBB,$24.01,1441224618479,400,Not yet rated,NULL,N/A
ASTI,$0.3,1441224618506,"12,512,691",83% bullish,of 6 ratings,$3
ASND,$19.9999,1441224618546,"15,255",50% bullish,of 2 ratings,$30
ASML,$90.07,1441224618650,"592,245",50% bullish,of 4 ratings,$127
ASMI,NULL,1441224618676,0,NULL,NULL,NULL
APWC,$1.75,1441224618755,"1,068",100% bearish,of 1 rating,N/A
ASMB,$14.35,1441224618884,"29,613",67% bullish,of 3 ratings,N/A
AZPN,$37.62,1441224618943,"202,313",50% bullish,of 2 ratings,$42
ASFI,$8.8899,1441224618972,"1,679",100% bullish,of 1 rating,N/A
ASTE,$38.23,1441224619075,"78,518",100% bearish,of 1 rating,$49
ALOT,$13.75,1441224619118,"2,524",100% bearish,of 1 rating,N/A
ASTC,$2.1547,1441224619143,"11,500",100% bullish,of 5 ratings,N/A
ATRO,$50.54,1441224619207,"63,835",100% bearish,of 2 ratings,$80
ASUR,$5.4,1441224619282,"2,526",50% bullish,of 2 ratings,$8
ATAI,$2.36,1441224619389,"9,173",100% bearish,of 1 rating,N/A
ATHN,$131.53,1441224619423,"126,700",67% bearish,of 3 ratings,$153
ATRA,$42.96,1441224619444,"172,049",50% bullish,of 2 ratings,$68
AFCB,NULL,1441224619520,0,Not yet rated,NULL,N/A
ATHX,$1.14,1441224619576,"60,205",89% bullish,of 9 ratings,$5
AAPC,NULL,1441224619607,0,Not yet rated,NULL,N/A
AAME,$3.5999,1441224619734,"1,704",Not yet rated,NULL,N/A
ACFC,$5.4,1441224619827,"18,353",100% bearish,of 1 rating,$6.50
ATLC,$3.97,1441224619870,"10,857",67% bullish,of 3 ratings,N/A
ATNI,$72.39,1441224619905,"46,572",100% bearish,of 1 rating,$69.50
AAWW,$38.74,1441224619930,"166,108",50% bullish,of 2 ratings,$65
ATML,$7.86,1441224620152,"2,818,187",78% bullish,of 9 ratings,$9.50
AFH,$16.29,1441224620190,"76,964",Not yet rated,NULL,$21.50
ATOS,$0.78,1441224620224,"25,722",100% bullish,of 7 ratings,$7
ATRI,$382.99,1441224620249,722,Not yet rated,NULL,N/A
ATTU,$13.1,1441224620278,"12,531",100% bearish,of 1 rating,$20.50
LIFE,$14.27,1441224620308,"33,142",86% bullish,of 7 ratings,$43
ATRC,$24.63,1441224620335,"58,718",100% bullish,of 1 rating,$30
ATRM,$2.83,1441224620356,800,50% bullish,of 2 ratings,N/A
AUDC,$3.29,1441224620732,"29,180",80% bullish,of 5 ratings,$5
AUPH,$3.4299,1441224620762,"17,664",100% bearish,of 1 rating,$8
AUBN,$26.85,1441224620784,706,Not yet rated,NULL,N/A
EARS,$4.3,1441224620864,"18,280",100% bearish,of 2 ratings,$11
ADAT,$0.227,1441224620922,"153,379",100% bullish,of 2 ratings,N/A
ADP,$76.63,1441224620993,"1,263,376",100% bearish,of 1 rating,$88
AVGO,$123.11,1441224621080,"1,784,744",88% bullish,of 8 ratings,$165
ABTL,$18,1441224621112,"47,614",100% bullish,of 4 ratings,$20.25
ADSK,$45.82,1441224621210,"3,926,952",67% bullish,of 6 ratings,$66
AAVL,$10.6,1441224621243,"157,684",100% bearish,of 1 rating,$20
AVNU,$12.95,1441224621273,"87,649",Not yet rated,NULL,$14
AVNW,$1.205,1441224621302,"30,350",50% bullish,of 2 ratings,N/A
AVEO,$1.38,1441224621331,"406,952",75% bullish,of 8 ratings,$3
AVID,$8.29,1441224621374,"209,376",100% bearish,of 1 rating,$20
CAR,$43.21,1441224621473,"903,919",80% bullish,of 5 ratings,$60
AVGR,$14.78,1441224621499,"6,746",100% bearish,of 1 rating,$20
AWRE,$3.27,1441224621906,"9,803",67% bullish,of 3 ratings,N/A
AXPWW,NULL,1441224621930,0,Not yet rated,NULL,N/A
AXGN,$4.7,1441224621959,"68,518",Not yet rated,NULL,$5
ACLS,$3.23,1441224621990,"226,731",67% bullish,of 6 ratings,$4.75
RILY,NULL,1441224622016,0,Not yet rated,NULL,N/A
AXPW,$2.23,1441224622045,"2,945,572",86% bullish,of 7 ratings,N/A
AXTI,$2.13,1441224622092,"9,799",50% bullish,of 2 ratings,$2.75
BOSC,$2.13,1441224622120,"3,700",50% bullish,of 2 ratings,N/A
BEAV,$48.7,1441224622254,"605,034",67% bearish,of 3 ratings,$59
BCPC,$58.36,1441224622308,"65,178",100% bearish,of 1 rating,$75
BIDU,$147.4,1441224622343,"866,982",81% bullish,of 88 ratings,$210
BCOM,NULL,1441224622363,0,100% bearish,of 1 rating,N/A
BWINA,NULL,1441224622394,0,Not yet rated,NULL,N/A
BWINB,$22.75,1441224622440,"3,861",Not yet rated,NULL,N/A
BLDP,$1.31,1441224622627,"284,252",91% bullish,of 22 ratings,$2.50
BANF,$59.76,1441224622771,"14,165",Not yet rated,NULL,$68
BKMU,$7.05,1441224622796,"13,488",Not yet rated,NULL,$8
BOCH,$5.72,1441224622826,"7,847",Not yet rated,NULL,$6.50
BKSC,$17.318,1441224622851,"4,526",Not yet rated,NULL,N/A
BANFP,$27.02,1441224622926,533,Not yet rated,NULL,N/A
BOTJ,$11.11,1441224623000,800,Not yet rated,NULL,N/A
BMRC,$48,1441224623060,"18,682",Not yet rated,NULL,$52
OZRK,$40.32,1441224623192,"337,755",67% bullish,of 3 ratings,$49.50
BFIN,$12.1999,1441224623250,"19,037",Not yet rated,NULL,$13
BWFG,$18.03,1441224623279,"1,863",100% bearish,of 1 rating,N/A
BANR,$43.51,1441224623301,"14,612",100% bullish,of 3 ratings,$50
BZUN,$4.9592,1441224623345,"58,067",50% bullish,of 2 ratings,$11.50
TAPR,$33.5299,1441224623372,"1,331",100% bearish,of 1 rating,N/A
BHAC,$9.82,1441224623431,560,Not yet rated,NULL,N/A
BHACR,$0.2198,1441224623565,"7,000",Not yet rated,NULL,N/A
BHACU,NULL,1441224623700,0,Not yet rated,NULL,N/A
BSET,$29.07,1441224623763,"40,430",100% bearish,of 1 rating,$35
BHACW,NULL,1441224623795,0,Not yet rated,NULL,N/A
BYBK,$4.96,1441224623829,"2,110",100% bearish,of 1 rating,N/A
BBSI,$34.96,1441224623865,"9,960",67% bearish,of 3 ratings,$62.50
BBCN,$14.14,1441224623897,"105,935",100% bearish,of 1 rating,$16
BYLK,$12.9925,1441224623923,"5,486",Not yet rated,NULL,$14
BV,$5.02,1441224623948,"573,136",67% bullish,of 6 ratings,$8.75
BSF,$8.37,1441224624150,"3,307",Not yet rated,NULL,N/A
BCBP,$11.64,1441224624178,861,Not yet rated,NULL,N/A
BDCV,$4.875,1441224624204,"2,996",100% bearish,of 1 rating,$10.19
BECN,$35.85,1441224624225,"125,785",50% bullish,of 2 ratings,$40
BBGI,$4.01,1441224624356,607,100% bearish,of 1 rating,N/A
BBBY,$61.71,1441224624387,"765,018",71% bullish,of 7 ratings,$75
BEBE,$1.24,1441224624488,"278,923",75% bullish,of 4 ratings,$2.125
BELFB,$18.58,1441224624515,"14,372",100% bearish,of 1 rating,N/A
BLCM,$16.65,1441224624545,"74,318",50% bullish,of 4 ratings,$40
BLPH,$4.09,1441224624566,"24,893",100% bearish,of 1 rating,$12.50
BELFA,$15.1,1441224624602,"1,523",100% bearish,of 1 rating,N/A
BNCL,$12.4,1441224624703,"256,221",100% bullish,of 3 ratings,$12.50
BNFT,$36.42,1441224624734,"70,172",67% bullish,of 3 ratings,$46
BNTC,$7.6498,1441224624861,"4,140",100% bullish,of 1 rating,N/A
BGCP,$8.88,1441224624891,"431,756",88% bullish,of 8 ratings,$14
BGMD,$0.6601,1441224624941,"122,276",100% bullish,of 10 ratings,N/A
BGFV,$11.35,1441224624999,"68,353",57% bullish,of 7 ratings,$12
BIOC,$1.96,1441224625272,"75,526",83% bullish,of 6 ratings,$3.85
BDSI,$6.39,1441224625293,"1,075,460",88% bullish,of 8 ratings,$17
BASI,$1.64,1441224625334,"6,500",Not yet rated,NULL,N/A
BCDA,NULL,1441224625357,0,Not yet rated,NULL,N/A
BIIB,$302.985,1441224625383,"880,069",88% bullish,of 16 ratings,$400
ORPN,$5.82,1441224625416,"5,440",100% bullish,of 1 rating,$28.50
BIOD,$0.6912,1441224625445,"70,852",80% bullish,of 5 ratings,$4
BIND,$4.89,1441224625466,"160,728",75% bullish,of 4 ratings,$13.50
BCRX,$11.45,1441224625602,"276,555",63% bullish,of 8 ratings,$18
BIOL,$1.56,1441224625663,"49,733",Not yet rated,NULL,N/A
BLFS,$2.3601,1441224625688,"209,894",100% bearish,of 1 rating,$4.75
BLRX,$1.5814,1441224625818,"201,285",100% bullish,of 12 ratings,$5
BMRN,$128.59,1441224625843,"279,318",80% bullish,of 5 ratings,$160
BVXV,$4.04,1441224625868,"1,712,170",Not yet rated,NULL,N/A
BPTH,$1.16,1441224626001,"127,225",100% bullish,of 2 ratings,$5
BIOS,$2.45,1441224626129,"420,715",71% bullish,of 7 ratings,$4
BRLI,NULL,1441224626157,0,NULL,NULL,NULL
BVXVW,$0.8102,1441224626192,"78,645",100% bearish,of 1 rating,N/A
BSPM,$0.6401,1441224626219,"10,566",50% bullish,of 2 ratings,N/A
BSTC,$50.17,1441224626240,"34,487",100% bearish,of 1 rating,$76
BBP,$32.8,1441224626272,"6,262",Not yet rated,NULL,N/A
BBC,$32.08,1441224626300,"6,655",Not yet rated,NULL,N/A
BOTA,$2.17,1441224626467,"5,370",88% bullish,of 8 ratings,N/A
BEAT,$15.43,1441224626552,"706,873",67% bearish,of 3 ratings,$15
TECH,$93,1441224626580,"88,989",100% bullish,of 1 rating,$117
BDMS,$12.89,1441224626683,350,100% bearish,of 1 rating,N/A
BITI,$16.75,1441224626710,"15,991",100% bullish,of 1 rating,$28
BJRI,$43.65,1441224626739,"131,659",50% bullish,of 2 ratings,$55
BDE,$7.22,1441224626776,"106,751",50% bullish,of 2 ratings,$9
BLKB,$55.446,1441224626840,"39,970",100% bearish,of 2 ratings,$66
BBOX,$15.06,1441224626912,"26,267",100% bearish,of 1 rating,N/A
ADRA,$26.41,1441224627060,"1,935",100% bearish,of 1 rating,N/A
HAWK,$38.8,1441224627126,"197,681",91% bullish,of 11 ratings,$49
BBRY,$7.44,1441224627159,"1,574,816",61% bullish,of 330 ratings,$9
BKCC,$9.28,1441224627209,"157,805",50% bullish,of 2 ratings,$10
ADRD,$21.65,1441224627257,"26,536",100% bearish,of 1 rating,N/A
ADRE,$29.09,1441224627284,"4,645",100% bearish,of 1 rating,N/A
ADRU,$21.2801,1441224627340,112,100% bearish,of 1 rating,N/A
BCOR,$13.35,1441224627472,"81,495",57% bullish,of 7 ratings,$15
BLMN,$20.74,1441224627502,"541,712",83% bullish,of 6 ratings,$27.50
BLBD,$11.86,1441224627530,"17,600",Not yet rated,NULL,N/A
BBLU,$0.905,1441224627661,"219,009",100% bullish,of 2 ratings,$4.43
BHBK,$14.04,1441224627692,"42,390",100% bullish,of 1 rating,$14.50
BUFF,$23.47,1441224627713,"413,521",83% bullish,of 12 ratings,$31.50
NILE,$33.39,1441224627746,"164,353",50% bullish,of 2 ratings,$34
BLUE,$131.07,1441224627843,"196,508",71% bullish,of 7 ratings,$217.50
BKEPP,$7.59,1441224627978,24,100% bearish,of 1 rating,N/A
BKEP,$6.22,1441224628006,"22,592",100% bearish,of 1 rating,$8.50
BPMC,$28.16,1441224628035,"29,749",50% bullish,of 2 ratings,$47.50
BOFI,$107.23,1441224628146,"382,265",100% bullish,of 6 ratings,$144
BOBE,$47.97,1441224628178,"589,206",75% bullish,of 4 ratings,$57
BNCN,$20.72,1441224628200,"31,488",Not yet rated,NULL,$24
WIFI,$7.28,1441224628282,"143,445",50% bullish,of 2 ratings,$13.50
BOJA,$20.91,1441224628328,"79,590",100% bullish,of 1 rating,$30
BOKF,$61.39,1441224628353,"117,769",100% bearish,of 1 rating,$69
BONA,$11.4,1441224628379,"37,857",75% bullish,of 4 ratings,$8.50
BPFH,$11.59,1441224628556,"191,636",100% bearish,of 1 rating,$14
BAMM,$3.1799,1441224628581,"3,055",60% bullish,of 5 ratings,N/A
BNSO,$1.348,1441224628606,200,100% bearish,of 1 rating,N/A
BPFHP,$25,1441224628637,"10,235",100% bearish,of 1 rating,N/A
BPFHW,$4.8,1441224628736,100,100% bearish,of 1 rating,N/A
BDBD,$8.37,1441224628911,"285,006",60% bullish,of 5 ratings,$10
BBEP,$2.71,1441224628971,"1,059,559",69% bullish,of 13 ratings,$5.625
BBRG,$12.46,1441224628998,"25,656",67% bullish,of 3 ratings,$14.50
BCLI,$3.0801,1441224629071,"42,964",80% bullish,of 5 ratings,$12
BDGE,$26.44,1441224629124,"5,043",Not yet rated,NULL,$31.75
EPAY,$26.27,1441224629150,"85,997",100% bearish,of 2 ratings,$30
BBEPP,$14.24,1441224629171,"18,671",100% bearish,of 1 rating,N/A
BCOV,$5.2,1441224629302,"45,405",67% bullish,of 3 ratings,$10.20
BLIN,$1.3134,1441224629332,"9,977",100% bullish,of 2 ratings,$2.20
BRCM,$50.58,1441224629372,"2,835,868",69% bullish,of 13 ratings,$56
BSFT,$31.53,1441224629503,"57,680",57% bullish,of 7 ratings,$40.50
BVSN,$5.95,1441224629533,366,60% bearish,of 5 ratings,N/A
BRID,$8.4,1441224629587,"1,115",100% bearish,of 1 rating,N/A
BYFC,NULL,1441224629670,0,50% bullish,of 2 ratings,N/A
BWEN,$3.12,1441224629799,"18,789",75% bullish,of 4 ratings,$8
BRKS,$10.23,1441224629880,"45,968",67% bullish,of 3 ratings,$15.25
BRKL,$10.12,1441224629930,"382,873",100% bearish,of 1 rating,$10.75
BRCD,$10.24,1441224629956,"1,561,754",92% bullish,of 13 ratings,$12
BSQR,$6.05,1441224629983,"23,301",67% bullish,of 3 ratings,N/A
BMTC,$29.13,1441224630007,"25,246",Not yet rated,NULL,$34
BRKR,$18.09,1441224630032,"476,237",100% bearish,of 2 ratings,$22
BWLD,$194.26,1441224630164,"158,027",82% bullish,of 11 ratings,$205
BLMT,$20.99,1441224630201,"1,354",Not yet rated,NULL,N/A
BUR,NULL,1441224630331,0,100% bearish,of 1 rating,$8
BLDR,$15.4,1441224630380,"977,605",67% bullish,of 3 ratings,$22
CFFI,$36.69,1441224630409,400,100% bearish,of 1 rating,N/A
CHRW,$68.415,1441224630511,"947,647",Not yet rated,NULL,$72
CA,$27.06,1441224630643,"1,382,091",50% bullish,of 4 ratings,$33
CDZI,$7.64,1441224630677,"18,756",100% bearish,of 1 rating,N/A
CCMP,$42.45,1441224630698,"20,289",50% bullish,of 2 ratings,$59
CZR,$8.97,1441224630772,"384,889",60% bearish,of 5 ratings,$10.50
CACQ,$7.28,1441224630802,"9,442",100% bearish,of 1 rating,$12.25
CDNS,$19.82,1441224630906,"1,090,840",75% bullish,of 4 ratings,$22.50
PRSS,$4.32,1441224630935,"9,100",80% bullish,of 5 ratings,$4.50
CSTE,$38.8,1441224631035,"371,303",50% bullish,of 2 ratings,$65
CLMS,$9.91,1441224631138,"46,131",Not yet rated,NULL,$10.50
CHY,$11.16,1441224631165,"223,650",Not yet rated,NULL,N/A
CLBS,$1.645,1441224631193,"125,383",79% bullish,of 14 ratings,$4
CHI,$10.44,1441224631214,"184,762",100% bearish,of 1 rating,N/A
CCD,$19.2001,1441224631351,"66,271",Not yet rated,NULL,N/A
CFGE,$10.39,1441224631411,"3,400",Not yet rated,NULL,N/A
CAMP,$16.02,1441224631483,"128,426",88% bullish,of 8 ratings,$25
CSQ,$9.81,1441224631570,"200,208",Not yet rated,NULL,N/A
CHW,$7.455,1441224631609,"153,623",100% bearish,of 1 rating,N/A
CFNB,$13.3,1441224631634,200,100% bearish,of 1 rating,N/A
CGO,$11.9409,1441224631659,"10,166",100% bearish,of 1 rating,N/A
CVGW,$57.7,1441224631701,"90,462",50% bullish,of 2 ratings,$62
CALA,$5.6,1441224631726,"185,738",67% bullish,of 3 ratings,$19.50
CALM,$51.92,1441224631890,"348,427",80% bullish,of 5 ratings,$63.50
CLMT,$25.63,1441224631928,"186,583",75% bullish,of 8 ratings,$31
CALD,$15.98,1441224631963,"212,603",100% bearish,of 1 rating,$21
ABCD,$5.095,1441224632058,"67,061",83% bullish,of 6 ratings,N/A
CAMB,$10.05,1441224632083,400,Not yet rated,NULL,N/A
CAMBU,NULL,1441224632143,0,100% bearish,of 1 rating,N/A
CAC,$40.25,1441224632217,"2,582",Not yet rated,NULL,N/A
CAMT,$2.6,1441224632275,"21,113",73% bullish,of 11 ratings,$4
CAMBW,$0.15,1441224632299,200,Not yet rated,NULL,N/A
CPHC,$10.3499,1441224632540,394,100% bearish,of 1 rating,N/A
CGIX,$9.7006,1441224632571,"8,953",67% bullish,of 3 ratings,$14.375
CBNJ,$10.9,1441224632602,"29,762",100% bearish,of 1 rating,N/A
CSIQ,$18.33,1441224632623,"689,439",86% bullish,of 28 ratings,$42.50
CPLA,$48.33,1441224632652,"34,506",67% bearish,of 3 ratings,$65
CBF,$29.93,1441224632706,"34,698",Not yet rated,NULL,$32
CCBG,$15.1,1441224632780,"8,869",Not yet rated,NULL,$17.25
CSWC,$44.515,1441224632877,"21,193",Not yet rated,NULL,N/A
CPLP,$7.08,1441224632904,"141,145",71% bullish,of 7 ratings,$11
CPTA,$13.65,1441224633033,"16,720",100% bearish,of 1 rating,$18.50
CFFN,$11.705,1441224633066,"601,915",Not yet rated,NULL,$12.75
CAPN,$2.23,1441224633163,"61,360",100% bullish,of 1 rating,$10.85
CPST,$0.3837,1441224633188,"387,280",95% bullish,of 22 ratings,$1.25
CAPNW,$0.6789,1441224633231,100,Not yet rated,NULL,N/A
CARB,$11.16,1441224633368,"27,819",75% bullish,of 4 ratings,$12
CARA,$19.35,1441224633400,"88,784",50% bullish,of 4 ratings,$25
CAPR,$4.71,1441224633430,"22,615",Not yet rated,NULL,$12
CRDC,$0.31,1441224633451,"269,208",100% bullish,of 1 rating,$1.25
CBYL,$4.725,1441224633472,"37,975",100% bearish,of 1 rating,$20
CFNL,$22.01,1441224633664,"38,829",Not yet rated,NULL,$24
CSII,$23.43,1441224633898,"87,802",100% bearish,of 2 ratings,$42.125
CRME,$9,1441224633999,"7,898",89% bullish,of 9 ratings,$11.25
CDNA,$6.98,1441224634079,"6,103",100% bearish,of 1 rating,$9
CECO,$3.59,1441224634109,"139,593",67% bearish,of 3 ratings,$6
CART,$5.39,1441224634181,"1,300",100% bearish,of 1 rating,N/A
CARO,$15.34,1441224634211,"3,621",100% bearish,of 1 rating,$19
CATM,$33.77,1441224634236,"158,278",100% bearish,of 1 rating,$44
CTRE,$11.04,1441224634277,"195,287",50% bullish,of 2 ratings,$13.50
CLBH,$12.74,1441224634308,743,Not yet rated,NULL,$16.50
CKEC,$22.96,1441224634410,"52,772",50% bullish,of 2 ratings,$35.915
TAST,$12.7,1441224634508,"104,268",Not yet rated,NULL,$14.25
CRZO,$34.48,1441224634544,"481,476",67% bearish,of 3 ratings,$54.50
CASM,$1.1884,1441224634641,"4,682",100% bullish,of 1 rating,$3.50
CRTN,$2.49,1441224634667,"5,615",100% bearish,of 1 rating,N/A
CARV,NULL,1441224634687,0,50% bullish,of 2 ratings,N/A
CACB,$5.38,1441224634857,"53,628",Not yet rated,NULL,$5.50
CSCD,$15.24,1441224634985,"7,316",100% bullish,of 2 ratings,$17
CASY,$104.8,1441224635070,"222,761",50% bullish,of 2 ratings,$99.50
CWST,$6.27,1441224635102,"37,524",50% bullish,of 2 ratings,$7.25
CASI,$1.3864,1441224635129,"4,700",100% bullish,of 1 rating,$3.50
CATB,$12.11,1441224635150,"25,786",100% bearish,of 1 rating,$28
CASS,$48,1441224635191,"6,481",100% bearish,of 1 rating,N/A
CPRX,$3.73,1441224635218,"133,668",71% bullish,of 7 ratings,$7
CATY,$28.91,1441224635285,"276,562",100% bearish,of 1 rating,$33.50
CATYW,NULL,1441224635314,0,100% bearish,of 1 rating,N/A
CAVM,$66.58,1441224635486,"156,624",67% bearish,of 3 ratings,$72
CVCO,$72.38,1441224635517,"15,804",100% bearish,of 1 rating,N/A
CBFV,$21.4899,1441224635568,807,Not yet rated,NULL,$25
CNLMW,NULL,1441224635922,0,Not yet rated,NULL,N/A
CNLMU,NULL,1441224635951,0,100% bullish,of 1 rating,N/A
CBOE,$63.47,1441224635985,"335,250",Not yet rated,NULL,$60
CNLMR,NULL,1441224636005,0,Not yet rated,NULL,N/A
CNLM,$9.92,1441224636039,100,Not yet rated,NULL,N/A
CECE,$9.7,1441224636060,"52,456",50% bullish,of 2 ratings,$16
CDW,$38.65,1441224636091,"492,084",75% bullish,of 4 ratings,$44
CDK,$48.56,1441224636139,"187,721",67% bearish,of 3 ratings,$50
CELGZ,$1.84,1441224636310,"14,810",80% bullish,of 5 ratings,N/A
CPXX,$2.2376,1441224636412,"114,004",100% bullish,of 2 ratings,$7
CLDN,$1.15,1441224636437,"74,671",71% bullish,of 7 ratings,$3
CELG,$118.95,1441224636464,"2,834,269",92% bullish,of 13 ratings,$156
CLDX,$14.81,1441224636485,"469,955",89% bullish,of 9 ratings,$36
CLRB,$3.08,1441224636616,726,100% bearish,of 1 rating,N/A
CLLS,$32.43,1441224636641,"44,116",75% bullish,of 4 ratings,$51.50
CLRBW,$0.9201,1441224636723,"1,000",Not yet rated,NULL,N/A
CLTX,$2.1301,1441224636824,"187,366",100% bullish,of 2 ratings,N/A
CBMG,$23.72,1441224636857,"85,076",50% bullish,of 2 ratings,N/A
CYAD,$49.76,1441224636958,"5,270",100% bullish,of 1 rating,$87.50
CETX,$2.3999,1441224636983,"8,794",Not yet rated,NULL,$5.60
CLSN,$2.02,1441224637010,"20,320",80% bullish,of 10 ratings,$7.50
CEMP,$34.78,1441224637042,"268,220",71% bullish,of 7 ratings,$52
CSFL,$13.67,1441224637331,"45,225",Not yet rated,NULL,$15
CFBK,$1.37,1441224637397,800,Not yet rated,NULL,N/A
CENT,$13.3,1441224637498,"99,986",Not yet rated,NULL,$10
CETV,$2.1,1441224637548,"37,678",67% bullish,of 3 ratings,$2.80
CENTA,$13.62,1441224637599,"106,428",Not yet rated,NULL,N/A
CNTY,$5.95,1441224637648,"12,988",80% bullish,of 5 ratings,$7.75
CVCY,$11.7,1441224637675,"2,961",Not yet rated,NULL,$12
CENX,$5.17,1441224637696,"1,455,514",67% bullish,of 6 ratings,$9
CNBKA,$41.31,1441224637752,201,50% bullish,of 2 ratings,N/A
CPHD,$48.07,1441224637831,"222,770",67% bearish,of 3 ratings,$66.50
CERE,$1.07,1441224637910,"180,614",88% bullish,of 8 ratings,N/A
CRNT,$1.3999,1441224637961,"59,608",50% bullish,of 2 ratings,$2
CERU,$4.21,1441224638063,"19,858",75% bullish,of 4 ratings,$14
CERS,$5.06,1441224638091,"478,456",75% bullish,of 4 ratings,$7
CERN,$60.86,1441224638116,"695,673",67% bullish,of 3 ratings,$79
KOOL,$0.6768,1441224638141,"22,445",100% bullish,of 5 ratings,$7
CEVA,$18.86,1441224638431,"18,082",100% bearish,of 1 rating,$25
CTHR,$1.355,1441224638517,"1,671",50% bullish,of 2 ratings,$2.50
CYOU,$19.45,1441224638548,"140,995",50% bullish,of 6 ratings,$24
GTLS,$23.16,1441224638575,"347,834",50% bullish,of 4 ratings,$40
HOTRW,$0.205,1441224638596,200,Not yet rated,NULL,N/A
HOTR,$1.3901,1441224638644,"59,237",100% bullish,of 2 ratings,$5
CHFN,$12.245,1441224638777,"16,109",Not yet rated,NULL,$14
CHEK,$2.33,1441224638802,"3,981",Not yet rated,NULL,$7.75
CHTR,$179,1441224638938,"408,559",100% bearish,of 2 ratings,$202
CHEKW,$0.74,1441224638962,115,Not yet rated,NULL,N/A
CHKP,$78.35,1441224639022,"846,423",50% bullish,of 4 ratings,$92
CHFC,$30.7,1441224639127,"30,068",100% bearish,of 1 rating,$36
CEMI,$4.23,1441224639161,"10,947",50% bullish,of 2 ratings,$7.50
CCXI,$6.58,1441224639210,"20,366",67% bullish,of 3 ratings,$14
CHMG,$26.38,1441224639367,"1,200",Not yet rated,NULL,$30
CHKE,$25.78,1441224639522,"26,882",100% bearish,of 1 rating,$32.50
CHEV,$14.5401,1441224639568,"4,198",Not yet rated,NULL,N/A
CHMA,$27.85,1441224639656,"107,153",Not yet rated,NULL,$40
CBNK,NULL,1441224639796,0,100% bearish,of 1 rating,N/A
PLCE,$59.22,1441224639830,"137,716",100% bearish,of 1 rating,$69
CAAS,$6.06,1441224639861,"8,970",93% bullish,of 14 ratings,$11.50
CADC,$3.33,1441224639888,200,78% bullish,of 9 ratings,N/A
CMRX,$50.64,1441224639928,"135,465",50% bullish,of 2 ratings,$57
CALI,$0.8461,1441224639956,"22,235",67% bullish,of 3 ratings,N/A
CBPO,$96.16,1441224640087,"64,356",75% bullish,of 8 ratings,$140.50
CBAK,$1.77,1441224640115,"57,184",67% bullish,of 9 ratings,N/A
CCCL,NULL,1441224640169,0,100% bullish,of 6 ratings,N/A
CCCR,$0.7389,1441224640257,"2,845",67% bearish,of 3 ratings,N/A
JRJC,$3.42,1441224640284,"98,958",82% bullish,of 11 ratings,N/A
CHOP,$1.1599,1441224640355,"3,610",50% bullish,of 2 ratings,N/A
HGSH,$1.73,1441224640458,"6,003",67% bullish,of 3 ratings,N/A
CNIT,$1.18,1441224640588,"98,549",67% bullish,of 6 ratings,N/A
CHLN,$1.9365,1441224640613,"2,680",67% bullish,of 3 ratings,N/A
CJJD,$1.8,1441224640642,"3,878",100% bullish,of 1 rating,N/A
HTHT,$25.54,1441224640747,"71,788",50% bullish,of 2 ratings,$28.40
CPGI,NULL,1441224640774,0,Not yet rated,NULL,N/A
CREG,$0.65,1441224640803,"4,650",100% bullish,of 3 ratings,N/A
CHNR,$1.4799,1441224640830,"1,018",100% bearish,of 1 rating,N/A
CSUN,$1.4084,1441224640982,"4,426",80% bullish,of 5 ratings,N/A
CNTF,$0.8001,1441224641082,"21,822",Not yet rated,NULL,N/A
CXDC,$5.94,1441224641112,"15,177",67% bearish,of 3 ratings,N/A
CNYD,$3.15,1441224641137,410,67% bullish,of 3 ratings,N/A
CCIH,$7.16,1441224641211,"37,403",67% bullish,of 6 ratings,$12.65
IMOS,$18.82,1441224641310,"152,886",60% bullish,of 5 ratings,$21.50
CNET,$0.8341,1441224641337,"7,112",50% bullish,of 2 ratings,N/A
CHSCL,$27.11,1441224641485,"21,412",Not yet rated,NULL,N/A
CHSCN,$27.04,1441224641584,"10,883",Not yet rated,NULL,N/A
CHSCP,$30.461,1441224641683,"4,217",Not yet rated,NULL,N/A
CHSCO,$28.3906,1441224641710,"1,972",Not yet rated,NULL,N/A
CHUY,$31.69,1441224641862,"129,986",50% bullish,of 2 ratings,$34
CHDN,$132.95,1441224641899,"37,921",Not yet rated,NULL,$165
CHSCM,$26.24,1441224641959,"12,869",Not yet rated,NULL,N/A
CDTX,$14.16,1441224641989,"5,281",Not yet rated,NULL,$22
CIFC,$7.02,1441224642027,"1,291",100% bearish,of 1 rating,N/A
CMCT,$15.5,1441224642404,225,100% bearish,of 1 rating,N/A
CTAS,$84.36,1441224642538,"198,343",100% bearish,of 1 rating,$91
CMPR,$69.25,1441224642559,"118,767",50% bullish,of 2 ratings,$72.50
CPHR,$5.23,1441224642642,"10,655",100% bearish,of 1 rating,$17
CINF,$52.07,1441224642691,"334,260",50% bullish,of 4 ratings,$50.50
CIDM,$0.5718,1441224642722,"16,481",50% bullish,of 2 ratings,$2.10
CSCO,$25.65,1441224642846,"12,516,066",83% bullish,of 210 ratings,$32
CTRN,$26.01,1441224642872,"38,444",100% bearish,of 1 rating,$31.50
CZNC,$19.45,1441224642952,"2,093",Not yet rated,NULL,N/A
CZWI,$8.95,1441224643000,307,Not yet rated,NULL,N/A
CRUS,$29.31,1441224643027,"381,307",75% bullish,of 12 ratings,$44.50
CZFC,NULL,1441224643164,0,Not yet rated,NULL,N/A
CHCO,$47.26,1441224643195,"21,946",Not yet rated,NULL,$46
CTXS,$67.02,1441224643229,"1,467,935",86% bullish,of 7 ratings,$80
CIZN,$19.62,1441224643255,100,Not yet rated,NULL,N/A
CIVB,$10,1441224643324,"1,062",Not yet rated,NULL,$11
CDTI,$1.56,1441224643590,"112,317",75% bullish,of 4 ratings,$3.20
CLRO,$11.36,1441224643614,"7,308",50% bullish,of 2 ratings,$14.25
CIVBP,NULL,1441224643642,0,Not yet rated,NULL,N/A
CLNE,$5.05,1441224643663,"451,798",80% bullish,of 15 ratings,$9
CLFD,$17.08,1441224643699,"31,941",67% bullish,of 3 ratings,$18
CBLI,$4.27,1441224643797,"265,671",60% bullish,of 5 ratings,N/A
CLNT,$1.5622,1441224643825,"13,796",75% bullish,of 8 ratings,N/A
CLIR,$5.024,1441224643850,"14,333",100% bullish,of 3 ratings,N/A
CMFN,$11.44,1441224643986,"9,621",100% bearish,of 1 rating,$15.50
CSBK,$13.82,1441224644012,"27,838",Not yet rated,NULL,N/A
CLVS,$82.82,1441224644045,"231,233",60% bullish,of 5 ratings,$101.50
CME,$92.06,1441224644154,"589,291",67% bullish,of 3 ratings,$102
CCNE,$17.02,1441224644313,"6,262",50% bullish,of 2 ratings,$21.50
CWAY,$11.15,1441224644443,"6,432",Not yet rated,NULL,N/A
CISG,$7.91,1441224644471,"17,236",100% bullish,of 5 ratings,$10
CNV,$4.45,1441224644492,"9,326",50% bullish,of 2 ratings,$7.15
CDRB,$8.65,1441224644640,"177,319",67% bullish,of 3 ratings,N/A
COKE,$159.31,1441224644679,"10,183",79% bullish,of 19 ratings,N/A
COBZ,$12.67,1441224644731,"49,438",100% bullish,of 1 rating,$14
CDXS,$3.581,1441224644771,"7,961",64% bullish,of 11 ratings,$6
JVA,$4.7175,1441224644901,"18,258",83% bullish,of 6 ratings,$7
CGNT,$1.56,1441224644936,"11,561",100% bullish,of 2 ratings,$2
CCOI,$27.28,1441224644957,"166,800",50% bullish,of 4 ratings,$35
CVLY,$20.527,1441224644992,100,Not yet rated,NULL,N/A
CTSH,$62.19,1441224645034,"1,663,489",90% bullish,of 10 ratings,$75
CGNX,$34.72,1441224645088,"184,561",50% bullish,of 2 ratings,$47
COHR,$55.93,1441224645184,"59,971",50% bullish,of 2 ratings,$72
CHRS,$27.45,1441224645325,"24,956",67% bearish,of 3 ratings,$37
COHU,$9.48,1441224645384,"43,346",100% bearish,of 1 rating,$14.25
CLRX,$0.66,1441224645404,"96,559",50% bullish,of 2 ratings,N/A
COLL,$14.96,1441224645485,"102,822",100% bearish,of 1 rating,$26
CBAN,$8.98,1441224645542,401,Not yet rated,NULL,N/A
CLCT,$17.5999,1441224645573,"26,646",100% bearish,of 1 rating,N/A
CIGI,$45.28,1441224645594,"41,066",100% bearish,of 1 rating,$52
CLCD,$6.07,1441224645677,"41,645",100% bearish,of 1 rating,$20.50
COLM,$60.78,1441224645727,"68,923",100% bearish,of 1 rating,$71
COLB,$29.36,1441224645752,"118,545",Not yet rated,NULL,$36
CMCSK,$56.88,1441224646121,"1,855,667",Not yet rated,NULL,$84
CBMX,$1.151,1441224646162,"11,564",83% bullish,of 6 ratings,$3.15
CBSH,$43.34,1441224646214,"187,262",50% bullish,of 2 ratings,$46
CMCSA,$55.69,1441224646241,"9,479,314",66% bullish,of 35 ratings,$69.50
CMCO,$18.92,1441224646270,"44,168",60% bullish,of 5 ratings,$28
CBSHP,$25.45,1441224646372,"1,500",100% bearish,of 1 rating,N/A
CSAL,$20.45,1441224646663,"395,120",75% bullish,of 4 ratings,$30
COMM,$32.225,1441224646689,"678,977",67% bearish,of 3 ratings,$35
CUBN,$13.4,1441224646709,"3,573",Not yet rated,NULL,N/A
JCS,$9.26,1441224646849,"1,613",67% bullish,of 3 ratings,N/A
CTBI,$34.61,1441224646890,"9,374",Not yet rated,NULL,$36
CYHHZ,$0.0109,1441224646921,"27,141",100% bullish,of 1 rating,N/A
ESXB,$5.09,1441224646950,101,Not yet rated,NULL,N/A
CVGI,$4.92,1441224646998,"45,462",50% bullish,of 2 ratings,$6
CWBC,$6.84,1441224647029,"48,762",Not yet rated,NULL,N/A
COB,$10.46,1441224647131,"4,970",100% bullish,of 1 rating,$11.75
CIZ,NULL,1441224647278,0,100% bearish,of 1 rating,N/A
CVLT,$35.21,1441224647310,"132,432",75% bullish,of 4 ratings,$44.50
CIL,NULL,1441224647383,0,Not yet rated,NULL,N/A
CID,NULL,1441224647407,0,Not yet rated,NULL,N/A
CSF,$36.16,1441224647552,"1,540",100% bearish,of 1 rating,N/A
CSA,$32.4701,1441224647577,255,Not yet rated,NULL,N/A
CDC,$34.01,1441224647608,"31,547",Not yet rated,NULL,N/A
CFO,$34.85,1441224647629,"5,298",100% bearish,of 1 rating,N/A
CFA,$34.74,1441224647657,625,100% bearish,of 1 rating,N/A
CDL,$32.94,1441224647869,180,Not yet rated,NULL,N/A
CPSI,$45.48,1441224647906,"56,478",100% bearish,of 1 rating,$45.50
CSB,$32.3,1441224647940,"1,172",Not yet rated,NULL,N/A
CGEN,$4.96,1441224648007,"35,281",50% bullish,of 2 ratings,$11
SCOR,$44.4,1441224648037,"1,125,189",100% bearish,of 1 rating,$66
CTG,$6.72,1441224648063,"10,537",100% bearish,of 1 rating,$8.50
CHCI,$0.6784,1441224648088,"1,600",50% bullish,of 2 ratings,N/A
CNAT,$3.99,1441224648306,"74,964",83% bullish,of 6 ratings,$13
CNSI,$17.99,1441224648338,"51,820",100% bearish,of 2 ratings,$29
CMTL,$25.57,1441224648368,"38,704",100% bearish,of 2 ratings,$37
CNCE,$16.49,1441224648444,"75,537",75% bullish,of 4 ratings,$22
CCUR,$5.33,1441224648473,"18,851",75% bullish,of 4 ratings,N/A
CDOR,$1.28,1441224648522,"2,785",100% bullish,of 1 rating,N/A
CXRX,$79.808,1441224648555,"1,006",100% bearish,of 1 rating,$90
CDORO,$19,1441224648581,160,100% bearish,of 1 rating,N/A
CDORP,$6.5501,1441224648654,"1,133",100% bearish,of 1 rating,N/A
CFMS,$14.19,1441224648737,"339,778",100% bearish,of 1 rating,$26.50
CTWS,$34.81,1441224648864,"14,378",100% bearish,of 1 rating,$44
CNOB,$18.99,1441224648893,"14,587",100% bullish,of 1 rating,$23.50
CNFR,$10.12,1441224648919,"1,754",Not yet rated,NULL,N/A
CNMD,$51.09,1441224649000,"156,431",Not yet rated,NULL,$59
CONN,$28.5,1441224649051,"304,388",67% bullish,of 3 ratings,$48.50
CNXR,$6.99,1441224649104,"62,162",100% bearish,of 1 rating,$12
CNSL,$19.32,1441224649305,"112,350",100% bearish,of 1 rating,$23
CTCT,$24.1,1441224649398,"104,141",67% bullish,of 3 ratings,$37
CPSS,$5.64,1441224649426,"19,313",100% bullish,of 1 rating,$10
CFRXW,NULL,1441224649446,0,100% bearish,of 1 rating,N/A
CWCO,$10.3,1441224649471,"35,841",67% bullish,of 3 ratings,$14.50
CFRX,$4.77,1441224649512,"10,298",Not yet rated,NULL,$14
CFRXZ,$0.439,1441224649614,"1,850",Not yet rated,NULL,N/A
CTRV,$3.77,1441224649642,"8,263",Not yet rated,NULL,$6.40
CTRL,$8.32,1441224649669,"51,459",50% bullish,of 2 ratings,$11
CPRT,$34.935,1441224649818,"231,386",67% bearish,of 3 ratings,$40
CRBP,$1.9,1441224649843,"132,430",100% bullish,of 2 ratings,$6.25
CORT,$5.02,1441224649875,"193,067",67% bullish,of 3 ratings,$12
BVA,NULL,1441224649976,0,50% bullish,of 2 ratings,N/A
CORI,$10.72,1441224650006,"44,609",100% bearish,of 1 rating,$18
CSOD,$36.13,1441224650107,"189,364",50% bullish,of 2 ratings,$42
CORE,$60.27,1441224650165,"57,104",100% bearish,of 1 rating,$72
COSI,$1.12,1441224650299,"34,076",100% bullish,of 1 rating,N/A
CSGP,$174.35,1441224650328,"77,832",50% bullish,of 2 ratings,$235
CRVL,$30.96,1441224650348,"12,415",100% bearish,of 1 rating,N/A
COST,$139.81,1441224650585,"868,454",79% bullish,of 24 ratings,$154.50
CPAH,$0.4305,1441224650676,400,50% bullish,of 2 ratings,N/A
ICBK,$18.4,1441224650706,"1,300",Not yet rated,NULL,$21
COVS,$2.53,1441224650734,"42,879",67% bullish,of 3 ratings,N/A
COWN,$5.115,1441224650755,"438,813",75% bullish,of 4 ratings,$7
CVTI,$22.67,1441224650776,"56,293",67% bearish,of 3 ratings,$39
COWNL,$26.4399,1441224650812,"1,850",Not yet rated,NULL,N/A
CBRL,$145,1441224651069,"88,330",50% bullish,of 2 ratings,$155
CRAI,$23.455,1441224651095,"32,157",100% bearish,of 1 rating,$36
BREW,$7.75,1441224651123,"8,754",67% bullish,of 6 ratings,$15
CPSH,$2.377,1441224651153,"4,400",Not yet rated,NULL,N/A
CRAY,$20.52,1441224651223,"123,330",83% bullish,of 6 ratings,$38.50
CACC,$201.06,1441224651249,"96,521",50% bullish,of 2 ratings,$158.50
GLDI,$11.054,1441224651411,"4,219",100% bearish,of 1 rating,N/A
CREE,$26.26,1441224651436,"619,434",65% bullish,of 17 ratings,$29.50
SLVO,$10.16,1441224651460,"2,785",100% bearish,of 1 rating,N/A
CRTO,$38.23,1441224651489,"378,381",67% bullish,of 6 ratings,$64
CROX,$14.12,1441224651519,"374,200",63% bullish,of 8 ratings,$16.50
CRESY,$10.08,1441224651619,"24,141",100% bearish,of 1 rating,$19
CCRN,$14.16,1441224651648,"101,486",100% bearish,of 1 rating,$14.25
CRDS,$0.95,1441224651675,"54,663",50% bullish,of 4 ratings,$4.50
CRWS,$7.99,1441224651823,"11,080",Not yet rated,NULL,$10
CRWN,$4.92,1441224651908,"177,969",75% bullish,of 4 ratings,N/A
CYRXW,$0.7684,1441224652042,"8,000",Not yet rated,NULL,N/A
CTIC,$1.57,1441224652098,"270,509",84% bullish,of 76 ratings,$5.75
CSGS,$30.34,1441224652127,"107,189",Not yet rated,NULL,$40
CCLP,$14.3599,1441224652153,"40,781",67% bearish,of 3 ratings,$20
CYRX,$2.92,1441224652231,913,Not yet rated,NULL,$9
CSPI,$5.6988,1441224652285,"9,773",67% bullish,of 3 ratings,N/A
CTCM,$1.67,1441224652318,"62,828",80% bearish,of 5 ratings,$3.90
CTIB,$3.7455,1441224652339,"1,000",100% bearish,of 1 rating,N/A
CTRP,$65.46,1441224652419,"662,249",75% bullish,of 8 ratings,$92.50
CUNB,$21.87,1441224652468,"14,381",Not yet rated,NULL,$24.50
CUI,$5.56,1441224652502,"23,246",50% bullish,of 2 ratings,$10
CPIX,$6.0401,1441224652566,"5,613",Not yet rated,NULL,N/A
CRIS,$2.68,1441224652699,"148,084",100% bullish,of 8 ratings,$6
CMLS,$1.32,1441224652724,"264,278",50% bullish,of 4 ratings,$6
CUTR,$14.92,1441224652902,"33,333",67% bearish,of 3 ratings,$18
CVBF,$15.91,1441224652927,"167,394",Not yet rated,NULL,$18
CVV,$11.34,1441224652980,"8,959",100% bullish,of 5 ratings,N/A
CYBE,$6.72,1441224653083,"4,353",100% bearish,of 1 rating,N/A
CYBX,$63.89,1441224653114,"138,088",50% bullish,of 4 ratings,$71.50
CYAN,$6.5,1441224653143,"2,680",100% bearish,of 1 rating,N/A
CYBR,$50.72,1441224653179,"650,232",75% bullish,of 8 ratings,$68.50
CYCCP,NULL,1441224653213,0,100% bearish,of 1 rating,N/A
CBAY,$2.63,1441224653241,"26,084",100% bullish,of 1 rating,$4
CYNA,$16.19,1441224653271,"16,927",50% bullish,of 2 ratings,$31.50
CYCC,$0.5598,1441224653451,"39,924",73% bullish,of 11 ratings,N/A
CYNO,$31.87,1441224653476,"107,633",67% bearish,of 3 ratings,$45.50
CY,$10.24,1441224653522,"5,962,977",80% bullish,of 10 ratings,$15.50
CYRN,$1.78,1441224653617,"1,800",67% bullish,of 3 ratings,$4
CYTK,$7.18,1441224653752,"181,578",71% bullish,of 14 ratings,$13.50
TVIZ,$23.62,1441224653827,"13,735",100% bearish,of 1 rating,N/A
CYTR,$2.37,1441224653881,"185,694",67% bullish,of 6 ratings,$10
CYTX,$0.3522,1441224653913,"1,025,660",83% bullish,of 12 ratings,$5.50
CONE,$31.079,1441224653933,"153,387",67% bearish,of 3 ratings,$35.50
CTSO,$7.33,1441224653971,"89,146",Not yet rated,NULL,$15.625
TVIX,$15.25,1441224653999,"10,983,339",81% bullish,of 16 ratings,N/A
DAEG,$0.3535,1441224654025,"8,728",100% bearish,of 1 rating,N/A
ZIV,$36.26,1441224654061,"115,072",Not yet rated,NULL,N/A
XIV,$24.32,1441224654222,"15,895,659",75% bearish,of 4 ratings,N/A
DAKT,$8.585,1441224654403,"100,737",50% bullish,of 2 ratings,$12
DJCO,$196,1441224654442,202,Not yet rated,NULL,N/A
DARA,$0.8451,1441224654466,"17,609",83% bullish,of 6 ratings,$1.50
DAIO,$2.65,1441224654596,"3,954",Not yet rated,NULL,N/A
DWCH,$5.05,1441224654623,"9,586",75% bullish,of 4 ratings,$8.25
DRAM,$1.35,1441224654644,"5,092",78% bullish,of 9 ratings,N/A
DTLK,$5.56,1441224654665,"33,920",100% bearish,of 1 rating,$9
PLAY,$35.59,1441224654703,"136,050",100% bullish,of 5 ratings,$42
DBVT,$38.06,1441224654801,"49,731",100% bearish,of 1 rating,$53
DTEA,$12.97,1441224654886,"26,349",100% bearish,of 2 ratings,$24
DWSN,$4.4,1441224654916,"15,413",67% bullish,of 3 ratings,N/A
DHRM,$1.63,1441224654990,"2,190",Not yet rated,NULL,N/A
TACO,$12.9,1441224655064,"150,782",75% bullish,of 4 ratings,$20
DFRG,$14.45,1441224655091,"115,967",100% bearish,of 1 rating,$20
TRAK,$62.81,1441224655116,"273,540",50% bullish,of 2 ratings,$62.50
DCTH,$0.4097,1441224655357,"115,399",78% bullish,of 9 ratings,N/A
DGAS,$20.67,1441224655521,"1,010",67% bearish,of 3 ratings,N/A
TACOW,$4.378,1441224655574,"156,100",100% bullish,of 1 rating,N/A
DEPO,$26.86,1441224655652,"362,889",60% bullish,of 5 ratings,$29
DENN,$11.25,1441224655709,"223,844",100% bullish,of 3 ratings,$15
DSCI,$5.96,1441224655738,"39,889",50% bullish,of 2 ratings,$16
DELT,$2.24,1441224655781,200,Not yet rated,NULL,N/A
XRAY,$51.59,1441224655810,"260,802",100% bullish,of 1 rating,$58
DELTW,NULL,1441224655838,0,Not yet rated,NULL,N/A
DERM,$26.22,1441224655865,"39,931",100% bearish,of 1 rating,$33.50
DEST,$10.83,1441224655945,"40,546",50% bullish,of 2 ratings,N/A
DSWL,$1.57,1441224656092,"13,304",100% bullish,of 1 rating,N/A
DXM,$0.28,1441224656147,"269,096",50% bullish,of 2 ratings,N/A
DXCM,$89.04,1441224656226,"265,031",57% bullish,of 7 ratings,$98
DHXM,$6.8,1441224656259,500,Not yet rated,NULL,N/A
DXLG,$6.51,1441224656279,"131,896",100% bearish,of 1 rating,$8
DMND,$30.19,1441224656352,"91,366",75% bullish,of 12 ratings,$32
FANG,$67.11,1441224656458,"598,740",50% bullish,of 2 ratings,$86
DCIX,$1.5789,1441224656559,"44,441",50% bullish,of 4 ratings,$3.50
DRAD,$3.77,1441224656588,"11,144",100% bullish,of 1 rating,$5.25
DGII,$10.16,1441224656617,"9,592",100% bearish,of 1 rating,$11
DHIL,$191.22,1441224656643,946,Not yet rated,NULL,N/A
DRNA,$11.3,1441224656696,"89,844",67% bearish,of 3 ratings,$25
DMRC,$39.01,1441224656778,"29,524",100% bearish,of 1 rating,$44
APPS,$2.21,1441224656813,"403,131",100% bearish,of 1 rating,$10.25
DGLY,$7.19,1441224656839,"192,228",50% bullish,of 6 ratings,$20
DCOM,$16.54,1441224656920,"32,839",100% bearish,of 2 ratings,$16
DPRX,$14.85,1441224657086,"11,055",100% bullish,of 2 ratings,$27.75
DIOD,$19.49,1441224657111,"64,649",75% bearish,of 4 ratings,$24
DISCA,$26.64,1441224657166,"1,295,868",67% bullish,of 3 ratings,$34
DISCB,NULL,1441224657250,0,100% bearish,of 1 rating,$35
DSCO,$0.422,1441224657275,"199,482",83% bullish,of 6 ratings,$2.75
DISH,$58.89,1441224657320,"932,890",69% bullish,of 13 ratings,$73
DISCK,$25.38,1441224657350,"502,472",100% bearish,of 1 rating,$32
DVCR,$10.94,1441224657413,"2,511",100% bullish,of 1 rating,N/A
DNBF,$26.05,1441224657446,"1,428",Not yet rated,NULL,$27.50
DLHC,$2.6624,1441224657549,"2,786",100% bearish,of 1 rating,N/A
BAGR,$2.72,1441224657577,"9,500",100% bearish,of 1 rating,$6
DLTR,$67.28,1441224657608,"5,817,943",82% bullish,of 11 ratings,$88
DGICA,$14.03,1441224657710,"16,186",100% bearish,of 1 rating,$17
DGICB,NULL,1441224657747,0,100% bearish,of 1 rating,N/A
DMLP,$14.75,1441224657773,"40,813",100% bearish,of 1 rating,N/A
DORM,$50.2,1441224657904,"171,106",100% bearish,of 1 rating,$56
HILL,$9.6478,1441224658007,"747,724",60% bearish,of 5 ratings,$9.75
DRWIW,NULL,1441224658033,0,Not yet rated,NULL,N/A
DRWI,$0.2136,1441224658077,"1,228,872",60% bullish,of 5 ratings,$.45
DRYS,$0.436,1441224658112,"1,090,642",77% bullish,of 31 ratings,$.60
DWA,$19.98,1441224658169,"868,845",63% bullish,of 8 ratings,$26
DSPG,$8.68,1441224658243,"16,563",100% bearish,of 1 rating,$13.50
DSKX,$3.44,1441224658268,"102,960",100% bullish,of 1 rating,N/A
CADT,$9.98,1441224658295,300,Not yet rated,NULL,N/A
CADTU,NULL,1441224658470,0,Not yet rated,NULL,N/A
CADTW,NULL,1441224658497,0,Not yet rated,NULL,N/A
DTSI,$28.3,1441224658524,"129,579",100% bearish,of 2 ratings,$39.50
CADTR,NULL,1441224658555,0,Not yet rated,NULL,N/A
DNKN,$48.71,1441224658627,"1,061,252",67% bullish,of 15 ratings,$56.50
DXPE,$29.79,1441224658711,"108,751",50% bullish,of 2 ratings,N/A
DRRX,$2.06,1441224658789,"179,414",50% bullish,of 6 ratings,$3
DYAX,$22.89,1441224658854,"236,317",89% bullish,of 9 ratings,$30
BOOM,$10.6,1441224659052,"95,985",67% bullish,of 3 ratings,$12
DVAX,$28.65,1441224659098,"127,382",70% bullish,of 10 ratings,$40
DYNT,$3,1441224659130,"3,927",75% bullish,of 4 ratings,N/A
DYSL,$1.457,1441224659189,"16,530",100% bullish,of 2 ratings,N/A
EGBN,$40.99,1441224659216,"98,689",Not yet rated,NULL,$48
EBMT,$11.64,1441224659247,"1,400",Not yet rated,NULL,$13.50
ETFC,$25.25,1441224659273,"1,282,778",57% bullish,of 14 ratings,$32.50
EGLE,$6.98,1441224659294,"10,881",60% bullish,of 5 ratings,N/A
EGRX,$82,1441224659466,"108,435",67% bullish,of 3 ratings,$97
EROC,$1.49,1441224659533,"144,714",50% bullish,of 2 ratings,$3
ELNK,$8.39,1441224659563,"470,698",60% bullish,of 5 ratings,$9.50
EACQU,$10.15,1441224659662,"1,400",Not yet rated,NULL,N/A
EWBC,$38.81,1441224659689,"401,677",100% bearish,of 1 rating,$50
EVBS,$6.5001,1441224659767,"2,550",Not yet rated,NULL,$7
EBAY,$26.74,1441224659826,"5,519,620",81% bullish,of 117 ratings,$34
EBIX,$28.13,1441224660278,"115,659",69% bullish,of 13 ratings,$40
ELON,$0.5926,1441224660326,"14,979",50% bullish,of 2 ratings,N/A
ECHO,$21.91,1441224660362,"459,507",67% bearish,of 3 ratings,$34.50
EML,$16.25,1441224660413,"3,446",Not yet rated,NULL,N/A
EEI,$11.703,1441224660443,"10,921",67% bearish,of 3 ratings,N/A
ECACU,$10.1,1441224660475,200,Not yet rated,NULL,N/A
ECTE,$1.46,1441224660496,"5,494",75% bullish,of 4 ratings,N/A
SATS,$44.06,1441224660529,"67,392",50% bullish,of 2 ratings,$60
ESES,$3.99,1441224660668,"2,076",100% bearish,of 1 rating,$7
EDAP,$3.6153,1441224660852,"17,233",60% bullish,of 5 ratings,$4.50
EDGW,$7.1601,1441224660894,"2,159",100% bearish,of 1 rating,N/A
EDUC,$6.35,1441224660955,"55,646",100% bearish,of 1 rating,N/A
EFUT,$4.6611,1441224660983,"1,400",Not yet rated,NULL,N/A
EGAN,$3.69,1441224661114,"6,225",50% bullish,of 2 ratings,$6.25
EHTH,$15.04,1441224661144,"83,332",50% bullish,of 4 ratings,$16.50
EGLT,$12.6,1441224661177,"83,649",50% bullish,of 2 ratings,$21
ESLT,$78.661,1441224661202,"5,033",67% bullish,of 3 ratings,N/A
LOCO,$12.62,1441224661247,"289,016",69% bullish,of 13 ratings,$19.50
EMITF,$1.23,1441224661276,"4,472",75% bullish,of 4 ratings,N/A
ELRC,$10.61,1441224661374,"17,297",100% bearish,of 1 rating,N/A
ERI,$9.37,1441224661510,"85,104",100% bearish,of 1 rating,$10
EA,$64.46,1441224661538,"1,651,132",78% bullish,of 36 ratings,$80
ESIO,$4.5,1441224661563,"36,368",50% bullish,of 2 ratings,$10
EFII,$43.21,1441224661588,"69,639",80% bullish,of 5 ratings,$55
ELSE,$3.9001,1441224661819,"2,000",60% bullish,of 5 ratings,N/A
RDEN,$11.37,1441224661892,"51,935",100% bearish,of 4 ratings,$15
ELECW,NULL,1441224661922,0,Not yet rated,NULL,N/A
ELECU,$9.99,1441224661953,"6,100",Not yet rated,NULL,N/A
LONG,$16.8025,1441224661983,"2,908",67% bullish,of 3 ratings,$15.75
ESBK,$19.85,1441224662019,639,Not yet rated,NULL,N/A
EBIO,$3.51,1441224662049,"144,017",100% bearish,of 2 ratings,$8.35
ELEC,NULL,1441224662086,0,Not yet rated,NULL,N/A
CAPX,$22.4599,1441224662184,101,Not yet rated,NULL,N/A
ELTK,$1.35,1441224662291,"41,840",67% bearish,of 3 ratings,N/A
EMCI,$22.56,1441224662338,"19,692",Not yet rated,NULL,N/A
EMCF,NULL,1441224662395,0,100% bearish,of 1 rating,N/A
EMKR,$6.91,1441224662550,"50,638",75% bullish,of 4 ratings,$8.50
EMMS,$1.1532,1441224662581,"14,524",83% bullish,of 6 ratings,N/A
EMMSP,$3.2,1441224662603,325,100% bearish,of 1 rating,N/A
ERS,$3.3999,1441224662686,"11,165",Not yet rated,NULL,N/A
ENTA,$38.89,1441224662732,"82,450",50% bullish,of 2 ratings,$42
NYNY,$4.26,1441224662757,"14,703",50% bullish,of 2 ratings,N/A
WIRE,$31.52,1441224662838,"46,080",100% bearish,of 1 rating,$37
ECPG,$38.57,1441224663003,"107,529",100% bullish,of 2 ratings,$52
ENDP,$74.56,1441224663054,"561,966",50% bullish,of 6 ratings,$101.50
ELGX,$12.56,1441224663089,"261,935",75% bullish,of 4 ratings,$17
ECYT,$5.26,1441224663118,"139,421",83% bullish,of 6 ratings,$12
EIGI,$14.84,1441224663144,"259,672",67% bearish,of 3 ratings,$22.50
EFOI,$24.54,1441224663184,"922,255",50% bullish,of 2 ratings,$24.50
WATT,$6.932,1441224663217,"22,972",50% bullish,of 2 ratings,$13
ERII,$2.59,1441224663515,"50,606",80% bullish,of 5 ratings,$2.50
ENOC,$8.96,1441224663544,"92,575",75% bullish,of 4 ratings,$18
EXXI,$1.76,1441224663570,"985,845",86% bullish,of 7 ratings,$3.50
ENPH,$4.42,1441224663603,"435,359",75% bullish,of 4 ratings,$11
ENG,$1.0232,1441224663629,"36,634",100% bullish,of 3 ratings,N/A
ESGR,$148.63,1441224663703,"40,639",100% bearish,of 1 rating,$185
ENTG,$13.43,1441224663728,"151,741",100% bearish,of 1 rating,$18
ENFC,$17.54,1441224663755,"1,200",Not yet rated,NULL,N/A
EBTC,$21.35,1441224663894,510,Not yet rated,NULL,N/A
ETRM,$0.314,1441224663920,"4,744,754",69% bearish,of 35 ratings,$1.625
EFSC,$23.89,1441224663978,"13,659",Not yet rated,NULL,$27
ENVI,$1.8899,1441224664054,"27,341",67% bullish,of 3 ratings,N/A
ENTL,$21.92,1441224664081,"21,720",Not yet rated,NULL,$28
EGT,$1.988,1441224664107,"6,101",100% bullish,of 1 rating,N/A
ENZN,$0.9997,1441224664217,"205,859",100% bullish,of 9 ratings,N/A
ENZY,$10.49,1441224664398,"39,032",67% bullish,of 3 ratings,$9.50
EPRS,$5.08,1441224664428,"18,689",82% bullish,of 11 ratings,$15
EPIQ,$12.73,1441224664472,"31,144",100% bearish,of 1 rating,$18
EQIX,$268.49,1441224664498,"425,729",75% bullish,of 4 ratings,$312.50
EPZM,$20.34,1441224664528,"232,067",60% bullish,of 5 ratings,$34
PLUS,$73.07,1441224664630,"37,085",50% bullish,of 2 ratings,$88
EAC,$3.3,1441224664662,"5,167",100% bearish,of 1 rating,$8
EQFN,NULL,1441224664682,0,100% bearish,of 1 rating,N/A
ERIC,$9.64,1441224664929,"922,398",67% bullish,of 9 ratings,$12.20
ERIE,$81.44,1441224664959,"11,983",Not yet rated,NULL,$73
ESCA,$18.065,1441224665028,"10,076",100% bearish,of 1 rating,$22
ESCR,$0.195,1441224665055,"113,126",50% bullish,of 2 ratings,N/A
ESMC,$1.4,1441224665104,740,Not yet rated,NULL,N/A
ESCRP,NULL,1441224665134,0,100% bearish,of 1 rating,N/A
ESPR,$48.5,1441224665240,"806,798",70% bearish,of 10 ratings,$115
ESSA,$12.95,1441224665273,"5,065",100% bearish,of 1 rating,N/A
EPIX,$5.95,1441224665294,100,Not yet rated,NULL,N/A
ESSX,$0.471,1441224665370,"11,007",50% bullish,of 2 ratings,N/A
ESND,$33.28,1441224665423,"112,877",100% bearish,of 2 ratings,$40
ETSY,$14.27,1441224665463,"239,295",80% bullish,of 5 ratings,$16
EVEP,$8.56,1441224665707,"101,997",50% bullish,of 2 ratings,$15
EVLV,$2.65,1441224666104,"49,547",60% bullish,of 5 ratings,$4.625
ESEA,$4.6342,1441224666135,"10,285",100% bullish,of 1 rating,$15
EEFT,$64.17,1441224666166,"107,462",100% bearish,of 1 rating,$67.50
CLWT,NULL,1441224666186,0,100% bullish,of 1 rating,N/A
EVOK,$3.3232,1441224666219,"25,342",100% bearish,of 1 rating,$13.375
EXA,$10.4,1441224666247,"103,190",100% bearish,of 1 rating,$13
EVK,$3.69,1441224666272,300,75% bearish,of 4 ratings,N/A
EVOL,$5.89,1441224666316,"7,848",75% bullish,of 4 ratings,$10
EXAS,$22.095,1441224666404,"623,344",78% bullish,of 9 ratings,$31
EXEL,$5.84,1441224666467,"3,104,442",81% bullish,of 16 ratings,$6
EXAC,$19.12,1441224666536,"17,269",100% bearish,of 1 rating,$22.50
EXFO,$2.91,1441224666572,200,67% bearish,of 3 ratings,$3.95
EXLS,$37.07,1441224666597,"83,334",50% bullish,of 2 ratings,$41
EXPE,$113.38,1441224666622,"401,065",64% bullish,of 11 ratings,$130
EXPD,$49.64,1441224666667,"1,145,571",80% bullish,of 5 ratings,$52
EXPO,$42.29,1441224666934,"42,842",100% bearish,of 1 rating,$45.50
EYEGW,$1.04,1441224666990,"1,800",Not yet rated,NULL,N/A
EYEG,$3.59,1441224667021,"7,953",Not yet rated,NULL,N/A
ESRX,$83.05,1441224667050,"1,520,920",67% bearish,of 6 ratings,$101
EXLP,$19.08,1441224667070,"94,968",100% bearish,of 1 rating,$25
EZCH,$22.6,1441224667099,"37,160",75% bullish,of 8 ratings,$19.50
EXTR,$3.08,1441224667124,"490,550",80% bullish,of 5 ratings,$3
FCS,$13.385,1441224667292,"293,633",67% bearish,of 3 ratings,$17
FB,$89.46,1441224667328,"13,609,823",73% bullish,of 1074 ratings,$111
FFIV,$120.54,1441224667358,"511,618",63% bullish,of 8 ratings,$132
FWM,$2.21,1441224667427,"87,562",100% bearish,of 2 ratings,$3.20
FRP,$15.97,1441224667452,"34,085",100% bearish,of 1 rating,$18
EZPW,$6.17,1441224667486,"140,085",50% bullish,of 4 ratings,$7
FALC,$1.73,1441224667514,"17,973",63% bearish,of 8 ratings,N/A
DAVE,$14.36,1441224667536,"8,363",100% bearish,of 1 rating,$15.50
FARM,$22.53,1441224667926,"32,184",100% bearish,of 1 rating,$35
FAST,$38.165,1441224667986,"1,030,200",80% bullish,of 5 ratings,$45.50
FMNB,$8.173,1441224668015,"3,002",Not yet rated,NULL,N/A
FFKT,$26.0199,1441224668057,"6,791",Not yet rated,NULL,$29
FATE,$6.26,1441224668082,"15,866",50% bullish,of 2 ratings,$11
FBSS,NULL,1441224668111,0,Not yet rated,NULL,N/A
FEIC,$74.7,1441224668148,"167,172",50% bullish,of 2 ratings,$95.50
FARO,$37.36,1441224668215,"35,930",50% bullish,of 2 ratings,$48
FBRC,$22.09,1441224668242,"27,198",100% bearish,of 1 rating,$29
FHCO,$1.4,1441224668416,"11,685",50% bullish,of 4 ratings,N/A
FDML,$8.71,1441224668457,"135,930",50% bullish,of 4 ratings,$14
FENX,$9.82,1441224668478,"68,292",100% bullish,of 1 rating,$14.25
FNHC,$22.01,1441224668512,"22,947",100% bearish,of 1 rating,$35
FCSC,$5.62,1441224668542,"43,368",100% bearish,of 1 rating,$8.125
FGEN,$23.38,1441224668569,"197,879",100% bearish,of 1 rating,$39
ONEQ,$186.1943,1441224668590,"16,040",100% bullish,of 1 rating,N/A
FDUS,$14.845,1441224668923,"21,065",50% bullish,of 2 ratings,$18
LION,$18.93,1441224668963,"25,038",100% bullish,of 1 rating,$20
FSAM,$7.9,1441224669024,"3,651",100% bearish,of 1 rating,$10.25
FSFR,$8.79,1441224669050,"107,126",100% bearish,of 1 rating,$11.50
FRGI,$51.82,1441224669076,"81,933",50% bullish,of 2 ratings,$70
FSCFL,$24.529,1441224669097,"3,862",Not yet rated,NULL,N/A
FSC,$6.51,1441224669127,"424,253",60% bullish,of 5 ratings,$8
FITB,$19.27,1441224669318,"2,230,095",54% bullish,of 13 ratings,$22
FITBI,$27.46,1441224669403,"14,242",Not yet rated,NULL,N/A
FNGN,$30.75,1441224669446,"193,408",67% bullish,of 3 ratings,$47
FNJN,$1.77,1441224669476,"16,070",100% bearish,of 1 rating,$5
FNTC,NULL,1441224669505,0,Not yet rated,NULL,N/A
FISI,$24.73,1441224669536,"11,674",100% bullish,of 2 ratings,$24.50
FNTCU,NULL,1441224669576,0,Not yet rated,NULL,N/A
FNSR,$15.24,1441224669611,"390,411",71% bullish,of 7 ratings,$24
FNTCW,NULL,1441224669714,0,Not yet rated,NULL,N/A
FBNC,$16.84,1441224669894,"4,317",100% bullish,of 1 rating,$20
FEYE,$37.38,1441224669928,"1,689,887",88% bullish,of 16 ratings,$55.50
FRBA,$6.05,1441224670034,"7,815",Not yet rated,NULL,$8
BUSE,$6.34,1441224670056,"65,464",Not yet rated,NULL,$6.875
FCAP,$26.63,1441224670088,40,Not yet rated,NULL,N/A
FBIZ,$22.5,1441224670109,"44,531",100% bearish,of 2 ratings,$26
FCVA,$4.75,1441224670138,605,Not yet rated,NULL,N/A
FNLC,$18.8,1441224670167,"4,944",100% bullish,of 1 rating,N/A
FCFS,$39.49,1441224670272,"46,943",100% bearish,of 3 ratings,$47
FCNCA,$231.37,1441224670307,"2,890",Not yet rated,NULL,N/A
FCBC,$17.5,1441224670335,"9,467",Not yet rated,NULL,$18
FCLF,$9.35,1441224670366,371,Not yet rated,NULL,N/A
FCCO,$12.09,1441224670398,775,Not yet rated,NULL,$13.25
FCFP,$6.905,1441224670531,500,Not yet rated,NULL,N/A
FDEF,$37,1441224670747,"12,320",Not yet rated,NULL,$38
FFNM,$6.3,1441224670772,300,Not yet rated,NULL,N/A
FBNK,$16.895,1441224670802,"21,851",100% bearish,of 1 rating,$17.50
FFBC,$18.16,1441224670837,"66,154",67% bearish,of 3 ratings,$20.25
FFBCW,NULL,1441224670863,0,100% bearish,of 1 rating,N/A
FFIN,$29.89,1441224670904,"67,436",50% bullish,of 2 ratings,$31.75
FFNW,$12.03,1441224670929,"7,869",Not yet rated,NULL,$14
THFF,$32.8,1441224670953,"3,159",Not yet rated,NULL,$35
FFWM,$21.2,1441224671130,"5,646",Not yet rated,NULL,$24
FRME,$26,1441224671447,"110,894",Not yet rated,NULL,$26.50
FIBK,$26.28,1441224671475,"54,868",Not yet rated,NULL,$32
INBK,$30.27,1441224671524,"11,136",50% bullish,of 2 ratings,$37
FMBH,$22.35,1441224671609,382,Not yet rated,NULL,N/A
FNBC,$34.05,1441224671639,"109,000",Not yet rated,NULL,$40
FMBI,$17.18,1441224671669,"166,676",Not yet rated,NULL,$20
FNFG,$8.9064,1441224671768,"1,123,438",80% bullish,of 5 ratings,$9
FNWB,$11.9501,1441224671904,"3,460",Not yet rated,NULL,N/A
FSBK,$7.81,1441224671931,"6,800",100% bullish,of 1 rating,N/A
FSGI,$2.4936,1441224671952,"5,400",Not yet rated,NULL,N/A
FSFG,NULL,1441224671982,0,Not yet rated,NULL,N/A
FSLR,$47.64,1441224672009,"729,325",72% bullish,of 39 ratings,$65
BICK,$19.09,1441224672114,"1,075",100% bullish,of 1 rating,N/A
FCAN,$24.13,1441224672191,"28,049",Not yet rated,NULL,N/A
FBZ,$9.44,1441224672295,200,Not yet rated,NULL,N/A
FTCS,$35.924,1441224672326,"256,181",100% bearish,of 1 rating,N/A
FCA,$18.866,1441224672355,107,Not yet rated,NULL,N/A
FV,$23.09,1441224672426,"1,637,161",100% bearish,of 1 rating,N/A
IFV,$17.475,1441224672451,"348,057",100% bearish,of 1 rating,N/A
FTSM,$59.96,1441224672664,"22,083",100% bearish,of 1 rating,N/A
MDIV,$18.97,1441224672694,"169,097",Not yet rated,NULL,N/A
FEUZ,$30.4415,1441224672715,102,Not yet rated,NULL,N/A
FEMB,NULL,1441224672757,0,Not yet rated,NULL,N/A
TDIV,$24.54,1441224672784,"93,059",100% bearish,of 1 rating,N/A
FTGC,$22.2801,1441224672811,"149,904",Not yet rated,NULL,N/A
FGM,$35.12,1441224672844,"15,862",Not yet rated,NULL,N/A
HYLS,$49.57,1441224672871,"84,159",100% bearish,of 1 rating,N/A
FTHI,$19.23,1441224673099,"1,151",Not yet rated,NULL,N/A
FHK,$32.49,1441224673124,"8,414",Not yet rated,NULL,N/A
FPXI,$26.4,1441224673266,200,Not yet rated,NULL,N/A
SKYY,$28.52,1441224673291,"37,619",100% bullish,of 1 rating,N/A
YDIV,$16.1501,1441224673321,"1,923",Not yet rated,NULL,N/A
CU,$12.6499,1441224673341,"2,920",100% bearish,of 1 rating,N/A
PLTM,$6.16,1441224673374,"3,135",100% bearish,of 1 rating,N/A
FJP,$45.37,1441224673475,"78,312",Not yet rated,NULL,N/A
FTLB,$18.91,1441224673568,1,100% bearish,of 1 rating,N/A
LMBS,$50.36,1441224673607,"1,666",Not yet rated,NULL,N/A
FONE,$34.679,1441224673699,500,Not yet rated,NULL,N/A
CIBR,$17.5504,1441224673732,"24,033",Not yet rated,NULL,N/A
FMB,$51.19,1441224673753,"7,587",Not yet rated,NULL,N/A
QABA,$36.7114,1441224673789,"8,618",100% bearish,of 1 rating,N/A
QCLN,$14.8719,1441224673829,"10,789",Not yet rated,NULL,N/A
GRID,$31.04,1441224673889,330,100% bearish,of 1 rating,N/A
CARZ,$34.0182,1441224674045,392,100% bearish,of 1 rating,N/A
QQXT,$40.0103,1441224674141,"13,627",Not yet rated,NULL,N/A
RDVY,$20.72,1441224674214,"5,311",Not yet rated,NULL,N/A
QTEC,$39.55,1441224674272,"16,952",Not yet rated,NULL,N/A
QQEW,$41.2901,1441224674306,"190,291",Not yet rated,NULL,N/A
QINC,$19.77,1441224674327,"1,225",Not yet rated,NULL,N/A
AIRR,$16.2801,1441224674405,"16,357",100% bearish,of 1 rating,N/A
FKO,$22.47,1441224674433,312,Not yet rated,NULL,N/A
FTSL,$48.82,1441224674458,"51,513",100% bearish,of 1 rating,N/A
FDIV,$47.0499,1441224674655,"1,921",100% bearish,of 1 rating,N/A
TUSA,$24.32,1441224674682,"3,337",Not yet rated,NULL,N/A
FSZ,$38.43,1441224674703,"69,486",Not yet rated,NULL,N/A
FKU,$41.3017,1441224674723,"70,141",Not yet rated,NULL,N/A
FTW,$31.5,1441224674762,758,Not yet rated,NULL,N/A
FUNC,$8.15,1441224674860,500,Not yet rated,NULL,N/A
SVVC,$9.27,1441224674948,"8,164",50% bullish,of 2 ratings,$26
FIVE,$37.6642,1441224675055,"867,357",75% bearish,of 4 ratings,$44
FMER,$17.27,1441224675085,"411,630",50% bullish,of 2 ratings,$20
FSV,$32.225,1441224675110,"31,179",Not yet rated,NULL,$33.60
FISV,$84.3005,1441224675185,"691,134",100% bearish,of 3 ratings,$90
FPRX,$18.9566,1441224675246,"160,378",50% bullish,of 2 ratings,$35
FIVN,$3.84,1441224675282,"73,450",100% bullish,of 1 rating,$8.50
FLKS,$11.8,1441224675311,"31,759",50% bullish,of 2 ratings,$27
FLML,$22.7561,1441224675380,"140,584",50% bullish,of 2 ratings,$30
FLXS,$31.14,1441224675630,"11,675",100% bearish,of 2 ratings,N/A
SKOR,$50.35,1441224675661,"7,650",Not yet rated,NULL,N/A
FLEX,$10.2364,1441224675687,"769,803",63% bullish,of 8 ratings,$12
FLIR,$28.1956,1441224675712,"629,002",100% bearish,of 2 ratings,$38.50
MBSD,$24.91,1441224675739,315,Not yet rated,NULL,N/A
FLXN,$26.03,1441224675764,"118,295",100% bearish,of 1 rating,$40
FLDM,$11.3061,1441224675895,"142,528",67% bearish,of 3 ratings,$15
FFIC,$19.56,1441224675966,"56,770",Not yet rated,NULL,$20.50
FOGO,$19.29,1441224676047,"62,005",50% bullish,of 2 ratings,$25.50
FONR,$9.77,1441224676077,"7,304",100% bullish,of 1 rating,N/A
FORM,$6.4235,1441224676105,"267,247",67% bullish,of 3 ratings,$10.50
FOMX,$10.0286,1441224676134,"78,184",50% bullish,of 2 ratings,$23.50
FES,$0.8678,1441224676177,"34,307",50% bullish,of 2 ratings,$1
FTNT,$41.3664,1441224676242,"556,899",80% bullish,of 10 ratings,$52
FORTY,$31.63,1441224676271,212,100% bearish,of 1 rating,N/A
FORR,$31.07,1441224676408,"25,520",Not yet rated,NULL,N/A
FBIO,$2.58,1441224676484,"60,390",83% bullish,of 6 ratings,N/A
FORD,$1.64,1441224676511,"2,093,463",67% bullish,of 3 ratings,N/A
FWRD,$43.6586,1441224676532,"147,970",100% bearish,of 1 rating,$50
FWP,$27.23,1441224676664,"72,303",100% bearish,of 1 rating,$45
FOSL,$60.35,1441224676699,"278,027",60% bearish,of 5 ratings,$80
FRED,$12.9,1441224676829,"77,602",50% bullish,of 2 ratings,$15.50
FOXF,$15.37,1441224676858,"14,715",100% bearish,of 1 rating,$19
FXCB,$17.2,1441224676900,"5,197",Not yet rated,NULL,$19
FELE,$27.76,1441224676930,"169,829",50% bullish,of 4 ratings,$33
FRAN,$11.3686,1441224676956,"340,245",50% bullish,of 4 ratings,$15
FREE,$0.3901,1441224676984,"3,799,561",92% bullish,of 12 ratings,N/A
FMI,$23.65,1441224677013,"105,579",100% bearish,of 2 ratings,$27.50
FEIM,$11.17,1441224677196,"4,158",100% bearish,of 1 rating,N/A
RAIL,$20.7645,1441224677248,"61,975",100% bearish,of 1 rating,$24.50
FTR,$5.19,1441224677272,"12,354,603",78% bullish,of 27 ratings,$6.25
FRPT,$12.419,1441224677335,"252,354",67% bearish,of 3 ratings,$23.50
FTRPR,$102.5,1441224677417,"52,350",100% bearish,of 1 rating,N/A
FSBW,$23.09,1441224677551,"5,080",Not yet rated,NULL,N/A
FRPH,$30.99,1441224677584,"2,102",100% bearish,of 1 rating,N/A
FTD,$29.48,1441224677605,"25,011",100% bearish,of 1 rating,$40
FTEK,$1.98,1441224677627,"13,229",75% bullish,of 4 ratings,N/A
FCEL,$0.8708,1441224677667,"733,623",88% bullish,of 41 ratings,$2.65
FULL,$3.1116,1441224677697,"24,716",67% bearish,of 3 ratings,$4.25
FSYS,$6.26,1441224677759,"226,274",67% bullish,of 3 ratings,$10
FULLL,NULL,1441224677799,0,Not yet rated,NULL,N/A
FULT,$11.7697,1441224677895,"320,762",100% bearish,of 1 rating,$13
FLL,$1.48,1441224677926,"55,812",75% bullish,of 4 ratings,$3.50
FSNN,$2.14,1441224678026,"8,900",67% bullish,of 3 ratings,$6
FXENP,$16.05,1441224678284,100,100% bearish,of 1 rating,N/A
GALT,$2.11,1441224678311,"55,732",80% bullish,of 5 ratings,N/A
FXEN,$1.02,1441224678339,"160,869",75% bullish,of 4 ratings,$1.10
WILC,$4.906,1441224678365,"2,310",100% bullish,of 2 ratings,N/A
GLPG,$57.93,1441224678386,"10,058",100% bullish,of 1 rating,$75
FFHL,$0.9947,1441224678424,870,50% bullish,of 4 ratings,N/A
GK,$66.909,1441224678474,"58,724",Not yet rated,NULL,$78
GAIA,$6.04,1441224678522,"183,165",50% bullish,of 2 ratings,$8.50
GLMD,$8.46,1441224678659,"25,439",67% bullish,of 3 ratings,$20.50
GALTW,$0.55,1441224678685,"5,162",100% bullish,of 1 rating,N/A
GLPI,$30.8096,1441224678718,"256,975",100% bearish,of 1 rating,$37.50
GALTU,$5.19,1441224678738,200,100% bearish,of 1 rating,N/A
GALE,$1.61,1441224678817,"539,526",89% bullish,of 47 ratings,$4
GPIC,$9.76,1441224679028,100,100% bearish,of 1 rating,N/A
GGAC,NULL,1441224679056,0,100% bearish,of 1 rating,N/A
GRMN,$37.18,1441224679077,"395,602",50% bullish,of 6 ratings,$46.50
GGACR,$0.26,1441224679112,"35,000",100% bullish,of 1 rating,N/A
GGACW,$0.1436,1441224679132,"3,816",Not yet rated,NULL,N/A
GENC,$9.0482,1441224679217,347,100% bearish,of 1 rating,N/A
GGACU,$10.24,1441224679265,100,Not yet rated,NULL,N/A
GARS,$14.388,1441224679360,"33,269",Not yet rated,NULL,$16
GNCMA,$16.6941,1441224679388,"70,103",100% bearish,of 1 rating,$12
GFNCP,NULL,1441224679420,0,Not yet rated,NULL,N/A
GENE,$2.31,1441224679441,"58,601",100% bullish,of 12 ratings,N/A
GFN,$3.76,1441224679473,"7,528",100% bearish,of 2 ratings,$8
GFNSL,$25.75,1441224679663,"2,200",Not yet rated,NULL,N/A
GNMK,$9.73,1441224679699,"81,331",67% bullish,of 6 ratings,$14
GNCA,$11.258,1441224680066,"95,132",100% bearish,of 1 rating,$20
GHDX,$26.1412,1441224680093,"132,526",50% bullish,of 2 ratings,$30
GNTX,$15.5,1441224680125,"1,112,441",Not yet rated,NULL,$20
THRM,$44.7283,1441224680228,"101,807",75% bearish,of 4 ratings,$55.50
GNVC,$2.421,1441224680262,"5,196",90% bullish,of 10 ratings,$8.50
GABC,$28.5,1441224680311,"6,942",Not yet rated,NULL,$31
GEOS,$16.9418,1441224680356,"59,155",100% bearish,of 3 ratings,$21
GTWN,$18.16,1441224680386,569,Not yet rated,NULL,N/A
GERN,$3,1441224680492,"1,146,979",88% bullish,of 16 ratings,$5.25
GIGM,$0.5276,1441224680522,"9,679",100% bullish,of 2 ratings,N/A
ROCK,$16.68,1441224680547,"90,443",80% bullish,of 5 ratings,$24
GIGA,$1.44,1441224680576,"35,358",100% bearish,of 1 rating,N/A
GIII,$67.6,1441224680709,"663,441",67% bullish,of 3 ratings,$75
GEVO,$2.36,1441224680745,"183,337",75% bullish,of 12 ratings,$5
GILD,$102.7804,1441224680840,"4,787,355",91% bullish,of 87 ratings,$129
GILT,$4.1714,1441224680872,"1,536",50% bullish,of 2 ratings,N/A
GBCI,$25.6,1441224680970,"171,963",50% bullish,of 2 ratings,$31
GLAD,$8.6989,1441224681020,"86,083",50% bullish,of 2 ratings,$8.75
GLADO,$25.5,1441224681051,"1,427",Not yet rated,NULL,N/A
GOODN,$25.609,1441224681153,100,Not yet rated,NULL,N/A
GOODO,$25.4599,1441224681182,203,Not yet rated,NULL,N/A
GOODP,$25.1,1441224681284,"1,312",Not yet rated,NULL,N/A
GOOD,$14.25,1441224681313,"49,196",Not yet rated,NULL,$19
GAIN,$7.45,1441224681351,"73,487",100% bullish,of 2 ratings,$8.25
GAINN,$25.332,1441224681490,"57,696",Not yet rated,NULL,N/A
LAND,$9.24,1441224681520,"18,491",50% bullish,of 2 ratings,$13.75
GAINO,$25.19,1441224681540,1,Not yet rated,NULL,N/A
GAINP,$25.598,1441224681576,"6,544",Not yet rated,NULL,N/A
GBT,$51.79,1441224681673,"124,583",100% bearish,of 1 rating,N/A
GLBZ,NULL,1441224681700,0,Not yet rated,NULL,N/A
GBLI,$27.17,1441224681870,"8,174",Not yet rated,NULL,N/A
GDEF,$10.65,1441224681904,400,Not yet rated,NULL,N/A
GPACU,NULL,1441224681955,0,Not yet rated,NULL,N/A
GSOL,$8.24,1441224681984,"15,035",100% bearish,of 1 rating,N/A
ENT,$11.0111,1441224682009,"45,291",100% bearish,of 1 rating,$18
ACTX,$13.0399,1441224682054,"3,300",100% bullish,of 1 rating,N/A
QQQC,$18.335,1441224682201,"6,800",100% bearish,of 1 rating,N/A
ALTY,$14.04,1441224682307,660,Not yet rated,NULL,N/A
YLCO,$11.5505,1441224682335,"1,260",Not yet rated,NULL,N/A
SRET,$12.9145,1441224682357,"2,873",Not yet rated,NULL,N/A
SOCL,$17.27,1441224682387,"35,315",100% bullish,of 2 ratings,N/A
GSM,$13.6,1441224682420,"147,173",50% bullish,of 2 ratings,$22
GAI,$6.22,1441224682441,"1,400",50% bullish,of 2 ratings,N/A
GBIM,$2.47,1441224682581,"6,377",50% bullish,of 2 ratings,N/A
GLBS,$1.04,1441224682687,500,67% bullish,of 3 ratings,N/A
GLRI,$1.06,1441224682747,"39,807",100% bearish,of 1 rating,$4.25
GLUU,$4.38,1441224682776,"976,925",92% bullish,of 26 ratings,$9
GLYC,$6.96,1441224682875,"1,400",50% bullish,of 2 ratings,$14
GLNG,$38.3541,1441224682945,"482,154",83% bullish,of 6 ratings,$55.50
GMLP,$20.32,1441224682974,"103,084",50% bullish,of 4 ratings,$29
GOGO,$16.335,1441224683002,"481,830",80% bullish,of 5 ratings,$25
GOGL,$3.03,1441224683046,"170,117",75% bullish,of 4 ratings,$5
GLDC,$4.0981,1441224683076,"2,150",50% bullish,of 2 ratings,N/A
GBDC,$17.055,1441224683146,"128,018",Not yet rated,NULL,$17.75
GDEN,$8.91,1441224683204,"8,925",50% bullish,of 2 ratings,N/A
GTIM,$6.8,1441224683292,"22,595",Not yet rated,NULL,$11.50
GOOG,$606.7447,1441224683375,"880,284",88% bullish,of 73 ratings,$787.50
GOOGL,$642,1441224683403,"577,023",88% bullish,of 1082 ratings,$749
GPRO,$41.27,1441224683481,"11,695,446",78% bullish,of 58 ratings,$72
GMAN,$3.69,1441224683538,"26,637",60% bullish,of 5 ratings,$8.50
GPIA,NULL,1441224683668,0,100% bearish,of 1 rating,N/A
GPIAU,$9.96,1441224683707,"4,600",Not yet rated,NULL,N/A
GRVY,NULL,1441224683750,0,50% bullish,of 2 ratings,N/A
GPIAW,NULL,1441224683803,0,Not yet rated,NULL,N/A
LOPE,$36.6529,1441224683840,"103,259",100% bearish,of 2 ratings,$50
GBSN,$0.2336,1441224683929,"4,639,315",50% bullish,of 2 ratings,$8.25
GBSNU,NULL,1441224683964,0,NULL,NULL,NULL
GLDD,$5.47,1441224684030,"107,436",100% bearish,of 4 ratings,$7.75
GSBC,$40.46,1441224684069,"14,837",100% bullish,of 1 rating,$44
GPP,$14.5,1441224684200,"33,821",Not yet rated,NULL,$20.50
GRBK,$11.6958,1441224684225,"105,291",77% bullish,of 13 ratings,N/A
GNBC,$11.81,1441224684253,"4,996",100% bearish,of 1 rating,$16.50
GPRE,$20.14,1441224684384,"220,534",67% bullish,of 6 ratings,$28.50
GCBC,$28.5,1441224684414,101,100% bullish,of 1 rating,N/A
GLRE,$24.9,1441224684441,"143,932",50% bullish,of 2 ratings,$41
GRIF,NULL,1441224684471,0,100% bearish,of 1 rating,N/A
GRPN,$4.3286,1441224684572,"1,987,100",61% bullish,of 71 ratings,$6.75
GRFS,$29.76,1441224684632,"393,290",50% bullish,of 2 ratings,$35
GSIG,$12.87,1441224684711,"12,259",100% bearish,of 2 ratings,N/A
GGAL,$18.59,1441224684763,"83,645",80% bullish,of 5 ratings,$40
OMAB,$41.34,1441224684797,"14,576",100% bullish,of 1 rating,$44
GSVC,$8.8,1441224684861,"37,089",50% bullish,of 2 ratings,$15.75
GSIT,$4.6,1441224684931,"9,100",100% bearish,of 1 rating,N/A
GTXI,$0.892,1441224684957,"17,337",100% bullish,of 5 ratings,$.75
GBNK,$15.6,1441224685185,"65,336",100% bearish,of 1 rating,$18
GULTU,$0.3164,1441224685216,"57,823",100% bearish,of 1 rating,N/A
GIFI,$12.5286,1441224685249,"38,445",100% bearish,of 1 rating,$16
GUID,$6.97,1441224685275,"85,762",100% bearish,of 3 ratings,$10
GURE,$1.67,1441224685296,"24,618",88% bullish,of 8 ratings,N/A
GFED,$14.97,1441224685332,300,Not yet rated,NULL,$17
GPOR,$34.17,1441224685358,"566,032",75% bullish,of 4 ratings,$54
GWPH,$105.59,1441224685441,"84,230",78% bullish,of 9 ratings,$148.50
GYRO,$30.5,1441224685570,"5,400",100% bearish,of 1 rating,N/A
GWGH,$8.12,1441224685660,100,100% bearish,of 1 rating,$15.05
HNRG,$7.66,1441224685686,"38,409",100% bearish,of 1 rating,$10
HEES,$18.806,1441224685706,"254,424",67% bearish,of 3 ratings,$31
HLG,$8.9,1441224685734,100,100% bearish,of 1 rating,N/A
HBK,NULL,1441224685886,0,50% bullish,of 2 ratings,N/A
HALL,$11.38,1441224685911,"5,085",Not yet rated,NULL,N/A
HMPR,$1.85,1441224685971,"21,480",100% bullish,of 1 rating,N/A
HBHC,$26.79,1441224686006,"179,208",50% bullish,of 2 ratings,$30
HALO,$17.48,1441224686041,"389,791",67% bullish,of 3 ratings,$22.50
HNH,$24.6789,1441224686073,"19,567",100% bullish,of 1 rating,N/A
HAFC,$23.72,1441224686106,"34,536",100% bullish,of 2 ratings,$28.50
HBHCL,$24.29,1441224686133,"40,485",Not yet rated,NULL,N/A
HNSN,$0.544,1441224686206,"28,987",88% bullish,of 8 ratings,$.40
HQCL,$12.52,1441224686262,"13,237",67% bullish,of 3 ratings,$14
HDNG,$10.0104,1441224686356,"5,247",50% bullish,of 4 ratings,N/A
HLIT,$5.67,1441224686490,"147,684",100% bearish,of 1 rating,$6.50
HRMN,NULL,1441224686560,0,Not yet rated,NULL,N/A
HRMNW,$0.4375,1441224686626,100,Not yet rated,NULL,N/A
HRMNU,$10.22,1441224686650,700,Not yet rated,NULL,N/A
HART,$1.15,1441224686730,"179,390",100% bearish,of 1 rating,N/A
HCAP,$11.925,1441224686971,"2,257",50% bullish,of 2 ratings,$15
TINY,$2.43,1441224687001,"17,458",50% bullish,of 2 ratings,$5.26
HBIO,$4.39,1441224687111,"46,587",100% bearish,of 1 rating,$10
HCAPL,$25.7399,1441224687144,450,Not yet rated,NULL,N/A
HCOM,$21.765,1441224687164,"3,913",100% bearish,of 1 rating,$28
HA,$23.91,1441224687188,"430,019",67% bullish,of 9 ratings,$27
HAS,$74.47,1441224687251,"1,278,046",63% bullish,of 8 ratings,$84.50
HWKN,$38.41,1441224687272,"6,078",Not yet rated,NULL,N/A
HWBK,$13.56,1441224687355,300,100% bearish,of 1 rating,N/A
HAYN,$38.15,1441224687497,"23,402",100% bearish,of 1 rating,$59
HDS,$32.1042,1441224687522,"1,220,502",100% bearish,of 2 ratings,$39.50
HIIQ,$4.771,1441224687567,"21,734",50% bullish,of 2 ratings,$7
HCSG,$32.71,1441224687702,"132,369",50% bullish,of 4 ratings,$35
HSTM,$24.26,1441224687749,"82,665",50% bullish,of 2 ratings,$33.75
HWAY,$11.8849,1441224687781,"106,577",100% bearish,of 1 rating,$15
HTWR,$65.7573,1441224688111,"2,203,533",50% bullish,of 2 ratings,$103
HTBX,$4.01,1441224688141,"32,960",50% bullish,of 2 ratings,$15.50
HTLD,$20.0284,1441224688190,"294,960",Not yet rated,NULL,$22.50
HSII,$19.96,1441224688223,"19,460",100% bullish,of 3 ratings,$25
HELE,$82.8346,1441224688244,"93,822",67% bearish,of 3 ratings,$100
HQY,$29.5684,1441224688279,"105,442",67% bullish,of 3 ratings,$35
HMTV,$13.47,1441224688308,"4,626",100% bearish,of 1 rating,$16
HTLF,$35.86,1441224688340,"7,612",100% bullish,of 1 rating,$39.50
HMNY,NULL,1441224688441,0,100% bearish,of 1 rating,N/A
HNNA,$24.65,1441224688590,"4,694",Not yet rated,NULL,N/A
HERO,NULL,1441224688673,0,NULL,NULL,NULL
HCACU,$9.99,1441224688722,700,Not yet rated,NULL,N/A
HTBK,$10.3,1441224688751,"52,737",Not yet rated,NULL,$12
HFWA,$17.5,1441224688803,"112,901",100% bullish,of 1 rating,$20
MLHR,$26.54,1441224688855,"227,986",50% bullish,of 2 ratings,$33.50
HEOP,$7.6,1441224688883,"7,549",Not yet rated,NULL,$8.50
HSIC,$134.3067,1441224688910,"186,700",83% bullish,of 6 ratings,$146
HCCI,$11.76,1441224688931,"17,255",100% bearish,of 1 rating,$16.50
HSKA,$34.485,1441224689078,"43,340",100% bearish,of 1 rating,$38
HRTX,$36.2727,1441224689115,"489,312",57% bullish,of 7 ratings,$41
HFFC,$16,1441224689144,"10,032",Not yet rated,NULL,N/A
HIBB,$38.5307,1441224689213,"213,457",100% bearish,of 1 rating,$46.50
HPJ,$2.1599,1441224689242,"30,722",75% bullish,of 4 ratings,$12.43
HIHO,$4.156,1441224689273,"10,259",Not yet rated,NULL,N/A
HIMX,$6.6727,1441224689377,"1,357,270",86% bullish,of 21 ratings,$8.50
HMSY,$9.8053,1441224689581,"475,145",67% bullish,of 3 ratings,$19.35
HSGX,$6.03,1441224689608,"1,104",100% bearish,of 1 rating,$17
HMNF,$11.39,1441224689638,300,Not yet rated,NULL,N/A
HOLI,$16.6874,1441224689659,"131,016",50% bullish,of 4 ratings,$27
HIFS,$114.04,1441224689694,"8,688",Not yet rated,NULL,N/A
HBCP,$24.8,1441224689738,307,Not yet rated,NULL,$29
HOLX,$37.76,1441224689802,"2,085,704",50% bullish,of 4 ratings,$42
HOMB,$37.1504,1441224689834,"68,122",Not yet rated,NULL,$42
HFBL,$22,1441224689931,700,Not yet rated,NULL,N/A
AWAY,$28.02,1441224689968,"497,697",67% bullish,of 3 ratings,$36
HMIN,$25.38,1441224689993,"46,535",100% bearish,of 2 ratings,$35
HMST,$21.7084,1441224690136,"80,085",100% bullish,of 2 ratings,$27
HTBI,$18.08,1441224690214,"42,804",67% bullish,of 3 ratings,$18.625
HKTV,$4.32,1441224690277,"16,688",100% bearish,of 1 rating,N/A
CETC,$0.7707,1441224690316,"45,690",86% bullish,of 7 ratings,N/A
HRZN,$10.4301,1441224690369,"9,578",50% bullish,of 2 ratings,$14.25
HBNC,$23.78,1441224690412,"5,354",100% bullish,of 1 rating,$27
HFBC,$11.45,1441224690443,"2,300",Not yet rated,NULL,N/A
HOFT,$23.68,1441224690471,"52,409",100% bearish,of 1 rating,N/A
HZNP,$29.6702,1441224690491,"720,229",85% bullish,of 20 ratings,$40
ZINC,$7.22,1441224690678,"748,128",100% bearish,of 1 rating,$17
HDP,$23.2834,1441224690728,"182,034",67% bearish,of 3 ratings,$30.50
HMHC,$22.2,1441224690765,"529,820",Not yet rated,NULL,$27
HOVNP,$3.8775,1441224690792,"5,300",100% bearish,of 1 rating,N/A
HWCC,$7.5,1441224690828,"73,101",100% bearish,of 1 rating,$9
HBMD,$13.832,1441224690965,249,100% bearish,of 1 rating,N/A
HTGM,$5.58,1441224691098,"3,203",100% bearish,of 1 rating,$19.50
HUBG,$37.4468,1441224691134,"64,850",100% bearish,of 1 rating,$43
HSON,$2.66,1441224691163,"20,643",100% bearish,of 1 rating,$5
HSNI,$59.8511,1441224691184,"77,392",Not yet rated,NULL,$80
HCBK,$9.09,1441224691219,"1,418,444",83% bullish,of 6 ratings,$8.61
HBAN,$10.5271,1441224691246,"3,206,752",76% bullish,of 17 ratings,$12.29
HDSN,$3.1,1441224691266,"7,900",100% bullish,of 1 rating,$6.25
HBANP,$1325.0025,1441224691435,39,100% bearish,of 1 rating,N/A
HURC,$29.39,1441224691472,"12,038",100% bearish,of 1 rating,N/A
HURN,$72.05,1441224691568,"76,502",50% bullish,of 2 ratings,$80
HTCH,$1.4368,1441224691600,"69,495",100% bearish,of 1 rating,$3.50
HDRA,NULL,1441224691734,0,Not yet rated,NULL,N/A
HBP,$3.14,1441224691783,"6,628",100% bullish,of 1 rating,N/A
HDRAR,NULL,1441224691866,0,Not yet rated,NULL,N/A
HDRAU,$10.18,1441224691891,900,Not yet rated,NULL,N/A
HYGS,$8.81,1441224691928,"32,767",50% bullish,of 2 ratings,$13
HDRAW,NULL,1441224691954,0,Not yet rated,NULL,N/A
IACI,$69.664,1441224692027,"468,795",80% bullish,of 5 ratings,$90
IBKC,$59.27,1441224692055,"51,648",100% bullish,of 1 rating,$70
IKGH,$1.43,1441224692111,"13,000",75% bullish,of 4 ratings,N/A
IDSY,$3.7,1441224692190,"80,200",100% bearish,of 1 rating,$7
IEP,$69.19,1441224692218,"59,581",75% bullish,of 4 ratings,$99
ICAD,$3.7,1441224692244,"32,037",100% bullish,of 2 ratings,$7.25
ICFI,$34.14,1441224692459,"40,565",50% bullish,of 2 ratings,$48.50
ICLR,$75.99,1441224692507,"232,319",100% bearish,of 3 ratings,$85
ICON,$13.067,1441224692533,"402,578",50% bullish,of 2 ratings,$28
IPWR,$7.455,1441224692566,"7,941",100% bullish,of 1 rating,$15
INVE,$4.5,1441224692604,"28,057",75% bullish,of 4 ratings,$4
ICUI,$111.39,1441224692634,"106,749",Not yet rated,NULL,$122
IDRA,$2.9,1441224692664,"403,489",89% bullish,of 9 ratings,$6.50
DSKY,$10.93,1441224692734,"40,613",67% bullish,of 6 ratings,$11.50
IROQ,$17,1441224692799,400,100% bullish,of 1 rating,N/A
IDXX,$72.52,1441224692874,"252,525",100% bearish,of 1 rating,$76
IRG,$4.97,1441224692934,"8,716",100% bearish,of 1 rating,$4.25
IIVI,$16.417,1441224693003,"125,093",100% bearish,of 1 rating,$22
RXDX,$14.34,1441224693067,"70,566",100% bullish,of 1 rating,$20
KANG,$15.5443,1441224693096,"263,898",50% bullish,of 2 ratings,$23.10
IKAN,$2.73,1441224693170,"18,983",83% bullish,of 6 ratings,$5
IKNX,$12.2395,1441224693197,100,100% bearish,of 1 rating,N/A
ISNS,$4.12,1441224693272,"6,694",50% bullish,of 2 ratings,N/A
IMMR,$11.63,1441224693421,"129,311",80% bullish,of 5 ratings,$15.50
IMDZ,$16.1074,1441224693447,"35,126",100% bearish,of 1 rating,$33
ICCC,$6.89,1441224693468,"24,155",100% bullish,of 1 rating,N/A
ILMN,$197.05,1441224693500,"275,368",80% bullish,of 5 ratings,$245
IMGN,$13.34,1441224693823,"338,201",75% bullish,of 4 ratings,$17.50
IMNP,$1.2399,1441224693855,"46,849",50% bullish,of 2 ratings,$6
IPXL,$41.03,1441224693876,"208,029",67% bullish,of 3 ratings,$46.50
IMMU,$2.16,1441224693913,"340,361",86% bullish,of 7 ratings,$2
IMMY,$7.89,1441224693952,"2,403",100% bearish,of 1 rating,$11
INCR,$42.55,1441224694007,"255,147",50% bullish,of 2 ratings,$53
SAAS,$7.1415,1441224694032,"425,253",50% bullish,of 2 ratings,$15
INCY,$119.7728,1441224694166,"1,011,354",50% bullish,of 6 ratings,$125.50
INDB,$44.0002,1441224694198,"62,757",Not yet rated,NULL,$44
IBTX,$40.17,1441224694220,"8,270",100% bullish,of 2 ratings,$47.25
IDSA,NULL,1441224694254,0,Not yet rated,NULL,N/A
IBCP,$14.14,1441224694275,"46,286",100% bullish,of 1 rating,$14.50
INFN,$21.95,1441224694307,"464,611",71% bullish,of 7 ratings,$28
INFI,$8.917,1441224694441,"211,193",50% bullish,of 4 ratings,$16.50
IPCC,$75.7107,1441224694543,"13,512",Not yet rated,NULL,$77.50
III,$3.75,1441224694600,"66,736",57% bullish,of 7 ratings,$6
IFON,$1.29,1441224694628,"11,624",75% bullish,of 4 ratings,N/A
INWK,$7.0599,1441224694731,"63,164",50% bullish,of 2 ratings,$10
INOD,$2.35,1441224694823,"2,237",100% bearish,of 1 rating,N/A
INNL,NULL,1441224694856,0,100% bearish,of 1 rating,$16.50
IMKTA,$49.709,1441224694885,"76,298",100% bearish,of 1 rating,N/A
IPHS,$46.6809,1441224694912,"37,442",100% bearish,of 1 rating,$60
ISSC,$2.81,1441224694940,"17,000",67% bearish,of 3 ratings,N/A
IOSP,$49.64,1441224694968,"180,509",100% bearish,of 1 rating,N/A
INGN,$49.843,1441224694989,"102,252",100% bearish,of 1 rating,$50.50
ITEK,$13.92,1441224695167,"584,853",100% bearish,of 3 ratings,$20
INOV,$21.68,1441224695192,"230,833",100% bearish,of 1 rating,$33
NSIT,$24.63,1441224695228,"108,920",50% bullish,of 2 ratings,N/A
INO,$7.17,1441224695252,"509,334",89% bullish,of 18 ratings,$20
INSY,$33.5956,1441224695519,"287,836",75% bullish,of 4 ratings,$48
ISIG,$2.7,1441224695551,"5,550",100% bearish,of 1 rating,N/A
INSM,$24.4845,1441224695572,"163,137",71% bullish,of 7 ratings,$31.50
NTEC,$5.66,1441224695618,"4,620",100% bearish,of 1 rating,N/A
IART,$60.04,1441224695647,"160,534",100% bearish,of 2 ratings,$71.50
IDTI,$18.7356,1441224695675,"813,997",60% bullish,of 5 ratings,$25
IIIN,$17.4,1441224695709,"18,097",100% bearish,of 2 ratings,N/A
PODD,$28.4859,1441224695752,"118,130",67% bearish,of 3 ratings,$35
ISSI,$21.8,1441224695809,"89,795",67% bullish,of 3 ratings,$19.75
IESC,$7.12,1441224695835,"1,805",100% bearish,of 1 rating,N/A
INTC,$28.43,1441224695916,"16,099,767",82% bullish,of 238 ratings,$36
IQNT,$18.4377,1441224696045,"101,053",86% bullish,of 7 ratings,$20
IPCI,$2.31,1441224696174,"31,758",67% bullish,of 6 ratings,$8
IPAR,$24.9149,1441224696205,"28,861",67% bullish,of 3 ratings,$38
IBKR,$37.5,1441224696226,"538,785",100% bullish,of 1 rating,N/A
ININ,$34.7552,1441224696257,"44,414",67% bearish,of 3 ratings,$57
ICPT,$188.39,1441224696284,"92,157",70% bullish,of 10 ratings,$359.50
ICLD,$1.89,1441224696309,"107,622",75% bullish,of 4 ratings,N/A
ICLDW,$1.17,1441224696523,200,100% bearish,of 1 rating,N/A
IDCC,$48.38,1441224696556,"91,969",80% bullish,of 5 ratings,$63
IBOC,$24.751,1441224696650,"66,417",100% bearish,of 1 rating,N/A
TILE,$24.02,1441224696678,"275,796",100% bearish,of 3 ratings,$27
INAP,$9.1,1441224696707,"333,230",75% bullish,of 4 ratings,$11
ISCA,$32.25,1441224696739,"46,868",100% bearish,of 1 rating,N/A
IMI,$2.01,1441224696762,"6,244",67% bullish,of 3 ratings,$2.22
IGLD,$7.35,1441224696838,520,50% bullish,of 2 ratings,N/A
IIJI,$8.46,1441224697042,"1,694",50% bullish,of 2 ratings,$11.50
INPH,NULL,1441224697110,0,50% bullish,of 2 ratings,N/A
PTNT,$3.02,1441224697135,200,Not yet rated,NULL,N/A
XENT,$25.8879,1441224697177,"61,850",50% bullish,of 2 ratings,$36.50
ISIL,$10.4,1441224697267,"527,261",50% bullish,of 6 ratings,$15
INTX,$2.0499,1441224697300,"38,496",67% bullish,of 3 ratings,N/A
IILG,$19.5194,1441224697330,"28,945",100% bearish,of 1 rating,$29
INTL,$25.45,1441224697405,"60,624",67% bearish,of 3 ratings,N/A
INTLL,$25.95,1441224697426,"6,250",Not yet rated,NULL,N/A
IVAC,$4.63,1441224697463,"20,984",100% bearish,of 1 rating,$6.625
ITCI,$26.8115,1441224697503,"651,472",75% bearish,of 4 ratings,$40
IIN,$6.61,1441224697555,"1,800",100% bearish,of 1 rating,$12
INTU,$85.52,1441224697697,"1,011,602",86% bullish,of 7 ratings,$107.50
INVT,$0.3097,1441224697722,"152,500",67% bullish,of 3 ratings,N/A
ISRG,$507.0028,1441224697753,"92,976",67% bullish,of 3 ratings,$600
SNAK,$8.365,1441224697914,"32,904",50% bullish,of 2 ratings,$14
ITIC,$71.12,1441224698076,600,100% bearish,of 2 ratings,N/A
NVIV,$9.37,1441224698105,"88,186",50% bullish,of 4 ratings,$24.50
DTUL,NULL,1441224698134,0,Not yet rated,NULL,N/A
IPAS,$1.01,1441224698161,"257,443",67% bullish,of 3 ratings,N/A
ISBC,$11.55,1441224698185,"1,696,390",100% bullish,of 1 rating,$13.25
ISTR,$15.535,1441224698218,"2,449",100% bearish,of 1 rating,$18.50
IVTY,$13.8007,1441224698239,"8,348",Not yet rated,NULL,$18
DFVL,NULL,1441224698270,0,Not yet rated,NULL,N/A
IPCM,$79.47,1441224698481,"176,164",50% bullish,of 2 ratings,$80.125
IPGP,$82.3637,1441224698532,"190,474",67% bearish,of 3 ratings,$109.50
IRIX,$6.72,1441224698559,"7,139",100% bearish,of 1 rating,N/A
IRMD,$23.34,1441224698580,"15,107",67% bearish,of 3 ratings,$25
IRDM,$6.91,1441224698866,"1,363,117",60% bullish,of 5 ratings,$11.50
COMT,$33.27,1441224698898,"18,106",100% bearish,of 1 rating,N/A
IRDMB,$272.64,1441224698928,"11,747",67% bearish,of 3 ratings,N/A
IRCP,NULL,1441224698968,0,100% bullish,of 2 ratings,N/A
GNMA,$50.2,1441224699002,"1,086",Not yet rated,NULL,N/A
FCHI,NULL,1441224699020,0,NULL,NULL,NULL
IRBT,$29.42,1441224699080,"105,634",67% bullish,of 6 ratings,$37
IRWD,$11.05,1441224699108,"702,794",100% bearish,of 1 rating,$13
IFAS,NULL,1441224699150,0,NULL,NULL,NULL
IFEU,$37.6152,1441224699247,"8,089",Not yet rated,NULL,N/A
IFGL,$27.93,1441224699298,"35,113",Not yet rated,NULL,N/A
IFNA,NULL,1441224699320,0,NULL,NULL,NULL
ACWX,$39.86,1441224699572,"691,126",100% bearish,of 1 rating,N/A
AXJS,NULL,1441224699594,0,NULL,NULL,NULL
EMDI,NULL,1441224699656,0,NULL,NULL,NULL
AAXJ,$52.13,1441224699689,"1,395,341",Not yet rated,NULL,N/A
EEMA,$49.24,1441224699763,"32,496",Not yet rated,NULL,N/A
AAIT,NULL,1441224699785,0,NULL,NULL,NULL
ACWI,$54.79,1441224699817,"3,432,141",Not yet rated,NULL,N/A
EMEY,NULL,1441224699841,0,NULL,NULL,NULL
EGRW,NULL,1441224699913,0,NULL,NULL,NULL
EEME,NULL,1441224700002,0,NULL,NULL,NULL
EEML,$26.6707,1441224700047,250,Not yet rated,NULL,N/A
EVAL,NULL,1441224700082,0,NULL,NULL,NULL
IEUS,$44.65,1441224700181,"12,614",100% bearish,of 1 rating,N/A
EUFN,$21.445,1441224700222,"62,355",100% bearish,of 1 rating,N/A
QAT,$21.33,1441224700363,4,Not yet rated,NULL,N/A
UAE,$17.535,1441224700426,"10,879",Not yet rated,NULL,N/A
IBB,$343.73,1441224700495,"551,756",63% bullish,of 8 ratings,N/A
ICLN,$9.26,1441224700531,"28,150",50% bullish,of 2 ratings,N/A
SOXX,$81.57,1441224700560,"275,768",50% bullish,of 2 ratings,N/A
EMIF,$27.8376,1441224700667,"6,782",Not yet rated,NULL,N/A
INDY,$26.75,1441224700711,"58,151",50% bullish,of 2 ratings,N/A
IGOV,$90.6644,1441224700762,"55,255",100% bearish,of 1 rating,N/A
ISHG,$79.81,1441224700814,"13,324",100% bearish,of 1 rating,N/A
WOOD,$47.02,1441224700842,"24,393",50% bullish,of 2 ratings,N/A
ISIS,$51.43,1441224700896,"675,887",53% bullish,of 15 ratings,$67
ITRI,$29.1827,1441224700983,"126,350",100% bearish,of 1 rating,$37
ISLE,$19.5556,1441224701027,"895,756",50% bullish,of 4 ratings,$16
ISRL,$126.18,1441224701069,2,100% bearish,of 1 rating,N/A
ITUS,$4.0799,1441224701272,"3,800",Not yet rated,NULL,N/A
IXYS,$11.183,1441224701335,"101,700",50% bullish,of 4 ratings,N/A
XXIA,$15.17,1441224701407,"151,579",71% bullish,of 7 ratings,$14.625
JASO,$7.9,1441224701482,"502,396",82% bullish,of 17 ratings,$10
JJSF,$113.15,1441224701512,"29,490",100% bearish,of 1 rating,N/A
ITRN,$23.82,1441224701544,"1,707",50% bullish,of 2 ratings,N/A
JBHT,$73.76,1441224701573,"803,676",50% bullish,of 4 ratings,$89.50
MAYS,$57,1441224701615,300,Not yet rated,NULL,N/A
JCOM,$66.53,1441224701639,"181,432",100% bullish,of 2 ratings,$77
JKHY,$66.63,1441224701821,"254,614",67% bearish,of 3 ratings,$72
JXSB,$24,1441224701882,798,Not yet rated,NULL,N/A
JACK,$77.5737,1441224701911,"234,182",71% bullish,of 7 ratings,$105
JAXB,NULL,1441224702018,0,100% bullish,of 1 rating,N/A
JAGX,$3.4,1441224702049,"5,304",Not yet rated,NULL,$10.50
JAKK,$9.54,1441224702075,"225,734",60% bearish,of 5 ratings,$11
JMBA,$14.4,1441224702145,"99,952",75% bullish,of 4 ratings,$18
ERW,NULL,1441224702252,0,Not yet rated,NULL,N/A
JRVR,$27.09,1441224702305,"68,437",Not yet rated,NULL,$32
JASN,$4.86,1441224702336,"10,653",50% bullish,of 2 ratings,$9.50
JASNW,$0.3635,1441224702357,"2,848",50% bullish,of 2 ratings,N/A
JD,$24.713,1441224702443,"3,452,067",75% bullish,of 16 ratings,$36
JBLU,$23.43,1441224702511,"4,815,966",94% bullish,of 18 ratings,$27
JAZZ,$167.25,1441224702545,"103,647",80% bullish,of 15 ratings,$206.50
JCTCF,$9.65,1441224702679,100,100% bullish,of 1 rating,N/A
DATE,$6.32,1441224702711,"51,130",75% bullish,of 4 ratings,$9
JTPY,NULL,1441224702737,0,100% bearish,of 1 rating,N/A
JST,$3.79,1441224702811,"3,770",75% bullish,of 4 ratings,N/A
JIVE,$4.64,1441224702894,"133,966",75% bullish,of 4 ratings,$5
WYIGU,NULL,1441224702942,0,100% bearish,of 1 rating,N/A
JOUT,$24.55,1441224703068,"9,316",100% bearish,of 1 rating,$34
JOEZ,$0.18,1441224703098,"143,535",92% bullish,of 12 ratings,N/A
JBSS,$50.0949,1441224703144,"24,824",67% bearish,of 3 ratings,N/A
JNP,$11.71,1441224703175,"73,076",100% bullish,of 3 ratings,$15
JUNO,$34.9624,1441224703202,"520,851",73% bullish,of 11 ratings,$71.50
KTWO,$20.98,1441224703278,"55,756",100% bearish,of 1 rating,$28.50
KBIO,$2.07,1441224703338,"20,848",50% bullish,of 4 ratings,N/A
KNDI,$6.3,1441224703476,"165,668",86% bullish,of 22 ratings,N/A
