Symbol,Price,Date,Volume,Rating,RatingVoteCount,OneYearEstimate
FLWS,$8.735,1441307402673,"155,926",80% bullish,of 5 ratings,$15
FCCY,NULL,1441307402702,0,100% bullish,of 1 rating,$13
FCTY,$7.98,1441307402804,100,100% bullish,of 1 rating,$8.50
TWOU,$34.91,1441307403056,"174,826",50% bullish,of 2 ratings,$39
SRCE,$29.85,1441307403124,"34,783",100% bullish,of 3 ratings,$33
VNET,$17.97,1441307403187,"291,124",60% bullish,of 5 ratings,$35
DGLD,$83.0299,1441307403439,"3,867",100% bullish,of 1 rating,N/A
DSLV,$68.16,1441307403593,"15,242",100% bearish,of 1 rating,N/A
UGLD,$9.0499,1441307403618,"117,311",100% bearish,of 1 rating,N/A
USLV,$12.662,1441307403886,"225,987",86% bullish,of 7 ratings,N/A
JOBS,$26.57,1441307403989,"31,926",50% bullish,of 4 ratings,$36
SIXD,$2.74,1441307404448,"30,915",Not yet rated,NULL,N/A
CAFD,$14.97,1441307404483,"217,666",Not yet rated,NULL,$24.50
EGHT,$7.81,1441307404516,"120,759",82% bullish,of 17 ratings,$11
AVHI,$14.02,1441307404870,"14,814",100% bearish,of 1 rating,$19
SHLM,$33.07,1441307404928,"111,649",100% bearish,of 1 rating,$47
AAON,$20.11,1441307404953,"26,080",100% bearish,of 1 rating,$24
ABGB,$4.785,1441307405278,"46,999",67% bullish,of 3 ratings,$5.50
ABAX,$47.55,1441307405305,"15,987",100% bearish,of 1 rating,$60
ABY,$22.43,1441307405384,"271,956",100% bearish,of 2 ratings,$46
ABEO,$4.64,1441307405718,"20,950",50% bullish,of 4 ratings,$15.50
ABEOW,$1.77,1441307405901,"6,540",100% bullish,of 1 rating,N/A
ABMD,$94.69,1441307406174,"192,232",75% bullish,of 4 ratings,$100.50
AXAS,$1.69,1441307406273,"519,163",78% bullish,of 9 ratings,$3.50
ACTG,$9.17,1441307406351,"127,071",67% bullish,of 3 ratings,$18.50
ACHC,$73,1441307406644,"260,224",50% bullish,of 2 ratings,$92
ACAD,$39.52,1441307406695,"1,820,739",80% bullish,of 20 ratings,$48
ACST,$0.32,1441307406774,"42,503",100% bullish,of 2 ratings,N/A
AXDX,$18.92,1441307407087,"29,509",100% bearish,of 1 rating,N/A
XLRN,$28.41,1441307407116,"66,308",50% bullish,of 2 ratings,$57
ANCX,$19.64,1441307407326,"5,352",Not yet rated,NULL,$20
VXDN,$1.9,1441307407519,"49,636",100% bearish,of 1 rating,N/A
TFSCR,NULL,1441307407543,0,Not yet rated,NULL,N/A
ARAY,$6.6399,1441307407700,"331,910",100% bearish,of 1 rating,$10.50
TFSCW,NULL,1441307407737,0,100% bearish,of 1 rating,N/A
TFSC,NULL,1441307407769,0,100% bearish,of 1 rating,N/A
ACHN,$7.5,1441307407867,"1,161,035",90% bullish,of 21 ratings,$16
PIH,$7.62,1441307407895,"2,535",100% bearish,of 1 rating,N/A
ACIW,$21.48,1441307407924,"180,304",67% bearish,of 3 ratings,$24
TFSCU,$10.23,1441307408027,"2,300",Not yet rated,NULL,N/A
VXUP,$1.59,1441307408106,"33,708",100% bearish,of 1 rating,N/A
AKAO,$6.96,1441307408155,"21,346",75% bullish,of 4 ratings,$15
ACET,$22.21,1441307408195,"47,442",75% bullish,of 4 ratings,$30
ACRX,$4.25,1441307408252,"227,288",67% bearish,of 6 ratings,$7
ACNB,NULL,1441307408279,0,Not yet rated,NULL,N/A
ACOR,$32.065,1441307408346,"239,777",67% bearish,of 3 ratings,$38.50
ACTS,$1.59,1441307408638,"35,856",100% bearish,of 1 rating,N/A
ATVI,$28.66,1441307408721,"4,386,947",67% bullish,of 84 ratings,$31.50
ACPW,$1.9869,1441307408747,"13,106",100% bullish,of 4 ratings,$3.25
ACUR,$2.8401,1441307408773,"13,771",100% bullish,of 5 ratings,$5
ADMS,$19.17,1441307408819,"37,520",100% bearish,of 2 ratings,$36
ACXM,$20.79,1441307408845,"77,387",67% bullish,of 3 ratings,N/A
ADMP,$3.563,1441307409119,"31,971",50% bullish,of 2 ratings,$10
ADUS,$29.2001,1441307409150,"27,214",100% bearish,of 1 rating,$31
AEY,$2.39,1441307409199,"2,550",100% bearish,of 2 ratings,N/A
ACTA,$14.02,1441307409226,"31,605",67% bearish,of 3 ratings,$25
ADAP,$11.23,1441307409247,"18,767",67% bullish,of 3 ratings,$22
ADEP,$7.25,1441307409282,"60,871",50% bullish,of 2 ratings,$10.75
ADMA,$8.74,1441307409380,"5,324",Not yet rated,NULL,$19
ADBE,$78.08,1441307409535,"1,066,918",65% bullish,of 17 ratings,$90
ADRO,$18.885,1441307409592,"57,589",80% bullish,of 5 ratings,$45.50
ADTN,$15.84,1441307409679,"53,236",67% bullish,of 3 ratings,$17.125
AEIS,$24.6,1441307409726,"64,569",50% bullish,of 2 ratings,$32.50
AMD,$1.81,1441307409859,"3,663,581",83% bullish,of 103 ratings,$2
ADXS,$13.52,1441307409884,"260,816",64% bullish,of 14 ratings,$27
YPRO,$22.98,1441307410060,382,100% bearish,of 1 rating,N/A
ADXSW,$9.58,1441307410101,"32,944",100% bullish,of 1 rating,N/A
MULT,NULL,1441307410164,0,100% bearish,of 1 rating,N/A
AEGN,$18.19,1441307410227,"28,607",100% bearish,of 2 ratings,$21
AEPI,$56.27,1441307410254,"10,876",100% bearish,of 1 rating,N/A
AEGR,$17.94,1441307410275,"152,699",50% bullish,of 6 ratings,$26
AMTX,$2.85,1441307410327,"27,039",50% bullish,of 2 ratings,$26.11
AEHR,$2.25,1441307410422,"3,330",50% bullish,of 2 ratings,N/A
AVAV,$20.78,1441307410724,"187,890",50% bullish,of 4 ratings,$30
AERI,$15.77,1441307410799,"209,269",75% bullish,of 4 ratings,$31.50
AEMD,$7.7,1441307410882,"161,183",Not yet rated,NULL,$27.50
AEZS,$0.0876,1441307410915,"11,383,452",90% bullish,of 21 ratings,$1.50
AFMD,$9.53,1441307410936,"44,480",50% bullish,of 4 ratings,$15
AGYS,$9.54,1441307410967,"3,431",100% bearish,of 1 rating,N/A
AGRX,$8.52,1441307410988,"10,477",100% bearish,of 1 rating,$17.50
AGEN,$6.767,1441307411020,"387,034",85% bullish,of 13 ratings,$14
AFFX,$9.05,1441307411178,"478,370",80% bullish,of 5 ratings,$12.50
AGIO,$83.94,1441307411238,"132,440",88% bullish,of 8 ratings,$114
AGFS,$9.71,1441307411370,"25,751",100% bearish,of 1 rating,N/A
AIRM,$36.43,1441307411401,"62,168",80% bearish,of 5 ratings,$53
AIMT,$23.56,1441307411423,"117,674",Not yet rated,NULL,$35.50
AGFSW,NULL,1441307411443,0,100% bearish,of 2 ratings,N/A
AIRT,NULL,1441307411610,0,100% bullish,of 1 rating,N/A
AIXG,$6.4401,1441307411767,"5,482",67% bearish,of 3 ratings,$5.25
AMCN,$4.575,1441307411798,"36,421",83% bullish,of 6 ratings,N/A
ATSG,$8.875,1441307411902,"48,266",67% bullish,of 3 ratings,$13
AKBA,$6.75,1441307411933,"419,219",100% bearish,of 1 rating,$18
ALRM,$16.275,1441307411958,"163,434",100% bearish,of 1 rating,$22
AKRX,$38.85,1441307411986,"266,444",78% bullish,of 9 ratings,$56
AKAM,$73.185,1441307412007,"978,944",63% bullish,of 8 ratings,$77.50
AKER,$2.79,1441307412027,"4,950",Not yet rated,NULL,N/A
AMRI,$20.16,1441307412321,"80,775",75% bearish,of 4 ratings,$24
ALDR,$40.13,1441307412365,"236,401",67% bearish,of 3 ratings,$62
ALXN,$175.85,1441307412405,"461,714",88% bullish,of 8 ratings,$223.50
ALSK,$2.2101,1441307412434,"45,550",78% bullish,of 18 ratings,$2
ADHD,$7.77,1441307412536,"73,657",50% bullish,of 4 ratings,$18
ALDX,$7.31,1441307412569,"1,401",100% bearish,of 1 rating,$14.50
ABDC,$12.875,1441307412595,"15,779",Not yet rated,NULL,$15
ALKS,$63.3,1441307412871,"468,787",67% bullish,of 3 ratings,$75
ALCO,$41.88,1441307412923,"11,791",50% bullish,of 2 ratings,N/A
ALGN,$55.365,1441307412949,"371,550",100% bearish,of 2 ratings,$73
ALXA,$1.2,1441307413003,"8,846",83% bullish,of 6 ratings,$2.125
ALIM,$3.03,1441307413085,"15,050",80% bullish,of 5 ratings,$10
ALLB,$23.03,1441307413132,601,Not yet rated,NULL,N/A
AFOP,$19.13,1441307413213,"165,016",75% bullish,of 8 ratings,$21
ALGT,$204.05,1441307413240,"81,591",100% bearish,of 2 ratings,$235
AIQ,$14.94,1441307413311,"3,706",67% bullish,of 3 ratings,N/A
AHPI,$1.5,1441307413381,625,50% bullish,of 2 ratings,N/A
ARLP,$25.2743,1441307413408,"59,733",67% bearish,of 3 ratings,$32
AHGP,$35.82,1441307413481,"16,757",67% bullish,of 3 ratings,N/A
AMOT,$18.22,1441307413631,"56,772",100% bearish,of 1 rating,N/A
ALQA,$4.65,1441307413662,"19,853",75% bullish,of 4 ratings,$8.50
ALLT,$5.04,1441307413732,"12,076",75% bullish,of 4 ratings,$6.25
MDRX,$13.18,1441307413758,"3,610,005",60% bullish,of 5 ratings,$16
AFAM,$45.36,1441307413787,"43,912",50% bullish,of 2 ratings,$44
AOSL,$8.09,1441307413917,"23,947",67% bullish,of 3 ratings,$9
ALNY,$97.7296,1441307414010,"234,477",67% bullish,of 3 ratings,$151.50
SMCP,$23.3,1441307414166,700,Not yet rated,NULL,N/A
AIMC,$23.77,1441307414195,"46,783",100% bearish,of 2 ratings,$28.50
ALTR,$48.95,1441307414222,"682,174",80% bearish,of 5 ratings,$54
ASPS,$26.37,1441307414243,"74,256",67% bullish,of 3 ratings,$46.50
ATEC,$0.585,1441307414275,"36,759",100% bullish,of 1 rating,$2
AMAG,$61.56,1441307414380,"294,005",100% bullish,of 2 ratings,$75
AMRN,$2.25,1441307414456,"479,190",85% bullish,of 40 ratings,$8
AMRK,$10.48,1441307414480,"1,500",50% bullish,of 2 ratings,$14
AYA,$20.69,1441307414623,"2,483",100% bearish,of 1 rating,$40
AMZN,$507.34,1441307414658,"1,130,864",81% bullish,of 267 ratings,$646
AMBC,$16.75,1441307414755,"104,224",100% bearish,of 1 rating,$16.50
AMBA,$75.1297,1441307414827,"1,980,657",83% bullish,of 12 ratings,$95
AMBCW,$8.54,1441307414985,"3,300",100% bearish,of 1 rating,N/A
EPAX,$2.69,1441307415015,"29,776",100% bearish,of 1 rating,N/A
DOX,$56.96,1441307415055,"200,518",67% bearish,of 3 ratings,$60
AMDA,$0.4886,1441307415112,"254,055",90% bullish,of 10 ratings,$1
AMCX,$71.65,1441307415141,"212,092",67% bullish,of 3 ratings,$87.50
ASBI,$22.81,1441307415247,"2,979",Not yet rated,NULL,N/A
UHAL,$374.88,1441307415297,"17,084",100% bullish,of 2 ratings,$393.50
AMED,$40.9,1441307415398,"110,481",100% bearish,of 1 rating,$42
ATAX,$5.3,1441307415529,"44,220",100% bullish,of 1 rating,$6.50
AMOV,$18.0331,1441307415559,525,100% bearish,of 1 rating,N/A
AGNC,$19.23,1441307415584,"754,993",71% bullish,of 28 ratings,$22
AAL,$41.0399,1441307415629,"4,394,207",93% bullish,of 88 ratings,$57
AGNCB,$24.2157,1441307415725,"1,820",Not yet rated,NULL,N/A
AGNCP,$25.3066,1441307415800,"5,007",Not yet rated,NULL,N/A
MTGEP,$24.23,1441307415927,"3,500",Not yet rated,NULL,N/A
MTGE,$15.29,1441307415960,"156,479",75% bullish,of 4 ratings,$19.50
ACSF,$12.29,1441307416088,"14,678",100% bearish,of 1 rating,$15
ANCI,$1.55,1441307416113,1,100% bearish,of 1 rating,N/A
ACAS,$13.72,1441307416142,"631,163",60% bullish,of 5 ratings,$16.75
AMIC,NULL,1441307416290,0,100% bearish,of 1 rating,N/A
AMNB,$23.47,1441307416498,"10,357",Not yet rated,NULL,$25.50
ANAT,$99.18,1441307416574,"16,128",100% bullish,of 1 rating,N/A
ASEI,$39.679,1441307416701,"28,296",100% bearish,of 1 rating,$52.50
AMRB,$10.15,1441307416732,"2,713",Not yet rated,NULL,$11
ARII,$40.23,1441307416780,"80,610",67% bearish,of 3 ratings,$45
AMSWA,$8.8906,1441307416806,"11,653",100% bearish,of 2 ratings,$10.75
AMWD,$66.36,1441307417033,"55,527",50% bullish,of 2 ratings,$70
AMSC,$4.92,1441307417060,"56,103",50% bullish,of 4 ratings,N/A
CRMT,$36.03,1441307417203,"30,143",100% bearish,of 1 rating,$38
ABCB,$27.25,1441307417229,"120,392",Not yet rated,NULL,$31
AMSF,$46.38,1441307417254,"7,886",Not yet rated,NULL,$57.50
AETI,$3.28,1441307417387,"1,320",67% bearish,of 3 ratings,N/A
ASRV,$3.25,1441307417491,"2,801",100% bullish,of 2 ratings,N/A
ASRVP,NULL,1441307417520,0,Not yet rated,NULL,N/A
ATLO,$23.28,1441307417556,"6,200",Not yet rated,NULL,N/A
AMGN,$150.24,1441307417657,"1,041,379",89% bullish,of 19 ratings,$185
FOLD,$14.99,1441307417688,"662,723",56% bullish,of 9 ratings,$21
APEI,$21.715,1441307417713,"43,681",100% bearish,of 1 rating,$25.50
AMKR,$5.455,1441307417791,"464,496",100% bearish,of 2 ratings,$5
AMPH,$13.36,1441307418030,"108,953",50% bullish,of 2 ratings,$20
AMSGP,NULL,1441307418057,0,Not yet rated,NULL,N/A
ASYS,$5.5,1441307418185,"19,473",67% bullish,of 3 ratings,$12
AMRS,$1.71,1441307418213,"53,798",70% bullish,of 10 ratings,N/A
ANAD,$0.3229,1441307418238,"197,097",100% bullish,of 2 ratings,$.50
ANAC,$133.13,1441307418273,"231,434",80% bullish,of 5 ratings,$180.50
ADI,$55.31,1441307418524,"899,068",75% bullish,of 4 ratings,$69
ABCW,$41,1441307418619,"4,853",67% bullish,of 3 ratings,N/A
AFSI,$57.615,1441307418646,"127,324",60% bullish,of 5 ratings,$72
AMSG,$78.68,1441307418676,"104,147",100% bearish,of 1 rating,$85.50
ALOG,$81.52,1441307418707,"61,208",100% bearish,of 2 ratings,$100.50
AMCF,NULL,1441307418834,0,NULL,NULL,NULL
ANCB,$21.47,1441307418867,870,Not yet rated,NULL,$23
ANGI,$5.06,1441307418888,"91,129",64% bullish,of 11 ratings,$5.50
ANGO,$14.61,1441307419017,"32,393",67% bullish,of 3 ratings,$19
ANSS,$90.01,1441307419196,"169,258",100% bearish,of 1 rating,$100
ANIP,$51.79,1441307419253,"155,467",89% bullish,of 19 ratings,$66
ATNY,$2.4,1441307419449,"1,666",50% bullish,of 2 ratings,$3.75
ANTH,$7,1441307419479,"374,336",80% bullish,of 10 ratings,$13
ABAC,$0.8,1441307419500,"12,718",100% bearish,of 1 rating,N/A
ANIK,$35.54,1441307419554,"55,486",60% bullish,of 5 ratings,$51.25
APIC,$6.525,1441307419629,"56,372",100% bearish,of 1 rating,$19
APOG,$52.33,1441307419661,"79,642",50% bullish,of 2 ratings,$67
ATRS,$1.8,1441307419684,"378,009",92% bullish,of 12 ratings,$4.50
AINV,$6.475,1441307419760,"653,270",50% bullish,of 4 ratings,$8
APPF,$16.78,1441307419941,"32,392",50% bullish,of 2 ratings,$22
APOL,$11.08,1441307419990,"396,041",87% bearish,of 68 ratings,$14
APDN,$3.3893,1441307420015,"15,249",Not yet rated,NULL,$9
AAPL,$110.5287,1441307420044,"22,520,168",86% bullish,of 2363 ratings,$150
ARCI,NULL,1441307420143,0,Not yet rated,NULL,N/A
APDNW,$1.42,1441307420212,"3,280",Not yet rated,NULL,N/A
AMCC,$5.72,1441307420429,"199,913",80% bullish,of 5 ratings,$8
AMAT,$15.78,1441307420480,"4,717,204",82% bullish,of 11 ratings,$23
AGTC,$16.33,1441307420509,"27,285",50% bullish,of 2 ratings,$33
AREX,$2.4,1441307420539,"472,119",50% bullish,of 2 ratings,$3
APRI,$1.61,1441307420612,"203,591",83% bullish,of 6 ratings,$4.86
AQMS,$4.9999,1441307420672,"9,813",Not yet rated,NULL,N/A
AQXP,$16.25,1441307420890,"70,486",50% bullish,of 2 ratings,$2
AAOI,$20.49,1441307420994,"88,949",50% bullish,of 4 ratings,$26
AUMA,NULL,1441307421065,0,Not yet rated,NULL,N/A
APTO,$5.29,1441307421089,"1,414",Not yet rated,NULL,$17
AUMAU,NULL,1441307421356,0,Not yet rated,NULL,N/A
AUMAW,NULL,1441307421493,0,Not yet rated,NULL,N/A
ARDM,NULL,1441307421522,0,100% bullish,of 1 rating,$26
PETX,$17.63,1441307421556,"85,196",100% bearish,of 2 ratings,$26
ABIO,$0.908,1441307421582,"49,369",50% bullish,of 2 ratings,$3.75
ABUS,$6.99,1441307421619,"359,766",86% bullish,of 14 ratings,$21.50
RKDA,$5.485,1441307421715,"4,900",100% bearish,of 2 ratings,$10
ACGL,$68.825,1441307421744,"73,987",50% bullish,of 2 ratings,$72
ARCW,$3.3,1441307421777,"7,716",100% bearish,of 2 ratings,$10.50
ACAT,$26.06,1441307421935,"29,405",100% bearish,of 3 ratings,$33
ARCB,$28.54,1441307421994,"57,820",67% bearish,of 3 ratings,$39.50
ARDX,$18.74,1441307422085,"60,710",50% bullish,of 2 ratings,$24.50
ARNA,$2.75,1441307422243,"1,206,539",90% bullish,of 78 ratings,$5.50
ARGS,$6.22,1441307422375,"31,736",50% bullish,of 2 ratings,$19.50
ARIS,$3.8286,1441307422404,596,Not yet rated,NULL,$4.50
ARIA,$7.645,1441307422432,"2,816,125",89% bullish,of 46 ratings,$9
ARCC,$15.49,1441307422461,"605,577",67% bearish,of 3 ratings,$17.75
ARMH,$42.92,1441307422507,"517,205",54% bearish,of 13 ratings,$60
AGII,$55.21,1441307422567,"29,569",Not yet rated,NULL,$59.50
ARTX,$1.41,1441307422642,"34,711",88% bullish,of 16 ratings,$4.50
AGIIL,$25.25,1441307422741,"1,644",Not yet rated,NULL,N/A
ARWA,NULL,1441307422771,0,Not yet rated,NULL,N/A
ARWAR,$0.2436,1441307422795,200,Not yet rated,NULL,N/A
ARKR,$25.083,1441307422842,"1,061",50% bullish,of 2 ratings,N/A
ARWAU,NULL,1441307422867,0,100% bullish,of 1 rating,N/A
ARWAW,NULL,1441307423131,0,Not yet rated,NULL,N/A
ARWR,$5.54,1441307423263,"620,690",75% bullish,of 4 ratings,$10.50
AROW,$27.27,1441307423292,"2,945",Not yet rated,NULL,N/A
DWAT,NULL,1441307423312,0,100% bearish,of 1 rating,N/A
ARQL,$1.675,1441307423333,"17,816",75% bullish,of 4 ratings,$5
ARTNA,$21.9008,1441307423375,"4,688",100% bearish,of 1 rating,$29
ARRS,$26.11,1441307423468,"894,117",50% bullish,of 2 ratings,$38
ARRY,$5.81,1441307423495,"506,247",100% bullish,of 7 ratings,$10
ARTW,$4.0096,1441307423666,"2,467",75% bearish,of 4 ratings,N/A
ASBB,$24,1441307423694,125,Not yet rated,NULL,N/A
ASNA,$12.28,1441307423715,"718,493",50% bullish,of 2 ratings,$18
ASND,$19.75,1441307423776,"31,777",50% bullish,of 2 ratings,$30
ASMI,NULL,1441307423931,0,NULL,NULL,NULL
ASTI,$0.2692,1441307423960,"4,414,963",83% bullish,of 6 ratings,$3
ASCMA,$27.22,1441307424062,"19,011",100% bearish,of 1 rating,$45
AZPN,$38.29,1441307424128,"193,147",50% bullish,of 2 ratings,$42
APWC,$1.65,1441307424196,"1,000",100% bearish,of 1 rating,N/A
ASML,$92.59,1441307424224,"377,719",50% bullish,of 4 ratings,$127
ASTE,$38.35,1441307424302,"50,735",100% bearish,of 1 rating,$49
ASFI,$8.86,1441307424355,"3,676",100% bullish,of 1 rating,N/A
ASMB,$13.19,1441307424402,"29,601",67% bullish,of 3 ratings,N/A
ALOT,$13.98,1441307424593,"1,508",100% bearish,of 1 rating,N/A
ASTC,$2.19,1441307424629,"12,234",100% bullish,of 5 ratings,N/A
ATRO,$50.99,1441307424657,"87,951",100% bearish,of 2 ratings,$80
ATAI,$2.31,1441307424701,"11,398",100% bearish,of 1 rating,N/A
ATRA,$43.49,1441307424730,"106,320",50% bullish,of 2 ratings,$68
ASUR,$5.36,1441307424751,"6,946",50% bullish,of 2 ratings,$8
ATHX,$1.13,1441307425010,"144,772",89% bullish,of 9 ratings,$5
ACFC,$5.47,1441307425116,"23,313",100% bearish,of 1 rating,$6.50
AAME,$3.57,1441307425143,"3,753",Not yet rated,NULL,N/A
AFCB,$25.64,1441307425164,101,Not yet rated,NULL,N/A
ATHN,$132.085,1441307425192,"82,404",67% bearish,of 3 ratings,$153
AAPC,$10.1,1441307425219,8,Not yet rated,NULL,N/A
ATNI,$73.82,1441307425388,"14,267",100% bearish,of 1 rating,$69.50
ATLC,$3.85,1441307425419,"3,695",67% bullish,of 3 ratings,N/A
AAWW,$38.795,1441307425440,"107,930",50% bullish,of 2 ratings,$65
AFH,$16.22,1441307425572,"55,402",Not yet rated,NULL,$21.50
ATOS,$0.8203,1441307425601,"108,663",100% bullish,of 7 ratings,$7
ATML,$7.98,1441307425622,"1,880,483",78% bullish,of 9 ratings,$9.50
ATRC,$24.13,1441307425660,"47,150",100% bullish,of 1 rating,$30
ATRM,$2.74,1441307425938,407,50% bullish,of 2 ratings,N/A
ATTU,$13.2257,1441307425967,"7,149",100% bearish,of 1 rating,$20.50
ATRI,$382.42,1441307425988,"3,637",Not yet rated,NULL,N/A
LIFE,$14.71,1441307426018,"23,332",86% bullish,of 7 ratings,$43
AUDC,$3.27,1441307426047,"52,711",80% bullish,of 5 ratings,$5
AUPH,$3.4,1441307426154,"8,158",100% bearish,of 1 rating,$8
EARS,$4.31,1441307426185,"4,157",100% bearish,of 2 ratings,$11
AUBN,$26.8499,1441307426223,300,Not yet rated,NULL,N/A
ADP,$77.6,1441307426374,"727,598",100% bearish,of 1 rating,$88
ABTL,$18.41,1441307426470,"34,965",100% bullish,of 4 ratings,$20.25
ADSK,$45.93,1441307426502,"2,343,444",67% bullish,of 6 ratings,$66
ADAT,$0.2799,1441307426528,"228,499",100% bullish,of 2 ratings,N/A
AAVL,$10.16,1441307426659,"150,372",100% bearish,of 1 rating,$20
AVNU,$12.91,1441307426687,626,Not yet rated,NULL,$14
AVEO,$1.355,1441307426865,"132,564",75% bullish,of 8 ratings,$3
AVGO,$124.23,1441307426946,"1,098,481",88% bullish,of 8 ratings,$165
CAR,$43.831,1441307427081,"684,375",80% bullish,of 5 ratings,$60
AVID,$8.55,1441307427161,"173,406",100% bearish,of 1 rating,$20
AWRE,$3.2,1441307427212,"11,910",67% bullish,of 3 ratings,N/A
AVGR,$14.9,1441307427237,"13,606",100% bearish,of 1 rating,$20
ACLS,$3.24,1441307427263,"250,017",67% bullish,of 6 ratings,$4.75
AVNW,$1.21,1441307427292,"68,458",50% bullish,of 2 ratings,N/A
AXPW,$2.1,1441307427390,"1,091,308",86% bullish,of 7 ratings,N/A
AXPWW,NULL,1441307427467,0,Not yet rated,NULL,N/A
AXTI,$2.12,1441307427655,"17,600",50% bullish,of 2 ratings,$2.75
AXGN,$4.66,1441307427727,"129,384",Not yet rated,NULL,$5
RILY,NULL,1441307427786,0,Not yet rated,NULL,N/A
BCOM,$19.31,1441307427812,610,100% bearish,of 1 rating,N/A
BEAV,$49.21,1441307427942,"231,928",67% bearish,of 3 ratings,$59
BOSC,$2.08,1441307427968,"2,096",50% bullish,of 2 ratings,N/A
BIDU,$149.09,1441307427993,"1,059,988",81% bullish,of 88 ratings,$210
BLDP,$1.335,1441307428216,"260,024",91% bullish,of 22 ratings,$2.50
BANFP,NULL,1441307428350,0,Not yet rated,NULL,N/A
BWINA,NULL,1441307428377,0,Not yet rated,NULL,N/A
BKMU,$6.95,1441307428405,"22,177",Not yet rated,NULL,$8
BWINB,$22.5,1441307428435,"3,384",Not yet rated,NULL,N/A
BCPC,$57.51,1441307428456,"49,877",100% bearish,of 1 rating,$75
BOCH,$5.79,1441307428477,"6,498",Not yet rated,NULL,$6.50
BANF,$60.19,1441307428630,"6,537",Not yet rated,NULL,$68
OZRK,$40.93,1441307428811,"135,463",67% bullish,of 3 ratings,$49.50
BMRC,$47.77,1441307428837,"1,037",Not yet rated,NULL,$52
BKSC,$16.928,1441307428902,"5,095",Not yet rated,NULL,N/A
BOTJ,$10.85,1441307428973,222,Not yet rated,NULL,N/A
BWFG,$18.1,1441307429036,"6,451",100% bearish,of 1 rating,N/A
BANR,$43.89,1441307429162,"14,681",100% bullish,of 3 ratings,$50
BFIN,$12.1375,1441307429188,"4,093",Not yet rated,NULL,$13
BHAC,NULL,1441307429213,0,Not yet rated,NULL,N/A
BHACU,NULL,1441307429237,0,Not yet rated,NULL,N/A
BZUN,$5.2953,1441307429271,"293,317",50% bullish,of 2 ratings,$11.50
TAPR,$33.25,1441307429372,100,100% bearish,of 1 rating,N/A
BHACW,NULL,1441307429402,0,Not yet rated,NULL,N/A
BHACR,NULL,1441307429422,0,Not yet rated,NULL,N/A
BSET,$28.42,1441307429696,"37,593",100% bearish,of 1 rating,$35
BBSI,$34.42,1441307429722,"44,647",67% bearish,of 3 ratings,$62.50
BYBK,$5.03,1441307429864,500,100% bearish,of 1 rating,N/A
BBCN,$14.28,1441307429889,"74,291",100% bearish,of 1 rating,$16
BYLK,$12.84,1441307429914,"2,200",Not yet rated,NULL,$14
BCBP,$11.42,1441307429957,827,Not yet rated,NULL,N/A
BDCV,$4.92,1441307430097,"9,741",100% bearish,of 1 rating,$10.19
BECN,$36.14,1441307430154,"144,119",50% bullish,of 2 ratings,$40
BBGI,$4.23,1441307430179,1,100% bearish,of 1 rating,N/A
BBBY,$62.34,1441307430262,"487,667",71% bullish,of 7 ratings,$75
BEBE,$1.22,1441307430332,"272,404",75% bullish,of 4 ratings,$2.125
BSF,$8.27,1441307430362,"2,913",Not yet rated,NULL,N/A
BV,$5.14,1441307430383,"281,851",67% bullish,of 6 ratings,$8.75
BELFA,$15.5,1441307430515,"1,107",100% bearish,of 1 rating,N/A
BLPH,$4.4,1441307430605,"8,184",100% bearish,of 1 rating,$12.50
BNFT,$36.25,1441307430802,"35,525",67% bullish,of 3 ratings,$46
BELFB,$18.11,1441307430828,"7,493",100% bearish,of 1 rating,N/A
BLCM,$15.92,1441307430857,"97,668",50% bullish,of 4 ratings,$40
BNCL,$12.41,1441307430909,"74,604",100% bullish,of 3 ratings,$12.50
BNTC,$7.47,1441307430958,"14,117",100% bullish,of 1 rating,N/A
BGCP,$8.895,1441307431042,"234,840",88% bullish,of 8 ratings,$14
BGMD,$0.651,1441307431073,"156,044",100% bullish,of 10 ratings,N/A
BGFV,$11.17,1441307431174,"31,546",57% bullish,of 7 ratings,$12
BASI,$1.65,1441307431204,1,Not yet rated,NULL,N/A
BIND,$4.9,1441307431304,"89,572",75% bullish,of 4 ratings,$13.50
BCDA,NULL,1441307431435,0,Not yet rated,NULL,N/A
ORPN,$5.65,1441307431460,"10,410",100% bullish,of 1 rating,$28.50
BCRX,$11.29,1441307431486,"172,558",63% bullish,of 8 ratings,$18
BIOC,$1.99,1441307431618,"92,435",83% bullish,of 6 ratings,$3.85
BDSI,$6.31,1441307431687,"465,545",88% bullish,of 8 ratings,$17
BIOD,$0.6884,1441307431716,"44,526",80% bullish,of 5 ratings,$4
BIIB,$303.48,1441307431744,"587,880",88% bullish,of 16 ratings,$400
BLRX,$1.69,1441307431915,"244,359",100% bullish,of 12 ratings,$5
BIOL,$1.54,1441307431942,"3,649",Not yet rated,NULL,N/A
BMRN,$127.17,1441307431971,"268,546",80% bullish,of 5 ratings,$160
BLFS,$2.215,1441307431992,"107,853",100% bearish,of 1 rating,$4.75
BVXVW,$0.82,1441307432137,"10,691",100% bearish,of 1 rating,N/A
BVXV,$3.8,1441307432170,"105,307",Not yet rated,NULL,N/A
BRLI,NULL,1441307432271,0,NULL,NULL,NULL
BIOS,$2.385,1441307432336,"346,423",71% bullish,of 7 ratings,$4
BBC,$31.0001,1441307432400,"11,389",Not yet rated,NULL,N/A
BPTH,$1.16,1441307432467,"23,106",100% bullish,of 2 ratings,$5
BSTC,$47.84,1441307432494,"30,906",100% bearish,of 1 rating,$76
BBP,$32.5,1441307432518,"5,434",Not yet rated,NULL,N/A
BSPM,$0.6801,1441307432660,"15,813",50% bullish,of 2 ratings,N/A
BEAT,$15.2136,1441307432732,"246,336",67% bearish,of 3 ratings,$15
BOTA,$2.16,1441307432897,"19,450",88% bullish,of 8 ratings,N/A
TECH,$92.51,1441307433030,"38,988",100% bullish,of 1 rating,$117
BDMS,NULL,1441307433109,0,100% bearish,of 1 rating,N/A
BITI,$16.92,1441307433237,"6,856",100% bullish,of 1 rating,$28
BJRI,$44.24,1441307433263,"105,719",50% bullish,of 2 ratings,$55
BBOX,$14.85,1441307433325,"31,431",100% bearish,of 1 rating,N/A
BLKB,$57.24,1441307433392,"41,178",100% bearish,of 2 ratings,$66
HAWK,$39.72,1441307433423,"175,262",91% bullish,of 11 ratings,$49
BDE,$7.48,1441307433486,"62,273",50% bullish,of 2 ratings,$9
BBRY,$7.48,1441307433518,"1,363,411",61% bullish,of 330 ratings,$9
ADRA,$26.86,1441307433681,150,100% bearish,of 1 rating,N/A
ADRD,$21.7179,1441307433778,"54,158",100% bearish,of 1 rating,N/A
BLMN,$20.69,1441307433806,"273,773",83% bullish,of 6 ratings,$27.50
BKCC,$9.5,1441307433828,"179,409",50% bullish,of 2 ratings,$10
ADRU,NULL,1441307433882,0,100% bearish,of 1 rating,N/A
ADRE,$29.665,1441307433966,"1,285",100% bearish,of 1 rating,N/A
BCOR,$13.48,1441307434014,"51,806",57% bullish,of 7 ratings,$15
BBLU,$0.8602,1441307434211,"111,221",100% bullish,of 2 ratings,$4.43
BUFF,$23.7,1441307434342,"277,436",77% bullish,of 13 ratings,$31.50
BLBD,$11.76,1441307434369,"2,950",Not yet rated,NULL,N/A
NILE,$34.14,1441307434407,"40,798",50% bullish,of 2 ratings,$34
BHBK,$13.98,1441307434432,"10,566",100% bullish,of 1 rating,$14.50
BLUE,$129,1441307434460,"174,786",71% bullish,of 7 ratings,$217.50
BPMC,$27.555,1441307434594,"42,966",50% bullish,of 2 ratings,$47.50
BKEPP,$7.86,1441307434623,"1,004",100% bearish,of 1 rating,N/A
BKEP,$6.4422,1441307434763,"29,702",100% bearish,of 1 rating,$8.50
BNCN,$21.06,1441307434798,"14,795",Not yet rated,NULL,$24
BOFI,$109,1441307434859,"242,056",100% bullish,of 6 ratings,$144
BOBE,$44.355,1441307434940,"279,674",75% bullish,of 4 ratings,$57
WIFI,$7.74,1441307434987,"97,026",50% bullish,of 2 ratings,$13.50
BOJA,$20.86,1441307435017,"67,568",100% bullish,of 1 rating,$30
BOKF,$62.57,1441307435122,"99,653",100% bearish,of 1 rating,$69
BONA,$11.38,1441307435196,"21,754",75% bullish,of 4 ratings,$8.50
BNSO,$1.274,1441307435266,"2,222",100% bearish,of 1 rating,N/A
BPFHP,$24.91,1441307435297,"3,150",100% bearish,of 1 rating,N/A
BAMM,$3.21,1441307435370,"2,686",60% bullish,of 5 ratings,N/A
BPFH,$11.8,1441307435400,"112,306",100% bearish,of 1 rating,$14
BPFHW,NULL,1441307435508,0,100% bearish,of 1 rating,N/A
EPAY,$26.8,1441307435573,"81,632",100% bearish,of 2 ratings,$30
BDBD,$8.38,1441307435637,"229,872",60% bullish,of 5 ratings,$10
BCLI,$3.1,1441307435714,"24,707",80% bullish,of 5 ratings,$12
BBEP,$2.71,1441307435769,"749,737",69% bullish,of 13 ratings,$5.625
BBEPP,$14.7264,1441307435795,"17,024",100% bearish,of 1 rating,N/A
BBRG,$12.45,1441307435876,"22,456",67% bullish,of 3 ratings,$14.50
BDGE,$26.18,1441307435948,"3,530",Not yet rated,NULL,$31.75
BLIN,NULL,1441307436004,0,50% bullish,of 2 ratings,$2.20
BRCM,$51.31,1441307436058,"1,256,275",69% bullish,of 13 ratings,$56
BRID,$8.4,1441307436104,1,100% bearish,of 1 rating,N/A
BCOV,$5.29,1441307436187,"38,300",67% bullish,of 3 ratings,$10.20
BSFT,$32.32,1441307436211,"62,701",57% bullish,of 7 ratings,$40.50
BVSN,$5.96,1441307436444,"1,400",60% bearish,of 5 ratings,N/A
BYFC,$1.35,1441307436502,"2,144",50% bullish,of 2 ratings,N/A
BRCD,$10.2965,1441307436531,"1,373,692",92% bullish,of 13 ratings,$12
BWEN,$3.14,1441307436553,"11,302",75% bullish,of 4 ratings,$8
BRKL,$10.49,1441307436609,"168,128",100% bearish,of 1 rating,$10.75
BMTC,$29.29,1441307436642,"33,572",Not yet rated,NULL,$34
BRKS,$10.4,1441307436682,"76,364",67% bullish,of 3 ratings,$15.25
BRKR,$18.03,1441307436739,"392,011",100% bearish,of 2 ratings,$22
BSQR,$6.2099,1441307436920,"27,794",67% bullish,of 3 ratings,N/A
BLMT,$20.96,1441307437017,841,Not yet rated,NULL,N/A
BLDR,$15.3,1441307437043,"865,682",67% bullish,of 3 ratings,$22
BWLD,$196.5,1441307437068,"99,073",82% bullish,of 11 ratings,$205
BUR,$1.78,1441307437124,"10,000",100% bearish,of 1 rating,$8
CHRW,$68.29,1441307437224,"656,892",Not yet rated,NULL,$72
CFFI,$36.76,1441307437280,101,100% bearish,of 1 rating,N/A
CCMP,$43.02,1441307437314,"20,148",50% bullish,of 2 ratings,$59
CA,$27.495,1441307437447,"1,057,772",50% bullish,of 4 ratings,$33
CDNS,$20.54,1441307437480,"1,534,215",75% bullish,of 4 ratings,$22.50
CSTE,$39.04,1441307437546,"94,388",50% bullish,of 2 ratings,$65
CDZI,$7.39,1441307437571,"27,125",100% bearish,of 1 rating,N/A
CACQ,$7.2,1441307437601,"47,016",100% bearish,of 1 rating,$12.25
PRSS,$4.3,1441307437704,"13,143",80% bullish,of 5 ratings,$4.50
CZR,$9.3,1441307437765,"252,674",60% bearish,of 5 ratings,$10.50
CLBS,$1.72,1441307437845,"223,631",79% bullish,of 14 ratings,$4
CHY,$11.17,1441307437947,"151,060",Not yet rated,NULL,N/A
CHI,$10.4099,1441307438000,"134,271",100% bearish,of 1 rating,N/A
CLMS,$9.71,1441307438051,"72,417",Not yet rated,NULL,$10.50
CCD,$19.45,1441307438158,"57,108",Not yet rated,NULL,N/A
CFGE,$10.53,1441307438212,"1,100",Not yet rated,NULL,N/A
CGO,$12.03,1441307438238,"10,251",100% bearish,of 1 rating,N/A
CVGW,$50.145,1441307438368,"316,860",50% bullish,of 2 ratings,$62
CHW,$7.4832,1441307438397,"122,324",100% bearish,of 1 rating,N/A
CSQ,$9.86,1441307438467,"145,276",Not yet rated,NULL,N/A
CAMP,$16,1441307438498,"66,727",88% bullish,of 8 ratings,$25
CFNB,NULL,1441307438598,0,100% bearish,of 1 rating,N/A
CALA,$5.985,1441307438625,"149,921",67% bullish,of 3 ratings,$19.50
CALD,$16.2,1441307438664,"214,667",100% bearish,of 1 rating,$21
CALM,$52.77,1441307438792,"243,479",80% bullish,of 5 ratings,$63.50
CLMT,$25.74,1441307438985,"115,343",75% bullish,of 8 ratings,$31
ABCD,$5.15,1441307439010,"25,618",83% bullish,of 6 ratings,N/A
CAMBW,NULL,1441307439055,0,Not yet rated,NULL,N/A
CAMBU,NULL,1441307439090,0,100% bearish,of 1 rating,N/A
CSIQ,$18.585,1441307439187,"767,632",86% bullish,of 28 ratings,$42.50
CAMB,NULL,1441307439214,0,Not yet rated,NULL,N/A
CAC,$40,1441307439237,"1,537",Not yet rated,NULL,N/A
CAMT,$2.6,1441307439266,"8,516",73% bullish,of 11 ratings,$4
CBNJ,$11.02,1441307439396,"374,366",100% bearish,of 1 rating,N/A
CGIX,$9.61,1441307439493,"8,048",67% bullish,of 3 ratings,$14.375
CPLA,$48.13,1441307439522,"31,252",67% bearish,of 3 ratings,$65
CCBG,$15.12,1441307439598,"2,455",Not yet rated,NULL,$17.25
CPHC,$10.25,1441307439623,"2,353",100% bearish,of 1 rating,N/A
CBF,$30.33,1441307439703,"71,089",Not yet rated,NULL,$32
CPLP,$7.0601,1441307439792,"125,809",71% bullish,of 7 ratings,$11
CAPN,$2.29,1441307439942,"98,560",100% bullish,of 1 rating,$10.85
CSWC,$44.7,1441307439974,"10,066",Not yet rated,NULL,N/A
CFFN,$11.86,1441307440076,"228,096",Not yet rated,NULL,$12.75
CPST,$0.3933,1441307440116,"376,857",95% bullish,of 22 ratings,$1.25
CAPNW,$0.6789,1441307440141,"2,792",Not yet rated,NULL,N/A
CAPR,$4.65,1441307440162,"19,912",Not yet rated,NULL,$12
CPTA,$13.95,1441307440204,"31,993",100% bearish,of 1 rating,$18.50
CARB,$11.14,1441307440302,"18,934",75% bullish,of 4 ratings,$12
CARA,$18.84,1441307440401,"139,367",50% bullish,of 4 ratings,$25
CBYL,$5.15,1441307440600,"144,867",100% bearish,of 1 rating,$20
CRDC,$0.3258,1441307440629,"70,884",100% bullish,of 1 rating,$1.25
CRME,$9.1,1441307440671,"6,612",89% bullish,of 9 ratings,$11.25
CSII,$23.11,1441307440696,"96,506",100% bearish,of 2 ratings,$42.125
CFNL,$22.11,1441307440728,"21,195",Not yet rated,NULL,$24
CATM,$33.75,1441307440856,"77,689",100% bearish,of 1 rating,$44
CECO,$3.61,1441307441039,"146,636",67% bearish,of 3 ratings,$6
CTRE,$11.24,1441307441069,"129,235",50% bullish,of 2 ratings,$13.50
CDNA,$7.11,1441307441105,"18,253",100% bearish,of 1 rating,$9
CARO,$15.35,1441307441126,"1,875",100% bearish,of 1 rating,$19
CLBH,$12.625,1441307441146,409,Not yet rated,NULL,$16.50
CKEC,$22.97,1441307441184,"81,333",50% bullish,of 2 ratings,$35.915
CART,$5.365,1441307441212,"1,300",100% bearish,of 1 rating,N/A
CRZO,$35.79,1441307441370,"646,143",67% bearish,of 3 ratings,$54.50
CASM,$1.183,1441307441854,"8,002",100% bullish,of 1 rating,$3.50
CWST,$6.28,1441307441897,"62,344",50% bullish,of 2 ratings,$7.25
CARV,$6.25,1441307441948,"35,011",50% bullish,of 2 ratings,N/A
TAST,$12.8,1441307441981,"87,580",Not yet rated,NULL,$14.25
CASY,$105.09,1441307442013,"154,683",50% bullish,of 2 ratings,$99.50
CSCD,$15.25,1441307442040,"6,256",100% bullish,of 2 ratings,$17
CRTN,NULL,1441307442060,0,100% bearish,of 1 rating,N/A
CACB,$5.35,1441307442114,"7,127",Not yet rated,NULL,$5.50
CASS,$48.86,1441307442434,"8,645",100% bearish,of 1 rating,N/A
CPRX,$3.72,1441307442474,"203,782",71% bullish,of 7 ratings,$7
CATY,$29.365,1441307442499,"283,532",100% bearish,of 1 rating,$33.50
CATYW,NULL,1441307442523,0,100% bearish,of 1 rating,N/A
CASI,$1.33,1441307442553,"2,055",100% bullish,of 1 rating,$3.50
CATB,$11.76,1441307442653,"14,896",100% bearish,of 1 rating,$28
CVCO,$71.4,1441307442900,"8,145",100% bearish,of 1 rating,N/A
CBFV,$20.9,1441307443038,"10,282",Not yet rated,NULL,$25
CAVM,$68.97,1441307443063,"197,699",67% bearish,of 3 ratings,$72
CNLMR,NULL,1441307443083,0,Not yet rated,NULL,N/A
CNLMU,NULL,1441307443110,0,100% bullish,of 1 rating,N/A
CNLMW,NULL,1441307443254,0,Not yet rated,NULL,N/A
CDW,$39.08,1441307443502,"193,250",75% bullish,of 4 ratings,$44
CNLM,NULL,1441307443533,0,Not yet rated,NULL,N/A
CPXX,$2.27,1441307443565,"58,371",100% bullish,of 2 ratings,$7
CDK,$49.04,1441307443594,"155,357",67% bearish,of 3 ratings,$50
CBOE,$63.61,1441307443632,"180,596",Not yet rated,NULL,$63
CECE,$9.585,1441307443660,"72,278",50% bullish,of 2 ratings,$16
CELG,$117.751,1441307443688,"1,540,089",100% bullish,of 13 ratings,$156
CELGZ,$1.82,1441307443827,"33,814",80% bullish,of 5 ratings,N/A
CLDN,$1.15,1441307443961,"86,967",63% bullish,of 8 ratings,$3
CLRB,$3,1441307444107,"1,901",100% bearish,of 1 rating,N/A
CLDX,$14.03,1441307444136,"464,528",89% bullish,of 9 ratings,$36
CLLS,$32.93,1441307444242,"37,756",75% bullish,of 4 ratings,$51.50
CBMG,$23.26,1441307444271,"21,784",50% bullish,of 2 ratings,N/A
CLSN,$1.989,1441307444347,"28,701",80% bullish,of 10 ratings,$7.50
CLTX,$1.9001,1441307444373,"105,095",100% bullish,of 2 ratings,N/A
CLRBW,NULL,1441307444515,0,Not yet rated,NULL,N/A
CEMP,$33.82,1441307444558,"218,223",71% bullish,of 7 ratings,$52
CYAD,NULL,1441307444583,0,100% bullish,of 1 rating,$87.50
CETX,$2.47,1441307444617,"20,000",Not yet rated,NULL,$5.60
CSFL,$13.79,1441307444753,"32,963",Not yet rated,NULL,$15
CENT,$14.22,1441307444782,"294,204",Not yet rated,NULL,$10
CETV,$2.06,1441307444807,"13,309",67% bullish,of 3 ratings,$2.80
CFBK,$1.37,1441307444969,226,Not yet rated,NULL,N/A
CVCY,$11.7001,1441307445097,"5,493",Not yet rated,NULL,$12
CNBKA,$40.185,1441307445123,"3,067",50% bullish,of 2 ratings,N/A
CENTA,$14.6,1441307445160,"130,764",Not yet rated,NULL,N/A
CNTY,$5.91,1441307445186,"4,348",80% bullish,of 5 ratings,$7.75
CPHD,$48.29,1441307445360,"219,678",67% bearish,of 3 ratings,$66
CENX,$5.26,1441307445388,"765,737",67% bullish,of 6 ratings,$9
CERE,$1.18,1441307445408,"1,475,444",88% bullish,of 8 ratings,N/A
CRNT,$1.4,1441307445461,"49,417",50% bullish,of 2 ratings,$2
CERN,$60.95,1441307445594,"462,715",67% bullish,of 3 ratings,$79
KOOL,$0.6799,1441307445640,"4,511",100% bullish,of 5 ratings,$7
CERU,$4.2001,1441307445664,"12,768",75% bullish,of 4 ratings,$14
CERS,$4.94,1441307445691,"403,024",75% bullish,of 4 ratings,$7
CEVA,$19.315,1441307445891,"51,462",100% bearish,of 1 rating,$25
CYOU,$18.58,1441307445955,"59,093",50% bullish,of 6 ratings,$24
HOTR,$1.31,1441307446081,"68,615",100% bullish,of 2 ratings,$5
CHFN,$12.2332,1441307446108,"3,584",Not yet rated,NULL,$14
HOTRW,$0.1499,1441307446133,"5,200",Not yet rated,NULL,N/A
GTLS,$23.46,1441307446154,"118,217",50% bullish,of 4 ratings,$40
CTHR,$1.29,1441307446183,"1,355",50% bullish,of 2 ratings,$2.50
CHTR,$182.02,1441307446326,"369,260",100% bearish,of 2 ratings,$202
CHKP,$78.17,1441307446359,"433,547",50% bullish,of 4 ratings,$92
CHEK,$2.45,1441307446456,"1,582",Not yet rated,NULL,$7.75
CHFC,$30.88,1441307446558,"26,495",100% bearish,of 1 rating,$36
CHEKW,NULL,1441307446585,0,Not yet rated,NULL,N/A
CEMI,$4.2,1441307446621,"3,123",50% bullish,of 2 ratings,$7.50
CCXI,$6.4,1441307446686,"8,139",67% bullish,of 3 ratings,$14
CHMA,$28.52,1441307446821,"82,222",Not yet rated,NULL,$40
CHMG,$26.49,1441307446902,"1,120",Not yet rated,NULL,$30
CHKE,$25.5501,1441307446932,"9,154",100% bearish,of 1 rating,$32.50
CHEV,$14.5,1441307446960,401,Not yet rated,NULL,N/A
CBNK,$16.64,1441307447062,"5,167",100% bearish,of 1 rating,N/A
CMRX,$49.8,1441307447192,"213,267",50% bullish,of 2 ratings,$57
CALI,$0.8201,1441307447219,720,67% bullish,of 3 ratings,N/A
PLCE,$58.78,1441307447247,"68,372",100% bearish,of 1 rating,$69
CADC,NULL,1441307447393,0,78% bullish,of 9 ratings,N/A
CBAK,$2.03,1441307447527,"67,240",67% bullish,of 9 ratings,N/A
CBPO,$94.74,1441307447587,"53,894",75% bullish,of 8 ratings,$140.50
CCCL,$0.7763,1441307447621,"17,940",100% bullish,of 6 ratings,N/A
CAAS,$6.133,1441307447650,"9,712",93% bullish,of 14 ratings,$11.50
CCCR,$0.67,1441307447677,"1,400",67% bearish,of 3 ratings,N/A
HGSH,$1.7737,1441307447749,"5,219",67% bullish,of 3 ratings,N/A
JRJC,$3.37,1441307447828,"58,848",82% bullish,of 11 ratings,N/A
CHOP,$1.08,1441307447855,"1,447",50% bullish,of 2 ratings,N/A
CHLN,$1.88,1441307448031,"2,660",67% bullish,of 3 ratings,N/A
CNIT,$1.17,1441307448057,"49,148",67% bullish,of 6 ratings,N/A
HTHT,$25.63,1441307448087,"24,119",50% bullish,of 2 ratings,$28.40
CHNR,$1.5899,1441307448226,"3,168",100% bearish,of 1 rating,N/A
CJJD,$1.7902,1441307448255,"2,000",100% bullish,of 1 rating,N/A
CREG,$0.66,1441307448286,"11,123",100% bullish,of 3 ratings,N/A
CSUN,$1.3799,1441307448416,"6,856",80% bullish,of 5 ratings,N/A
CPGI,$6.78,1441307448506,"6,100",Not yet rated,NULL,N/A
CNTF,$0.7522,1441307448532,"54,681",Not yet rated,NULL,N/A
CCIH,$7,1441307448606,"76,558",67% bullish,of 6 ratings,$12.65
CXDC,$6,1441307448797,"20,474",67% bearish,of 3 ratings,N/A
CNET,$0.8021,1441307448826,"16,333",50% bullish,of 2 ratings,N/A
IMOS,$19.28,1441307448846,"139,968",60% bullish,of 5 ratings,$21.50
CNYD,$3.26,1441307448874,"6,949",67% bullish,of 3 ratings,N/A
CHSCL,$27.1439,1441307448900,"31,035",Not yet rated,NULL,N/A
CHSCM,$26.18,1441307449028,"25,159",Not yet rated,NULL,N/A
CHSCO,$28.4172,1441307449058,"3,552",Not yet rated,NULL,N/A
CHSCN,$26.9964,1441307449102,"1,913",Not yet rated,NULL,N/A
CHUY,$30.875,1441307449278,"111,668",50% bullish,of 2 ratings,$34
CDTX,$14.2,1441307449416,"6,002",Not yet rated,NULL,$22
CHSCP,$30.5899,1441307449470,"2,765",Not yet rated,NULL,N/A
CIFC,$7.05,1441307449495,30,100% bearish,of 1 rating,N/A
CINF,$52.79,1441307449547,"376,793",50% bullish,of 4 ratings,$50.50
CHDN,$133,1441307449572,"82,832",Not yet rated,NULL,$165
CMPR,$71.515,1441307449631,"142,722",50% bullish,of 2 ratings,$72.50
CMCT,NULL,1441307449701,0,100% bearish,of 1 rating,N/A
CTAS,$85.12,1441307449796,"160,318",100% bearish,of 1 rating,$91
CSCO,$25.9799,1441307449944,"10,040,354",83% bullish,of 210 ratings,$32
CPHR,$4.9899,1441307449969,"2,819",100% bearish,of 1 rating,$17
CIDM,$0.5701,1441307449996,"27,270",50% bullish,of 2 ratings,$2.10
CRUS,$30.1799,1441307450126,"398,628",75% bullish,of 12 ratings,$44.50
CTRN,$26.38,1441307450189,"35,940",100% bearish,of 1 rating,$31.50
CZNC,$19.4,1441307450213,"5,020",Not yet rated,NULL,N/A
CZWI,$8.91,1441307450358,101,Not yet rated,NULL,N/A
CIZN,$19.55,1441307450384,200,Not yet rated,NULL,N/A
CZFC,$12.82,1441307450405,100,Not yet rated,NULL,N/A
CTXS,$68.08,1441307450718,"752,772",86% bullish,of 7 ratings,$80
CIVBP,NULL,1441307450888,0,Not yet rated,NULL,N/A
CDTI,$1.58,1441307450947,"33,922",75% bullish,of 4 ratings,$3.20
CLNT,$1.53,1441307451021,"1,950",75% bullish,of 8 ratings,N/A
CHCO,$47.25,1441307451046,"11,994",Not yet rated,NULL,$46
CIVB,$10.1999,1441307451105,"1,237",Not yet rated,NULL,$11
CLNE,$5.23,1441307451233,"583,964",80% bullish,of 15 ratings,$9
CLIR,$4.94,1441307451313,"11,779",100% bullish,of 3 ratings,N/A
CLRO,$11.3025,1441307451344,"1,208",50% bullish,of 2 ratings,$14.25
CLFD,$17.3,1441307451448,"31,209",67% bullish,of 3 ratings,$18
CBLI,$4.119,1441307451477,"44,944",60% bullish,of 5 ratings,N/A
CLVS,$81.71,1441307451654,"156,123",60% bullish,of 5 ratings,$101.50
CSBK,$13.87,1441307451681,"16,753",Not yet rated,NULL,N/A
CME,$93.48,1441307451727,"444,216",67% bullish,of 3 ratings,$102
CMFN,$11.367,1441307451756,"8,418",100% bearish,of 1 rating,$15.50
CCNE,$17.02,1441307451858,"1,245",50% bullish,of 2 ratings,$21.50
CISG,$7.95,1441307451935,"14,045",100% bullish,of 5 ratings,$10
CDRB,$8.81,1441307452112,"116,504",67% bullish,of 3 ratings,N/A
COBZ,$12.88,1441307452140,"26,329",100% bullish,of 1 rating,$14
CNV,$4.47,1441307452168,"6,000",50% bullish,of 2 ratings,$7.15
COKE,$164.2,1441307452192,"11,946",79% bullish,of 19 ratings,N/A
CDXS,$3.505,1441307452245,"66,804",64% bullish,of 11 ratings,$6
CVLY,$20.5,1441307452375,"1,000",Not yet rated,NULL,N/A
CWAY,NULL,1441307452423,0,Not yet rated,NULL,N/A
JVA,$4.6075,1441307452519,"3,021",83% bullish,of 6 ratings,$7
CGNT,$1.53,1441307452651,"3,916",100% bullish,of 2 ratings,$2
CTSH,$63.02,1441307452679,"814,672",90% bullish,of 10 ratings,$75
CCOI,$27.42,1441307452706,"135,603",50% bullish,of 4 ratings,$35
CGNX,$35.255,1441307452727,"174,468",50% bullish,of 2 ratings,$47
COHR,$56.29,1441307452906,"31,048",50% bullish,of 2 ratings,$72
CHRS,$27.03,1441307453008,"70,086",67% bearish,of 3 ratings,$37
CLCT,$18.06,1441307453070,"13,282",100% bearish,of 1 rating,N/A
CLRX,$0.6793,1441307453142,"42,073",50% bullish,of 2 ratings,N/A
COLL,$15.6,1441307453202,"53,406",100% bearish,of 1 rating,$26
CBAN,$8.9,1441307453274,100,Not yet rated,NULL,N/A
CIGI,$43.56,1441307453408,"21,276",100% bearish,of 1 rating,$52
CLCD,$6.07,1441307453476,"30,422",100% bearish,of 1 rating,$20.50
COLB,$29.67,1441307453505,"34,648",Not yet rated,NULL,$36
COLM,$62.47,1441307453526,"60,376",100% bearish,of 1 rating,$71
CMCO,$19.08,1441307453556,"27,226",60% bullish,of 5 ratings,$28
CMCSA,$56.28,1441307453698,"4,794,108",66% bullish,of 35 ratings,$69.50
CBMX,$1.12,1441307453802,885,83% bullish,of 6 ratings,$3.15
CBSH,$43.83,1441307453875,"96,375",50% bullish,of 2 ratings,$46
CMCSK,$57.34,1441307453934,"1,406,920",Not yet rated,NULL,$84
CBSHP,$25.3865,1441307454005,"4,483",100% bearish,of 1 rating,N/A
CUBN,$13.4,1441307454078,"1,700",Not yet rated,NULL,N/A
COHU,$9.71,1441307454105,"31,218",100% bearish,of 1 rating,$14.25
CVGI,$4.97,1441307454235,"17,333",50% bullish,of 2 ratings,$6
JCS,$9.26,1441307454260,600,67% bullish,of 3 ratings,N/A
COMM,$32.85,1441307454433,"259,989",67% bearish,of 3 ratings,$35
CSAL,$20.54,1441307454461,"468,644",75% bullish,of 4 ratings,$30
ESXB,$5.08,1441307454485,"3,500",Not yet rated,NULL,N/A
CTBI,$34.6,1441307454536,"9,074",Not yet rated,NULL,$36
CYHHZ,$0.01,1441307454637,"10,551",100% bullish,of 1 rating,N/A
COB,$10.38,1441307454700,"5,730",100% bullish,of 1 rating,$11.75
CWBC,$6.8601,1441307454729,"27,221",Not yet rated,NULL,N/A
CIZ,$32.7266,1441307454833,816,100% bearish,of 1 rating,N/A
CVLT,$35.16,1441307455047,"66,100",75% bullish,of 4 ratings,$44.50
CSF,$36.3549,1441307455074,"1,919",100% bearish,of 1 rating,N/A
CIL,NULL,1441307455109,0,Not yet rated,NULL,N/A
CID,NULL,1441307455130,0,Not yet rated,NULL,N/A
CSA,NULL,1441307455158,0,Not yet rated,NULL,N/A
CFO,$35.21,1441307455206,"15,571",100% bearish,of 1 rating,N/A
CDC,$34.3899,1441307455233,"8,687",Not yet rated,NULL,N/A
CFA,$35.31,1441307455363,"1,800",100% bearish,of 1 rating,N/A
CDL,NULL,1441307455522,0,Not yet rated,NULL,N/A
CSB,NULL,1441307455567,0,Not yet rated,NULL,N/A
CGEN,$5.0218,1441307455591,"53,933",50% bullish,of 2 ratings,$11
CPSI,$45.4001,1441307455626,"20,203",100% bearish,of 1 rating,$45.50
SCOR,$47.52,1441307455759,"693,648",100% bearish,of 1 rating,$66
CTG,$6.71,1441307455794,"9,385",100% bearish,of 1 rating,$8.50
CMTL,$26.2601,1441307455894,"7,803",100% bearish,of 2 ratings,$37
CHCI,$0.68,1441307456001,"3,388",50% bullish,of 2 ratings,N/A
CNAT,$3.89,1441307456026,"37,240",83% bullish,of 6 ratings,$13
CNSI,$18.284,1441307456051,"45,293",100% bearish,of 2 ratings,$29
CXRX,$82.0831,1441307456189,"3,420",100% bearish,of 1 rating,$90
CCUR,$5.385,1441307456220,"6,617",75% bullish,of 4 ratings,N/A
CNCE,$15.94,1441307456240,"69,093",75% bullish,of 4 ratings,$22
CDORO,$16.95,1441307456374,"2,150",100% bearish,of 1 rating,N/A
CDOR,$1.25,1441307456443,"5,730",100% bullish,of 1 rating,N/A
CDORP,$6.75,1441307456514,"4,938",100% bearish,of 1 rating,N/A
CFMS,$14.47,1441307456542,"226,276",100% bearish,of 1 rating,$26.50
CNMD,$51.445,1441307456646,"72,597",Not yet rated,NULL,$59
CTWS,$34.85,1441307456854,"5,761",100% bearish,of 1 rating,$44
CNXR,$6.97,1441307456883,"31,245",100% bearish,of 1 rating,$12
CNFR,$9.73,1441307456959,"4,200",Not yet rated,NULL,N/A
CNSL,$19.61,1441307457181,"46,636",100% bearish,of 1 rating,$23
CWCO,$10.31,1441307457278,"10,960",67% bullish,of 3 ratings,$14.50
CNOB,$18.96,1441307457331,"5,860",100% bullish,of 1 rating,$23.50
CPSS,$5.57,1441307457384,"3,511",100% bullish,of 1 rating,$10
CTCT,$24.61,1441307457412,"76,856",67% bullish,of 3 ratings,$37
CFRX,$4.83,1441307457487,"8,591",Not yet rated,NULL,$14
CFRXW,NULL,1441307457511,0,100% bearish,of 1 rating,N/A
CONN,$28.13,1441307457642,"159,299",67% bullish,of 3 ratings,$48.50
CTRV,$3.62,1441307457848,"2,909",Not yet rated,NULL,$6.40
CFRXZ,NULL,1441307457877,0,Not yet rated,NULL,N/A
CRBP,$1.84,1441307457918,"108,567",100% bullish,of 2 ratings,$6.25
BVA,$3.83,1441307457978,1,50% bullish,of 2 ratings,N/A
CPRT,$34.9,1441307458003,"97,302",67% bearish,of 3 ratings,$40
CORT,$4.91,1441307458050,"143,464",67% bullish,of 3 ratings,$12
CTRL,$8.615,1441307458077,"89,267",50% bullish,of 2 ratings,$11
CORE,$59.91,1441307458207,"45,871",100% bearish,of 1 rating,$72
CSOD,$36.695,1441307458332,"188,938",50% bullish,of 2 ratings,$42
CRVL,$30.69,1441307458357,"11,028",100% bearish,of 1 rating,N/A
COSI,$1.08,1441307458435,"53,023",100% bullish,of 1 rating,N/A
CORI,$10.645,1441307458494,"32,719",100% bearish,of 1 rating,$18
CSGP,$177.42,1441307458567,"51,092",50% bullish,of 2 ratings,$235
COST,$140.32,1441307458640,"615,877",79% bullish,of 24 ratings,$154.50
CPAH,$0.44,1441307458701,"10,542",50% bullish,of 2 ratings,N/A
ICBK,$18.7,1441307458731,101,Not yet rated,NULL,$21
CVTI,$22.66,1441307458807,"25,494",67% bearish,of 3 ratings,$39
COVS,$2.58,1441307458865,"23,126",67% bullish,of 3 ratings,N/A
COWN,$5.05,1441307458890,"418,322",75% bullish,of 4 ratings,$7
CPSH,$2.3799,1441307459019,200,Not yet rated,NULL,N/A
CRAI,$23.49,1441307459097,"9,815",100% bearish,of 1 rating,$36
COWNL,$26.3,1441307459149,"5,400",Not yet rated,NULL,N/A
CBRL,$147.38,1441307459231,"109,304",50% bullish,of 2 ratings,$155
CACC,$200.48,1441307459333,"32,630",50% bullish,of 2 ratings,$158.50
BREW,$7.795,1441307459360,"11,036",67% bullish,of 6 ratings,$15
CRAY,$21.33,1441307459385,"114,565",83% bullish,of 6 ratings,$38.50
GLDI,$11.01,1441307459411,"6,565",100% bearish,of 1 rating,N/A
SLVO,$10.0001,1441307459540,350,100% bearish,of 1 rating,N/A
CRTO,$37.575,1441307459564,"208,951",67% bullish,of 6 ratings,$64
CROX,$14.12,1441307459756,"229,415",63% bullish,of 8 ratings,$16.50
CRESY,$10.26,1441307459793,"10,492",100% bearish,of 1 rating,$19
CREE,$26.54,1441307459819,"382,857",65% bullish,of 17 ratings,$29.50
CCRN,$14.345,1441307459894,"183,503",100% bearish,of 1 rating,$14.25
CRDS,$1.06,1441307459918,"171,761",75% bullish,of 4 ratings,$3.50
CRWS,$8.07,1441307460058,"3,793",Not yet rated,NULL,$10
CYRX,$2.9899,1441307460141,"5,600",Not yet rated,NULL,$9
CRWN,$5.23,1441307460169,"50,553",75% bullish,of 4 ratings,N/A
CYRXW,$0.74,1441307460228,"25,500",Not yet rated,NULL,N/A
CCLP,$13.9881,1441307460305,"37,456",67% bearish,of 3 ratings,$20
CSGS,$30.68,1441307460364,"56,649",Not yet rated,NULL,$40
CSPI,$5.6799,1441307460467,"8,701",67% bullish,of 3 ratings,N/A
CTCM,$1.74,1441307460493,"56,204",80% bearish,of 5 ratings,$3.90
CTIC,$1.57,1441307460529,"181,530",84% bullish,of 76 ratings,$5.75
CTIB,$3.73,1441307460570,"1,600",100% bearish,of 1 rating,N/A
CTRP,$66.17,1441307460750,"543,740",75% bullish,of 8 ratings,$92.50
CUNB,$21.62,1441307460894,"7,810",Not yet rated,NULL,$24.50
CUI,$5.3999,1441307460919,"14,650",50% bullish,of 2 ratings,$10
CRIS,$2.57,1441307460944,"62,883",100% bullish,of 8 ratings,$6
CUTR,$15,1441307460971,"51,670",67% bearish,of 3 ratings,$18
CPIX,$6.1695,1441307461004,"10,276",Not yet rated,NULL,N/A
CVV,$11.44,1441307461025,"5,889",100% bullish,of 5 ratings,N/A
CMLS,$1.33,1441307461153,"67,429",50% bullish,of 4 ratings,$6
CYAN,$6.2101,1441307461339,"7,780",100% bearish,of 1 rating,N/A
CVBF,$16.03,1441307461517,"64,868",Not yet rated,NULL,$18
CYBR,$48.434,1441307461578,"575,332",75% bullish,of 8 ratings,$68.50
CYCC,$0.5599,1441307461603,"14,926",73% bullish,of 11 ratings,N/A
CYBE,$6.81,1441307461629,"7,102",100% bearish,of 1 rating,N/A
CYBX,$64.68,1441307461658,"57,391",50% bullish,of 4 ratings,$71.50
CBAY,$2.63,1441307461757,"5,184",100% bullish,of 1 rating,$4
CYCCP,NULL,1441307461804,0,100% bearish,of 1 rating,N/A
CY,$10.165,1441307461859,"3,509,175",80% bullish,of 10 ratings,$15.50
CONE,$32.17,1441307461954,"509,602",67% bearish,of 3 ratings,$35.50
CYTK,$7.08,1441307461989,"103,882",71% bullish,of 14 ratings,$13.50
CYNA,$15.999,1441307462122,"10,893",50% bullish,of 2 ratings,$31.50
CYNO,$33,1441307462181,"141,926",67% bearish,of 3 ratings,$45.50
CTSO,$7.355,1441307462220,"37,171",Not yet rated,NULL,$15.625
CYRN,$1.8087,1441307462245,"3,535",67% bullish,of 3 ratings,$4
CYTX,$0.3683,1441307462282,"741,106",83% bullish,of 12 ratings,$5.50
ZIV,$36.56,1441307462591,"43,126",Not yet rated,NULL,N/A
CYTR,$2.477,1441307462619,"291,133",67% bullish,of 6 ratings,$10
TVIX,$14.88,1441307462639,"12,045,365",81% bullish,of 16 ratings,N/A
DAEG,$0.3501,1441307462670,"2,600",100% bearish,of 1 rating,N/A
TVIZ,$22.163,1441307462696,"5,512",100% bearish,of 1 rating,N/A
XIV,$24.57,1441307462830,"20,517,417",75% bearish,of 4 ratings,N/A
DJCO,$194.32,1441307462862,5,Not yet rated,NULL,N/A
DAKT,$8.5,1441307462960,"76,128",50% bullish,of 2 ratings,$12
DTLK,$5.565,1441307462986,"41,966",100% bearish,of 1 rating,$9
DAIO,$2.55,1441307463014,"5,623",Not yet rated,NULL,N/A
DARA,$0.825,1441307463175,"38,565",83% bullish,of 6 ratings,$1.50
DRAM,$1.329,1441307463223,"4,502",78% bullish,of 9 ratings,N/A
DWSN,$4.3,1441307463355,"16,215",67% bullish,of 3 ratings,N/A
DTEA,$12.93,1441307463379,"23,897",100% bearish,of 2 ratings,$24
DWCH,$4.955,1441307463535,"6,042",75% bullish,of 4 ratings,$8.25
PLAY,$36.055,1441307463561,"177,509",100% bullish,of 5 ratings,$42
TRAK,$62.86,1441307463590,"176,571",50% bullish,of 2 ratings,$62.50
DHRM,$1.6,1441307463690,"17,400",Not yet rated,NULL,N/A
TACO,$12.9,1441307463731,"29,322",75% bullish,of 4 ratings,$20
DBVT,$37.8,1441307463760,"51,113",100% bearish,of 1 rating,$53
DFRG,$14.51,1441307463786,"46,128",100% bearish,of 1 rating,$20
TACOW,$4.01,1441307463815,"1,308",100% bullish,of 1 rating,N/A
DCTH,$0.4299,1441307464099,"51,227",78% bullish,of 9 ratings,N/A
DGAS,$20.38,1441307464126,"4,378",67% bearish,of 3 ratings,N/A
DELT,$2.12,1441307464154,"1,100",Not yet rated,NULL,N/A
DELTW,NULL,1441307464179,0,Not yet rated,NULL,N/A
DENN,$11.21,1441307464254,"94,809",100% bullish,of 3 ratings,$15
XRAY,$51.61,1441307464339,"166,197",100% bullish,of 1 rating,$58
DSCI,$6,1441307464434,"105,504",50% bullish,of 2 ratings,$16
DEPO,$26.71,1441307464490,"538,494",60% bullish,of 5 ratings,$29
DERM,$25.88,1441307464516,"26,568",100% bearish,of 1 rating,$33.50
DSWL,$1.51,1441307464597,"11,305",100% bullish,of 1 rating,N/A
DXLG,$6.51,1441307464650,"223,445",100% bearish,of 1 rating,$8
DEST,$10.42,1441307464870,"22,475",50% bullish,of 2 ratings,N/A
DXCM,$88.36,1441307464938,"434,726",57% bullish,of 7 ratings,$98
DMND,$30.51,1441307464963,"31,091",75% bullish,of 12 ratings,$32
DXM,$0.28,1441307465022,"109,290",50% bullish,of 2 ratings,N/A
DHXM,$6.042,1441307465052,"6,695",100% bearish,of 1 rating,N/A
DHIL,$189.82,1441307465105,608,Not yet rated,NULL,N/A
FANG,$67.2,1441307465156,"333,551",50% bullish,of 2 ratings,$86
DGII,$10.38,1441307465295,"39,867",100% bearish,of 1 rating,$11
DCIX,$1.59,1441307465324,"19,810",50% bullish,of 4 ratings,$3.50
DRNA,$10.81,1441307465434,"44,300",67% bearish,of 3 ratings,$25
DMRC,$38.2019,1441307465564,"28,395",100% bearish,of 1 rating,$44
DGLY,$7.3115,1441307465590,"41,959",50% bullish,of 6 ratings,$20
APPS,$2.16,1441307465623,"215,007",100% bearish,of 1 rating,$10.25
DRAD,$3.75,1441307465647,"4,163",100% bullish,of 1 rating,$5.25
DIOD,$22,1441307465719,"365,587",75% bearish,of 4 ratings,$24
DCOM,$16.71,1441307465748,"52,183",100% bearish,of 2 ratings,$16
DPRX,$13.58,1441307465901,"22,629",100% bullish,of 2 ratings,$27.75
DISCA,$27.175,1441307466001,"1,147,815",67% bullish,of 3 ratings,$34
DISCK,$25.81,1441307466131,"399,264",100% bearish,of 1 rating,$32
DISCB,$27.3983,1441307466158,400,100% bearish,of 1 rating,$35
DVCR,$10.3875,1441307466178,501,100% bullish,of 1 rating,N/A
DISH,$59.69,1441307466206,"514,381",69% bullish,of 13 ratings,$73
DSCO,$0.4601,1441307466234,"225,633",83% bullish,of 6 ratings,$2.75
DLHC,$2.49,1441307466366,702,100% bearish,of 1 rating,N/A
BAGR,$2.7199,1441307466603,"1,877",100% bearish,of 1 rating,$6
DNBF,$26.01,1441307466638,200,Not yet rated,NULL,$27.50
DGICA,$14,1441307466659,"10,934",100% bearish,of 1 rating,$17
DGICB,NULL,1441307466693,0,100% bearish,of 1 rating,N/A
DLTR,$66.82,1441307466714,"2,627,942",82% bullish,of 11 ratings,$85
DORM,$50.17,1441307466745,"84,669",100% bearish,of 1 rating,$56
DMLP,$14.66,1441307466788,"13,742",100% bearish,of 1 rating,N/A
HILL,$9.7,1441307466944,"328,391",60% bearish,of 5 ratings,$9.75
DRWI,$0.2085,1441307466996,"527,964",60% bullish,of 5 ratings,$.45
DRYS,$0.4517,1441307467146,"1,723,292",77% bullish,of 31 ratings,$.60
CADT,$10.003,1441307467301,"14,262",Not yet rated,NULL,N/A
CADTR,NULL,1441307467373,0,Not yet rated,NULL,N/A
DRWIW,$0.055,1441307467603,"31,741",Not yet rated,NULL,N/A
CADTW,NULL,1441307467627,0,Not yet rated,NULL,N/A
CADTU,$10.21,1441307467686,"3,700",Not yet rated,NULL,N/A
DWA,$20.98,1441307467715,"327,156",63% bullish,of 8 ratings,$26
DTSI,$28.27,1441307467736,"71,115",100% bearish,of 2 ratings,$39.50
DSKX,$3.4199,1441307467887,"58,483",100% bullish,of 1 rating,N/A
DNKN,$48.99,1441307467918,"526,754",67% bullish,of 15 ratings,$56.50
DRRX,$2.05,1441307467944,"86,017",50% bullish,of 6 ratings,$3
DYAX,$22.18,1441307468073,"170,876",89% bullish,of 9 ratings,$30
DSPG,$8.99,1441307468263,"10,956",100% bearish,of 1 rating,$13.50
DXPE,$29.58,1441307468442,"81,009",50% bullish,of 2 ratings,N/A
BOOM,$10.835,1441307468518,"95,916",67% bullish,of 3 ratings,$12
DYNT,$3.03,1441307468624,"3,026",75% bullish,of 4 ratings,N/A
ETFC,$25.54,1441307468649,"1,510,066",57% bullish,of 14 ratings,$32.50
EBMT,$11.53,1441307468675,667,Not yet rated,NULL,$13.50
DYSL,$1.51,1441307468695,"20,289",100% bullish,of 2 ratings,N/A
EGLE,$6.6119,1441307469158,"19,011",60% bullish,of 5 ratings,N/A
ELNK,$8.52,1441307469197,"207,627",60% bullish,of 5 ratings,$9.50
EWBC,$39.3,1441307469217,"303,337",100% bearish,of 1 rating,$50
EROC,$1.5,1441307469238,"114,253",50% bullish,of 2 ratings,$3
DVAX,$28.0154,1441307469287,"109,096",70% bullish,of 10 ratings,$40
EGBN,$41.65,1441307469315,"13,992",Not yet rated,NULL,$48
EACQU,NULL,1441307469373,0,Not yet rated,NULL,N/A
EGRX,$78.32,1441307469449,"71,722",67% bullish,of 3 ratings,$97
EBIX,$28.73,1441307469836,"60,825",69% bullish,of 13 ratings,$40
ELON,$0.57,1441307469870,"35,247",50% bullish,of 2 ratings,N/A
EML,$16.5235,1441307469895,968,Not yet rated,NULL,N/A
SATS,$44.49,1441307469966,"33,252",50% bullish,of 2 ratings,$60
EVBS,$6.59,1441307469994,200,Not yet rated,NULL,$7
EBAY,$27.17,1441307470018,"4,508,911",81% bullish,of 117 ratings,$34
ECTE,$1.57,1441307470047,"21,271",75% bullish,of 4 ratings,N/A
ECHO,$23.05,1441307470072,"171,802",67% bearish,of 3 ratings,$34.50
EEI,$11.8099,1441307470268,"2,541",67% bearish,of 3 ratings,N/A
ECACU,NULL,1441307470297,0,Not yet rated,NULL,N/A
ESES,$3.11,1441307470436,506,100% bearish,of 1 rating,$7
EDAP,$3.55,1441307470584,"15,376",60% bullish,of 5 ratings,$4.50
EDGW,$7.18,1441307470609,384,100% bearish,of 1 rating,N/A
EDUC,$6.61,1441307470687,"32,850",100% bearish,of 1 rating,N/A
EFUT,$4.62,1441307470756,300,Not yet rated,NULL,N/A
EGLT,$12.71,1441307471058,"67,542",50% bullish,of 2 ratings,$21
LOCO,$12.4182,1441307471085,"191,822",69% bullish,of 13 ratings,$19.50
EGAN,$3.65,1441307471112,"4,904",50% bullish,of 2 ratings,$6.25
EHTH,$14.9,1441307471138,"45,767",50% bullish,of 4 ratings,$17
ESLT,$78.6046,1441307471169,"1,715",67% bullish,of 3 ratings,N/A
EMITF,$1.25,1441307471273,"7,599",75% bullish,of 4 ratings,N/A
ERI,$9.413,1441307471305,"23,633",100% bearish,of 1 rating,$10
ESIO,$4.5,1441307471344,"72,122",50% bullish,of 2 ratings,$10
ELRC,$10.685,1441307471442,"4,956",100% bearish,of 1 rating,N/A
EA,$66.14,1441307471493,"1,405,109",78% bullish,of 36 ratings,$80
EFII,$43.55,1441307471670,"50,109",80% bullish,of 5 ratings,$55
ELECW,NULL,1441307471804,0,Not yet rated,NULL,N/A
RDEN,$11.77,1441307471984,"112,180",100% bearish,of 4 ratings,$15
ESBK,$19.26,1441307472020,"2,384",Not yet rated,NULL,N/A
ELEC,NULL,1441307472040,0,Not yet rated,NULL,N/A
ELSE,NULL,1441307472060,0,60% bullish,of 5 ratings,N/A
ELECU,$9.998,1441307472114,300,Not yet rated,NULL,N/A
CAPX,$22.85,1441307472139,1,Not yet rated,NULL,N/A
EBIO,$3.32,1441307472193,"90,606",100% bearish,of 2 ratings,$8.35
LONG,$16.73,1441307472223,"2,600",67% bullish,of 3 ratings,$15.75
ELTK,$1.27,1441307472404,"40,697",67% bearish,of 3 ratings,N/A
EMCI,$22.39,1441307472536,"5,028",Not yet rated,NULL,N/A
EMCF,$23.51,1441307472565,100,100% bearish,of 1 rating,N/A
EMKR,$6.9,1441307472667,"66,454",75% bullish,of 4 ratings,$8.50
EMMS,$1.27,1441307472738,"20,777",83% bullish,of 6 ratings,N/A
ECPG,$38.34,1441307472801,"74,217",100% bullish,of 2 ratings,$52
NYNY,$4.312,1441307472825,"9,753",50% bullish,of 2 ratings,N/A
EMMSP,NULL,1441307472879,0,100% bearish,of 1 rating,N/A
ENTA,$39.49,1441307472906,"64,423",50% bullish,of 2 ratings,$42
WIRE,$32.28,1441307473052,"41,462",100% bearish,of 1 rating,$37
ELGX,$12.75,1441307473154,"719,349",75% bullish,of 4 ratings,$17
ERS,NULL,1441307473178,0,Not yet rated,NULL,N/A
ECYT,$5.18,1441307473207,"134,139",83% bullish,of 6 ratings,$12
EIGI,$15.22,1441307473230,"202,423",67% bearish,of 3 ratings,$22.50
WATT,$6.85,1441307473405,"28,556",50% bullish,of 2 ratings,$13
ENDP,$74.759,1441307473439,"501,852",50% bullish,of 6 ratings,$101.50
EFOI,$24.3,1441307473505,"675,894",50% bullish,of 2 ratings,$24.50
ERII,$2.61,1441307473581,"22,933",80% bullish,of 5 ratings,$2.50
EXXI,$1.78,1441307473686,"934,381",86% bullish,of 7 ratings,$3.50
ENG,$1.02,1441307473746,"42,166",100% bullish,of 3 ratings,N/A
ENOC,$8.8,1441307473828,"87,483",75% bullish,of 4 ratings,$18
ENFC,$17.4501,1441307473883,801,Not yet rated,NULL,N/A
ESGR,$149.75,1441307473926,"20,618",100% bearish,of 1 rating,$185
ENTL,$21.9,1441307473985,"7,778",Not yet rated,NULL,$28
ENPH,$4.395,1441307474084,"590,927",75% bullish,of 4 ratings,$11
ETRM,$0.2927,1441307474157,"827,714",69% bearish,of 35 ratings,$1.625
ENTG,$13.61,1441307474190,"165,790",100% bearish,of 1 rating,$18
EGT,$2.0093,1441307474286,"3,200",100% bullish,of 1 rating,N/A
EFSC,$23.95,1441307474310,"15,551",Not yet rated,NULL,$27
EBTC,$21.52,1441307474366,759,Not yet rated,NULL,N/A
ENZN,$0.99,1441307474636,"69,006",100% bullish,of 9 ratings,N/A
ENZY,$10.35,1441307474686,"32,599",67% bullish,of 3 ratings,$9.50
EPZM,$19.94,1441307474716,"137,752",60% bullish,of 5 ratings,$34
ENVI,$1.89,1441307474737,"29,666",67% bullish,of 3 ratings,N/A
EPIQ,$12.7,1441307474794,"15,571",100% bearish,of 1 rating,$18
EPRS,$5.1,1441307474873,"15,634",82% bullish,of 11 ratings,$15
EQIX,$273.875,1441307474923,"318,813",75% bullish,of 4 ratings,$312.50
PLUS,$73.49,1441307474948,"23,527",50% bullish,of 2 ratings,$88
EAC,$3.45,1441307475077,"7,838",100% bearish,of 1 rating,$8
EQFN,$8.2,1441307475175,500,100% bearish,of 1 rating,N/A
ERIC,$9.85,1441307475443,"1,003,017",67% bullish,of 9 ratings,$12.20
ERIE,$81.39,1441307475470,"12,373",Not yet rated,NULL,$73
ESCA,$17.97,1441307475500,"1,681",100% bearish,of 1 rating,$22
ESCR,$0.195,1441307475543,"245,362",50% bullish,of 2 ratings,N/A
ESMC,$1.34,1441307475605,900,Not yet rated,NULL,N/A
ESCRP,$1.5,1441307475629,"2,736",100% bearish,of 1 rating,N/A
ESSA,$12.84,1441307475900,"1,320",100% bearish,of 1 rating,N/A
ESSX,$0.49,1441307475936,"2,134",50% bullish,of 2 ratings,N/A
ESND,$33.73,1441307475965,"30,180",100% bearish,of 2 ratings,$40
EPIX,NULL,1441307475997,0,Not yet rated,NULL,N/A
ETSY,$14.1201,1441307476018,"197,389",80% bullish,of 5 ratings,$16
ESPR,$45.67,1441307476056,"401,219",70% bearish,of 10 ratings,$115
EEFT,$65.71,1441307476077,"64,043",100% bearish,of 1 rating,$67.50
CLWT,NULL,1441307476108,0,100% bearish,of 1 rating,N/A
EVEP,$8.53,1441307476350,"134,008",50% bullish,of 2 ratings,$15
ESEA,$4.68,1441307476446,"1,288",100% bullish,of 1 rating,$15
EVOK,$3.6,1441307476618,"41,559",100% bearish,of 1 rating,$13.375
EVLV,$2.65,1441307476644,"48,070",60% bullish,of 5 ratings,$4.625
EXEL,$5.6001,1441307476673,"2,054,857",81% bullish,of 16 ratings,$6
EXAC,$18.9,1441307476720,"8,118",100% bearish,of 1 rating,$22.50
EVK,$3.56,1441307476772,100,75% bearish,of 4 ratings,N/A
EXFO,$2.95,1441307476901,401,67% bearish,of 3 ratings,$3.95
EXA,$10.36,1441307476931,"86,985",100% bearish,of 1 rating,$13
EXAS,$21.12,1441307477031,"476,290",78% bullish,of 9 ratings,$31
EVOL,$5.78,1441307477060,"7,157",75% bullish,of 4 ratings,$10
EXPO,$42.76,1441307477130,"18,464",100% bearish,of 1 rating,$45.50
EXPE,$113.33,1441307477159,"272,221",64% bullish,of 11 ratings,$130
EXLS,$36.7,1441307477185,"33,764",50% bullish,of 2 ratings,$41
EXPD,$49.25,1441307477372,"920,400",80% bullish,of 5 ratings,$52
ESRX,$84.085,1441307477454,"1,012,359",67% bearish,of 6 ratings,$101
EXLP,$18.91,1441307477622,"56,063",100% bearish,of 1 rating,$25
EXTR,$3.16,1441307477651,"462,909",80% bullish,of 5 ratings,$3
EYEGW,$1.0401,1441307477690,200,Not yet rated,NULL,N/A
EYEG,$3.7968,1441307477782,"7,856",Not yet rated,NULL,N/A
EZCH,$22.2805,1441307477803,"61,487",75% bullish,of 8 ratings,$19.50
EZPW,$5.99,1441307477885,"154,269",50% bullish,of 4 ratings,$7
FFIV,$121.66,1441307477985,"255,310",63% bullish,of 8 ratings,$132
FB,$88.385,1441307478018,"12,057,236",73% bullish,of 1074 ratings,$111
FWM,$2.28,1441307478122,"61,695",100% bearish,of 2 ratings,$3.20
FCS,$13.91,1441307478143,"319,085",67% bearish,of 3 ratings,$17
FALC,$1.71,1441307478177,"2,046",63% bearish,of 8 ratings,N/A
DAVE,$15.15,1441307478202,"21,791",100% bearish,of 1 rating,$15.50
FRP,$15.935,1441307478225,"16,831",100% bearish,of 1 rating,$18
FARM,$23.0301,1441307478575,"15,234",100% bearish,of 1 rating,$35
FARO,$37.74,1441307478613,"26,163",50% bullish,of 2 ratings,$48
FMNB,$8.26,1441307478642,"26,146",Not yet rated,NULL,N/A
FFKT,$25.26,1441307478674,"5,260",Not yet rated,NULL,$29
FBSS,NULL,1441307478745,0,Not yet rated,NULL,N/A
FATE,$6.0005,1441307478773,"6,471",50% bullish,of 2 ratings,$11
FBRC,$21.82,1441307478881,"21,843",100% bearish,of 1 rating,$29
FAST,$37.5535,1441307478924,"1,081,406",80% bullish,of 5 ratings,$45.50
FNHC,$22.07,1441307479084,"13,280",100% bearish,of 1 rating,$35
FHCO,$1.4,1441307479110,"22,800",50% bullish,of 4 ratings,N/A
FENX,$9.59,1441307479131,"57,947",100% bullish,of 1 rating,$14.25
FEIC,$75.54,1441307479166,"74,438",50% bullish,of 2 ratings,$95.50
FGEN,$22.8,1441307479221,"122,684",100% bearish,of 1 rating,$39
FDML,$8.57,1441307479242,"83,644",50% bullish,of 4 ratings,$14
FCSC,$5.52,1441307479297,"94,949",100% bearish,of 1 rating,$8.125
ONEQ,$187.0312,1441307479392,"8,878",100% bullish,of 1 rating,N/A
FDUS,$14.7008,1441307479743,"17,253",50% bullish,of 2 ratings,$18
FITB,$19.46,1441307479770,"1,779,982",54% bullish,of 13 ratings,$22
LION,$19.25,1441307479800,"44,558",100% bullish,of 1 rating,$20
FSC,$6.579,1441307479829,"320,001",60% bullish,of 5 ratings,$8
FSFR,$8.815,1441307479855,"58,943",100% bearish,of 1 rating,$11.50
FRGI,$51.64,1441307479899,"30,427",50% bullish,of 2 ratings,$70
FITBI,$27.44,1441307479925,"4,933",Not yet rated,NULL,N/A
FSAM,$7.89,1441307479986,"2,847",100% bearish,of 1 rating,$10.25
FNGN,$30.8,1441307480146,"116,147",67% bullish,of 3 ratings,$47
FSCFL,$24.55,1441307480186,"10,870",Not yet rated,NULL,N/A
FISI,$24.38,1441307480210,"4,995",100% bullish,of 2 ratings,$24.50
FNSR,$15.47,1441307480247,"194,877",71% bullish,of 7 ratings,$24
FNTC,NULL,1441307480443,0,Not yet rated,NULL,N/A
FNJN,$1.7499,1441307480505,"6,505",100% bearish,of 1 rating,$5
FNTCW,$0.331,1441307480577,"4,300",Not yet rated,NULL,N/A
FNTCU,NULL,1441307480602,0,Not yet rated,NULL,N/A
FBNC,$16.87,1441307480633,"7,519",100% bullish,of 1 rating,$20
FNLC,$18.83,1441307480681,"4,634",100% bullish,of 1 rating,N/A
FEYE,$36.79,1441307480705,"2,505,732",88% bullish,of 16 ratings,$55.50
FRBA,$6.001,1441307480835,569,Not yet rated,NULL,$8
FBIZ,$22.53,1441307480918,"6,555",100% bearish,of 2 ratings,$26
FCVA,$4.7999,1441307481006,201,Not yet rated,NULL,N/A
FCAP,$27.39,1441307481031,100,Not yet rated,NULL,N/A
FCNCA,$230.08,1441307481214,"2,971",Not yet rated,NULL,N/A
FCFS,$39.51,1441307481239,"38,474",100% bearish,of 3 ratings,$47
BUSE,$6.3,1441307481266,"45,658",Not yet rated,NULL,$6.875
FCLF,$9.2,1441307481294,"1,118",Not yet rated,NULL,N/A
FCBC,$17.29,1441307481425,"7,839",Not yet rated,NULL,$18
FCCO,$12.25,1441307481455,"8,307",Not yet rated,NULL,$13.25
FCFP,NULL,1441307481584,0,Not yet rated,NULL,N/A
FBNK,$16.81,1441307481611,"3,081",100% bearish,of 1 rating,$17.50
FFNM,$6.34,1441307481633,101,Not yet rated,NULL,N/A
FFBCW,NULL,1441307481773,0,100% bearish,of 1 rating,N/A
FFBC,$18.2086,1441307481801,"25,339",67% bearish,of 3 ratings,$20.25
FDEF,$36.91,1441307481822,"7,505",Not yet rated,NULL,$38
FFIN,$30.17,1441307481954,"35,004",50% bullish,of 2 ratings,$31.75
THFF,$32.63,1441307481999,"4,984",Not yet rated,NULL,$35
FFWM,$21.3,1441307482029,"12,037",Not yet rated,NULL,$24
FFNW,$12.15,1441307482050,"10,043",Not yet rated,NULL,$14
FIBK,$26.52,1441307482126,"25,370",Not yet rated,NULL,$32
FRME,$26.01,1441307482182,"91,278",Not yet rated,NULL,$26.50
INBK,$29.62,1441307482230,"5,427",50% bullish,of 2 ratings,$37
FMBI,$17.3985,1441307482362,"112,969",Not yet rated,NULL,$20
FMBH,NULL,1441307482387,0,Not yet rated,NULL,N/A
FNBC,$34.095,1441307482651,"106,125",Not yet rated,NULL,$40
FNFG,$9.085,1441307482698,"1,307,667",80% bullish,of 5 ratings,$9
FNWB,$11.98,1441307482831,"5,359",Not yet rated,NULL,N/A
FSLR,$48.37,1441307482856,"644,562",72% bullish,of 39 ratings,$65
FSGI,$2.4905,1441307483827,"4,000",Not yet rated,NULL,N/A
FSFG,$31.11,1441307483852,300,Not yet rated,NULL,N/A
FSBK,$7.77,1441307484440,"4,550",100% bullish,of 1 rating,N/A
FBZ,NULL,1441307484987,0,Not yet rated,NULL,N/A
FCAN,$24.44,1441307485087,"90,326",Not yet rated,NULL,N/A
BICK,$19.274,1441307485291,885,100% bullish,of 1 rating,N/A
FCA,$19.305,1441307485315,"118,440",Not yet rated,NULL,N/A
FTCS,$36.16,1441307485537,"12,211",100% bearish,of 1 rating,N/A
FV,$23.14,1441307485561,"1,045,259",100% bearish,of 1 rating,N/A
IFV,$17.55,1441307485602,"196,546",100% bearish,of 1 rating,N/A
TDIV,$24.7601,1441307485820,"48,359",100% bearish,of 1 rating,N/A
FEMB,NULL,1441307485850,0,Not yet rated,NULL,N/A
MDIV,$18.9951,1441307485873,"92,919",Not yet rated,NULL,N/A
FEUZ,$30.89,1441307485898,"13,954",Not yet rated,NULL,N/A
FTSM,$59.955,1441307485924,"45,219",100% bearish,of 1 rating,N/A
FTHI,$19.29,1441307486060,100,Not yet rated,NULL,N/A
FGM,$35.36,1441307486118,"29,721",Not yet rated,NULL,N/A
FTGC,$22.4439,1441307486191,"58,295",Not yet rated,NULL,N/A
HYLS,$49.62,1441307486347,"21,079",100% bearish,of 1 rating,N/A
FHK,$32.6631,1441307486395,"18,289",Not yet rated,NULL,N/A
FPXI,$26.38,1441307486484,200,Not yet rated,NULL,N/A
PLTM,$6.33,1441307486544,"9,882",100% bearish,of 1 rating,N/A
FJP,$46.0421,1441307486621,"6,372",Not yet rated,NULL,N/A
CU,$12.8699,1441307486645,"3,067",100% bearish,of 1 rating,N/A
SKYY,$28.63,1441307486669,"33,513",100% bullish,of 1 rating,N/A
YDIV,$16.29,1441307486699,"1,562",Not yet rated,NULL,N/A
FTLB,$19.25,1441307486909,"10,000",100% bearish,of 1 rating,N/A
LMBS,$50.3654,1441307486948,124,Not yet rated,NULL,N/A
FMB,$51.1345,1441307486989,123,Not yet rated,NULL,N/A
QABA,$37.1956,1441307487079,"2,912",100% bearish,of 1 rating,N/A
CIBR,$17.59,1441307487123,"40,506",Not yet rated,NULL,N/A
FONE,NULL,1441307487317,0,Not yet rated,NULL,N/A
QCLN,$15.276,1441307487585,"4,734",Not yet rated,NULL,N/A
RDVY,$20.93,1441307487625,"10,985",Not yet rated,NULL,N/A
CARZ,$34.74,1441307487715,400,100% bearish,of 1 rating,N/A
QQXT,$40.074,1441307487858,"7,735",Not yet rated,NULL,N/A
GRID,$31.47,1441307487883,920,100% bearish,of 1 rating,N/A
QTEC,$39.81,1441307487907,"15,550",Not yet rated,NULL,N/A
QQEW,$41.5401,1441307487932,"30,488",Not yet rated,NULL,N/A
AIRR,$16.3801,1441307488066,"1,492",100% bearish,of 1 rating,N/A
QINC,NULL,1441307488090,0,Not yet rated,NULL,N/A
FTSL,$48.85,1441307488119,"50,631",100% bearish,of 1 rating,N/A
FKO,NULL,1441307488173,0,Not yet rated,NULL,N/A
FSZ,$38.6788,1441307488347,"5,309",Not yet rated,NULL,N/A
TUSA,$24.8,1441307488372,600,Not yet rated,NULL,N/A
FTW,$32.38,1441307488408,"62,131",Not yet rated,NULL,N/A
FDIV,NULL,1441307488432,0,100% bearish,of 1 rating,N/A
FKU,$41.44,1441307488506,"5,694",Not yet rated,NULL,N/A
FUNC,$8.06,1441307488664,"1,863",Not yet rated,NULL,N/A
FISV,$85.78,1441307488747,"430,728",100% bearish,of 3 ratings,$90
SVVC,$9.3115,1441307488808,"10,699",50% bullish,of 2 ratings,$26
FSV,$32.1,1441307488881,"12,967",Not yet rated,NULL,$33.60
FPRX,$19.4,1441307488913,"149,465",50% bullish,of 2 ratings,$35
FIVN,$3.8455,1441307488941,"68,165",100% bullish,of 1 rating,$8.50
FMER,$17.47,1441307488971,"358,277",50% bullish,of 2 ratings,$20
FIVE,$34.47,1441307489010,"4,331,423",75% bearish,of 4 ratings,$44
FLML,$22.315,1441307489072,"92,267",50% bullish,of 2 ratings,$30
FLKS,$11.56,1441307489262,"22,860",50% bullish,of 2 ratings,$27
FLXN,$26.08,1441307489465,"37,654",100% bearish,of 1 rating,$40
FLDM,$11.08,1441307489494,"94,836",67% bearish,of 3 ratings,$15
MBSD,$24.98,1441307489569,588,Not yet rated,NULL,N/A
SKOR,$50.38,1441307489600,"2,475",Not yet rated,NULL,N/A
FLXS,$31.5349,1441307489625,"8,364",100% bearish,of 2 ratings,N/A
FLEX,$10.56,1441307489655,"1,383,616",63% bullish,of 8 ratings,$12
FLIR,$28.52,1441307489676,"443,572",100% bearish,of 2 ratings,$38.50
FFIC,$19.545,1441307489706,"19,406",Not yet rated,NULL,$20.50
FOMX,$9.885,1441307489906,"79,998",50% bullish,of 2 ratings,$23.50
FES,$0.9,1441307489990,"10,029",50% bullish,of 2 ratings,$1
FONR,$9.75,1441307490018,"3,372",100% bullish,of 1 rating,N/A
FOGO,$19.17,1441307490082,"41,700",50% bullish,of 2 ratings,$25.50
FORM,$6.695,1441307490115,"68,449",67% bullish,of 3 ratings,$10.50
FORTY,$30.12,1441307490219,553,100% bearish,of 1 rating,N/A
FORR,$31.11,1441307490322,"16,486",Not yet rated,NULL,N/A
FORD,$1.6801,1441307490391,"757,966",67% bullish,of 3 ratings,N/A
FTNT,$42.15,1441307490421,"519,958",80% bullish,of 10 ratings,$52
FWRD,$44.1001,1441307490455,"93,452",100% bearish,of 1 rating,$50
FBIO,$2.58,1441307490553,"14,921",83% bullish,of 6 ratings,N/A
FWP,$26.23,1441307490580,"35,149",100% bearish,of 1 rating,$45
FOSL,$61.0525,1441307490608,"200,577",60% bearish,of 5 ratings,$80
FMI,$23.92,1441307490733,"101,421",100% bearish,of 2 ratings,$27.50
FOXF,$15.35,1441307490799,"9,489",100% bearish,of 1 rating,$19
FXCB,$17.18,1441307490831,"51,863",Not yet rated,NULL,$19
FRAN,$12.085,1441307491002,"651,857",50% bullish,of 4 ratings,$15
FELE,$28.12,1441307491075,"77,527",50% bullish,of 4 ratings,$33
FRED,$12.73,1441307491102,"110,357",50% bullish,of 2 ratings,$15.50
RAIL,$20.07,1441307491134,"35,476",100% bearish,of 1 rating,$24.50
FTR,$5.49,1441307491232,"13,917,463",78% bullish,of 27 ratings,$6.25
FREE,$0.3499,1441307491259,"890,677",92% bullish,of 12 ratings,N/A
FRPT,$12.56,1441307491405,"287,047",67% bearish,of 3 ratings,$23.50
FEIM,$11.03,1441307491430,700,100% bearish,of 1 rating,N/A
FTRPR,$107.44,1441307491485,"43,986",100% bearish,of 1 rating,N/A
FRPH,$31.3,1441307491511,"1,035",100% bearish,of 1 rating,N/A
FTD,$30.0201,1441307491675,"76,338",100% bearish,of 1 rating,$40
FSBW,$23.25,1441307491703,"1,800",Not yet rated,NULL,N/A
FSYS,$6.6485,1441307491735,"165,567",67% bullish,of 3 ratings,$8.50
FTEK,$1.98,1441307491836,"24,270",75% bullish,of 4 ratings,N/A
FCEL,$0.8546,1441307491865,"756,852",88% bullish,of 41 ratings,$2.65
FULLL,$25.24,1441307491967,"1,620",Not yet rated,NULL,N/A
FULL,$3.12,1441307492059,"31,369",67% bearish,of 3 ratings,$4.25
FULT,$11.89,1441307492281,"329,875",100% bearish,of 1 rating,$13
FLL,$1.5,1441307492478,"2,600",75% bullish,of 4 ratings,$3.50
FXEN,$0.99,1441307492508,"45,566",75% bullish,of 4 ratings,$1.10
FSNN,$2.06,1441307492535,481,67% bullish,of 3 ratings,$6
FFHL,NULL,1441307492560,0,50% bullish,of 4 ratings,N/A
FXENP,NULL,1441307492614,0,100% bearish,of 1 rating,N/A
GK,$67.83,1441307492706,"13,592",Not yet rated,NULL,$78
WILC,$4.9299,1441307492760,"2,200",100% bullish,of 2 ratings,N/A
GLPG,$59.5665,1441307492863,"10,602",100% bullish,of 1 rating,$75
GAIA,$5.96,1441307492902,"20,683",50% bullish,of 2 ratings,$8.50
GALTW,$0.5569,1441307493073,"8,683",100% bullish,of 1 rating,N/A
GALT,$2.0501,1441307493136,"36,474",80% bullish,of 5 ratings,N/A
GALTU,NULL,1441307493168,0,100% bearish,of 1 rating,N/A
GALE,$1.64,1441307493189,"436,866",89% bullish,of 47 ratings,$4
GLMD,$8.21,1441307493234,"1,020",67% bullish,of 3 ratings,$20.50
GLPI,$30.94,1441307493261,"172,118",100% bearish,of 1 rating,$37.50
GPIC,$9.94,1441307493321,"2,746",100% bearish,of 1 rating,N/A
GRMN,$37.29,1441307493647,"340,053",50% bullish,of 6 ratings,$46.50
GGAC,$9.9,1441307493675,"2,043",100% bearish,of 1 rating,N/A
GGACR,$0.255,1441307493701,200,100% bullish,of 1 rating,N/A
GARS,$14.59,1441307493738,"27,734",Not yet rated,NULL,$16
GGACU,NULL,1441307493780,0,Not yet rated,NULL,N/A
GENC,$9.03,1441307493870,519,100% bearish,of 1 rating,N/A
GGACW,$0.13,1441307494711,150,Not yet rated,NULL,N/A
GNCMA,$16.65,1441307495010,"59,862",100% bearish,of 1 rating,$12
GFN,$4.0199,1441307495288,"6,246",100% bearish,of 2 ratings,$8
GFNCP,$88.06,1441307495335,110,Not yet rated,NULL,N/A
GENE,$2.38,1441307495513,"52,744",100% bullish,of 12 ratings,N/A
GFNSL,$25.8,1441307495922,100,Not yet rated,NULL,N/A
GNMK,$9.71,1441307496078,"23,168",67% bullish,of 6 ratings,$14
GNCA,$11.08,1441307496261,"51,001",100% bearish,of 1 rating,$20
GHDX,$25.88,1441307496370,"75,763",50% bullish,of 2 ratings,$30
GNTX,$15.775,1441307496481,"591,405",Not yet rated,NULL,$20
THRM,$45.465,1441307496512,"116,970",75% bearish,of 4 ratings,$55.50
GNVC,$2.5,1441307496537,"19,610",90% bullish,of 10 ratings,$8.50
GTWN,NULL,1441307496585,0,Not yet rated,NULL,N/A
GEOS,$17.375,1441307496614,"120,902",100% bearish,of 3 ratings,$21
GABC,$28.75,1441307496681,"6,315",Not yet rated,NULL,$31.50
GERN,$3.4199,1441307496713,"9,055,377",88% bullish,of 16 ratings,$5.25
GEVO,$2.3,1441307496745,"433,846",75% bullish,of 12 ratings,$5
GIGM,$0.526,1441307496955,"2,800",100% bullish,of 2 ratings,N/A
ROCK,$16.6,1441307496979,"31,355",80% bullish,of 5 ratings,$24
GIGA,$1.356,1441307497005,"68,280",100% bearish,of 1 rating,N/A
GIII,$70.17,1441307497136,"293,822",67% bullish,of 3 ratings,$75
GILT,$4.145,1441307497161,"4,181",50% bullish,of 2 ratings,N/A
GILD,$102.54,1441307497189,"3,427,555",91% bullish,of 87 ratings,$129
GBCI,$25.95,1441307497291,"49,621",50% bullish,of 2 ratings,$31
GLAD,$8.77,1441307497323,"51,709",50% bullish,of 2 ratings,$8.75
GLADO,$25.59,1441307497351,"3,100",Not yet rated,NULL,N/A
GOODN,$25.5,1441307497434,500,Not yet rated,NULL,N/A
GOOD,$14.17,1441307497459,"36,861",Not yet rated,NULL,$19
GAIN,$7.5,1441307497795,"37,815",100% bullish,of 2 ratings,$8.25
GOODP,$25.1101,1441307497845,300,Not yet rated,NULL,N/A
GOODO,NULL,1441307497870,0,Not yet rated,NULL,N/A
GAINO,$25.26,1441307497926,800,Not yet rated,NULL,N/A
GAINN,$25.19,1441307498053,"32,224",Not yet rated,NULL,N/A
GAINP,$25.5601,1441307498155,"1,666",Not yet rated,NULL,N/A
GBT,$51.26,1441307498183,"73,198",100% bearish,of 1 rating,N/A
LAND,$9.07,1441307498207,"5,246",50% bullish,of 2 ratings,$13.75
ENT,$11.16,1441307498350,"116,366",100% bearish,of 1 rating,$18
GBLI,$27.18,1441307498395,"7,708",Not yet rated,NULL,N/A
GDEF,$10.6499,1441307498432,300,Not yet rated,NULL,N/A
GPACU,NULL,1441307498482,0,Not yet rated,NULL,N/A
GLBZ,$11.58,1441307498506,273,Not yet rated,NULL,N/A
GSOL,$8.25,1441307498729,"7,242",100% bearish,of 1 rating,N/A
QQQC,$18.62,1441307498753,"4,037",100% bearish,of 1 rating,N/A
ACTX,$13.17,1441307498813,660,100% bullish,of 1 rating,N/A
SOCL,$17.335,1441307499034,"12,053",100% bullish,of 2 ratings,N/A
ALTY,NULL,1441307499093,0,Not yet rated,NULL,N/A
SRET,NULL,1441307499119,0,Not yet rated,NULL,N/A
GSM,$13.56,1441307499148,"120,116",50% bullish,of 2 ratings,$22
GAI,$6.06,1441307499176,"1,808",50% bullish,of 2 ratings,N/A
YLCO,$11.7399,1441307499197,"2,510",Not yet rated,NULL,N/A
GBIM,$2.61,1441307499228,"30,390",50% bullish,of 2 ratings,N/A
GLBS,$1.04,1441307499255,100,67% bullish,of 3 ratings,N/A
GLUU,$4.51,1441307499477,"1,102,504",92% bullish,of 26 ratings,$9
GLYC,$6.96,1441307499503,"1,690",50% bullish,of 2 ratings,$14
GLNG,$39.31,1441307499528,"691,616",83% bullish,of 6 ratings,$55.50
GLRI,$1.1,1441307499580,"149,148",100% bearish,of 1 rating,$4.25
GOGO,$15.98,1441307499605,"264,298",80% bullish,of 5 ratings,$25
GOGL,$2.9,1441307499996,"251,073",75% bullish,of 4 ratings,$5
GOOG,$606.98,1441307500024,"623,145",86% bullish,of 74 ratings,$787.50
GMLP,$21.28,1441307500064,"98,405",50% bullish,of 4 ratings,$29
GLDC,$4.0899,1441307500152,"2,200",50% bullish,of 2 ratings,N/A
GTIM,$6.7,1441307500205,"3,487",Not yet rated,NULL,$11.50
GBDC,$16.94,1441307500256,"118,381",Not yet rated,NULL,$17.75
GDEN,$9.06,1441307500286,"5,900",50% bullish,of 2 ratings,N/A
GOOGL,$637.995,1441307500337,"513,320",88% bullish,of 1082 ratings,$749
GPRO,$38.915,1441307500367,"5,642,726",78% bullish,of 59 ratings,$72
GMAN,$3.685,1441307500471,"12,123",60% bullish,of 5 ratings,$8.50
GPIA,$9.75,1441307500499,"2,100",100% bearish,of 1 rating,N/A
GPIAU,$9.97,1441307500744,500,Not yet rated,NULL,N/A
GPIAW,NULL,1441307500790,0,Not yet rated,NULL,N/A
LOPE,$37.25,1441307500842,"86,796",100% bearish,of 2 ratings,$50
GRVY,NULL,1441307500870,0,50% bullish,of 2 ratings,N/A
GBSN,$0.1785,1441307500895,"9,390,716",50% bullish,of 2 ratings,$8.25
GBSNU,NULL,1441307500917,0,NULL,NULL,NULL
GLDD,$5.52,1441307501062,"30,185",100% bearish,of 4 ratings,$7.75
GSBC,$40.5,1441307501093,"14,981",100% bullish,of 1 rating,$44
GRBK,$11.63,1441307501170,"62,660",77% bullish,of 13 ratings,N/A
GNBC,$11.81,1441307501203,"5,762",100% bearish,of 1 rating,$16.50
GPP,$14.43,1441307501282,"6,800",Not yet rated,NULL,$20.50
GPRE,$20.45,1441307501310,"168,137",67% bullish,of 6 ratings,$28.50
GLRE,$24.73,1441307501382,"100,225",50% bullish,of 2 ratings,$34
GRIF,NULL,1441307501598,0,100% bearish,of 1 rating,N/A
GRFS,$31.159,1441307501631,"312,636",50% bullish,of 2 ratings,$35
GCBC,NULL,1441307501697,0,100% bullish,of 1 rating,N/A
GRPN,$4.3,1441307501740,"2,188,377",61% bullish,of 71 ratings,$6.75
GSIG,$12.67,1441307501766,"3,572",100% bearish,of 2 ratings,N/A
OMAB,$41.96,1441307501792,"25,979",100% bullish,of 1 rating,$44
GGAL,$19.0095,1441307501812,"148,951",80% bullish,of 5 ratings,$40
GSVC,$8.99,1441307501957,"24,506",50% bullish,of 2 ratings,$15.75
GSIT,$4.6,1441307502150,"3,921",100% bearish,of 1 rating,N/A
GTXI,$0.894,1441307502306,"13,182",100% bullish,of 5 ratings,$.75
GBNK,$15.86,1441307502460,"11,654",100% bearish,of 1 rating,$18
GFED,$14.653,1441307502681,"1,100",Not yet rated,NULL,$17
GUID,$6.97,1441307502708,"29,607",100% bearish,of 3 ratings,$10
GULTU,$0.3003,1441307502786,"69,223",100% bearish,of 1 rating,N/A
GIFI,$12.54,1441307502856,"23,262",100% bearish,of 1 rating,$16
GWPH,$103.71,1441307503046,"75,475",78% bullish,of 9 ratings,$148.50
GPOR,$33.947,1441307503143,"759,104",75% bullish,of 4 ratings,$54
GURE,$1.7139,1441307503174,"5,451",88% bullish,of 8 ratings,N/A
GYRO,$30.99,1441307503204,"2,418",100% bearish,of 1 rating,N/A
GWGH,$7.71,1441307503229,403,100% bearish,of 1 rating,$15.05
HEES,$18.86,1441307503278,"160,342",67% bearish,of 3 ratings,$31
HNRG,$7.6,1441307503338,"82,168",100% bearish,of 1 rating,$10
HLG,NULL,1441307503498,0,100% bearish,of 1 rating,N/A
HALL,$11.41,1441307503603,"13,847",Not yet rated,NULL,N/A
HBK,$13.8,1441307503656,1,50% bullish,of 2 ratings,N/A
HMPR,$1.8785,1441307503819,"15,784",100% bullish,of 1 rating,N/A
HBHC,$27.31,1441307503845,"136,921",50% bullish,of 2 ratings,$30
HALO,$16.98,1441307503878,"372,676",67% bullish,of 3 ratings,$22.50
HNH,$26.15,1441307503972,"16,575",100% bullish,of 1 rating,N/A
HBHCL,$24.4796,1441307504000,"12,361",Not yet rated,NULL,N/A
HAFC,$24.02,1441307504025,"84,246",100% bullish,of 2 ratings,$28.50
HNSN,$0.5317,1441307504184,"30,652",88% bullish,of 8 ratings,$.40
HQCL,$12.6977,1441307504209,"6,011",67% bullish,of 3 ratings,$14
HRMN,NULL,1441307504526,0,Not yet rated,NULL,N/A
HDNG,$10.06,1441307504600,"7,688",50% bullish,of 4 ratings,N/A
HRMNU,NULL,1441307504624,0,Not yet rated,NULL,N/A
HRMNW,NULL,1441307504681,0,Not yet rated,NULL,N/A
HLIT,$5.745,1441307504972,"136,066",100% bearish,of 1 rating,$6.50
TINY,$2.45,1441307505029,"20,033",50% bullish,of 2 ratings,$5.26
HART,$1.2699,1441307505054,"100,367",100% bearish,of 1 rating,N/A
HBIO,$4.42,1441307505210,"33,509",100% bearish,of 1 rating,$10
HA,$23.63,1441307505810,"208,630",67% bullish,of 9 ratings,$27
HCAPL,$25.5,1441307505941,800,Not yet rated,NULL,N/A
HWKN,$38.08,1441307506039,"8,524",Not yet rated,NULL,N/A
HAS,$76.88,1441307506066,"810,763",63% bullish,of 8 ratings,$84.50
HCOM,$21.9,1441307506090,"1,154",100% bearish,of 1 rating,$28
HCAP,$12.055,1441307506116,"6,946",50% bullish,of 2 ratings,$15
HAYN,$38.09,1441307506243,"17,266",100% bearish,of 1 rating,$59
HWBK,NULL,1441307506292,0,100% bearish,of 1 rating,N/A
HIIQ,$4.85,1441307506312,"8,120",50% bullish,of 2 ratings,$7
HDS,$32.475,1441307506343,"992,898",100% bearish,of 2 ratings,$39.50
HCSG,$32.71,1441307506474,"125,819",50% bullish,of 4 ratings,$35
HSTM,$24.39,1441307506505,"16,418",50% bullish,of 2 ratings,$33.75
HQY,$29.545,1441307506639,"264,276",67% bullish,of 3 ratings,$35
HWAY,$11.85,1441307506671,"69,217",100% bearish,of 1 rating,$15
HTLD,$20.195,1441307506696,"145,768",Not yet rated,NULL,$22.50
HTLF,$35.62,1441307506771,"13,604",100% bullish,of 1 rating,$39.50
HTWR,$66.05,1441307506903,"471,528",50% bullish,of 2 ratings,$104
HTBX,$3.37,1441307506959,"98,602",50% bullish,of 2 ratings,$15.50
HSII,$20.15,1441307507006,"49,235",100% bullish,of 3 ratings,$25
HELE,$85.01,1441307507090,"72,740",67% bearish,of 3 ratings,$100
HMNY,NULL,1441307507119,0,100% bearish,of 1 rating,N/A
HCACU,$9.99,1441307507222,200,Not yet rated,NULL,N/A
HMTV,$13.37,1441307507246,"5,388",100% bearish,of 1 rating,$16
HNNA,NULL,1441307507275,0,Not yet rated,NULL,N/A
HSIC,$135.4,1441307507301,"84,558",83% bullish,of 6 ratings,$146
HERO,NULL,1441307507459,0,NULL,NULL,NULL
HTBK,$10.27,1441307507484,"43,259",Not yet rated,NULL,$12
HFWA,$17.78,1441307507537,"58,021",100% bullish,of 1 rating,$20
HEOP,$7.7841,1441307507622,"11,659",Not yet rated,NULL,$8.50
HRTX,$36.59,1441307507756,"424,090",57% bullish,of 7 ratings,$41
MLHR,$26.91,1441307507780,"121,586",50% bullish,of 2 ratings,$33.50
HCCI,$11.92,1441307507811,"4,697",100% bearish,of 1 rating,$16.50
HSKA,$32.9491,1441307508007,"24,445",100% bearish,of 1 rating,$38
HIBB,$38.93,1441307510322,"180,154",100% bearish,of 1 rating,$46.50
HFFC,$16,1441307510358,"1,046",Not yet rated,NULL,N/A
HIHO,$4.2315,1441307511319,"18,783",Not yet rated,NULL,N/A
HIMX,$7.135,1441307511978,"1,056,162",86% bullish,of 21 ratings,$8.50
HPJ,$2.2,1441307512010,"24,764",75% bullish,of 4 ratings,$12.43
HIFS,$116,1441307512382,200,Not yet rated,NULL,N/A
HSGX,$5.84,1441307512461,"3,301",100% bearish,of 1 rating,$17
HMNF,$11.49,1441307512565,102,Not yet rated,NULL,N/A
HOLI,$16.89,1441307512664,"126,434",50% bullish,of 4 ratings,$27
HOLX,$38.37,1441307512694,"950,444",50% bullish,of 4 ratings,$42
HMSY,$9.96,1441307512795,"236,969",67% bullish,of 3 ratings,$19.35
HFBL,NULL,1441307512820,0,Not yet rated,NULL,N/A
AWAY,$28.5,1441307512848,"453,009",67% bullish,of 3 ratings,$36
HBCP,$24.84,1441307512876,557,Not yet rated,NULL,$29
HOMB,$37.26,1441307512978,"44,067",Not yet rated,NULL,$42
HMIN,$25.2403,1441307513018,"25,011",100% bearish,of 2 ratings,$35
HMST,$21.78,1441307513048,"61,970",100% bullish,of 2 ratings,$27
HTBI,$18.1,1441307513120,"16,016",67% bullish,of 3 ratings,$18.625
HOFT,$23.21,1441307513286,"33,730",100% bearish,of 1 rating,N/A
CETC,$0.7999,1441307513312,"17,002",86% bullish,of 7 ratings,N/A
HKTV,$4.2837,1441307513333,800,100% bearish,of 1 rating,N/A
HFBC,$11.2,1441307513504,"4,920",Not yet rated,NULL,N/A
HBNC,$23.675,1441307513635,"9,904",100% bullish,of 1 rating,$27
ZINC,$7.28,1441307513660,"214,279",100% bearish,of 1 rating,$17
HRZN,$10.3695,1441307516024,"9,478",50% bullish,of 2 ratings,$14.25
HDP,$23.28,1441307516622,"132,919",67% bearish,of 3 ratings,$30.50
HZNP,$29.54,1441307516661,"981,971",85% bullish,of 20 ratings,$40
HMHC,$22.6,1441307516826,"354,699",Not yet rated,NULL,$27
HOVNP,$3.96,1441307516886,"8,350",100% bearish,of 1 rating,N/A
HWCC,$7.55,1441307516960,"42,891",100% bearish,of 1 rating,$9
HBMD,$13.98,1441307517064,"1,733",100% bearish,of 1 rating,N/A
HTGM,$5.7,1441307517763,"4,349",100% bearish,of 1 rating,$19.50
HSNI,$60.11,1441307517787,"64,146",Not yet rated,NULL,$80
HUBG,$38.48,1441307517940,"97,524",100% bearish,of 1 rating,$43
HSON,$2.7399,1441307517987,"5,392",100% bearish,of 1 rating,$5
HDSN,$3.1,1441307518013,"10,530",100% bullish,of 1 rating,$6.25
HBAN,$10.7,1441307518034,"1,993,408",76% bullish,of 17 ratings,$12.29
HCBK,$9.33,1441307518062,"1,256,936",83% bullish,of 6 ratings,$8.61
HURC,$29.28,1441307518086,"4,620",100% bearish,of 1 rating,N/A
HBANP,$1330,1441307518258,8,100% bearish,of 1 rating,N/A
HURN,$73.16,1441307518293,"63,990",50% bullish,of 2 ratings,$80
HTCH,$1.4506,1441307518364,"25,176",100% bearish,of 1 rating,$3.50
HDRAR,NULL,1441307518395,0,Not yet rated,NULL,N/A
HDRA,NULL,1441307518415,0,Not yet rated,NULL,N/A
HDRAW,$0.264,1441307518542,1,Not yet rated,NULL,N/A
HBP,$3.1376,1441307518567,"7,000",100% bullish,of 1 rating,N/A
HDRAU,NULL,1441307518592,0,Not yet rated,NULL,N/A
HYGS,$8.6708,1441307518855,"23,100",50% bullish,of 2 ratings,$13
IDSY,$3.855,1441307518910,"2,920",100% bearish,of 1 rating,$7
ICAD,$3.9599,1441307518999,"46,470",100% bullish,of 2 ratings,$7.25
IBKC,$60.06,1441307519024,"45,636",100% bullish,of 1 rating,$70
IACI,$70.34,1441307519048,"307,584",80% bullish,of 5 ratings,$90
IEP,$69.3199,1441307519077,"37,479",75% bullish,of 4 ratings,$99
ICLR,$76.05,1441307519180,"288,992",100% bearish,of 3 ratings,$85
IKGH,$1.44,1441307519707,"19,038",75% bullish,of 4 ratings,N/A
ICON,$13.34,1441307521434,"283,703",50% bullish,of 2 ratings,$18.50
ICFI,$33.96,1441307521459,"12,024",50% bullish,of 2 ratings,$48.50
INVE,$4.4194,1441307521596,"4,354",75% bullish,of 4 ratings,$4
IPWR,$7.35,1441307521724,"2,101",100% bullish,of 1 rating,$15
ICUI,$110.54,1441307521770,"35,975",Not yet rated,NULL,$122
IDRA,$2.97,1441307521914,"587,494",89% bullish,of 9 ratings,$6.50
IDXX,$73.5075,1441307522249,"265,051",100% bearish,of 1 rating,$76
IKNX,$12.282,1441307522287,401,100% bearish,of 1 rating,N/A
IROQ,$16.793,1441307522384,697,100% bullish,of 1 rating,N/A
IIVI,$16.73,1441307522410,"45,767",100% bearish,of 1 rating,$22
RXDX,$14.333,1441307522435,"104,346",100% bullish,of 1 rating,$20
IRG,$5.04,1441307522469,"7,835",100% bearish,of 1 rating,$4.25
DSKY,$10.85,1441307522490,"72,685",67% bullish,of 6 ratings,$11.50
KANG,$15.46,1441307522519,"120,600",50% bullish,of 2 ratings,$23.10
IKAN,$2.735,1441307522651,"12,030",83% bullish,of 6 ratings,$5
ILMN,$195.99,1441307522686,"381,085",80% bullish,of 5 ratings,$245
ISNS,$4.15,1441307522740,"15,851",50% bullish,of 2 ratings,N/A
IMMR,$12.11,1441307522839,"84,602",80% bullish,of 5 ratings,$15.50
IMGN,$13.01,1441307523018,"336,784",75% bullish,of 4 ratings,$17.50
ICCC,$6.85,1441307523102,"2,625",100% bullish,of 1 rating,N/A
IPXL,$40.87,1441307523148,"167,973",67% bullish,of 3 ratings,$46.50
IMNP,$1.27,1441307523201,"73,926",50% bullish,of 2 ratings,$6
IMDZ,$15.82,1441307523222,"15,800",100% bearish,of 1 rating,$33
IMMU,$2.12,1441307523254,"313,740",86% bullish,of 7 ratings,$2
INCR,$42.77,1441307523275,"130,265",50% bullish,of 2 ratings,$53
IMMY,$7.71,1441307523442,"5,851",100% bearish,of 1 rating,$11
IBCP,$14.17,1441307523588,"19,632",100% bullish,of 1 rating,$14.50
SAAS,$7.25,1441307523664,"122,377",50% bullish,of 2 ratings,$15
INDB,$44.04,1441307523691,"34,600",Not yet rated,NULL,$44
INCY,$117.0809,1441307523712,"585,025",50% bullish,of 6 ratings,$125.50
IDSA,$3.5375,1441307523872,100,Not yet rated,NULL,N/A
INFN,$22.02,1441307523897,"684,926",71% bullish,of 7 ratings,$28
INFI,$8.59,1441307523922,"176,840",50% bullish,of 4 ratings,$16.50
IFON,$1.29,1441307524055,"10,280",75% bullish,of 4 ratings,N/A
III,$3.75,1441307524084,"54,371",57% bullish,of 7 ratings,$6
IPCC,$75.65,1441307524109,"12,054",Not yet rated,NULL,$77.50
IBTX,$40.46,1441307524134,"4,862",100% bullish,of 2 ratings,$47.25
IMKTA,$50.44,1441307524173,"39,780",100% bearish,of 1 rating,N/A
INWK,$6.95,1441307524267,"52,710",50% bullish,of 2 ratings,$10
INNL,NULL,1441307524291,0,100% bearish,of 1 rating,$16.50
INOD,$2.3503,1441307524467,218,100% bearish,of 1 rating,N/A
IPHS,$46.54,1441307524530,"48,310",100% bearish,of 1 rating,$60
IOSP,$49.36,1441307525718,"98,870",100% bearish,of 1 rating,N/A
ITEK,$13.229,1441307525804,"288,341",100% bearish,of 3 ratings,$20
INGN,$53,1441307525829,"144,400",100% bearish,of 1 rating,$50.50
INO,$7.1,1441307525857,"325,941",89% bullish,of 18 ratings,$20
ISSC,$2.8272,1441307525886,675,67% bearish,of 3 ratings,N/A
NSIT,$25.22,1441307526046,"43,658",50% bullish,of 2 ratings,N/A
INOV,$21.62,1441307526080,"216,090",100% bearish,of 1 rating,$33
ISIG,$2.65,1441307526106,700,100% bearish,of 1 rating,N/A
INSM,$24.535,1441307526185,"74,750",71% bullish,of 7 ratings,$31.50
PODD,$28.54,1441307526395,"65,300",67% bearish,of 3 ratings,$35
INSY,$33.61,1441307526420,"182,070",75% bullish,of 4 ratings,$48
IIIN,$17.28,1441307526472,"11,885",100% bearish,of 2 ratings,N/A
NTEC,$5.52,1441307526497,629,100% bearish,of 1 rating,N/A
IDTI,$19.34,1441307526692,"634,153",60% bullish,of 5 ratings,$25
IART,$62.65,1441307526718,"200,426",100% bearish,of 2 ratings,$71.50
IESC,$7.21,1441307526739,400,100% bearish,of 1 rating,N/A
ISSI,$21.84,1441307526888,"59,712",67% bullish,of 3 ratings,$19.75
INTC,$29.09,1441307526920,"16,065,116",82% bullish,of 238 ratings,$36
IPCI,$2.22,1441307526945,"23,665",67% bullish,of 6 ratings,$8
IPAR,$25.38,1441307526972,"23,819",67% bullish,of 3 ratings,$38
IQNT,$19.18,1441307526996,"102,098",86% bullish,of 7 ratings,$20
ININ,$35.485,1441307527267,"73,138",67% bearish,of 3 ratings,$57
ICPT,$187.535,1441307527296,"73,721",70% bullish,of 10 ratings,$359.50
IBKR,$37.33,1441307527321,"328,654",100% bullish,of 1 rating,N/A
ICLD,$1.89,1441307527398,"44,343",75% bullish,of 4 ratings,N/A
ICLDW,NULL,1441307527502,0,100% bearish,of 1 rating,N/A
IDCC,$48.59,1441307527527,"95,296",80% bullish,of 5 ratings,$63
INAP,$9.15,1441307527672,"173,392",75% bullish,of 4 ratings,$11
ISCA,$32.59,1441307527702,"22,047",100% bearish,of 1 rating,N/A
IBOC,$24.97,1441307527809,"19,812",100% bearish,of 1 rating,N/A
IIJI,$8.706,1441307527842,400,50% bullish,of 2 ratings,$12.50
IGLD,$7.335,1441307527873,975,50% bullish,of 2 ratings,N/A
IMI,$2.03,1441307527898,"3,451",67% bullish,of 3 ratings,$2.22
TILE,$24.5,1441307527925,"129,081",100% bearish,of 3 ratings,$27
INPH,$0.2802,1441307527957,"1,436",50% bullish,of 2 ratings,N/A
PTNT,$3.05,1441307528058,"4,137",Not yet rated,NULL,N/A
XENT,$25.4525,1441307528245,"68,244",50% bullish,of 2 ratings,$36.50
IILG,$19.725,1441307528377,"42,210",100% bearish,of 1 rating,$29
INTX,$1.98,1441307528427,"5,850",67% bullish,of 3 ratings,N/A
INTL,$26.13,1441307528468,"46,367",67% bearish,of 3 ratings,N/A
ISIL,$10.53,1441307528504,"394,434",50% bullish,of 6 ratings,$15
INTLL,$25.9799,1441307528557,500,Not yet rated,NULL,N/A
IVAC,$4.6,1441307528597,"15,616",100% bearish,of 1 rating,$6.625
IIN,$6.9,1441307528645,401,100% bearish,of 1 rating,$12
ITCI,$26.65,1441307528670,"326,469",75% bearish,of 4 ratings,$40
INTU,$86.23,1441307528802,"995,178",86% bullish,of 7 ratings,$107.50
ISRG,$512.55,1441307528827,"60,554",67% bullish,of 3 ratings,$600
SNAK,$8.45,1441307529044,"26,014",50% bullish,of 2 ratings,$14
INVT,$0.3133,1441307529071,"81,403",67% bullish,of 3 ratings,N/A
ISTR,$15.69,1441307529092,240,100% bearish,of 1 rating,$18.50
ISBC,$11.7,1441307529128,"749,824",100% bullish,of 1 rating,$13.25
ITIC,$69.94,1441307529235,300,100% bearish,of 2 ratings,N/A
IPAS,$1.06,1441307529371,"19,761",67% bullish,of 3 ratings,N/A
NVIV,$9.62,1441307529441,"78,060",50% bullish,of 4 ratings,$24.50
DFVL,NULL,1441307529468,0,Not yet rated,NULL,N/A
DTUL,NULL,1441307529488,0,Not yet rated,NULL,N/A
IVTY,$13.96,1441307529520,"9,636",Not yet rated,NULL,$18
IPCM,$79.15,1441307529739,"546,345",50% bullish,of 2 ratings,$80.125
IPGP,$82.68,1441307529765,"107,149",67% bearish,of 3 ratings,$109.50
IRMD,$24.155,1441307529814,"5,192",67% bearish,of 3 ratings,$25
IRIX,$6.8301,1441307529895,"6,508",100% bearish,of 1 rating,N/A
IRDMB,$273.157,1441307529976,"10,000",67% bearish,of 3 ratings,N/A
IRDM,$7.07,1441307530231,"610,111",60% bullish,of 5 ratings,$11.50
IRBT,$29.68,1441307530505,"65,835",67% bullish,of 6 ratings,$37
IRWD,$10.74,1441307530758,"286,120",100% bearish,of 1 rating,$13
IRCP,NULL,1441307530906,0,100% bullish,of 2 ratings,N/A
GNMA,$50.26,1441307530938,"2,699",Not yet rated,NULL,N/A
FCHI,NULL,1441307530956,0,NULL,NULL,NULL
COMT,$33.505,1441307530984,"9,463",100% bearish,of 1 rating,N/A
IFEU,$37.94,1441307531008,"2,548",Not yet rated,NULL,N/A
IFAS,NULL,1441307531032,0,NULL,NULL,NULL
IFNA,NULL,1441307531193,0,NULL,NULL,NULL
ACWI,$55.14,1441307531354,"586,458",Not yet rated,NULL,N/A
AAXJ,$52.58,1441307531378,"813,547",Not yet rated,NULL,N/A
AXJS,NULL,1441307531425,0,NULL,NULL,NULL
IFGL,$27.99,1441307531446,"174,951",Not yet rated,NULL,N/A
ACWX,$40.08,1441307531466,"658,216",100% bearish,of 1 rating,N/A
AAIT,NULL,1441307531495,0,NULL,NULL,NULL
EMDI,NULL,1441307531621,0,NULL,NULL,NULL
EEME,NULL,1441307531648,0,NULL,NULL,NULL
EMEY,NULL,1441307531680,0,NULL,NULL,NULL
EGRW,NULL,1441307531723,0,NULL,NULL,NULL
EEMA,$49.5301,1441307531785,"58,924",Not yet rated,NULL,N/A
EEML,$26.9899,1441307531819,"1,120",Not yet rated,NULL,N/A
EVAL,NULL,1441307531849,0,NULL,NULL,NULL
IEUS,$44.9196,1441307532149,"15,977",100% bearish,of 1 rating,N/A
QAT,NULL,1441307532211,0,Not yet rated,NULL,N/A
IBB,$340.27,1441307532244,"865,607",63% bullish,of 8 ratings,N/A
UAE,$17.8201,1441307532272,"2,812",Not yet rated,NULL,N/A
EMIF,$28.1227,1441307532292,"3,531",Not yet rated,NULL,N/A
SOXX,$82.87,1441307532324,"151,085",50% bullish,of 2 ratings,N/A
EUFN,$21.43,1441307532344,"46,464",100% bearish,of 1 rating,N/A
ICLN,$9.2571,1441307532477,"103,001",50% bullish,of 2 ratings,N/A
WOOD,$47.922,1441307532608,"18,918",50% bullish,of 2 ratings,N/A
ISHG,$79.475,1441307532636,"7,400",100% bearish,of 1 rating,N/A
INDY,$27.15,1441307532663,"75,575",50% bullish,of 2 ratings,N/A
ISIS,$51.98,1441307532684,"839,997",53% bullish,of 15 ratings,$67
IGOV,$90.6051,1441307532704,"11,261",100% bearish,of 1 rating,N/A
ISLE,$18.94,1441307532841,"217,303",50% bullish,of 4 ratings,$16
ITUS,$3.96,1441307533033,"3,909",Not yet rated,NULL,N/A
ISRL,$127.94,1441307533062,22,100% bearish,of 1 rating,N/A
ITRN,$23.83,1441307533163,"1,532",50% bullish,of 2 ratings,N/A
XXIA,$15.18,1441307533202,"95,330",71% bullish,of 7 ratings,$14.625
ITRI,$29.47,1441307533256,"49,443",100% bearish,of 1 rating,$37
MAYS,NULL,1441307533292,0,Not yet rated,NULL,N/A
JJSF,$115.65,1441307533360,"15,711",100% bearish,of 1 rating,N/A
IXYS,$11.5,1441307533423,"54,993",50% bullish,of 4 ratings,N/A
JBHT,$75.57,1441307533489,"598,238",50% bullish,of 4 ratings,$89.50
JCOM,$68.05,1441307533563,"165,974",100% bullish,of 2 ratings,$77
JKHY,$67.62,1441307533631,"174,230",67% bearish,of 3 ratings,$72
JASO,$8.04,1441307533658,"357,759",82% bullish,of 17 ratings,$10
JACK,$78.84,1441307533713,"162,069",71% bullish,of 7 ratings,$105
JAXB,$13,1441307533814,100,100% bullish,of 1 rating,N/A
JXSB,$24,1441307533908,"1,815",Not yet rated,NULL,N/A
JAGX,$3.3499,1441307534085,"4,900",Not yet rated,NULL,$10.50
JMBA,$14.42,1441307534109,"130,985",75% bullish,of 4 ratings,$18
JAKK,$9.3925,1441307534136,"328,140",60% bearish,of 5 ratings,$11
JASN,$4.865,1441307534174,"1,427",50% bullish,of 2 ratings,$9.50
JRVR,$28.095,1441307534204,"46,216",Not yet rated,NULL,$32
ERW,NULL,1441307534300,0,Not yet rated,NULL,N/A
JASNW,NULL,1441307534329,0,50% bullish,of 2 ratings,N/A
JAZZ,$164.86,1441307534359,"88,131",80% bullish,of 15 ratings,$206.50
JD,$24.655,1441307534460,"3,757,390",75% bullish,of 16 ratings,$36
JBLU,$23.57,1441307534569,"2,665,866",94% bullish,of 18 ratings,$27
JCTCF,$9.6,1441307534596,100,100% bullish,of 1 rating,N/A
DATE,$6.17,1441307534621,"37,361",75% bullish,of 4 ratings,$9
JTPY,$2.8541,1441307534645,"1,001",100% bearish,of 1 rating,N/A
JIVE,$4.6,1441307534875,"161,464",75% bullish,of 4 ratings,$5
JUNO,$34.906,1441307535014,"425,555",73% bullish,of 11 ratings,$71.50
JNP,$13.12,1441307535041,"122,316",100% bullish,of 3 ratings,$15
JBSS,$50.205,1441307535070,"16,608",67% bearish,of 3 ratings,N/A
JOEZ,$0.1652,1441307535095,"118,042",92% bullish,of 12 ratings,N/A
WYIGU,$9.98,1441307535120,"1,840",100% bearish,of 1 rating,N/A
JOUT,$23.6892,1441307535144,"4,591",100% bearish,of 1 rating,$34
KTWO,$21.0199,1441307535294,"23,402",100% bearish,of 1 rating,$28.50
KBIO,$3.22,1441307535439,"2,224,176",50% bullish,of 4 ratings,N/A
KMDA,$3.5,1441307535466,"7,455",50% bullish,of 2 ratings,$8
KALU,$82.44,1441307535490,"58,795",67% bearish,of 3 ratings,$91
KNDI,$6.26,1441307535892,"54,379",86% bullish,of 22 ratings,N/A
KCLI,$46.4,1441307535917,"9,832",Not yet rated,NULL,N/A
KBSF,NULL,1441307535977,0,100% bullish,of 1 rating,N/A
KPTI,$14.28,1441307536291,"129,952",67% bearish,of 3 ratings,$39
KCAP,$4.65,1441307536328,"70,658",75% bullish,of 4 ratings,$6
KELYA,$14.53,1441307536426,"33,921",67% bullish,of 6 ratings,$20
KRNY,$11.27,1441307536455,"64,226",100% bearish,of 1 rating,$12
