Symbol,Price,Date,Volume,Rating,RatingVoteCount,OneYearEstimate
FCTY,$8.01,1440620102482,"4,467",100% bullish,of 1 rating,$8.50
TFSC,$9.73,1440620102508,"11,900",100% bearish,of 1 rating,N/A
FLWS,$9.6,1440620102549,"358,410",100% bullish,of 5 ratings,$15
TFSCR,NULL,1440620102579,0,Not yet rated,NULL,N/A
VNET,$16.75,1440620102682,"926,695",60% bullish,of 5 ratings,$29.50
TFSCW,NULL,1440620102713,0,100% bearish,of 1 rating,N/A
SRCE,$29.15,1440620102742,"45,040",100% bullish,of 3 ratings,$33
FCCY,$11.6,1440620102772,"2,264",100% bullish,of 1 rating,$13
PIH,$7.22,1440620102843,"6,200",100% bearish,of 1 rating,N/A
TFSCU,NULL,1440620102868,0,Not yet rated,NULL,N/A
TWOU,$34.59,1440620102943,"165,529",50% bullish,of 2 ratings,$39
DGLD,$83.54,1440620102999,"18,113",100% bullish,of 1 rating,N/A
JOBS,$27.03,1440620103071,"83,386",50% bullish,of 4 ratings,$36
USLV,$11.44,1440620103151,"624,494",86% bullish,of 7 ratings,N/A
UGLD,$9.01,1440620103179,"171,028",100% bearish,of 1 rating,N/A
DSLV,$76.25,1440620103204,"20,579",100% bearish,of 1 rating,N/A
SIXD,$2.89,1440620103419,"405,831",Not yet rated,NULL,N/A
AVHI,$13.96,1440620103526,"26,737",100% bearish,of 1 rating,$19
CAFD,$14.21,1440620103556,"228,939",Not yet rated,NULL,$25
SHLM,$33.24,1440620103590,"108,477",100% bearish,of 1 rating,$50
EGHT,$7.725,1440620103656,"455,973",82% bullish,of 17 ratings,$11
ABAX,$46.96,1440620103685,"125,316",100% bearish,of 1 rating,$60
ABY,$21.3,1440620103721,"797,220",100% bearish,of 2 ratings,$46
ABGB,$6.58,1440620103815,"267,694",67% bullish,of 3 ratings,$5.50
AAON,$20.13,1440620103850,"160,353",100% bearish,of 1 rating,$24
ABEO,$4.58,1440620103940,"97,926",50% bullish,of 4 ratings,$15.50
ABEOW,$1.85,1440620103982,"2,345",100% bullish,of 1 rating,N/A
AXAS,$1.59,1440620104073,"733,303",78% bullish,of 9 ratings,$3.50
ABMD,$97.29,1440620104100,"350,207",75% bullish,of 4 ratings,$100.50
ACAD,$36.38,1440620104287,"685,629",80% bullish,of 20 ratings,$48
ACTG,$8.935,1440620104312,"275,600",67% bullish,of 3 ratings,$18.50
ACHC,$70.41,1440620104366,"623,129",50% bullish,of 2 ratings,$92
AXDX,$18.59,1440620104392,"156,982",100% bearish,of 1 rating,N/A
ACST,$0.34,1440620104446,"21,805",100% bullish,of 2 ratings,N/A
XLRN,$27.957,1440620104523,"167,586",50% bullish,of 2 ratings,$57
ANCX,$19.7,1440620104579,"27,793",Not yet rated,NULL,$20
ARAY,$6.42,1440620104605,"820,858",100% bearish,of 1 rating,$10.50
VXDN,$1.97,1440620104655,"42,365",100% bearish,of 1 rating,N/A
ACRX,$4.21,1440620104787,"173,012",67% bearish,of 6 ratings,$5.50
VXUP,$1.47,1440620104937,"68,784",100% bearish,of 1 rating,N/A
ACET,$22.68,1440620104972,"81,975",75% bullish,of 4 ratings,$30
ACHN,$7.34,1440620105070,"1,693,401",90% bullish,of 21 ratings,$16
AKAO,$6.71,1440620105096,"120,839",75% bullish,of 4 ratings,$15
ACNB,$19.76,1440620105173,"4,700",Not yet rated,NULL,N/A
ACIW,$21.08,1440620105233,"478,721",67% bearish,of 3 ratings,$24
ACOR,$31.96,1440620105304,"818,763",67% bearish,of 3 ratings,$38.50
ACTS,$1.57,1440620105334,"21,329",100% bearish,of 1 rating,N/A
ATVI,$27.29,1440620105436,"4,758,333",68% bullish,of 84 ratings,$31.50
ACTA,$13,1440620105466,"69,109",67% bearish,of 3 ratings,$25
ACPW,$1.8,1440620105534,"36,556",100% bullish,of 4 ratings,$3.50
ACUR,$0.51,1440620105599,"48,034",100% bullish,of 5 ratings,$1
ADMS,$19.73,1440620105631,"44,931",100% bearish,of 2 ratings,$36
ACXM,$20.37,1440620105734,"309,693",67% bullish,of 3 ratings,N/A
ADMP,$3.46,1440620105904,"26,598",50% bullish,of 2 ratings,$10
AEY,$2.3,1440620105934,"2,445",100% bearish,of 2 ratings,N/A
ADAP,$11.45,1440620105967,"197,620",67% bullish,of 3 ratings,$22
ADMA,$9.05,1440620106063,"4,747",Not yet rated,NULL,$19
ADUS,$28.29,1440620106088,"53,671",100% bearish,of 1 rating,$31
ADEP,$6.5,1440620106126,"37,513",50% bullish,of 2 ratings,$10.75
ADBE,$77.33,1440620106218,"2,733,252",65% bullish,of 17 ratings,$90
ADRO,$19.34,1440620106349,"226,151",80% bullish,of 5 ratings,$45.50
ADTN,$15.345,1440620106376,"268,563",67% bullish,of 3 ratings,$17.125
AEIS,$24.11,1440620106403,"121,585",50% bullish,of 2 ratings,$32.50
AMD,$1.72,1440620106424,"7,279,600",83% bullish,of 103 ratings,$2
ADXS,$13.65,1440620106452,"843,156",64% bullish,of 14 ratings,$27
ADXSW,$9.12,1440620106640,"32,595",100% bullish,of 1 rating,N/A
MULT,NULL,1440620106713,0,100% bearish,of 1 rating,N/A
YPRO,$22.97,1440620106743,"2,612",100% bearish,of 1 rating,N/A
AEGN,$17.96,1440620106820,"116,710",100% bearish,of 2 ratings,$21
AEGR,$17.7,1440620106979,"284,565",50% bullish,of 6 ratings,$26
AEHR,$2.32,1440620107005,"3,124",50% bullish,of 2 ratings,N/A
AERI,$15.63,1440620107166,"234,602",75% bullish,of 4 ratings,$31.50
AMTX,$2.48,1440620107271,"28,939",50% bullish,of 2 ratings,$26.11
AEPI,$54.3,1440620107302,"9,480",100% bearish,of 1 rating,N/A
AVAV,$23.41,1440620107336,"75,051",50% bullish,of 4 ratings,$31
AEZS,$0.0802,1440620107377,"4,829,729",90% bullish,of 21 ratings,$1.50
AGEN,$6.91,1440620107405,"878,911",85% bullish,of 13 ratings,$14
AFMD,$10.04,1440620107435,"168,619",50% bullish,of 4 ratings,$15
AEMD,$6.92,1440620107457,"19,705",Not yet rated,NULL,$27.50
AGYS,$9.54,1440620107710,"40,084",100% bearish,of 1 rating,N/A
AFFX,$9.24,1440620107742,"344,725",80% bullish,of 5 ratings,$12
AGIO,$86.6471,1440620107843,"398,045",88% bullish,of 8 ratings,$114
AGFSW,$1.89,1440620107901,"17,243",100% bearish,of 2 ratings,N/A
AGFS,$10.05,1440620107927,"42,033",100% bearish,of 1 rating,N/A
AGRX,$8.42,1440620108059,"13,288",100% bearish,of 1 rating,$17.50
AIMT,$22.67,1440620108125,"128,544",Not yet rated,NULL,N/A
ATSG,$8.73,1440620108194,"225,152",67% bullish,of 3 ratings,$13
AIRM,$35.85,1440620108223,"213,803",80% bearish,of 5 ratings,$53
AIRT,$22.68,1440620108259,885,100% bullish,of 1 rating,N/A
AMCN,$4.49,1440620108285,"503,016",83% bullish,of 6 ratings,N/A
AKAM,$68.17,1440620108354,"1,267,426",63% bullish,of 8 ratings,$77
AIXG,$5.81,1440620108382,"15,318",67% bearish,of 3 ratings,$5.25
AKBA,$6.35,1440620108536,"176,787",100% bearish,of 1 rating,$18
AKRX,$39.01,1440620108641,"746,839",78% bullish,of 9 ratings,$56
AKER,$2.52,1440620108730,"79,700",Not yet rated,NULL,N/A
ALSK,$2.03,1440620108774,"100,565",78% bullish,of 18 ratings,$2
AMRI,$20.02,1440620108868,"533,145",75% bearish,of 4 ratings,$24
ALRM,$16.29,1440620108916,"202,192",100% bearish,of 1 rating,$22
ABDC,$11.74,1440620109082,"60,064",Not yet rated,NULL,$15
ADHD,$7.84,1440620109129,"134,132",50% bullish,of 4 ratings,$18
ALXA,$1.11,1440620109175,"15,709",83% bullish,of 6 ratings,$2.125
ALDX,$6.77,1440620109210,"7,837",100% bearish,of 1 rating,$14.50
ALDR,$37.2812,1440620109237,"279,556",67% bearish,of 3 ratings,$62
ALXN,$173.54,1440620109261,"1,225,811",88% bullish,of 8 ratings,$223
ALGN,$55.95,1440620109311,"477,856",100% bearish,of 2 ratings,$73
ALCO,$41.7,1440620109442,"7,644",50% bullish,of 2 ratings,N/A
ALIM,$3.23,1440620109544,"83,388",80% bullish,of 5 ratings,$10
ALKS,$60.07,1440620109643,"550,679",67% bullish,of 3 ratings,$75
ALGT,$215.93,1440620109828,"76,907",100% bearish,of 2 ratings,$235
AIQ,$13.61,1440620109854,"15,772",67% bullish,of 3 ratings,N/A
ALLB,$22.52,1440620109886,705,Not yet rated,NULL,N/A
AFOP,$18.51,1440620109916,"124,122",75% bullish,of 8 ratings,$21
ARLP,$24.429,1440620109942,"92,950",67% bearish,of 3 ratings,$32
ALQA,$4.2,1440620109983,"30,733",75% bullish,of 4 ratings,$8.50
AHPI,$1.5,1440620110021,"1,200",50% bullish,of 2 ratings,N/A
AHGP,$35.02,1440620110092,"36,889",67% bullish,of 3 ratings,N/A
ALLT,$4.95,1440620110196,"157,608",75% bullish,of 4 ratings,$6.25
MDRX,$13.57,1440620110280,"2,179,105",60% bullish,of 5 ratings,$16
AMOT,$18.6,1440620110305,"64,594",100% bearish,of 1 rating,N/A
AFAM,$45.24,1440620110535,"65,123",50% bullish,of 2 ratings,$44
AOSL,$7.22,1440620110567,"71,671",67% bullish,of 3 ratings,$9
ALNY,$102.25,1440620110589,"463,655",67% bullish,of 3 ratings,$148.50
ATEC,$0.5795,1440620110641,"131,134",100% bullish,of 1 rating,$2
ALTR,$47.91,1440620110668,"2,468,375",80% bearish,of 5 ratings,$54
SMCP,$22.33,1440620110744,600,Not yet rated,NULL,N/A
ASPS,$24.9779,1440620110830,"230,505",67% bullish,of 3 ratings,$46.50
AIMC,$24.33,1440620110879,"77,669",100% bearish,of 2 ratings,$28.50
AMAG,$63.26,1440620111011,"544,500",100% bullish,of 2 ratings,$77.50
AMRN,$1.9,1440620111041,"1,047,072",85% bullish,of 39 ratings,$8
AMRK,$10.35,1440620111062,"2,070",50% bullish,of 2 ratings,$14
AMZN,$500.77,1440620111094,"3,479,031",81% bullish,of 264 ratings,$646
AYA,$19.82,1440620111143,"14,095",100% bearish,of 1 rating,$40
AMBA,$89.46,1440620111364,"1,677,393",83% bullish,of 12 ratings,$102.50
AMBCW,$7,1440620111470,"6,500",100% bearish,of 1 rating,N/A
AMBC,$15.56,1440620111500,"376,747",100% bearish,of 1 rating,$16.50
AMCX,$69.72,1440620111528,"707,803",67% bullish,of 3 ratings,$87.50
DOX,$56.4,1440620111556,"578,823",67% bearish,of 3 ratings,$60
EPAX,$2.68,1440620111600,"120,564",100% bearish,of 1 rating,N/A
AMDA,$0.4749,1440620111684,"879,262",90% bullish,of 10 ratings,$1
AMED,$38.52,1440620111823,"148,963",100% bearish,of 1 rating,$42
UHAL,$367.96,1440620111852,"11,822",100% bullish,of 2 ratings,$393.50
AMOV,$17.49,1440620111912,"8,473",100% bearish,of 1 rating,N/A
AGNC,$19.315,1440620111980,"3,122,745",71% bullish,of 28 ratings,$22
ATAX,$5.15,1440620112006,"135,079",100% bullish,of 1 rating,$6.50
AAL,$38.85,1440620112028,"9,658,574",93% bullish,of 88 ratings,$57
ASBI,$22.34,1440620112074,"8,323",Not yet rated,NULL,N/A
AGNCP,$25.25,1440620112351,"3,450",Not yet rated,NULL,N/A
MTGE,$15.39,1440620112386,"333,796",75% bullish,of 4 ratings,$19.50
AGNCB,$24.18,1440620112417,"17,136",Not yet rated,NULL,N/A
MTGEP,$24.58,1440620112460,"5,900",Not yet rated,NULL,N/A
ACAS,$13.2189,1440620112522,"2,274,742",60% bullish,of 5 ratings,$16.75
ACSF,$12.06,1440620112558,"21,371",100% bearish,of 1 rating,$15
AMIC,$9.66,1440620112797,3,Not yet rated,NULL,N/A
ANCI,$1.53,1440620112823,"2,800",100% bearish,of 1 rating,N/A
ANAT,$99.65,1440620112851,"31,903",100% bullish,of 1 rating,N/A
AMNB,$22.9,1440620112882,"9,065",Not yet rated,NULL,$25.50
AETI,$3.8,1440620112982,"1,244",67% bearish,of 3 ratings,N/A
ARII,$37.99,1440620113047,"183,965",67% bearish,of 3 ratings,$45
APEI,$21.3,1440620113135,"38,423",100% bearish,of 1 rating,$25.50
AMRB,$10.05,1440620113182,"19,704",Not yet rated,NULL,$11
ASEI,$37.18,1440620113340,"32,813",100% bearish,of 1 rating,$52.50
AMSWA,$8.54,1440620113366,"38,586",100% bearish,of 2 ratings,$10.75
AMSC,$4.11,1440620113498,"95,507",50% bullish,of 4 ratings,N/A
CRMT,$36.361,1440620113524,"32,033",100% bearish,of 1 rating,$39
AMWD,$65.17,1440620113552,"113,003",50% bullish,of 2 ratings,$70
AMSF,$47.04,1440620113582,"43,973",Not yet rated,NULL,$57.50
ABCB,$26.62,1440620113683,"96,668",Not yet rated,NULL,$31
ASRV,$3.23,1440620113764,"42,971",100% bullish,of 2 ratings,N/A
ATLO,$23.4,1440620113792,"8,252",Not yet rated,NULL,N/A
ASRVP,NULL,1440620113813,0,Not yet rated,NULL,N/A
FOLD,$14.375,1440620114022,"1,134,690",56% bullish,of 9 ratings,$21
AMKR,$4.62,1440620114051,"1,608,898",100% bearish,of 2 ratings,$5
AMGN,$153.98,1440620114072,"3,362,818",89% bullish,of 19 ratings,$185
AMSG,$79.03,1440620114224,"474,625",100% bearish,of 1 rating,$85.50
AMPH,$13.53,1440620114251,"217,160",50% bullish,of 2 ratings,$20
ASYS,$4.97,1440620114328,"64,605",67% bullish,of 3 ratings,$12
AFSI,$57.7418,1440620114386,"497,850",60% bullish,of 5 ratings,$72
ANAC,$132.24,1440620114433,"321,663",80% bullish,of 5 ratings,$180.50
AMSGP,NULL,1440620114458,0,Not yet rated,NULL,N/A
ADI,$54.22,1440620114525,"3,145,789",67% bullish,of 3 ratings,$69
ANAD,$0.329,1440620114586,"206,065",100% bullish,of 2 ratings,$.50
ALOG,$78.97,1440620114659,"49,171",100% bearish,of 2 ratings,$100.50
AMRS,$1.59,1440620114789,"57,126",70% bullish,of 10 ratings,N/A
ANCB,$22.2,1440620114873,"1,232",Not yet rated,NULL,$23
AMCF,$0.244,1440620114919,"2,516",100% bullish,of 7 ratings,N/A
ABCW,$39.78,1440620114944,"11,378",67% bullish,of 3 ratings,N/A
ANIP,$50.06,1440620115139,"148,521",89% bullish,of 19 ratings,$66
ANGO,$14.79,1440620115182,"73,769",67% bullish,of 3 ratings,$19
ANIK,$33.8268,1440620115208,"60,846",60% bullish,of 5 ratings,$51.25
ANSS,$87.75,1440620115338,"411,715",100% bearish,of 1 rating,$100
ANGI,$4.82,1440620115364,"460,075",64% bullish,of 11 ratings,$5.50
ANTH,$6.82,1440620115414,"759,696",80% bullish,of 10 ratings,$13
ATRS,$1.69,1440620115495,"662,907",92% bullish,of 12 ratings,$4.50
ABAC,$0.7392,1440620115526,"2,300",100% bearish,of 1 rating,N/A
ATNY,$2.33,1440620115632,"24,500",50% bullish,of 2 ratings,$3.75
APIC,$6.2,1440620115660,"76,869",100% bearish,of 1 rating,$19
APOG,$49.6,1440620115736,"171,186",50% bullish,of 2 ratings,$67
AAPL,$109.8,1440620115966,"59,341,930",86% bullish,of 2349 ratings,$150
AINV,$6.38,1440620115997,"735,887",50% bullish,of 4 ratings,$8
ARCI,NULL,1440620116109,0,Not yet rated,NULL,N/A
AGTC,$15.48,1440620116143,"110,047",50% bullish,of 2 ratings,$33
APOL,$10.84,1440620116173,"1,010,343",87% bearish,of 68 ratings,$14
APPF,$17.01,1440620116195,"28,456",50% bullish,of 2 ratings,$22
APDN,$3.2,1440620116223,"28,635",Not yet rated,NULL,$9
APDNW,$1.08,1440620116381,"18,930",Not yet rated,NULL,N/A
AAOI,$19.4567,1440620116520,"221,495",50% bullish,of 4 ratings,$26
AMAT,$15.24,1440620116546,"21,250,604",82% bullish,of 11 ratings,$23
AMCC,$5.48,1440620116600,"441,064",80% bullish,of 5 ratings,$8
AREX,$1.71,1440620116681,"451,107",100% bearish,of 1 rating,$3
APRI,$1.24,1440620116707,"70,371",83% bullish,of 6 ratings,$4.86
AQXP,$18.3,1440620116968,"240,370",50% bullish,of 2 ratings,$2
AQMS,$5,1440620116995,"17,667",Not yet rated,NULL,N/A
AUMAU,NULL,1440620117021,0,Not yet rated,NULL,N/A
APTO,$4.91,1440620117049,"3,633",Not yet rated,NULL,$17
AUMA,NULL,1440620117086,0,Not yet rated,NULL,N/A
AUMAW,NULL,1440620117107,0,Not yet rated,NULL,N/A
PETX,$17.3,1440620117184,"338,475",100% bearish,of 2 ratings,$26
ARDM,$6.95,1440620117388,777,100% bullish,of 1 rating,$26
ABUS,$6.7873,1440620117484,"391,178",86% bullish,of 14 ratings,$23
ARCW,$3.49,1440620117588,"17,623",100% bearish,of 2 ratings,$10.50
ABIO,$0.8789,1440620117657,"70,827",50% bullish,of 2 ratings,$3.75
ACAT,$25.57,1440620117790,"76,604",100% bearish,of 3 ratings,$33
ACGL,$67.23,1440620117816,"314,440",50% bullish,of 2 ratings,$72
ARCB,$28.15,1440620117893,"196,484",67% bearish,of 3 ratings,$39.50
ARNA,$2.72,1440620117948,"2,564,720",90% bullish,of 77 ratings,$5.50
RKDA,$5.88,1440620117974,"12,501",100% bearish,of 2 ratings,$10
AGII,$55.79,1440620118139,"128,173",Not yet rated,NULL,$59.50
ARCC,$14.8748,1440620118168,"1,935,325",67% bearish,of 3 ratings,$17.875
AGIIL,$25.68,1440620118189,"12,689",Not yet rated,NULL,N/A
ARDX,$17.7,1440620118342,"90,631",50% bullish,of 2 ratings,$24.50
ARGS,$6.14,1440620118368,"32,281",50% bullish,of 2 ratings,$19.50
ARIS,$3.95,1440620118394,"153,082",Not yet rated,NULL,$4.50
ARIA,$6.69,1440620118419,"2,493,147",87% bullish,of 46 ratings,$9
ARMH,$41.21,1440620118702,"3,581,357",54% bearish,of 13 ratings,$61
ARKR,$24.5,1440620118734,510,50% bullish,of 2 ratings,N/A
ARTX,$1.35,1440620118792,"200,307",88% bullish,of 16 ratings,$4.50
ARWAR,$0.27,1440620118818,900,Not yet rated,NULL,N/A
ARWA,NULL,1440620118848,0,Not yet rated,NULL,N/A
ARWAU,NULL,1440620118868,0,100% bullish,of 1 rating,N/A
ARWAW,NULL,1440620118896,0,Not yet rated,NULL,N/A
ARRY,$5.68,1440620119050,"1,168,863",100% bullish,of 7 ratings,$10
ARQL,$1.66,1440620119111,"171,139",75% bullish,of 4 ratings,$5
DWAT,$9.64,1440620119246,"1,015",100% bearish,of 1 rating,N/A
AROW,$26.85,1440620119300,"21,825",Not yet rated,NULL,N/A
ARRS,$25.66,1440620119349,"617,756",50% bullish,of 2 ratings,$38
ARWR,$5.53,1440620119379,"606,218",75% bullish,of 4 ratings,$10.50
ARTNA,$22.16,1440620119483,"17,418",100% bearish,of 1 rating,$29
ASND,$20.86,1440620119613,"103,989",100% bullish,of 1 rating,$30
ASNA,$11.27,1440620119646,"2,320,060",50% bullish,of 2 ratings,$18
ASBB,$24.12,1440620119684,300,Not yet rated,NULL,N/A
ARTW,$4.28,1440620119747,"3,718",75% bearish,of 4 ratings,N/A
APWC,$1.91,1440620119879,300,100% bearish,of 1 rating,N/A
ASMI,NULL,1440620119913,0,NULL,NULL,NULL
ASCMA,$26.6139,1440620119935,"42,947",100% bearish,of 1 rating,$45
ASTI,$0.1231,1440620119957,"1,266,904",83% bullish,of 6 ratings,$3
ASML,$88.4,1440620120094,"778,283",50% bullish,of 4 ratings,$127
AZPN,$36.99,1440620120252,"702,386",50% bullish,of 2 ratings,$42
ASMB,$12.83,1440620120299,"36,657",67% bullish,of 3 ratings,N/A
ASFI,$8.89,1440620120456,"13,517",100% bullish,of 1 rating,N/A
ASTE,$36.33,1440620120563,"45,210",100% bearish,of 1 rating,$48
ATRO,$50.41,1440620120597,"136,829",100% bearish,of 2 ratings,$80
ALOT,$12.71,1440620120624,"19,797",100% bearish,of 1 rating,N/A
ATAI,$2.25,1440620120661,"8,028",100% bearish,of 1 rating,N/A
ATRA,$39.2423,1440620120753,"80,111",50% bullish,of 2 ratings,$68
ASUR,$5.29,1440620120785,"9,925",50% bullish,of 2 ratings,$8
ASTC,$1.86,1440620120806,"23,264",100% bullish,of 5 ratings,N/A
ATHN,$131.42,1440620120953,"166,962",67% bearish,of 3 ratings,$153
AAPC,NULL,1440620121018,0,Not yet rated,NULL,N/A
ATHX,$1.11,1440620121096,"176,627",89% bullish,of 9 ratings,$5
AAME,$3.46,1440620121161,"1,098",Not yet rated,NULL,N/A
AFCB,$27.3,1440620121246,200,Not yet rated,NULL,N/A
ACFC,$5.78,1440620121382,"87,419",Not yet rated,NULL,$6.50
ATNI,$70.76,1440620121451,"44,778",100% bearish,of 1 rating,$69.50
ATML,$7.76,1440620121484,"5,942,532",78% bullish,of 9 ratings,$9.50
ATLC,$3.77,1440620121537,"9,762",67% bullish,of 3 ratings,N/A
ATOS,$0.72,1440620121619,"157,849",100% bullish,of 7 ratings,$7
AFH,$16.32,1440620121648,"38,893",Not yet rated,NULL,$21.50
AAWW,$39.46,1440620121670,"402,887",50% bullish,of 2 ratings,$65
ATRC,$25.5,1440620121863,"139,695",100% bullish,of 1 rating,$30
ATRM,$2.83,1440620121893,500,50% bullish,of 2 ratings,N/A
ATRI,$380.37,1440620121927,"2,818",Not yet rated,NULL,N/A
ATTU,$13.25,1440620121992,"51,592",100% bearish,of 1 rating,$20.50
AUBN,$26.5,1440620122155,"2,992",Not yet rated,NULL,N/A
LIFE,$14.3,1440620122198,"29,969",86% bullish,of 7 ratings,$43
ADAT,$0.35,1440620122578,"1,765,247",100% bullish,of 2 ratings,N/A
EARS,$4.77,1440620122721,"8,959",100% bearish,of 2 ratings,$11.50
AUDC,$3.11,1440620122752,"26,577",80% bullish,of 5 ratings,$5
ABTL,$17.14,1440620122785,"51,123",100% bullish,of 4 ratings,$20.25
ADP,$77.8,1440620122816,"3,047,210",100% bearish,of 1 rating,$88
AUPH,$3.01,1440620122838,"14,135",100% bearish,of 1 rating,$8
AAVL,$10.183,1440620122871,"281,067",100% bearish,of 1 rating,$20
ADSK,$49.13,1440620122904,"2,857,627",67% bullish,of 6 ratings,$69.50
AVGO,$118.633,1440620123007,"3,391,338",88% bullish,of 8 ratings,$165
AVEO,$1.34,1440620123155,"993,684",75% bullish,of 8 ratings,$3
AVNU,$12.25,1440620123226,"13,073",Not yet rated,NULL,$14
AVID,$7.995,1440620123255,"263,966",100% bearish,of 1 rating,$20
AVNW,$1.14,1440620123410,"28,033",50% bullish,of 2 ratings,$2.20
CAR,$41.2,1440620123717,"2,168,540",80% bullish,of 5 ratings,$60
AXPW,$1.05,1440620123770,"49,248",83% bullish,of 6 ratings,N/A
AXPWW,$0.9,1440620123816,"1,665",Not yet rated,NULL,N/A
ACLS,$3.08,1440620123847,"447,146",67% bullish,of 6 ratings,$4.75
AWRE,$3.06,1440620123915,"11,568",67% bullish,of 3 ratings,N/A
AVGR,$14.13,1440620123950,"16,638",100% bearish,of 1 rating,$20
AXGN,$3.8,1440620123989,"36,788",Not yet rated,NULL,$5
AXTI,$2.16,1440620124046,"55,416",50% bullish,of 2 ratings,$2.75
RILY,$9.99,1440620124092,"1,891",Not yet rated,NULL,N/A
BCOM,$19.34,1440620124223,"3,530",100% bearish,of 1 rating,N/A
BOSC,$2.22,1440620124370,944,50% bullish,of 2 ratings,N/A
BEAV,$47,1440620124395,"740,760",67% bearish,of 3 ratings,$59
BIDU,$142.4,1440620124435,"4,698,734",81% bullish,of 88 ratings,$210
BCPC,$56.72,1440620124567,"81,064",100% bearish,of 1 rating,$75
BWINB,$22.85,1440620124648,"12,288",Not yet rated,NULL,N/A
BLDP,$1.17,1440620124699,"476,393",91% bullish,of 22 ratings,$2.50
BWINA,$23.31,1440620124731,100,Not yet rated,NULL,N/A
BANF,$58.17,1440620124753,"9,988",Not yet rated,NULL,$68
BANFP,$27,1440620124834,200,Not yet rated,NULL,N/A
BKMU,$6.91,1440620124886,"61,132",Not yet rated,NULL,$8
BOCH,$5.8,1440620124912,"9,563",Not yet rated,NULL,$6.50
BMRC,$47.855,1440620124969,"12,182",Not yet rated,NULL,$52
BOTJ,NULL,1440620125135,0,Not yet rated,NULL,N/A
BKSC,$15.42,1440620125265,"1,197",Not yet rated,NULL,N/A
OZRK,$41.35,1440620125299,"467,340",67% bullish,of 3 ratings,$49.50
BWFG,$17.85,1440620125398,"12,662",100% bearish,of 1 rating,N/A
BFIN,$11.96,1440620125448,"19,028",Not yet rated,NULL,$13
BZUN,$4.69,1440620125479,"248,535",50% bullish,of 2 ratings,$11.50
BANR,$43.7,1440620125507,"36,555",100% bullish,of 3 ratings,$50
BHACR,NULL,1440620125528,0,Not yet rated,NULL,N/A
BHAC,NULL,1440620125590,0,Not yet rated,NULL,N/A
BHACW,NULL,1440620125885,0,Not yet rated,NULL,N/A
TAPR,$32.26,1440620125918,"6,117",100% bearish,of 1 rating,N/A
BBSI,$34.28,1440620125947,"56,126",67% bearish,of 3 ratings,$62.50
BSET,$29.79,1440620125975,"59,276",100% bearish,of 1 rating,$35
BYBK,$4.9,1440620126001,575,100% bearish,of 1 rating,N/A
BHACU,NULL,1440620126030,0,Not yet rated,NULL,N/A
BYLK,$12.7,1440620126167,"2,428",Not yet rated,NULL,$14
BV,$4.95,1440620126353,"423,481",67% bullish,of 6 ratings,$9
BDCV,$4.8,1440620126381,"29,078",100% bearish,of 1 rating,$10.19
BCBP,$11.43,1440620126407,"1,782",Not yet rated,NULL,N/A
BBCN,$14.295,1440620126432,"239,458",100% bearish,of 1 rating,$16
BECN,$34.73,1440620126598,"385,020",50% bullish,of 2 ratings,$40
BSF,$8.45,1440620126658,"12,883",Not yet rated,NULL,N/A
BEBE,$1.72,1440620126844,"81,168",75% bullish,of 4 ratings,$3.075
BLPH,$4.87,1440620126879,"25,489",100% bearish,of 1 rating,$12.50
BBBY,$61.21,1440620126911,"2,216,618",71% bullish,of 7 ratings,$75
BELFA,$15.35,1440620126937,"8,595",100% bearish,of 1 rating,N/A
BELFB,$17.95,1440620126970,"22,380",100% bearish,of 1 rating,N/A
BBGI,$4.11,1440620127002,500,100% bearish,of 1 rating,N/A
BLCM,$16.68,1440620127032,"168,367",50% bullish,of 4 ratings,$40
BNCL,$12.4,1440620127104,"424,055",100% bullish,of 3 ratings,$12.50
BNTC,$7.9,1440620127420,"17,297",100% bullish,of 1 rating,N/A
BGMD,$0.751,1440620127529,"76,835",100% bullish,of 10 ratings,N/A
BGFV,$10.68,1440620127557,"87,936",57% bullish,of 7 ratings,$12
BNFT,$34.67,1440620127578,"110,242",67% bullish,of 3 ratings,$46
ORPN,$5.12,1440620127711,"6,991",100% bullish,of 1 rating,$28.50
BASI,$1.58,1440620127737,"3,502",Not yet rated,NULL,N/A
BIND,$4.34,1440620127765,"66,919",75% bullish,of 4 ratings,$13.50
BCDA,NULL,1440620127797,0,Not yet rated,NULL,N/A
BGCP,$8.61,1440620127901,"1,076,488",88% bullish,of 8 ratings,$14
BIOC,$1.83,1440620127937,"235,891",83% bullish,of 6 ratings,$3.85
BIOD,$0.654,1440620128012,"52,121",80% bullish,of 5 ratings,$4
BCRX,$10.98,1440620128046,"569,891",63% bullish,of 8 ratings,$18
BDSI,$6.445,1440620128141,"741,587",88% bullish,of 8 ratings,$17
BIIB,$298.25,1440620128175,"1,823,863",88% bullish,of 16 ratings,$400
BIOL,$1.37,1440620128249,"31,468",Not yet rated,NULL,N/A
BLFS,$1.98,1440620128394,"7,018",100% bearish,of 1 rating,$4.75
BLRX,$1.29,1440620128526,"78,804",100% bullish,of 12 ratings,$5
BMRN,$128.1,1440620128589,"715,649",80% bullish,of 5 ratings,$160
BVXV,$3.69,1440620128616,"4,696",Not yet rated,NULL,N/A
BPTH,$1,1440620128659,"85,006",100% bullish,of 2 ratings,$5
BRLI,NULL,1440620128745,0,NULL,NULL,NULL
BIOS,$2.27,1440620128778,"1,125,700",71% bullish,of 7 ratings,$4
BBC,$30.28,1440620128878,"18,049",Not yet rated,NULL,N/A
BVXVW,$0.87,1440620128910,"1,200",100% bearish,of 1 rating,N/A
BBP,$31.93,1440620128975,"12,420",Not yet rated,NULL,N/A
BSTC,$48.5,1440620129013,"36,170",100% bearish,of 1 rating,$76
BOTA,$2.1,1440620129166,"63,092",88% bullish,of 8 ratings,N/A
BSPM,$0.64,1440620129310,"20,148",50% bullish,of 2 ratings,N/A
TECH,$95.5,1440620129444,"158,535",100% bullish,of 1 rating,$117
BBOX,$15.32,1440620129472,"106,090",100% bearish,of 1 rating,N/A
BEAT,$14.36,1440620129512,"449,686",67% bearish,of 3 ratings,$15
BDMS,NULL,1440620129540,0,100% bearish,of 1 rating,N/A
BITI,$16.77,1440620129561,"38,769",100% bullish,of 1 rating,$28
BJRI,$43.6515,1440620129602,"203,510",50% bullish,of 2 ratings,$55
BLKB,$58.28,1440620129755,"139,493",100% bearish,of 2 ratings,$66
BDE,$7.16,1440620129781,"79,420",50% bullish,of 2 ratings,$9
ADRA,$26.37,1440620129988,938,100% bearish,of 1 rating,N/A
HAWK,$40.1238,1440620130016,"614,144",91% bullish,of 11 ratings,$49
BBRY,$6.79,1440620130095,"3,246,615",61% bullish,of 330 ratings,$9
BKCC,$9.0766,1440620130196,"268,597",100% bullish,of 2 ratings,$10
ADRE,$29.04,1440620130222,"17,087",100% bearish,of 1 rating,N/A
ADRD,$21.7,1440620130272,"9,611",100% bearish,of 1 rating,N/A
BLMN,$19.57,1440620130404,"1,057,678",83% bullish,of 6 ratings,$27.50
ADRU,$21.75,1440620130433,809,100% bearish,of 1 rating,N/A
BLBD,$12.23,1440620130536,"19,553",Not yet rated,NULL,N/A
BBLU,$0.77,1440620130629,"93,697",100% bullish,of 2 ratings,$4.43
BCOR,$13.42,1440620130666,"174,408",57% bullish,of 7 ratings,$15
BHBK,$13.88,1440620130693,"95,992",100% bullish,of 1 rating,$14.50
BUFF,$25.99,1440620130728,"177,300",83% bullish,of 12 ratings,$31.50
BLUE,$129.67,1440620130829,"381,769",71% bullish,of 7 ratings,$217.50
NILE,$32.93,1440620130854,"92,644",50% bullish,of 2 ratings,$34
BKEP,$5.78,1440620130996,"39,004",100% bearish,of 1 rating,$8.50
BKEPP,$7.09,1440620131212,"43,063",100% bearish,of 1 rating,N/A
BNCN,$20.35,1440620131364,"109,812",Not yet rated,NULL,$24
BPMC,$25.9091,1440620131398,"93,867",50% bullish,of 2 ratings,$47.50
WIFI,$7.44,1440620131459,"228,676",50% bullish,of 2 ratings,$13.50
BOBE,$43.33,1440620131493,"106,801",75% bullish,of 4 ratings,$57
BOFI,$119.0377,1440620131521,"167,570",100% bullish,of 6 ratings,$144
BONA,$11.61,1440620131549,"76,973",75% bullish,of 4 ratings,$8.50
BOKF,$59.17,1440620131686,"241,464",100% bearish,of 1 rating,$69
BOJA,$20.67,1440620131819,"159,786",100% bullish,of 1 rating,$30
BPFHP,$25.05,1440620131895,"1,000",100% bearish,of 1 rating,N/A
BNSO,$1.25,1440620131998,420,100% bearish,of 1 rating,N/A
BPFH,$11.74,1440620132074,"358,272",100% bearish,of 1 rating,$14
EPAY,$25.17,1440620132213,"121,495",100% bearish,of 2 ratings,$30
BPFHW,$4.54,1440620132238,"2,503",100% bearish,of 1 rating,N/A
BAMM,$3.15,1440620132286,"2,076",60% bullish,of 5 ratings,N/A
BBEP,$2.48,1440620132468,"1,193,538",69% bullish,of 13 ratings,$5.625
BDBD,$8.02,1440620132530,"563,174",60% bullish,of 5 ratings,$10
BDGE,$26.62,1440620132603,"18,955",Not yet rated,NULL,$31.75
BCLI,$2.86,1440620132639,"32,711",80% bullish,of 5 ratings,$12
BBRG,$12.51,1440620132687,"77,721",67% bullish,of 3 ratings,$14.50
BBEPP,$13.1,1440620132730,"23,401",100% bearish,of 1 rating,N/A
BLIN,$1.312,1440620132756,"4,700",50% bullish,of 2 ratings,$2.20
BRID,NULL,1440620132789,0,100% bearish,of 1 rating,N/A
BRCM,$49.95,1440620133007,"5,163,635",75% bullish,of 12 ratings,$56
BCOV,$5.22,1440620133141,"70,105",67% bullish,of 3 ratings,$10.20
BSFT,$30.79,1440620133192,"193,445",57% bullish,of 7 ratings,$40.50
BVSN,$5.75,1440620133214,"4,401",60% bearish,of 5 ratings,N/A
BYFC,$1.38,1440620133369,"1,500",50% bullish,of 2 ratings,N/A
BRCD,$10.61,1440620133396,"6,313,604",92% bullish,of 13 ratings,$11.50
BRKL,$10.54,1440620133428,"216,192",100% bearish,of 1 rating,$10.75
BWEN,$3.14,1440620133449,"18,414",100% bullish,of 3 ratings,$8
BRKS,$10.17,1440620133530,"134,279",67% bullish,of 3 ratings,$15.25
BLMT,$20.73,1440620133625,"5,959",Not yet rated,NULL,N/A
BRKR,$18.52,1440620133658,"395,432",100% bearish,of 2 ratings,$22
BWLD,$193.09,1440620133757,"262,404",82% bullish,of 11 ratings,$205
BMTC,$28.23,1440620133785,"81,241",Not yet rated,NULL,$34
BSQR,$5.93,1440620133968,"36,551",67% bullish,of 3 ratings,N/A
BLDR,$13.83,1440620134049,"776,198",50% bullish,of 2 ratings,$22
CHRW,$67.26,1440620134097,"1,715,985",Not yet rated,NULL,$72
BUR,$1.78,1440620134127,"10,292",100% bearish,of 1 rating,$8
CFFI,$35.1,1440620134197,"1,722",100% bearish,of 1 rating,N/A
CCMP,$42.9,1440620134224,"68,524",50% bullish,of 2 ratings,$59
CA,$26.61,1440620134362,"2,908,767",50% bullish,of 4 ratings,$33
CDNS,$19.51,1440620134388,"1,270,512",75% bullish,of 4 ratings,$22.50
CZR,$8.455,1440620134567,"524,905",60% bearish,of 5 ratings,$10.50
CSTE,$39.0802,1440620134616,"866,572",100% bearish,of 1 rating,$65
CACQ,$6.93,1440620134702,"58,838",100% bearish,of 1 rating,$12.25
CDZI,$7.75,1440620134757,"48,750",100% bearish,of 1 rating,N/A
CLBS,$1.26,1440620134786,"90,190",79% bullish,of 14 ratings,$4
PRSS,$4.38,1440620134888,"5,570",80% bullish,of 5 ratings,$4.50
CHY,$11.15,1440620135048,"260,846",Not yet rated,NULL,N/A
CLMS,$10.4,1440620135075,"54,920",Not yet rated,NULL,$10.50
CSQ,$9.7,1440620135287,"445,511",Not yet rated,NULL,N/A
CHI,$10.48,1440620135317,"284,662",100% bearish,of 1 rating,N/A
CCD,$18.76,1440620135339,"331,677",Not yet rated,NULL,N/A
CHW,$7.47,1440620135491,"181,099",100% bearish,of 1 rating,N/A
CGO,$11.9,1440620135539,"27,751",100% bearish,of 1 rating,N/A
CVGW,$57.7075,1440620135583,"194,294",50% bullish,of 2 ratings,$58.50
CAMP,$15.76,1440620135620,"249,967",88% bullish,of 8 ratings,$25
CALA,$4.8,1440620135790,"310,896",100% bullish,of 3 ratings,$19.50
CFNB,$13.45,1440620135851,155,100% bearish,of 1 rating,N/A
CALM,$48.0472,1440620136053,"605,340",80% bullish,of 5 ratings,$65
CLMT,$24.6184,1440620136139,"260,501",75% bullish,of 8 ratings,$31
CALD,$15.52,1440620136197,"332,836",100% bearish,of 1 rating,$20.50
CAMB,$10.05,1440620136270,400,Not yet rated,NULL,N/A
ABCD,$4.96,1440620136300,"81,702",83% bullish,of 6 ratings,N/A
CFGE,NULL,1440620136321,0,Not yet rated,NULL,N/A
CAC,$40.05,1440620136450,"8,296",Not yet rated,NULL,N/A
CAMBU,NULL,1440620136476,0,100% bearish,of 1 rating,N/A
CAMT,$2.57,1440620136539,"36,380",73% bullish,of 11 ratings,$4
CAMBW,NULL,1440620136568,0,Not yet rated,NULL,N/A
CSIQ,$16.8174,1440620136741,"2,453,678",86% bullish,of 28 ratings,$42.50
CGIX,$9.92,1440620136766,"40,791",67% bullish,of 3 ratings,$14.375
CPHC,$10.23,1440620136970,200,100% bearish,of 1 rating,N/A
CBNJ,$10.97,1440620137000,"28,577",100% bullish,of 1 rating,N/A
CBF,$28.88,1440620137112,"118,150",Not yet rated,NULL,$32
CFFN,$11.92,1440620137195,"663,756",Not yet rated,NULL,$12.75
CPLP,$6.47,1440620137221,"441,355",71% bullish,of 7 ratings,$11
CSWC,$44.68,1440620137247,"12,407",Not yet rated,NULL,N/A
CPLA,$47.79,1440620137377,"75,631",67% bearish,of 3 ratings,$65
CAPN,$1.88,1440620137405,"117,772",100% bullish,of 1 rating,$10.85
CCBG,$14.77,1440620137432,"14,024",Not yet rated,NULL,$17.25
CPTA,$13.72,1440620137640,"74,326",100% bearish,of 1 rating,$18.50
CPST,$0.3564,1440620137668,"502,648",95% bullish,of 22 ratings,$1.25
CAPNW,$0.49,1440620137695,"14,000",Not yet rated,NULL,N/A
CARA,$17.9338,1440620137722,"418,999",50% bullish,of 4 ratings,$25
CAPR,$4.1,1440620137855,"25,952",Not yet rated,NULL,$12
CARB,$11.09,1440620138079,"92,963",75% bullish,of 4 ratings,$12
CRME,$8.78,1440620138111,"12,412",89% bullish,of 9 ratings,$11.25
CRDC,$0.36,1440620138215,"320,677",100% bullish,of 1 rating,$1.25
CBYL,$5.36,1440620138245,"20,442",100% bearish,of 1 rating,$20
CFNL,$21.87,1440620138348,"72,948",Not yet rated,NULL,$24
CDNA,$6.5,1440620138373,"9,461",100% bearish,of 1 rating,$9
CATM,$34.22,1440620138561,"152,161",100% bearish,of 1 rating,$44
CSII,$23.04,1440620138591,"140,801",100% bearish,of 2 ratings,$42.125
CTRE,$11.52,1440620138635,"258,183",50% bullish,of 2 ratings,$13.50
CKEC,$22.53,1440620138668,"122,856",50% bullish,of 2 ratings,$35.915
CECO,$3.49,1440620138695,"235,859",67% bearish,of 3 ratings,$6
CLBH,$12.52,1440620138827,"2,799",Not yet rated,NULL,$16.50
CARO,$15.66,1440620138852,"1,130",100% bearish,of 1 rating,$19
CART,$5.35,1440620139005,310,100% bearish,of 1 rating,N/A
CRZO,$28.69,1440620139051,"617,537",67% bearish,of 3 ratings,$55.50
TAST,$12.225,1440620139248,"210,389",Not yet rated,NULL,$14.25
CARV,$7.23,1440620139293,"18,150",50% bullish,of 2 ratings,N/A
CASM,$1.11,1440620139319,"7,400",100% bullish,of 1 rating,$3.50
CRTN,$2.51,1440620139447,600,100% bearish,of 1 rating,N/A
CSCD,$14.95,1440620139612,"66,086",100% bullish,of 2 ratings,$17
CASY,$105.91,1440620139643,"213,467",50% bullish,of 2 ratings,$99.50
CACB,$5.3,1440620139665,"60,398",Not yet rated,NULL,$5.50
CWST,$6.01,1440620139699,"65,739",50% bullish,of 2 ratings,$7.25
CASI,$1.43,1440620139835,"1,790",100% bullish,of 1 rating,$3.50
CASS,$49.08,1440620139869,"21,656",100% bearish,of 1 rating,N/A
CATB,$11.13,1440620139899,"19,771",100% bearish,of 1 rating,$28
CPRX,$3.46,1440620139971,"449,046",71% bullish,of 7 ratings,$7
CATY,$28.9,1440620140109,"427,035",100% bearish,of 1 rating,$33.50
CATYW,NULL,1440620140274,0,100% bearish,of 1 rating,N/A
CAVM,$67.497,1440620140378,"488,559",67% bearish,of 3 ratings,$72
CBFV,$20.25,1440620140404,"7,575",Not yet rated,NULL,$25
CNLM,NULL,1440620140434,0,Not yet rated,NULL,N/A
CVCO,$70.6476,1440620140470,"23,734",100% bearish,of 1 rating,N/A
CNLMR,NULL,1440620140541,0,Not yet rated,NULL,N/A
CNLMW,NULL,1440620140710,0,Not yet rated,NULL,N/A
CBOE,$62.71,1440620140766,"525,970",Not yet rated,NULL,$60
CNLMU,NULL,1440620140799,0,100% bullish,of 1 rating,N/A
CDW,$39.48,1440620140895,"959,254",75% bullish,of 4 ratings,$44
CDK,$47.65,1440620140945,"702,068",67% bearish,of 3 ratings,$50
CECE,$9.25,1440620140991,"68,329",50% bullish,of 2 ratings,$16
CPXX,$2.01,1440620141144,"126,837",100% bullish,of 2 ratings,$7
CELGZ,$1.68,1440620141312,"32,700",80% bullish,of 5 ratings,N/A
CELG,$119.23,1440620141344,"4,338,076",92% bullish,of 13 ratings,$155.50
CLDN,$1.03,1440620141377,"83,449",71% bullish,of 7 ratings,$3
CLDX,$14.36,1440620141399,"1,118,426",89% bullish,of 9 ratings,$36
CLRBW,$0.935,1440620141528,800,Not yet rated,NULL,N/A
CLRB,$3.13,1440620141660,"1,203",100% bearish,of 1 rating,N/A
CBMG,$22.65,1440620141688,"49,731",50% bullish,of 2 ratings,N/A
CLTX,$2.17,1440620141713,"306,725",100% bullish,of 2 ratings,N/A
CLSN,$1.9,1440620141850,"113,758",80% bullish,of 10 ratings,$7.50
CYAD,$50.8,1440620141881,"2,019",100% bullish,of 1 rating,$87.50
CLLS,$30.54,1440620141908,"107,764",75% bullish,of 4 ratings,$51.50
CEMP,$34.25,1440620141936,"468,701",71% bullish,of 7 ratings,$52
CSFL,$13.83,1440620142078,"92,520",Not yet rated,NULL,$15
CETX,$2.27,1440620142126,"6,300",Not yet rated,NULL,$5.60
CFBK,$1.37,1440620142275,"3,310",Not yet rated,NULL,N/A
CETV,$2.11,1440620142303,"157,435",67% bullish,of 3 ratings,$2.80
CVCY,$11.21,1440620142437,"4,282",Not yet rated,NULL,$12
CENT,$11.88,1440620142484,"57,119",Not yet rated,NULL,$10
CENTA,$12.35,1440620142517,"228,681",Not yet rated,NULL,N/A
CNTY,$5.85,1440620142683,"18,386",80% bullish,of 5 ratings,$7.75
CRNT,$1.35,1440620142709,"39,184",50% bullish,of 2 ratings,$2
CPHD,$48.615,1440620142836,"443,380",67% bearish,of 3 ratings,$66.50
CNBKA,$41.05,1440620142899,"3,578",50% bullish,of 2 ratings,N/A
CERN,$61.63,1440620142927,"2,125,563",67% bullish,of 3 ratings,$79
CENX,$4.37,1440620142983,"1,657,438",67% bullish,of 6 ratings,$9
CERU,$3.5,1440620143088,"24,815",75% bullish,of 4 ratings,$15
CERS,$4.77,1440620143115,"374,861",75% bullish,of 4 ratings,$7
CERE,$1.2,1440620143159,"222,931",88% bullish,of 8 ratings,N/A
CEVA,$18.1,1440620143364,"58,503",100% bearish,of 1 rating,$25
HOTR,$1.46,1440620143406,"100,583",100% bullish,of 2 ratings,$5
KOOL,$0.615,1440620143550,"56,021",100% bullish,of 5 ratings,$7
CTHR,$1.3,1440620143576,"4,396",50% bullish,of 2 ratings,$2.50
GTLS,$21.96,1440620143607,"143,857",50% bullish,of 4 ratings,$40
CYOU,$19.44,1440620143631,"129,686",50% bullish,of 6 ratings,$24
HOTRW,NULL,1440620143717,0,Not yet rated,NULL,N/A
CHTR,$177.6,1440620143770,"686,361",100% bearish,of 2 ratings,$196
CHKP,$79.52,1440620143818,"1,108,851",50% bullish,of 4 ratings,$92
CHFN,$12.41,1440620143844,"19,158",Not yet rated,NULL,$14
CHEKW,NULL,1440620144059,0,Not yet rated,NULL,N/A
CCXI,$7.09,1440620144284,"68,837",67% bullish,of 3 ratings,$14
CHEK,$1.94,1440620144350,"48,083",Not yet rated,NULL,$7.75
CHFC,$31.24,1440620144419,"49,988",100% bearish,of 1 rating,$36
CEMI,$3.66,1440620144445,"74,853",50% bullish,of 2 ratings,$7.50
CHKE,$25.94,1440620144474,"26,288",100% bearish,of 1 rating,$32.50
CHMG,$26.2,1440620144502,"1,772",Not yet rated,NULL,$30
CBNK,$16.15,1440620144577,"12,165",100% bearish,of 1 rating,N/A
CHEV,$14.3,1440620144781,"2,182",Not yet rated,NULL,N/A
CMRX,$50.42,1440620144813,"326,725",50% bullish,of 2 ratings,$57
CHMA,$24.12,1440620144842,"44,626",Not yet rated,NULL,$40
CAAS,$5.89,1440620144910,"23,312",93% bullish,of 14 ratings,$11.50
CALI,$0.89,1440620145080,"4,723",67% bullish,of 3 ratings,N/A
CBAK,$1.79,1440620145150,"38,481",67% bullish,of 9 ratings,N/A
PLCE,$58.05,1440620145281,"445,567",100% bearish,of 1 rating,$71
CADC,NULL,1440620145378,0,78% bullish,of 9 ratings,N/A
CCCL,$0.74,1440620145407,"32,400",100% bullish,of 6 ratings,N/A
CCCR,$0.86,1440620145474,"16,434",67% bearish,of 3 ratings,N/A
CBPO,$96.4576,1440620145536,"139,648",75% bullish,of 8 ratings,$140.50
JRJC,$3.03,1440620145605,"165,008",82% bullish,of 11 ratings,N/A
CNIT,$1.37,1440620145764,"51,274",67% bullish,of 6 ratings,N/A
CHOP,$1.26,1440620145808,"15,880",50% bullish,of 2 ratings,N/A
CJJD,$1.74,1440620145954,"29,210",100% bullish,of 1 rating,N/A
CHLN,$2.08,1440620146015,"7,911",67% bullish,of 3 ratings,N/A
CHNR,$1.67,1440620146049,"4,392",100% bearish,of 1 rating,N/A
HTHT,$24.43,1440620146070,"160,987",50% bullish,of 2 ratings,$28.40
HGSH,$1.67,1440620146099,"6,100",67% bullish,of 3 ratings,N/A
CREG,$0.68,1440620146147,"33,955",100% bullish,of 3 ratings,N/A
CNTF,$0.76,1440620146365,"56,806",Not yet rated,NULL,N/A
CPGI,$6.88,1440620146425,500,Not yet rated,NULL,N/A
CNET,$0.78,1440620146455,"23,413",50% bullish,of 2 ratings,N/A
CNYD,$2.96,1440620146586,"3,016",67% bullish,of 3 ratings,N/A
CXDC,$5.75,1440620146617,"42,248",67% bearish,of 3 ratings,N/A
CSUN,$1.31,1440620146680,"27,125",80% bullish,of 5 ratings,N/A
CCIH,$6.2,1440620146714,"253,721",67% bullish,of 6 ratings,$12.65
IMOS,$16.4608,1440620146864,"178,735",60% bullish,of 5 ratings,$21.50
CHSCL,$26.99,1440620146915,"21,349",Not yet rated,NULL,N/A
CHSCM,$25.82,1440620146958,"18,839",Not yet rated,NULL,N/A
CHSCN,$26.56,1440620147000,"5,476",Not yet rated,NULL,N/A
CHSCO,$28.36,1440620147052,"14,241",Not yet rated,NULL,N/A
CHDN,$132.2437,1440620147140,"30,069",Not yet rated,NULL,$165
CHSCP,$30.5,1440620147225,"4,633",Not yet rated,NULL,N/A
CHUY,$30.91,1440620147274,"136,361",50% bullish,of 2 ratings,$34
CDTX,$14.26,1440620147407,"12,260",Not yet rated,NULL,$22
CIFC,$7.21,1440620147481,"5,472",100% bearish,of 1 rating,N/A
CMCT,$15.8,1440620147563,803,100% bearish,of 1 rating,N/A
CMPR,$68.21,1440620147616,"215,616",50% bullish,of 2 ratings,$72.50
CINF,$52.18,1440620147642,"737,224",50% bullish,of 4 ratings,$50.50
CIDM,$0.5615,1440620147670,"122,770",50% bullish,of 2 ratings,$2.10
CPHR,$5.8,1440620147802,"11,999",100% bearish,of 1 rating,$17
CTAS,$84.01,1440620147836,"549,070",100% bearish,of 1 rating,$91
CRUS,$28.6,1440620147868,"825,177",75% bullish,of 12 ratings,$44.50
CSCO,$25.68,1440620148009,"33,231,091",84% bullish,of 208 ratings,$32
CZNC,$19.525,1440620148039,"18,064",Not yet rated,NULL,N/A
CTRN,$26.78,1440620148149,"108,940",100% bearish,of 1 rating,$31.50
CZWI,$8.99,1440620148177,784,Not yet rated,NULL,N/A
CZFC,NULL,1440620148206,0,Not yet rated,NULL,N/A
CIZN,$19.38,1440620148312,"1,114",Not yet rated,NULL,N/A
CIVB,$10.26,1440620148403,"3,708",Not yet rated,NULL,$11
CTXS,$68.41,1440620148471,"2,118,927",86% bullish,of 7 ratings,$80
CDTI,$1.52,1440620148606,"45,538",75% bullish,of 4 ratings,$3.20
CHCO,$47.15,1440620148635,"32,927",Not yet rated,NULL,$46
CLNE,$4.43,1440620148655,"815,013",80% bullish,of 15 ratings,$9
CIVBP,NULL,1440620148684,0,Not yet rated,NULL,N/A
CLFD,$16.98,1440620148882,"39,114",67% bullish,of 3 ratings,$18
CLNT,$1.37,1440620148913,"7,162",75% bullish,of 8 ratings,N/A
CLRO,$11.5,1440620148967,"38,212",50% bullish,of 2 ratings,$14.25
CLIR,$4.63,1440620149039,"46,731",100% bullish,of 3 ratings,N/A
CBLI,$3.66,1440620149123,"40,955",60% bullish,of 5 ratings,N/A
CMFN,$10.9,1440620149171,"24,903",100% bearish,of 1 rating,$15.50
CSBK,$13.75,1440620149201,"83,164",Not yet rated,NULL,N/A
CLVS,$71.51,1440620149304,"615,273",60% bullish,of 5 ratings,$101.50
CME,$91.74,1440620149334,"1,333,262",67% bullish,of 3 ratings,$102
CCNE,$16.595,1440620149435,"13,115",50% bullish,of 2 ratings,$21.50
CISG,$7.43,1440620149482,"110,746",100% bullish,of 5 ratings,$10
CNV,$4.405,1440620149507,"64,109",50% bullish,of 2 ratings,$7.15
COBZ,$12.87,1440620149642,"47,066",100% bullish,of 1 rating,$14
COKE,$161.8,1440620149749,"23,295",79% bullish,of 19 ratings,N/A
CWAY,$11.21,1440620149790,"2,848",Not yet rated,NULL,N/A
CDRB,$12.39,1440620149853,"14,211",67% bullish,of 3 ratings,N/A
CVLY,$20.32,1440620149878,"1,022",Not yet rated,NULL,N/A
JVA,$4.37,1440620149919,"7,270",83% bullish,of 6 ratings,$7
CDXS,$3.4,1440620150015,"35,651",64% bullish,of 11 ratings,$6
CGNT,$1.46,1440620150044,"23,535",100% bullish,of 2 ratings,$2
CCOI,$27.52,1440620150119,"434,130",50% bullish,of 4 ratings,$35
CGNX,$33.83,1440620150287,"724,481",50% bullish,of 2 ratings,$47
CHRS,$27.4,1440620150315,"200,156",67% bearish,of 3 ratings,$37
COHR,$55.93,1440620150336,"101,768",50% bullish,of 2 ratings,$72
CTSH,$62.16,1440620150393,"3,411,480",90% bullish,of 10 ratings,$75
COHU,$9.25,1440620150564,"151,229",100% bearish,of 1 rating,$14.25
CLCT,$18.37,1440620150591,"10,634",100% bearish,of 1 rating,N/A
CBAN,$8.77,1440620150752,200,Not yet rated,NULL,N/A
CIGI,$42.29,1440620150828,"15,627",100% bearish,of 1 rating,$52
CLCD,$6.23,1440620150853,"79,054",100% bearish,of 1 rating,$20.50
CLRX,$0.5146,1440620150910,"37,117",50% bullish,of 2 ratings,N/A
COLL,$15.09,1440620150936,"37,426",100% bearish,of 1 rating,$26
CMCO,$18,1440620151097,"62,677",60% bullish,of 5 ratings,$28
COLM,$60.86,1440620151174,"100,750",100% bearish,of 1 rating,$71
COLB,$29.68,1440620151225,"120,855",Not yet rated,NULL,$36
CMCSA,$55.4,1440620151250,"9,372,301",66% bullish,of 35 ratings,$69.50
CMCSK,$55.72,1440620151318,"4,552,390",Not yet rated,NULL,$84
CBMX,$1.05,1440620151351,"24,537",83% bullish,of 6 ratings,$3.15
CBSHP,$25.31,1440620151424,"1,735",100% bearish,of 1 rating,N/A
CBSH,$43.75,1440620151451,"231,666",50% bullish,of 2 ratings,$46
CUBN,$13.5,1440620151703,"5,624",Not yet rated,NULL,N/A
COMM,$29.5,1440620151758,"619,425",67% bearish,of 3 ratings,$35
CSAL,$20.19,1440620151811,"434,991",75% bullish,of 4 ratings,$30
CVGI,$4.81,1440620151838,"135,126",50% bullish,of 2 ratings,$6
JCS,$8.63,1440620151892,"1,778",67% bullish,of 3 ratings,N/A
CTBI,$34.075,1440620151927,"24,506",Not yet rated,NULL,$36
ESXB,$5.06,1440620152026,"2,788",Not yet rated,NULL,N/A
CYHHZ,$0.011,1440620152051,"88,798",100% bullish,of 1 rating,N/A
COB,$10.37,1440620152099,"10,084",100% bullish,of 1 rating,$11.75
CWBC,$6.79,1440620152243,"16,855",Not yet rated,NULL,N/A
CVLT,$35.14,1440620152268,"417,099",75% bullish,of 4 ratings,$44.50
CIZ,$33.65,1440620152293,"8,967",100% bearish,of 1 rating,N/A
CIL,$32.83,1440620152318,600,Not yet rated,NULL,N/A
CID,$33.02,1440620152566,900,Not yet rated,NULL,N/A
CDC,$34.06,1440620152638,"17,390",Not yet rated,NULL,N/A
CSF,$36.02,1440620152663,"7,544",100% bearish,of 1 rating,N/A
CSA,$31.8999,1440620152738,150,Not yet rated,NULL,N/A
CSB,$32.44,1440620152769,2,Not yet rated,NULL,N/A
CDL,NULL,1440620152794,0,Not yet rated,NULL,N/A
CFO,$34.88,1440620152820,"15,381",100% bearish,of 1 rating,N/A
CFA,$34.18,1440620152840,"8,250",100% bearish,of 1 rating,N/A
SCOR,$53.42,1440620153178,"322,556",100% bearish,of 1 rating,$66
CPSI,$45.14,1440620153209,"56,905",100% bearish,of 1 rating,$45.50
CTG,$6.47,1440620153230,"38,329",100% bearish,of 1 rating,$8.50
CHCI,$0.7192,1440620153266,"41,447",50% bullish,of 2 ratings,N/A
CMTL,$25.42,1440620153298,"65,604",100% bearish,of 2 ratings,$37
CNSI,$18.5,1440620153396,"205,392",100% bearish,of 2 ratings,$29
CGEN,$4.95,1440620153426,"118,852",50% bullish,of 2 ratings,$11
CNAT,$3.53,1440620153490,"80,660",83% bullish,of 6 ratings,$13
CNCE,$15.74,1440620153621,"100,081",75% bullish,of 4 ratings,$22
CXRX,$71,1440620153650,"3,418",100% bearish,of 1 rating,$90
CDOR,$1.27,1440620153718,"3,270",100% bullish,of 1 rating,N/A
CDORO,NULL,1440620153748,0,100% bearish,of 1 rating,N/A
CCUR,$4.61,1440620153855,"63,040",75% bullish,of 4 ratings,N/A
CFMS,$19.35,1440620153959,"216,038",Not yet rated,NULL,$27
CNFR,$10.48,1440620154019,"24,311",Not yet rated,NULL,N/A
CDORP,$6.37,1440620154044,"1,310",100% bearish,of 1 rating,N/A
CNOB,$19.19,1440620154199,"38,742",100% bullish,of 1 rating,$23.50
CTWS,$34.43,1440620154226,"16,206",100% bearish,of 1 rating,$44
CNMD,$53.11,1440620154248,"112,558",Not yet rated,NULL,$59
CONN,$30.27,1440620154385,"549,870",67% bullish,of 3 ratings,$48.50
CNXR,$6.38,1440620154440,"39,126",100% bearish,of 1 rating,$12
CNSL,$19.43,1440620154537,"154,101",100% bearish,of 1 rating,$23
CWCO,$10.2,1440620154580,"53,406",67% bullish,of 3 ratings,$14.50
CTCT,$24.17,1440620154621,"197,299",67% bullish,of 3 ratings,$37
CPSS,$5.77,1440620154714,"33,059",100% bullish,of 1 rating,$10
CFRX,$5.06,1440620154851,"32,965",Not yet rated,NULL,$14
CFRXZ,NULL,1440620155037,0,Not yet rated,NULL,N/A
CFRXW,$1.89,1440620155085,"1,200",100% bearish,of 1 rating,N/A
CTRL,$7.85,1440620155111,"104,670",50% bullish,of 2 ratings,$11
CPRT,$34.12,1440620155173,"247,007",67% bearish,of 3 ratings,$40
CTRV,$3.75,1440620155201,"11,242",Not yet rated,NULL,$6.40
CRBP,$1.85,1440620155278,"271,943",100% bullish,of 2 ratings,$6.25
CORT,$5,1440620155615,"437,001",67% bullish,of 3 ratings,$12
CORE,$59.56,1440620155672,"112,070",100% bearish,of 1 rating,$72
CORI,$10.35,1440620155698,"51,214",100% bearish,of 1 rating,$18
BVA,$3.85,1440620155726,300,50% bullish,of 2 ratings,N/A
CRVL,$30.88,1440620155828,"27,484",100% bearish,of 1 rating,N/A
CSOD,$35.67,1440620155885,"360,153",50% bullish,of 2 ratings,$42
CSGP,$174.2756,1440620155955,"126,896",50% bullish,of 2 ratings,$235
COSI,$1.06,1440620156025,"203,920",100% bullish,of 1 rating,N/A
COST,$138.16,1440620156077,"2,002,967",79% bullish,of 24 ratings,$154.50
CPAH,$0.41,1440620156154,"10,200",50% bullish,of 2 ratings,N/A
CVTI,$22.46,1440620156239,"140,269",67% bearish,of 3 ratings,$39
ICBK,$18.55,1440620156285,400,Not yet rated,NULL,$21
COWN,$5,1440620156587,"2,038,467",75% bullish,of 4 ratings,$7
COWNL,$27,1440620156661,"9,195",Not yet rated,NULL,N/A
CBRL,$143.19,1440620156721,"207,143",50% bullish,of 2 ratings,$155
CPSH,$2.19,1440620156749,"16,164",Not yet rated,NULL,N/A
COVS,$2.53,1440620156776,"65,843",67% bullish,of 3 ratings,N/A
CRAI,$21.81,1440620156805,"32,125",100% bearish,of 1 rating,$36
BREW,$7.25,1440620156910,"64,361",67% bullish,of 6 ratings,$15
CRAY,$19.85,1440620157115,"294,685",83% bullish,of 6 ratings,$38.50
CACC,$196.7669,1440620157331,"92,765",50% bullish,of 2 ratings,$158.50
GLDI,$11.04,1440620157357,"17,569",100% bearish,of 1 rating,N/A
SLVO,$9.72,1440620157383,"66,977",100% bearish,of 1 rating,N/A
CREE,$25.66,1440620157512,"1,190,663",65% bullish,of 17 ratings,$29.50
CRESY,$10.01,1440620157542,"139,841",100% bearish,of 1 rating,$19
CROX,$13.995,1440620157646,"1,015,501",63% bullish,of 8 ratings,$16.50
CRTO,$42.42,1440620157675,"233,020",67% bullish,of 6 ratings,$64
CCRN,$13.75,1440620157705,"119,804",100% bearish,of 1 rating,$14.25
CRWS,$7.95,1440620157810,"10,000",Not yet rated,NULL,$10
CRDS,$1.02,1440620157841,"25,986",50% bullish,of 4 ratings,$4.50
CRWN,$4.53,1440620157867,"93,286",75% bullish,of 4 ratings,N/A
CYRX,$2.89,1440620158055,"19,892",Not yet rated,NULL,$9
CYRXW,$0.811,1440620158109,"34,000",Not yet rated,NULL,N/A
CSGS,$30.03,1440620158135,"120,969",Not yet rated,NULL,$40
CCLP,$13.67,1440620158164,"56,337",67% bearish,of 3 ratings,$20
CSPI,$5.88,1440620158268,"1,150",67% bullish,of 3 ratings,N/A
CTCM,$1.7,1440620158402,"161,388",80% bearish,of 5 ratings,$3.90
CTIC,$1.51,1440620158537,"1,744,467",84% bullish,of 76 ratings,$5.75
CTIB,$3.556,1440620158567,400,100% bearish,of 1 rating,N/A
CTRP,$64.08,1440620158592,"1,391,430",75% bullish,of 8 ratings,$92
CPIX,$6.01,1440620158625,"65,500",Not yet rated,NULL,N/A
CUNB,$21.08,1440620158673,"20,146",Not yet rated,NULL,$24.50
CUI,$5.13,1440620158730,"23,888",50% bullish,of 2 ratings,$10
CRIS,$2.38,1440620158807,"436,462",100% bullish,of 8 ratings,$6
CMLS,$1.39,1440620158865,"707,064",50% bullish,of 4 ratings,$6
CUTR,$14.25,1440620158964,"49,771",67% bearish,of 3 ratings,$18
CVBF,$15.76,1440620159107,"461,259",Not yet rated,NULL,$18
CVV,$10.75,1440620159241,"15,662",100% bullish,of 5 ratings,N/A
CYBR,$50.14,1440620159296,"1,155,691",71% bullish,of 7 ratings,$66
CYAN,$7.26,1440620159321,970,100% bearish,of 1 rating,N/A
CYBX,$67.07,1440620159347,"319,550",50% bullish,of 4 ratings,$71.50
CYCCP,$5.5,1440620159382,340,100% bearish,of 1 rating,N/A
CYBE,$5.92,1440620159475,"7,259",100% bearish,of 1 rating,N/A
CYCC,$0.5098,1440620159575,"145,759",73% bullish,of 11 ratings,N/A
CYNO,$32.51,1440620159757,"100,954",67% bearish,of 3 ratings,$45.50
CBAY,$2.6,1440620159789,"64,711",100% bullish,of 1 rating,$4
CYNA,$16.29,1440620159860,"37,680",100% bullish,of 1 rating,$31.50
CYRN,$1.69,1440620159886,"54,366",67% bullish,of 3 ratings,$4
CY,$9.3,1440620159917,"4,481,851",80% bullish,of 10 ratings,$15.50
CONE,$31.42,1440620160019,"254,908",67% bearish,of 3 ratings,$35
CTSO,$6.5,1440620160185,"54,541",Not yet rated,NULL,$15.625
CYTX,$0.3261,1440620160211,"1,420,125",83% bullish,of 12 ratings,$5.50
CYTK,$6.73,1440620160269,"148,251",71% bullish,of 14 ratings,$13.50
CYTR,$2.18,1440620160343,"465,992",67% bullish,of 6 ratings,$10
TVIZ,$17.26,1440620160414,"9,420",100% bearish,of 1 rating,N/A
DAEG,$0.35,1440620160441,"9,296",100% bearish,of 1 rating,N/A
ZIV,$42.2,1440620160584,"112,619",Not yet rated,NULL,N/A
TVIX,$11.94,1440620160609,"24,973,032",81% bullish,of 16 ratings,N/A
XIV,$28.2315,1440620160634,"27,932,354",75% bearish,of 4 ratings,N/A
DARA,$0.85,1440620160836,"92,983",83% bullish,of 6 ratings,$1.50
DJCO,$195,1440620160865,"2,265",Not yet rated,NULL,N/A
DAKT,$8.2,1440620160891,"519,817",50% bullish,of 2 ratings,$14
DTLK,$5.48,1440620160920,"100,250",100% bearish,of 1 rating,$9
DRAM,$1.13,1440620161024,"34,850",78% bullish,of 9 ratings,N/A
DAIO,$2.57,1440620161086,"6,200",Not yet rated,NULL,N/A
DWCH,$4.86,1440620161112,"22,538",75% bullish,of 4 ratings,$8.25
PLAY,$33.46,1440620161251,"235,703",100% bullish,of 5 ratings,$42
DWSN,$4.26,1440620161352,"26,351",67% bullish,of 3 ratings,N/A
DBVT,$38.2781,1440620161394,"55,592",100% bearish,of 1 rating,$53
DHRM,$1.46,1440620161422,"5,006",Not yet rated,NULL,N/A
DTEA,$12.91,1440620161449,"62,141",100% bearish,of 2 ratings,$24
TRAK,$62.875,1440620161477,"539,545",50% bullish,of 2 ratings,$62.50
DFRG,$14.38,1440620161676,"165,780",100% bearish,of 1 rating,$20
TACO,$12.8748,1440620161702,"267,057",75% bullish,of 4 ratings,$20
TACOW,$4.04,1440620161769,"161,305",100% bullish,of 1 rating,N/A
DELT,$2.5,1440620161940,"1,400",Not yet rated,NULL,N/A
DGAS,$20.12,1440620161970,"16,397",67% bearish,of 3 ratings,N/A
DCTH,$0.3902,1440620161991,"503,575",78% bullish,of 9 ratings,N/A
DELTW,NULL,1440620162071,0,Not yet rated,NULL,N/A
DENN,$11.45,1440620162143,"321,226",100% bullish,of 3 ratings,$15
XRAY,$52.65,1440620162168,"934,078",100% bullish,of 1 rating,$58
DEPO,$28.395,1440620162212,"493,972",60% bullish,of 5 ratings,$29
DSCI,$5.81,1440620162362,"53,355",50% bullish,of 2 ratings,$16
DERM,$25.08,1440620162621,"89,086",100% bearish,of 1 rating,$33.50
DEST,$11.37,1440620162723,"79,340",50% bullish,of 2 ratings,N/A
DXM,$0.3,1440620162810,"80,435",50% bullish,of 2 ratings,N/A
DSWL,$1.7,1440620162872,"59,272",100% bullish,of 1 rating,N/A
DXLG,$4.43,1440620162897,"244,769",100% bearish,of 1 rating,$8
DHXM,NULL,1440620163030,0,Not yet rated,NULL,N/A
DHIL,$192,1440620163196,"3,906",Not yet rated,NULL,N/A
DCIX,$1.67,1440620163250,"83,742",50% bullish,of 4 ratings,$3.50
FANG,$62.09,1440620163294,"568,911",50% bullish,of 2 ratings,$86.50
DMND,$27.93,1440620163327,"325,577",75% bullish,of 12 ratings,$32
DXCM,$91.53,1440620163359,"532,563",57% bullish,of 7 ratings,$98
DRNA,$10.1425,1440620163384,"58,977",67% bearish,of 3 ratings,$25
DGII,$9.7,1440620163424,"42,213",100% bearish,of 1 rating,$10
DRAD,$3.69,1440620163654,"6,870",100% bullish,of 1 rating,$5.25
DMRC,$34.3,1440620163679,"121,962",100% bearish,of 1 rating,$44
APPS,$2.32,1440620163830,"175,978",100% bearish,of 1 rating,$10.25
DGLY,$8.14,1440620163859,"431,147",50% bullish,of 6 ratings,$20
DCOM,$16.6,1440620163929,"105,929",100% bearish,of 2 ratings,$16.50
DIOD,$19.5,1440620163956,"121,820",75% bearish,of 4 ratings,$24
DISCK,$25.1,1440620164083,"1,827,670",100% bearish,of 1 rating,$32
DPRX,$12.25,1440620164175,"4,758",100% bullish,of 2 ratings,$27.75
DISCB,$25.45,1440620164204,18,100% bearish,of 1 rating,$35
DISH,$58.57,1440620164310,"1,913,760",69% bullish,of 13 ratings,$73
DISCA,$26.52,1440620164348,"2,021,185",67% bullish,of 3 ratings,$34
DSCO,$0.3625,1440620164406,"225,517",83% bullish,of 6 ratings,$2.75
BAGR,$2.66,1440620164584,"46,146",100% bearish,of 1 rating,$6
DNBF,$26.15,1440620164618,"2,494",Not yet rated,NULL,$27.50
DVCR,$10.6,1440620164644,"1,363",100% bullish,of 1 rating,N/A
DLHC,$2.5,1440620164684,"5,421",100% bearish,of 1 rating,N/A
DLTR,$77.34,1440620164831,"1,931,150",82% bullish,of 11 ratings,$88
DGICA,$14.2,1440620164975,"12,056",100% bearish,of 1 rating,$17
DGICB,NULL,1440620165002,0,100% bearish,of 1 rating,N/A
DMLP,$13.75,1440620165028,"29,206",100% bearish,of 1 rating,N/A
HILL,$9.68,1440620165238,"3,179,327",60% bearish,of 5 ratings,$9.75
DORM,$50.7,1440620165287,"223,207",100% bearish,of 1 rating,$56
DRWIW,$0.045,1440620165376,"2,102",Not yet rated,NULL,N/A
DRWI,$0.2288,1440620165415,"82,315",60% bullish,of 5 ratings,$.45
DRYS,$0.3577,1440620165444,"1,771,931",77% bullish,of 31 ratings,$.60
DWA,$19.75,1440620165575,"833,965",63% bullish,of 8 ratings,$26
DSPG,$8.57,1440620165604,"55,653",100% bearish,of 1 rating,$13.50
DSKX,$3.14,1440620165657,"128,795",100% bullish,of 1 rating,N/A
CADTR,NULL,1440620165864,0,Not yet rated,NULL,N/A
CADT,NULL,1440620165890,0,Not yet rated,NULL,N/A
CADTU,$10.05,1440620165911,"1,000",Not yet rated,NULL,N/A
DNKN,$50.85,1440620166052,"732,056",67% bullish,of 15 ratings,$56.50
CADTW,NULL,1440620166106,0,Not yet rated,NULL,N/A
DRRX,$1.96,1440620166143,"910,114",50% bullish,of 6 ratings,$3
DTSI,$26.39,1440620166180,"54,310",100% bearish,of 2 ratings,$39.50
DYAX,$23.16,1440620166271,"637,175",89% bullish,of 9 ratings,$30
BOOM,$9.01,1440620166367,"66,131",67% bullish,of 3 ratings,$12
DXPE,$26.53,1440620166395,"160,656",50% bullish,of 2 ratings,N/A
DYSL,$1.39,1440620166454,"159,112",100% bullish,of 2 ratings,N/A
DYNT,$2.95,1440620166524,"3,648",75% bullish,of 4 ratings,N/A
DVAX,$27.06,1440620166584,"207,888",70% bullish,of 10 ratings,$40
EBMT,$11.14,1440620166729,"2,645",Not yet rated,NULL,$13.50
EGBN,$41.48,1440620166759,"110,040",Not yet rated,NULL,$48
ETFC,$25.26,1440620166781,"2,693,509",57% bullish,of 14 ratings,$33
EGRX,$75.3582,1440620166830,"365,270",67% bullish,of 3 ratings,$97
EROC,$1.26,1440620166966,"396,160",50% bullish,of 2 ratings,$3
EGLE,$6.46,1440620166992,"28,594",60% bullish,of 5 ratings,N/A
ELNK,$8.24,1440620167039,"579,702",60% bullish,of 5 ratings,$9.50
EWBC,$38.58,1440620167125,"2,087,940",100% bearish,of 1 rating,$50
EML,$16.74,1440620167178,"4,377",Not yet rated,NULL,N/A
EACQU,$10.2,1440620167281,"9,200",Not yet rated,NULL,N/A
EBIX,$27.3196,1440620167390,"269,053",69% bullish,of 13 ratings,$40
EVBS,$6.49,1440620167420,"6,318",Not yet rated,NULL,$7
EBAY,$26.17,1440620167462,"9,498,816",81% bullish,of 117 ratings,$48
ELON,$0.6097,1440620167491,"72,843",50% bullish,of 2 ratings,N/A
ECHO,$22.89,1440620167555,"227,345",67% bearish,of 3 ratings,$35.50
ECTE,$1.52,1440620167592,"13,086",75% bullish,of 4 ratings,N/A
SATS,$43.37,1440620167815,"99,943",50% bullish,of 2 ratings,$60
ESES,$3.46,1440620167916,"2,632",100% bearish,of 1 rating,$7
EEI,$10.97,1440620167946,824,67% bearish,of 3 ratings,N/A
ECACU,$10.06,1440620167971,"6,100",Not yet rated,NULL,N/A
EDAP,$3.66,1440620168009,"109,165",60% bullish,of 5 ratings,$4.50
EDUC,$4.97,1440620168048,"1,733",100% bearish,of 1 rating,N/A
EDGW,$6.69,1440620168140,"17,455",100% bearish,of 1 rating,N/A
EFUT,$4.21,1440620168371,500,Not yet rated,NULL,N/A
EHTH,$13.76,1440620168506,"77,543",50% bullish,of 4 ratings,$16.50
LOCO,$11.7925,1440620168541,"578,509",69% bullish,of 13 ratings,$20
EGLT,$10.35,1440620168589,"43,493",50% bullish,of 2 ratings,$21
EGAN,$3.26,1440620168621,"29,476",50% bullish,of 2 ratings,$6.25
EMITF,$1.27,1440620168646,"14,165",75% bullish,of 4 ratings,N/A
ESLT,$74.93,1440620168720,"21,044",67% bullish,of 3 ratings,N/A
ELRC,$10.36,1440620168850,"38,028",100% bearish,of 1 rating,N/A
ERI,$9.27,1440620168885,"87,351",100% bearish,of 1 rating,$10
EA,$66.34,1440620168981,"2,749,001",77% bullish,of 35 ratings,$80
ESIO,$4.21,1440620169007,"170,455",50% bullish,of 2 ratings,$10
EFII,$43.15,1440620169082,"277,754",80% bullish,of 5 ratings,$55
ELSE,$3.85,1440620169109,309,60% bullish,of 5 ratings,N/A
ELEC,NULL,1440620169239,0,Not yet rated,NULL,N/A
ELECU,$10.02,1440620169266,"2,867",Not yet rated,NULL,N/A
ELECW,NULL,1440620169448,0,Not yet rated,NULL,N/A
EBIO,$3.23,1440620169501,"424,066",100% bearish,of 2 ratings,$8.35
RDEN,$10.5,1440620169533,"89,442",100% bearish,of 4 ratings,$15
CAPX,$22.0116,1440620169562,100,Not yet rated,NULL,N/A
LONG,$16.82,1440620169666,"84,029",67% bullish,of 3 ratings,$15.75
ESBK,$19.51,1440620169695,"3,000",Not yet rated,NULL,N/A
ELTK,$1.16,1440620169754,"39,333",67% bearish,of 3 ratings,N/A
EMCI,$22.295,1440620169795,"20,388",Not yet rated,NULL,N/A
EMKR,$6.9,1440620169922,"181,295",75% bullish,of 4 ratings,$8.50
EMCF,NULL,1440620169963,0,100% bearish,of 1 rating,N/A
NYNY,$4.19,1440620170110,"58,919",50% bullish,of 2 ratings,N/A
EMMSP,$3,1440620170167,"5,998",100% bearish,of 1 rating,N/A
EMMS,$1.11,1440620170271,"57,980",67% bullish,of 6 ratings,N/A
ERS,$2.8,1440620170340,"7,800",Not yet rated,NULL,N/A
ENTA,$41.39,1440620170372,"172,626",50% bullish,of 2 ratings,$42
ECPG,$38.84,1440620170471,"125,242",100% bullish,of 2 ratings,$52
WIRE,$30.8,1440620170497,"60,017",100% bearish,of 1 rating,$37
ENDP,$76.38,1440620170548,"1,336,311",50% bullish,of 6 ratings,$104
ECYT,$5.05,1440620170640,"253,892",83% bullish,of 6 ratings,$12
ELGX,$12.62,1440620170745,"517,225",75% bullish,of 4 ratings,$17
WATT,$6.21,1440620170774,"157,074",50% bullish,of 2 ratings,$13
EFOI,$18.6,1440620170805,"928,390",50% bullish,of 2 ratings,$20.50
EIGI,$15.2,1440620170836,"716,313",67% bearish,of 3 ratings,$22.50
ERII,$2.67,1440620170937,"65,403",80% bullish,of 5 ratings,$2.50
EXXI,$1.46,1440620171082,"1,018,081",86% bullish,of 7 ratings,$3.50
ENOC,$8.3,1440620171107,"151,769",75% bullish,of 4 ratings,$18
ENG,$0.98,1440620171286,"46,750",100% bullish,of 3 ratings,N/A
ESGR,$144.86,1440620171413,"39,801",100% bearish,of 1 rating,$185
ENTL,$21.83,1440620171481,"21,492",Not yet rated,NULL,$28
ENTG,$13.47,1440620171540,"482,411",100% bearish,of 1 rating,$18
ENPH,$4.48,1440620171561,"501,807",75% bullish,of 4 ratings,$11
ETRM,$0.249,1440620171592,"630,704",69% bearish,of 35 ratings,$1.625
ENFC,$17.83,1440620171613,928,Not yet rated,NULL,N/A
EBTC,$21.25,1440620171644,"6,493",Not yet rated,NULL,N/A
EFSC,$23.415,1440620171779,"54,268",Not yet rated,NULL,$27
EGT,$2.09,1440620171911,986,100% bullish,of 1 rating,N/A
ENVI,$1.86,1440620171937,"13,856",67% bullish,of 3 ratings,N/A
ENZY,$9.06,1440620171969,"7,267",67% bullish,of 3 ratings,$9.50
ENZN,$0.97,1440620172068,"304,733",100% bullish,of 9 ratings,N/A
EPZM,$17.52,1440620172298,"217,579",60% bullish,of 5 ratings,$34
EPRS,$4.75,1440620172325,"68,302",82% bullish,of 11 ratings,$15
EQIX,$260.8,1440620172346,"492,432",75% bullish,of 4 ratings,$312.50
EQFN,NULL,1440620172378,0,100% bearish,of 1 rating,N/A
EPIQ,$13.22,1440620172400,"73,572",100% bearish,of 1 rating,$18
PLUS,$75.82,1440620172431,"43,400",50% bullish,of 2 ratings,$88
ERIC,$9.7,1440620172560,"2,532,359",67% bullish,of 9 ratings,$12.20
EAC,$3.14,1440620172598,"9,802",100% bearish,of 1 rating,$8
ESCA,$17.04,1440620172691,"13,140",100% bearish,of 1 rating,$22
ERIE,$81.92,1440620172720,"17,926",Not yet rated,NULL,$73
ESCR,$0.17,1440620172818,"5,478",50% bullish,of 2 ratings,N/A
ESCRP,$1.19,1440620172979,"7,202",100% bearish,of 1 rating,N/A
ESND,$33.64,1440620173310,"91,770",100% bearish,of 2 ratings,$40
ESMC,$1.3,1440620173342,200,Not yet rated,NULL,N/A
ESSA,$12.71,1440620173389,"6,470",100% bearish,of 1 rating,N/A
ESSX,$0.3801,1440620173411,"25,826",50% bullish,of 2 ratings,N/A
ETSY,$13.04,1440620173449,"348,026",80% bullish,of 5 ratings,$16
ESPR,$52.85,1440620173470,"680,093",70% bearish,of 10 ratings,$123
EPIX,$4.85,1440620173502,"2,140",Not yet rated,NULL,N/A
CLWT,$2.56,1440620173536,500,100% bearish,of 1 rating,N/A
EEFT,$64.22,1440620173738,"255,809",100% bearish,of 1 rating,$67.50
ESEA,$5.69,1440620173807,400,100% bullish,of 1 rating,$15
EVEP,$7.07,1440620173839,"431,109",50% bullish,of 2 ratings,$15
EVK,$3.63,1440620173883,"4,850",75% bearish,of 4 ratings,N/A
EVOK,$3.9,1440620174093,"58,894",100% bearish,of 1 rating,$13.375
EVLV,$2.23,1440620174123,"195,488",60% bullish,of 5 ratings,$6.50
EXA,$11.01,1440620174161,"20,773",100% bearish,of 1 rating,$13
EVOL,$6.07,1440620174257,"10,668",75% bullish,of 4 ratings,$10
EXEL,$5.64,1440620174282,"3,757,990",81% bullish,of 16 ratings,$6
EXAC,$18.15,1440620174335,"25,297",100% bearish,of 1 rating,$22.50
EXAS,$21.06,1440620174467,"770,339",78% bullish,of 9 ratings,$31
EXFO,$2.65,1440620174536,"5,000",67% bearish,of 3 ratings,$3.95
EXLS,$35.66,1440620174562,"73,187",50% bullish,of 2 ratings,$41
EXPE,$115.24,1440620174599,"1,099,297",64% bullish,of 11 ratings,$130
EXPD,$48.94,1440620174640,"1,470,111",80% bullish,of 5 ratings,$52
EXPO,$42.09,1440620174768,"76,373",100% bearish,of 1 rating,$45.50
EXLP,$18.6281,1440620175007,"263,853",100% bearish,of 1 rating,$25
EYEGW,NULL,1440620175035,0,Not yet rated,NULL,N/A
EXTR,$2.68,1440620175056,"486,979",80% bullish,of 5 ratings,$3
ESRX,$84.1,1440620175077,"5,059,814",67% bearish,of 6 ratings,$101
EYEG,$3.74,1440620175211,"34,173",Not yet rated,NULL,N/A
EZCH,$20.6228,1440620175239,"79,189",75% bullish,of 8 ratings,$19.50
EZPW,$5.78,1440620175268,"366,643",50% bullish,of 4 ratings,$7.50
FB,$87.17,1440620175404,"28,141,224",73% bullish,of 1066 ratings,$111
FFIV,$122.45,1440620175435,"710,602",63% bullish,of 8 ratings,$132
FRP,$15.52,1440620175536,"140,807",100% bearish,of 1 rating,$18
FCS,$13.3,1440620175596,"599,102",67% bearish,of 3 ratings,$17
FWM,$2.4,1440620175778,"87,947",100% bearish,of 2 ratings,$3.20
FALC,$1.59,1440620175804,"25,982",63% bearish,of 8 ratings,N/A
FFKT,$26.01,1440620175977,"11,875",Not yet rated,NULL,$29
FARM,$21.91,1440620176038,"26,016",100% bearish,of 1 rating,$35
DAVE,$14.34,1440620176078,"10,517",100% bearish,of 1 rating,$15.50
FARO,$37.56,1440620176106,"66,952",50% bullish,of 2 ratings,$48
FAST,$38.08,1440620176132,"2,019,940",80% bullish,of 5 ratings,$45.50
FMNB,$8.03,1440620176156,"2,736",Not yet rated,NULL,N/A
FATE,$6.61,1440620176291,"42,384",50% bullish,of 2 ratings,$11
FBSS,$15.5,1440620176423,409,Not yet rated,NULL,N/A
FEIC,$73.99,1440620176605,"232,068",50% bullish,of 2 ratings,$95.50
FDML,$8.29,1440620176631,"231,284",50% bullish,of 4 ratings,$14
FNHC,$21.7381,1440620176679,"114,399",100% bearish,of 1 rating,$35
FBRC,$22.04,1440620176710,"22,764",100% bearish,of 1 rating,$29
FENX,$9.51,1440620176779,"82,337",100% bullish,of 1 rating,$14.25
FHCO,$1.32,1440620176805,"29,680",50% bullish,of 4 ratings,N/A
FCSC,$5.43,1440620177034,"125,530",100% bearish,of 1 rating,$8.125
ONEQ,$184.87,1440620177082,"33,020",100% bullish,of 1 rating,N/A
FGEN,$23.04,1440620177109,"166,992",100% bearish,of 1 rating,$39
LION,$18.5245,1440620177273,"92,363",100% bullish,of 1 rating,$20
FDUS,$14.15,1440620177301,"45,548",50% bullish,of 2 ratings,$18
FSAM,$8.35,1440620177352,"19,623",100% bearish,of 1 rating,$10.25
FSC,$6.21,1440620177382,"743,601",60% bullish,of 5 ratings,$8
FRGI,$51.26,1440620177403,"112,361",50% bullish,of 2 ratings,$70
FSCFL,$24.11,1440620177671,"5,070",Not yet rated,NULL,N/A
FSFR,$8.73,1440620177722,"72,715",100% bearish,of 1 rating,$11.50
FITB,$19.19,1440620177801,"9,057,265",54% bullish,of 13 ratings,$22
FISI,$24.29,1440620177880,"19,542",100% bullish,of 2 ratings,$24.50
FITBI,$27.51,1440620177906,"9,896",Not yet rated,NULL,N/A
FNGN,$31.86,1440620177927,"410,030",67% bullish,of 3 ratings,$47
FNSR,$15.415,1440620177958,"1,014,981",71% bullish,of 7 ratings,$24.50
FNTCU,$10.15,1440620178089,20,Not yet rated,NULL,N/A
FNTC,NULL,1440620178169,0,Not yet rated,NULL,N/A
FNTCW,NULL,1440620178460,0,Not yet rated,NULL,N/A
FEYE,$38,1440620178485,"2,889,437",87% bullish,of 15 ratings,$55.50
FRBA,$6.05,1440620178515,"11,000",Not yet rated,NULL,$8
FNLC,$18.68,1440620178536,"15,503",100% bullish,of 1 rating,N/A
FBNC,$16.87,1440620178572,"15,368",100% bullish,of 1 rating,$20
FNJN,$1.6,1440620178593,"21,109",100% bearish,of 1 rating,$5
BUSE,$6.33,1440620178688,"65,679",Not yet rated,NULL,$6.875
FBIZ,$44.2,1440620178919,"42,805",100% bearish,of 2 ratings,$52
FCVA,$4.6,1440620178956,"1,345",Not yet rated,NULL,N/A
FCFS,$39.15,1440620178980,"232,348",100% bearish,of 3 ratings,$48
FCAP,$27.02,1440620179010,404,Not yet rated,NULL,N/A
FCNCA,$234.56,1440620179117,"8,009",Not yet rated,NULL,N/A
FCLF,$9.07,1440620179143,600,Not yet rated,NULL,N/A
FCBC,$17.42,1440620179274,"34,595",Not yet rated,NULL,$18
FBNK,$16.75,1440620179304,"35,648",100% bearish,of 1 rating,$17.50
FCFP,$6.9,1440620179404,402,Not yet rated,NULL,N/A
FDEF,$36.895,1440620179489,"25,338",Not yet rated,NULL,$38
FCCO,$11.95,1440620179522,"2,304",Not yet rated,NULL,$13.25
FFNM,$6.38,1440620179547,205,Not yet rated,NULL,N/A
FFBC,$18.05,1440620179573,"222,553",67% bearish,of 3 ratings,$20.25
FFBCW,NULL,1440620179708,0,100% bearish,of 1 rating,N/A
FFIN,$30.34,1440620179735,"143,757",50% bullish,of 2 ratings,$31.75
THFF,$33.12,1440620179910,"17,457",Not yet rated,NULL,$35
FFNW,$11.88,1440620180000,"22,493",Not yet rated,NULL,$14
INBK,$29.66,1440620180058,"7,885",50% bullish,of 2 ratings,$37
FFWM,$20.48,1440620180145,"21,268",Not yet rated,NULL,$24
FRME,$25.58,1440620180231,"137,170",Not yet rated,NULL,$26.50
FNBC,$34.14,1440620180256,"63,794",Not yet rated,NULL,$40
FMBI,$17.25,1440620180283,"229,707",Not yet rated,NULL,$20
FIBK,$26.135,1440620180319,"100,289",Not yet rated,NULL,$32
FNFG,$8.85,1440620180417,"2,847,232",80% bullish,of 5 ratings,$9
FMBH,$21.56,1440620180443,174,Not yet rated,NULL,N/A
FNWB,$11.85,1440620180587,"21,898",Not yet rated,NULL,N/A
FSGI,$2.45,1440620180719,"15,668",Not yet rated,NULL,N/A
FSFG,$30.03,1440620180748,980,Not yet rated,NULL,N/A
FSLR,$46.09,1440620180769,"1,199,837",74% bullish,of 39 ratings,$65
BICK,$18.78,1440620180899,300,100% bullish,of 1 rating,N/A
FCAN,$22.9399,1440620181067,225,Not yet rated,NULL,N/A
FSBK,$7.58,1440620181095,"4,964",100% bullish,of 1 rating,N/A
FV,$23.04,1440620181122,"3,423,148",100% bearish,of 1 rating,N/A
FCA,$18.82,1440620181270,"4,557",Not yet rated,NULL,N/A
FTCS,$36,1440620181300,"15,817",100% bearish,of 1 rating,N/A
FBZ,$9.74,1440620181321,400,Not yet rated,NULL,N/A
IFV,$17.66,1440620181354,"780,250",100% bearish,of 1 rating,N/A
FTSM,$59.89,1440620181451,"11,391",100% bearish,of 1 rating,N/A
FEUZ,$31.2,1440620181523,"11,010",Not yet rated,NULL,N/A
TDIV,$24.21,1440620181666,"270,562",100% bearish,of 1 rating,N/A
FEMB,$41.88,1440620181695,36,Not yet rated,NULL,N/A
MDIV,$18.89,1440620181798,"283,690",Not yet rated,NULL,N/A
FGM,$35.73,1440620181868,"42,376",Not yet rated,NULL,N/A
FTHI,$18.78,1440620182002,"10,900",Not yet rated,NULL,N/A
FTGC,$21.66,1440620182032,"22,287",Not yet rated,NULL,N/A
HYLS,$48.94,1440620182053,"36,704",100% bearish,of 1 rating,N/A
FHK,$32.53,1440620182086,"56,942",Not yet rated,NULL,N/A
YDIV,$16,1440620182112,"2,817",Not yet rated,NULL,N/A
FPXI,NULL,1440620182218,0,Not yet rated,NULL,N/A
CU,$12.27,1440620182326,"7,676",100% bearish,of 1 rating,N/A
SKYY,$29.08,1440620182406,"63,510",100% bullish,of 1 rating,N/A
FJP,$46.52,1440620182494,"58,147",Not yet rated,NULL,N/A
PLTM,$6.14,1440620182521,"7,391",100% bearish,of 1 rating,N/A
FTLB,$18.9859,1440620182651,"14,350",100% bearish,of 1 rating,N/A
FMB,$51.04,1440620182797,450,Not yet rated,NULL,N/A
LMBS,$50.1,1440620182855,244,Not yet rated,NULL,N/A
FONE,$33.7899,1440620182927,100,Not yet rated,NULL,N/A
GRID,NULL,1440620182956,0,100% bearish,of 1 rating,N/A
QABA,$36.36,1440620183004,"11,496",100% bearish,of 1 rating,N/A
CARZ,$34.42,1440620183031,"8,324",100% bearish,of 1 rating,N/A
CIBR,$17.84,1440620183063,"97,767",Not yet rated,NULL,N/A
RDVY,$20.44,1440620183165,"11,098",Not yet rated,NULL,N/A
QCLN,$14.43,1440620183354,"20,894",Not yet rated,NULL,N/A
QQXT,$39.81,1440620183379,"39,437",Not yet rated,NULL,N/A
QTEC,$39.11,1440620183407,"148,578",Not yet rated,NULL,N/A
QQEW,$41.01,1440620183432,"126,951",Not yet rated,NULL,N/A
QINC,$19.83,1440620183697,"6,431",Not yet rated,NULL,N/A
AIRR,$15.66,1440620183791,"2,408",100% bearish,of 1 rating,N/A
FKO,$22.59,1440620183838,600,Not yet rated,NULL,N/A
FTSL,$48.48,1440620183975,"84,886",100% bearish,of 1 rating,N/A
FDIV,$46.42,1440620184000,934,100% bearish,of 1 rating,N/A
FSZ,$39.2,1440620184021,"51,910",Not yet rated,NULL,N/A
FTW,NULL,1440620184056,0,Not yet rated,NULL,N/A
TUSA,$24.4,1440620184077,"10,278",Not yet rated,NULL,N/A
FKU,$41.38,1440620184241,"47,137",Not yet rated,NULL,N/A
FUNC,$8.15,1440620184280,730,Not yet rated,NULL,N/A
FSV,$31.24,1440620184512,"20,062",Not yet rated,NULL,$33.60
FMER,$17.61,1440620184539,"1,302,180",50% bullish,of 2 ratings,$20
SVVC,$9.32,1440620184568,"10,466",50% bullish,of 2 ratings,$26
FISV,$84.63,1440620184669,"1,540,481",100% bearish,of 3 ratings,$90
FLKS,$12.32,1440620184764,"44,749",50% bullish,of 2 ratings,$27
FIVN,$4.05,1440620184822,"154,833",100% bullish,of 1 rating,$8.50
FPRX,$18.2063,1440620184849,"340,674",50% bullish,of 2 ratings,$35
FIVE,$36.16,1440620184870,"576,363",75% bearish,of 4 ratings,$44
FLXN,$23.2777,1440620184922,"64,980",100% bearish,of 1 rating,$40
FLML,$21.69,1440620184999,"125,423",50% bullish,of 2 ratings,$30
MBSD,$24.9,1440620185095,"1,000",Not yet rated,NULL,N/A
FLXS,$30.9863,1440620185233,"17,963",100% bearish,of 2 ratings,N/A
SKOR,$50.2,1440620185258,200,Not yet rated,NULL,N/A
FLEX,$10.1371,1440620185338,"2,166,624",63% bullish,of 8 ratings,$12
FLIR,$27.63,1440620185484,"858,149",100% bearish,of 1 rating,$38.50
FOMX,$9.67,1440620185527,"92,570",50% bullish,of 2 ratings,$23.50
FLDM,$11.75,1440620185556,"318,044",67% bearish,of 3 ratings,$21.50
FFIC,$19.91,1440620185627,"113,997",Not yet rated,NULL,$21
FOGO,$18.15,1440620185658,"35,414",50% bullish,of 2 ratings,$25.50
FES,$0.93,1440620185759,"30,680",50% bullish,of 2 ratings,$1
FONR,$9.62,1440620185809,"34,439",100% bullish,of 1 rating,N/A
FORM,$6.18,1440620185892,"231,043",67% bullish,of 3 ratings,$10.50
FTNT,$42.54,1440620185956,"885,300",80% bullish,of 10 ratings,$52
FORR,$31.63,1440620185982,"37,610",Not yet rated,NULL,N/A
FORTY,$30,1440620186003,847,100% bearish,of 1 rating,N/A
FBIO,$2.46,1440620186226,"81,054",83% bullish,of 6 ratings,N/A
FWRD,$44.99,1440620186259,"132,454",100% bearish,of 1 rating,$50
FWP,$25.73,1440620186362,"70,849",100% bearish,of 1 rating,$45
FORD,$1.88,1440620186388,"9,897,648",67% bullish,of 3 ratings,N/A
FMI,$21.0936,1440620186417,"178,080",100% bearish,of 2 ratings,$27.50
FXCB,$17.06,1440620186444,"14,722",Not yet rated,NULL,$19
FOSL,$58.56,1440620186469,"736,013",60% bearish,of 5 ratings,$80
FRED,$12.9,1440620186792,"186,880",50% bullish,of 2 ratings,$16.50
FOXF,$15.35,1440620186856,"61,841",100% bearish,of 1 rating,$19
FRAN,$10.835,1440620186927,"559,098",50% bullish,of 4 ratings,$15
FRPT,$12.38,1440620186960,"277,499",67% bearish,of 3 ratings,$23.50
RAIL,$19.5,1440620186982,"91,234",100% bearish,of 1 rating,$24.50
FTR,$4.84,1440620187003,"18,956,186",78% bullish,of 27 ratings,$6.25
FELE,$28.03,1440620187045,"131,674",50% bullish,of 4 ratings,$33
FREE,$0.352,1440620187138,"245,672",92% bullish,of 12 ratings,N/A
FEIM,$10.75,1440620187205,"5,202",100% bearish,of 1 rating,N/A
FRPH,$30.65,1440620187386,"6,201",100% bearish,of 1 rating,N/A
FTRPR,$97.27,1440620187411,"59,476",100% bearish,of 1 rating,N/A
FSBW,$23.18,1440620187605,"1,438",Not yet rated,NULL,N/A
FULLL,$25.15,1440620187656,372,Not yet rated,NULL,N/A
FCEL,$0.7261,1440620187687,"696,405",88% bullish,of 41 ratings,$2.65
FTD,$29.41,1440620187719,"74,309",100% bearish,of 1 rating,$40
FSYS,$6.17,1440620187785,"29,616",67% bullish,of 3 ratings,$10
FULL,$3.07,1440620187813,"17,601",67% bearish,of 3 ratings,$4.25
FTEK,$2.03,1440620187882,"64,548",75% bullish,of 4 ratings,N/A
FLL,$1.48,1440620187943,"22,759",75% bullish,of 4 ratings,$3.50
FSNN,$2.23,1440620188109,"14,000",67% bullish,of 3 ratings,$6
FULT,$11.94,1440620188135,"776,573",100% bearish,of 1 rating,$13
FFHL,$0.883,1440620188157,"1,100",50% bullish,of 4 ratings,N/A
FXEN,$0.81,1440620188291,"58,703",75% bullish,of 4 ratings,$1.10
GK,$67.67,1440620188374,"79,209",Not yet rated,NULL,$78
FXENP,$15.82,1440620188448,860,100% bearish,of 1 rating,N/A
GALT,$1.86,1440620188507,"90,387",80% bullish,of 5 ratings,N/A
WILC,$4.8,1440620188539,"8,011",100% bullish,of 2 ratings,N/A
GAIA,$5.85,1440620188560,"11,049",50% bullish,of 2 ratings,$8.50
GALE,$1.49,1440620188793,"1,620,019",89% bullish,of 47 ratings,$4
GALTU,NULL,1440620188824,0,100% bearish,of 1 rating,N/A
GLPG,$61.16,1440620188865,"47,170",100% bullish,of 1 rating,$75
GALTW,NULL,1440620188892,0,100% bullish,of 1 rating,N/A
GLMD,$8.86,1440620188970,"57,273",67% bullish,of 3 ratings,$20.50
GLPI,$31.39,1440620189110,"504,233",100% bearish,of 1 rating,$37.50
GPIC,$9.79,1440620189135,471,100% bearish,of 1 rating,N/A
GGACR,$0.2,1440620189269,"60,100",100% bullish,of 1 rating,N/A
GRMN,$37.72,1440620189346,"922,716",50% bullish,of 6 ratings,$46.50
GGAC,$9.85,1440620189371,378,100% bearish,of 1 rating,N/A
GGACU,$10.02,1440620189423,"1,744",Not yet rated,NULL,N/A
GGACW,$0.11,1440620189506,"18,010",Not yet rated,NULL,N/A
GFN,$3.45,1440620189608,"20,300",100% bearish,of 2 ratings,$8
GARS,$14.05,1440620189635,"28,260",Not yet rated,NULL,$16
GENC,$9.21,1440620189668,654,100% bearish,of 1 rating,N/A
GNCMA,$16.78,1440620189711,"148,428",100% bearish,of 1 rating,$12
GFNCP,$94.18,1440620189815,700,Not yet rated,NULL,N/A
GFNSL,$25.66,1440620189947,"1,935",Not yet rated,NULL,N/A
GENE,$2.04,1440620189975,"185,394",100% bullish,of 12 ratings,N/A
GNMK,$9.46,1440620190054,"163,684",67% bullish,of 6 ratings,$14
GNCA,$12.2965,1440620190180,"106,376",100% bearish,of 1 rating,$20
GHDX,$25.1202,1440620190234,"148,936",50% bullish,of 2 ratings,$30
GNTX,$15.27,1440620190280,"1,767,237",Not yet rated,NULL,$20
GNVC,$2.39,1440620190376,"19,008",90% bullish,of 10 ratings,$8.50
THRM,$42.87,1440620190406,"378,242",75% bearish,of 4 ratings,$55.50
GTWN,NULL,1440620190431,0,Not yet rated,NULL,N/A
GEOS,$14.14,1440620190574,"110,098",100% bearish,of 3 ratings,$21
GABC,$28.83,1440620190671,"17,205",Not yet rated,NULL,$31
GEVO,$2.2,1440620190702,"514,637",75% bullish,of 12 ratings,$5
GERN,$3.05,1440620190729,"1,914,131",88% bullish,of 16 ratings,$5.25
ROCK,$16.37,1440620190770,"93,465",80% bullish,of 5 ratings,$24
GIGM,$0.5651,1440620190870,"9,100",100% bullish,of 2 ratings,N/A
GIGA,$1.44,1440620190898,"9,068",100% bearish,of 1 rating,N/A
GIII,$65.65,1440620191023,"166,474",67% bullish,of 3 ratings,$75
GBCI,$25.11,1440620191124,"362,072",50% bullish,of 2 ratings,$31
GILD,$106.8,1440620191164,"10,129,784",91% bullish,of 87 ratings,$129
GILT,$4.26,1440620191194,"7,561",50% bullish,of 2 ratings,N/A
GLAD,$8.235,1440620191224,"126,242",50% bullish,of 2 ratings,$8.75
GLADO,$25.49,1440620191302,"6,175",Not yet rated,NULL,N/A
GOOD,$14.24,1440620191364,"111,680",Not yet rated,NULL,$19
GOODN,$25.27,1440620191550,600,Not yet rated,NULL,N/A
GOODO,$25,1440620191619,582,Not yet rated,NULL,N/A
GAIN,$7.3,1440620191686,"166,118",100% bullish,of 2 ratings,$8.25
GOODP,$25.25,1440620191720,30,Not yet rated,NULL,N/A
GAINO,$25.21,1440620191818,"4,708",Not yet rated,NULL,N/A
GAINN,$25.15,1440620191858,"20,189",Not yet rated,NULL,N/A
GAINP,$25.63,1440620191903,"2,814",Not yet rated,NULL,N/A
LAND,$9.555,1440620191960,"19,432",50% bullish,of 2 ratings,$13.75
GLBZ,$12.05,1440620192061,899,Not yet rated,NULL,N/A
GBT,$40.75,1440620192143,"167,788",100% bearish,of 1 rating,N/A
ENT,$11.0638,1440620192193,"612,108",100% bearish,of 1 rating,$18
GDEF,NULL,1440620192281,0,Not yet rated,NULL,N/A
GBLI,$26.72,1440620192323,"9,796",Not yet rated,NULL,N/A
GPACU,$9.98,1440620192455,3,Not yet rated,NULL,N/A
GSOL,$8.13,1440620192515,"20,477",100% bearish,of 1 rating,N/A
ACTX,$12.83,1440620192647,102,100% bullish,of 1 rating,N/A
QQQC,$18.42,1440620192676,"4,690",100% bearish,of 1 rating,N/A
ALTY,$14.218,1440620192779,180,Not yet rated,NULL,N/A
SOCL,$17.11,1440620192805,"48,160",100% bullish,of 2 ratings,N/A
SRET,NULL,1440620192839,0,Not yet rated,NULL,N/A
YLCO,NULL,1440620192937,0,Not yet rated,NULL,N/A
GBIM,$2.1,1440620192966,"20,003",50% bullish,of 2 ratings,N/A
GAI,$5.81,1440620193011,"1,346",50% bullish,of 2 ratings,N/A
GSM,$12.54,1440620193149,"547,207",50% bullish,of 2 ratings,$23
GLBS,$1.13,1440620193316,"4,100",67% bullish,of 3 ratings,N/A
GLUU,$4.2,1440620193352,"1,355,846",92% bullish,of 26 ratings,$9
GLRI,$0.9,1440620193379,"26,800",100% bearish,of 1 rating,$4.25
GLYC,$6.73,1440620193434,"13,117",50% bullish,of 2 ratings,$14
GOGO,$15.4,1440620193511,"749,972",80% bullish,of 5 ratings,$25
GLNG,$33.8138,1440620193586,"626,380",83% bullish,of 6 ratings,$58
GLDC,$3.96,1440620193645,"1,180",50% bullish,of 2 ratings,N/A
GMLP,$17.25,1440620193742,"171,174",50% bullish,of 4 ratings,$32.50
GOGL,$2.57,1440620193772,"302,712",75% bullish,of 4 ratings,$5
GDEN,$9.05,1440620193844,"21,943",50% bullish,of 2 ratings,N/A
GBDC,$16.48,1440620193906,"152,632",Not yet rated,NULL,$17.75
GOOGL,$659.05,1440620193940,"2,262,843",88% bullish,of 1080 ratings,$749
GTIM,$6.36,1440620193990,"31,154",Not yet rated,NULL,$11.50
GOOG,$628.62,1440620194037,"2,113,641",89% bullish,of 70 ratings,$825
GPRO,$46.11,1440620194210,"7,618,080",78% bullish,of 58 ratings,$72
GMAN,$4.11,1440620194340,"88,751",60% bullish,of 5 ratings,$8.50
GPIAU,NULL,1440620194469,0,Not yet rated,NULL,N/A
LOPE,$36.49,1440620194522,"148,529",100% bearish,of 2 ratings,$50
GPIAW,NULL,1440620194548,0,Not yet rated,NULL,N/A
GPIA,NULL,1440620194569,0,Not yet rated,NULL,N/A
GBSN,$0.36,1440620194606,"6,871,419",100% bearish,of 1 rating,$8.25
GRVY,$3.25,1440620194632,"1,075",50% bullish,of 2 ratings,N/A
GBSNU,NULL,1440620194713,0,NULL,NULL,NULL
GSBC,$38.575,1440620194781,"20,744",100% bullish,of 1 rating,$44
GPP,$13.2,1440620194997,"63,840",Not yet rated,NULL,$20.50
GRBK,$12.38,1440620195027,"168,292",77% bullish,of 13 ratings,N/A
GLDD,$5.29,1440620195052,"205,434",100% bearish,of 4 ratings,$7.75
GNBC,$11.44,1440620195091,"17,415",100% bearish,of 1 rating,$16.50
GPRE,$18.19,1440620195127,"432,900",67% bullish,of 6 ratings,$28.50
GRIF,$28.2,1440620195292,434,100% bearish,of 1 rating,N/A
GCBC,$28.5,1440620195372,28,100% bullish,of 1 rating,N/A
GRPN,$4.27,1440620195403,"8,938,460",61% bullish,of 71 ratings,$6.75
GGAL,$18.57,1440620195450,"186,951",80% bullish,of 5 ratings,$40
GLRE,$23.74,1440620195501,"180,523",50% bullish,of 2 ratings,$41
GRFS,$30.467,1440620195586,"160,337",50% bullish,of 2 ratings,$35
GSIG,$12.87,1440620195615,"67,381",100% bearish,of 2 ratings,N/A
OMAB,$38.74,1440620195643,"29,220",100% bullish,of 1 rating,$44
GSIT,$4.65,1440620195750,"6,253",100% bearish,of 1 rating,N/A
GSVC,$8.66,1440620195885,"74,164",50% bullish,of 2 ratings,$14.50
GTXI,$0.818,1440620195970,"27,180",100% bullish,of 5 ratings,$.75
GBNK,$15.65,1440620196014,"20,048",100% bearish,of 1 rating,$18
GUID,$6.93,1440620196115,"106,251",100% bearish,of 3 ratings,$10
GFED,$14.6,1440620196146,614,Not yet rated,NULL,$17
GULTU,$0.2901,1440620196252,"65,390",100% bearish,of 1 rating,N/A
GURE,$1.59,1440620196288,"30,220",88% bullish,of 8 ratings,N/A
GPOR,$32.86,1440620196333,"1,267,286",75% bullish,of 4 ratings,$55
GIFI,$11.23,1440620196393,"40,521",100% bearish,of 1 rating,$16
GWGH,$7.25,1440620196423,"1,600",100% bearish,of 1 rating,$15.05
GWPH,$103.65,1440620196491,"119,817",78% bullish,of 9 ratings,$148.50
GYRO,NULL,1440620196551,0,100% bearish,of 1 rating,N/A
HEES,$17.09,1440620196655,"339,049",67% bearish,of 3 ratings,$31
HNRG,$7.49,1440620196680,"116,950",100% bearish,of 1 rating,$10
HLG,NULL,1440620196811,0,100% bearish,of 1 rating,N/A
HALL,$11.15,1440620196943,"21,984",Not yet rated,NULL,N/A
HALO,$17.46,1440620196996,"949,940",67% bullish,of 3 ratings,$22.50
HBHC,$26.39,1440620197100,"332,345",50% bullish,of 2 ratings,$30
HBK,$13.74,1440620197125,504,50% bullish,of 2 ratings,N/A
HBHCL,$24.33,1440620197182,"28,183",Not yet rated,NULL,N/A
HNH,$25.985,1440620197405,"8,482",100% bullish,of 1 rating,N/A
HMPR,$1.85,1440620197433,"50,107",100% bullish,of 1 rating,N/A
HAFC,$23.8,1440620197454,"134,421",100% bullish,of 2 ratings,$28.50
HNSN,$0.51,1440620197591,"48,574",88% bullish,of 8 ratings,$.40
HDNG,$9.6,1440620197637,"15,379",50% bullish,of 4 ratings,N/A
HLIT,$5.61,1440620197730,"285,247",100% bearish,of 1 rating,$6.50
HQCL,$11.8,1440620197830,"56,752",67% bullish,of 3 ratings,$14
HRMN,NULL,1440620197916,0,Not yet rated,NULL,N/A
HRMNU,NULL,1440620198049,0,Not yet rated,NULL,N/A
HRMNW,NULL,1440620198080,0,Not yet rated,NULL,N/A
TINY,$2.48,1440620198101,"11,319",50% bullish,of 2 ratings,$5.26
HART,$0.88,1440620198229,"97,940",100% bearish,of 1 rating,N/A
HCAP,$12.07,1440620198255,"5,084",50% bullish,of 2 ratings,$15
HBIO,$4.56,1440620198329,"79,032",Not yet rated,NULL,$10
HCAPL,$25.2,1440620198418,"4,214",Not yet rated,NULL,N/A
HAS,$72.79,1440620198444,"1,231,548",63% bullish,of 8 ratings,$84.50
HA,$22.79,1440620198512,"437,212",67% bullish,of 9 ratings,$27
HCOM,$22,1440620198586,"18,450",100% bearish,of 1 rating,$28
HWKN,$35.88,1440620198719,"21,250",Not yet rated,NULL,N/A
HDS,$31.4472,1440620198875,"2,454,172",100% bearish,of 2 ratings,$39.50
HWBK,$13.5001,1440620198900,200,100% bearish,of 1 rating,N/A
HIIQ,$4.35,1440620198928,"18,388",50% bullish,of 2 ratings,$7
HQY,$28.69,1440620198956,"117,321",67% bullish,of 3 ratings,$31
HAYN,$36.37,1440620198981,"41,173",100% bearish,of 1 rating,$59
HCSG,$33.3,1440620199015,"221,244",50% bullish,of 4 ratings,$35
HSTM,$24.44,1440620199118,"55,322",50% bullish,of 2 ratings,$33.75
HWAY,$11.99,1440620199319,"238,413",100% bearish,of 1 rating,$15
HTLF,$35.11,1440620199355,"29,098",100% bullish,of 1 rating,$39.50
HTLD,$20.45,1440620199487,"372,433",Not yet rated,NULL,$22.50
HTWR,$80.9123,1440620199517,"133,409",50% bullish,of 2 ratings,$103
HTBX,$5.01,1440620199538,"19,016",50% bullish,of 2 ratings,$15.50
HSII,$19.85,1440620199567,"83,238",100% bullish,of 3 ratings,$25
HMNY,$2.27,1440620199702,300,100% bearish,of 1 rating,N/A
HELE,$84.83,1440620199768,"189,975",67% bearish,of 3 ratings,$100
HMTV,$13.54,1440620199793,"55,018",100% bearish,of 1 rating,$16
HNNA,$24.51,1440620199860,"5,843",Not yet rated,NULL,N/A
HERO,NULL,1440620199925,0,NULL,NULL,NULL
HSIC,$137.27,1440620199998,"344,676",83% bullish,of 6 ratings,$146
HCACU,$9.92,1440620200027,"3,850",Not yet rated,NULL,N/A
HTBK,$10.74,1440620200102,"32,968",Not yet rated,NULL,$12
HFWA,$17.59,1440620200159,"31,014",100% bullish,of 1 rating,$20
HEOP,$7.81,1440620200285,"17,704",Not yet rated,NULL,$8.50
HCCI,$11,1440620200387,"37,523",100% bearish,of 1 rating,$16.50
MLHR,$26.81,1440620200527,"308,393",50% bullish,of 2 ratings,$33.50
HRTX,$33.4,1440620200562,"711,000",67% bullish,of 6 ratings,$41
HSKA,$34.15,1440620200592,"29,166",100% bearish,of 1 rating,$38
HIMX,$6.4,1440620200655,"700,477",86% bullish,of 21 ratings,$8.50
HFFC,$15.82,1440620200687,"2,940",Not yet rated,NULL,N/A
HPJ,$2.19,1440620200742,"20,759",75% bullish,of 4 ratings,$12.43
HIBB,$38.13,1440620200782,"330,810",100% bearish,of 1 rating,$46.50
HIHO,$3.65,1440620200843,"12,452",Not yet rated,NULL,N/A
HSGX,$5.78,1440620201002,"3,624",100% bearish,of 1 rating,$17
HMNF,$11.15,1440620201070,"2,877",Not yet rated,NULL,N/A
HIFS,$116.86,1440620201095,"2,734",Not yet rated,NULL,N/A
HOLI,$16.922,1440620201289,"225,725",50% bullish,of 4 ratings,$27
HBCP,$24.52,1440620201383,"2,465",Not yet rated,NULL,$29
HMSY,$10.04,1440620201413,"1,372,406",67% bullish,of 3 ratings,$19.35
HOMB,$37.7,1440620201440,"162,599",Not yet rated,NULL,$42
HFBL,$21.54,1440620201461,300,Not yet rated,NULL,N/A
HOLX,$38.72,1440620201483,"2,134,505",67% bullish,of 3 ratings,$42
AWAY,$28.06,1440620201615,"715,738",67% bullish,of 3 ratings,$36
HMIN,$27.05,1440620201641,"131,237",100% bearish,of 2 ratings,$35
HTBI,$18.01,1440620201875,"31,479",67% bullish,of 3 ratings,$18.625
HMST,$21.93,1440620201902,"132,883",100% bullish,of 2 ratings,$27
HKTV,$4.44,1440620201923,"24,132",100% bearish,of 1 rating,N/A
CETC,$0.698,1440620201955,"55,669",86% bullish,of 7 ratings,N/A
HOFT,$23.5,1440620202055,"28,109",100% bearish,of 1 rating,N/A
HZNP,$29.07,1440620202121,"1,359,319",85% bullish,of 20 ratings,$40
HRZN,$10.06,1440620202212,"48,276",50% bullish,of 2 ratings,$14.25
HBNC,$22.7,1440620202239,"17,889",100% bullish,of 1 rating,$27
HFBC,$11.02,1440620202266,"5,017",Not yet rated,NULL,N/A
ZINC,$7.04,1440620202369,"513,789",100% bearish,of 1 rating,$17
HDP,$23.0661,1440620202395,"352,561",67% bearish,of 3 ratings,$30.50
HMHC,$22.53,1440620202430,"1,004,761",Not yet rated,NULL,$27
HOVNP,$4.49,1440620202527,"5,400",100% bearish,of 1 rating,N/A
HWCC,$7.21,1440620202600,"41,510",100% bearish,of 1 rating,$9
HBMD,$14.25,1440620202690,700,100% bearish,of 1 rating,N/A
HSNI,$61.15,1440620202716,"189,812",Not yet rated,NULL,$80
HTGM,$5.72,1440620202860,"18,927",100% bearish,of 1 rating,$19.50
HSON,$2.58,1440620202954,"4,803",100% bearish,of 1 rating,$5
HCBK,$9.21,1440620202985,"2,711,421",83% bullish,of 6 ratings,$8.61
HUBG,$37.71,1440620203040,"156,105",100% bearish,of 1 rating,$43
HBAN,$10.58,1440620203065,"6,197,071",76% bullish,of 17 ratings,$12.29
HDSN,$3.05,1440620203095,"177,447",100% bullish,of 1 rating,$6.25
HURN,$73.53,1440620203291,"153,463",50% bullish,of 2 ratings,$80
HBANP,$1328.5,1440620203341,27,100% bearish,of 1 rating,N/A
HURC,$29.42,1440620203367,"9,249",100% bearish,of 1 rating,N/A
HBP,$3.06,1440620203434,"6,843",100% bullish,of 1 rating,N/A
HTCH,$1.45,1440620203459,"58,708",100% bearish,of 1 rating,$3.50
HDRA,NULL,1440620203525,0,Not yet rated,NULL,N/A
HDRAR,NULL,1440620203657,0,Not yet rated,NULL,N/A
HDRAW,NULL,1440620203832,0,Not yet rated,NULL,N/A
HYGS,$7.84,1440620203862,"22,409",50% bullish,of 2 ratings,$13
IDSY,$3.76,1440620203892,"80,121",100% bearish,of 1 rating,$7
HDRAU,NULL,1440620203963,0,Not yet rated,NULL,N/A
IACI,$69.72,1440620203990,"694,242",75% bullish,of 4 ratings,$90
IKGH,$1.5,1440620204020,"74,483",75% bullish,of 4 ratings,N/A
IBKC,$58.9,1440620204166,"129,016",100% bullish,of 1 rating,$70
IEP,$69.6018,1440620204239,"94,040",75% bullish,of 4 ratings,$99
ICAD,$3.4,1440620204374,"80,734",50% bullish,of 2 ratings,$7.25
ICON,$12.6,1440620204479,"786,093",50% bullish,of 2 ratings,$18.50
ICLR,$78.5399,1440620204512,"446,218",100% bearish,of 3 ratings,$85
ICUI,$118.5,1440620204659,"59,423",Not yet rated,NULL,$122
INVE,$4.27,1440620204713,"21,964",75% bullish,of 4 ratings,$4
IPWR,$7.16,1440620204743,"16,559",100% bullish,of 1 rating,$15
IDRA,$2.83,1440620204772,"973,172",89% bullish,of 9 ratings,$6.50
IDXX,$71.93,1440620204849,"277,302",100% bearish,of 1 rating,$77
DSKY,$10.88,1440620204874,"121,836",67% bullish,of 6 ratings,$11.50
IIVI,$16.96,1440620205388,"135,303",100% bearish,of 1 rating,$22
IROQ,$16.77,1440620205424,"1,635",100% bullish,of 1 rating,N/A
IKAN,$2.73,1440620205456,"40,462",83% bullish,of 6 ratings,$5
ICFI,$34.3379,1440620205486,"57,014",50% bullish,of 2 ratings,$48.50
KANG,$14.9007,1440620205508,"443,362",50% bullish,of 2 ratings,$22.55
IRG,$4.56,1440620205554,"23,851",100% bearish,of 1 rating,$4.50
RXDX,$12.7281,1440620205584,"106,554",100% bullish,of 1 rating,$20
IKNX,$11.96,1440620205654,710,100% bearish,of 1 rating,N/A
ILMN,$195.7,1440620205810,"1,938,285",80% bullish,of 5 ratings,$240
ICCC,$7.54,1440620205909,"13,143",100% bullish,of 1 rating,N/A
IMMR,$11.75,1440620205940,"96,535",80% bullish,of 5 ratings,$15.50
IMDZ,$14.7377,1440620205968,"71,249",100% bearish,of 1 rating,$33
ISNS,$3.95,1440620205989,"13,845",50% bullish,of 2 ratings,N/A
IMNP,$1.21,1440620206019,"118,881",50% bullish,of 2 ratings,$6
IMGN,$13.78,1440620206148,"798,474",75% bullish,of 4 ratings,$17.50
IMMU,$1.89,1440620206344,"552,716",86% bullish,of 7 ratings,$2
IMMY,$7.32,1440620206410,"9,404",100% bearish,of 1 rating,$11
SAAS,$7.385,1440620206438,"238,277",50% bullish,of 2 ratings,$15
IPXL,$43.43,1440620206472,"509,570",67% bullish,of 3 ratings,$46.50
INCR,$41.4573,1440620206502,"209,642",50% bullish,of 2 ratings,$53
INCY,$108.49,1440620206604,"977,861",50% bullish,of 6 ratings,$125.50
IBCP,$14.15,1440620206785,"79,159",100% bullish,of 1 rating,$14.50
INFN,$21.025,1440620206827,"1,954,422",71% bullish,of 7 ratings,$28
IDSA,$3.4,1440620206859,"5,256",Not yet rated,NULL,N/A
INDB,$44.07,1440620206889,"95,046",Not yet rated,NULL,$44
IBTX,$40.04,1440620206926,"32,103",100% bullish,of 2 ratings,$47.25
III,$3.96,1440620206991,"15,261",57% bullish,of 7 ratings,$6
INFI,$8.87,1440620207013,"419,415",50% bullish,of 4 ratings,$18
IPCC,$77.82,1440620207098,"25,912",Not yet rated,NULL,$77.50
IFON,$1.21,1440620207229,"26,171",75% bullish,of 4 ratings,N/A
IMKTA,$50.9325,1440620207359,"67,101",100% bearish,of 1 rating,N/A
INWK,$6.97,1440620207485,"141,714",50% bullish,of 2 ratings,$10
INNL,$11.8,1440620207566,"1,944",100% bearish,of 1 rating,$16.50
INOD,$2.35,1440620207592,"22,434",100% bearish,of 1 rating,N/A
IPHS,$46.64,1440620207623,"80,758",100% bearish,of 1 rating,$60
INGN,$47.04,1440620207649,"122,893",100% bearish,of 1 rating,$50.50
IOSP,$47.59,1440620207673,"253,504",100% bearish,of 1 rating,N/A
ISSC,$2.82,1440620207727,"5,961",67% bearish,of 3 ratings,N/A
ITEK,$12.04,1440620207908,"396,251",100% bearish,of 3 ratings,$20
INOV,$20.91,1440620207995,"390,878",100% bearish,of 1 rating,$33
NSIT,$25.64,1440620208024,"162,239",50% bullish,of 2 ratings,N/A
INO,$6.8,1440620208061,"775,805",89% bullish,of 18 ratings,$20
ISIG,$2.51,1440620208090,"9,900",100% bearish,of 1 rating,N/A
INSM,$24.21,1440620208223,"341,089",71% bullish,of 7 ratings,$31.50
IIIN,$17,1440620208250,"43,030",100% bearish,of 2 ratings,N/A
PODD,$29.155,1440620208550,"229,469",67% bearish,of 3 ratings,$35
IDTI,$17.885,1440620208580,"1,887,713",60% bullish,of 5 ratings,$25
INSY,$32.84,1440620208611,"467,344",75% bullish,of 4 ratings,$48
NTEC,$5.75,1440620208632,"43,099",100% bearish,of 1 rating,N/A
IART,$59.71,1440620208716,"284,265",100% bearish,of 1 rating,$71.50
IESC,$7.25,1440620208766,"2,693",100% bearish,of 1 rating,N/A
INTC,$27.3,1440620208791,"29,186,912",82% bullish,of 238 ratings,$36
IQNT,$18.8,1440620208945,"278,546",86% bullish,of 7 ratings,$20
IPCI,$2.08,1440620209053,"94,388",67% bullish,of 6 ratings,$8
ISSI,$22,1440620209082,"194,901",67% bullish,of 3 ratings,$19.75
IPAR,$26.02,1440620209118,"53,120",67% bullish,of 3 ratings,$38
ICPT,$184.97,1440620209218,"242,408",70% bullish,of 10 ratings,$359.50
IBKR,$38.18,1440620209245,"526,168",100% bullish,of 1 rating,N/A
ININ,$35.185,1440620209273,"75,824",67% bearish,of 3 ratings,$57
ICLD,$1.8,1440620209459,"173,347",75% bullish,of 4 ratings,N/A
ICLDW,NULL,1440620209486,0,100% bearish,of 1 rating,N/A
TILE,$23.71,1440620209566,"494,898",100% bearish,of 3 ratings,$27
IDCC,$48.32,1440620209615,"240,930",80% bullish,of 5 ratings,$63
IMI,$2.02,1440620209697,"102,978",67% bullish,of 3 ratings,$2.22
INAP,$7.91,1440620209784,"236,117",75% bullish,of 4 ratings,$11
IBOC,$24.92,1440620209832,"114,950",100% bearish,of 1 rating,N/A
ISCA,$30.79,1440620209924,"137,488",100% bearish,of 1 rating,N/A
IGLD,$6.92,1440620209991,"4,336",50% bullish,of 2 ratings,N/A
INPH,$0.29,1440620210058,"15,595",50% bullish,of 2 ratings,N/A
IIJI,$8.87,1440620210085,105,50% bullish,of 2 ratings,$11.50
PTNT,$2.97,1440620210111,"11,202",Not yet rated,NULL,N/A
XENT,$25.5236,1440620210240,"158,206",50% bullish,of 2 ratings,$36.50
INTX,$2.03,1440620210299,"152,536",67% bullish,of 3 ratings,N/A
ISIL,$10.27,1440620210432,"589,096",50% bullish,of 6 ratings,$15
IILG,$19.61,1440620210476,"129,427",100% bearish,of 1 rating,$29
INTL,$25.555,1440620210501,"88,170",67% bearish,of 3 ratings,N/A
IVAC,$4.61,1440620210566,"19,709",100% bearish,of 1 rating,$6.625
ITCI,$25.98,1440620210642,"406,708",75% bearish,of 4 ratings,$40
INTLL,$25.78,1440620210667,"4,025",Not yet rated,NULL,N/A
INVT,$0.272,1440620210875,"65,603",67% bullish,of 3 ratings,N/A
ISRG,$508.45,1440620210909,"193,316",67% bullish,of 3 ratings,$600
INTU,$83.29,1440620210937,"3,456,231",86% bullish,of 7 ratings,$107.50
IIN,$6.02,1440620210962,200,100% bearish,of 1 rating,$12
ISTR,$15.52,1440620211103,"7,402",100% bearish,of 1 rating,$18.50
SNAK,$8.37,1440620211131,"144,357",50% bullish,of 2 ratings,$14
ISBC,$11.57,1440620211158,"1,856,880",100% bullish,of 1 rating,$13.25
IVTY,$13.33,1440620211353,"6,722",Not yet rated,NULL,$18
ITIC,$70.26,1440620211418,"1,020",100% bearish,of 2 ratings,N/A
NVIV,$9.66,1440620211449,"167,949",50% bullish,of 4 ratings,$24.50
IPAS,$1.02,1440620211481,"3,574",67% bullish,of 3 ratings,N/A
DFVL,NULL,1440620211525,0,Not yet rated,NULL,N/A
DTUL,NULL,1440620211549,0,Not yet rated,NULL,N/A
IPCM,$79.05,1440620211717,"141,969",50% bullish,of 2 ratings,$80.125
IRMD,$25.99,1440620211745,"7,234",67% bearish,of 3 ratings,$25
IPGP,$84.77,1440620211770,"314,857",100% bearish,of 2 ratings,$109.50
IRIX,$6.71,1440620211945,"38,652",100% bearish,of 1 rating,N/A
IRDMB,$273,1440620211976,"1,046",67% bearish,of 3 ratings,N/A
IRDM,$6.91,1440620212006,"526,604",60% bullish,of 5 ratings,$11.50
IRBT,$27.81,1440620212075,"281,734",67% bullish,of 6 ratings,$37
IRWD,$11,1440620212102,"929,242",100% bearish,of 1 rating,$13
COMT,$31.29,1440620212245,"20,114",100% bearish,of 1 rating,N/A
FCHI,NULL,1440620212312,0,NULL,NULL,NULL
IRCP,NULL,1440620212343,0,100% bullish,of 2 ratings,N/A
IFNA,NULL,1440620212370,0,NULL,NULL,NULL
GNMA,$50.15,1440620212446,"3,345",Not yet rated,NULL,N/A
IFAS,NULL,1440620212473,0,NULL,NULL,NULL
IFEU,$37.95,1440620212504,"38,349",Not yet rated,NULL,N/A
IFGL,$28.32,1440620212603,"88,237",Not yet rated,NULL,N/A
ACWI,$54.3749,1440620212700,"3,873,008",Not yet rated,NULL,N/A
ACWX,$40.36,1440620212752,"1,432,836",100% bearish,of 1 rating,N/A
AAXJ,$52.36,1440620212854,"2,269,143",Not yet rated,NULL,N/A
AXJS,NULL,1440620212909,0,NULL,NULL,NULL
AAIT,NULL,1440620212951,0,NULL,NULL,NULL
EMDI,NULL,1440620213010,0,NULL,NULL,NULL
EEME,NULL,1440620213032,0,NULL,NULL,NULL
EEMA,$48.91,1440620213059,"11,167",Not yet rated,NULL,N/A
EGRW,NULL,1440620213085,0,NULL,NULL,NULL
EVAL,NULL,1440620213282,0,NULL,NULL,NULL
EEML,$26.31,1440620213340,"10,348",Not yet rated,NULL,N/A
EMEY,NULL,1440620213381,0,NULL,NULL,NULL
EUFN,$21.82,1440620213514,"355,763",100% bearish,of 1 rating,N/A
IEUS,$45.39,1440620213578,"11,415",100% bearish,of 1 rating,N/A
QAT,$20.01,1440620213646,824,Not yet rated,NULL,N/A
UAE,$17.62,1440620213716,500,Not yet rated,NULL,N/A
IBB,$342.5,1440620213743,"1,262,997",63% bullish,of 8 ratings,N/A
SOXX,$79.8,1440620213812,"438,451",50% bullish,of 2 ratings,N/A
ICLN,$9.28,1440620213877,"11,121",50% bullish,of 2 ratings,N/A
EMIF,$28.12,1440620213913,"31,901",Not yet rated,NULL,N/A
ISHG,$80.31,1440620214057,"24,147",100% bearish,of 1 rating,N/A
IGOV,$91.55,1440620214210,"53,081",100% bearish,of 1 rating,N/A
ISIS,$49.02,1440620214252,"1,210,749",53% bullish,of 15 ratings,$67
INDY,$27.34,1440620214291,"126,601",50% bullish,of 2 ratings,N/A
WOOD,$46.84,1440620214343,"12,539",50% bullish,of 2 ratings,N/A
ISLE,$16.36,1440620214371,"202,665",50% bullish,of 4 ratings,$16
ISRL,$133,1440620214474,927,100% bearish,of 1 rating,N/A
ITRI,$29.5,1440620214559,"338,177",Not yet rated,NULL,$37
ITRN,$23.77,1440620214721,"1,477",50% bullish,of 2 ratings,N/A
ITUS,$4.09,1440620214776,300,Not yet rated,NULL,N/A
XXIA,$15.02,1440620214802,"303,992",71% bullish,of 7 ratings,$14.625
IXYS,$10.59,1440620214823,"97,559",50% bullish,of 4 ratings,N/A
JJSF,$114.15,1440620214867,"39,819",100% bearish,of 1 rating,N/A
MAYS,NULL,1440620215014,0,Not yet rated,NULL,N/A
JBHT,$72.87,1440620215098,"1,316,603",50% bullish,of 4 ratings,$89.50
JCOM,$67.64,1440620215154,"383,211",100% bullish,of 2 ratings,$77
JKHY,$68.71,1440620215231,"779,845",50% bullish,of 2 ratings,$72
JASO,$7.51,1440620215259,"675,704",82% bullish,of 17 ratings,$10
JACK,$79.93,1440620215290,"346,877",83% bullish,of 6 ratings,$105
JAXB,$12.8,1440620215387,"64,800",100% bullish,of 1 rating,N/A
JXSB,$23.51,1440620215470,"4,194",Not yet rated,NULL,N/A
JAGX,$3.24,1440620215615,"3,429",Not yet rated,NULL,N/A
JAKK,$9.36,1440620215676,"351,786",60% bearish,of 5 ratings,$11
JRVR,$26.42,1440620215702,"60,211",Not yet rated,NULL,$32
JMBA,$13.3387,1440620215747,"161,718",75% bullish,of 4 ratings,$18
ERW,NULL,1440620215774,0,Not yet rated,NULL,N/A
JASN,$4.8,1440620215969,"16,026",50% bullish,of 2 ratings,$9.50
JASNW,NULL,1440620216070,0,50% bullish,of 2 ratings,N/A
JAZZ,$165.37,1440620216097,"304,840",80% bullish,of 15 ratings,$206.50
JTPY,$2.92,1440620216127,"2,620",100% bearish,of 1 rating,N/A
JD,$25.64,1440620216153,"9,292,819",75% bullish,of 16 ratings,$36
JBLU,$22.21,1440620216177,"4,377,905",94% bullish,of 18 ratings,$27
JCTCF,$9.5,1440620216311,100,100% bullish,of 1 rating,N/A
DATE,$5.69,1440620216368,"109,332",75% bullish,of 4 ratings,$9
JST,$3.81,1440620216465,"32,079",75% bullish,of 4 ratings,N/A
JIVE,$4.27,1440620216611,"369,967",75% bullish,of 4 ratings,$5
JOEZ,$0.1601,1440620216661,"241,695",92% bullish,of 12 ratings,N/A
WYIGU,$10,1440620216791,"67,255",Not yet rated,NULL,N/A
JUNO,$36.5,1440620216820,"940,115",73% bullish,of 11 ratings,$71.50
JBSS,$52.2423,1440620216841,"49,790",67% bearish,of 3 ratings,N/A
JNP,$9.725,1440620216970,"24,340",100% bullish,of 3 ratings,$15
KTWO,$21.1376,1440620216999,"107,061",100% bearish,of 1 rating,$28.50
JOUT,$22.59,1440620217023,"10,785",100% bearish,of 1 rating,$34
KALU,$79.49,1440620217161,"129,886",67% bearish,of 3 ratings,$91
