Symbol,Price,Date,Volume,Rating,RatingVoteCount,OneYearEstimate
FCCY,NULL,1441308002071,0,100% bullish,of 1 rating,$13
TFSCU,$10.23,1441308002163,"2,300",Not yet rated,NULL,N/A
TFSC,NULL,1441308002188,0,100% bearish,of 1 rating,N/A
PIH,$7.62,1441308002216,"2,535",100% bearish,of 1 rating,N/A
TFSCR,NULL,1441308002237,0,Not yet rated,NULL,N/A
FCTY,$7.98,1441308002269,100,100% bullish,of 1 rating,$8.50
FLWS,$8.75,1441308002370,"159,754",80% bullish,of 5 ratings,$15
DSLV,$68.16,1441308002507,"15,242",100% bearish,of 1 rating,N/A
DGLD,$83.0299,1441308002599,"3,867",100% bullish,of 1 rating,N/A
UGLD,$9.0499,1441308002633,"117,311",100% bearish,of 1 rating,N/A
USLV,$12.64,1441308002659,"227,087",86% bullish,of 7 ratings,N/A
TWOU,$34.9,1441308002687,"176,756",50% bullish,of 2 ratings,$39
VNET,$17.99,1441308002817,"294,824",60% bullish,of 5 ratings,$35
SRCE,$29.92,1441308002851,"35,125",100% bullish,of 3 ratings,$33
JOBS,$26.5,1441308002876,"33,326",50% bullish,of 4 ratings,$36
SHLM,$32.9286,1441308003273,"120,689",100% bearish,of 1 rating,$47
AVHI,$14.03,1441308003331,"14,914",100% bearish,of 1 rating,$19
ABAX,$47.39,1441308003387,"16,191",100% bearish,of 1 rating,$60
EGHT,$7.79,1441308003408,"122,559",82% bullish,of 17 ratings,$11
CAFD,$14.99,1441308003430,"220,366",Not yet rated,NULL,$24.50
AAON,$20.1,1441308003454,"26,280",100% bearish,of 1 rating,$24
SIXD,$2.7201,1441308003485,"33,115",Not yet rated,NULL,N/A
ABY,$22.47,1441308003639,"274,788",100% bearish,of 2 ratings,$46
ABGB,$4.74,1441308003742,"47,199",67% bullish,of 3 ratings,$5.50
ABEOW,$1.77,1441308003778,"6,540",100% bullish,of 1 rating,N/A
ABEO,$4.63,1441308003803,"21,150",50% bullish,of 4 ratings,$15.50
ABMD,$94.505,1441308003873,"193,232",75% bullish,of 4 ratings,$100.50
AXAS,$1.68,1441308004051,"528,413",78% bullish,of 9 ratings,$3.50
ACAD,$39.425,1441308004122,"1,825,939",80% bullish,of 20 ratings,$48
ACTG,$9.18,1441308004153,"127,871",67% bullish,of 3 ratings,$18.50
ACHC,$72.981,1441308004262,"265,828",50% bullish,of 2 ratings,$92
AXDX,$18.92,1441308004290,"29,509",100% bearish,of 1 rating,N/A
ACST,$0.32,1441308004310,"42,503",100% bullish,of 2 ratings,N/A
XLRN,$28.41,1441308004360,"66,308",50% bullish,of 2 ratings,$57
ANCX,$19.64,1441308004626,"5,352",Not yet rated,NULL,$20
VXDN,$1.9,1441308004653,"49,636",100% bearish,of 1 rating,N/A
ARAY,$6.6202,1441308004698,"338,013",100% bearish,of 1 rating,$10.50
ACRX,$4.25,1441308004842,"232,888",67% bearish,of 6 ratings,$7
AKAO,$6.96,1441308004974,"21,346",75% bullish,of 4 ratings,$15
VXUP,$1.59,1441308005001,"33,708",100% bearish,of 1 rating,N/A
ACHN,$7.52,1441308005022,"1,170,735",90% bullish,of 21 ratings,$16
ACET,$22.19,1441308005042,"49,542",75% bullish,of 4 ratings,$30
ACNB,NULL,1441308005190,0,Not yet rated,NULL,N/A
ACIW,$21.48,1441308005219,"180,804",67% bearish,of 3 ratings,$24
ACOR,$32.04,1441308005267,"242,677",67% bearish,of 3 ratings,$38.50
ATVI,$28.66,1441308005351,"4,444,464",67% bullish,of 84 ratings,$31.50
ACTS,$1.59,1441308005406,"35,856",100% bearish,of 1 rating,N/A
ACPW,$1.9869,1441308005455,"13,106",100% bullish,of 4 ratings,$3.25
ACTA,$13.95,1441308005668,"32,005",67% bearish,of 3 ratings,$25
ACUR,$2.8401,1441308005742,"13,771",100% bullish,of 5 ratings,$5
ADMP,$3.5799,1441308005767,"33,021",50% bullish,of 2 ratings,$10
ACXM,$20.76,1441308005794,"78,187",67% bullish,of 3 ratings,N/A
ADMS,$19.0909,1441308005821,"37,790",100% bearish,of 2 ratings,$36
ADAP,$11.2,1441308005956,"20,153",67% bullish,of 3 ratings,$22
ADUS,$29.2001,1441308005981,"28,089",100% bearish,of 1 rating,$31
ADEP,$7.235,1441308006150,"61,271",50% bullish,of 2 ratings,$10.75
AEY,$2.39,1441308006183,"2,550",100% bearish,of 2 ratings,N/A
ADMA,$8.74,1441308006224,"5,324",Not yet rated,NULL,$19
ADTN,$15.81,1441308006428,"53,936",67% bullish,of 3 ratings,$17.125
AMD,$1.81,1441308006524,"3,708,193",83% bullish,of 103 ratings,$2
ADRO,$19,1441308006553,"59,834",80% bullish,of 5 ratings,$45.50
ADBE,$78.18,1441308006579,"1,084,577",65% bullish,of 17 ratings,$90
ADXS,$13.44,1441308006787,"262,441",64% bullish,of 14 ratings,$27
ADXSW,$9.58,1441308006850,"32,944",100% bullish,of 1 rating,N/A
AEIS,$24.59,1441308006879,"66,669",50% bullish,of 2 ratings,$32.50
YPRO,$22.98,1441308006914,382,100% bearish,of 1 rating,N/A
MULT,NULL,1441308006975,0,100% bearish,of 1 rating,N/A
AEGR,$17.96,1441308007075,"153,501",50% bullish,of 6 ratings,$26
AEGN,$18.21,1441308007102,"29,857",100% bearish,of 2 ratings,$21
AEHR,$2.25,1441308007129,"3,330",50% bullish,of 2 ratings,N/A
TFSCW,NULL,1441308007315,0,100% bearish,of 1 rating,N/A
AEPI,$56.27,1441308007343,"10,876",100% bearish,of 1 rating,N/A
AERI,$15.675,1441308007397,"210,069",75% bullish,of 4 ratings,$31.50
AEZS,$0.0896,1441308007528,"11,525,922",90% bullish,of 21 ratings,$1.50
AMTX,$2.85,1441308007553,"27,039",50% bullish,of 2 ratings,$26.11
AVAV,$20.76,1441308007579,"190,390",50% bullish,of 4 ratings,$30
AFMD,$9.53,1441308007599,"44,480",50% bullish,of 4 ratings,$15
AEMD,$7.715,1441308007630,"161,283",Not yet rated,NULL,$27.50
AFFX,$9.05,1441308007763,"485,144",80% bullish,of 5 ratings,$12.50
AGRX,$8.5,1441308007892,"10,977",100% bearish,of 1 rating,$17.50
AGEN,$6.76,1441308007922,"392,624",85% bullish,of 13 ratings,$14
AGIO,$84.11,1441308008024,"135,340",88% bullish,of 8 ratings,$114
AGYS,$9.5599,1441308008053,"3,931",100% bearish,of 1 rating,N/A
AGFSW,NULL,1441308008161,0,100% bearish,of 2 ratings,N/A
AGFS,$9.7,1441308008192,"25,951",100% bearish,of 1 rating,N/A
AIRM,$36.3332,1441308008295,"62,968",80% bearish,of 5 ratings,$53
AIRT,NULL,1441308008322,0,100% bullish,of 1 rating,N/A
AIMT,$23.74,1441308008385,"118,174",Not yet rated,NULL,$35.50
AMCN,$4.6,1441308008411,"36,921",83% bullish,of 6 ratings,N/A
ATSG,$8.89,1441308008563,"49,866",67% bullish,of 3 ratings,$13
AKAM,$73.22,1441308008607,"983,237",63% bullish,of 8 ratings,$77.50
AKBA,$6.7475,1441308008698,"420,569",100% bearish,of 1 rating,$18
AIXG,$6.4401,1441308008728,"5,482",67% bearish,of 3 ratings,$5.25
AKRX,$38.76,1441308008774,"270,569",78% bullish,of 9 ratings,$56
AKER,$2.8294,1441308008828,"7,897",Not yet rated,NULL,N/A
ALRM,$16.36,1441308008959,"166,034",100% bearish,of 1 rating,$22
ALSK,$2.2101,1441308009047,"45,550",78% bullish,of 18 ratings,$2
AMRI,$20.08,1441308009151,"82,965",75% bearish,of 4 ratings,$24
ALDR,$40.25,1441308009176,"240,001",67% bearish,of 3 ratings,$62
ADHD,$7.77,1441308009211,"73,657",50% bullish,of 4 ratings,$18
ALDX,$7.31,1441308009343,"1,401",100% bearish,of 1 rating,$14.50
ABDC,$12.89,1441308009369,"16,104",Not yet rated,NULL,$15
ALXA,$1.2,1441308009417,"8,846",83% bullish,of 6 ratings,$2.125
ALXN,$175.69,1441308009577,"472,515",88% bullish,of 8 ratings,$223.50
ALCO,$42,1441308009605,"12,191",50% bullish,of 2 ratings,N/A
ALIM,$3.03,1441308009634,"16,362",80% bullish,of 5 ratings,$10
ALGN,$55.45,1441308009733,"372,750",100% bearish,of 2 ratings,$73
ALKS,$63.16,1441308009788,"474,387",67% bullish,of 3 ratings,$75
ALGT,$203.77,1441308009834,"82,991",100% bearish,of 2 ratings,$235
AFOP,$19.15,1441308009919,"170,666",75% bullish,of 8 ratings,$21
ALLB,$23.03,1441308009946,601,Not yet rated,NULL,N/A
ARLP,$25.24,1441308010087,"60,133",67% bearish,of 3 ratings,$32
AHGP,$35.9799,1441308010150,"16,857",67% bullish,of 3 ratings,N/A
AHPI,$1.5,1441308010218,625,50% bullish,of 2 ratings,N/A
AMOT,$18.24,1441308010279,"57,472",100% bearish,of 1 rating,N/A
ALQA,$4.65,1441308010363,"19,853",75% bullish,of 4 ratings,$8.50
AIQ,$14.96,1441308010394,"4,606",67% bullish,of 3 ratings,N/A
MDRX,$13.18,1441308010504,"3,624,939",60% bullish,of 5 ratings,$16
ALLT,$5.03,1441308010568,"14,476",75% bullish,of 4 ratings,$6.25
AFAM,$45.36,1441308010705,"44,412",50% bullish,of 2 ratings,$44
SMCP,$23.3,1441308010738,700,Not yet rated,NULL,N/A
AOSL,$8.07,1441308010786,"24,247",67% bullish,of 3 ratings,$9
ALNY,$97.807,1441308010813,"236,677",67% bullish,of 3 ratings,$151.50
ATEC,$0.585,1441308010843,"36,759",100% bullish,of 1 rating,$2
ASPS,$26.35,1441308010951,"76,356",67% bullish,of 3 ratings,$46.50
ALTR,$49.09,1441308010980,"705,206",80% bearish,of 5 ratings,$54
AIMC,$23.8,1441308011143,"46,883",100% bearish,of 2 ratings,$28.50
AMRN,$2.26,1441308011174,"488,390",85% bullish,of 40 ratings,$8
AMAG,$61.34,1441308011206,"300,800",100% bullish,of 2 ratings,$75
AMRK,$10.48,1441308011277,"1,500",50% bullish,of 2 ratings,$14
AYA,$20.69,1441308011406,"2,744",100% bearish,of 1 rating,$40
AMZN,$507.75,1441308011478,"1,146,978",81% bullish,of 267 ratings,$646
AMBCW,$8.54,1441308011504,"3,300",100% bearish,of 1 rating,N/A
AMBA,$74.62,1441308011635,"2,065,208",83% bullish,of 12 ratings,$95
AMBC,$16.71,1441308011660,"105,024",100% bearish,of 1 rating,$16.50
DOX,$56.9,1441308011828,"203,425",67% bearish,of 3 ratings,$60
AMDA,$0.4881,1441308011856,"268,155",90% bullish,of 10 ratings,$1
EPAX,$2.69,1441308011903,"29,776",100% bearish,of 1 rating,N/A
AMCX,$71.48,1441308011987,"215,192",67% bullish,of 3 ratings,$87.50
AMED,$40.85,1441308012078,"111,381",100% bearish,of 1 rating,$42
UHAL,$374.88,1441308012138,"17,084",100% bullish,of 2 ratings,$393.50
ASBI,$22.81,1441308012216,"2,979",Not yet rated,NULL,N/A
ATAX,$5.3001,1441308012274,"50,280",100% bullish,of 1 rating,$6.50
AMOV,$18.0331,1441308012349,525,100% bearish,of 1 rating,N/A
AAL,$41.05,1441308012402,"4,449,224",93% bullish,of 88 ratings,$57
AGNC,$19.25,1441308012433,"786,881",71% bullish,of 28 ratings,$22
AGNCB,$24.2157,1441308012508,"1,820",Not yet rated,NULL,N/A
AGNCP,$25.3066,1441308012534,"5,007",Not yet rated,NULL,N/A
ACSF,$12.29,1441308012777,"14,678",100% bearish,of 1 rating,$15
MTGE,$15.28,1441308012806,"158,079",75% bullish,of 4 ratings,$19.50
MTGEP,$24.23,1441308012833,"3,500",Not yet rated,NULL,N/A
ANCI,$1.55,1441308012860,1,100% bearish,of 1 rating,N/A
ACAS,$13.72,1441308012913,"639,445",60% bullish,of 5 ratings,$16.75
AETI,$3.28,1441308012991,"1,320",67% bearish,of 3 ratings,N/A
AMIC,NULL,1441308013018,0,100% bearish,of 1 rating,N/A
ANAT,$99.04,1441308013213,"16,328",100% bullish,of 1 rating,N/A
APEI,$21.74,1441308013244,"44,681",100% bearish,of 1 rating,$25.50
AMRB,$10.15,1441308013314,"2,713",Not yet rated,NULL,$11
ARII,$40.2,1441308013340,"81,410",67% bearish,of 3 ratings,$45
AMNB,$23.47,1441308013364,"10,357",Not yet rated,NULL,$25.50
ASEI,$39.57,1441308013536,"28,596",100% bearish,of 1 rating,$52.50
AMWD,$66.37,1441308013605,"55,727",50% bullish,of 2 ratings,$70
AMSWA,$8.8906,1441308013735,"11,653",100% bearish,of 2 ratings,$10.75
CRMT,$35.92,1441308013766,"32,043",100% bearish,of 1 rating,$38
AMSC,$4.9299,1441308013790,"56,503",50% bullish,of 4 ratings,N/A
ABCB,$27.3,1441308013821,"121,092",Not yet rated,NULL,$31
ASRV,$3.25,1441308013848,"2,801",100% bullish,of 2 ratings,N/A
AMSF,$46.38,1441308013877,"7,886",Not yet rated,NULL,$57.50
ASRVP,NULL,1441308013977,0,Not yet rated,NULL,N/A
AMGN,$150.15,1441308014160,"1,058,406",89% bullish,of 19 ratings,$185
FOLD,$14.99,1441308014222,"672,225",56% bullish,of 9 ratings,$21
ATLO,$23.21,1441308014288,"6,300",Not yet rated,NULL,N/A
AMSG,$78.63,1441308014430,"109,478",100% bearish,of 1 rating,$85.50
AMSGP,NULL,1441308014496,0,Not yet rated,NULL,N/A
AFSI,$57.8844,1441308014625,"132,076",60% bullish,of 5 ratings,$72
AMKR,$5.48,1441308014654,"472,418",100% bearish,of 2 ratings,$5
AMPH,$13.35,1441308014679,"110,253",50% bullish,of 2 ratings,$20
ASYS,$5.501,1441308014704,"19,700",67% bullish,of 3 ratings,$12
AMRS,$1.71,1441308014741,"53,798",70% bullish,of 10 ratings,N/A
ANAC,$132.88,1441308014838,"236,784",80% bullish,of 5 ratings,$180.50
ANAD,$0.3229,1441308014866,"197,097",100% bullish,of 2 ratings,$.50
ADI,$55.3275,1441308015064,"906,923",75% bullish,of 4 ratings,$69
ALOG,$81.52,1441308015118,"61,208",100% bearish,of 2 ratings,$100.50
ABCW,$41,1441308015145,"4,853",67% bullish,of 3 ratings,N/A
ANCB,$21.47,1441308015166,870,Not yet rated,NULL,$23
ANGI,$5.055,1441308015317,"92,529",64% bullish,of 11 ratings,$5.50
AMCF,NULL,1441308015382,0,NULL,NULL,NULL
ANIK,$35.665,1441308015478,"59,536",60% bullish,of 5 ratings,$51.25
ANIP,$51.82,1441308015509,"214,267",89% bullish,of 19 ratings,$66
ANGO,$14.59,1441308015539,"32,993",67% bullish,of 3 ratings,$19
ANSS,$90.01,1441308015607,"172,014",100% bearish,of 1 rating,$100
ATRS,$1.805,1441308015636,"387,397",92% bullish,of 12 ratings,$4.50
ATNY,$2.4,1441308015709,"1,666",50% bullish,of 2 ratings,$3.75
ANTH,$6.9842,1441308015738,"374,761",80% bullish,of 10 ratings,$13
ABAC,$0.8,1441308015918,"12,718",100% bearish,of 1 rating,N/A
APIC,$6.52,1441308015967,"60,172",100% bearish,of 1 rating,$19
APOG,$52.54,1441308016106,"82,271",50% bullish,of 2 ratings,$67
APOL,$11.07,1441308016143,"400,241",87% bearish,of 68 ratings,$14
AINV,$6.47,1441308016191,"659,270",50% bullish,of 4 ratings,$8
AAPL,$110.9699,1441308016241,"22,908,731",86% bullish,of 2363 ratings,$150
APPF,$16.63,1441308016269,"32,692",50% bullish,of 2 ratings,$22
ARCI,NULL,1441308016290,0,Not yet rated,NULL,N/A
APDN,$3.3893,1441308016424,"15,249",Not yet rated,NULL,$9
AMAT,$15.825,1441308016508,"4,820,795",82% bullish,of 11 ratings,$23
AMCC,$5.72,1441308016585,"202,713",80% bullish,of 5 ratings,$8
AAOI,$20.49,1441308016615,"89,349",50% bullish,of 4 ratings,$26
APDNW,$1.4,1441308016635,"4,280",Not yet rated,NULL,N/A
AGTC,$16.33,1441308016656,"27,285",50% bullish,of 2 ratings,$33
AREX,$2.41,1441308016801,"476,919",50% bullish,of 2 ratings,$3
APRI,$1.61,1441308016945,"203,591",83% bullish,of 6 ratings,$4.86
AUMA,NULL,1441308017044,0,Not yet rated,NULL,N/A
APTO,$5.29,1441308017072,"1,414",Not yet rated,NULL,$17
AQXP,$16.25,1441308017117,"70,486",50% bullish,of 2 ratings,$2
AUMAU,NULL,1441308017214,0,Not yet rated,NULL,N/A
AQMS,$4.95,1441308017239,"11,646",Not yet rated,NULL,N/A
AUMAW,NULL,1441308017263,0,Not yet rated,NULL,N/A
PETX,$17.67,1441308017411,"86,046",100% bearish,of 2 ratings,$26
ARDM,NULL,1441308017514,0,100% bullish,of 1 rating,$26
ABIO,$0.9074,1441308017544,"49,569",50% bullish,of 2 ratings,$3.75
ABUS,$6.98,1441308017574,"363,566",86% bullish,of 14 ratings,$21.50
ARCW,$3.3,1441308017600,"7,716",100% bearish,of 2 ratings,$10.50
ARCB,$28.49,1441308017681,"58,120",67% bearish,of 3 ratings,$39.50
RKDA,$5.44,1441308017752,"5,200",100% bearish,of 2 ratings,$10
ACGL,$68.86,1441308017783,"75,349",50% bullish,of 2 ratings,$72
ARCC,$15.5049,1441308017983,"616,707",67% bearish,of 3 ratings,$17.75
ACAT,$25.99,1441308018011,"29,505",100% bearish,of 3 ratings,$33
ARDX,$18.82,1441308018041,"61,410",50% bullish,of 2 ratings,$24.50
ARNA,$2.75,1441308018067,"1,226,716",90% bullish,of 78 ratings,$5.50
ARGS,$6.22,1441308018141,"31,736",50% bullish,of 2 ratings,$19.50
AGII,$55.2,1441308018238,"29,669",Not yet rated,NULL,$59.50
ARIA,$7.62,1441308018337,"2,913,968",89% bullish,of 46 ratings,$9
ARIS,$3.8286,1441308018366,596,Not yet rated,NULL,$4.50
AGIIL,$25.25,1441308018465,"1,644",Not yet rated,NULL,N/A
ARKR,$25.083,1441308018510,"1,061",50% bullish,of 2 ratings,N/A
ARWA,NULL,1441308018541,0,Not yet rated,NULL,N/A
ARMH,$42.99,1441308018599,"520,591",54% bearish,of 13 ratings,$60
ARTX,$1.4,1441308018689,"35,111",88% bullish,of 16 ratings,$4.50
ARWAR,$0.2436,1441308018859,200,Not yet rated,NULL,N/A
ARWAU,NULL,1441308018885,0,100% bullish,of 1 rating,N/A
ARWAW,NULL,1441308018941,0,Not yet rated,NULL,N/A
ARQL,$1.675,1441308019067,"17,816",75% bullish,of 4 ratings,$5
DWAT,NULL,1441308019112,0,100% bearish,of 1 rating,N/A
ARRS,$26.13,1441308019139,"901,187",50% bullish,of 2 ratings,$38
ARRY,$5.81,1441308019166,"512,747",100% bullish,of 7 ratings,$10
AROW,$27.27,1441308019211,"2,945",Not yet rated,NULL,N/A
ARWR,$5.5498,1441308019238,"624,540",75% bullish,of 4 ratings,$10.50
ARTNA,$21.9008,1441308019385,"4,688",100% bearish,of 1 rating,$29
ASBB,$24,1441308019563,125,Not yet rated,NULL,N/A
ARTW,$4.0096,1441308019594,"2,467",75% bearish,of 4 ratings,N/A
ASNA,$12.295,1441308019660,"726,478",50% bullish,of 2 ratings,$18
ASCMA,$27.26,1441308019692,"19,511",100% bearish,of 1 rating,$45
ASMI,NULL,1441308019717,0,NULL,NULL,NULL
ASTI,$0.2684,1441308019743,"4,442,813",83% bullish,of 6 ratings,$3
ASND,$19.75,1441308019771,"31,777",50% bullish,of 2 ratings,$30
APWC,$1.65,1441308019795,"1,000",100% bearish,of 1 rating,N/A
AZPN,$38.395,1441308020115,"200,849",50% bullish,of 2 ratings,$42
ASML,$92.5706,1441308020140,"385,028",50% bullish,of 4 ratings,$127
ATRO,$50.92,1441308020202,"88,672",100% bearish,of 2 ratings,$80
ASMB,$13.18,1441308020228,"30,001",67% bullish,of 3 ratings,N/A
ASFI,$8.852,1441308020286,"3,976",100% bullish,of 1 rating,N/A
ASTE,$38.36,1441308020311,"51,835",100% bearish,of 1 rating,$49
ALOT,$13.98,1441308020442,"1,508",100% bearish,of 1 rating,N/A
ASTC,$2.19,1441308020514,"12,234",100% bullish,of 5 ratings,N/A
ASUR,$5.36,1441308020541,"6,946",50% bullish,of 2 ratings,$8
ATRA,$43.14,1441308020708,"107,920",50% bullish,of 2 ratings,$68
ATAI,$2.31,1441308020737,"11,398",100% bearish,of 1 rating,N/A
ATHN,$132.63,1441308020761,"86,204",67% bearish,of 3 ratings,$153
AFCB,$25.64,1441308020782,101,Not yet rated,NULL,N/A
AAPC,$10.1,1441308020915,8,Not yet rated,NULL,N/A
ATHX,$1.13,1441308020942,"144,772",89% bullish,of 9 ratings,$5
AAME,$3.57,1441308020970,"3,753",Not yet rated,NULL,N/A
ACFC,$5.47,1441308021150,"23,313",100% bearish,of 1 rating,$6.50
ATNI,$73.82,1441308021235,"14,267",100% bearish,of 1 rating,$69.50
ATLC,$3.85,1441308021308,"3,695",67% bullish,of 3 ratings,N/A
AFH,$16.22,1441308021379,"55,402",Not yet rated,NULL,$21.50
ATRC,$24.12,1441308021440,"47,350",100% bullish,of 1 rating,$30
AAWW,$38.8706,1441308021478,"109,948",50% bullish,of 2 ratings,$65
ATOS,$0.821,1441308021511,"115,151",100% bullish,of 7 ratings,$7
ATRI,$384.7,1441308021606,"3,837",Not yet rated,NULL,N/A
ATML,$8.01,1441308021631,"1,897,015",78% bullish,of 9 ratings,$9.50
AUBN,$26.8499,1441308021840,300,Not yet rated,NULL,N/A
LIFE,$14.71,1441308021905,"23,332",86% bullish,of 7 ratings,$43
ATRM,$2.8799,1441308021940,779,50% bullish,of 2 ratings,N/A
AUDC,$3.2799,1441308022040,"52,811",80% bullish,of 5 ratings,$5
ATTU,$13.2257,1441308022069,"7,149",100% bearish,of 1 rating,$20.50
AUPH,$3.4,1441308022095,"8,158",100% bearish,of 1 rating,$8
EARS,$4.31,1441308022167,"4,157",100% bearish,of 2 ratings,$11
ADAT,$0.27,1441308022267,"228,699",100% bullish,of 2 ratings,N/A
ADP,$77.71,1441308022370,"739,612",100% bearish,of 1 rating,$88
AAVL,$10.162,1441308022412,"151,772",100% bearish,of 1 rating,$20
ABTL,$18.52,1441308022515,"38,965",100% bullish,of 4 ratings,$20.25
ADSK,$45.99,1441308022540,"2,372,109",67% bullish,of 6 ratings,$66
AVGO,$124.39,1441308022568,"1,115,224",88% bullish,of 8 ratings,$165
AVNU,$12.91,1441308022592,626,Not yet rated,NULL,$14
AVEO,$1.36,1441308022914,"135,964",75% bullish,of 8 ratings,$3
AVNW,$1.21,1441308022945,"68,458",50% bullish,of 2 ratings,N/A
AVID,$8.55,1441308023025,"175,406",100% bearish,of 1 rating,$20
CAR,$43.9,1441308023052,"701,219",80% bullish,of 5 ratings,$60
AVGR,$14.85,1441308023083,"13,906",100% bearish,of 1 rating,$20
ACLS,$3.25,1441308023129,"251,617",67% bullish,of 6 ratings,$4.75
AWRE,$3.2,1441308023183,"11,910",67% bullish,of 3 ratings,N/A
AXPW,$2.1,1441308023313,"1,092,008",86% bullish,of 7 ratings,N/A
AXPWW,NULL,1441308023443,0,Not yet rated,NULL,N/A
BCOM,$19.31,1441308023476,610,100% bearish,of 1 rating,N/A
AXGN,$4.66,1441308023576,"129,384",Not yet rated,NULL,$5
RILY,NULL,1441308023610,0,Not yet rated,NULL,N/A
BOSC,$2.08,1441308023639,"2,096",50% bullish,of 2 ratings,N/A
BEAV,$49.23,1441308023707,"235,428",67% bearish,of 3 ratings,$59
AXTI,$2.12,1441308023736,"17,600",50% bullish,of 2 ratings,$2.75
BIDU,$149.34,1441308023761,"1,083,010",81% bullish,of 88 ratings,$210
BWINA,NULL,1441308024056,0,Not yet rated,NULL,N/A
BWINB,$22.5,1441308024091,"3,384",Not yet rated,NULL,N/A
BLDP,$1.34,1441308024119,"260,124",91% bullish,of 22 ratings,$2.50
BCPC,$57.24,1441308024140,"51,777",100% bearish,of 1 rating,$75
BKMU,$6.95,1441308024274,"22,177",Not yet rated,NULL,$8
BANF,$60.3,1441308024305,"6,637",Not yet rated,NULL,$68
BMRC,$47.77,1441308024333,"1,037",Not yet rated,NULL,$52
BANFP,NULL,1441308024403,0,Not yet rated,NULL,N/A
BOCH,$5.79,1441308024473,"6,498",Not yet rated,NULL,$6.50
BKSC,$16.76,1441308024597,"5,195",Not yet rated,NULL,N/A
OZRK,$40.9,1441308024624,"136,025",67% bullish,of 3 ratings,$49.50
BOTJ,$10.85,1441308024702,222,Not yet rated,NULL,N/A
BFIN,$12.16,1441308024752,"4,193",Not yet rated,NULL,$13
BANR,$44.05,1441308024919,"14,881",100% bullish,of 3 ratings,$50
TAPR,$33.25,1441308024972,100,100% bearish,of 1 rating,N/A
BZUN,$5.2,1441308025001,"302,567",50% bullish,of 2 ratings,$11.50
BWFG,$18.1,1441308025076,"6,451",100% bearish,of 1 rating,N/A
BHAC,NULL,1441308025135,0,Not yet rated,NULL,N/A
BHACU,NULL,1441308025165,0,Not yet rated,NULL,N/A
BHACR,NULL,1441308025264,0,Not yet rated,NULL,N/A
BHACW,NULL,1441308025291,0,Not yet rated,NULL,N/A
BBSI,$34.55,1441308025323,"44,847",67% bearish,of 3 ratings,$62.50
BYBK,$5.03,1441308025512,500,100% bearish,of 1 rating,N/A
BSET,$28.345,1441308025537,"38,193",100% bearish,of 1 rating,$35
BBCN,$14.28,1441308025680,"85,491",100% bearish,of 1 rating,$16
BV,$5.16,1441308025715,"283,951",67% bullish,of 6 ratings,$8.75
BYLK,$12.84,1441308025740,"2,200",Not yet rated,NULL,$14
BCBP,$11.42,1441308025766,827,Not yet rated,NULL,N/A
BECN,$36.18,1441308025810,"147,160",50% bullish,of 2 ratings,$40
BDCV,$4.92,1441308025837,"9,741",100% bearish,of 1 rating,$10.19
BSF,$8.27,1441308025906,"2,913",Not yet rated,NULL,N/A
BBGI,$4.23,1441308026072,1,100% bearish,of 1 rating,N/A
BBBY,$62.33,1441308026140,"495,593",71% bullish,of 7 ratings,$75
BEBE,$1.2101,1441308026168,"277,513",75% bullish,of 4 ratings,$2.125
BELFA,$15.5,1441308026193,"1,107",100% bearish,of 1 rating,N/A
BELFB,$18.05,1441308026239,"7,693",100% bearish,of 1 rating,N/A
BLCM,$15.91,1441308026413,"98,068",50% bullish,of 4 ratings,$40
BLPH,$4.39,1441308026488,"8,959",100% bearish,of 1 rating,$12.50
BNCL,$12.42,1441308026558,"75,727",100% bullish,of 3 ratings,$12.50
BGMD,$0.651,1441308026595,"156,044",100% bullish,of 10 ratings,N/A
BNTC,$7.47,1441308026625,"14,117",100% bullish,of 1 rating,N/A
BGFV,$11.2,1441308026695,"32,346",57% bullish,of 7 ratings,$12
BNFT,$36.19,1441308026725,"35,825",67% bullish,of 3 ratings,$46
BGCP,$8.91,1441308026753,"238,440",88% bullish,of 8 ratings,$14
BIND,$4.95,1441308026827,"89,772",75% bullish,of 4 ratings,$13.50
ORPN,$5.65,1441308026983,"10,410",100% bullish,of 1 rating,$28.50
BASI,$1.65,1441308027042,1,Not yet rated,NULL,N/A
BCDA,NULL,1441308027114,0,Not yet rated,NULL,N/A
BCRX,$11.26,1441308027173,"174,458",63% bullish,of 8 ratings,$18
BIOC,$1.99,1441308027335,"92,435",83% bullish,of 6 ratings,$3.85
BIOD,$0.69,1441308027364,"45,826",80% bullish,of 5 ratings,$4
BDSI,$6.27,1441308027393,"472,200",88% bullish,of 8 ratings,$17
BIOL,$1.54,1441308027417,"3,649",Not yet rated,NULL,N/A
BIIB,$303.86,1441308027449,"591,979",88% bullish,of 16 ratings,$400
BLFS,$2.22,1441308027518,"108,053",100% bearish,of 1 rating,$4.75
BMRN,$127.41,1441308027579,"270,146",80% bullish,of 5 ratings,$160
BLRX,$1.69,1441308027611,"244,359",100% bullish,of 12 ratings,$5
BVXV,$3.7001,1441308027710,"107,807",Not yet rated,NULL,N/A
BPTH,$1.15,1441308027842,"23,306",100% bullish,of 2 ratings,$5
BVXVW,$0.82,1441308027866,"10,691",100% bearish,of 1 rating,N/A
BRLI,NULL,1441308027927,0,NULL,NULL,NULL
BIOS,$2.395,1441308028178,"355,223",71% bullish,of 7 ratings,$4
BBP,$32.5,1441308028203,"5,434",Not yet rated,NULL,N/A
BBC,$31.0001,1441308028235,"11,389",Not yet rated,NULL,N/A
TECH,$92.51,1441308028340,"39,188",100% bullish,of 1 rating,$117
BSPM,$0.6801,1441308028370,"15,813",50% bullish,of 2 ratings,N/A
BSTC,$47.59,1441308028391,"31,106",100% bearish,of 1 rating,$76
BEAT,$15.22,1441308028422,"248,536",67% bearish,of 3 ratings,$15
BOTA,$2.16,1441308028443,"19,550",88% bullish,of 8 ratings,N/A
BDMS,NULL,1441308028626,0,100% bearish,of 1 rating,N/A
BITI,$16.92,1441308028652,"6,856",100% bullish,of 1 rating,$28
BJRI,$44.25,1441308028784,"110,919",50% bullish,of 2 ratings,$55
BBOX,$14.84,1441308028819,"39,731",100% bearish,of 1 rating,N/A
BDE,$7.47,1441308028915,"62,773",50% bullish,of 2 ratings,$9
BLKB,$57.24,1441308028962,"42,278",100% bearish,of 2 ratings,$66
BBRY,$7.481,1441308028989,"1,385,920",61% bullish,of 330 ratings,$9
HAWK,$39.69,1441308029168,"177,636",91% bullish,of 11 ratings,$49
ADRA,$26.86,1441308029210,150,100% bearish,of 1 rating,N/A
ADRD,$21.7179,1441308029245,"54,158",100% bearish,of 1 rating,N/A
BLMN,$20.665,1441308029309,"276,777",83% bullish,of 6 ratings,$27.50
ADRE,$29.4854,1441308029338,"1,404",100% bearish,of 1 rating,N/A
BKCC,$9.51,1441308029371,"183,938",50% bullish,of 2 ratings,$10
BCOR,$13.4999,1441308029397,"53,663",57% bullish,of 7 ratings,$15
BLBD,$11.75,1441308029472,"3,550",Not yet rated,NULL,N/A
ADRU,NULL,1441308029540,0,100% bearish,of 1 rating,N/A
BBLU,$0.8603,1441308029731,"111,321",100% bullish,of 2 ratings,$4.43
NILE,$34.076,1441308029860,"41,198",50% bullish,of 2 ratings,$34
BLUE,$129.02,1441308029893,"176,486",71% bullish,of 7 ratings,$217.50
BUFF,$23.57,1441308029920,"294,731",77% bullish,of 13 ratings,$31.50
BHBK,$13.95,1441308029952,"11,066",100% bullish,of 1 rating,$14.50
BKEP,$6.45,1441308030054,"30,602",100% bearish,of 1 rating,$8.50
BNCN,$20.985,1441308030082,"16,195",Not yet rated,NULL,$24
BKEPP,$7.86,1441308030110,"1,004",100% bearish,of 1 rating,N/A
BOBE,$44.525,1441308030137,"285,828",75% bullish,of 4 ratings,$57
BOFI,$108.89,1441308030264,"245,476",100% bullish,of 6 ratings,$144
BPMC,$27.77,1441308030290,"43,066",50% bullish,of 2 ratings,$47.50
WIFI,$7.74,1441308030426,"103,676",50% bullish,of 2 ratings,$13.50
BOJA,$20.76,1441308030471,"67,768",100% bullish,of 1 rating,$30
BOKF,$62.588,1441308030559,"100,453",100% bearish,of 1 rating,$69
BNSO,$1.274,1441308030688,"2,222",100% bearish,of 1 rating,N/A
BAMM,$3.1901,1441308030772,"10,119",60% bullish,of 5 ratings,N/A
BONA,$11.4,1441308030799,"21,854",75% bullish,of 4 ratings,$8.50
BPFH,$11.81,1441308030876,"114,506",100% bearish,of 1 rating,$14
BPFHP,$24.91,1441308030928,"3,150",100% bearish,of 1 rating,N/A
EPAY,$26.8,1441308030955,"83,382",100% bearish,of 2 ratings,$30
BCLI,$3.1,1441308031003,"24,707",80% bullish,of 5 ratings,$12
BDBD,$8.38,1441308031032,"241,566",60% bullish,of 5 ratings,$10
BPFHW,NULL,1441308031088,0,100% bearish,of 1 rating,N/A
BBRG,$12.44,1441308031173,"22,556",67% bullish,of 3 ratings,$14.50
BBEP,$2.7,1441308031268,"754,137",69% bullish,of 13 ratings,$5.625
BBEPP,$14.8199,1441308031321,"18,924",50% bullish,of 2 ratings,N/A
BDGE,$26.17,1441308031361,"3,630",Not yet rated,NULL,$31.75
BLIN,$1.34,1441308031539,"2,700",50% bullish,of 2 ratings,$2.20
BCOV,$5.33,1441308031566,"38,700",67% bullish,of 3 ratings,$10.20
BRID,$8.4,1441308031602,1,100% bearish,of 1 rating,N/A
BVSN,$5.96,1441308031702,"1,400",60% bearish,of 5 ratings,N/A
BRCM,$51.36,1441308031729,"1,290,841",69% bullish,of 13 ratings,$56
BSFT,$32.31,1441308031750,"65,981",57% bullish,of 7 ratings,$40.50
BYFC,$1.35,1441308031784,"2,144",50% bullish,of 2 ratings,N/A
BWEN,$3.135,1441308031880,"11,502",75% bullish,of 4 ratings,$8
BRKL,$10.49,1441308032023,"173,028",100% bearish,of 1 rating,$10.75
BRKS,$10.4,1441308032059,"76,464",67% bullish,of 3 ratings,$15.25
BRCD,$10.33,1441308032087,"1,388,449",92% bullish,of 13 ratings,$12
BRKR,$18.0399,1441308032154,"393,873",100% bearish,of 2 ratings,$22
BMTC,$29.31,1441308032183,"34,772",Not yet rated,NULL,$34
BWLD,$197,1441308032406,"103,278",82% bullish,of 11 ratings,$205
BLMT,$20.96,1441308032535,841,Not yet rated,NULL,N/A
BSQR,$6.2099,1441308032565,"27,794",67% bullish,of 3 ratings,N/A
CHRW,$68.39,1441308032625,"666,605",Not yet rated,NULL,$72
BUR,$1.78,1441308032698,"10,000",100% bearish,of 1 rating,$8
CFFI,$36.76,1441308032719,101,100% bearish,of 1 rating,N/A
BLDR,$15.3,1441308032750,"871,911",67% bullish,of 3 ratings,$22
CA,$27.54,1441308032799,"1,099,383",50% bullish,of 4 ratings,$33
CCMP,$43.096,1441308032882,"20,548",50% bullish,of 2 ratings,$59
CDNS,$20.53,1441308032907,"1,550,882",75% bullish,of 4 ratings,$22.50
CDZI,$7.38,1441308033067,"27,725",100% bearish,of 1 rating,N/A
CACQ,$7.2,1441308033093,"47,016",100% bearish,of 1 rating,$12.25
CZR,$9.32,1441308033123,"254,578",60% bearish,of 5 ratings,$10.50
CSTE,$39.07,1441308033151,"95,232",50% bullish,of 2 ratings,$65
CLBS,$1.7286,1441308033283,"224,731",79% bullish,of 14 ratings,$4
PRSS,$4.3399,1441308033314,"13,740",80% bullish,of 5 ratings,$4.50
CLMS,$9.7,1441308033465,"73,817",Not yet rated,NULL,$10.50
CHI,$10.392,1441308033610,"135,780",100% bearish,of 1 rating,N/A
CFGE,$10.53,1441308033638,"1,100",Not yet rated,NULL,N/A
CHY,$11.17,1441308033667,"151,660",Not yet rated,NULL,N/A
CHW,$7.48,1441308033687,"122,824",100% bearish,of 1 rating,N/A
CCD,$19.5,1441308033708,"57,408",Not yet rated,NULL,N/A
CGO,$12.03,1441308033853,"10,251",100% bearish,of 1 rating,N/A
CAMP,$15.98,1441308033955,"67,027",88% bullish,of 8 ratings,$25
CVGW,$50.2001,1441308034049,"320,860",50% bullish,of 2 ratings,$62
CFNB,NULL,1441308034132,0,100% bearish,of 1 rating,N/A
CSQ,$9.87,1441308034158,"150,476",Not yet rated,NULL,N/A
CALA,$5.94,1441308034234,"150,221",67% bullish,of 3 ratings,$19.50
CALM,$52.86,1441308034342,"256,122",80% bullish,of 5 ratings,$63.50
CAMB,NULL,1441308034444,0,Not yet rated,NULL,N/A
ABCD,$5.15,1441308034485,"25,818",83% bullish,of 6 ratings,N/A
CALD,$16.22,1441308034509,"216,267",100% bearish,of 1 rating,$21
CLMT,$25.73,1441308034539,"117,868",75% bullish,of 8 ratings,$31
CAMBW,NULL,1441308034568,0,Not yet rated,NULL,N/A
CAMBU,NULL,1441308034672,0,100% bearish,of 1 rating,N/A
CAC,$40,1441308034702,"1,537",Not yet rated,NULL,N/A
CAMT,$2.6,1441308034771,"8,516",73% bullish,of 11 ratings,$4
CSIQ,$18.63,1441308034871,"770,710",86% bullish,of 28 ratings,$42.50
CPHC,$10.25,1441308034974,"2,353",100% bearish,of 1 rating,N/A
CGIX,$9.66,1441308035010,"8,148",67% bullish,of 3 ratings,$14.375
CBNJ,$11.02,1441308035136,"374,366",100% bearish,of 1 rating,N/A
CPLA,$48.11,1441308035161,"31,452",67% bearish,of 3 ratings,$65
CCBG,$15.12,1441308035238,"2,455",Not yet rated,NULL,$17.25
CBF,$30.29,1441308035297,"71,289",Not yet rated,NULL,$32
CSWC,$44.835,1441308035382,"10,166",Not yet rated,NULL,N/A
CPLP,$7.1,1441308035412,"126,109",71% bullish,of 7 ratings,$11
CPTA,$13.95,1441308035433,"31,993",100% bearish,of 1 rating,$18.50
CAPNW,$0.6789,1441308035574,"2,792",Not yet rated,NULL,N/A
CFFN,$11.86,1441308035661,"233,396",Not yet rated,NULL,$12.75
CAPR,$4.65,1441308035701,"19,912",Not yet rated,NULL,$12
CAPN,$2.29,1441308035766,"98,760",100% bullish,of 1 rating,$10.85
CPST,$0.3933,1441308035791,"376,857",95% bullish,of 22 ratings,$1.25
CARA,$18.95,1441308035971,"140,267",50% bullish,of 4 ratings,$25
CARB,$11.14,1441308036102,"18,934",75% bullish,of 4 ratings,$12
CRME,$9.1,1441308036134,"6,612",89% bullish,of 9 ratings,$11.25
CBYL,$5.02,1441308036158,"145,067",100% bearish,of 1 rating,$20
CFNL,$22.09,1441308036189,"21,295",Not yet rated,NULL,$24
CRDC,$0.3258,1441308036219,"70,884",100% bullish,of 1 rating,$1.25
CSII,$23.06,1441308036245,"97,306",100% bearish,of 2 ratings,$42.125
CATM,$33.72,1441308036324,"79,989",100% bearish,of 1 rating,$44
CECO,$3.601,1441308036407,"148,636",67% bearish,of 3 ratings,$6
CTRE,$11.27,1441308036513,"131,335",50% bullish,of 2 ratings,$13.50
CKEC,$22.97,1441308036575,"81,333",50% bullish,of 2 ratings,$35.915
CDNA,$7.11,1441308036618,"18,253",100% bearish,of 1 rating,$9
CLBH,$12.625,1441308036643,409,Not yet rated,NULL,$16.50
CARO,$15.35,1441308036860,"1,875",100% bearish,of 1 rating,$19
CRZO,$35.605,1441308036942,"655,892",67% bearish,of 3 ratings,$54.50
CART,$5.3489,1441308037029,"3,000",100% bearish,of 1 rating,N/A
TAST,$12.8,1441308037194,"92,030",Not yet rated,NULL,$14.25
CARV,$6.25,1441308037252,"35,011",50% bullish,of 2 ratings,N/A
CRTN,NULL,1441308037281,0,100% bearish,of 1 rating,N/A
CASM,$1.183,1441308037335,"8,002",100% bullish,of 1 rating,$3.50
CACB,$5.35,1441308037362,"7,127",Not yet rated,NULL,$5.50
CSCD,$15.22,1441308037390,"6,386",100% bullish,of 2 ratings,$17
CWST,$6.28,1441308037435,"62,344",50% bullish,of 2 ratings,$7.25
CASY,$105.095,1441308037580,"160,468",50% bullish,of 2 ratings,$99.50
CASI,$1.33,1441308037674,"2,055",100% bullish,of 1 rating,$3.50
CATY,$29.4,1441308037809,"287,222",100% bearish,of 1 rating,$33.50
CATB,$11.76,1441308037836,"14,896",100% bearish,of 1 rating,$28
CPRX,$3.7201,1441308037869,"208,282",71% bullish,of 7 ratings,$7
CASS,$48.85,1441308037940,"8,745",100% bearish,of 1 rating,N/A
CVCO,$71.4,1441308037965,"8,245",100% bearish,of 1 rating,N/A
CATYW,NULL,1441308037991,0,100% bearish,of 1 rating,N/A
CAVM,$68.96,1441308038144,"199,299",67% bearish,of 3 ratings,$72
CNLM,NULL,1441308038227,0,Not yet rated,NULL,N/A
CBFV,$20.9,1441308038280,"10,282",Not yet rated,NULL,$25
CNLMU,NULL,1441308038308,0,100% bullish,of 1 rating,N/A
CNLMW,NULL,1441308038411,0,Not yet rated,NULL,N/A
CBOE,$63.7,1441308038437,"189,724",Not yet rated,NULL,$63
CNLMR,NULL,1441308038464,0,Not yet rated,NULL,N/A
CDK,$49.0298,1441308038598,"157,472",67% bearish,of 3 ratings,$50
CDW,$39.08,1441308038728,"197,394",75% bullish,of 4 ratings,$44
CELG,$118,1441308038802,"1,553,101",100% bullish,of 13 ratings,$156
CPXX,$2.27,1441308038838,"58,371",100% bullish,of 2 ratings,$7
CECE,$9.59,1441308038859,"73,378",50% bullish,of 2 ratings,$16
CELGZ,$1.82,1441308038935,"33,814",80% bullish,of 5 ratings,N/A
CLDX,$14.02,1441308038961,"468,740",89% bullish,of 9 ratings,$36
CLDN,$1.155,1441308038990,"90,071",63% bullish,of 8 ratings,$3
CLRB,$3,1441308039118,"1,901",100% bearish,of 1 rating,N/A
CLLS,$32.93,1441308039204,"38,696",75% bullish,of 4 ratings,$51.50
CLRBW,NULL,1441308039235,0,Not yet rated,NULL,N/A
CLSN,$1.989,1441308039345,"28,701",80% bullish,of 10 ratings,$7.50
CBMG,$23.24,1441308039390,"22,022",50% bullish,of 2 ratings,N/A
CLTX,$1.9099,1441308039445,"105,695",100% bullish,of 2 ratings,N/A
CYAD,NULL,1441308039531,0,100% bullish,of 1 rating,$87.50
CEMP,$33.79,1441308039637,"221,873",71% bullish,of 7 ratings,$52
CETX,$2.47,1441308039706,"20,000",Not yet rated,NULL,$5.60
CETV,$2.06,1441308039738,"13,509",67% bullish,of 3 ratings,$2.80
CSFL,$13.79,1441308039763,"34,363",Not yet rated,NULL,$15
CFBK,$1.37,1441308039838,226,Not yet rated,NULL,N/A
CENT,$14.2349,1441308039931,"294,704",Not yet rated,NULL,$10
CENTA,$14.57,1441308040018,"132,275",Not yet rated,NULL,N/A
CENX,$5.31,1441308040132,"776,037",67% bullish,of 6 ratings,$9
CVCY,$11.7001,1441308040164,"5,493",Not yet rated,NULL,$12
CPHD,$48.26,1441308040235,"225,678",67% bearish,of 3 ratings,$66
CNBKA,$40.24,1441308040265,"3,267",50% bullish,of 2 ratings,N/A
CNTY,$5.91,1441308040286,"4,348",80% bullish,of 5 ratings,$7.75
CRNT,$1.4,1441308040367,"49,417",50% bullish,of 2 ratings,$2
CERN,$60.9501,1441308040473,"470,618",67% bullish,of 3 ratings,$79
CERU,$4.2099,1441308040581,"13,568",75% bullish,of 4 ratings,$14
CERE,$1.1701,1441308040645,"1,487,877",88% bullish,of 8 ratings,N/A
KOOL,$0.6799,1441308040677,"4,511",100% bullish,of 5 ratings,$7
CYOU,$18.58,1441308040707,"59,093",50% bullish,of 6 ratings,$24
CERS,$4.94,1441308040808,"405,274",75% bullish,of 4 ratings,$7
CEVA,$19.295,1441308040867,"51,862",100% bearish,of 1 rating,$25
HOTR,$1.32,1441308040950,"69,315",100% bullish,of 2 ratings,$5
HOTRW,$0.1499,1441308041115,"5,200",Not yet rated,NULL,N/A
CTHR,$1.29,1441308041177,"1,355",50% bullish,of 2 ratings,$2.50
CHFN,$12.2332,1441308041217,"3,584",Not yet rated,NULL,$14
CHTR,$182.16,1441308041250,"374,960",100% bearish,of 2 ratings,$202
GTLS,$23.46,1441308041271,"119,417",50% bullish,of 4 ratings,$40
CHKP,$78.295,1441308041347,"441,255",50% bullish,of 4 ratings,$92
CHEK,$2.45,1441308041408,"1,582",Not yet rated,NULL,$7.75
CHEKW,NULL,1441308041583,0,Not yet rated,NULL,N/A
CEMI,$4.2,1441308041670,"3,123",50% bullish,of 2 ratings,$7.50
CCXI,$6.37,1441308041773,"8,239",67% bullish,of 3 ratings,$14
CHFC,$30.82,1441308041864,"26,795",100% bearish,of 1 rating,$36
CHMG,$26.3927,1441308041922,"1,520",Not yet rated,NULL,$30
CHKE,$25.5501,1441308042007,"9,154",100% bearish,of 1 rating,$32.50
CHEV,$14.5,1441308042067,401,Not yet rated,NULL,N/A
CHMA,$28.495,1441308042139,"83,322",Not yet rated,NULL,$40
PLCE,$58.75,1441308042271,"68,872",100% bearish,of 1 rating,$69
CADC,NULL,1441308042305,0,78% bullish,of 9 ratings,N/A
CBNK,$16.64,1441308042332,"5,167",100% bearish,of 1 rating,N/A
CMRX,$49.89,1441308042400,"215,524",50% bullish,of 2 ratings,$57
CAAS,$6.115,1441308042475,"16,922",93% bullish,of 14 ratings,$11.50
CALI,$0.8201,1441308042607,720,67% bullish,of 3 ratings,N/A
CBAK,$2.03,1441308042634,"67,340",67% bullish,of 9 ratings,N/A
CBPO,$94.516,1441308042660,"54,544",75% bullish,of 8 ratings,$140.50
CCCL,$0.7763,1441308042859,"17,940",100% bullish,of 6 ratings,N/A
CCCR,$0.67,1441308042884,"1,400",67% bearish,of 3 ratings,N/A
JRJC,$3.37,1441308042910,"58,848",82% bullish,of 11 ratings,N/A
CHLN,$1.88,1441308043044,"2,660",67% bullish,of 3 ratings,N/A
CJJD,$1.7975,1441308043147,"2,200",100% bullish,of 1 rating,N/A
CHOP,$1.08,1441308043179,"1,447",50% bullish,of 2 ratings,N/A
HTHT,$25.63,1441308043205,"24,119",50% bullish,of 2 ratings,$28.40
HGSH,$1.7737,1441308043279,"5,219",67% bullish,of 3 ratings,N/A
CREG,$0.66,1441308043306,"11,123",100% bullish,of 3 ratings,N/A
CHNR,$1.5899,1441308043346,"3,168",100% bearish,of 1 rating,N/A
CNIT,$1.17,1441308043494,"51,248",67% bullish,of 6 ratings,N/A
CPGI,$6.78,1441308043832,"6,100",Not yet rated,NULL,N/A
CNTF,$0.7522,1441308043889,"54,681",Not yet rated,NULL,N/A
CSUN,$1.3799,1441308043914,"6,856",80% bullish,of 5 ratings,N/A
CNYD,$3.26,1441308043995,"6,949",67% bullish,of 3 ratings,N/A
CHSCL,$27.1439,1441308044101,"31,035",Not yet rated,NULL,N/A
CNET,$0.8258,1441308044166,"19,933",50% bullish,of 2 ratings,N/A
IMOS,$19.33,1441308044309,"140,868",60% bullish,of 5 ratings,$21.50
CXDC,$6,1441308044348,"20,674",67% bearish,of 3 ratings,N/A
CHSCN,$26.9964,1441308044375,"1,913",Not yet rated,NULL,N/A
CHSCM,$26.18,1441308044396,"25,159",Not yet rated,NULL,N/A
CHSCP,$30.5899,1441308044432,"2,765",Not yet rated,NULL,N/A
CCIH,$7.01,1441308044458,"77,258",67% bullish,of 6 ratings,$12.65
CHSCO,$28.4172,1441308044531,"3,552",Not yet rated,NULL,N/A
CHDN,$132.86,1441308044660,"84,061",Not yet rated,NULL,$165
CHUY,$30.86,1441308044740,"115,868",50% bullish,of 2 ratings,$34
CDTX,$14.2,1441308044950,"6,002",Not yet rated,NULL,$22
CMPR,$71.6225,1441308045030,"144,307",50% bullish,of 2 ratings,$72.50
CIDM,$0.5701,1441308045077,"27,270",50% bullish,of 2 ratings,$2.10
CMCT,NULL,1441308045173,0,100% bearish,of 1 rating,N/A
CINF,$52.84,1441308045271,"386,444",50% bullish,of 4 ratings,$50.50
CSCO,$26.011,1441308045299,"10,231,814",83% bullish,of 210 ratings,$32
CPHR,$4.9899,1441308045327,"2,819",100% bearish,of 1 rating,$17
CTAS,$85.21,1441308045461,"162,314",100% bearish,of 1 rating,$91
CRUS,$30.22,1441308045493,"403,858",75% bullish,of 12 ratings,$44.50
CIFC,$7.05,1441308045525,30,100% bearish,of 1 rating,N/A
CTRN,$26.41,1441308045546,"37,940",100% bearish,of 1 rating,$31.50
CZNC,$19.4,1441308045624,"5,020",Not yet rated,NULL,N/A
CZWI,$8.91,1441308045702,101,Not yet rated,NULL,N/A
CIZN,$19.55,1441308046091,200,Not yet rated,NULL,N/A
CZFC,$12.82,1441308046149,100,Not yet rated,NULL,N/A
CHCO,$47.18,1441308046170,"12,669",Not yet rated,NULL,$46
CTXS,$68.11,1441308046204,"758,802",86% bullish,of 7 ratings,$80
CLNT,$1.53,1441308046225,"1,950",75% bullish,of 8 ratings,N/A
CIVBP,NULL,1441308046253,0,Not yet rated,NULL,N/A
CLNE,$5.26,1441308046301,"591,054",80% bullish,of 15 ratings,$9
CLFD,$17.29,1441308046524,"31,509",67% bullish,of 3 ratings,$18
CIVB,$10.1999,1441308046572,"1,237",Not yet rated,NULL,$11
CLRO,$11.3025,1441308046601,"1,208",50% bullish,of 2 ratings,$14.25
CSBK,$13.84,1441308046703,"16,853",Not yet rated,NULL,N/A
CDTI,$1.58,1441308046761,"33,922",75% bullish,of 4 ratings,$3.20
CBLI,$4.1199,1441308046804,"45,544",60% bullish,of 5 ratings,N/A
CLIR,$4.94,1441308046829,"11,779",100% bullish,of 3 ratings,N/A
CLVS,$81.1601,1441308047075,"157,223",60% bullish,of 5 ratings,$101.50
CMFN,$11.374,1441308047103,"9,443",100% bearish,of 1 rating,$15.50
CCNE,$17.02,1441308047129,"1,245",50% bullish,of 2 ratings,$21.50
CME,$93.55,1441308047262,"452,973",67% bullish,of 3 ratings,$102
COKE,$164.2,1441308047514,"11,946",79% bullish,of 19 ratings,N/A
CNV,$4.48,1441308047542,"6,100",50% bullish,of 2 ratings,$7.15
COBZ,$12.85,1441308047577,"26,629",100% bullish,of 1 rating,$14
CISG,$7.98,1441308047670,"14,545",100% bullish,of 5 ratings,$10
CDRB,$8.9,1441308047731,"117,204",67% bullish,of 3 ratings,N/A
CWAY,NULL,1441308047759,0,Not yet rated,NULL,N/A
CDXS,$3.52,1441308047799,"67,104",64% bullish,of 11 ratings,$6
CVLY,$20.5,1441308047863,"1,000",Not yet rated,NULL,N/A
CCOI,$27.4,1441308048043,"139,703",50% bullish,of 4 ratings,$35
JVA,$4.64,1441308048176,"3,721",83% bullish,of 6 ratings,$7
CGNX,$35.225,1441308048275,"178,073",50% bullish,of 2 ratings,$47
CGNT,$1.53,1441308048304,"3,916",100% bullish,of 2 ratings,$2
COHR,$56.21,1441308048352,"31,548",50% bullish,of 2 ratings,$72
CTSH,$63.03,1441308048377,"836,997",90% bullish,of 10 ratings,$75
CHRS,$27.03,1441308048401,"70,586",67% bearish,of 3 ratings,$37
COHU,$9.71,1441308048908,"32,118",100% bearish,of 1 rating,$14.25
CLRX,$0.6793,1441308048941,"42,073",50% bullish,of 2 ratings,N/A
CLCD,$6.07,1441308048965,"30,422",100% bearish,of 1 rating,$20.50
CBAN,$8.9,1441308049039,100,Not yet rated,NULL,N/A
COLL,$15.53,1441308049067,"54,406",100% bearish,of 1 rating,$26
CLCT,$18.06,1441308049100,"13,282",100% bearish,of 1 rating,N/A
CIGI,$43.15,1441308049120,"21,376",100% bearish,of 1 rating,$52
COLB,$29.699,1441308049362,"36,199",Not yet rated,NULL,$36
CBMX,$1.12,1441308049503,885,83% bullish,of 6 ratings,$3.15
COLM,$62.49,1441308049528,"61,576",100% bearish,of 1 rating,$71
CMCO,$19.07,1441308049670,"28,026",60% bullish,of 5 ratings,$28
CMCSK,$57.34,1441308049695,"1,429,199",Not yet rated,NULL,$84
CBSH,$43.84,1441308049745,"98,606",50% bullish,of 2 ratings,$46
CBSHP,$25.3865,1441308049939,"4,483",100% bearish,of 1 rating,N/A
CMCSA,$56.28,1441308050002,"4,846,551",66% bullish,of 35 ratings,$69.50
COMM,$32.77,1441308050070,"265,023",67% bearish,of 3 ratings,$35
CSAL,$20.55,1441308050101,"469,837",75% bullish,of 4 ratings,$30
CVGI,$4.91,1441308050129,"18,187",50% bullish,of 2 ratings,$6
JCS,$9.26,1441308050203,600,67% bullish,of 3 ratings,N/A
CUBN,$13.4,1441308050335,"1,700",Not yet rated,NULL,N/A
ESXB,$5.08,1441308050360,"3,700",Not yet rated,NULL,N/A
CWBC,$6.8601,1441308050526,"27,221",Not yet rated,NULL,N/A
CYHHZ,$0.01,1441308050556,"11,551",100% bullish,of 1 rating,N/A
CTBI,$34.6,1441308050581,"9,074",Not yet rated,NULL,$36
COB,$10.38,1441308050659,"5,730",100% bullish,of 1 rating,$11.75
CVLT,$35.22,1441308050744,"66,900",75% bullish,of 4 ratings,$44.50
CID,NULL,1441308050838,0,Not yet rated,NULL,N/A
CIL,NULL,1441308050862,0,Not yet rated,NULL,N/A
CIZ,$32.7266,1441308050936,816,100% bearish,of 1 rating,N/A
CSF,$36.3549,1441308051006,"1,919",100% bearish,of 1 rating,N/A
CDC,$34.3899,1441308051033,"8,687",Not yet rated,NULL,N/A
CSA,NULL,1441308051081,0,Not yet rated,NULL,N/A
CFO,$35.21,1441308051235,"15,571",100% bearish,of 1 rating,N/A
CFA,$35.31,1441308051261,"1,800",100% bearish,of 1 rating,N/A
CDL,NULL,1441308051306,0,Not yet rated,NULL,N/A
CSB,NULL,1441308051390,0,Not yet rated,NULL,N/A
CGEN,$5.01,1441308051498,"54,133",50% bullish,of 2 ratings,$11
CPSI,$45.51,1441308051547,"21,055",100% bearish,of 1 rating,$45.50
CTG,$6.71,1441308051679,"9,385",100% bearish,of 1 rating,$8.50
CMTL,$26.31,1441308051709,"7,903",100% bearish,of 2 ratings,$37
CHCI,$0.68,1441308051745,"3,388",50% bullish,of 2 ratings,N/A
SCOR,$47.5544,1441308051766,"706,615",100% bearish,of 1 rating,$66
CNAT,$3.87,1441308051808,"37,940",83% bullish,of 6 ratings,$13
CNSI,$18.284,1441308051837,"45,293",100% bearish,of 2 ratings,$29
CNCE,$15.94,1441308051943,"69,093",75% bullish,of 4 ratings,$22
CCUR,$5.425,1441308052079,"7,117",75% bullish,of 4 ratings,N/A
CXRX,$82.0831,1441308052110,"3,420",100% bearish,of 1 rating,$90
CDORO,$16.95,1441308052305,"2,150",100% bearish,of 1 rating,N/A
CFMS,$14.45,1441308052408,"228,742",100% bearish,of 1 rating,$26.50
CDOR,$1.25,1441308052433,"5,730",100% bullish,of 1 rating,N/A
CDORP,$6.75,1441308052458,"4,938",100% bearish,of 1 rating,N/A
CNMD,$51.43,1441308052494,"73,844",Not yet rated,NULL,$59
CNFR,$9.73,1441308052520,"4,200",Not yet rated,NULL,N/A
CTWS,$35.07,1441308052590,"6,336",100% bearish,of 1 rating,$44
CNXR,$6.9501,1441308052648,"32,445",100% bearish,of 1 rating,$12
CNOB,$18.96,1441308052972,"5,860",100% bullish,of 1 rating,$23.50
CONN,$28.12,1441308053004,"161,528",67% bullish,of 3 ratings,$48.50
CTCT,$24.63,1441308053071,"77,956",67% bullish,of 3 ratings,$37
CNSL,$19.56,1441308053096,"49,142",100% bearish,of 1 rating,$23
CWCO,$10.3027,1441308053150,"11,860",67% bullish,of 3 ratings,$14.50
CPSS,$5.5643,1441308053286,"4,011",100% bullish,of 1 rating,$10
CFRX,$4.83,1441308053312,"8,591",Not yet rated,NULL,$14
CTRV,$3.62,1441308053444,"2,909",Not yet rated,NULL,$6.40
CFRXW,NULL,1441308053472,0,100% bearish,of 1 rating,N/A
CFRXZ,NULL,1441308053547,0,Not yet rated,NULL,N/A
CTRL,$8.59,1441308053576,"90,767",50% bullish,of 2 ratings,$11
CORT,$4.92,1441308053611,"144,764",67% bullish,of 3 ratings,$12
CPRT,$34.91,1441308053644,"98,482",67% bearish,of 3 ratings,$40
CRBP,$1.8469,1441308053744,"109,267",100% bullish,of 2 ratings,$6.25
BVA,$3.83,1441308053954,1,50% bullish,of 2 ratings,N/A
CORE,$59.96,1441308053990,"46,371",100% bearish,of 1 rating,$72
CRVL,$30.69,1441308054175,"11,128",100% bearish,of 1 rating,N/A
CORI,$10.79,1441308054203,"33,319",100% bearish,of 1 rating,$18
CSOD,$36.74,1441308054224,"191,038",50% bullish,of 2 ratings,$42
CVTI,$22.78,1441308054366,"27,394",67% bearish,of 3 ratings,$39
COSI,$1.0901,1441308054396,"56,323",100% bullish,of 1 rating,N/A
CPAH,$0.44,1441308054422,"10,542",50% bullish,of 2 ratings,N/A
ICBK,$18.7,1441308054447,101,Not yet rated,NULL,$21
COST,$140.54,1441308054582,"626,827",79% bullish,of 24 ratings,$154.50
CSGP,$177.88,1441308054613,"51,692",50% bullish,of 2 ratings,$235
COVS,$2.55,1441308054640,"23,926",67% bullish,of 3 ratings,N/A
COWNL,$26.3,1441308054798,"5,400",Not yet rated,NULL,N/A
CPSH,$2.3799,1441308054878,200,Not yet rated,NULL,N/A
COWN,$5.04,1441308054953,"424,122",75% bullish,of 4 ratings,$7
CRAI,$23.49,1441308055006,"9,815",100% bearish,of 1 rating,$36
BREW,$7.8299,1441308055117,"11,236",67% bullish,of 6 ratings,$15
CBRL,$147.07,1441308055220,"109,404",50% bullish,of 2 ratings,$155
CACC,$201.79,1441308055266,"32,930",50% bullish,of 2 ratings,$158.50
CRAY,$21.36,1441308055299,"115,765",83% bullish,of 6 ratings,$38.50
SLVO,$10.0001,1441308055395,350,100% bearish,of 1 rating,N/A
CREE,$26.5901,1441308055458,"391,794",65% bullish,of 17 ratings,$29.50
GLDI,$11.01,1441308055483,"6,565",100% bearish,of 1 rating,N/A
CRTO,$37.53,1441308055554,"210,951",67% bullish,of 6 ratings,$64
CRESY,$10.32,1441308055583,"10,792",100% bearish,of 1 rating,$19
CCRN,$14.39,1441308055714,"184,103",100% bearish,of 1 rating,$14.25
CRDS,$1.1199,1441308055822,"201,010",75% bullish,of 4 ratings,$3.50
CRWS,$8.07,1441308055981,"3,793",Not yet rated,NULL,$10
CRWN,$5.2,1441308056008,"50,753",75% bullish,of 4 ratings,N/A
CROX,$14.125,1441308056087,"232,615",63% bullish,of 8 ratings,$16.50
CYRX,$2.9601,1441308056145,"6,000",Not yet rated,NULL,$9
CYRXW,$0.74,1441308056170,"25,500",Not yet rated,NULL,N/A
CCLP,$13.9881,1441308056217,"37,456",67% bearish,of 3 ratings,$20
CSGS,$30.675,1441308056246,"58,149",Not yet rated,NULL,$40
CSPI,$5.6799,1441308056350,"8,701",67% bullish,of 3 ratings,N/A
CTCM,$1.74,1441308056478,"56,604",80% bearish,of 5 ratings,$3.90
CTIB,$3.73,1441308056505,"1,600",100% bearish,of 1 rating,N/A
CTRP,$66.3,1441308056525,"549,907",75% bullish,of 8 ratings,$92.50
CTIC,$1.57,1441308056559,"186,330",84% bullish,of 76 ratings,$5.75
CUNB,$21.62,1441308056690,"7,810",Not yet rated,NULL,$24.50
CUI,$5.3999,1441308056714,"14,650",50% bullish,of 2 ratings,$10
CPIX,$6.1695,1441308056966,"10,276",Not yet rated,NULL,N/A
CMLS,$1.32,1441308056996,"68,937",50% bullish,of 4 ratings,$6
CUTR,$15,1441308057017,"51,770",67% bearish,of 3 ratings,$18
CRIS,$2.56,1441308057069,"63,183",100% bullish,of 8 ratings,$6
CVV,$11.44,1441308057095,"5,889",100% bullish,of 5 ratings,N/A
CVBF,$16.03,1441308057225,"66,568",Not yet rated,NULL,$18
CYBX,$64.62,1441308057289,"57,591",50% bullish,of 4 ratings,$71.50
CYAN,$6.2101,1441308057316,"7,780",100% bearish,of 1 rating,N/A
CYBR,$48.2245,1441308057372,"597,713",75% bullish,of 8 ratings,$68.50
CYBE,$6.81,1441308057450,"7,102",100% bearish,of 1 rating,N/A
CYCCP,NULL,1441308057615,0,100% bearish,of 1 rating,N/A
CYCC,$0.5599,1441308057641,"14,926",73% bullish,of 11 ratings,N/A
CYNA,$15.99,1441308057670,"11,193",50% bullish,of 2 ratings,$31.50
CBAY,$2.66,1441308057709,"5,284",100% bullish,of 1 rating,$4
CYNO,$33.01,1441308057776,"144,926",67% bearish,of 3 ratings,$45.50
CY,$10.175,1441308057801,"3,533,390",80% bullish,of 10 ratings,$15.50
CYTX,$0.3683,1441308058053,"749,606",83% bullish,of 12 ratings,$5.50
CYRN,$1.78,1441308058083,"7,935",67% bullish,of 3 ratings,$4
CYTK,$7.09,1441308058161,"104,182",71% bullish,of 14 ratings,$13.50
CONE,$32.15,1441308058191,"511,102",67% bearish,of 3 ratings,$35.50
CTSO,$7.3,1441308058219,"37,371",Not yet rated,NULL,$15.625
DAEG,$0.3501,1441308058244,"2,600",100% bearish,of 1 rating,N/A
CYTR,$2.47,1441308058293,"298,051",67% bullish,of 6 ratings,$10
TVIZ,$22.163,1441308058423,"5,512",100% bearish,of 1 rating,N/A
TVIX,$14.81,1441308058584,"12,274,163",81% bullish,of 16 ratings,N/A
XIV,$24.615,1441308058636,"20,904,393",75% bearish,of 4 ratings,N/A
ZIV,$36.34,1441308058662,"43,376",Not yet rated,NULL,N/A
DAKT,$8.5,1441308058731,"77,053",50% bullish,of 2 ratings,$12
DJCO,$193,1441308058805,105,Not yet rated,NULL,N/A
DTLK,$5.54,1441308058931,"42,066",100% bearish,of 1 rating,$9
DARA,$0.825,1441308058956,"38,565",83% bullish,of 6 ratings,$1.50
DAIO,$2.55,1441308058985,"5,623",Not yet rated,NULL,N/A
PLAY,$36.19,1441308059086,"181,135",100% bullish,of 5 ratings,$42
DWCH,$4.955,1441308059118,"6,042",75% bullish,of 4 ratings,$8.25
DRAM,$1.329,1441308059144,"4,502",78% bullish,of 9 ratings,N/A
DTEA,$12.93,1441308059216,"23,897",100% bearish,of 2 ratings,$24
DWSN,$4.3,1441308059362,"16,215",67% bullish,of 3 ratings,N/A
DBVT,$37.8,1441308059464,"51,113",100% bearish,of 1 rating,$53
TRAK,$62.86,1441308059552,"178,371",50% bullish,of 2 ratings,$62.50
DHRM,$1.585,1441308059608,"17,500",Not yet rated,NULL,N/A
DFRG,$14.5,1441308059696,"47,466",100% bearish,of 1 rating,$20
DGAS,$20.38,1441308059748,"4,378",67% bearish,of 3 ratings,N/A
TACO,$12.87,1441308059830,"30,822",75% bullish,of 4 ratings,$20
DELT,$2.12,1441308059887,"1,100",Not yet rated,NULL,N/A
DCTH,$0.4299,1441308060054,"51,227",78% bullish,of 9 ratings,N/A
DELTW,NULL,1441308060090,0,Not yet rated,NULL,N/A
TACOW,$4.01,1441308060110,"1,308",100% bullish,of 1 rating,N/A
DENN,$11.2,1441308060141,"99,409",100% bullish,of 3 ratings,$15
DEPO,$26.81,1441308060183,"543,366",60% bullish,of 5 ratings,$29
XRAY,$51.66,1441308060274,"171,507",100% bullish,of 1 rating,$58
DSCI,$6.01,1441308060317,"109,804",50% bullish,of 2 ratings,$16
DERM,$25.79,1441308060462,"27,068",100% bearish,of 1 rating,$33.50
DEST,$10.4,1441308060635,"26,275",50% bullish,of 2 ratings,N/A
DHXM,$6.042,1441308060692,"6,695",100% bearish,of 1 rating,N/A
DXM,$0.28,1441308060737,"109,290",50% bullish,of 2 ratings,N/A
DXCM,$88.468,1441308060792,"438,435",57% bullish,of 7 ratings,$98
DSWL,$1.51,1441308060818,"11,305",100% bullish,of 1 rating,N/A
DHIL,$189.82,1441308060886,608,Not yet rated,NULL,N/A
DMND,$30.51,1441308060990,"32,491",75% bullish,of 12 ratings,$32
DGII,$10.38,1441308061181,"39,867",100% bearish,of 1 rating,$11
FANG,$67.196,1441308061209,"340,951",50% bullish,of 2 ratings,$86
DRNA,$10.8,1441308061240,"44,704",67% bearish,of 3 ratings,$25
DCIX,$1.59,1441308061268,"19,810",50% bullish,of 4 ratings,$3.50
DXLG,$6.51,1441308061293,"224,945",100% bearish,of 1 rating,$8
DMRC,$38.3,1441308061337,"29,695",100% bearish,of 1 rating,$44
DRAD,$3.75,1441308061589,"4,163",100% bullish,of 1 rating,$5.25
DGLY,$7.3115,1441308061667,"41,959",50% bullish,of 6 ratings,$20
DCOM,$16.7,1441308061745,"52,283",100% bearish,of 2 ratings,$16
DIOD,$22.02,1441308061772,"374,435",75% bearish,of 4 ratings,$24
APPS,$2.15,1441308061797,"215,207",100% bearish,of 1 rating,$10.25
DISCA,$27.17,1441308061854,"1,169,392",67% bullish,of 3 ratings,$34
DPRX,$13.58,1441308061900,"22,629",100% bullish,of 2 ratings,$27.75
DISCB,$27.3983,1441308062078,400,100% bearish,of 1 rating,$35
DVCR,$10.3875,1441308062149,501,100% bullish,of 1 rating,N/A
BAGR,$2.7199,1441308062213,"1,877",100% bearish,of 1 rating,$6
DSCO,$0.4601,1441308062242,"225,833",83% bullish,of 6 ratings,$2.75
DISCK,$25.87,1441308062263,"404,125",100% bearish,of 1 rating,$32
DISH,$59.84,1441308062396,"528,241",69% bullish,of 13 ratings,$73
DLHC,$2.49,1441308062426,702,100% bearish,of 1 rating,N/A
DNBF,$26.01,1441308062448,200,Not yet rated,NULL,$27.50
DLTR,$66.87,1441308062586,"2,652,425",82% bullish,of 11 ratings,$85
DGICA,$14,1441308062716,"10,934",100% bearish,of 1 rating,$17
DGICB,NULL,1441308062798,0,100% bearish,of 1 rating,N/A
DMLP,$14.68,1441308062827,"17,188",100% bearish,of 1 rating,N/A
HILL,$9.7,1441308062889,"337,791",60% bearish,of 5 ratings,$9.75
DORM,$50.07,1441308062915,"86,669",100% bearish,of 1 rating,$56
DWA,$21.08,1441308062985,"338,226",63% bullish,of 8 ratings,$26
DRWIW,$0.055,1441308063013,"31,741",Not yet rated,NULL,N/A
DRWI,$0.2089,1441308063042,"528,464",60% bullish,of 5 ratings,$.45
DRYS,$0.4519,1441308063259,"1,738,689",77% bullish,of 31 ratings,$.60
DSKX,$3.4199,1441308063410,"58,483",100% bullish,of 1 rating,N/A
CADTR,NULL,1441308063502,0,Not yet rated,NULL,N/A
CADTW,NULL,1441308063549,0,Not yet rated,NULL,N/A
CADT,$9.9999,1441308063574,"14,600",Not yet rated,NULL,N/A
CADTU,$10.21,1441308063595,"3,700",Not yet rated,NULL,N/A
DSPG,$8.98,1441308063627,"11,256",100% bearish,of 1 rating,$13.50
DTSI,$28.3,1441308063737,"71,515",100% bearish,of 2 ratings,$39.50
DRRX,$2.06,1441308063766,"86,317",50% bullish,of 6 ratings,$3
DXPE,$29.463,1441308063866,"81,909",50% bullish,of 2 ratings,N/A
DNKN,$48.97,1441308063892,"533,018",67% bullish,of 15 ratings,$56.50
BOOM,$10.9,1441308063924,"96,716",67% bullish,of 3 ratings,$12
DYAX,$22.17,1441308063951,"173,876",89% bullish,of 9 ratings,$30
DYSL,$1.51,1441308064100,"20,289",100% bullish,of 2 ratings,N/A
DVAX,$28,1441308064126,"109,496",70% bullish,of 10 ratings,$40
DYNT,$3.03,1441308064151,"3,026",75% bullish,of 4 ratings,N/A
ETFC,$25.55,1441308064380,"1,527,504",57% bullish,of 14 ratings,$32.50
EBMT,$11.53,1441308064422,667,Not yet rated,NULL,$13.50
EGBN,$41.53,1441308064481,"14,392",Not yet rated,NULL,$48
EGRX,$78.6448,1441308064524,"72,272",67% bullish,of 3 ratings,$97
EROC,$1.5,1441308064579,"114,253",50% bullish,of 2 ratings,$3
EACQU,NULL,1441308064622,0,Not yet rated,NULL,N/A
ELNK,$8.53,1441308064726,"210,950",60% bullish,of 5 ratings,$9.50
EWBC,$39.34,1441308064753,"306,757",100% bearish,of 1 rating,$50
EGLE,$6.6119,1441308064834,"19,011",60% bullish,of 5 ratings,N/A
EBAY,$27.16,1441308064884,"4,579,137",81% bullish,of 117 ratings,$34
EML,$16.5235,1441308064913,968,Not yet rated,NULL,N/A
EVBS,$6.59,1441308064962,200,Not yet rated,NULL,$7
EBIX,$28.72,1441308064993,"62,015",69% bullish,of 13 ratings,$40
ELON,$0.573,1441308065019,"35,527",50% bullish,of 2 ratings,N/A
ECHO,$23.03,1441308065228,"175,093",67% bearish,of 3 ratings,$34.50
ECTE,$1.57,1441308065254,"21,271",75% bullish,of 4 ratings,N/A
SATS,$44.32,1441308065384,"33,952",50% bullish,of 2 ratings,$60
EEI,$11.8099,1441308065409,"2,541",67% bearish,of 3 ratings,N/A
ESES,$3.11,1441308065479,506,100% bearish,of 1 rating,$7
EDAP,$3.55,1441308065537,"15,376",60% bullish,of 5 ratings,$4.50
ECACU,NULL,1441308065562,0,Not yet rated,NULL,N/A
EDGW,$7.18,1441308065634,384,100% bearish,of 1 rating,N/A
EDUC,$6.61,1441308065826,"32,850",100% bearish,of 1 rating,N/A
EFUT,$4.62,1441308065854,300,Not yet rated,NULL,N/A
EGAN,$3.65,1441308065883,"5,004",50% bullish,of 2 ratings,$6.25
EGLT,$12.71,1441308065914,"67,542",50% bullish,of 2 ratings,$21
EHTH,$14.98,1441308065940,"46,267",50% bullish,of 4 ratings,$17
LOCO,$12.41,1441308066018,"193,622",69% bullish,of 13 ratings,$19.50
EMITF,$1.25,1441308066077,"7,599",75% bullish,of 4 ratings,N/A
ESLT,$78.6046,1441308066174,"1,715",67% bullish,of 3 ratings,N/A
ERI,$9.43,1441308066312,"24,233",100% bearish,of 1 rating,$10
ELRC,$10.685,1441308066414,"4,956",100% bearish,of 1 rating,N/A
ESIO,$4.5,1441308066444,"72,757",50% bullish,of 2 ratings,$10
EFII,$43.49,1441308066520,"50,309",80% bullish,of 5 ratings,$55
EA,$66.06,1441308066545,"1,416,684",78% bullish,of 36 ratings,$80
ELSE,NULL,1441308066574,0,60% bullish,of 5 ratings,N/A
ELECU,$9.998,1441308066598,300,Not yet rated,NULL,N/A
ELEC,NULL,1441308066622,0,Not yet rated,NULL,N/A
EBIO,$3.33,1441308066855,"90,806",100% bearish,of 2 ratings,$8.35
RDEN,$11.81,1441308066896,"112,780",100% bearish,of 4 ratings,$15
ELECW,NULL,1441308066920,0,Not yet rated,NULL,N/A
ESBK,$19.26,1441308066956,"2,384",Not yet rated,NULL,N/A
CAPX,$22.85,1441308066983,1,Not yet rated,NULL,N/A
LONG,$16.73,1441308067123,"3,000",67% bullish,of 3 ratings,$15.75
ELTK,$1.27,1441308067266,"40,697",67% bearish,of 3 ratings,N/A
EMCI,$22.345,1441308067412,"35,928",Not yet rated,NULL,N/A
EMMSP,NULL,1441308067542,0,100% bearish,of 1 rating,N/A
EMKR,$6.9,1441308067575,"67,054",75% bullish,of 4 ratings,$8.50
EMMS,$1.27,1441308067598,"20,777",83% bullish,of 6 ratings,N/A
EMCF,$23.51,1441308067619,100,100% bearish,of 1 rating,N/A
NYNY,$4.312,1441308067654,"9,753",50% bullish,of 2 ratings,N/A
ENTA,$39.35,1441308067679,"65,423",50% bullish,of 2 ratings,$42
ERS,NULL,1441308067976,0,Not yet rated,NULL,N/A
ECPG,$38.46,1441308068005,"76,078",100% bullish,of 2 ratings,$52
WIRE,$32.332,1441308068026,"43,227",100% bearish,of 1 rating,$37
ENDP,$74.91,1441308068156,"508,977",50% bullish,of 6 ratings,$101.50
EIGI,$15.22,1441308068287,"203,223",67% bearish,of 3 ratings,$22.50
ELGX,$12.79,1441308068343,"733,576",75% bullish,of 4 ratings,$17
ECYT,$5.19,1441308068443,"141,509",83% bullish,of 6 ratings,$12
WATT,$6.8001,1441308068469,"30,156",50% bullish,of 2 ratings,$13
EXXI,$1.8,1441308068501,"948,485",86% bullish,of 7 ratings,$3.50
EFOI,$23.9,1441308068523,"683,245",50% bullish,of 2 ratings,$24.50
ERII,$2.6,1441308068544,"23,033",80% bullish,of 5 ratings,$2.50
ENOC,$8.79,1441308068603,"88,483",75% bullish,of 4 ratings,$18
ENPH,$4.39,1441308068703,"599,127",75% bullish,of 4 ratings,$11
ENG,$1.04,1441308068728,"42,366",100% bullish,of 3 ratings,N/A
ESGR,$149.67,1441308068875,"20,918",100% bearish,of 1 rating,$185
ENFC,$17.4501,1441308069000,801,Not yet rated,NULL,N/A
ETRM,$0.2921,1441308069100,"833,814",69% bearish,of 35 ratings,$1.625
ENTL,$21.9,1441308069189,"7,778",Not yet rated,NULL,$28
ENTG,$13.6,1441308069214,"169,790",100% bearish,of 1 rating,$18
EFSC,$23.92,1441308069345,"15,651",Not yet rated,NULL,$27
EGT,$2.0093,1441308069374,"3,200",100% bullish,of 1 rating,N/A
EBTC,$21.52,1441308069399,759,Not yet rated,NULL,N/A
ENVI,$1.89,1441308069429,"29,666",67% bullish,of 3 ratings,N/A
ENZN,$0.99,1441308069509,"70,606",100% bullish,of 9 ratings,N/A
ENZY,$10.415,1441308069649,"32,799",67% bullish,of 3 ratings,$9.50
EPRS,$5.1,1441308069677,"15,634",82% bullish,of 11 ratings,$15
EPIQ,$12.72,1441308069698,"16,671",100% bearish,of 1 rating,$18
EQIX,$274.46,1441308069838,"327,826",75% bullish,of 4 ratings,$312.50
PLUS,$73.41,1441308069867,"23,927",50% bullish,of 2 ratings,$88
EPZM,$19.885,1441308069973,"139,052",60% bullish,of 5 ratings,$34
ESCA,$17.97,1441308070111,"1,681",100% bearish,of 1 rating,$22
EAC,$3.4799,1441308070140,"7,938",100% bearish,of 1 rating,$8
EQFN,$8.2,1441308070160,500,100% bearish,of 1 rating,N/A
ERIC,$9.86,1441308070190,"1,032,045",67% bullish,of 9 ratings,$12.20
ERIE,$81.39,1441308070211,"12,373",Not yet rated,NULL,$73
ESCR,$0.1962,1441308070345,"245,712",50% bullish,of 2 ratings,N/A
ESCRP,$1.5,1441308070374,"2,736",100% bearish,of 1 rating,N/A
ESMC,$1.34,1441308070451,900,Not yet rated,NULL,N/A
ESPR,$45.7695,1441308070506,"411,247",70% bearish,of 10 ratings,$115
ESSA,$12.84,1441308070531,"1,320",100% bearish,of 1 rating,N/A
ESND,$33.73,1441308070559,"30,180",100% bearish,of 2 ratings,$40
EPIX,NULL,1441308070704,0,Not yet rated,NULL,N/A
ESSX,$0.4901,1441308070776,"2,334",50% bullish,of 2 ratings,N/A
CLWT,NULL,1441308070923,0,100% bearish,of 1 rating,N/A
ETSY,$14.13,1441308070955,"200,989",80% bullish,of 5 ratings,$16
EEFT,$65.73,1441308070976,"64,443",100% bearish,of 1 rating,$67.50
ESEA,$4.68,1441308071025,"1,288",100% bullish,of 1 rating,$15
EVEP,$8.5499,1441308071053,"136,208",50% bullish,of 2 ratings,$15
EVOK,$3.6,1441308071179,"41,559",100% bearish,of 1 rating,$13.375
EVK,$3.56,1441308071269,100,75% bearish,of 4 ratings,N/A
EXA,$10.355,1441308071339,"87,085",100% bearish,of 1 rating,$13
EVOL,$5.78,1441308071364,"7,157",75% bullish,of 4 ratings,$10
EVLV,$2.65,1441308071395,"48,170",60% bullish,of 5 ratings,$4.625
EXAS,$21.09,1441308071420,"493,005",78% bullish,of 9 ratings,$31
EXEL,$5.61,1441308071553,"2,071,595",81% bullish,of 16 ratings,$6
EXAC,$18.9,1441308071603,"8,118",100% bearish,of 1 rating,$22.50
EXFO,$2.95,1441308071684,401,67% bearish,of 3 ratings,$3.95
EXLS,$36.7,1441308071750,"33,764",50% bullish,of 2 ratings,$41
EXPD,$49.25,1441308071837,"931,567",80% bullish,of 5 ratings,$52
EXPE,$113.504,1441308071868,"276,021",64% bullish,of 11 ratings,$130
ESRX,$84.18,1441308071893,"1,026,283",67% bearish,of 6 ratings,$101
EXPO,$42.7702,1441308071970,"18,582",100% bearish,of 1 rating,$45.50
EXLP,$18.94,1441308072223,"56,263",100% bearish,of 1 rating,$25
EYEGW,$1.0401,1441308072280,200,Not yet rated,NULL,N/A
EZCH,$22.34,1441308072330,"61,987",75% bullish,of 8 ratings,$19.50
EYEG,$3.756,1441308072360,"8,256",Not yet rated,NULL,N/A
FB,$88.47,1441308072389,"12,269,794",73% bullish,of 1074 ratings,$111
EXTR,$3.16,1441308072410,"466,909",80% bullish,of 5 ratings,$3
EZPW,$6.02,1441308072443,"155,269",50% bullish,of 4 ratings,$7
FFIV,$121.57,1441308072540,"257,863",63% bullish,of 8 ratings,$132
FCS,$13.91,1441308072764,"323,845",67% bearish,of 3 ratings,$17
FALC,$1.71,1441308072817,"2,046",63% bearish,of 8 ratings,N/A
FRP,$15.84,1441308072861,"17,531",100% bearish,of 1 rating,$18
FWM,$2.26,1441308072887,"62,295",100% bearish,of 2 ratings,$3.20
DAVE,$15.15,1441308072914,"21,791",100% bearish,of 1 rating,$15.50
FFKT,$25.26,1441308073070,"5,260",Not yet rated,NULL,$29
FARM,$23.0301,1441308073096,"15,234",100% bearish,of 1 rating,$35
FARO,$37.72,1441308073160,"27,513",50% bullish,of 2 ratings,$48
FAST,$37.61,1441308073230,"1,097,129",80% bullish,of 5 ratings,$45.50
FMNB,$8.26,1441308073266,"26,146",Not yet rated,NULL,N/A
FBSS,NULL,1441308073361,0,Not yet rated,NULL,N/A
FATE,$6.0005,1441308073388,"6,471",50% bullish,of 2 ratings,$11
FBRC,$21.82,1441308073448,"21,843",100% bearish,of 1 rating,$29
FEIC,$75.614,1441308073724,"76,644",50% bullish,of 2 ratings,$95.50
FDML,$8.58,1441308073756,"84,844",50% bullish,of 4 ratings,$14
FHCO,$1.39,1441308073786,"22,900",50% bullish,of 4 ratings,N/A
FNHC,$22.04,1441308073807,"13,480",100% bearish,of 1 rating,$35
FENX,$9.59,1441308073932,"57,947",100% bullish,of 1 rating,$14.25
FGEN,$22.8,1441308074033,"122,684",100% bearish,of 1 rating,$39
ONEQ,$186.8128,1441308074060,"9,020",100% bullish,of 1 rating,N/A
FCSC,$5.5009,1441308074087,"97,049",100% bearish,of 1 rating,$8.125
LION,$19.29,1441308074136,"45,658",100% bullish,of 1 rating,$20
FDUS,$14.75,1441308074266,"17,453",50% bullish,of 2 ratings,$18
FSAM,$7.89,1441308074292,"2,847",100% bearish,of 1 rating,$10.25
FRGI,$51.73,1441308074319,"32,727",50% bullish,of 2 ratings,$70
FSC,$6.59,1441308074367,"328,111",60% bullish,of 5 ratings,$8
FSCFL,$24.55,1441308074498,"10,870",Not yet rated,NULL,N/A
FITB,$19.45,1441308074591,"1,839,306",54% bullish,of 13 ratings,$22
FSFR,$8.85,1441308074628,"59,243",100% bearish,of 1 rating,$11.50
FITBI,$27.44,1441308074757,"4,933",Not yet rated,NULL,N/A
FNGN,$30.83,1441308074787,"116,947",67% bullish,of 3 ratings,$47
FNSR,$15.47,1441308074828,"198,269",71% bullish,of 7 ratings,$24
FISI,$24.37,1441308074875,"5,295",100% bullish,of 2 ratings,$24.50
FNJN,$1.7499,1441308074910,"6,505",100% bearish,of 1 rating,$5
FNTC,NULL,1441308075005,0,Not yet rated,NULL,N/A
FNTCU,NULL,1441308075037,0,Not yet rated,NULL,N/A
FNTCW,$0.331,1441308075067,"4,300",Not yet rated,NULL,N/A
FEYE,$36.77,1441308075222,"2,531,842",88% bullish,of 16 ratings,$55.50
FBNC,$16.87,1441308075249,"7,519",100% bullish,of 1 rating,$20
FNLC,$18.83,1441308075380,"4,634",100% bullish,of 1 rating,N/A
FRBA,$6.045,1441308075440,769,Not yet rated,NULL,$8
FBIZ,$22.53,1441308075568,"6,555",100% bearish,of 2 ratings,$26
FCVA,$4.7999,1441308075596,201,Not yet rated,NULL,N/A
BUSE,$6.3,1441308075633,"45,858",Not yet rated,NULL,$6.875
FCAP,$27.39,1441308075662,100,Not yet rated,NULL,N/A
FCCO,$12.25,1441308075764,"8,307",Not yet rated,NULL,$13.25
FCNCA,$230.08,1441308075791,"2,971",Not yet rated,NULL,N/A
FCFS,$39.5544,1441308075817,"38,926",100% bearish,of 3 ratings,$47
FCLF,$9.2,1441308075843,"1,118",Not yet rated,NULL,N/A
FCBC,$17.28,1441308075979,"8,539",Not yet rated,NULL,$18
FCFP,NULL,1441308076080,0,Not yet rated,NULL,N/A
FDEF,$36.91,1441308076171,"7,505",Not yet rated,NULL,$38
FBNK,$16.83,1441308076195,"3,181",100% bearish,of 1 rating,$17.50
FFNM,$6.34,1441308076462,101,Not yet rated,NULL,N/A
THFF,$32.63,1441308076491,"4,984",Not yet rated,NULL,$35
FFIN,$30.18,1441308076546,"36,604",50% bullish,of 2 ratings,$31.75
FFBC,$18.2086,1441308076578,"25,339",67% bearish,of 3 ratings,$20.25
INBK,$29.62,1441308076607,"5,427",50% bullish,of 2 ratings,$37
FFWM,$21.3,1441308076634,"12,037",Not yet rated,NULL,$24
FFNW,$12.15,1441308076678,"10,043",Not yet rated,NULL,$14
FIBK,$26.5,1441308076705,"25,870",Not yet rated,NULL,$32
FRME,$26.01,1441308076893,"92,617",Not yet rated,NULL,$26.50
FMBI,$17.43,1441308076922,"115,469",Not yet rated,NULL,$20
FMBH,NULL,1441308076947,0,Not yet rated,NULL,N/A
FFBCW,NULL,1441308077023,0,100% bearish,of 1 rating,N/A
FNBC,$34.095,1441308077218,"110,125",Not yet rated,NULL,$40
FSGI,$2.4905,1441308077304,"4,000",Not yet rated,NULL,N/A
FNWB,$11.98,1441308077350,"5,359",Not yet rated,NULL,N/A
FSLR,$48.3955,1441308077377,"648,003",72% bullish,of 39 ratings,$65
FSBK,$7.7746,1441308077405,"6,050",100% bullish,of 1 rating,N/A
FNFG,$9.08,1441308077432,"1,323,378",80% bullish,of 5 ratings,$9
FSFG,$31.11,1441308077457,300,Not yet rated,NULL,N/A
FBZ,NULL,1441308077622,0,Not yet rated,NULL,N/A
BICK,$19.274,1441308077657,885,100% bullish,of 1 rating,N/A
FCAN,$24.47,1441308077755,"93,133",Not yet rated,NULL,N/A
FTCS,$36.16,1441308077784,"12,211",100% bearish,of 1 rating,N/A
FCA,$19.305,1441308077887,"118,440",Not yet rated,NULL,N/A
FV,$23.1599,1441308078030,"1,070,705",100% bearish,of 1 rating,N/A
FEMB,NULL,1441308078062,0,Not yet rated,NULL,N/A
FEUZ,$30.89,1441308078166,"13,954",Not yet rated,NULL,N/A
FTSM,$59.95,1441308078192,"56,439",100% bearish,of 1 rating,N/A
TDIV,$24.77,1441308078218,"54,149",100% bearish,of 1 rating,N/A
IFV,$17.5699,1441308078240,"201,155",100% bearish,of 1 rating,N/A
MDIV,$19.035,1441308078416,"95,479",Not yet rated,NULL,N/A
FGM,$35.36,1441308078442,"29,721",Not yet rated,NULL,N/A
FTGC,$22.4439,1441308078509,"58,295",Not yet rated,NULL,N/A
HYLS,$49.5101,1441308078578,"26,905",100% bearish,of 1 rating,N/A
FTHI,$19.29,1441308078604,100,Not yet rated,NULL,N/A
YDIV,$16.29,1441308078775,"1,562",Not yet rated,NULL,N/A
FHK,$32.6631,1441308078906,"18,289",Not yet rated,NULL,N/A
PLTM,$6.33,1441308078933,"9,882",100% bearish,of 1 rating,N/A
CU,$12.8699,1441308078960,"3,067",100% bearish,of 1 rating,N/A
FJP,$46.0301,1441308078985,"6,472",Not yet rated,NULL,N/A
FTLB,$19.25,1441308079132,"10,000",100% bearish,of 1 rating,N/A
LMBS,$50.3654,1441308079157,124,Not yet rated,NULL,N/A
FPXI,$26.38,1441308079191,200,Not yet rated,NULL,N/A
FMB,$51.1345,1441308079288,123,Not yet rated,NULL,N/A
SKYY,$28.6345,1441308079316,"34,874",100% bullish,of 1 rating,N/A
CIBR,$17.5945,1441308079517,"41,740",Not yet rated,NULL,N/A
FONE,NULL,1441308079542,0,Not yet rated,NULL,N/A
QABA,$37.1956,1441308079606,"2,912",100% bearish,of 1 rating,N/A
QCLN,$15.276,1441308079672,"4,734",Not yet rated,NULL,N/A
GRID,$31.47,1441308079735,920,100% bearish,of 1 rating,N/A
CARZ,$34.74,1441308079759,400,100% bearish,of 1 rating,N/A
RDVY,$20.93,1441308079890,"10,985",Not yet rated,NULL,N/A
QQEW,$41.5101,1441308079936,"31,700",Not yet rated,NULL,N/A
QQXT,$40.1,1441308080023,"8,300",Not yet rated,NULL,N/A
QTEC,$39.9,1441308080080,"15,917",Not yet rated,NULL,N/A
AIRR,$16.3801,1441308080182,"1,492",100% bearish,of 1 rating,N/A
FKO,NULL,1441308080239,0,Not yet rated,NULL,N/A
QINC,NULL,1441308080284,0,Not yet rated,NULL,N/A
FTSL,$48.85,1441308080433,"52,106",100% bearish,of 1 rating,N/A
FSZ,$38.6788,1441308080480,"5,309",Not yet rated,NULL,N/A
FDIV,NULL,1441308080538,0,100% bearish,of 1 rating,N/A
FTW,$32.38,1441308080581,"62,131",Not yet rated,NULL,N/A
FKU,$41.44,1441308080672,"5,694",Not yet rated,NULL,N/A
SVVC,$9.2733,1441308080718,"11,000",50% bullish,of 2 ratings,$26
TUSA,$24.75,1441308080777,"1,400",Not yet rated,NULL,N/A
FMER,$17.495,1441308080881,"364,869",50% bullish,of 2 ratings,$20
FUNC,$8.06,1441308080906,"1,863",Not yet rated,NULL,N/A
FSV,$32.1,1441308080935,"13,167",Not yet rated,NULL,$33.60
FIVE,$34.6325,1441308081067,"4,364,845",75% bearish,of 4 ratings,$44
FISV,$85.71,1441308081094,"437,796",100% bearish,of 3 ratings,$90
FPRX,$19.195,1441308081244,"151,665",50% bullish,of 2 ratings,$35
FIVN,$3.85,1441308081353,"69,237",100% bullish,of 1 rating,$8.50
FLKS,$11.56,1441308081495,"22,860",50% bullish,of 2 ratings,$27
SKOR,$50.38,1441308081520,"2,475",Not yet rated,NULL,N/A
FLML,$22.31,1441308081545,"94,167",50% bullish,of 2 ratings,$30
MBSD,$24.98,1441308081592,588,Not yet rated,NULL,N/A
FLXN,$26.07,1441308081751,"38,054",100% bearish,of 1 rating,$40
FLEX,$10.555,1441308081776,"1,392,297",63% bullish,of 8 ratings,$12
FLXS,$31.63,1441308081801,"8,564",100% bearish,of 2 ratings,N/A
FLIR,$28.435,1441308081830,"460,858",100% bearish,of 2 ratings,$38.50
FOGO,$19.16,1441308081981,"42,100",50% bullish,of 2 ratings,$25.50
FFIC,$19.54,1441308082016,"19,606",Not yet rated,NULL,$20.50
FOMX,$9.93,1441308082042,"80,498",50% bullish,of 2 ratings,$23.50
FLDM,$11.065,1441308082087,"96,436",67% bearish,of 3 ratings,$15
FONR,$9.75,1441308082539,"3,372",100% bullish,of 1 rating,N/A
FES,$0.9,1441308082691,"10,029",50% bullish,of 2 ratings,$1
FORM,$6.69,1441308082783,"68,849",67% bullish,of 3 ratings,$10.50
FORR,$31.14,1441308082821,"16,586",Not yet rated,NULL,N/A
FORTY,$30.12,1441308082865,553,100% bearish,of 1 rating,N/A
FTNT,$42.15,1441308083002,"523,127",80% bullish,of 10 ratings,$52
FWP,$26.22,1441308083083,"35,549",100% bearish,of 1 rating,$45
FOSL,$61.06,1441308083115,"203,275",60% bearish,of 5 ratings,$80
FWRD,$44.1501,1441308083145,"96,036",100% bearish,of 1 rating,$50
FORD,$1.6964,1441308083216,"762,370",67% bullish,of 3 ratings,N/A
FMI,$23.85,1441308083244,"101,921",100% bearish,of 2 ratings,$27.50
FBIO,$2.58,1441308083275,"15,436",83% bullish,of 6 ratings,N/A
FXCB,$17.18,1441308083349,"51,863",Not yet rated,NULL,$19
FELE,$28.195,1441308083448,"79,658",50% bullish,of 4 ratings,$33
FOXF,$15.3901,1441308083473,"9,614",100% bearish,of 1 rating,$19
FRAN,$12.08,1441308083498,"658,468",50% bullish,of 4 ratings,$15
FRED,$12.77,1441308083696,"111,757",50% bullish,of 2 ratings,$15.50
RAIL,$20.14,1441308083829,"36,483",100% bearish,of 1 rating,$24.50
FREE,$0.35,1441308083862,"899,586",92% bullish,of 12 ratings,N/A
FTRPR,$107.44,1441308083890,"43,986",100% bearish,of 1 rating,N/A
FRPH,$31.3,1441308083911,"1,035",100% bearish,of 1 rating,N/A
FEIM,$11.03,1441308083944,700,100% bearish,of 1 rating,N/A
FRPT,$12.585,1441308083965,"288,147",67% bearish,of 3 ratings,$23.50
FTR,$5.47,1441308083997,"14,321,523",78% bullish,of 27 ratings,$6.25
FSBW,$23.25,1441308084178,"1,800",Not yet rated,NULL,N/A
FTD,$30.0301,1441308084258,"78,943",100% bearish,of 1 rating,$40
FSYS,$6.5601,1441308084388,"170,769",67% bullish,of 3 ratings,$8.50
FTEK,$1.9799,1441308084417,"24,370",75% bullish,of 4 ratings,N/A
FULL,$3.1001,1441308084486,"33,273",67% bearish,of 3 ratings,$4.25
FCEL,$0.8545,1441308084514,"758,548",88% bullish,of 41 ratings,$2.65
FSNN,$2.06,1441308084649,481,67% bullish,of 3 ratings,$6
FULT,$11.9,1441308084670,"335,475",100% bearish,of 1 rating,$13
FULLL,$25.24,1441308084691,"1,620",Not yet rated,NULL,N/A
FLL,$1.5,1441308084751,"2,600",75% bullish,of 4 ratings,$3.50
FFHL,NULL,1441308084820,0,50% bullish,of 4 ratings,N/A
FXEN,$0.99,1441308084954,"45,566",75% bullish,of 4 ratings,$1.10
FXENP,NULL,1441308085101,0,100% bearish,of 1 rating,N/A
GK,$67.68,1441308085144,"13,992",Not yet rated,NULL,$78
WILC,$4.9299,1441308085171,"2,200",100% bullish,of 2 ratings,N/A
GAIA,$5.96,1441308085198,"20,683",50% bullish,of 2 ratings,$8.50
GLPG,$59.5,1441308085328,"11,259",100% bullish,of 1 rating,$75
GALT,$2.0501,1441308085352,"36,474",80% bullish,of 5 ratings,N/A
GALTW,$0.5569,1441308085483,"8,683",100% bullish,of 1 rating,N/A
GALE,$1.6299,1441308085521,"444,866",89% bullish,of 47 ratings,$4
GLPI,$30.9212,1441308085624,"173,818",100% bearish,of 1 rating,$37.50
GRMN,$37.3,1441308085672,"346,842",50% bullish,of 6 ratings,$46.50
GLMD,$8.21,1441308085702,"1,020",67% bullish,of 3 ratings,$20.50
GALTU,NULL,1441308085757,0,100% bearish,of 1 rating,N/A
GGAC,$9.9,1441308085786,"2,043",100% bearish,of 1 rating,N/A
GPIC,$9.94,1441308085811,"2,746",100% bearish,of 1 rating,N/A
GGACR,$0.255,1441308086033,200,100% bullish,of 1 rating,N/A
GGACU,NULL,1441308086064,0,Not yet rated,NULL,N/A
GGACW,$0.13,1441308086159,150,Not yet rated,NULL,N/A
GENC,$9,1441308086265,"2,468",100% bearish,of 1 rating,N/A
GNCMA,$16.65,1441308086290,"59,862",100% bearish,of 1 rating,$12
GFNSL,$25.8,1441308086317,100,Not yet rated,NULL,N/A
GARS,$14.5667,1441308086344,"28,734",Not yet rated,NULL,$16
GFNCP,$88.06,1441308086474,110,Not yet rated,NULL,N/A
GFN,$4.0199,1441308086500,"6,246",100% bearish,of 2 ratings,$8
GENE,$2.3803,1441308086634,"57,294",100% bullish,of 12 ratings,N/A
GNMK,$9.71,1441308086666,"23,168",67% bullish,of 6 ratings,$14
GHDX,$25.94,1441308086705,"80,344",50% bullish,of 2 ratings,$30
GNCA,$11.06,1441308086731,"51,201",100% bearish,of 1 rating,$20
GNTX,$15.78,1441308086764,"599,465",Not yet rated,NULL,$20
GNVC,$2.5036,1441308086946,"19,710",90% bullish,of 10 ratings,$8.50
GEOS,$17.42,1441308087127,"122,302",100% bearish,of 3 ratings,$21
GEVO,$2.32,1441308087155,"438,346",75% bullish,of 12 ratings,$5
GTWN,NULL,1441308087180,0,Not yet rated,NULL,N/A
THRM,$45.68,1441308087209,"118,975",75% bearish,of 4 ratings,$55.50
GERN,$3.42,1441308087244,"9,103,499",88% bullish,of 16 ratings,$5.25
GIGM,$0.526,1441308087339,"2,800",100% bullish,of 2 ratings,N/A
GABC,$28.75,1441308087368,"6,615",Not yet rated,NULL,$31.50
ROCK,$16.57,1441308087389,"31,555",80% bullish,of 5 ratings,$24
GIGA,$1.356,1441308087547,"73,080",100% bearish,of 1 rating,N/A
GILD,$102.65,1441308087628,"3,486,968",91% bullish,of 87 ratings,$129
GILT,$4.145,1441308087724,"4,181",50% bullish,of 2 ratings,N/A
GBCI,$25.94,1441308087858,"50,121",50% bullish,of 2 ratings,$31
GIII,$70.01,1441308087886,"300,426",67% bullish,of 3 ratings,$75
GLAD,$8.78,1441308087916,"53,559",50% bullish,of 2 ratings,$8.75
GOOD,$14.17,1441308087942,"36,861",Not yet rated,NULL,$19
GLADO,$25.59,1441308088014,"3,100",Not yet rated,NULL,N/A
GOODO,NULL,1441308088086,0,Not yet rated,NULL,N/A
GOODN,$25.5,1441308088115,500,Not yet rated,NULL,N/A
GAIN,$7.5,1441308088261,"43,815",100% bullish,of 2 ratings,$8.25
GAINN,$25.19,1441308088288,"32,224",Not yet rated,NULL,N/A
GOODP,$25.1101,1441308088313,300,Not yet rated,NULL,N/A
LAND,$9.07,1441308088483,"5,246",50% bullish,of 2 ratings,$13.75
GAINO,$25.26,1441308088532,800,Not yet rated,NULL,N/A
GDEF,$10.6499,1441308088669,300,Not yet rated,NULL,N/A
GLBZ,$11.58,1441308088699,273,Not yet rated,NULL,N/A
GAINP,$25.56,1441308088720,"1,826",Not yet rated,NULL,N/A
GBT,$51.45,1441308088754,"74,998",100% bearish,of 1 rating,N/A
ENT,$11.15,1441308088797,"116,766",100% bearish,of 1 rating,$18
GBLI,$27.18,1441308088889,"7,708",Not yet rated,NULL,N/A
GPACU,NULL,1441308088914,0,Not yet rated,NULL,N/A
GSOL,$8.28,1441308089090,"7,342",100% bearish,of 1 rating,N/A
ACTX,$13.17,1441308089146,660,100% bullish,of 1 rating,N/A
QQQC,$18.62,1441308089184,"4,037",100% bearish,of 1 rating,N/A
SOCL,$17.335,1441308089222,"12,053",100% bullish,of 2 ratings,N/A
ALTY,NULL,1441308089293,0,Not yet rated,NULL,N/A
SRET,NULL,1441308089369,0,Not yet rated,NULL,N/A
YLCO,$11.7399,1441308089440,"2,510",Not yet rated,NULL,N/A
GSM,$13.58,1441308089567,"123,416",50% bullish,of 2 ratings,$22
GAI,$6.06,1441308089600,"1,808",50% bullish,of 2 ratings,N/A
GLBS,$1.04,1441308089629,100,67% bullish,of 3 ratings,N/A
GBIM,$2.61,1441308089673,"30,390",50% bullish,of 2 ratings,N/A
GLUU,$4.51,1441308089699,"1,116,228",92% bullish,of 26 ratings,$9
GLRI,$1.1,1441308089733,"149,148",100% bearish,of 1 rating,$4.25
GOGO,$15.96,1441308090047,"266,998",80% bullish,of 5 ratings,$25
GLYC,$6.96,1441308090074,"1,690",50% bullish,of 2 ratings,$14
GLNG,$39.32,1441308090101,"703,316",83% bullish,of 6 ratings,$55.50
GLDC,$4.0899,1441308090122,"2,200",50% bullish,of 2 ratings,N/A
GMLP,$21.3,1441308090150,"99,105",50% bullish,of 4 ratings,$29
GOGL,$2.895,1441308090372,"252,073",75% bullish,of 4 ratings,$5
GOOG,$607,1441308090465,"629,361",86% bullish,of 74 ratings,$787.50
GDEN,$9.06,1441308090494,"5,900",50% bullish,of 2 ratings,N/A
GTIM,$6.69,1441308090515,"3,587",Not yet rated,NULL,$11.50
GOOGL,$638.5401,1441308090548,"520,691",88% bullish,of 1082 ratings,$749
GBDC,$16.98,1441308090570,"118,781",Not yet rated,NULL,$17.75
GPRO,$38.9101,1441308090703,"5,705,843",78% bullish,of 59 ratings,$72
GPIA,$9.75,1441308090765,"2,100",100% bearish,of 1 rating,N/A
GMAN,$3.68,1441308090790,"12,623",60% bullish,of 5 ratings,$8.50
GPIAW,NULL,1441308090965,0,Not yet rated,NULL,N/A
GPIAU,$9.97,1441308090990,500,Not yet rated,NULL,N/A
GBSNU,NULL,1441308091119,0,NULL,NULL,NULL
GLDD,$5.52,1441308091177,"31,935",100% bearish,of 4 ratings,$7.75
GBSN,$0.1794,1441308091230,"9,433,608",50% bullish,of 2 ratings,$8.25
GSBC,$40.5,1441308091257,"14,981",100% bullish,of 1 rating,$44
GRVY,NULL,1441308091308,0,50% bullish,of 2 ratings,N/A
LOPE,$37.18,1441308091416,"87,596",100% bearish,of 2 ratings,$50
GNBC,$11.74,1441308091482,"5,862",100% bearish,of 1 rating,$16.50
GPP,$14.43,1441308091507,"6,800",Not yet rated,NULL,$20.50
GCBC,NULL,1441308091646,0,100% bullish,of 1 rating,N/A
GPRE,$20.485,1441308091673,"169,537",67% bullish,of 6 ratings,$28.50
GRBK,$11.6,1441308091694,"63,260",77% bullish,of 13 ratings,N/A
GRIF,NULL,1441308091851,0,100% bearish,of 1 rating,N/A
GLRE,$24.67,1441308091876,"101,625",50% bullish,of 2 ratings,$34
GRPN,$4.29,1441308091901,"2,243,600",61% bullish,of 71 ratings,$6.75
GRFS,$31.19,1441308091931,"313,236",50% bullish,of 2 ratings,$35
OMAB,$41.89,1441308092061,"26,179",100% bullish,of 1 rating,$44
GGAL,$19.055,1441308092166,"150,151",80% bullish,of 5 ratings,$40
GSIT,$4.6,1441308092226,"3,921",100% bearish,of 1 rating,N/A
GSIG,$12.6,1441308092314,"3,772",100% bearish,of 2 ratings,N/A
GTXI,$0.894,1441308092361,"13,182",100% bullish,of 5 ratings,$.75
GFED,$14.653,1441308092390,"1,100",Not yet rated,NULL,$17
GSVC,$8.99,1441308092411,"24,506",50% bullish,of 2 ratings,$15.75
GBNK,$15.85,1441308092543,"12,772",100% bearish,of 1 rating,$18
GUID,$6.98,1441308092685,"29,807",100% bearish,of 3 ratings,$10
GULTU,$0.3003,1441308092850,"70,423",100% bearish,of 1 rating,N/A
GIFI,$12.51,1441308092875,"23,362",100% bearish,of 1 rating,$16
GWPH,$103.94,1441308093053,"75,656",78% bullish,of 9 ratings,$148.50
GWGH,$7.71,1441308093083,403,100% bearish,of 1 rating,$15.05
GYRO,$30.99,1441308093107,"2,418",100% bearish,of 1 rating,N/A
GURE,$1.7104,1441308093142,"6,201",88% bullish,of 8 ratings,N/A
HEES,$18.87,1441308093330,"161,642",67% bearish,of 3 ratings,$31
HLG,NULL,1441308093354,0,100% bearish,of 1 rating,N/A
HALL,$11.41,1441308094039,"13,847",Not yet rated,NULL,N/A
HALO,$16.98,1441308094202,"378,706",67% bullish,of 3 ratings,$22.50
HNRG,$7.555,1441308094390,"83,141",100% bearish,of 1 rating,$10
HBHC,$27.35,1441308094418,"138,521",50% bullish,of 2 ratings,$30
HMPR,$1.8785,1441308094439,"15,784",100% bullish,of 1 rating,N/A
HBK,$13.8,1441308094459,1,50% bullish,of 2 ratings,N/A
GPOR,$33.91,1441308094664,"783,206",75% bullish,of 4 ratings,$54
HDNG,$10.065,1441308094814,"7,988",50% bullish,of 4 ratings,N/A
HNH,$26.15,1441308094848,"16,575",100% bullish,of 1 rating,N/A
HAFC,$24.07,1441308094878,"84,446",100% bullish,of 2 ratings,$28.50
HNSN,$0.54,1441308094899,"31,052",88% bullish,of 8 ratings,$.40
HLIT,$5.745,1441308094935,"137,498",100% bearish,of 1 rating,$6.50
HBHCL,$24.4796,1441308094966,"12,361",Not yet rated,NULL,N/A
HQCL,$12.6977,1441308095030,"6,011",67% bullish,of 3 ratings,$14
HRMN,NULL,1441308095072,0,Not yet rated,NULL,N/A
HRMNU,NULL,1441308095242,0,Not yet rated,NULL,N/A
HRMNW,NULL,1441308095311,0,Not yet rated,NULL,N/A
TINY,$2.45,1441308095335,"21,816",50% bullish,of 2 ratings,$5.26
HBIO,$4.4201,1441308095469,"33,609",100% bearish,of 1 rating,$10
HCAPL,$25.5,1441308095607,800,Not yet rated,NULL,N/A
HCAP,$12.055,1441308095628,"6,946",50% bullish,of 2 ratings,$15
HAS,$76.83,1441308095663,"821,176",63% bullish,of 8 ratings,$84.50
HART,$1.2401,1441308095694,"101,467",100% bearish,of 1 rating,N/A
HWKN,$38.08,1441308095721,"8,524",Not yet rated,NULL,N/A
HA,$23.6,1441308095772,"211,230",67% bullish,of 9 ratings,$27
HWBK,NULL,1441308095799,0,100% bearish,of 1 rating,N/A
HAYN,$38.09,1441308095934,"17,266",100% bearish,of 1 rating,$59
HCOM,$21.9,1441308096007,"1,154",100% bearish,of 1 rating,$28
HDS,$32.48,1441308096037,"1,004,715",100% bearish,of 2 ratings,$39.50
HCSG,$32.74,1441308096138,"126,719",50% bullish,of 4 ratings,$35
HIIQ,$4.85,1441308096163,"8,120",50% bullish,of 2 ratings,$7
HQY,$29.55,1441308096371,"266,876",67% bullish,of 3 ratings,$35
HWAY,$11.86,1441308096412,"71,043",100% bearish,of 1 rating,$15
HTLD,$20.23,1441308096444,"148,968",Not yet rated,NULL,$22.50
HSTM,$24.39,1441308096471,"16,618",50% bullish,of 2 ratings,$33.75
HTLF,$35.73,1441308096492,"14,004",100% bullish,of 1 rating,$39.50
HTWR,$66.175,1441308096525,"479,928",50% bullish,of 2 ratings,$104
HTBX,$3.3265,1441308096579,"100,228",50% bullish,of 2 ratings,$15.50
HSII,$20.21,1441308096659,"49,735",100% bullish,of 3 ratings,$25
HELE,$84.96,1441308096813,"74,040",67% bearish,of 3 ratings,$100
HMTV,$13.35,1441308096856,"5,488",100% bearish,of 1 rating,$16
HNNA,$24.605,1441308096910,"1,301",Not yet rated,NULL,N/A
HMNY,NULL,1441308097015,0,100% bearish,of 1 rating,N/A
HCACU,$9.91,1441308097162,700,Not yet rated,NULL,N/A
HERO,NULL,1441308097190,0,NULL,NULL,NULL
HEOP,$7.8,1441308097226,"12,159",Not yet rated,NULL,$8.50
HTBK,$10.25,1441308097252,"43,459",Not yet rated,NULL,$12
HSIC,$135.39,1441308097280,"86,128",83% bullish,of 6 ratings,$146
HCCI,$11.86,1441308097411,"4,797",100% bearish,of 1 rating,$16.50
MLHR,$26.84,1441308097436,"125,661",50% bullish,of 2 ratings,$33.50
HRTX,$36.5,1441308097499,"429,376",57% bullish,of 7 ratings,$41
HSKA,$33.03,1441308097628,"26,040",100% bearish,of 1 rating,$38
HFWA,$17.75,1441308097678,"62,221",100% bullish,of 1 rating,$20
HIBB,$38.96,1441308097703,"184,529",100% bearish,of 1 rating,$46.50
HFFC,$16,1441308097727,"1,046",Not yet rated,NULL,N/A
HIHO,$4.2028,1441308097962,"18,928",Not yet rated,NULL,N/A
HIMX,$7.195,1441308097993,"1,178,002",86% bullish,of 21 ratings,$8.50
HPJ,$2.2,1441308098028,"24,764",75% bullish,of 4 ratings,$12.43
HIFS,$116,1441308098095,200,Not yet rated,NULL,N/A
HMSY,$9.945,1441308098122,"244,869",67% bullish,of 3 ratings,$19.35
HMNF,$11.49,1441308098147,102,Not yet rated,NULL,N/A
HOLI,$16.9,1441308098194,"127,334",50% bullish,of 4 ratings,$27
HSGX,$5.84,1441308098223,"3,301",100% bearish,of 1 rating,$17
HOLX,$38.35,1441308098370,"957,713",50% bullish,of 4 ratings,$42
HBCP,$24.84,1441308098397,557,Not yet rated,NULL,$29
HOMB,$37.27,1441308098537,"53,167",Not yet rated,NULL,$42
HFBL,NULL,1441308098562,0,Not yet rated,NULL,N/A
HMIN,$25.11,1441308098746,"25,611",100% bearish,of 2 ratings,$35
AWAY,$28.52,1441308098775,"467,509",67% bullish,of 3 ratings,$36
HTBI,$18.1,1441308098803,"16,016",67% bullish,of 3 ratings,$18.625
HMST,$21.76,1441308098835,"172,470",100% bullish,of 2 ratings,$27
CETC,$0.7999,1441308098876,"17,002",86% bullish,of 7 ratings,N/A
HKTV,$4.2837,1441308098934,800,100% bearish,of 1 rating,N/A
HFBC,$11.2,1441308098962,"4,920",Not yet rated,NULL,N/A
HOFT,$23.21,1441308099006,"33,730",100% bearish,of 1 rating,N/A
HBNC,$23.7,1441308099200,"10,104",100% bullish,of 1 rating,$27
ZINC,$7.27,1441308099235,"219,547",100% bearish,of 1 rating,$17
HZNP,$29.565,1441308099264,"998,479",85% bullish,of 20 ratings,$40
HRZN,$10.35,1441308099369,"9,578",50% bullish,of 2 ratings,$14.25
HDP,$23.27,1441308099473,"135,419",67% bearish,of 3 ratings,$30.50
HMHC,$22.66,1441308099503,"361,238",Not yet rated,NULL,$27
HWCC,$7.55,1441308099607,"44,791",100% bearish,of 1 rating,$9
HOVNP,$3.96,1441308099632,"8,350",100% bearish,of 1 rating,N/A
HBMD,$13.98,1441308099686,"1,733",100% bearish,of 1 rating,N/A
HUBG,$38.49,1441308099771,"100,324",100% bearish,of 1 rating,$43
HSNI,$60.19,1441308099834,"64,546",Not yet rated,NULL,$80
HCBK,$9.355,1441308099858,"1,288,485",83% bullish,of 6 ratings,$8.61
HTGM,$5.7,1441308099894,"4,349",100% bearish,of 1 rating,$19.50
HSON,$2.7399,1441308100000,"5,392",100% bearish,of 1 rating,$5
HDSN,$3.1,1441308100026,"10,530",100% bullish,of 1 rating,$6.25
HBAN,$10.715,1441308100284,"2,020,016",76% bullish,of 17 ratings,$12.29
HBANP,$1330,1441308100313,8,100% bearish,of 1 rating,N/A
HURN,$72.96,1441308100387,"66,890",50% bullish,of 2 ratings,$80
HDRAR,NULL,1441308100414,0,Not yet rated,NULL,N/A
HBP,$3.1376,1441308100483,"7,000",100% bullish,of 1 rating,N/A
HDRA,NULL,1441308100512,0,Not yet rated,NULL,N/A
HURC,$29.28,1441308100543,"4,620",100% bearish,of 1 rating,N/A
HTCH,$1.4506,1441308100569,"25,176",100% bearish,of 1 rating,$3.50
HYGS,$8.6708,1441308100698,"23,100",50% bullish,of 2 ratings,$13
HDRAU,NULL,1441308100787,0,Not yet rated,NULL,N/A
HDRAW,$0.264,1441308100812,1,Not yet rated,NULL,N/A
IACI,$70.23,1441308100940,"310,184",80% bullish,of 5 ratings,$90
IDSY,$3.855,1441308100999,"2,920",100% bearish,of 1 rating,$7
IKGH,$1.49,1441308101074,"33,038",75% bullish,of 4 ratings,N/A
IBKC,$60.0432,1441308101142,"46,436",100% bullish,of 1 rating,$70
ICAD,$3.9599,1441308101169,"46,470",100% bullish,of 2 ratings,$7.25
IEP,$69.4677,1441308101315,"37,579",75% bullish,of 4 ratings,$99
ICLR,$75.85,1441308101346,"292,048",100% bearish,of 3 ratings,$85
ICON,$13.34,1441308101367,"289,545",50% bullish,of 2 ratings,$18.50
ICFI,$33.99,1441308101399,"12,524",50% bullish,of 2 ratings,$48.50
IPWR,$7.35,1441308101527,"2,101",100% bullish,of 1 rating,$15
ICUI,$110.45,1441308101555,"36,175",Not yet rated,NULL,$122
IDRA,$2.97,1441308101659,"601,969",89% bullish,of 9 ratings,$6.50
INVE,$4.43,1441308101791,"5,554",75% bullish,of 4 ratings,$4
IDXX,$73.47,1441308101826,"268,207",100% bearish,of 1 rating,$76
DSKY,$10.88,1441308101923,"72,885",67% bullish,of 6 ratings,$11.50
IROQ,$16.793,1441308101953,697,100% bullish,of 1 rating,N/A
IIVI,$16.73,1441308102055,"45,867",100% bearish,of 1 rating,$22
IKAN,$2.735,1441308102114,"12,030",83% bullish,of 6 ratings,$5
IRG,$5.02,1441308102144,"16,415",100% bearish,of 1 rating,$4.25
KANG,$15.48,1441308102203,"121,500",50% bullish,of 2 ratings,$23.10
RXDX,$14.4,1441308102275,"106,150",100% bullish,of 1 rating,$20
IKNX,$12.282,1441308102302,401,100% bearish,of 1 rating,N/A
ISNS,$4.15,1441308102329,"15,851",50% bullish,of 2 ratings,N/A
ILMN,$195.58,1441308102474,"387,574",80% bullish,of 5 ratings,$245
IMMR,$12.14,1441308102553,"86,329",80% bullish,of 5 ratings,$15.50
ICCC,$6.85,1441308102618,"2,625",100% bullish,of 1 rating,N/A
IMNP,$1.27,1441308102773,"73,926",50% bullish,of 2 ratings,$6
IMMU,$2.12,1441308102833,"316,440",86% bullish,of 7 ratings,$2
IMGN,$13.01,1441308102859,"342,392",75% bullish,of 4 ratings,$17.50
IMDZ,$16.03,1441308102888,"17,800",100% bearish,of 1 rating,$33
IPXL,$40.84,1441308102989,"172,532",67% bullish,of 3 ratings,$46.50
INCR,$42.685,1441308103014,"131,365",50% bullish,of 2 ratings,$53
IMMY,$7.71,1441308103041,"5,851",100% bearish,of 1 rating,$11
INDB,$44.11,1441308103238,"35,300",Not yet rated,NULL,$44
SAAS,$7.25,1441308103278,"124,177",50% bullish,of 2 ratings,$15
INCY,$116.865,1441308103303,"596,405",50% bullish,of 6 ratings,$125.50
IBTX,$40.32,1441308103373,"5,636",100% bullish,of 2 ratings,$47.25
IBCP,$14.165,1441308103505,"19,732",100% bullish,of 1 rating,$14.50
IDSA,$3.5375,1441308103530,100,Not yet rated,NULL,N/A
INFI,$8.6014,1441308103662,"178,540",50% bullish,of 4 ratings,$16.50
INFN,$22.01,1441308103725,"691,668",71% bullish,of 7 ratings,$28
IFON,$1.29,1441308103818,"10,280",75% bullish,of 4 ratings,N/A
IPCC,$75.65,1441308103858,"12,054",Not yet rated,NULL,$77.50
III,$3.75,1441308103888,"54,371",57% bullish,of 7 ratings,$6
INWK,$6.95,1441308103963,"53,410",50% bullish,of 2 ratings,$10
IMKTA,$50.39,1441308103994,"39,980",100% bearish,of 1 rating,N/A
INNL,NULL,1441308104098,0,100% bearish,of 1 rating,$16.50
IPHS,$46.515,1441308104127,"48,510",100% bearish,of 1 rating,$60
IOSP,$49.36,1441308104206,"100,570",100% bearish,of 1 rating,N/A
INOD,$2.3503,1441308104233,218,100% bearish,of 1 rating,N/A
ISSC,$2.8272,1441308104410,675,67% bearish,of 3 ratings,N/A
INGN,$52.87,1441308104438,"147,600",100% bearish,of 1 rating,$50.50
ITEK,$13.28,1441308104463,"292,341",100% bearish,of 3 ratings,$20
INOV,$21.5902,1441308104624,"217,646",100% bearish,of 1 rating,$33
INO,$7.1,1441308104652,"329,341",89% bullish,of 18 ratings,$20
ISIG,$2.65,1441308104677,700,100% bearish,of 1 rating,N/A
NSIT,$25.255,1441308104703,"44,058",50% bullish,of 2 ratings,N/A
INSM,$24.47,1441308104837,"75,050",71% bullish,of 7 ratings,$31.50
IIIN,$17.28,1441308104868,"11,885",100% bearish,of 2 ratings,N/A
INSY,$33.6,1441308104940,"184,870",75% bullish,of 4 ratings,$48
NTEC,$5.52,1441308104967,629,100% bearish,of 1 rating,N/A
PODD,$28.47,1441308104993,"66,200",67% bearish,of 3 ratings,$35
IART,$62.48,1441308105018,"201,740",100% bearish,of 2 ratings,$71.50
IDTI,$19.32,1441308105175,"643,578",60% bullish,of 5 ratings,$25
IESC,$7.21,1441308105246,400,100% bearish,of 1 rating,N/A
ISSI,$21.84,1441308105318,"65,688",67% bullish,of 3 ratings,$19.75
INTC,$29.1,1441308105499,"16,257,437",82% bullish,of 238 ratings,$36
IPCI,$2.25,1441308105533,"24,098",67% bullish,of 6 ratings,$8
IQNT,$19.1625,1441308105554,"103,598",86% bullish,of 7 ratings,$20
IPAR,$25.37,1441308105632,"23,919",67% bullish,of 3 ratings,$38
IBKR,$37.465,1441308105661,"333,048",100% bullish,of 1 rating,N/A
ICPT,$187.06,1441308105760,"74,521",70% bullish,of 10 ratings,$359.50
ININ,$35.4201,1441308105786,"73,938",67% bearish,of 3 ratings,$57
ICLD,$1.8862,1441308105870,"44,843",75% bullish,of 4 ratings,N/A
ICLDW,NULL,1441308105918,0,100% bearish,of 1 rating,N/A
IDCC,$48.625,1441308106051,"95,596",80% bullish,of 5 ratings,$63
TILE,$24.51,1441308106080,"130,881",100% bearish,of 3 ratings,$27
INAP,$9.17,1441308106109,"176,192",75% bullish,of 4 ratings,$11
IMI,$2.03,1441308106217,"3,451",67% bullish,of 3 ratings,$2.22
ISCA,$32.57,1441308106322,"22,347",100% bearish,of 1 rating,N/A
IBOC,$24.96,1441308106387,"20,612",100% bearish,of 1 rating,N/A
IGLD,$7.335,1441308106457,975,50% bullish,of 2 ratings,N/A
IIJI,$8.706,1441308106523,400,50% bullish,of 2 ratings,$12.50
PTNT,$3.05,1441308106582,"4,137",Not yet rated,NULL,N/A
INTX,$1.98,1441308106622,"5,850",67% bullish,of 3 ratings,N/A
INPH,$0.31,1441308106648,"2,436",50% bullish,of 2 ratings,N/A
XENT,$25.52,1441308106676,"68,944",50% bullish,of 2 ratings,$36.50
ISIL,$10.54,1441308106878,"398,494",50% bullish,of 6 ratings,$15
IILG,$19.715,1441308106984,"43,110",100% bearish,of 1 rating,$29
IVAC,$4.6,1441308107013,"15,616",100% bearish,of 1 rating,$6.625
ITCI,$26.57,1441308107070,"327,169",75% bearish,of 4 ratings,$40
INTL,$26.09,1441308107118,"47,767",67% bearish,of 3 ratings,N/A
INTLL,$25.9799,1441308107202,500,Not yet rated,NULL,N/A
IIN,$6.9,1441308107246,401,100% bearish,of 1 rating,$12
INTU,$86.1,1441308107334,"1,005,249",86% bullish,of 7 ratings,$107.50
INVT,$0.3133,1441308107463,"81,403",67% bullish,of 3 ratings,N/A
ISTR,$15.69,1441308107492,240,100% bearish,of 1 rating,$18.50
ISRG,$513.645,1441308107519,"60,754",67% bullish,of 3 ratings,$600
SNAK,$8.42,1441308107545,"26,514",50% bullish,of 2 ratings,$14
NVIV,$9.53,1441308107683,"78,460",50% bullish,of 4 ratings,$24.50
ISBC,$11.715,1441308107711,"758,937",100% bullish,of 1 rating,$13.25
ITIC,$69.94,1441308107737,300,100% bearish,of 2 ratings,N/A
IVTY,$13.96,1441308107814,"9,636",Not yet rated,NULL,$18
IPAS,$1.06,1441308108049,"19,761",67% bullish,of 3 ratings,N/A
IPCM,$79.15,1441308108104,"547,645",50% bullish,of 2 ratings,$80.125
DTUL,NULL,1441308108147,0,Not yet rated,NULL,N/A
IRMD,$24.08,1441308108178,"6,492",67% bearish,of 3 ratings,$25
DFVL,NULL,1441308108207,0,Not yet rated,NULL,N/A
IPGP,$82.825,1441308108232,"109,182",67% bearish,of 3 ratings,$109.50
IRIX,$6.8301,1441308108259,"6,508",100% bearish,of 1 rating,N/A
IRDM,$7.09,1441308108395,"615,072",60% bullish,of 5 ratings,$11.50
IRDMB,$273.157,1441308108424,"10,000",67% bearish,of 3 ratings,N/A
IRBT,$29.65,1441308108526,"66,135",67% bullish,of 6 ratings,$37
IRCP,NULL,1441308108631,0,100% bullish,of 2 ratings,N/A
COMT,$33.505,1441308108667,"9,463",100% bearish,of 1 rating,N/A
IRWD,$10.72,1441308108696,"291,420",100% bearish,of 1 rating,$13
FCHI,NULL,1441308108800,0,NULL,NULL,NULL
IFAS,NULL,1441308108828,0,NULL,NULL,NULL
GNMA,$50.26,1441308108859,"2,699",Not yet rated,NULL,N/A
IFGL,$27.99,1441308108933,"178,036",Not yet rated,NULL,N/A
IFNA,NULL,1441308108957,0,NULL,NULL,NULL
IFEU,$37.94,1441308108984,"2,548",Not yet rated,NULL,N/A
AXJS,NULL,1441308109113,0,NULL,NULL,NULL
ACWI,$55.09,1441308109215,"590,454",Not yet rated,NULL,N/A
AAXJ,$52.62,1441308109250,"863,037",Not yet rated,NULL,N/A
AAIT,NULL,1441308109316,0,NULL,NULL,NULL
EEMA,$49.5301,1441308109396,"58,924",Not yet rated,NULL,N/A
EMDI,NULL,1441308109420,0,NULL,NULL,NULL
EEME,NULL,1441308109469,0,NULL,NULL,NULL
EGRW,NULL,1441308109549,0,NULL,NULL,NULL
EMEY,NULL,1441308109599,0,NULL,NULL,NULL
EVAL,NULL,1441308109624,0,NULL,NULL,NULL
ACWX,$40.07,1441308109653,"658,616",100% bearish,of 1 rating,N/A
EEML,$26.9899,1441308109673,"1,120",Not yet rated,NULL,N/A
EUFN,$21.47,1441308109806,"46,564",100% bearish,of 1 rating,N/A
IEUS,$44.9196,1441308109938,"15,977",100% bearish,of 1 rating,N/A
QAT,$21.17,1441308109987,"1,000",Not yet rated,NULL,N/A
UAE,$17.8201,1441308110015,"2,812",Not yet rated,NULL,N/A
IBB,$339.92,1441308110118,"870,896",63% bullish,of 8 ratings,N/A
SOXX,$82.89,1441308110202,"152,785",50% bullish,of 2 ratings,N/A
EMIF,$28.1227,1441308110284,"3,531",Not yet rated,NULL,N/A
INDY,$27.11,1441308110448,"76,175",50% bullish,of 2 ratings,N/A
WOOD,$47.922,1441308110611,"18,918",50% bullish,of 2 ratings,N/A
ISIS,$51.79,1441308110685,"847,897",53% bullish,of 15 ratings,$67
IGOV,$90.8799,1441308110716,"11,805",100% bearish,of 1 rating,N/A
ISLE,$18.93,1441308110746,"220,090",50% bullish,of 4 ratings,$16
ITRI,$29.51,1441308110768,"51,973",100% bearish,of 1 rating,$37
ICLN,$9.2571,1441308110793,"103,001",50% bullish,of 2 ratings,N/A
ISHG,$79.455,1441308110822,"8,293",100% bearish,of 1 rating,N/A
ISRL,$127.94,1441308110960,22,100% bearish,of 1 rating,N/A
ITRN,$23.83,1441308111125,"1,532",50% bullish,of 2 ratings,N/A
XXIA,$15.18,1441308111153,"95,330",71% bullish,of 7 ratings,$14.625
ITUS,$3.96,1441308111179,"3,909",Not yet rated,NULL,N/A
IXYS,$11.5,1441308111222,"56,693",50% bullish,of 4 ratings,N/A
JJSF,$115.65,1441308111367,"15,711",100% bearish,of 1 rating,N/A
MAYS,NULL,1441308111499,0,Not yet rated,NULL,N/A
JXSB,$24,1441308111532,"1,815",Not yet rated,NULL,N/A
JBHT,$75.6,1441308111634,"614,407",50% bullish,of 4 ratings,$89.50
JACK,$78.88,1441308111662,"163,239",71% bullish,of 7 ratings,$105
JCOM,$68.23,1441308111690,"166,971",100% bullish,of 2 ratings,$77
JASO,$8.06,1441308111711,"369,409",82% bullish,of 17 ratings,$10
JKHY,$67.58,1441308111743,"177,856",67% bearish,of 3 ratings,$72
JAXB,$13,1441308111908,100,100% bullish,of 1 rating,N/A
JAKK,$9.39,1441308111953,"335,088",60% bearish,of 5 ratings,$11
JAGX,$3.3499,1441308111979,"4,900",Not yet rated,NULL,$10.50
JMBA,$14.43,1441308112136,"131,585",75% bullish,of 4 ratings,$18
JASN,$4.865,1441308112271,"1,427",50% bullish,of 2 ratings,$9.50
JBLU,$23.58,1441308112372,"2,695,021",94% bullish,of 18 ratings,$27
JD,$24.64,1441308112423,"3,796,208",75% bullish,of 16 ratings,$36
JRVR,$27.9899,1441308112449,"47,116",Not yet rated,NULL,$32
JASNW,NULL,1441308112627,0,50% bullish,of 2 ratings,N/A
JAZZ,$164.5951,1441308112662,"89,031",80% bullish,of 15 ratings,$206.50
JTPY,$2.8541,1441308112690,"1,001",100% bearish,of 1 rating,N/A
ERW,NULL,1441308112710,0,Not yet rated,NULL,N/A
JST,$3.65,1441308112773,"3,203",75% bullish,of 4 ratings,N/A
JCTCF,$9.6,1441308112842,100,100% bullish,of 1 rating,N/A
JIVE,$4.6,1441308112877,"166,764",75% bullish,of 4 ratings,$5
DATE,$6.17,1441308112919,"37,361",75% bullish,of 4 ratings,$9
WYIGU,$9.98,1441308113225,"1,840",100% bearish,of 1 rating,N/A
JOEZ,$0.1652,1441308113252,"118,042",92% bullish,of 12 ratings,N/A
JOUT,$23.6892,1441308113322,"4,591",100% bearish,of 1 rating,$34
JBSS,$50.21,1441308113381,"17,408",67% bearish,of 3 ratings,N/A
JNP,$13.15,1441308113410,"124,316",100% bullish,of 3 ratings,$15
KTWO,$21,1441308113431,"25,902",100% bearish,of 1 rating,$28.50
JUNO,$35.11,1441308113564,"431,900",73% bullish,of 11 ratings,$71.50
KALU,$82.4216,1441308113590,"60,180",67% bearish,of 3 ratings,$91
KMDA,$3.5,1441308113618,"7,455",50% bullish,of 2 ratings,$8
KNDI,$6.221,1441308113773,"54,930",86% bullish,of 22 ratings,N/A
KBIO,$3.13,1441308113803,"2,283,613",50% bullish,of 4 ratings,N/A
KCLI,$46.086,1441308113831,"13,774",Not yet rated,NULL,N/A
KPTI,$14.25,1441308113852,"131,852",67% bearish,of 3 ratings,$39
KBSF,NULL,1441308114060,0,100% bullish,of 1 rating,N/A
