Symbol,Price,Date,Volume,Rating,RatingVoteCount,OneYearEstimate
FLWS,$8.404,1441735802954,"187,322",80% bullish,of 5 ratings,$15
FCCY,$11.6,1441735802987,300,100% bullish,of 1 rating,$13
FCTY,$7.9,1441735803039,512,100% bullish,of 1 rating,$8.50
SRCE,$30.85,1441735803400,"8,852",100% bullish,of 3 ratings,$33
VNET,$18.3,1441735803426,"228,568",60% bullish,of 5 ratings,$35
TWOU,$36,1441735803580,"159,167",50% bullish,of 2 ratings,$39
DSLV,$66.7892,1441735803889,"12,897",100% bearish,of 1 rating,N/A
UGLD,$8.976,1441735804083,"46,258",100% bearish,of 1 rating,N/A
DGLD,$82.99,1441735804108,"3,137",100% bullish,of 1 rating,N/A
JOBS,$26.57,1441735804290,"50,947",50% bullish,of 4 ratings,$36
USLV,$12.9,1441735804539,"154,418",86% bullish,of 7 ratings,N/A
SIXD,$3.06,1441735804888,"46,141",Not yet rated,NULL,N/A
CAFD,$14.28,1441735804912,"81,640",Not yet rated,NULL,$24.50
EGHT,$7.92,1441735805066,"96,982",82% bullish,of 17 ratings,$11
AVHI,$13.54,1441735805332,"7,643",100% bearish,of 1 rating,$19
AAON,$19.84,1441735805559,"27,939",100% bearish,of 1 rating,$24
SHLM,$32.34,1441735805584,"63,806",100% bearish,of 1 rating,$47
ABAX,$48.67,1441735805751,"26,472",100% bearish,of 1 rating,$60
ABY,$20.18,1441735805992,"1,590,461",100% bearish,of 2 ratings,$46
ABEO,$4.75,1441735806168,"21,623",50% bullish,of 4 ratings,$15.50
ABGB,$5.92,1441735806704,"56,366",67% bullish,of 3 ratings,$5.50
ABEOW,$1.7101,1441735806731,100,100% bullish,of 1 rating,N/A
ABMD,$95.48,1441735806805,"203,770",75% bullish,of 4 ratings,$100.50
AXAS,$1.655,1441735807095,"567,414",78% bullish,of 9 ratings,$3.50
ACTG,$9.11,1441735807302,"137,842",67% bullish,of 3 ratings,$18.50
ACHC,$73.69,1441735807501,"133,629",50% bullish,of 2 ratings,$92
XLRN,$30.325,1441735807668,"70,716",50% bullish,of 2 ratings,$57
ACST,$0.3123,1441735807755,"21,438",100% bullish,of 2 ratings,N/A
AXDX,$17.6009,1441735807822,"80,646",100% bearish,of 1 rating,N/A
ANCX,$20.31,1441735807924,"13,181",Not yet rated,NULL,$20
ACAD,$40.47,1441735807948,"309,428",80% bullish,of 20 ratings,$48
TFSCR,$0.3723,1441735808098,"1,000",Not yet rated,NULL,N/A
TFSCU,NULL,1441735808159,0,Not yet rated,NULL,N/A
TFSCW,$0.3,1441735808235,"4,500",100% bearish,of 1 rating,N/A
PIH,$7.475,1441735808264,703,100% bearish,of 1 rating,N/A
VXUP,$1.5418,1441735808291,"26,275",100% bearish,of 1 rating,N/A
ACRX,$4.035,1441735808316,"423,395",67% bearish,of 6 ratings,$7
VXDN,$1.9099,1441735808520,"5,289",100% bearish,of 1 rating,N/A
ARAY,$6.61,1441735808584,"172,023",100% bearish,of 1 rating,$10.50
TFSC,NULL,1441735808615,0,100% bearish,of 1 rating,N/A
ACHN,$7.925,1441735808715,"2,778,822",90% bullish,of 21 ratings,$16
ACET,$23.031,1441735808800,"51,231",75% bullish,of 4 ratings,$30
ACNB,$20.12,1441735808843,300,Not yet rated,NULL,N/A
ACIW,$21.53,1441735808869,"82,440",67% bearish,of 3 ratings,$24
AKAO,$6.94,1441735809053,"25,134",75% bullish,of 4 ratings,$15
ACTS,$1.6,1441735809088,"12,600",100% bearish,of 1 rating,N/A
ACPW,$1.94,1441735809186,"19,083",100% bullish,of 4 ratings,$3.25
ATVI,$28.58,1441735809216,"2,545,254",67% bullish,of 84 ratings,$31.50
ACOR,$33.08,1441735809288,"76,566",67% bearish,of 3 ratings,$38.50
ACXM,$20.84,1441735809376,"41,616",67% bullish,of 3 ratings,N/A
ACTA,$14.0214,1441735809462,"29,766",67% bearish,of 3 ratings,$25
ACUR,$2.96,1441735809488,"6,700",100% bullish,of 5 ratings,$5
ADMS,$19.62,1441735809531,"39,538",100% bearish,of 2 ratings,$36
ADUS,$29.71,1441735809691,"24,522",100% bearish,of 1 rating,$31
ADMP,$3.919,1441735809717,"10,629",50% bullish,of 2 ratings,$10
ADAP,$11.2,1441735809747,"10,521",67% bullish,of 3 ratings,$22
AEY,$2.39,1441735809850,550,100% bearish,of 2 ratings,N/A
ADEP,$7.8,1441735809884,"43,879",50% bullish,of 2 ratings,$10.75
ADBE,$79.37,1441735809981,"735,086",61% bullish,of 18 ratings,$90
ADMA,$9.02,1441735810006,"3,299",Not yet rated,NULL,$19
ADRO,$18.84,1441735810170,"104,929",80% bullish,of 5 ratings,$45.50
ADTN,$15.6,1441735810204,"62,786",67% bullish,of 3 ratings,$17.125
ADXS,$13.84,1441735810305,"283,542",64% bullish,of 14 ratings,$27
AMD,$1.87,1441735810367,"2,882,201",83% bullish,of 103 ratings,$2
ADXSW,$9.7501,1441735810436,350,100% bullish,of 1 rating,N/A
AEIS,$24.48,1441735810464,"116,727",50% bullish,of 2 ratings,$32.50
YPRO,$23.0535,1441735810564,"4,156",100% bearish,of 1 rating,N/A
AEGR,$17.96,1441735810755,"70,590",50% bullish,of 6 ratings,$26
AEGN,$18.0911,1441735810963,"48,770",100% bearish,of 2 ratings,$21
AMTX,$2.9801,1441735811039,"8,039",50% bullish,of 2 ratings,N/A
AEHR,NULL,1441735811100,0,50% bullish,of 2 ratings,N/A
AEPI,$61.65,1441735811130,"23,380",100% bearish,of 1 rating,N/A
AERI,$16.3,1441735811234,"261,510",75% bullish,of 4 ratings,$31.50
AEZS,$0.0794,1441735811376,"8,053,041",90% bullish,of 21 ratings,$1.50
AEMD,$7.335,1441735811507,"76,713",Not yet rated,NULL,$27.50
AFFX,$9.4,1441735811533,"275,727",80% bullish,of 5 ratings,$12.50
AFMD,$9.99,1441735811554,"61,906",50% bullish,of 4 ratings,$15
AGEN,$7.017,1441735811751,"167,970",85% bullish,of 13 ratings,$14
AGRX,$8.82,1441735811887,"4,635",100% bearish,of 1 rating,$17.50
AGFS,$10.05,1441735811915,"63,799",100% bearish,of 1 rating,N/A
AGIO,$89.05,1441735811946,"103,936",88% bullish,of 8 ratings,$114
AIMT,$22.7101,1441735811973,"127,283",Not yet rated,NULL,$35.50
AGFSW,$2.1,1441735812050,"10,300",100% bearish,of 2 ratings,N/A
AVAV,$20.73,1441735812221,"73,175",50% bullish,of 4 ratings,$28
MULT,NULL,1441735812293,0,100% bearish,of 1 rating,N/A
AIRT,$22.706,1441735812399,"3,035",100% bullish,of 1 rating,N/A
AIRM,$36.47,1441735812430,"58,649",80% bearish,of 5 ratings,$53
ATSG,$8.815,1441735812565,"40,127",67% bullish,of 3 ratings,$13
AMCN,$4.6601,1441735812696,"187,303",83% bullish,of 6 ratings,N/A
AKAM,$73.83,1441735812723,"355,179",63% bullish,of 8 ratings,$77.50
AIXG,$6.8635,1441735812756,"7,844",67% bearish,of 3 ratings,$5.25
AKER,$2.82,1441735812854,"1,620",Not yet rated,NULL,N/A
AKBA,$7.63,1441735812880,"165,466",100% bearish,of 1 rating,$18
AGYS,$9.64,1441735812906,"4,605",100% bearish,of 1 rating,N/A
AKRX,$39.31,1441735812927,"196,406",78% bullish,of 9 ratings,$56
ALRM,$16.22,1441735813166,"64,328",100% bearish,of 1 rating,$22
ABDC,$12.92,1441735813209,"19,652",Not yet rated,NULL,$15
ALSK,$2.26,1441735813234,"56,672",78% bullish,of 18 ratings,$2
AMRI,$20.705,1441735813262,"89,752",75% bearish,of 4 ratings,$24
ADHD,$7.761,1441735813395,"48,231",50% bullish,of 4 ratings,$18
ALGN,$55.26,1441735813590,"116,864",100% bearish,of 2 ratings,$73
ALXN,$175.11,1441735813657,"341,160",88% bullish,of 8 ratings,$223.50
ALDR,$42.01,1441735813684,"141,988",67% bearish,of 3 ratings,$62
ALDX,$7.17,1441735813711,"10,677",100% bearish,of 1 rating,$14.50
ALCO,$42.333,1441735813753,"10,484",50% bullish,of 2 ratings,N/A
ALIM,$2.96,1441735813781,"28,300",80% bullish,of 5 ratings,$10
ALXA,$1.3499,1441735813802,"36,938",83% bullish,of 6 ratings,$2.125
ALGT,$210.48,1441735813928,"38,628",100% bearish,of 2 ratings,$235
ALKS,$66.84,1441735814034,"249,977",67% bullish,of 3 ratings,$75
AFOP,$19.05,1441735814096,"40,641",75% bullish,of 8 ratings,$21
ALLB,$23.25,1441735814163,200,Not yet rated,NULL,N/A
AIQ,$14.88,1441735814346,"6,457",67% bullish,of 3 ratings,N/A
ALQA,$4.5,1441735814486,"8,082",75% bullish,of 4 ratings,$8.50
MDRX,$13.245,1441735814537,"724,619",60% bullish,of 5 ratings,$16
ARLP,$24.92,1441735814563,"54,491",67% bearish,of 3 ratings,$32
AHGP,$35.6092,1441735814594,"21,624",67% bullish,of 3 ratings,N/A
ALLT,$5.2,1441735814620,"12,049",75% bullish,of 4 ratings,$6.25
AMOT,$18.02,1441735814645,"62,162",100% bearish,of 1 rating,N/A
AFAM,$45.5,1441735814691,"26,155",50% bullish,of 2 ratings,$44
ALNY,$101.6,1441735814832,"199,191",67% bullish,of 3 ratings,$151.50
AOSL,$8.23,1441735814857,"11,561",67% bullish,of 3 ratings,$9
AHPI,NULL,1441735815021,0,50% bullish,of 2 ratings,N/A
SMCP,$23.1701,1441735815057,575,Not yet rated,NULL,N/A
ATEC,$0.54,1441735815081,"84,689",100% bullish,of 1 rating,$2
ALTR,$50.4,1441735815127,"2,623,613",67% bearish,of 6 ratings,$54
ASPS,$26.39,1441735815272,"85,255",67% bullish,of 3 ratings,$46.50
AMRN,$2.39,1441735815363,"663,968",85% bullish,of 40 ratings,$8
AIMC,$23.9725,1441735815397,"40,762",100% bearish,of 2 ratings,$28.50
AMZN,$513.24,1441735815521,"1,323,930",81% bullish,of 269 ratings,$646
AMRK,$10.87,1441735815549,"43,354",50% bullish,of 2 ratings,$14
AYA,$20.86,1441735815571,"8,897",100% bearish,of 1 rating,$40
AMAG,$60.8,1441735815596,"171,590",100% bullish,of 2 ratings,$75
AMBC,$16.34,1441735815632,"76,980",100% bearish,of 1 rating,$16.50
AMBCW,NULL,1441735815731,0,100% bearish,of 1 rating,N/A
AMBA,$72.5324,1441735815758,"1,298,600",71% bullish,of 14 ratings,$102.50
DOX,$56.98,1441735816041,"256,835",67% bearish,of 3 ratings,$60
EPAX,$2.7,1441735816073,"35,841",100% bearish,of 1 rating,N/A
AMCX,$73.535,1441735816134,"209,017",67% bullish,of 3 ratings,$87.50
AMED,$40.88,1441735816173,"68,930",100% bearish,of 1 rating,$42
UHAL,$373.56,1441735816219,"11,664",100% bullish,of 2 ratings,$393.50
AMDA,$0.4139,1441735816271,"3,105,945",90% bullish,of 10 ratings,$1
ASBI,$22.943,1441735816314,"11,167",Not yet rated,NULL,N/A
AAL,$41.0401,1441735816407,"3,155,542",93% bullish,of 88 ratings,$57
ATAX,$5.2972,1441735816434,"43,593",100% bullish,of 1 rating,$6.50
AGNCB,$24.2601,1441735816622,"6,254",Not yet rated,NULL,N/A
AGNC,$19.04,1441735816684,"958,316",71% bullish,of 28 ratings,$22
AGNCP,$25.39,1441735816709,"2,750",Not yet rated,NULL,N/A
AMOV,$17.79,1441735816734,760,100% bearish,of 1 rating,N/A
MTGEP,$24.3899,1441735816896,175,Not yet rated,NULL,N/A
MTGE,$15.185,1441735816922,"157,308",75% bullish,of 4 ratings,$19.50
ACSF,$12.19,1441735817052,"6,994",100% bearish,of 1 rating,$15
ACAS,$13.875,1441735817105,"548,100",60% bullish,of 5 ratings,$16.75
AMIC,$10.01,1441735817133,200,100% bearish,of 1 rating,N/A
AMNB,$23.55,1441735817160,"5,766",Not yet rated,NULL,$25.50
AETI,$3.4594,1441735817185,"1,600",67% bearish,of 3 ratings,N/A
ANCI,$1.41,1441735817330,700,100% bearish,of 1 rating,N/A
ANAT,$98,1441735817477,"28,046",100% bullish,of 1 rating,N/A
ARII,$40.68,1441735817543,"71,498",67% bearish,of 3 ratings,$45
AMRB,$10.3524,1441735817569,"2,699",Not yet rated,NULL,$11
APEI,$22.22,1441735817649,"13,963",100% bearish,of 1 rating,$25.50
AMSWA,$9.05,1441735817703,"11,227",100% bearish,of 2 ratings,$10.75
ASEI,$39.4699,1441735817729,"13,792",100% bearish,of 1 rating,$52.50
AMSC,$5.2001,1441735817799,"42,919",50% bullish,of 4 ratings,N/A
AMWD,$68.87,1441735817990,"53,033",50% bullish,of 2 ratings,$70
CRMT,$35.8,1441735818019,"6,602",100% bearish,of 1 rating,$38
ABCB,$27.68,1441735818056,"24,394",Not yet rated,NULL,$31
ASRV,$3.22,1441735818158,"3,600",100% bullish,of 2 ratings,N/A
AMSF,$47.355,1441735818305,"8,585",Not yet rated,NULL,$57.50
ASRVP,NULL,1441735818330,0,Not yet rated,NULL,N/A
ATLO,$23.0775,1441735818408,"1,794",Not yet rated,NULL,N/A
AMGN,$152.92,1441735818618,"1,452,465",89% bullish,of 19 ratings,$185
FOLD,$16.835,1441735818644,"746,553",56% bullish,of 9 ratings,$21
AMPH,$14.17,1441735818697,"93,169",50% bullish,of 2 ratings,$20
AMKR,$5.495,1441735818722,"529,834",100% bearish,of 2 ratings,$5
AMSG,$80.458,1441735819028,"137,899",100% bearish,of 1 rating,$85.50
AMSGP,$152.74,1441735819225,146,Not yet rated,NULL,N/A
AFSI,$58.93,1441735819326,"142,330",60% bullish,of 5 ratings,$72
ASYS,$5.35,1441735819353,"14,428",67% bullish,of 3 ratings,$12
ANAC,$135.29,1441735819419,"98,941",80% bullish,of 5 ratings,$180.50
ANAD,$0.2944,1441735819554,"278,886",100% bullish,of 2 ratings,$.50
ADI,$57.0356,1441735819585,"1,143,497",75% bullish,of 4 ratings,$69
AMRS,$1.805,1441735819620,"114,295",70% bullish,of 10 ratings,N/A
ALOG,$82.66,1441735819686,"31,888",100% bearish,of 2 ratings,$100.50
ANCB,$21.6,1441735819775,"5,169",Not yet rated,NULL,$23
ABCW,$42.16,1441735819860,"15,655",67% bullish,of 3 ratings,N/A
ANGI,$5.2,1441735819911,"156,942",64% bullish,of 11 ratings,$5.50
ANGO,$14.62,1441735819937,"18,743",67% bullish,of 3 ratings,$19
AMCF,NULL,1441735820066,0,NULL,NULL,NULL
ANIK,$36.45,1441735820114,"29,180",60% bullish,of 5 ratings,$51.25
ANIP,$53.67,1441735820145,"43,776",89% bullish,of 19 ratings,$66
ATRS,$1.835,1441735820391,"99,033",92% bullish,of 12 ratings,$4.50
ANSS,$92.13,1441735820424,"91,884",100% bearish,of 1 rating,$100
ANTH,$7.41,1441735820449,"199,941",80% bullish,of 10 ratings,$13
ABAC,$0.79,1441735820714,40,100% bearish,of 1 rating,N/A
ATNY,$2.45,1441735820788,"9,966",50% bullish,of 2 ratings,$3.75
AAPL,$111.011,1441735821095,"18,676,213",86% bullish,of 2368 ratings,$150
APIC,$7.96,1441735821186,"74,972",100% bearish,of 1 rating,$19
APPF,$17.37,1441735821330,"24,041",50% bullish,of 2 ratings,$22
ARCI,$1.16,1441735821356,"3,118",Not yet rated,NULL,N/A
APOL,$11.495,1441735821384,"406,507",87% bearish,of 68 ratings,$14
APOG,$54.53,1441735821411,"41,028",50% bullish,of 2 ratings,$67
AINV,$6.48,1441735821435,"372,110",50% bullish,of 4 ratings,$8
APDN,$3.6,1441735821659,"36,077",Not yet rated,NULL,$9
AGTC,$16.8,1441735821743,"18,364",50% bullish,of 2 ratings,$33
AMAT,$15.71,1441735821844,"4,819,447",82% bullish,of 11 ratings,$23
APDNW,$1.51,1441735822383,"2,235",Not yet rated,NULL,N/A
APTO,$5.15,1441735822416,"4,804",Not yet rated,NULL,$17
AQMS,$4.98,1441735822720,"9,637",Not yet rated,NULL,N/A
AMCC,$5.915,1441735823117,"135,227",80% bullish,of 5 ratings,$8
AUMAU,NULL,1441735823173,0,Not yet rated,NULL,N/A
AUMA,NULL,1441735823277,0,Not yet rated,NULL,N/A
AAOI,$21.39,1441735823413,"115,281",50% bullish,of 4 ratings,$26
ABUS,$7.04,1441735823544,"87,744",86% bullish,of 14 ratings,$21.50
APRI,$1.7309,1441735823570,"155,838",83% bullish,of 6 ratings,$4.86
AREX,$2.6097,1441735823591,"383,613",50% bullish,of 2 ratings,$3
AQXP,$15.92,1441735823622,"121,660",67% bearish,of 3 ratings,$2
AUMAW,NULL,1441735823787,0,Not yet rated,NULL,N/A
ARCW,$3.2301,1441735823917,"13,754",100% bearish,of 2 ratings,$10.50
ABIO,$7.0001,1441735823947,"99,282",50% bullish,of 2 ratings,$26.242
PETX,$17.99,1441735823975,"65,127",100% bearish,of 2 ratings,$26
ARDM,$7.33,1441735824005,300,100% bullish,of 1 rating,$26
ARCB,$29.35,1441735824045,"33,261",67% bearish,of 3 ratings,$39.50
RKDA,$5.45,1441735824109,"16,002",100% bearish,of 2 ratings,$10
ACGL,$69.39,1441735824134,"123,653",50% bullish,of 2 ratings,$72
ARNA,$2.74,1441735824406,"335,658",90% bullish,of 78 ratings,$5.50
ACAT,$24.73,1441735824432,"115,515",100% bearish,of 3 ratings,$33
ARDX,$20.4301,1441735824463,"122,297",50% bullish,of 2 ratings,$24.50
ARCC,$15.56,1441735824566,"441,774",67% bearish,of 3 ratings,$17.75
ARGS,$6.236,1441735824701,"8,706",50% bullish,of 2 ratings,$19.50
AGII,$54.81,1441735824757,"16,497",Not yet rated,NULL,$59.50
AGIIL,$25.305,1441735824788,"5,158",Not yet rated,NULL,N/A
ARKR,$24.705,1441735824856,"2,880",50% bullish,of 2 ratings,N/A
ARIS,$3.76,1441735824887,"8,596",Not yet rated,NULL,$4.50
ARIA,$7.83,1441735824917,"1,740,933",87% bullish,of 46 ratings,$9
ARMH,$43.97,1441735824993,"738,355",54% bearish,of 13 ratings,$60
ARTX,$1.3799,1441735825024,"59,823",88% bullish,of 16 ratings,$4.50
ARWAR,NULL,1441735825096,0,Not yet rated,NULL,N/A
ARWA,NULL,1441735825227,0,Not yet rated,NULL,N/A
ARWAU,NULL,1441735825275,0,100% bullish,of 1 rating,N/A
ARWAW,NULL,1441735825474,0,Not yet rated,NULL,N/A
ARQL,$1.69,1441735825526,"80,359",75% bullish,of 4 ratings,$5
ARRS,$26.7462,1441735825623,"228,646",50% bullish,of 2 ratings,$38
ARRY,$5.79,1441735825654,"421,346",100% bullish,of 7 ratings,$10
AROW,$27.2024,1441735825692,"3,160",Not yet rated,NULL,N/A
DWAT,$9.775,1441735825757,"8,705",100% bearish,of 1 rating,N/A
ARWR,$5.485,1441735825783,"436,772",75% bullish,of 4 ratings,$10.50
ARTNA,$21.7286,1441735825913,"3,633",100% bearish,of 1 rating,$29
ARTW,$3.99,1441735825938,590,75% bearish,of 4 ratings,N/A
ASNA,$12.25,1441735825967,"1,096,089",50% bullish,of 2 ratings,$17.50
ASCMA,$28.31,1441735826109,"38,013",100% bearish,of 1 rating,$45
ASBB,$25.23,1441735826173,6,Not yet rated,NULL,N/A
ASND,$20.03,1441735826257,"10,750",50% bullish,of 2 ratings,$30
ASTI,$0.246,1441735826287,"2,513,361",83% bullish,of 6 ratings,$3
APWC,$1.75,1441735826365,204,100% bearish,of 1 rating,N/A
ASMI,NULL,1441735826387,0,NULL,NULL,NULL
AZPN,$39.51,1441735826555,"184,245",50% bullish,of 2 ratings,$42
ASML,$93.43,1441735826647,"288,736",50% bullish,of 4 ratings,$127
ALOT,$13.95,1441735826872,522,100% bearish,of 1 rating,N/A
ASMB,$13.59,1441735826901,"16,916",67% bullish,of 3 ratings,N/A
ASTC,$2.2999,1441735827006,"14,737",100% bullish,of 5 ratings,N/A
ASFI,$8.7199,1441735827032,"3,100",100% bullish,of 1 rating,N/A
ASTE,$37.92,1441735827059,"42,361",100% bearish,of 1 rating,$49
ASUR,$5.615,1441735827085,981,50% bullish,of 2 ratings,$8
ATRO,$50.18,1441735827383,"59,766",100% bearish,of 2 ratings,$80
ATHN,$135.95,1441735827409,"85,196",67% bearish,of 3 ratings,$153
ATAI,$2.36,1441735827439,"13,869",100% bearish,of 1 rating,N/A
AFCB,NULL,1441735827482,0,Not yet rated,NULL,N/A
ATRA,$43.5499,1441735827543,"83,435",50% bullish,of 2 ratings,$68
AAPC,$10.1,1441735827570,200,Not yet rated,NULL,N/A
ATHX,$1.15,1441735827620,"50,719",89% bullish,of 9 ratings,$5
ACFC,$5.5911,1441735827753,"5,665",100% bearish,of 1 rating,$6.50
AAME,$3.465,1441735827891,"1,402",Not yet rated,NULL,N/A
ATLC,$3.86,1441735827927,"2,910",67% bullish,of 3 ratings,N/A
AAWW,$38.81,1441735828016,"78,054",50% bullish,of 2 ratings,$65
ATNI,$73.96,1441735828041,"18,274",100% bearish,of 1 rating,$69.50
AFH,$16.28,1441735828094,"37,299",Not yet rated,NULL,$21.50
ATOS,$0.8999,1441735828181,"33,070",100% bullish,of 7 ratings,$7
ATML,$8.055,1441735828248,"1,620,398",78% bullish,of 9 ratings,$9.50
ATRC,$24.37,1441735828309,"44,459",100% bullish,of 1 rating,$30
ATTU,$13.2701,1441735828481,"5,675",100% bearish,of 1 rating,$20.50
ATRI,$377.99,1441735828507,"1,636",Not yet rated,NULL,N/A
ATRM,$3.105,1441735828536,100,50% bullish,of 2 ratings,N/A
AUPH,$3.4828,1441735828637,"7,320",100% bearish,of 1 rating,$8
LIFE,$15.29,1441735828662,"24,339",86% bullish,of 7 ratings,$43
AUDC,$3.31,1441735828715,"13,750",80% bullish,of 5 ratings,$5
AUBN,$26.86,1441735828792,502,Not yet rated,NULL,N/A
EARS,$4.46,1441735828862,"4,208",100% bearish,of 2 ratings,$8.49
ADSK,$46.43,1441735829041,"468,301",67% bullish,of 6 ratings,$66
ABTL,$18.97,1441735829066,"35,704",100% bullish,of 4 ratings,$20.25
ADP,$77.74,1441735829131,"493,355",100% bearish,of 1 rating,$88
ADAT,$0.3401,1441735829221,"192,976",100% bullish,of 2 ratings,N/A
AVGO,$127.95,1441735829307,"978,113",88% bullish,of 8 ratings,$165
AVEO,$1.3799,1441735829441,"244,899",75% bullish,of 8 ratings,$3
AAVL,$10.54,1441735829467,"115,261",100% bearish,of 1 rating,$20
AVNU,$13,1441735829491,"5,700",Not yet rated,NULL,$14
AWRE,$3.22,1441735829632,"6,854",67% bullish,of 3 ratings,N/A
AVNW,$1.1986,1441735829660,"12,865",50% bullish,of 2 ratings,N/A
AVID,$8.65,1441735829688,"101,454",100% bearish,of 1 rating,$20
CAR,$43.51,1441735829714,"361,466",67% bullish,of 6 ratings,$60
AVGR,$15.3,1441735829864,"9,009",100% bearish,of 1 rating,$20
AXPW,$1.8401,1441735829892,"377,583",86% bullish,of 7 ratings,N/A
AXPWW,$0.95,1441735830026,30,Not yet rated,NULL,N/A
ACLS,$3.4649,1441735830058,"892,035",67% bullish,of 6 ratings,$4.75
AXGN,$4.77,1441735830099,"33,338",Not yet rated,NULL,$5
AXTI,$2.16,1441735830159,"7,312",50% bullish,of 2 ratings,$2.75
BOSC,$2.2528,1441735830333,"28,554",50% bullish,of 2 ratings,N/A
BCOM,$19.52,1441735830361,109,100% bearish,of 1 rating,N/A
BEAV,$49.865,1441735830392,"129,746",67% bearish,of 3 ratings,$59
RILY,NULL,1441735830412,0,Not yet rated,NULL,N/A
BIDU,$148.49,1441735830495,"1,655,054",81% bullish,of 88 ratings,$210
BCPC,$57.433,1441735830540,"32,354",100% bearish,of 1 rating,$75
BWINA,$22.98,1441735830591,187,Not yet rated,NULL,N/A
BWINB,$22.37,1441735830631,"6,895",Not yet rated,NULL,N/A
BANF,$61.54,1441735830766,"5,270",Not yet rated,NULL,$68
BLDP,$1.35,1441735830813,"119,526",91% bullish,of 22 ratings,$2.50
BANFP,NULL,1441735830940,0,Not yet rated,NULL,N/A
BKMU,$7.1075,1441735830966,"30,476",Not yet rated,NULL,$8
BOCH,$5.7901,1441735831046,"11,291",Not yet rated,NULL,$6.50
BOTJ,$10.94,1441735831181,"1,666",Not yet rated,NULL,N/A
BKSC,$16.34,1441735831211,"5,298",Not yet rated,NULL,N/A
BWFG,$17.96,1441735831237,"6,445",100% bearish,of 1 rating,N/A
BMRC,$48.76,1441735831258,999,Not yet rated,NULL,$52
BFIN,$12.135,1441735831317,"9,618",Not yet rated,NULL,$13
BANR,$44.61,1441735831422,"19,071",100% bullish,of 3 ratings,$50
OZRK,$42.02,1441735831491,"124,750",67% bullish,of 3 ratings,$49.50
BZUN,$5.35,1441735831576,"54,479",50% bullish,of 2 ratings,$11.50
BHAC,NULL,1441735831630,0,Not yet rated,NULL,N/A
TAPR,$33.44,1441735831707,265,100% bearish,of 1 rating,N/A
BHACR,NULL,1441735831736,0,Not yet rated,NULL,N/A
BHACU,NULL,1441735831840,0,Not yet rated,NULL,N/A
BSET,$30.39,1441735831937,"17,141",100% bearish,of 1 rating,$35
BHACW,NULL,1441735831964,0,Not yet rated,NULL,N/A
BBSI,$34.38,1441735832007,"21,004",67% bearish,of 3 ratings,$62.50
BBCN,$14.5399,1441735832109,"53,405",100% bearish,of 1 rating,$16
BYLK,$12.9241,1441735832164,"7,972",Not yet rated,NULL,$14
BV,$5.11,1441735832191,"196,245",67% bullish,of 6 ratings,$8.75
BYBK,$5.05,1441735832260,"11,200",100% bearish,of 1 rating,N/A
BCBP,NULL,1441735832354,0,Not yet rated,NULL,N/A
BDCV,$4.83,1441735832380,"4,742",100% bearish,of 1 rating,$10.19
BECN,$36.43,1441735832511,"137,218",50% bullish,of 2 ratings,$40
BSF,$8.79,1441735832548,"2,019",Not yet rated,NULL,N/A
BBGI,NULL,1441735832690,0,100% bearish,of 1 rating,N/A
BEBE,$1.19,1441735832721,"190,664",75% bullish,of 4 ratings,$2.125
BLPH,$3.99,1441735832824,"15,780",100% bearish,of 1 rating,$12.50
BELFA,$15.29,1441735832851,"1,075",100% bearish,of 1 rating,N/A
BBBY,$63,1441735832880,"574,508",71% bullish,of 7 ratings,$75
BELFB,$18.3275,1441735832905,"14,810",100% bearish,of 1 rating,N/A
BLCM,$16.75,1441735832985,"107,476",50% bullish,of 4 ratings,$40
BNFT,$36.6,1441735833113,"19,969",67% bullish,of 3 ratings,$46
BNCL,$12.82,1441735833159,"132,968",100% bullish,of 3 ratings,$12.50
BNTC,$6.8001,1441735833212,"3,061",100% bullish,of 1 rating,N/A
BGMD,$0.622,1441735833312,"178,992",100% bullish,of 10 ratings,N/A
BGCP,$8.97,1441735833341,"347,601",88% bullish,of 8 ratings,$14
BGFV,$11.51,1441735833410,"62,332",57% bullish,of 7 ratings,$12
BIND,$5.05,1441735833438,"54,349",75% bullish,of 4 ratings,$13.50
ORPN,$5.5501,1441735833568,"4,600",100% bullish,of 1 rating,$28.50
BASI,$1.65,1441735833711,5,Not yet rated,NULL,N/A
BCDA,NULL,1441735833738,0,Not yet rated,NULL,N/A
BCRX,$11.95,1441735833763,"124,724",63% bullish,of 8 ratings,$18
BIOC,$2.16,1441735833911,"289,401",83% bullish,of 6 ratings,$3.85
BDSI,$6.6938,1441735833943,"348,639",88% bullish,of 8 ratings,$17
BIIB,$306.0779,1441735833968,"493,043",88% bullish,of 16 ratings,$400
BIOD,$0.72,1441735833995,"33,201",80% bullish,of 5 ratings,$4
BIOL,$1.555,1441735834042,"7,520",Not yet rated,NULL,N/A
BLRX,$1.74,1441735834223,"123,957",100% bullish,of 12 ratings,$5
BLFS,$2.3783,1441735834303,"45,113",50% bullish,of 2 ratings,$4.75
BMRN,$130.65,1441735834355,"222,590",80% bullish,of 5 ratings,$160
BRLI,NULL,1441735834392,0,NULL,NULL,NULL
BVXVW,$0.82,1441735834418,"2,400",100% bearish,of 1 rating,N/A
BPTH,$1.1858,1441735834444,"17,946",100% bullish,of 2 ratings,$5
BVXV,$4.156,1441735834496,"96,295",Not yet rated,NULL,N/A
BIOS,$2.461,1441735834696,"206,759",71% bullish,of 7 ratings,$4
BBP,$32.8599,1441735834774,"2,897",Not yet rated,NULL,N/A
BSPM,$0.6315,1441735834838,"1,770",50% bullish,of 2 ratings,N/A
BSTC,$49.8836,1441735834868,"28,120",100% bearish,of 1 rating,$76
BBC,$32.1975,1441735834889,"11,941",Not yet rated,NULL,N/A
TECH,$93.83,1441735834918,"105,069",100% bullish,of 1 rating,$117
BOTA,$2.15,1441735834974,"20,661",88% bullish,of 8 ratings,N/A
BITI,$17.19,1441735835231,"12,490",100% bullish,of 1 rating,$28
BEAT,$16.1,1441735835262,"326,931",67% bearish,of 3 ratings,$15
BJRI,$45.808,1441735835297,"83,949",50% bullish,of 2 ratings,$55
BDMS,$13.1,1441735835320,100,100% bearish,of 1 rating,N/A
BLKB,$58.33,1441735835352,"29,584",100% bearish,of 2 ratings,$66
BBOX,$14.64,1441735835379,"24,304",100% bearish,of 1 rating,N/A
BDE,$7.42,1441735835400,"23,005",50% bullish,of 2 ratings,$9
BBRY,$7.29,1441735835435,"1,641,177",61% bullish,of 331 ratings,$9
HAWK,$40.515,1441735835661,"165,154",91% bullish,of 11 ratings,$49
BKCC,$9.465,1441735835689,"123,207",50% bullish,of 2 ratings,$10
ADRA,$26.76,1441735835734,"1,221",100% bearish,of 1 rating,N/A
ADRE,$29.2,1441735835867,"3,191",100% bearish,of 1 rating,N/A
BLMN,$20.805,1441735835955,"243,367",83% bullish,of 6 ratings,$27.50
ADRU,$21.55,1441735835980,"1,808",100% bearish,of 1 rating,N/A
ADRD,$21.6924,1441735836007,"3,049",100% bearish,of 1 rating,N/A
BCOR,$13.18,1441735836032,"66,960",57% bullish,of 7 ratings,$15
BLBD,$11.56,1441735836161,"5,838",Not yet rated,NULL,N/A
BBLU,$0.91,1441735836232,"36,534",100% bullish,of 2 ratings,$4.43
BHBK,$14.0985,1441735836264,"6,627",100% bullish,of 1 rating,$14.50
BUFF,$23.44,1441735836296,"527,116",77% bullish,of 13 ratings,$31.50
NILE,$33.62,1441735836326,"10,303",50% bullish,of 2 ratings,$34
BLUE,$135.06,1441735836356,"396,609",71% bullish,of 7 ratings,$217.50
BKEP,$6.49,1441735836506,"9,305",100% bearish,of 1 rating,$8.50
BKEPP,$7.95,1441735836583,"2,120",100% bearish,of 1 rating,N/A
BPMC,$29.45,1441735836717,"21,931",50% bullish,of 2 ratings,$47.50
BNCN,$21.57,1441735836751,"11,590",Not yet rated,NULL,$24
BOFI,$116.916,1441735836780,"107,918",100% bullish,of 6 ratings,$144
BOBE,$46.63,1441735836811,"139,730",75% bullish,of 4 ratings,$57
BOJA,$20.9708,1441735836848,"34,653",100% bullish,of 1 rating,$30
WIFI,$7.82,1441735836913,"69,619",50% bullish,of 2 ratings,$13.50
BONA,$11.3,1441735837011,"91,826",75% bullish,of 4 ratings,$8.50
BOKF,$63.55,1441735837038,"36,343",100% bearish,of 1 rating,$69
BNSO,$1.269,1441735837117,"1,563",100% bearish,of 1 rating,N/A
BAMM,$3.2099,1441735837269,"2,596",60% bullish,of 5 ratings,N/A
BPFH,$12.01,1441735837325,"77,236",100% bearish,of 1 rating,$14
BPFHP,$25.35,1441735837353,"3,900",100% bearish,of 1 rating,N/A
BPFHW,NULL,1441735837378,0,100% bearish,of 1 rating,N/A
BDBD,$8.38,1441735837514,"158,376",60% bullish,of 5 ratings,$10
EPAY,$26.59,1441735837539,"48,047",100% bearish,of 2 ratings,$30
BCLI,$3.2,1441735837564,"41,961",80% bullish,of 5 ratings,$12
BBEPP,$14.95,1441735837761,"11,247",50% bullish,of 2 ratings,N/A
BBEP,$2.7899,1441735837794,"907,749",69% bullish,of 13 ratings,$5.625
BBRG,$12.51,1441735837819,"24,960",67% bullish,of 3 ratings,$14.50
BDGE,$26.61,1441735837892,"9,694",Not yet rated,NULL,$31.75
BLIN,$1.5384,1441735837958,"40,781",50% bullish,of 2 ratings,$2.20
BCOV,$5.21,1441735837983,"15,118",67% bullish,of 3 ratings,$10.20
BRID,NULL,1441735838023,0,100% bearish,of 1 rating,N/A
BRCM,$52.18,1441735838238,"567,927",69% bullish,of 13 ratings,$56
BVSN,$6.02,1441735838292,"1,715",60% bearish,of 5 ratings,N/A
BSFT,$32.89,1441735838320,"62,777",57% bullish,of 7 ratings,$40.50
BYFC,$1.43,1441735838379,200,50% bullish,of 2 ratings,N/A
BWEN,$3.25,1441735838455,"17,150",75% bullish,of 4 ratings,$8
BRCD,$10.2599,1441735838478,"882,021",92% bullish,of 13 ratings,$12
BRKS,$10.435,1441735838505,"27,066",67% bullish,of 3 ratings,$15.25
BRKL,$10.54,1441735838562,"51,491",100% bearish,of 1 rating,$12
BRKR,$18.05,1441735838666,"78,749",100% bearish,of 2 ratings,$22
BLMT,$21.295,1441735838854,"5,800",Not yet rated,NULL,N/A
BMTC,$29.92,1441735838880,"18,225",Not yet rated,NULL,$34
BSQR,$6.19,1441735838909,"23,307",67% bullish,of 3 ratings,N/A
BWLD,$200.4975,1441735839014,"95,950",82% bullish,of 11 ratings,$205
BUR,$1.78,1441735839040,"6,626",100% bearish,of 1 rating,$8
BLDR,$15.745,1441735839172,"465,523",67% bullish,of 3 ratings,$22
CHRW,$68.85,1441735839207,"293,951",Not yet rated,NULL,$72
CA,$27.79,1441735839240,"973,614",50% bullish,of 4 ratings,$33
CFFI,$35.7,1441735839305,100,100% bearish,of 1 rating,N/A
CDNS,$20.79,1441735839331,"561,354",75% bullish,of 4 ratings,$22.50
CCMP,$42.84,1441735839359,"29,656",50% bullish,of 2 ratings,$59
CDZI,$7.89,1441735839520,"10,825",100% bearish,of 1 rating,N/A
CACQ,$7.2699,1441735839580,"114,062",100% bearish,of 1 rating,$12.25
CZR,$9.61,1441735839604,"434,152",60% bearish,of 5 ratings,$10.50
CSTE,$40.16,1441735839747,"122,201",50% bullish,of 2 ratings,$65
CHY,$10.99,1441735839879,"207,665",Not yet rated,NULL,N/A
PRSS,$4.3,1441735839909,"32,602",80% bullish,of 5 ratings,$4.50
CLBS,$1.8025,1441735839931,"51,582",79% bullish,of 14 ratings,$4
CLMS,$9.98,1441735839952,"31,276",Not yet rated,NULL,$10.50
CHI,$10.26,1441735840084,"128,908",100% bearish,of 1 rating,N/A
CCD,$19.3699,1441735840115,"61,554",Not yet rated,NULL,N/A
CFGE,$10.52,1441735840222,12,Not yet rated,NULL,N/A
CHW,$7.4311,1441735840274,"180,792",100% bearish,of 1 rating,N/A
CSQ,$9.66,1441735840327,"219,932",Not yet rated,NULL,N/A
CGO,$12,1441735840349,"9,995",100% bearish,of 1 rating,N/A
CVGW,$49.4875,1441735840431,"47,968",50% bullish,of 2 ratings,$58
CALA,$6.2401,1441735840578,"157,105",67% bullish,of 3 ratings,$19.50
CAMP,$16.17,1441735840607,"112,758",88% bullish,of 8 ratings,$25
CALD,$16.7,1441735840710,"240,222",100% bearish,of 1 rating,$21
CALM,$55.51,1441735840736,"223,733",80% bullish,of 5 ratings,$63.50
CFNB,NULL,1441735840811,0,100% bearish,of 1 rating,N/A
CLMT,$25.6601,1441735840864,"77,464",75% bullish,of 8 ratings,$31
ABCD,$5.17,1441735840900,"40,450",83% bullish,of 6 ratings,N/A
CAMB,$10.1,1441735840940,"18,450",Not yet rated,NULL,N/A
CAMBU,NULL,1441735841165,0,100% bearish,of 1 rating,N/A
CAMT,$2.679,1441735841201,"23,416",73% bullish,of 11 ratings,$4
CAMBW,$0.23,1441735841223,"153,254",Not yet rated,NULL,N/A
CAC,$40.35,1441735841295,"1,801",Not yet rated,NULL,N/A
CSIQ,$18.7314,1441735841323,"664,127",86% bullish,of 28 ratings,$42.50
CGIX,$10.18,1441735841452,"20,740",67% bullish,of 3 ratings,$14.375
CBNJ,$11.27,1441735841480,"57,380",100% bearish,of 1 rating,N/A
CPHC,$10.47,1441735841505,110,100% bearish,of 1 rating,N/A
CPLA,$49.47,1441735841650,"28,652",67% bearish,of 3 ratings,$65
CBF,$30.82,1441735841680,"24,416",Not yet rated,NULL,$32
CCBG,$15.22,1441735841701,"4,026",Not yet rated,NULL,$17.25
CSWC,$44.42,1441735841846,"8,285",Not yet rated,NULL,N/A
CPLP,$6.92,1441735841873,"103,815",71% bullish,of 7 ratings,$11
CPTA,$14.28,1441735841925,"30,836",100% bearish,of 1 rating,$18.25
CAPNW,$0.8,1441735842069,"16,621",Not yet rated,NULL,N/A
CAPN,$2.5353,1441735842117,"4,009,119",100% bullish,of 1 rating,$10.85
CPST,$0.3911,1441735842150,"258,811",95% bullish,of 22 ratings,$1.25
CFFN,$11.915,1441735842216,"105,870",Not yet rated,NULL,$12.75
CARB,$11.07,1441735842346,"17,017",75% bullish,of 4 ratings,$12
CARA,$19.22,1441735842380,"81,527",50% bullish,of 4 ratings,$25
CAPR,$4.39,1441735842401,"5,775",Not yet rated,NULL,$12
CRDC,$0.32,1441735842422,"79,389",100% bullish,of 1 rating,$1.25
CBYL,$5.32,1441735842478,"4,986",100% bearish,of 1 rating,$20
CRME,$9.42,1441735842613,"1,600",89% bullish,of 9 ratings,$11.25
CFNL,$22.51,1441735842639,"23,047",Not yet rated,NULL,$24
CSII,$23.04,1441735842807,"116,406",100% bearish,of 2 ratings,$42.125
CATM,$33.98,1441735842839,"56,850",100% bearish,of 1 rating,$44
CTRE,$11,1441735842966,"66,841",50% bullish,of 2 ratings,$13.50
CDNA,$7.05,1441735842991,"3,790",100% bearish,of 1 rating,$9
CLBH,$12.9,1441735843027,"3,993",Not yet rated,NULL,$16.50
CARO,$15.25,1441735843066,800,100% bearish,of 1 rating,$19
CECO,$4,1441735843131,"226,657",67% bearish,of 3 ratings,$6
CKEC,$22.85,1441735843160,"82,991",50% bullish,of 2 ratings,$35.915
CART,$5.3501,1441735843261,570,100% bearish,of 1 rating,N/A
CRZO,$36.37,1441735843458,"506,743",67% bearish,of 3 ratings,$54.50
CRTN,NULL,1441735843487,0,100% bearish,of 1 rating,N/A
CASM,$1.16,1441735843514,"6,337",100% bullish,of 1 rating,$3.50
TAST,$12.99,1441735843535,"92,802",Not yet rated,NULL,$14.25
CARV,$6.75,1441735843597,"9,416",50% bullish,of 2 ratings,N/A
CSCD,$15.89,1441735843742,"14,020",100% bullish,of 2 ratings,$17
CACB,$5.34,1441735843804,"17,747",Not yet rated,NULL,$5.50
CASS,$48.96,1441735843882,"4,367",100% bearish,of 1 rating,N/A
CASY,$108.12,1441735843932,"92,211",50% bullish,of 2 ratings,$99.50
CASI,$1.24,1441735843959,"27,740",100% bullish,of 1 rating,$3.50
CWST,$6.6001,1441735843980,"95,328",50% bullish,of 2 ratings,$7.25
CATB,$11.36,1441735844018,"20,791",100% bearish,of 1 rating,$28
CPRX,$3.92,1441735844118,"143,118",71% bullish,of 7 ratings,$7
CATY,$29.545,1441735844224,"196,861",100% bearish,of 1 rating,$33.50
CVCO,$70.96,1441735844358,"8,017",100% bearish,of 1 rating,N/A
CATYW,NULL,1441735844384,0,100% bearish,of 1 rating,N/A
CBFV,$20.5,1441735844512,"1,604",Not yet rated,NULL,$25
CAVM,$71.91,1441735844540,"171,233",67% bearish,of 3 ratings,$72
CNLM,$9.99,1441735844667,"6,700",Not yet rated,NULL,N/A
CNLMR,NULL,1441735844691,0,Not yet rated,NULL,N/A
CDK,$49.42,1441735844719,"87,731",67% bearish,of 3 ratings,$50
CNLMU,NULL,1441735844860,0,100% bullish,of 1 rating,N/A
CBOE,$64.28,1441735844897,"120,976",Not yet rated,NULL,$63
CNLMW,$0.3,1441735844925,"1,000",Not yet rated,NULL,N/A
CDW,$40.16,1441735844989,"478,718",75% bullish,of 4 ratings,$44
CPXX,$2.49,1441735845022,"218,299",100% bullish,of 2 ratings,$7
CELG,$120.818,1441735845117,"1,268,453",92% bullish,of 13 ratings,$156
CECE,$8.75,1441735845142,"125,126",50% bullish,of 2 ratings,$16
CELGZ,$1.71,1441735845277,"3,851",80% bullish,of 5 ratings,N/A
CLDX,$14.54,1441735845341,"213,315",89% bullish,of 9 ratings,$36
CLDN,$1.26,1441735845437,"163,931",63% bullish,of 8 ratings,$3
CLRBW,NULL,1441735845543,0,Not yet rated,NULL,N/A
CLRB,$3.09,1441735845581,"2,140",100% bearish,of 1 rating,N/A
CBMG,$23.39,1441735845607,"30,457",50% bullish,of 2 ratings,N/A
CLTX,$1.95,1441735845674,"57,442",100% bullish,of 2 ratings,N/A
CLLS,$32.19,1441735845739,"28,898",75% bullish,of 4 ratings,$51.50
CEMP,$35.63,1441735845806,"400,188",71% bullish,of 7 ratings,$52
CYAD,$44.55,1441735845831,"1,527",100% bullish,of 1 rating,$87.50
CETX,$2.55,1441735846038,"6,368",Not yet rated,NULL,$5.60
CSFL,$14.11,1441735846079,"27,003",Not yet rated,NULL,$15
CLSN,$2.115,1441735846110,"85,878",80% bullish,of 10 ratings,$7.50
CETV,$2.1,1441735846136,"12,682",67% bullish,of 3 ratings,$2.80
CFBK,$1.3401,1441735846213,"2,825",Not yet rated,NULL,N/A
CENT,$14.72,1441735846344,"205,300",Not yet rated,NULL,$10
CENTA,$15.34,1441735846379,"121,486",Not yet rated,NULL,N/A
CNBKA,$39.826,1441735846476,"1,100",50% bullish,of 2 ratings,N/A
CENX,$5.395,1441735846503,"584,315",67% bullish,of 6 ratings,$9
CVCY,$11.75,1441735846536,400,Not yet rated,NULL,$12
CRNT,$1.358,1441735846633,"136,878",50% bullish,of 2 ratings,$2
CNTY,$5.8742,1441735846662,"5,111",80% bullish,of 5 ratings,$7.75
CPHD,$50.975,1441735846686,"228,913",67% bearish,of 3 ratings,$66
CERE,$1.13,1441735846852,"59,823",88% bullish,of 8 ratings,N/A
CERU,$4.43,1441735846910,"18,132",75% bullish,of 4 ratings,$14
CERN,$62.518,1441735847043,"522,363",67% bullish,of 3 ratings,$79
KOOL,$0.62,1441735847073,"9,346",100% bullish,of 5 ratings,$7
CYOU,$18.8,1441735847177,"70,580",50% bullish,of 6 ratings,$24
CEVA,$19.395,1441735847202,"12,427",100% bearish,of 1 rating,$25
CERS,$5.235,1441735847228,"252,224",75% bullish,of 4 ratings,$7
HOTR,$1.365,1441735847255,"102,281",100% bullish,of 2 ratings,$5
HOTRW,$0.15,1441735847280,"9,000",Not yet rated,NULL,N/A
CTHR,$1.24,1441735847418,"2,962",50% bullish,of 2 ratings,$2.50
GTLS,$22.96,1441735847506,"82,774",50% bullish,of 4 ratings,$40
CHFN,$12.25,1441735847535,"4,381",Not yet rated,NULL,$14
CHEK,$2.6,1441735847616,"3,650",Not yet rated,NULL,$7.75
CHTR,$184.87,1441735847666,"243,438",67% bearish,of 3 ratings,$202
CHKP,$77.85,1441735847691,"374,239",50% bullish,of 4 ratings,$92
CHEKW,NULL,1441735847715,0,Not yet rated,NULL,N/A
CEMI,$4.22,1441735847934,"1,165",50% bullish,of 2 ratings,$7.50
CHFC,$30.85,1441735847982,"73,504",100% bearish,of 1 rating,$36
CHKE,$25.42,1441735848079,"2,977",100% bearish,of 1 rating,$32.50
CCXI,$6.3,1441735848128,"33,029",67% bullish,of 3 ratings,$14
CHMG,$26.417,1441735848155,776,Not yet rated,NULL,$30
CHMA,$28.46,1441735848176,"68,667",Not yet rated,NULL,$40
CHEV,$14.573,1441735848210,"2,410",Not yet rated,NULL,N/A
CBNK,$16.36,1441735848235,"2,200",100% bearish,of 1 rating,N/A
PLCE,$58.41,1441735848432,"82,704",100% bearish,of 1 rating,$69
CMRX,$51.5,1441735848461,"66,672",50% bullish,of 2 ratings,$57
CALI,$0.82,1441735848566,6,67% bullish,of 3 ratings,N/A
CAAS,$6.01,1441735848592,"9,138",93% bullish,of 14 ratings,$11.50
CADC,NULL,1441735848617,0,78% bullish,of 9 ratings,N/A
CBAK,$2.14,1441735848835,"33,244",67% bullish,of 9 ratings,N/A
CBPO,$98.26,1441735848911,"50,320",75% bullish,of 8 ratings,$140.50
CCCL,$0.8255,1441735848964,"9,603",100% bullish,of 6 ratings,N/A
CHLN,$1.71,1441735848996,"7,807",67% bullish,of 3 ratings,N/A
CHOP,$1.1233,1441735849017,"1,623",50% bullish,of 2 ratings,N/A
HGSH,$1.8,1441735849050,"1,910",67% bullish,of 3 ratings,N/A
CCCR,NULL,1441735849078,0,67% bearish,of 3 ratings,N/A
JRJC,$3.59,1441735849104,"39,250",82% bullish,of 11 ratings,N/A
CNIT,$1.21,1441735849293,"112,067",67% bullish,of 6 ratings,N/A
CHNR,$1.71,1441735849426,"2,203",100% bearish,of 1 rating,N/A
HTHT,$25.745,1441735849450,"32,579",50% bullish,of 2 ratings,$28.40
CJJD,$1.86,1441735849475,"4,560",100% bullish,of 1 rating,N/A
CREG,$0.6364,1441735849500,"7,850",100% bullish,of 3 ratings,N/A
CSUN,$1.3401,1441735849646,"3,176",80% bullish,of 5 ratings,N/A
CPGI,NULL,1441735849694,0,Not yet rated,NULL,N/A
CNTF,$0.8,1441735849727,"15,189",Not yet rated,NULL,N/A
CCIH,$7.83,1441735849828,"71,094",67% bullish,of 6 ratings,$12.65
CNYD,$3.12,1441735849854,"6,900",67% bullish,of 3 ratings,N/A
CXDC,$6.1,1441735849884,"20,002",67% bearish,of 3 ratings,N/A
CNET,$0.8425,1441735850019,"4,548",50% bullish,of 2 ratings,N/A
IMOS,$19.48,1441735850050,"161,983",60% bullish,of 5 ratings,$21.50
CHSCL,$27.2448,1441735850089,"18,978",Not yet rated,NULL,N/A
CHSCM,$26.28,1441735850152,"19,231",Not yet rated,NULL,N/A
CHSCN,$27.05,1441735850191,"3,850",Not yet rated,NULL,N/A
CHSCO,$28.5,1441735850447,"5,375",Not yet rated,NULL,N/A
CHSCP,$30.447,1441735850535,"16,531",Not yet rated,NULL,N/A
CDTX,$15.01,1441735850566,"12,041",Not yet rated,NULL,$22
CHDN,$137.49,1441735850596,"16,533",Not yet rated,NULL,$165
CHUY,$31.7,1441735850617,"41,620",50% bullish,of 2 ratings,$34
CIFC,$7.49,1441735850669,"3,719",100% bearish,of 1 rating,N/A
CMCT,$17.54,1441735850750,"14,489",100% bearish,of 1 rating,N/A
CMPR,$73.14,1441735850781,"80,272",50% bullish,of 2 ratings,$72.50
CIDM,$0.5501,1441735850814,"28,477",50% bullish,of 2 ratings,$2.10
CINF,$52.9,1441735851005,"182,847",50% bullish,of 4 ratings,$50.50
CTAS,$85.94,1441735851090,"115,130",100% bearish,of 1 rating,$91
CRUS,$30.76,1441735851171,"281,331",75% bullish,of 12 ratings,$44.50
CPHR,$5.1317,1441735851196,"2,200",100% bearish,of 1 rating,$17
CTRN,$25.454,1441735851241,"30,082",100% bearish,of 1 rating,$31.50
CZNC,$19.518,1441735851327,"2,985",Not yet rated,NULL,N/A
CSCO,$26.16,1441735851352,"6,468,147",83% bullish,of 210 ratings,$32
CIZN,$19.5999,1441735851521,100,Not yet rated,NULL,N/A
CZWI,$8.91,1441735851552,"3,400",Not yet rated,NULL,N/A
CTXS,$69.11,1441735851632,"481,626",86% bullish,of 7 ratings,$80
CZFC,$12.75,1441735851682,"5,200",Not yet rated,NULL,N/A
CIVB,$10.04,1441735851725,100,Not yet rated,NULL,$11
CIVBP,NULL,1441735851821,0,Not yet rated,NULL,N/A
CHCO,$47.55,1441735851846,"11,698",Not yet rated,NULL,$46
CDTI,$1.6001,1441735851875,"18,946",75% bullish,of 4 ratings,$3.20
CLNE,$4.98,1441735851976,"386,237",80% bullish,of 15 ratings,$9
CLNT,$1.535,1441735852117,397,75% bullish,of 8 ratings,N/A
CLFD,$17.22,1441735852251,"10,123",67% bullish,of 3 ratings,$18
CBLI,$4.316,1441735852286,"19,370",60% bullish,of 5 ratings,N/A
CLRO,$11.38,1441735852312,"3,160",50% bullish,of 2 ratings,$14.25
CSBK,$13.9699,1441735852338,"27,658",Not yet rated,NULL,N/A
CLIR,$5.2,1441735852389,"48,974",100% bullish,of 3 ratings,N/A
CLVS,$83.07,1441735852414,"187,530",60% bullish,of 5 ratings,$101.50
CMFN,$11.3527,1441735852482,"9,020",100% bearish,of 1 rating,$15.50
CME,$93.69,1441735852610,"313,458",67% bullish,of 3 ratings,$102
CISG,$7.88,1441735852740,"40,057",100% bullish,of 5 ratings,$10
CWAY,$11.2,1441735852788,"1,200",Not yet rated,NULL,N/A
COBZ,$12.97,1441735852814,"18,033",100% bullish,of 1 rating,$14
CNV,$4.335,1441735852846,"39,076",50% bullish,of 2 ratings,$7.15
CCNE,$17.03,1441735852868,"1,769",50% bullish,of 2 ratings,$21.50
COKE,$166.655,1441735852958,"10,873",79% bullish,of 19 ratings,N/A
CDRB,$9.459,1441735853092,"13,038",67% bullish,of 3 ratings,N/A
JVA,$4.84,1441735853164,"12,821",83% bullish,of 6 ratings,$7
CVLY,NULL,1441735853292,0,Not yet rated,NULL,N/A
CDXS,$3.57,1441735853319,"6,786",64% bullish,of 11 ratings,$6
CCOI,$27.39,1441735853340,"148,998",50% bullish,of 4 ratings,$35
CGNX,$35.99,1441735853380,"187,574",50% bullish,of 2 ratings,$47
CGNT,$1.58,1441735853474,"8,701",100% bullish,of 2 ratings,$2
COHR,$56.11,1441735853608,"14,849",50% bullish,of 2 ratings,$72
CTSH,$62.8775,1441735853635,"937,209",90% bullish,of 10 ratings,$75
CHRS,$25.72,1441735853665,"117,193",67% bearish,of 3 ratings,$37
CLRX,$0.7,1441735853764,"15,906",50% bullish,of 2 ratings,N/A
COHU,$9.495,1441735853795,"49,006",100% bearish,of 1 rating,$14.25
CLCT,$17.7,1441735853839,"13,613",100% bearish,of 1 rating,N/A
COLL,$15.36,1441735853937,"45,526",100% bearish,of 1 rating,$26
CIGI,$42.5,1441735853965,"10,840",100% bearish,of 1 rating,$52
CLCD,$6.0993,1441735854027,"11,871",100% bearish,of 1 rating,$20.50
COLB,$30.27,1441735854195,"32,440",Not yet rated,NULL,$36
CBAN,$8.75,1441735854225,"1,200",Not yet rated,NULL,N/A
CMCO,$18.9985,1441735854324,"24,923",60% bullish,of 5 ratings,$28
CBMX,$1.1099,1441735854351,"14,702",83% bullish,of 6 ratings,$3.15
CMCSA,$56.75,1441735854403,"3,151,131",66% bullish,of 35 ratings,$69.50
COLM,$62.59,1441735854480,"34,963",100% bearish,of 1 rating,$71
CMCSK,$57.615,1441735854508,"943,396",Not yet rated,NULL,$84
CBSH,$44.41,1441735854539,"106,221",50% bullish,of 2 ratings,$46
CBSHP,$25.4,1441735854635,"16,212",100% bearish,of 1 rating,N/A
CUBN,$13.25,1441735854734,"4,100",Not yet rated,NULL,N/A
JCS,$8.72,1441735854866,200,67% bullish,of 3 ratings,N/A
COMM,$33.17,1441735854891,"409,930",67% bearish,of 3 ratings,$35
CSAL,$20.47,1441735854953,"185,246",75% bullish,of 4 ratings,$30
CVGI,$5.03,1441735855023,"84,835",50% bullish,of 2 ratings,$6
ESXB,$5.06,1441735855057,"2,910",Not yet rated,NULL,N/A
CYHHZ,$0.0111,1441735855152,"19,144",100% bullish,of 1 rating,N/A
CTBI,$35.24,1441735855177,"5,027",Not yet rated,NULL,$36
CVLT,$35.93,1441735855238,"48,186",75% bullish,of 4 ratings,$44.50
CWBC,NULL,1441735855264,0,Not yet rated,NULL,N/A
COB,$10.45,1441735855398,"3,258",100% bullish,of 1 rating,$11.75
CIZ,$32.8799,1441735855510,220,100% bearish,of 1 rating,N/A
CSA,NULL,1441735855534,0,Not yet rated,NULL,N/A
CIL,NULL,1441735855569,0,Not yet rated,NULL,N/A
CID,NULL,1441735855671,0,Not yet rated,NULL,N/A
CSF,NULL,1441735855716,0,100% bearish,of 1 rating,N/A
CDC,$34.37,1441735855740,932,Not yet rated,NULL,N/A
CDL,NULL,1441735855904,0,Not yet rated,NULL,N/A
CFO,$35.27,1441735855931,"2,608",100% bearish,of 1 rating,N/A
CFA,NULL,1441735855951,0,100% bearish,of 1 rating,N/A
CGEN,$5.1,1441735856119,"127,477",50% bullish,of 2 ratings,$11
CPSI,$45.19,1441735856145,"23,715",100% bearish,of 1 rating,$45.50
CSB,NULL,1441735856173,0,Not yet rated,NULL,N/A
SCOR,$48.15,1441735856199,"136,151",100% bearish,of 1 rating,$66
CTG,$6.6399,1441735856277,"10,487",100% bearish,of 1 rating,$8.50
CHCI,$0.67,1441735856410,"21,741",50% bullish,of 2 ratings,N/A
CMTL,$26.4405,1441735856515,"13,158",100% bearish,of 2 ratings,$37
CNCE,$16.49,1441735856571,"120,191",75% bullish,of 4 ratings,$22
CXRX,$76.97,1441735856644,"21,494",100% bearish,of 1 rating,$90
CNAT,$3.98,1441735856670,"41,955",83% bullish,of 6 ratings,$13
CNSI,$18.57,1441735856714,"54,182",100% bearish,of 2 ratings,$29
CCUR,$5.3042,1441735856741,"7,691",75% bullish,of 4 ratings,N/A
CDORP,$6.3,1441735856875,"1,800",100% bearish,of 1 rating,N/A
CDOR,$1.2998,1441735856903,"1,900",100% bullish,of 1 rating,N/A
CFMS,$14.597,1441735856942,"145,117",100% bearish,of 1 rating,$26.50
CDORO,NULL,1441735857013,0,100% bearish,of 1 rating,N/A
CNMD,$51.72,1441735857147,"15,571",Not yet rated,NULL,$59
CTWS,$34.32,1441735857173,"7,688",100% bearish,of 1 rating,$44
CNFR,$10.0019,1441735857194,"8,052",Not yet rated,NULL,N/A
CNOB,$19.19,1441735857332,"8,163",100% bullish,of 1 rating,$23.50
CONN,$29.84,1441735857393,"333,005",67% bullish,of 3 ratings,$48.50
CNXR,$7.19,1441735857418,"28,240",100% bearish,of 1 rating,$12
CNSL,$19.925,1441735857604,"43,686",100% bearish,of 1 rating,$23
CTCT,$25.05,1441735857636,"56,018",67% bullish,of 3 ratings,$37
CWCO,$10.66,1441735857733,"29,658",67% bullish,of 3 ratings,$14.50
CFRXW,NULL,1441735857764,0,100% bearish,of 1 rating,N/A
CPSS,$5.4905,1441735857791,"14,594",100% bullish,of 1 rating,$10
CFRX,$5.01,1441735857816,"13,745",Not yet rated,NULL,$14
CFRXZ,NULL,1441735857862,0,Not yet rated,NULL,N/A
CTRL,$8.64,1441735858024,"60,411",50% bullish,of 2 ratings,$11
CTRV,$3.45,1441735858070,"3,588",Not yet rated,NULL,$6.40
CPRT,$35.09,1441735858104,"100,600",67% bearish,of 3 ratings,$40
CORT,$4.93,1441735858203,"105,066",67% bullish,of 3 ratings,$12
CRBP,$1.8563,1441735858229,"33,722",100% bullish,of 2 ratings,$6.25
BVA,NULL,1441735858284,0,50% bullish,of 2 ratings,N/A
CORE,$59.41,1441735858309,"17,709",100% bearish,of 1 rating,$72
CORI,$10.97,1441735858531,"17,090",100% bearish,of 1 rating,$18
CRVL,$32.44,1441735858575,"9,735",100% bearish,of 1 rating,N/A
CSOD,$37.71,1441735858600,"102,942",50% bullish,of 2 ratings,$42
COST,$140.68,1441735858629,"369,837",79% bullish,of 24 ratings,$154.50
CSGP,$178.81,1441735858652,"44,993",50% bullish,of 2 ratings,$235
COSI,$1.0641,1441735858795,"1,104,773",100% bullish,of 1 rating,N/A
ICBK,$19,1441735858826,"2,183",Not yet rated,NULL,$21
CPAH,$0.4399,1441735858897,500,50% bullish,of 2 ratings,N/A
CVTI,$22.991,1441735858990,"32,123",67% bearish,of 3 ratings,$39
COWN,$5.075,1441735859026,"334,258",75% bullish,of 4 ratings,$7
COWNL,NULL,1441735859089,0,Not yet rated,NULL,N/A
COVS,$2.5175,1441735859174,"75,214",67% bullish,of 3 ratings,N/A
CPSH,$2.38,1441735859220,"12,000",Not yet rated,NULL,N/A
CBRL,$149.825,1441735859353,"56,142",50% bullish,of 2 ratings,$155
CRAY,$21.5,1441735859397,"103,658",83% bullish,of 6 ratings,$38.50
CRAI,$23.46,1441735859423,"14,813",100% bearish,of 1 rating,$36
BREW,$8.0696,1441735859456,"6,366",67% bullish,of 6 ratings,$15
CACC,$201.74,1441735859495,"37,814",50% bullish,of 2 ratings,$158.50
GLDI,$11.0105,1441735859561,"14,012",100% bearish,of 1 rating,N/A
SLVO,$10.22,1441735859663,"3,503",100% bearish,of 1 rating,N/A
CREE,$27.01,1441735859822,"359,913",65% bullish,of 17 ratings,$29.50
CRESY,$10.08,1441735859879,"13,668",100% bearish,of 1 rating,$19
CRTO,$35.56,1441735859964,"353,035",67% bullish,of 6 ratings,$64
CROX,$13.97,1441735859995,"254,492",63% bullish,of 8 ratings,$16.50
CRWN,$5.255,1441735860101,"88,993",75% bullish,of 4 ratings,N/A
CCRN,$14.36,1441735860131,"89,817",100% bearish,of 1 rating,$14.25
CRWS,$8.15,1441735860157,"8,677",Not yet rated,NULL,$10
CRDS,$1.2,1441735860232,"38,807",50% bullish,of 4 ratings,$3.375
CYRX,$3.0308,1441735860289,"23,724",Not yet rated,NULL,$9
CSGS,$30.01,1441735860327,"32,205",Not yet rated,NULL,$40
CYRXW,$0.9101,1441735860386,"8,052",Not yet rated,NULL,N/A
CCLP,$13.778,1441735860573,"32,972",67% bearish,of 3 ratings,$20
CTCM,$1.71,1441735860601,"103,576",80% bearish,of 5 ratings,$3.90
CTIC,$1.5525,1441735860630,"307,648",84% bullish,of 76 ratings,$5.75
CSPI,$5.7879,1441735860656,500,67% bullish,of 3 ratings,N/A
CTIB,NULL,1441735860732,0,100% bearish,of 1 rating,N/A
CTRP,$63.78,1441735860894,"909,560",75% bullish,of 8 ratings,$92.50
CUNB,$22.1,1441735860966,"19,916",Not yet rated,NULL,$24.50
CPIX,$6.015,1441735861027,"5,486",Not yet rated,NULL,N/A
CUTR,$15.12,1441735861137,"13,494",67% bearish,of 3 ratings,$18
CUI,$5.3,1441735861203,"6,150",50% bullish,of 2 ratings,$10
CVBF,$16.5,1441735861231,"171,394",Not yet rated,NULL,$18
CMLS,$1.29,1441735861252,"53,493",50% bullish,of 4 ratings,$6
CRIS,$2.5603,1441735861284,"57,021",100% bullish,of 8 ratings,$6
CVV,$11.73,1441735861306,"13,009",100% bullish,of 5 ratings,N/A
CYAN,$6.13,1441735861503,"1,326",100% bearish,of 1 rating,N/A
CYBX,$67.206,1441735861644,"218,578",50% bullish,of 4 ratings,$71.50
CYBR,$47,1441735861674,"574,715",75% bullish,of 8 ratings,$68.50
CYCCP,$5.5,1441735861773,564,100% bearish,of 1 rating,N/A
CYCC,$0.5886,1441735861813,"67,662",73% bullish,of 11 ratings,N/A
CYBE,$6.78,1441735861840,"3,287",100% bearish,of 1 rating,N/A
CBAY,$3.0767,1441735861866,"405,012",100% bullish,of 2 ratings,$4
CY,$10.32,1441735862103,"1,070,037",80% bullish,of 10 ratings,$15.50
CYNO,$34.3,1441735862153,"81,265",67% bearish,of 3 ratings,$45.50
CYNA,$16,1441735862190,"3,477",50% bullish,of 2 ratings,$31.50
CYRN,$1.7801,1441735862220,"9,081",67% bullish,of 3 ratings,$4
CONE,$32.34,1441735862247,"131,414",67% bearish,of 3 ratings,$35.50
CYTK,$7.52,1441735862286,"180,582",71% bullish,of 14 ratings,$13.50
CYTX,$0.3883,1441735862312,"1,688,095",83% bullish,of 12 ratings,$5.50
CYTR,$2.58,1441735862608,"309,210",67% bullish,of 6 ratings,$10
CTSO,$7.438,1441735862680,"19,653",Not yet rated,NULL,$15.625
TVIZ,$22.93,1441735862777,"1,107",100% bearish,of 1 rating,N/A
DAEG,$0.35,1441735862807,"2,500",100% bearish,of 1 rating,N/A
TVIX,$14.8301,1441735862832,"6,069,963",81% bullish,of 16 ratings,N/A
DJCO,$199.7,1441735862857,"1,000",Not yet rated,NULL,N/A
ZIV,$36.13,1441735862907,"51,196",Not yet rated,NULL,N/A
XIV,$24.15,1441735862996,"9,773,271",75% bearish,of 4 ratings,N/A
DARA,$0.8479,1441735863105,"9,280",83% bullish,of 6 ratings,$1.50
DAKT,$8.57,1441735863173,"62,763",50% bullish,of 2 ratings,$12
DRAM,$1.301,1441735863206,"10,036",78% bullish,of 9 ratings,N/A
DTLK,$5.635,1441735863229,"46,404",100% bearish,of 1 rating,$9
DAIO,$2.51,1441735863277,"6,305",Not yet rated,NULL,N/A
PLAY,$37.54,1441735863430,"246,049",100% bullish,of 5 ratings,$42
DWCH,$4.88,1441735863463,"24,562",75% bullish,of 4 ratings,$8.25
DTEA,$13.42,1441735863532,"97,106",100% bearish,of 2 ratings,$24
DWSN,$4.4,1441735863769,"5,066",67% bullish,of 3 ratings,N/A
DBVT,$37.25,1441735863829,"35,016",100% bearish,of 1 rating,$53
DCTH,$0.5209,1441735863911,"558,829",78% bullish,of 9 ratings,N/A
TRAK,$62.89,1441735864007,"109,218",50% bullish,of 2 ratings,$62.50
DHRM,$1.6,1441735864039,"1,600",Not yet rated,NULL,N/A
TACO,$14.33,1441735864063,"350,517",75% bullish,of 4 ratings,$20
DFRG,$13.86,1441735864142,"160,217",100% bearish,of 1 rating,$20
TACOW,$4.93,1441735864272,"12,925",100% bullish,of 1 rating,N/A
DELTW,$0.17,1441735864299,"2,200",Not yet rated,NULL,N/A
DGAS,$20.37,1441735864326,616,67% bearish,of 3 ratings,N/A
DELT,$2.25,1441735864352,"1,590",Not yet rated,NULL,N/A
DENN,$11.475,1441735864592,"71,246",100% bullish,of 3 ratings,$15
XRAY,$52.2686,1441735864631,"147,230",100% bullish,of 1 rating,$58
DERM,$26.876,1441735864731,"31,970",100% bearish,of 1 rating,$33.50
DEPO,$27.28,1441735864777,"546,125",60% bullish,of 5 ratings,$29
DSCI,$6.31,1441735864808,"23,661",50% bullish,of 2 ratings,$16
DXLG,$6.55,1441735864910,"49,617",100% bearish,of 1 rating,$8
DEST,$10.295,1441735864935,"29,958",50% bullish,of 2 ratings,N/A
DSWL,$1.4901,1441735864982,"6,673",100% bullish,of 1 rating,N/A
DHXM,$6.37,1441735865072,"3,200",100% bearish,of 1 rating,N/A
DXCM,$90.9,1441735865097,"134,596",57% bullish,of 7 ratings,$98
DXM,$0.4177,1441735865235,"1,295,645",50% bullish,of 2 ratings,N/A
DMND,$30.95,1441735865282,"35,410",75% bullish,of 12 ratings,$32
DHIL,$194.75,1441735865312,"1,253",100% bearish,of 1 rating,N/A
FANG,$67.15,1441735865370,"215,818",50% bullish,of 2 ratings,$86
DCIX,$1.59,1441735865411,"34,100",50% bullish,of 4 ratings,$3.50
DGII,$10.3625,1441735865521,"29,614",100% bearish,of 1 rating,$11
DRNA,$11.25,1441735865547,"60,169",67% bearish,of 3 ratings,$25
DRAD,$3.8717,1441735865870,"4,753",100% bullish,of 1 rating,$5.25
APPS,$2.1303,1441735865955,"56,853",100% bearish,of 1 rating,$10.25
DGLY,$7.176,1441735865985,"47,196",50% bullish,of 6 ratings,$20
DMRC,$38.715,1441735866006,"26,255",100% bearish,of 1 rating,$44
DIOD,$23.01,1441735866044,"120,397",75% bearish,of 4 ratings,$28
DISCA,$27.26,1441735866066,"1,046,536",67% bullish,of 3 ratings,$34
DCOM,$16.78,1441735866091,"21,153",100% bearish,of 2 ratings,$16
DPRX,$14.49,1441735866140,"10,559",100% bullish,of 2 ratings,$27.75
DSCO,$0.4301,1441735866408,"44,827",83% bullish,of 6 ratings,$2.75
DISCK,$25.69,1441735866435,"580,855",100% bearish,of 1 rating,$32
DISH,$59.98,1441735866456,"252,437",69% bullish,of 13 ratings,$73
DISCB,$27.35,1441735866488,200,100% bearish,of 1 rating,$35
BAGR,$2.75,1441735866590,"9,850",100% bearish,of 1 rating,$6
DVCR,$10.68,1441735866735,"2,520",100% bullish,of 1 rating,N/A
DGICA,$13.785,1441735866796,"11,466",100% bearish,of 1 rating,$17
DLHC,NULL,1441735866864,0,100% bearish,of 1 rating,N/A
DLTR,$68.33,1441735866893,"1,366,758",82% bullish,of 11 ratings,$85
DGICB,NULL,1441735866923,0,100% bearish,of 1 rating,N/A
DNBF,$26.27,1441735866960,600,Not yet rated,NULL,$27.50
DORM,$50.5,1441735866993,"32,577",100% bearish,of 1 rating,$56
DMLP,$14.885,1441735867060,"19,401",100% bearish,of 1 rating,N/A
HILL,$9.69,1441735867097,"543,023",60% bearish,of 5 ratings,$9.75
DRWI,$0.18,1441735867167,"413,943",60% bullish,of 5 ratings,$.45
DRWIW,$0.0399,1441735867324,"16,500",Not yet rated,NULL,N/A
DWA,$21.135,1441735867518,"131,995",63% bullish,of 8 ratings,$26
CADTR,NULL,1441735867558,0,Not yet rated,NULL,N/A
DSKX,$3.3999,1441735867659,"42,545",100% bullish,of 1 rating,N/A
DRYS,$0.4538,1441735867685,"1,214,663",77% bullish,of 31 ratings,$.60
DSPG,$9.065,1441735867717,"6,386",100% bearish,of 1 rating,$13.50
CADTU,$10.26,1441735867739,201,Not yet rated,NULL,N/A
CADT,$10,1441735867768,100,Not yet rated,NULL,N/A
DTSI,$27.18,1441735867819,"39,580",100% bearish,of 2 ratings,$39.50
DRRX,$2.19,1441735867983,"41,716",50% bullish,of 6 ratings,$3
DNKN,$49.31,1441735868037,"176,748",67% bullish,of 15 ratings,$56.50
CADTW,NULL,1441735868089,0,Not yet rated,NULL,N/A
DYAX,$22.55,1441735868113,"166,928",89% bullish,of 9 ratings,$30
DXPE,$30.57,1441735868141,"44,738",50% bullish,of 2 ratings,N/A
BOOM,$10.13,1441735868274,"59,520",67% bullish,of 3 ratings,$12
DYSL,$1.54,1441735868405,"12,963",100% bullish,of 2 ratings,N/A
DVAX,$29.67,1441735868437,"65,615",70% bullish,of 10 ratings,$40
DYNT,$3.12,1441735868462,300,75% bullish,of 4 ratings,N/A
ETFC,$27.155,1441735868535,"2,280,188",57% bullish,of 14 ratings,$32.50
EBMT,$11.48,1441735868687,"4,613",Not yet rated,NULL,$13.50
EGLE,$6.61,1441735868724,"5,688",60% bullish,of 5 ratings,N/A
EGBN,$41.87,1441735868753,"12,265",Not yet rated,NULL,$48
EGRX,$83.38,1441735868785,"122,922",67% bullish,of 3 ratings,$97
ELNK,$8.62,1441735868851,"111,944",60% bullish,of 5 ratings,$9.50
EROC,$1.495,1441735868881,"51,591",50% bullish,of 2 ratings,$3
EWBC,$39.61,1441735868911,"223,907",100% bearish,of 1 rating,$50
EACQU,$10.15,1441735869099,"12,376",Not yet rated,NULL,N/A
EBAY,$26.31,1441735869155,"5,172,365",81% bullish,of 117 ratings,$33
EML,$16.06,1441735869184,"1,020",Not yet rated,NULL,N/A
EVBS,$6.79,1441735869231,"13,107",Not yet rated,NULL,$7
EBIX,$28.33,1441735869263,"59,514",69% bullish,of 13 ratings,$40
ELON,$0.6099,1441735869362,"45,947",50% bullish,of 2 ratings,N/A
ECHO,$23.365,1441735869387,"125,297",67% bearish,of 3 ratings,$34.50
ECTE,$1.48,1441735869446,"1,000",75% bullish,of 4 ratings,N/A
SATS,$43.93,1441735869555,"19,093",50% bullish,of 2 ratings,$60
ESES,$3.41,1441735869606,"2,311",100% bearish,of 1 rating,$7
EDAP,$3.596,1441735869685,"18,096",60% bullish,of 5 ratings,$4.50
ECACU,$10.1,1441735869715,"7,500",Not yet rated,NULL,N/A
EEI,$11.95,1441735869740,"2,000",67% bearish,of 3 ratings,N/A
EDGW,$7.25,1441735869778,975,100% bearish,of 1 rating,N/A
EDUC,$6.9999,1441735869949,"21,548",100% bearish,of 1 rating,N/A
EFUT,$4.6,1441735869974,"1,259",Not yet rated,NULL,N/A
EGAN,$3.94,1441735870107,"10,493",50% bullish,of 2 ratings,$6.25
EGLT,$13.21,1441735870168,"35,340",50% bullish,of 2 ratings,$21
ESLT,$79.4485,1441735870196,"3,038",67% bullish,of 3 ratings,N/A
LOCO,$12.44,1441735870217,"241,707",69% bullish,of 13 ratings,$19.50
EHTH,$14.43,1441735870248,"49,357",50% bullish,of 4 ratings,$17
EMITF,$1.2764,1441735870386,"63,802",75% bullish,of 4 ratings,N/A
ERI,$9.39,1441735870414,"36,245",100% bearish,of 1 rating,$10
ESIO,$4.7,1441735870488,"26,168",50% bullish,of 2 ratings,$10
EA,$67.85,1441735870618,"1,041,866",78% bullish,of 36 ratings,$80
ELRC,$10.5,1441735870644,"11,365",100% bearish,of 1 rating,N/A
ELSE,$3.99,1441735870675,500,60% bullish,of 5 ratings,N/A
EFII,$43.91,1441735870705,"39,037",80% bullish,of 5 ratings,$55
ELECU,$10.09,1441735870779,700,Not yet rated,NULL,N/A
ELEC,NULL,1441735870850,0,Not yet rated,NULL,N/A
EBIO,$3.35,1441735870982,"87,179",100% bearish,of 2 ratings,$8.35
ELECW,NULL,1441735871014,0,Not yet rated,NULL,N/A
RDEN,$11.37,1441735871118,"23,902",100% bearish,of 4 ratings,$15
ESBK,$19.63,1441735871139,795,Not yet rated,NULL,N/A
LONG,$16.83,1441735871171,"4,300",67% bullish,of 3 ratings,$15.75
CAPX,NULL,1441735871199,0,Not yet rated,NULL,N/A
ELTK,$1.2806,1441735871281,"17,367",67% bearish,of 3 ratings,N/A
EMCF,$22.9,1441735871427,200,100% bearish,of 1 rating,N/A
EMKR,$6.89,1441735871492,"43,773",75% bullish,of 4 ratings,$8.50
EMCI,$22.18,1441735871559,"6,737",Not yet rated,NULL,N/A
EMMS,$1.3065,1441735871590,"16,310",67% bullish,of 6 ratings,N/A
EMMSP,NULL,1441735871619,0,100% bearish,of 1 rating,N/A
ERS,$3.52,1441735871688,300,Not yet rated,NULL,N/A
NYNY,$4.67,1441735871715,"32,986",50% bullish,of 2 ratings,N/A
ENTA,$39.47,1441735871898,"60,349",50% bullish,of 2 ratings,$42
WIRE,$33.38,1441735871984,"34,724",100% bearish,of 1 rating,$37
ELGX,$13.21,1441735872045,"215,417",75% bullish,of 4 ratings,$17
ECPG,$37.48,1441735872081,"70,004",100% bullish,of 2 ratings,$52
ENDP,$75.76,1441735872108,"432,335",50% bullish,of 6 ratings,$101.50
ECYT,$5.205,1441735872162,"135,107",83% bullish,of 6 ratings,$12
EIGI,$14.95,1441735872265,"88,878",67% bearish,of 3 ratings,$22.50
WATT,$6.86,1441735872292,"25,501",50% bullish,of 2 ratings,$13
ERII,$2.59,1441735872462,"18,589",80% bullish,of 5 ratings,$2.50
EFOI,$28,1441735872487,"1,002,814",67% bullish,of 3 ratings,$24.50
ENOC,$9.19,1441735872539,"102,946",75% bullish,of 4 ratings,$18
EXXI,$1.72,1441735872565,"575,927",86% bullish,of 7 ratings,$3.50
ENPH,$4.595,1441735872639,"245,323",75% bullish,of 4 ratings,$10
ENG,$1.0399,1441735872795,"1,645",100% bullish,of 3 ratings,N/A
ESGR,$149.77,1441735872828,"16,940",100% bearish,of 1 rating,$185
ENTG,$13.695,1441735872852,"174,405",100% bearish,of 1 rating,$18
ENTL,$22.6,1441735872899,"12,995",Not yet rated,NULL,$28
ENFC,$17.58,1441735872923,100,Not yet rated,NULL,N/A
ETRM,$0.274,1441735872994,"379,107",69% bearish,of 35 ratings,$1.625
EBTC,$21.25,1441735873132,800,Not yet rated,NULL,N/A
EGT,$1.8499,1441735873190,"10,121",100% bullish,of 1 rating,N/A
ENVI,$1.96,1441735873334,"105,698",67% bullish,of 3 ratings,N/A
EFSC,$23.93,1441735873363,"8,208",Not yet rated,NULL,$27
ENZY,$10.35,1441735873462,"127,954",67% bullish,of 3 ratings,$9.50
ENZN,$1.025,1441735873538,"69,556",100% bullish,of 9 ratings,N/A
EPIQ,$12.45,1441735873563,"12,639",100% bearish,of 1 rating,$18
EPRS,$5.52,1441735873589,"16,775",82% bullish,of 11 ratings,$15
EPZM,$19.88,1441735873720,"71,185",60% bullish,of 5 ratings,$34
EQIX,$276.82,1441735873747,"154,119",75% bullish,of 4 ratings,$312.50
PLUS,$75.75,1441735873772,"10,315",50% bullish,of 2 ratings,$88
ERIC,$9.76,1441735873918,"801,582",67% bullish,of 9 ratings,$12.20
EQFN,$8.29,1441735873945,"1,000",100% bearish,of 1 rating,N/A
EAC,$3.455,1441735873966,"6,296",100% bearish,of 1 rating,$8
ERIE,$80.35,1441735873997,"8,388",Not yet rated,NULL,$73
ESCA,$18.26,1441735874128,"3,004",100% bearish,of 1 rating,$22
ESCRP,$1.38,1441735874333,"56,016",100% bearish,of 1 rating,N/A
ESMC,$1.29,1441735874383,"1,100",Not yet rated,NULL,N/A
ESCR,$0.3601,1441735874409,"518,557",50% bullish,of 2 ratings,N/A
EPIX,$6.07,1441735874461,"1,250",Not yet rated,NULL,N/A
ESND,$34.07,1441735874487,"28,937",100% bearish,of 2 ratings,$40
ESPR,$46.2,1441735874539,"147,923",70% bearish,of 10 ratings,$115
ESSX,$0.46,1441735874565,"15,085",50% bullish,of 2 ratings,N/A
ESSA,$12.8901,1441735874586,"1,700",100% bearish,of 1 rating,N/A
CLWT,NULL,1441735874798,0,100% bearish,of 1 rating,N/A
ETSY,$14.14,1441735874847,"90,812",80% bullish,of 5 ratings,$16
EVEP,$8.361,1441735874938,"93,857",50% bullish,of 2 ratings,$14
EEFT,$68.2372,1441735874963,"49,949",100% bearish,of 1 rating,$67.50
ESEA,$4.457,1441735875026,599,100% bullish,of 1 rating,$15
EVK,NULL,1441735875053,0,75% bearish,of 4 ratings,N/A
EVLV,$2.545,1441735875210,"56,714",60% bullish,of 5 ratings,$4.625
EXAS,$20.95,1441735875316,"443,161",78% bullish,of 9 ratings,$31
EVOK,$3.55,1441735875349,"5,926",100% bearish,of 1 rating,$13.375
EXEL,$5.92,1441735875376,"2,137,763",81% bullish,of 16 ratings,$6
EXAC,$19.21,1441735875401,"8,592",100% bearish,of 1 rating,$22.50
EXA,$10.585,1441735875449,"19,662",100% bearish,of 1 rating,$13
EXFO,$2.9301,1441735875553,"2,975",67% bearish,of 3 ratings,$3.95
EVOL,$5.53,1441735875579,"10,804",75% bullish,of 4 ratings,$10
EXLS,$37,1441735875638,"30,426",50% bullish,of 2 ratings,$41
EXPE,$113.92,1441735875768,"278,587",64% bullish,of 11 ratings,$130
EXPD,$48.6243,1441735875831,"929,147",80% bullish,of 5 ratings,$52
EXPO,$43.475,1441735875864,"41,905",100% bearish,of 1 rating,$45.50
ESRX,$83.655,1441735876002,"1,362,967",67% bearish,of 6 ratings,$101
EXLP,$18.19,1441735876030,"42,360",100% bearish,of 1 rating,$25
EYEG,$4.21,1441735876062,"42,173",Not yet rated,NULL,N/A
EXTR,$3.18,1441735876107,"265,734",80% bullish,of 5 ratings,$3
EYEGW,$1,1441735876192,"2,850",Not yet rated,NULL,N/A
EZPW,$6.1,1441735876221,"53,150",50% bullish,of 4 ratings,$7
FFIV,$120.66,1441735876247,"148,415",63% bullish,of 8 ratings,$132
EZCH,$23.04,1441735876271,"57,785",75% bullish,of 8 ratings,$19
FB,$89.33,1441735876451,"9,948,536",74% bullish,of 1078 ratings,$111
FCS,$13.985,1441735876481,"677,279",67% bearish,of 3 ratings,$17
FWM,$2.2706,1441735876587,"89,888",100% bearish,of 2 ratings,$3.20
FRP,$15.65,1441735876635,"40,054",100% bearish,of 1 rating,$18
FALC,$1.7699,1441735876665,"17,509",63% bearish,of 8 ratings,N/A
DAVE,$15.21,1441735876769,"8,279",100% bearish,of 1 rating,$15.50
FARM,$21.965,1441735876811,"10,398",100% bearish,of 1 rating,$35
FFKT,$25.73,1441735876901,"1,577",Not yet rated,NULL,$29
FMNB,$8.36,1441735876948,"10,623",Not yet rated,NULL,N/A
FAST,$38.6296,1441735876973,"819,497",80% bullish,of 5 ratings,$43
FARO,$37.78,1441735877002,"34,112",50% bullish,of 2 ratings,$48
FATE,$6.25,1441735877151,"12,255",50% bullish,of 2 ratings,$11
FBSS,NULL,1441735877224,0,Not yet rated,NULL,N/A
FBRC,$22.43,1441735877290,"4,511",100% bearish,of 1 rating,$29
FDML,$8.24,1441735877320,"88,742",50% bullish,of 4 ratings,$14
FNHC,$21.75,1441735877341,"14,814",100% bearish,of 1 rating,$35
FEIC,$75.6,1441735877473,"73,983",50% bullish,of 2 ratings,$95.50
FHCO,$1.39,1441735877607,"10,632",50% bullish,of 4 ratings,N/A
FENX,$9.69,1441735877637,"28,650",100% bullish,of 1 rating,$14.25
FGEN,$25.48,1441735877734,"329,689",100% bearish,of 1 rating,$39
ONEQ,$188.0124,1441735877768,"6,832",100% bullish,of 1 rating,N/A
LION,$19.97,1441735877825,"22,454",100% bullish,of 1 rating,$20
FCSC,$5.99,1441735877859,"56,316",100% bearish,of 1 rating,$8.125
FRGI,$52.52,1441735877880,"16,192",50% bullish,of 2 ratings,$70
FDUS,$14.51,1441735877955,"10,867",50% bullish,of 2 ratings,$18
FSAM,$7.745,1441735878014,"16,257",100% bearish,of 1 rating,$10.25
FSC,$6.51,1441735878158,"317,790",60% bullish,of 5 ratings,$8
FITB,$19.6296,1441735878338,"1,041,376",54% bullish,of 13 ratings,$22
FSFR,$8.8,1441735878365,"38,840",100% bearish,of 1 rating,$11.50
FITBI,$27.48,1441735878386,"63,187",Not yet rated,NULL,N/A
FSCFL,$24.6109,1441735878422,"1,400",Not yet rated,NULL,N/A
FNGN,$29.9277,1441735878518,"104,480",67% bullish,of 3 ratings,$47
FISI,$24.47,1441735878570,"3,178",100% bullish,of 2 ratings,$24.50
FNSR,$15.33,1441735878621,"224,421",71% bullish,of 7 ratings,$24
FNTC,NULL,1441735878669,0,Not yet rated,NULL,N/A
FNJN,$1.6794,1441735878696,"2,772",100% bearish,of 1 rating,$5
FEYE,$38.21,1441735878765,"1,339,754",88% bullish,of 16 ratings,$55.50
FNTCU,NULL,1441735878861,0,Not yet rated,NULL,N/A
FNTCW,NULL,1441735878925,0,Not yet rated,NULL,N/A
FBNC,$16.951,1441735879012,"5,301",100% bullish,of 1 rating,$20
FRBA,$6.113,1441735879346,"2,000",Not yet rated,NULL,$8
FBIZ,$23,1441735879373,"9,275",100% bearish,of 2 ratings,$26
FCVA,$4.63,1441735879402,200,Not yet rated,NULL,N/A
FCAP,$26.1,1441735879435,680,Not yet rated,NULL,N/A
FCLF,$9.19,1441735879537,200,Not yet rated,NULL,N/A
BUSE,$19.43,1441735879565,"20,461",Not yet rated,NULL,$6.875
FCFS,$39.205,1441735879594,"10,074",100% bearish,of 3 ratings,$47
FCNCA,$230.22,1441735879695,"1,527",Not yet rated,NULL,N/A
FCCO,$12.39,1441735879795,200,Not yet rated,NULL,$13.25
FCBC,$17.5,1441735879834,"4,911",Not yet rated,NULL,$18
FNLC,$18.8607,1441735879863,"1,490",100% bullish,of 1 rating,N/A
FCFP,$6.88,1441735879926,600,Not yet rated,NULL,N/A
FBNK,$16.94,1441735879993,"30,823",100% bearish,of 1 rating,$17.50
FDEF,$37.19,1441735880059,"6,316",Not yet rated,NULL,$38
FFBC,$18.47,1441735880223,"16,577",67% bearish,of 3 ratings,$20.25
FFBCW,NULL,1441735880281,0,100% bearish,of 1 rating,N/A
FFNM,$6.49,1441735880308,"1,000",Not yet rated,NULL,N/A
FFIN,$30.4,1441735880477,"32,734",50% bullish,of 2 ratings,$31.75
FFNW,$12.13,1441735880527,"9,100",Not yet rated,NULL,$14
THFF,$32.62,1441735880554,"8,072",Not yet rated,NULL,$35
INBK,$29.34,1441735880581,"12,019",50% bullish,of 2 ratings,$37
FFWM,$22.39,1441735880631,"29,819",Not yet rated,NULL,$24
FIBK,$26.49,1441735880763,"31,394",Not yet rated,NULL,$32
FRME,$26.31,1441735880792,"26,587",Not yet rated,NULL,$26.50
FMBI,$17.655,1441735880897,"38,792",Not yet rated,NULL,$20
FMBH,$22.24,1441735880922,100,Not yet rated,NULL,N/A
FNBC,$34.77,1441735880947,"22,704",Not yet rated,NULL,$40
FNFG,$9.185,1441735881111,"442,210",80% bullish,of 5 ratings,$9
FNWB,$12.155,1441735881137,"4,748",Not yet rated,NULL,N/A
FSLR,$48.69,1441735881267,"434,202",72% bullish,of 39 ratings,$65
FSFG,$30.48,1441735881293,787,Not yet rated,NULL,N/A
FSGI,$2.43,1441735881314,"6,470",Not yet rated,NULL,N/A
BICK,$19.2799,1441735881460,420,100% bullish,of 1 rating,N/A
FBZ,NULL,1441735881491,0,Not yet rated,NULL,N/A
FCAN,$24.61,1441735881517,351,Not yet rated,NULL,N/A
FTCS,$36.1901,1441735881542,"6,211",100% bearish,of 1 rating,N/A
FSBK,$7.76,1441735881594,700,100% bullish,of 1 rating,N/A
FCA,$19.77,1441735881674,415,Not yet rated,NULL,N/A
FV,$23.355,1441735881723,"674,663",100% bearish,of 1 rating,N/A
IFV,$17.68,1441735881963,"136,079",100% bearish,of 1 rating,N/A
FTSM,$59.95,1441735881989,"26,511",100% bearish,of 1 rating,N/A
FEUZ,$30.89,1441735882010,100,Not yet rated,NULL,N/A
FEMB,$41.09,1441735882040,"3,600",Not yet rated,NULL,N/A
FGM,$35.93,1441735882065,"81,495",Not yet rated,NULL,N/A
TDIV,$24.83,1441735882238,"34,954",100% bearish,of 1 rating,N/A
MDIV,$18.99,1441735882267,"76,741",Not yet rated,NULL,N/A
FTHI,$19.47,1441735882298,479,Not yet rated,NULL,N/A
FTGC,$22.4644,1441735882431,"26,097",Not yet rated,NULL,N/A
FPXI,$26.86,1441735882500,200,Not yet rated,NULL,N/A
HYLS,$49.73,1441735882564,"10,716",100% bearish,of 1 rating,N/A
FHK,$33.73,1441735882588,"1,800",Not yet rated,NULL,N/A
YDIV,$16.24,1441735882612,500,Not yet rated,NULL,N/A
CU,$12.93,1441735882804,"5,028",100% bearish,of 1 rating,N/A
FJP,$45.1706,1441735882972,"55,612",Not yet rated,NULL,N/A
PLTM,$6.18,1441735883027,220,100% bearish,of 1 rating,N/A
FMB,$51.1299,1441735883103,"7,518",Not yet rated,NULL,N/A
FTLB,NULL,1441735883131,0,100% bearish,of 1 rating,N/A
QABA,$37.64,1441735883155,"20,718",100% bearish,of 1 rating,N/A
LMBS,NULL,1441735883176,0,Not yet rated,NULL,N/A
SKYY,$28.6004,1441735883197,"20,730",100% bullish,of 1 rating,N/A
CIBR,$17.58,1441735883333,"20,097",Not yet rated,NULL,N/A
FONE,$35.42,1441735883540,237,Not yet rated,NULL,N/A
CARZ,$34.9,1441735883568,"3,475",100% bearish,of 1 rating,N/A
QCLN,$15.3999,1441735883592,"10,610",Not yet rated,NULL,N/A
RDVY,$20.9,1441735883628,"2,590",Not yet rated,NULL,N/A
GRID,$31.11,1441735883652,35,100% bearish,of 1 rating,N/A
QQXT,$40.345,1441735883931,"6,602",Not yet rated,NULL,N/A
QTEC,$40.1499,1441735883958,"5,150",Not yet rated,NULL,N/A
AIRR,$16.55,1441735883990,"1,120",100% bearish,of 1 rating,N/A
QINC,NULL,1441735884023,0,Not yet rated,NULL,N/A
QQEW,$41.795,1441735884091,"19,996",Not yet rated,NULL,N/A
FTSL,$48.838,1441735884119,"11,985",100% bearish,of 1 rating,N/A
FKO,NULL,1441735884150,0,Not yet rated,NULL,N/A
FDIV,$47.4,1441735884220,300,100% bearish,of 1 rating,N/A
FSZ,$38.46,1441735884351,916,Not yet rated,NULL,N/A
FTW,$31.2121,1441735884378,167,Not yet rated,NULL,N/A
TUSA,$24.83,1441735884606,508,Not yet rated,NULL,N/A
FKU,$41.656,1441735884683,"2,897",Not yet rated,NULL,N/A
FUNC,$8.07,1441735884735,"1,900",Not yet rated,NULL,N/A
FISV,$85.93,1441735884784,"322,938",100% bearish,of 3 ratings,$90
SVVC,$9.25,1441735884816,"5,950",50% bullish,of 2 ratings,$26
FPRX,$20.41,1441735884916,"54,013",50% bullish,of 2 ratings,$35
FMER,$17.57,1441735884946,"158,534",50% bullish,of 2 ratings,$20
FSV,$32.05,1441735884967,"3,000",Not yet rated,NULL,$33.60
FIVE,$33.99,1441735884998,"513,208",75% bearish,of 4 ratings,$43.50
FIVN,$3.76,1441735885131,"43,092",100% bullish,of 1 rating,$8.50
FLKS,$11.855,1441735885286,"29,225",50% bullish,of 2 ratings,$27
SKOR,$50.44,1441735885324,"4,700",Not yet rated,NULL,N/A
FLML,$22.695,1441735885354,"87,165",50% bullish,of 2 ratings,$30
FLXS,$30.39,1441735885456,"4,120",100% bearish,of 2 ratings,N/A
FLXN,$28.97,1441735885485,"39,865",100% bearish,of 1 rating,$40
MBSD,$24.93,1441735885587,"2,400",Not yet rated,NULL,N/A
FLEX,$10.525,1441735885638,"747,899",63% bullish,of 8 ratings,$12
FLDM,$11.175,1441735885668,"150,987",67% bearish,of 3 ratings,$15
FLIR,$28.8101,1441735885718,"237,450",100% bearish,of 2 ratings,$38.50
FFIC,$19.7,1441735885767,"10,365",Not yet rated,NULL,$20.50
FOMX,$9.9325,1441735885861,"23,628",50% bullish,of 2 ratings,$23.50
FOGO,$18.97,1441735885892,"20,268",50% bullish,of 2 ratings,$25.50
FONR,$10.69,1441735885959,"25,830",100% bullish,of 1 rating,N/A
FES,$0.86,1441735885987,"37,300",50% bullish,of 2 ratings,$1
FORM,$6.82,1441735886164,"46,533",67% bullish,of 3 ratings,$10.50
FORTY,NULL,1441735886192,0,100% bearish,of 1 rating,N/A
FTNT,$42.72,1441735886293,"365,276",80% bullish,of 10 ratings,$52
FORD,$1.67,1441735886323,"873,910",67% bullish,of 3 ratings,N/A
FORR,$31.22,1441735886348,"13,099",Not yet rated,NULL,N/A
FWRD,$44.72,1441735886372,"33,832",100% bearish,of 1 rating,$50
FBIO,$2.53,1441735886397,"37,838",83% bullish,of 6 ratings,N/A
FOSL,$61.11,1441735886563,"220,176",60% bearish,of 5 ratings,$80
FWP,$26.53,1441735886608,"30,800",100% bearish,of 1 rating,$45
FMI,$23.28,1441735886635,"40,305",100% bearish,of 2 ratings,$27.50
FXCB,$17.14,1441735886799,735,Not yet rated,NULL,$19
FELE,$27.87,1441735886824,"78,899",50% bullish,of 4 ratings,$33
FOXF,$15.25,1441735886849,"8,697",100% bearish,of 1 rating,$19
FRAN,$12.51,1441735886874,"614,801",50% bullish,of 4 ratings,$15
FREE,$0.3325,1441735887029,"403,741",92% bullish,of 12 ratings,N/A
FRED,$12.92,1441735887064,"40,481",50% bullish,of 2 ratings,$15.50
FRPT,$12.595,1441735887223,"97,314",67% bearish,of 3 ratings,$23.50
FEIM,$11.25,1441735887250,"2,600",100% bearish,of 1 rating,N/A
FTR,$5.38,1441735887278,"5,358,931",78% bullish,of 27 ratings,$6.25
RAIL,$20.37,1441735887310,"38,160",100% bearish,of 1 rating,$24.50
FTRPR,$105.65,1441735887331,"20,714",100% bearish,of 1 rating,N/A
FRPH,$30.5001,1441735887411,"4,874",100% bearish,of 1 rating,N/A
FSBW,$23.29,1441735887482,300,Not yet rated,NULL,N/A
FTD,$29.12,1441735887627,"9,918",100% bearish,of 1 rating,$40
FTEK,$2.02,1441735887657,"11,813",75% bullish,of 4 ratings,N/A
FSYS,$6.305,1441735887678,"73,958",67% bullish,of 3 ratings,$8.50
FCEL,$0.904,1441735887759,"772,145",88% bullish,of 41 ratings,$2.65
FULL,$3.1198,1441735887807,"19,368",67% bearish,of 3 ratings,$4.25
FULLL,$25.2999,1441735887987,900,Not yet rated,NULL,N/A
FLL,$1.3942,1441735888013,"8,537",75% bullish,of 4 ratings,$3.50
FULT,$11.95,1441735888040,"144,950",100% bearish,of 1 rating,$13
FXEN,$0.9923,1441735888075,"12,605",75% bullish,of 4 ratings,$1.10
FFHL,NULL,1441735888172,0,50% bullish,of 4 ratings,N/A
FSNN,$2.23,1441735888202,"10,300",67% bullish,of 3 ratings,$6
FXENP,$15.13,1441735888230,700,100% bearish,of 1 rating,N/A
WILC,$4.77,1441735888252,300,100% bullish,of 2 ratings,N/A
GK,$68.02,1441735888396,"19,528",Not yet rated,NULL,$78
GAIA,$5.99,1441735888426,"11,643",50% bullish,of 2 ratings,$8.50
GLPG,$58.84,1441735888527,"3,833",100% bullish,of 1 rating,$75
GALT,$2.19,1441735888655,"69,306",80% bullish,of 5 ratings,N/A
GALTU,NULL,1441735888679,0,100% bearish,of 1 rating,N/A
GALTW,NULL,1441735888704,0,100% bullish,of 1 rating,N/A
GALE,$1.585,1441735888755,"209,837",89% bullish,of 47 ratings,$4
GLMD,$8.18,1441735888842,"6,833",67% bullish,of 3 ratings,$20.50
GPIC,$9.77,1441735888893,"2,500",100% bearish,of 1 rating,N/A
GLPI,$30.56,1441735888918,"110,238",100% bearish,of 1 rating,$37.50
GGAC,$9.92,1441735888950,81,100% bearish,of 1 rating,N/A
GRMN,$37.55,1441735889081,"283,014",50% bullish,of 6 ratings,$46.50
GGACR,$0.23,1441735889119,"15,600",100% bullish,of 1 rating,N/A
GGACW,$0.14,1441735889216,"19,480",Not yet rated,NULL,N/A
GARS,$14.55,1441735889307,"20,658",Not yet rated,NULL,$16
GGACU,NULL,1441735889331,0,Not yet rated,NULL,N/A
GENC,$9.04,1441735889514,500,100% bearish,of 1 rating,N/A
GNCMA,$17.43,1441735889544,"52,789",100% bearish,of 1 rating,$12
GFN,$3.8,1441735889606,"7,275",100% bearish,of 2 ratings,$8
GENE,$2.3701,1441735889640,"43,585",100% bullish,of 12 ratings,N/A
GFNCP,$88.5,1441735889669,70,Not yet rated,NULL,N/A
GNMK,$9.87,1441735889696,"13,066",67% bullish,of 6 ratings,$14
GFNSL,$25.51,1441735889771,900,Not yet rated,NULL,N/A
GNCA,$11.16,1441735889835,"24,950",100% bearish,of 1 rating,$20
GNTX,$15.9466,1441735889960,"1,046,438",Not yet rated,NULL,$20
GHDX,$25.31,1441735889986,"22,742",50% bullish,of 2 ratings,$30
GNVC,$2.57,1441735890063,"16,641",90% bullish,of 10 ratings,$8.50
THRM,$45.45,1441735890116,"123,435",75% bearish,of 4 ratings,$55.50
GTWN,NULL,1441735890245,0,Not yet rated,NULL,N/A
GERN,$3.323,1441735890326,"869,644",88% bullish,of 17 ratings,$5.25
GEOS,$16.615,1441735890373,"25,783",100% bearish,of 3 ratings,$21
GEVO,$2.28,1441735890403,"321,613",75% bullish,of 12 ratings,$5
GABC,$28.77,1441735890424,"2,249",Not yet rated,NULL,$31.50
ROCK,$16.695,1441735890510,"29,389",80% bullish,of 5 ratings,$24
GIII,$69.05,1441735890554,"97,957",67% bullish,of 3 ratings,$79
GIGA,$1.335,1441735890584,"112,360",100% bearish,of 1 rating,N/A
GIGM,$0.5203,1441735890689,"27,970",100% bullish,of 2 ratings,N/A
GILD,$103.9,1441735890716,"2,806,570",91% bullish,of 89 ratings,$129
GILT,$4.17,1441735890859,"3,880",50% bullish,of 2 ratings,N/A
GBCI,$26.295,1441735890927,"28,144",50% bullish,of 2 ratings,$31
GLAD,$8.92,1441735891002,"92,563",50% bullish,of 2 ratings,$8.75
GLADO,$25.59,1441735891104,"2,800",Not yet rated,NULL,N/A
GAIN,$7.48,1441735891198,"51,185",100% bullish,of 2 ratings,$8.25
GOODO,$25.14,1441735891238,200,Not yet rated,NULL,N/A
GOOD,$14,1441735891266,"24,634",Not yet rated,NULL,$19
GOODN,$25.55,1441735891299,204,Not yet rated,NULL,N/A
GOODP,$25.2,1441735891320,400,Not yet rated,NULL,N/A
GAINN,$25.21,1441735891394,"32,801",Not yet rated,NULL,N/A
GAINO,NULL,1441735891454,0,Not yet rated,NULL,N/A
GBT,$51.56,1441735891614,"127,469",100% bearish,of 1 rating,N/A
GAINP,$25.65,1441735891642,"2,100",Not yet rated,NULL,N/A
GLBZ,$11.55,1441735891666,100,Not yet rated,NULL,N/A
LAND,$9.2039,1441735891691,"19,464",50% bullish,of 2 ratings,$13.75
GDEF,$10.65,1441735891827,400,Not yet rated,NULL,N/A
ENT,$11.25,1441735891959,"40,337",100% bearish,of 1 rating,$18
GBLI,$27.37,1441735891988,"2,732",Not yet rated,NULL,N/A
GPACU,NULL,1441735892042,0,Not yet rated,NULL,N/A
GSOL,$8.376,1441735892116,"4,398",100% bearish,of 1 rating,N/A
ACTX,NULL,1441735892146,0,100% bullish,of 1 rating,N/A
QQQC,$18.65,1441735892243,505,100% bearish,of 1 rating,N/A
ALTY,$14.2953,1441735892279,101,Not yet rated,NULL,N/A
SOCL,$17.41,1441735892352,"9,604",100% bullish,of 2 ratings,N/A
SRET,$12.96,1441735892452,11,Not yet rated,NULL,N/A
GAI,$6.16,1441735892522,500,50% bullish,of 2 ratings,N/A
YLCO,$11.6199,1441735892546,"1,700",Not yet rated,NULL,N/A
GBIM,$2.66,1441735892681,"2,544",50% bullish,of 2 ratings,N/A
GSM,$14.42,1441735892708,"155,367",50% bullish,of 2 ratings,$22
GLUU,$4.57,1441735892737,"711,884",92% bullish,of 26 ratings,$9
GLBS,$1.25,1441735892767,"9,338",67% bullish,of 3 ratings,N/A
GLYC,$6.98,1441735892793,"25,767",50% bullish,of 2 ratings,$14
GLRI,$1.0001,1441735892840,"22,564",100% bearish,of 1 rating,$4.25
GOGO,$15.78,1441735893028,"142,977",80% bullish,of 5 ratings,$25
GMLP,$21.06,1441735893055,"46,666",50% bullish,of 4 ratings,$29
GLNG,$38.94,1441735893080,"303,406",83% bullish,of 6 ratings,$55.50
GOGL,$2.899,1441735893252,"59,462",75% bullish,of 4 ratings,$5
GDEN,$9.07,1441735893277,"1,800",50% bullish,of 2 ratings,N/A
GLDC,$3.97,1441735893354,"1,067",50% bullish,of 2 ratings,N/A
GTIM,$7.07,1441735893465,"13,858",Not yet rated,NULL,$11.50
GOOG,$613.2799,1441735893534,"501,069",87% bullish,of 75 ratings,$787.50
GPRO,$36.91,1441735893567,"4,513,993",78% bullish,of 60 ratings,$71
GOOGL,$641.49,1441735893597,"570,555",88% bullish,of 1083 ratings,$749
GBDC,$17.09,1441735893626,"100,212",Not yet rated,NULL,$17.75
GMAN,$3.72,1441735893703,"12,059",60% bullish,of 5 ratings,$8.50
GPIA,NULL,1441735893756,0,100% bearish,of 1 rating,N/A
GPIAU,$9.96,1441735893851,700,Not yet rated,NULL,N/A
LOPE,$37.59,1441735893952,"32,977",100% bearish,of 2 ratings,$50
GPIAW,NULL,1441735894036,0,Not yet rated,NULL,N/A
GBSN,$0.1579,1441735894099,"4,703,704",50% bullish,of 2 ratings,$8.25
GRVY,$3.632,1441735894138,761,50% bullish,of 2 ratings,N/A
GBSNU,NULL,1441735894172,0,NULL,NULL,NULL
GSBC,$41.42,1441735894228,"7,823",100% bullish,of 1 rating,$44
GNBC,$12,1441735894356,"17,350",100% bearish,of 1 rating,$16.50
GLDD,$5.42,1441735894381,"39,751",100% bearish,of 4 ratings,$7.75
GPP,$13.76,1441735894569,"46,755",Not yet rated,NULL,$20.50
GCBC,$29,1441735894599,27,100% bullish,of 1 rating,N/A
GLRE,$24.77,1441735894627,"37,189",50% bullish,of 2 ratings,$34
GRIF,$31.7399,1441735894671,"8,734",100% bearish,of 1 rating,N/A
GPRE,$20.45,1441735894696,"233,062",67% bullish,of 6 ratings,$28.50
GRBK,$12.0025,1441735894729,"44,016",77% bullish,of 13 ratings,N/A
GRFS,$31.75,1441735894827,"216,893",50% bullish,of 2 ratings,$35
OMAB,$41.24,1441735894956,"19,474",100% bullish,of 1 rating,$44
GRPN,$4.2388,1441735895090,"2,645,086",61% bullish,of 71 ratings,$6.75
GSIG,$12.9,1441735895122,"11,344",100% bearish,of 2 ratings,N/A
GGAL,$20.16,1441735895150,"118,141",80% bullish,of 5 ratings,$40
GSIT,$4.5501,1441735895175,"6,736",100% bearish,of 1 rating,N/A
GSVC,$9.02,1441735895232,"13,776",50% bullish,of 2 ratings,$15.75
GTXI,$0.87,1441735895307,"3,100",100% bullish,of 5 ratings,$.75
GBNK,$15.485,1441735895373,"4,708",100% bearish,of 1 rating,$18
GFED,$14.35,1441735895400,"1,532",Not yet rated,NULL,$17
GUID,$6.78,1441735895555,"19,402",100% bearish,of 3 ratings,$10
GULTU,$0.334,1441735895590,"110,744",100% bearish,of 1 rating,N/A
GURE,$1.61,1441735895690,"26,162",88% bullish,of 8 ratings,N/A
GIFI,$12.06,1441735895728,"26,400",100% bearish,of 1 rating,$16
GWGH,$7.97,1441735895823,164,100% bearish,of 1 rating,$15.05
GWPH,$104.95,1441735895852,"37,939",78% bullish,of 9 ratings,$148.50
GPOR,$32.87,1441735895896,"678,143",75% bullish,of 4 ratings,$54
GYRO,$32.701,1441735895955,"5,795",100% bearish,of 1 rating,N/A
HEES,$20.03,1441735895994,"171,041",67% bearish,of 3 ratings,$31
HLG,$9,1441735896021,500,100% bearish,of 1 rating,N/A
HNRG,$7.18,1441735896198,"43,305",100% bearish,of 1 rating,$10
HBK,NULL,1441735896303,0,50% bullish,of 2 ratings,N/A
HALL,$11.45,1441735896335,"24,101",Not yet rated,NULL,N/A
HALO,$17.21,1441735896365,"126,295",67% bullish,of 3 ratings,$22.50
HMPR,$1.9,1441735896386,"10,954",100% bullish,of 1 rating,N/A
HBHC,$27.75,1441735896414,"122,406",50% bullish,of 2 ratings,$30
HNH,$24.81,1441735896568,"4,578",100% bullish,of 1 rating,N/A
HBHCL,$24.2,1441735896615,"58,461",Not yet rated,NULL,N/A
HDNG,$10.58,1441735896748,"12,798",50% bullish,of 4 ratings,N/A
HAFC,$24.5,1441735896779,"110,044",100% bullish,of 2 ratings,$28.50
HLIT,$5.65,1441735896800,"84,266",100% bearish,of 1 rating,$6.50
HQCL,$12.58,1441735896833,"2,483",67% bullish,of 3 ratings,$14
HNSN,$0.57,1441735896876,"58,797",88% bullish,of 8 ratings,$.40
HRMN,NULL,1441735896938,0,Not yet rated,NULL,N/A
TINY,$2.4601,1441735897134,"10,308",50% bullish,of 2 ratings,$5.26
HRMNU,NULL,1441735897163,0,Not yet rated,NULL,N/A
HRMNW,NULL,1441735897233,0,Not yet rated,NULL,N/A
HBIO,$4.47,1441735897263,"36,477",100% bearish,of 1 rating,$10
HART,$1.33,1441735897303,"70,707",100% bearish,of 1 rating,N/A
HCAP,$12,1441735897369,"3,974",50% bullish,of 2 ratings,$15
HA,$24.5,1441735897449,"216,400",67% bullish,of 9 ratings,$27
HCAPL,$25.41,1441735897506,772,Not yet rated,NULL,N/A
HCOM,$21.55,1441735897533,"2,683",100% bearish,of 1 rating,$28
HAS,$75.84,1441735897554,"312,558",63% bullish,of 8 ratings,$84.50
HDS,$33.225,1441735897729,"1,082,530",100% bearish,of 2 ratings,$39.50
HWKN,$38.36,1441735897755,"8,717",Not yet rated,NULL,N/A
HWBK,$13.51,1441735897776,"3,235",100% bearish,of 1 rating,N/A
HAYN,$37.37,1441735897804,"11,872",100% bearish,of 1 rating,$59
HIIQ,$4.81,1441735898014,"2,588",50% bullish,of 2 ratings,$7
HCSG,$33.3,1441735898058,"81,066",50% bullish,of 4 ratings,$35
HQY,$30.52,1441735898121,"68,919",67% bullish,of 3 ratings,$35
HWAY,$11.58,1441735898152,"133,488",100% bearish,of 1 rating,$15
HTLD,$20.755,1441735898188,"78,653",Not yet rated,NULL,$22.50
HTLF,$36.455,1441735898218,"13,287",100% bullish,of 1 rating,$39.50
HSTM,$24.6,1441735898251,"22,257",50% bullish,of 2 ratings,$33.75
HTWR,$67.11,1441735898355,"124,070",50% bullish,of 2 ratings,$97.50
HSII,$20.3765,1441735898508,"8,043",100% bullish,of 3 ratings,$25
HTBX,$3.967,1441735898534,"12,495",50% bullish,of 2 ratings,$15.50
HELE,$85.82,1441735898666,"38,604",67% bearish,of 3 ratings,$100
HMTV,$13.33,1441735898714,"2,659",100% bearish,of 1 rating,$16
HMNY,$2.1475,1441735898739,"8,687",100% bearish,of 1 rating,N/A
HCACU,$10.01,1441735898894,"107,808",Not yet rated,NULL,N/A
HSIC,$135.95,1441735898925,"79,410",83% bullish,of 6 ratings,$146
HNNA,$24.44,1441735898954,"12,517",100% bearish,of 1 rating,N/A
HERO,NULL,1441735899020,0,NULL,NULL,NULL
HTBK,$10.89,1441735899054,"30,639",Not yet rated,NULL,$12
HEOP,$7.75,1441735899122,"7,386",Not yet rated,NULL,$8.50
HCCI,$12.02,1441735899153,"7,667",100% bearish,of 1 rating,$16.50
HFWA,$18.07,1441735899182,"8,339",100% bullish,of 1 rating,$20
MLHR,$27.69,1441735899281,"43,528",50% bullish,of 2 ratings,$33.50
HRTX,$39.72,1441735899325,"705,277",57% bullish,of 7 ratings,$41
HSKA,$33.71,1441735899470,"17,709",100% bearish,of 1 rating,$38
HIBB,$39.34,1441735899612,"66,494",100% bearish,of 1 rating,$46.50
HIHO,$5,1441735899712,"57,647",Not yet rated,NULL,N/A
HPJ,$2.25,1441735899739,"26,512",75% bullish,of 4 ratings,$12.43
HFFC,$16.02,1441735899766,"4,314",Not yet rated,NULL,N/A
HIMX,$7.43,1441735899787,"580,902",86% bullish,of 21 ratings,$8.25
HSGX,$6.18,1441735899917,"3,887",100% bearish,of 1 rating,$17
HIFS,$112.54,1441735899944,"3,662",Not yet rated,NULL,N/A
HMNF,$11.42,1441735900011,418,Not yet rated,NULL,N/A
HMSY,$10.16,1441735900143,"213,054",67% bullish,of 3 ratings,$19.35
HBCP,$24.55,1441735900176,"1,766",Not yet rated,NULL,$29
HOMB,$38.54,1441735900218,"30,145",Not yet rated,NULL,$42
HOLX,$39.47,1441735900275,"924,361",50% bullish,of 4 ratings,$42
HOLI,$16.63,1441735900304,"166,952",50% bullish,of 4 ratings,$27
HFBL,$21.88,1441735900406,"7,300",Not yet rated,NULL,N/A
AWAY,$28.3533,1441735900536,"164,959",75% bullish,of 4 ratings,$36
HMIN,$25.25,1441735900563,"36,871",100% bearish,of 2 ratings,$35
HTBI,$18.15,1441735900692,"14,379",67% bullish,of 3 ratings,$18.625
HKTV,$4.1551,1441735900721,"52,992",100% bearish,of 1 rating,N/A
HMST,$22.365,1441735900749,"20,443",100% bullish,of 2 ratings,$27
HOFT,$25.1755,1441735900826,"22,614",100% bearish,of 1 rating,N/A
CETC,$0.768,1441735900859,"18,176",86% bullish,of 7 ratings,N/A
HBNC,$23.4,1441735900958,"10,869",100% bullish,of 1 rating,$27
HFBC,$11.003,1441735901004,"16,507",Not yet rated,NULL,N/A
HZNP,$29.44,1441735901091,"629,898",85% bullish,of 20 ratings,$40
HRZN,$10.3899,1441735901136,"11,274",50% bullish,of 2 ratings,$14.25
ZINC,$7.455,1441735901286,"161,756",100% bearish,of 1 rating,$17
HDP,$24.21,1441735901325,"197,841",67% bearish,of 3 ratings,$30.50
HMHC,$22.96,1441735901416,"148,053",Not yet rated,NULL,$27
HWCC,$7.6,1441735901499,"11,794",100% bearish,of 1 rating,$9
HSNI,$60.28,1441735901543,"44,676",Not yet rated,NULL,$80
HOVNP,$4.3881,1441735901569,"3,200",100% bearish,of 1 rating,N/A
HBMD,$13.8,1441735901590,"5,551",100% bearish,of 1 rating,N/A
HUBG,$38.55,1441735901755,"91,827",100% bearish,of 1 rating,$43
HCBK,$9.455,1441735901785,"575,124",83% bullish,of 6 ratings,$8.61
HTGM,$6.15,1441735901810,"5,639",100% bearish,of 1 rating,$19.50
HSON,$2.79,1441735901886,"52,744",100% bearish,of 1 rating,$5
HDSN,$3.0717,1441735901982,"11,467",100% bullish,of 1 rating,$6.25
HBANP,$1335,1441735902012,10,100% bearish,of 1 rating,N/A
HBAN,$10.75,1441735902037,"2,027,205",76% bullish,of 17 ratings,$12.29
HURC,$29.7,1441735902080,"2,200",100% bearish,of 1 rating,N/A
HBP,$3.06,1441735902293,200,100% bullish,of 1 rating,N/A
HTCH,$1.5013,1441735902399,"38,606",100% bearish,of 1 rating,$3.50
HURN,$73.975,1441735902435,"33,153",50% bullish,of 2 ratings,$80
HDRAU,NULL,1441735902530,0,Not yet rated,NULL,N/A
HDRA,NULL,1441735902557,0,Not yet rated,NULL,N/A
HDRAW,NULL,1441735902579,0,Not yet rated,NULL,N/A
HDRAR,NULL,1441735902608,0,Not yet rated,NULL,N/A
HYGS,$8.67,1441735902736,"7,675",50% bullish,of 2 ratings,$13
IKGH,$1.55,1441735902762,"37,823",75% bullish,of 4 ratings,N/A
IDSY,$3.815,1441735902891,"10,018",100% bearish,of 1 rating,$7
IEP,$68.1099,1441735902982,"64,791",75% bullish,of 4 ratings,$99
IACI,$69.66,1441735903014,"242,946",80% bullish,of 5 ratings,$90
IBKC,$61.03,1441735903041,"26,299",100% bullish,of 1 rating,$70
ICAD,$4.01,1441735903066,"17,384",50% bullish,of 2 ratings,$7.25
ICFI,$33.75,1441735903112,"5,658",50% bullish,of 2 ratings,$48.50
ICLR,$77.29,1441735903202,"116,341",100% bearish,of 3 ratings,$85
ICUI,$111.1,1441735903384,"39,401",Not yet rated,NULL,$122
INVE,$4.43,1441735903409,"10,170",75% bullish,of 4 ratings,$4
ICON,$13.185,1441735903438,"267,021",50% bullish,of 2 ratings,$18.50
IPWR,$7.7,1441735903539,"4,005",100% bullish,of 1 rating,$15
IDRA,$2.95,1441735903573,"236,966",89% bullish,of 9 ratings,$6.50
DSKY,$10.78,1441735903632,"58,391",67% bullish,of 6 ratings,$11.50
IDXX,$74.34,1441735903664,"140,441",100% bearish,of 1 rating,$76
IRG,$5.19,1441735903732,"9,125",100% bearish,of 1 rating,$4.25
IROQ,$16.725,1441735903797,200,100% bullish,of 1 rating,N/A
RXDX,$16.17,1441735903822,"95,066",100% bullish,of 1 rating,$20
IIVI,$16.94,1441735903861,"38,150",100% bearish,of 1 rating,$22
IKNX,NULL,1441735904008,0,100% bearish,of 1 rating,N/A
KANG,$15.43,1441735904033,"161,302",50% bullish,of 2 ratings,$23.10
IKAN,$2.75,1441735904065,"24,672",83% bullish,of 6 ratings,$5
ILMN,$196.13,1441735904200,"255,352",80% bullish,of 5 ratings,$245
IMMR,$12.67,1441735904244,"78,050",80% bullish,of 5 ratings,$15.50
ISNS,$4.2,1441735904269,"6,444",50% bullish,of 2 ratings,N/A
IMGN,$13.28,1441735904473,"363,903",75% bullish,of 4 ratings,$17.50
IMDZ,$15.3237,1441735904502,"68,056",100% bearish,of 1 rating,$33
ICCC,$7.2,1441735904530,"4,863",100% bullish,of 1 rating,N/A
IPXL,$45,1441735904564,"988,165",67% bullish,of 3 ratings,$46.50
IMNP,$1.4,1441735904601,"125,699",50% bullish,of 2 ratings,$6
IMMU,$2.3,1441735904665,"1,932,425",86% bullish,of 7 ratings,$2
IMMY,$7.7,1441735904835,"2,601",100% bearish,of 1 rating,$11
SAAS,$7.25,1441735904860,"143,937",50% bullish,of 2 ratings,$15
INCR,$42.94,1441735904890,"103,953",50% bullish,of 2 ratings,$53
INCY,$117.84,1441735904992,"183,621",50% bullish,of 6 ratings,$125.50
IBTX,$41.67,1441735905123,"5,059",100% bullish,of 2 ratings,$47.25
INDB,$44.78,1441735905150,"13,155",Not yet rated,NULL,$44
IBCP,$14.25,1441735905175,"20,832",100% bullish,of 1 rating,$14.50
IDSA,NULL,1441735905339,0,Not yet rated,NULL,N/A
INFN,$20.46,1441735905370,"1,804,918",71% bullish,of 7 ratings,$28
INFI,$8.65,1441735905402,"88,834",50% bullish,of 4 ratings,$16.50
IPCC,$75.83,1441735905477,"5,106",Not yet rated,NULL,$77.50
III,$3.755,1441735905509,"15,576",57% bullish,of 7 ratings,$6
IFON,$1.2611,1441735905610,"9,786",75% bullish,of 4 ratings,N/A
INWK,$7.105,1441735905657,"20,218",50% bullish,of 2 ratings,$10
IMKTA,$49.4901,1441735905683,"39,613",100% bearish,of 1 rating,N/A
INNL,$13,1441735905818,"43,834",100% bearish,of 1 rating,$16.50
IPHS,$45.72,1441735905970,"19,370",100% bearish,of 1 rating,$60
IOSP,$49.44,1441735906097,"57,925",100% bearish,of 1 rating,N/A
INOD,$2.303,1441735906122,"21,000",100% bearish,of 1 rating,N/A
ISSC,$2.83,1441735906197,10,67% bearish,of 3 ratings,N/A
INO,$7.0701,1441735906278,"284,140",89% bullish,of 18 ratings,$20
INOV,$21.175,1441735906309,"114,223",100% bearish,of 1 rating,$33
ITEK,$13.02,1441735906331,"119,482",100% bearish,of 3 ratings,$20
INGN,$52.17,1441735906359,"106,383",100% bearish,of 1 rating,$50.50
NSIT,$24.92,1441735906545,"33,005",50% bullish,of 2 ratings,N/A
ISIG,$2.64,1441735906578,"1,717",100% bearish,of 1 rating,N/A
INSM,$24.56,1441735906706,"112,078",71% bullish,of 7 ratings,$31.50
PODD,$29,1441735906731,"54,086",67% bearish,of 3 ratings,$35
IIIN,$17.935,1441735906759,"13,163",100% bearish,of 2 ratings,N/A
INSY,$34.42,1441735906784,"344,153",75% bullish,of 4 ratings,$48
IART,$63.19,1441735906948,"51,574",100% bearish,of 2 ratings,$71.50
NTEC,$5.65,1441735907005,"1,498",100% bearish,of 1 rating,N/A
IDTI,$19.835,1441735907036,"727,280",60% bullish,of 5 ratings,$25
INTC,$29.375,1441735907062,"9,131,696",82% bullish,of 238 ratings,$36
IQNT,$19.38,1441735907138,"154,343",86% bullish,of 7 ratings,$20
IESC,$7.19,1441735907201,"3,521",100% bearish,of 1 rating,N/A
IPCI,$2.2308,1441735907264,"11,417",67% bullish,of 6 ratings,$8
ISSI,$21.9575,1441735907302,"62,338",67% bullish,of 3 ratings,$19.75
IBKR,$38.32,1441735907371,"140,332",100% bullish,of 1 rating,N/A
IPAR,$25.18,1441735907450,"19,192",67% bullish,of 3 ratings,$38
ININ,$36.24,1441735907619,"19,987",67% bearish,of 3 ratings,$57
ICLD,$2.0405,1441735907670,"188,891",75% bullish,of 4 ratings,N/A
ICPT,$191.03,1441735907748,"88,157",70% bullish,of 10 ratings,$359.50
TILE,$24.53,1441735907826,"92,887",100% bearish,of 3 ratings,$27
IMI,$1.97,1441735907854,"9,713",67% bullish,of 3 ratings,$2.22
IDCC,$48.75,1441735907900,"52,967",80% bullish,of 5 ratings,$63
INAP,$9.29,1441735908003,"50,497",75% bullish,of 4 ratings,$11
ICLDW,NULL,1441735908103,0,100% bearish,of 1 rating,N/A
IBOC,$25.33,1441735908147,"42,539",100% bearish,of 1 rating,N/A
IGLD,$7.38,1441735908200,"1,075",50% bullish,of 2 ratings,N/A
IIJI,$8.6999,1441735908282,120,50% bullish,of 2 ratings,$12.50
PTNT,$2.97,1441735908337,600,Not yet rated,NULL,N/A
INPH,$0.29,1441735908382,145,50% bullish,of 2 ratings,N/A
ISCA,$32.625,1441735908482,"13,438",100% bearish,of 1 rating,N/A
XENT,$25.25,1441735908507,"95,458",50% bullish,of 2 ratings,$36.50
INTX,$1.99,1441735908536,"2,090",67% bullish,of 3 ratings,N/A
IILG,$19.65,1441735908699,"22,238",100% bearish,of 1 rating,$29
ISIL,$10.82,1441735908724,"274,746",50% bullish,of 6 ratings,$15
IVAC,$4.94,1441735908940,"7,847",100% bearish,of 1 rating,$6.625
INTL,$25.67,1441735908987,"7,915",67% bearish,of 3 ratings,N/A
ITCI,$27.28,1441735909022,"110,813",75% bearish,of 4 ratings,$40
IIN,$6.75,1441735909076,"2,100",100% bearish,of 1 rating,$12
INTLL,$26.09,1441735909168,100,Not yet rated,NULL,N/A
ISRG,$517.24,1441735909219,"31,941",67% bullish,of 3 ratings,$600
INTU,$86.96,1441735909245,"558,448",86% bullish,of 7 ratings,$107.50
ISTR,$15.92,1441735909327,"1,902",100% bearish,of 1 rating,$18.50
INVT,$0.3307,1441735909395,"44,621",67% bullish,of 3 ratings,N/A
ISBC,$11.915,1441735909420,"523,180",100% bullish,of 1 rating,$13.25
SNAK,$8.38,1441735909457,"20,903",50% bullish,of 2 ratings,$14
NVIV,$10.9,1441735909551,"251,927",50% bullish,of 4 ratings,$24.50
ITIC,$70.95,1441735909650,100,100% bearish,of 2 ratings,N/A
DTUL,NULL,1441735909821,0,Not yet rated,NULL,N/A
DFVL,NULL,1441735909887,0,Not yet rated,NULL,N/A
IPGP,$83.43,1441735909957,"136,214",67% bearish,of 3 ratings,$109.50
IVTY,$14.22,1441735909983,"10,660",Not yet rated,NULL,$18
IPAS,$1.08,1441735910004,"3,050",67% bullish,of 3 ratings,N/A
IPCM,$79.215,1441735910032,"71,356",50% bullish,of 2 ratings,$80.125
IRIX,$6.8799,1441735910212,953,100% bearish,of 1 rating,N/A
IRDM,$6.88,1441735910270,"162,066",60% bullish,of 5 ratings,$11.50
IRMD,$24.82,1441735910299,"8,312",67% bearish,of 3 ratings,$25
IRBT,$30.42,1441735910340,"74,137",67% bullish,of 6 ratings,$37
IRWD,$11.23,1441735910475,"429,560",100% bearish,of 1 rating,$13
COMT,$33.4185,1441735910536,"2,447",100% bearish,of 1 rating,N/A
IRDMB,NULL,1441735910614,0,67% bearish,of 3 ratings,N/A
IRCP,NULL,1441735910712,0,100% bullish,of 2 ratings,N/A
GNMA,$50.01,1441735910780,"3,616",Not yet rated,NULL,N/A
FCHI,NULL,1441735910806,0,NULL,NULL,NULL
IFAS,NULL,1441735910871,0,NULL,NULL,NULL
IFNA,NULL,1441735911009,0,NULL,NULL,NULL
IFGL,$28.067,1441735911104,"59,887",Not yet rated,NULL,N/A
IFEU,$37.82,1441735911130,400,Not yet rated,NULL,N/A
ACWX,$40.05,1441735911151,"381,751",100% bearish,of 1 rating,N/A
ACWI,$55.15,1441735911182,"1,352,687",Not yet rated,NULL,N/A
AAXJ,$52.77,1441735911202,"419,092",Not yet rated,NULL,N/A
AAIT,NULL,1441735911383,0,NULL,NULL,NULL
AXJS,NULL,1441735911410,0,NULL,NULL,NULL
EMDI,NULL,1441735911444,0,NULL,NULL,NULL
EEMA,$49.46,1441735911468,"16,063",Not yet rated,NULL,N/A
EMEY,NULL,1441735911660,0,NULL,NULL,NULL
EEME,NULL,1441735911682,0,NULL,NULL,NULL
EVAL,NULL,1441735911810,0,NULL,NULL,NULL
EEML,NULL,1441735911842,0,Not yet rated,NULL,N/A
QAT,$21.16,1441735911917,"1,500",Not yet rated,NULL,N/A
EUFN,$21.5199,1441735911947,"56,071",100% bearish,of 1 rating,N/A
EGRW,NULL,1441735911969,0,NULL,NULL,NULL
IEUS,$45.42,1441735912017,"1,515",100% bearish,of 1 rating,N/A
UAE,$17.799,1441735912147,"1,600",Not yet rated,NULL,N/A
IBB,$347.29,1441735912174,"467,514",67% bullish,of 9 ratings,N/A
EMIF,$28.03,1441735912315,"2,345",Not yet rated,NULL,N/A
SOXX,$84.2,1441735912383,"218,975",50% bullish,of 2 ratings,N/A
ICLN,$9.3999,1441735912409,"15,659",50% bullish,of 2 ratings,N/A
INDY,$26.5001,1441735912539,"613,291",50% bullish,of 2 ratings,N/A
WOOD,$47.94,1441735912566,"3,720",50% bullish,of 2 ratings,N/A
IGOV,$91.234,1441735912718,"13,413",100% bearish,of 1 rating,N/A
ISIS,$53.74,1441735912747,"341,727",53% bullish,of 15 ratings,$67
ISHG,$79.755,1441735912767,459,100% bearish,of 1 rating,N/A
ISRL,$125.71,1441735912796,103,100% bearish,of 1 rating,N/A
ISLE,$19.81,1441735912824,"186,189",50% bullish,of 4 ratings,$17
ITRI,$28.97,1441735912955,"37,803",100% bearish,of 1 rating,$37
ITUS,$4.15,1441735912998,"9,624",Not yet rated,NULL,N/A
XXIA,$14.995,1441735913027,"208,080",71% bullish,of 7 ratings,$14.625
ITRN,$23.65,1441735913057,557,50% bullish,of 2 ratings,N/A
IXYS,$11.615,1441735913161,"33,691",50% bullish,of 4 ratings,N/A
JJSF,$116.01,1441735913295,"16,576",100% bearish,of 1 rating,N/A
JBHT,$76.465,1441735913432,"239,158",50% bullish,of 4 ratings,$89.50
JKHY,$67.95,1441735913469,"68,431",67% bearish,of 3 ratings,$72
JASO,$7.9101,1441735913496,"369,121",82% bullish,of 17 ratings,$10
JCOM,$67.99,1441735913517,"47,789",100% bullish,of 2 ratings,$77
MAYS,$58.8,1441735913550,121,Not yet rated,NULL,N/A
JACK,$79.1,1441735913572,"94,568",71% bullish,of 7 ratings,$105
JXSB,NULL,1441735913705,0,Not yet rated,NULL,N/A
JAXB,$13.15,1441735913908,222,100% bullish,of 1 rating,N/A
JRVR,$28.05,1441735913941,"15,610",Not yet rated,NULL,$32
JAKK,$9.85,1441735913971,"286,126",60% bearish,of 5 ratings,$11
JAGX,$3.3301,1441735914075,"7,600",Not yet rated,NULL,$10.50
JMBA,$14.17,1441735914104,"65,561",75% bullish,of 4 ratings,$18
ERW,NULL,1441735914141,0,Not yet rated,NULL,N/A
JASN,$4.85,1441735914209,"4,654",50% bullish,of 2 ratings,$9.50
JASNW,NULL,1441735914296,0,50% bullish,of 2 ratings,N/A
JAZZ,$165.25,1441735914399,"100,014",80% bullish,of 15 ratings,$206.50
JBLU,$24.71,1441735914433,"2,908,770",94% bullish,of 18 ratings,$27
JD,$24.075,1441735914462,"10,624,983",75% bullish,of 16 ratings,$36
DATE,$5.95,1441735914492,"30,121",75% bullish,of 4 ratings,$9
JTPY,$2.9699,1441735914527,"11,800",100% bearish,of 1 rating,N/A
JCTCF,NULL,1441735914590,0,100% bullish,of 1 rating,N/A
JST,$3.74,1441735914723,"4,733",75% bullish,of 4 ratings,N/A
JOEZ,$0.16,1441735914928,"262,792",92% bullish,of 12 ratings,N/A
WYIGU,$9.95,1441735914952,"2,100",100% bearish,of 1 rating,N/A
JIVE,$4.71,1441735914999,"1,575,621",75% bullish,of 4 ratings,$5
JUNO,$38.8,1441735915131,"503,414",73% bullish,of 11 ratings,$67
KTWO,$20.77,1441735915172,"30,149",100% bearish,of 1 rating,$28.50
JBSS,$51.62,1441735915198,"19,150",67% bearish,of 3 ratings,N/A
JNP,$13.6,1441735915225,"79,293",100% bullish,of 3 ratings,$15
JOUT,$25.01,1441735915272,"14,307",100% bearish,of 1 rating,$34
KMDA,$3.52,1441735915373,"2,540",50% bullish,of 2 ratings,$8
KALU,$83.04,1441735915405,"44,718",67% bearish,of 3 ratings,$91
KNDI,$6.2981,1441735915504,"130,658",86% bullish,of 22 ratings,N/A
KBIO,$3.485,1441735915545,"815,448",50% bullish,of 4 ratings,N/A
KCLI,$46.447,1441735915570,"4,107",Not yet rated,NULL,N/A
KPTI,$14.46,1441735915643,"38,447",67% bearish,of 3 ratings,$35.50
KBSF,NULL,1441735915742,0,100% bullish,of 1 rating,N/A
