Symbol,Price,Date,Volume,Rating,RatingVoteCount,OneYearEstimate
FLWS,$8.43,1441206902582,"79,160",80% bullish,of 5 ratings,$15
FCCY,$11.74,1441206902616,150,100% bullish,of 1 rating,$13
TFSCU,NULL,1441206902648,0,Not yet rated,NULL,N/A
TFSCW,NULL,1441206902668,0,100% bearish,of 1 rating,N/A
FCTY,$7.74,1441206902697,450,100% bullish,of 1 rating,$8.50
TFSCR,NULL,1441206902722,0,Not yet rated,NULL,N/A
TFSC,NULL,1441206902743,0,100% bearish,of 1 rating,N/A
PIH,NULL,1441206902775,0,100% bearish,of 1 rating,N/A
SRCE,$29.33,1441206902878,"4,108",100% bullish,of 3 ratings,$33
TWOU,$34.31,1441206902939,"34,821",50% bullish,of 2 ratings,$39
DSLV,$69.7301,1441206902976,"10,540",100% bearish,of 1 rating,N/A
VNET,$16.805,1441206903005,"120,880",60% bullish,of 5 ratings,$35
JOBS,$25.97,1441206903069,"22,178",50% bullish,of 4 ratings,$36
DGLD,$80.787,1441206903096,"3,355",100% bullish,of 1 rating,N/A
USLV,$12.38,1441206903158,"151,563",86% bullish,of 7 ratings,N/A
UGLD,$9.2999,1441206903258,"79,920",100% bearish,of 1 rating,N/A
SIXD,$2.67,1441206903390,"9,477",Not yet rated,NULL,N/A
AVHI,$13.88,1441206903463,927,100% bearish,of 1 rating,$19
AAON,$19.98,1441206903492,"8,236",100% bearish,of 1 rating,$24
CAFD,$14.8,1441206903513,"32,758",Not yet rated,NULL,$24.50
EGHT,$7.62,1441206903568,"46,518",82% bullish,of 17 ratings,$11
ABGB,$5.22,1441206903649,"7,207",67% bullish,of 3 ratings,$5.50
ABY,$22.94,1441206903702,"127,184",100% bearish,of 2 ratings,$46
SHLM,$33.14,1441206903739,"28,863",100% bearish,of 1 rating,$47
ABAX,$47.25,1441206903779,"41,911",100% bearish,of 1 rating,$60
ABEO,$4.83,1441206903813,"20,117",50% bullish,of 4 ratings,$15.50
ABEOW,$1.7625,1441206903833,200,100% bullish,of 1 rating,N/A
ABMD,$94.45,1441206903869,"80,913",75% bullish,of 4 ratings,$100.50
AXAS,$1.75,1441206903890,"177,142",78% bullish,of 9 ratings,$3.50
ACTG,$9.03,1441206903967,"96,041",67% bullish,of 3 ratings,$18.50
ACAD,$36.78,1441206904109,"212,068",80% bullish,of 20 ratings,$48
ACHC,$71.94,1441206904139,"53,959",50% bullish,of 2 ratings,$92
ACST,$0.345,1441206904242,290,100% bullish,of 2 ratings,N/A
ANCX,$19.9,1441206904376,"4,257",Not yet rated,NULL,$20
AXDX,$19.05,1441206904405,"13,442",100% bearish,of 1 rating,N/A
VXDN,$1.7001,1441206904425,"6,395",100% bearish,of 1 rating,N/A
VXUP,$1.6707,1441206904462,"14,772",100% bearish,of 1 rating,N/A
ARAY,$6.655,1441206904484,"111,238",100% bearish,of 1 rating,$10.50
XLRN,$29.26,1441206904504,"20,338",50% bullish,of 2 ratings,$57
ACRX,$4.4601,1441206904558,"144,887",67% bearish,of 6 ratings,$5.50
AKAO,$6.79,1441206904649,"6,140",75% bullish,of 4 ratings,$15
ACIW,$21.03,1441206904706,"64,060",67% bearish,of 3 ratings,$24
ACNB,$20.35,1441206904738,110,Not yet rated,NULL,N/A
ACET,$21.27,1441206904766,"14,549",75% bullish,of 4 ratings,$30
ACHN,$7.215,1441206904842,"576,412",90% bullish,of 21 ratings,$16
ACPW,$1.9205,1441206905036,"8,896",100% bullish,of 4 ratings,$3.25
ACTS,$1.62,1441206905061,"3,332",100% bearish,of 1 rating,N/A
ACTA,$13.83,1441206905088,"27,882",67% bearish,of 3 ratings,$25
ATVI,$28.62,1441206905119,"2,547,896",67% bullish,of 84 ratings,$31.50
ACOR,$32.22,1441206905140,"122,669",67% bearish,of 3 ratings,$38.50
ACXM,$20.33,1441206905218,"35,827",67% bullish,of 3 ratings,N/A
ADAP,$11,1441206905324,"14,210",67% bullish,of 3 ratings,$22
ADMP,$3.74,1441206905355,300,50% bullish,of 2 ratings,$10
ACUR,$2.87,1441206905376,"1,048",100% bullish,of 5 ratings,$5
ADMS,$19.45,1441206905410,"6,884",100% bearish,of 2 ratings,$36
ADUS,$29.02,1441206905508,"3,700",100% bearish,of 1 rating,$31
AEY,$2.35,1441206905555,"1,120",100% bearish,of 2 ratings,N/A
ADMA,$9.05,1441206905594,"1,031",Not yet rated,NULL,$19
ADEP,$6.72,1441206905645,"6,802",50% bullish,of 2 ratings,$10.75
ADBE,$75.96,1441206905729,"359,007",65% bullish,of 17 ratings,$90
ADTN,$15.76,1441206905814,"43,845",67% bullish,of 3 ratings,$17.125
ADRO,$18.68,1441206905859,"49,213",80% bullish,of 5 ratings,$45.50
MULT,NULL,1441206905943,0,100% bearish,of 1 rating,N/A
AMD,$1.73,1441206905969,"1,500,869",83% bullish,of 103 ratings,$2
AEIS,$23.96,1441206906002,"19,896",50% bullish,of 2 ratings,$32.50
YPRO,$22.9,1441206906101,2,100% bearish,of 1 rating,N/A
ADXS,$13.58,1441206906129,"148,600",64% bullish,of 14 ratings,$27
AEGR,$17.7899,1441206906172,"37,547",50% bullish,of 6 ratings,$26
AEHR,$2.23,1441206906261,"1,886",50% bullish,of 2 ratings,N/A
ADXSW,$9.1499,1441206906290,"3,240",100% bullish,of 1 rating,N/A
AEGN,$17.7543,1441206906311,"13,883",100% bearish,of 2 ratings,$21
AMTX,$2.73,1441206906345,"2,368",50% bullish,of 2 ratings,$26.11
AEPI,$53.21,1441206906441,"1,708",100% bearish,of 1 rating,N/A
AERI,$15.095,1441206906473,"185,801",75% bullish,of 4 ratings,$31.50
AVAV,$20.87,1441206906522,"318,320",50% bullish,of 4 ratings,$31
AFMD,$10.435,1441206906654,"48,957",50% bullish,of 4 ratings,$15
AEZS,$0.0878,1441206906721,"2,207,107",90% bullish,of 21 ratings,$1.50
AFFX,$9.18,1441206906747,"41,328",80% bullish,of 5 ratings,$12.50
AGEN,$7,1441206906820,"96,053",85% bullish,of 13 ratings,$14
AGRX,$8.455,1441206906882,"12,281",100% bearish,of 1 rating,$17.50
AGIO,$86.37,1441206906915,"38,137",88% bullish,of 8 ratings,$114
AEMD,$7.3135,1441206906941,"5,404",Not yet rated,NULL,$27.50
AGYS,$9.74,1441206906968,"1,194",100% bearish,of 1 rating,N/A
AGFS,$9.69,1441206907018,"66,969",100% bearish,of 1 rating,N/A
AGFSW,$1.98,1441206907106,200,100% bearish,of 2 ratings,N/A
AIRM,$36.05,1441206907170,"23,209",80% bearish,of 5 ratings,$53
AIMT,$21.93,1441206907303,"12,969",Not yet rated,NULL,$35.50
ATSG,$8.76,1441206907336,"33,072",67% bullish,of 3 ratings,$13
AIRT,$22.3,1441206907436,776,100% bullish,of 1 rating,N/A
AIXG,$6.3,1441206907461,"3,200",67% bearish,of 3 ratings,$5.25
AMCN,$4.51,1441206907486,"22,687",83% bullish,of 6 ratings,N/A
AKAM,$70.49,1441206907511,"208,509",63% bullish,of 8 ratings,$77.50
AKER,$2.6,1441206907963,"8,523",Not yet rated,NULL,N/A
AKBA,$7.57,1441206908095,"78,549",100% bearish,of 1 rating,$18
AKRX,$38.87,1441206908311,"84,496",78% bullish,of 9 ratings,$56
ALRM,$15.795,1441206908479,"62,473",100% bearish,of 1 rating,$22
ABDC,$12.78,1441206908722,"10,300",Not yet rated,NULL,$15
ALSK,$2.21,1441206908826,"29,470",78% bullish,of 18 ratings,$2
ADHD,$7.93,1441206909096,"27,258",50% bullish,of 4 ratings,$18
ALIM,$3.07,1441206909122,"16,310",80% bullish,of 5 ratings,$10
ALGN,$53.89,1441206909206,"137,576",100% bearish,of 2 ratings,$73
AMRI,$20.05,1441206909308,"24,896",75% bearish,of 4 ratings,$24
ALXA,NULL,1441206909332,0,83% bullish,of 6 ratings,$2.125
ALDX,$6.97,1441206909375,"3,877",100% bearish,of 1 rating,$14.50
ALCO,$41.96,1441206909464,"2,508",50% bullish,of 2 ratings,N/A
ALDR,$40.28,1441206909498,"253,038",67% bearish,of 3 ratings,$62
ALXN,$173.93,1441206909590,"190,197",88% bullish,of 8 ratings,$223.50
ALKS,$60.82,1441206909621,"184,123",67% bullish,of 3 ratings,$75
ALLB,$22.66,1441206909690,300,Not yet rated,NULL,N/A
AFOP,$18.57,1441206909716,"40,906",75% bullish,of 8 ratings,$21
ALGT,$202.186,1441206909761,"35,683",100% bearish,of 2 ratings,$235
AIQ,$14,1441206909787,"1,707",67% bullish,of 3 ratings,N/A
AHGP,$35.0801,1441206909859,"3,865",67% bullish,of 3 ratings,N/A
AMOT,$17.72,1441206910016,"42,511",100% bearish,of 1 rating,N/A
ARLP,$24.93,1441206910048,"72,840",67% bearish,of 3 ratings,$32
MDRX,$13.33,1441206910154,"422,618",60% bullish,of 5 ratings,$16
ALLT,$5.05,1441206910206,"10,607",75% bullish,of 4 ratings,$6.25
AHPI,$1.49,1441206910235,300,50% bullish,of 2 ratings,N/A
AFAM,$44.744,1441206910262,"12,128",50% bullish,of 2 ratings,$44
ALNY,$98.21,1441206910292,"136,800",67% bullish,of 3 ratings,$151.50
ALQA,$4.65,1441206910318,"6,150",75% bullish,of 4 ratings,$8.50
AOSL,$8.1,1441206910367,"49,633",67% bullish,of 3 ratings,$9
ATEC,$0.5801,1441206910448,"2,570",100% bullish,of 1 rating,$2
SMCP,NULL,1441206910473,0,Not yet rated,NULL,N/A
ASPS,$25.62,1441206910604,"51,077",67% bullish,of 3 ratings,$46.50
ALTR,$48.49,1441206910736,"337,227",80% bearish,of 5 ratings,$54
AMRN,$2.25,1441206910765,"307,540",85% bullish,of 39 ratings,$8
AMZN,$500.49,1441206910871,"572,970",81% bullish,of 267 ratings,$646
AMAG,$64.635,1441206910899,"115,551",100% bullish,of 2 ratings,$75
AIMC,$23.8,1441206910924,"19,112",100% bearish,of 2 ratings,$28.50
AMRK,$10.41,1441206910951,300,50% bullish,of 2 ratings,$14
AYA,$20.18,1441206910979,"4,652",100% bearish,of 1 rating,$40
AMBC,$16.4,1441206911108,"90,942",100% bearish,of 1 rating,$16.50
AMBA,$77.65,1441206911141,"3,538,612",83% bullish,of 12 ratings,$102.50
AMBCW,$8.01,1441206911240,"2,700",100% bearish,of 1 rating,N/A
DOX,$56.245,1441206911270,"62,116",67% bearish,of 3 ratings,$60
AMCX,$69.36,1441206911372,"159,065",67% bullish,of 3 ratings,$87.50
AMED,$39.41,1441206911398,"44,439",100% bearish,of 1 rating,$42
EPAX,$2.685,1441206911428,"4,267",100% bearish,of 1 rating,N/A
UHAL,$365.885,1441206911527,"2,533",100% bullish,of 2 ratings,$393.50
AMDA,$0.464,1441206911625,"162,066",90% bullish,of 10 ratings,$1
ASBI,NULL,1441206911658,0,Not yet rated,NULL,N/A
ATAX,$5.3205,1441206911690,"1,868",100% bullish,of 1 rating,$6.50
AGNC,$19.03,1441206911712,"431,054",71% bullish,of 28 ratings,$22
AMOV,$17.7,1441206911755,"3,953",100% bearish,of 1 rating,N/A
AAL,$40.86,1441206911785,"3,368,006",93% bullish,of 88 ratings,$57
AGNCB,$24.266,1441206911927,"1,300",Not yet rated,NULL,N/A
MTGE,$15.22,1441206911969,"86,502",75% bullish,of 4 ratings,$19.50
AGNCP,$25.304,1441206912029,"5,318",Not yet rated,NULL,N/A
ACSF,$12.41,1441206912174,"9,123",100% bearish,of 1 rating,$15
ACAS,$13.54,1441206912249,"205,699",60% bullish,of 5 ratings,$16.75
AMIC,NULL,1441206912275,0,100% bearish,of 1 rating,N/A
ANCI,$1.54,1441206912312,300,100% bearish,of 1 rating,N/A
MTGEP,$24.69,1441206912348,200,Not yet rated,NULL,N/A
AMNB,$23.25,1441206912410,508,Not yet rated,NULL,$25.50
AETI,$3.95,1441206912439,300,67% bearish,of 3 ratings,N/A
ANAT,$97.44,1441206912465,"3,318",100% bullish,of 1 rating,N/A
ARII,$40.13,1441206912546,"46,308",67% bearish,of 3 ratings,$45
APEI,$21.67,1441206912600,"5,559",100% bearish,of 1 rating,$25.50
AMRB,$10.13,1441206912681,"2,100",Not yet rated,NULL,$11
AMSWA,$8.835,1441206912728,"12,412",100% bearish,of 2 ratings,$10.75
ASEI,$38.26,1441206912758,"2,195",100% bearish,of 1 rating,$52.50
AMSC,$4.79,1441206912783,"17,776",50% bullish,of 4 ratings,N/A
AMWD,$65.14,1441206912916,"23,581",50% bullish,of 2 ratings,$70
CRMT,$35.76,1441206912953,"3,048",100% bearish,of 1 rating,$39
ABCB,$26.42,1441206913049,"6,496",Not yet rated,NULL,$31
ASRV,$3.27,1441206913075,343,100% bullish,of 2 ratings,N/A
AMSF,$46.22,1441206913096,"2,461",Not yet rated,NULL,$57.50
ASRVP,NULL,1441206913130,0,Not yet rated,NULL,N/A
AMGN,$148.15,1441206913151,"663,343",89% bullish,of 19 ratings,$185
ATLO,$23.13,1441206913181,811,Not yet rated,NULL,N/A
FOLD,$14.78,1441206913312,"264,105",56% bullish,of 9 ratings,$21
AMSG,$77.14,1441206913353,"23,888",100% bearish,of 1 rating,$85.50
AMKR,$4.995,1441206913382,"357,937",100% bearish,of 2 ratings,$5
ASYS,$5.37,1441206913493,"3,082",67% bullish,of 3 ratings,$12
AMSGP,NULL,1441206913518,0,Not yet rated,NULL,N/A
AMPH,$13.28,1441206913592,"17,851",50% bullish,of 2 ratings,$20
ANAD,$0.3207,1441206913689,"5,548",100% bullish,of 2 ratings,$.50
AMRS,$1.62,1441206913720,"34,267",70% bullish,of 10 ratings,N/A
AFSI,$56.1401,1441206913752,"70,924",60% bullish,of 5 ratings,$72
ANAC,$130.3401,1441206913778,"78,358",80% bullish,of 5 ratings,$180.50
ADI,$53.78,1441206913823,"333,029",75% bullish,of 4 ratings,$69
ALOG,$80.34,1441206913848,"10,049",100% bearish,of 2 ratings,$100.50
ANCB,$21.445,1441206913984,600,Not yet rated,NULL,$23
ANGI,$5.04,1441206914041,"51,221",64% bullish,of 11 ratings,$5.50
ABCW,$40.42,1441206914066,"1,403",67% bullish,of 3 ratings,N/A
AMCF,NULL,1441206914097,0,NULL,NULL,NULL
ANGO,$14.59,1441206914118,"17,928",67% bullish,of 3 ratings,$19
ANIP,$50,1441206914297,"32,296",89% bullish,of 19 ratings,$66
ANIK,$35.12,1441206914371,"22,717",60% bullish,of 5 ratings,$51.25
ANTH,$7.03,1441206914427,"232,136",80% bullish,of 10 ratings,$13
ANSS,$86.6701,1441206914452,"63,817",100% bearish,of 1 rating,$100
APIC,$6.49,1441206914516,"24,207",100% bearish,of 1 rating,$19
ABAC,$0.796,1441206914581,"1,901",100% bearish,of 1 rating,N/A
ATNY,$2.4,1441206914611,300,50% bullish,of 2 ratings,$3.75
ATRS,$1.85,1441206914633,"138,615",92% bullish,of 12 ratings,$4.50
AINV,$6.32,1441206914678,"182,947",50% bullish,of 4 ratings,$8
APOG,$50.31,1441206914716,"27,906",50% bullish,of 2 ratings,$67
APPF,$15.65,1441206914759,"9,021",50% bullish,of 2 ratings,$22
APDN,$3.38,1441206914787,"8,660",Not yet rated,NULL,$9
APOL,$10.98,1441206914854,"219,188",87% bearish,of 68 ratings,$14
AAPL,$109.77,1441206914880,"11,944,871",86% bullish,of 2361 ratings,$150
ARCI,$1.28,1441206914915,112,Not yet rated,NULL,N/A
APDNW,NULL,1441206915130,0,Not yet rated,NULL,N/A
AMAT,$15.4801,1441206915156,"2,611,453",82% bullish,of 11 ratings,$23
AGTC,$15.65,1441206915186,"5,237",50% bullish,of 2 ratings,$33
AMCC,$5.595,1441206915294,"77,616",80% bullish,of 5 ratings,$8
AREX,$2.185,1441206915323,"515,481",50% bullish,of 2 ratings,$3
AAOI,$19.81,1441206915367,"43,586",50% bullish,of 4 ratings,$26
APRI,$1.6709,1441206915426,"165,472",83% bullish,of 6 ratings,$4.86
AUMA,NULL,1441206915457,0,Not yet rated,NULL,N/A
AQMS,$4.86,1441206915494,"1,902",Not yet rated,NULL,N/A
APTO,$5.26,1441206915561,510,Not yet rated,NULL,$17
AUMAW,NULL,1441206915592,0,Not yet rated,NULL,N/A
AQXP,$16.5,1441206915623,"45,821",50% bullish,of 2 ratings,$2
AUMAU,NULL,1441206915652,0,Not yet rated,NULL,N/A
PETX,$17.83,1441206915756,"74,664",100% bearish,of 2 ratings,$26
ARDM,NULL,1441206915782,0,100% bullish,of 1 rating,$26
ABUS,$6.99,1441206915858,"203,142",86% bullish,of 14 ratings,$23
ABIO,$0.9199,1441206916001,"4,500",50% bullish,of 2 ratings,$3.75
ARCB,$27.785,1441206916086,"16,739",67% bearish,of 3 ratings,$39.50
ARCW,$3.5,1441206916125,"2,252",100% bearish,of 2 ratings,$10.50
RKDA,$5.93,1441206916152,"2,434",100% bearish,of 2 ratings,$10
ACGL,$67.95,1441206916220,"47,312",50% bullish,of 2 ratings,$72
ARDX,$18.72,1441206916250,"22,780",50% bullish,of 2 ratings,$24.50
ARNA,$2.65,1441206916274,"279,311",90% bullish,of 78 ratings,$5.50
ACAT,$25.48,1441206916310,"22,841",100% bearish,of 3 ratings,$33
ARCC,$15.39,1441206916348,"237,755",67% bearish,of 3 ratings,$17.75
ARGS,$6.3095,1441206916410,"17,351",50% bullish,of 2 ratings,$19.50
ARIS,$3.65,1441206916537,"1,574",Not yet rated,NULL,$4.50
AGIIL,$25.29,1441206916616,"1,502",Not yet rated,NULL,N/A
AGII,$54.97,1441206916644,"6,919",Not yet rated,NULL,$59.50
ARIA,$7.5499,1441206916669,"4,239,059",87% bullish,of 46 ratings,$9
ARMH,$42.08,1441206916831,"242,604",54% bearish,of 13 ratings,$60
ARKR,$24.95,1441206916860,9,50% bullish,of 2 ratings,N/A
ARWAR,NULL,1441206916905,0,Not yet rated,NULL,N/A
ARWA,NULL,1441206916935,0,Not yet rated,NULL,N/A
ARTX,$1.4517,1441206916961,"23,591",88% bullish,of 16 ratings,$4.50
ARQL,$1.67,1441206917036,"10,179",75% bullish,of 4 ratings,$5
ARRY,$5.74,1441206917094,"185,202",100% bullish,of 7 ratings,$10
ARWAU,NULL,1441206917120,0,100% bullish,of 1 rating,N/A
ARWAW,$0.17,1441206917140,"7,500",Not yet rated,NULL,N/A
DWAT,$9.73,1441206917312,"1,200",100% bearish,of 1 rating,N/A
ARRS,$25.76,1441206917339,"154,164",50% bullish,of 2 ratings,$38
AROW,$27.045,1441206917369,"1,566",Not yet rated,NULL,N/A
ARWR,$5.615,1441206917398,"459,271",75% bullish,of 4 ratings,$10.50
ARTNA,$21.82,1441206917468,491,100% bearish,of 1 rating,$29
ASBB,$24.8,1441206917493,100,Not yet rated,NULL,N/A
ARTW,$4.24,1441206917630,207,75% bearish,of 4 ratings,N/A
ASTI,$0.263,1441206917665,"7,906,374",83% bullish,of 6 ratings,$3
APWC,$1.75,1441206917690,400,100% bearish,of 1 rating,N/A
ASMI,NULL,1441206917719,0,NULL,NULL,NULL
ASND,$19.23,1441206917740,"4,747",50% bullish,of 2 ratings,$30
ASNA,$12.135,1441206917774,"495,648",50% bullish,of 2 ratings,$18
ASCMA,$27.53,1441206917795,"7,075",100% bearish,of 1 rating,$45
ASML,$90.03,1441206917936,"430,246",50% bullish,of 4 ratings,$127
AZPN,$36.95,1441206917964,"50,589",50% bullish,of 2 ratings,$42
ASMB,$13.855,1441206917989,"7,547",67% bullish,of 3 ratings,N/A
ALOT,NULL,1441206918166,0,100% bearish,of 1 rating,N/A
ASFI,$8.88,1441206918196,679,100% bullish,of 1 rating,N/A
ASTE,$38.195,1441206918271,"14,397",100% bearish,of 1 rating,$49
ATAI,$2.41,1441206918304,"3,998",100% bearish,of 1 rating,N/A
ASUR,$5.48,1441206918413,"1,953",50% bullish,of 2 ratings,$8
ATRO,$49.44,1441206918487,"12,769",100% bearish,of 2 ratings,$80
ATRA,$42.42,1441206918568,"44,850",50% bullish,of 2 ratings,$68
ASTC,$2.05,1441206918622,"6,900",100% bullish,of 5 ratings,N/A
AFCB,NULL,1441206918653,0,Not yet rated,NULL,N/A
ATHN,$129.08,1441206918674,"39,582",67% bearish,of 3 ratings,$153
ATHX,$1.1499,1441206918752,"31,102",89% bullish,of 9 ratings,$5
AAME,$3.6,1441206918805,1,Not yet rated,NULL,N/A
AAPC,NULL,1441206918832,0,Not yet rated,NULL,N/A
ATLC,$3.86,1441206918966,"1,357",67% bullish,of 3 ratings,N/A
ATNI,$72.39,1441206919044,"16,163",100% bearish,of 1 rating,$69.50
ACFC,$5.5,1441206919134,"8,183",100% bearish,of 1 rating,$6.50
ATOS,$0.81,1441206919232,"12,060",100% bullish,of 7 ratings,$7
ATML,$7.81,1441206919266,"1,103,658",78% bullish,of 9 ratings,$9.50
AFH,$16.26,1441206919291,"13,090",Not yet rated,NULL,$21.50
AAWW,$38.71,1441206919363,"73,645",50% bullish,of 2 ratings,$65
ATTU,$13.04,1441206919388,"5,624",100% bearish,of 1 rating,$20.50
ATRI,$382.94,1441206919440,300,Not yet rated,NULL,N/A
ATRM,$2.83,1441206919580,100,50% bullish,of 2 ratings,N/A
LIFE,$13.8,1441206919608,"8,806",86% bullish,of 7 ratings,$43
AUDC,$3.31,1441206919638,"10,032",80% bullish,of 5 ratings,$5
AUBN,$27,1441206919659,100,Not yet rated,NULL,N/A
AUPH,$3.4,1441206919843,"6,960",100% bearish,of 1 rating,$8
ATRC,$24.27,1441206919868,"14,999",100% bullish,of 1 rating,$30
ADAT,$0.281,1441206919924,"54,197",100% bullish,of 2 ratings,N/A
EARS,$4.41,1441206920059,"6,163",100% bearish,of 2 ratings,$11
ABTL,$17.6856,1441206920090,"20,500",100% bullish,of 4 ratings,$20.25
ADSK,$44.58,1441206920120,"1,451,663",67% bullish,of 6 ratings,$66
ADP,$75.76,1441206920188,"300,285",100% bearish,of 1 rating,$88
AVNU,$12.75,1441206920219,"20,504",Not yet rated,NULL,$14
AVNW,$1.2,1441206920274,"11,350",50% bullish,of 2 ratings,N/A
AVEO,$1.36,1441206920311,"120,001",75% bullish,of 8 ratings,$3
AAVL,$10.39,1441206920408,"55,709",100% bearish,of 1 rating,$20
AVGO,$121.15,1441206920439,"554,949",88% bullish,of 8 ratings,$165
AVID,$8.27,1441206920468,"85,087",100% bearish,of 1 rating,$20
AWRE,$3.14,1441206920541,804,67% bullish,of 3 ratings,N/A
CAR,$43.06,1441206920599,"315,745",80% bullish,of 5 ratings,$60
AVGR,$14.7,1441206920624,"3,051",100% bearish,of 1 rating,$20
AXPW,$2.256,1441206920679,"1,954,641",86% bullish,of 7 ratings,N/A
ACLS,$3.1501,1441206920826,"42,611",67% bullish,of 6 ratings,$4.75
AXGN,$4.8355,1441206920865,"24,440",Not yet rated,NULL,$5
AXPWW,NULL,1441206920890,0,Not yet rated,NULL,N/A
AXTI,$2.17,1441206920959,"1,424",50% bullish,of 2 ratings,$2.75
RILY,NULL,1441206920994,0,Not yet rated,NULL,N/A
BOSC,NULL,1441206921024,0,50% bullish,of 2 ratings,N/A
BCOM,NULL,1441206921049,0,100% bearish,of 1 rating,N/A
BEAV,$48.64,1441206921086,"149,390",67% bearish,of 3 ratings,$59
BIDU,$145.3899,1441206921124,"375,614",81% bullish,of 88 ratings,$210
BWINA,NULL,1441206921351,0,Not yet rated,NULL,N/A
BWINB,$22.63,1441206921406,442,Not yet rated,NULL,N/A
BANF,$59.41,1441206921440,"3,410",Not yet rated,NULL,$68
BLDP,$1.3,1441206921461,"148,278",91% bullish,of 22 ratings,$2.50
BCPC,$57.81,1441206921495,"16,729",100% bearish,of 1 rating,$75
BANFP,NULL,1441206921533,0,Not yet rated,NULL,N/A
BKMU,$6.97,1441206921562,"2,434",Not yet rated,NULL,$8
BMRC,$48.12,1441206921587,"15,707",Not yet rated,NULL,$52
BKSC,$16.97,1441206921755,"1,456",Not yet rated,NULL,N/A
BOTJ,NULL,1441206921784,0,Not yet rated,NULL,N/A
BOCH,$5.76,1441206921834,"4,247",Not yet rated,NULL,$6.50
BWFG,$18.09,1441206921859,"1,563",100% bearish,of 1 rating,N/A
BFIN,$12.2099,1441206921893,"13,467",Not yet rated,NULL,$13
OZRK,$39.82,1441206921994,"120,080",67% bullish,of 3 ratings,$49.50
BANR,$43.29,1441206922026,"2,045",100% bullish,of 3 ratings,$50
BZUN,$4.87,1441206922098,"14,979",50% bullish,of 2 ratings,$11.50
BHAC,NULL,1441206922123,0,Not yet rated,NULL,N/A
TAPR,$33.88,1441206922191,955,100% bearish,of 1 rating,N/A
BHACU,NULL,1441206922292,0,Not yet rated,NULL,N/A
BHACW,NULL,1441206922316,0,Not yet rated,NULL,N/A
BHACR,NULL,1441206922445,0,Not yet rated,NULL,N/A
BYBK,NULL,1441206922478,0,100% bearish,of 1 rating,N/A
BSET,$28.05,1441206922500,"4,102",100% bearish,of 1 rating,$35
BBSI,$34.13,1441206922538,"4,460",67% bearish,of 3 ratings,$62.50
BYLK,$12.9997,1441206922574,"2,616",Not yet rated,NULL,$14
BBCN,$13.98,1441206922632,"26,773",100% bearish,of 1 rating,$16
BV,$4.91,1441206922662,"306,035",67% bullish,of 6 ratings,$8.75
BCBP,$11.67,1441206922769,200,Not yet rated,NULL,N/A
BDCV,$4.9,1441206922795,6,100% bearish,of 1 rating,$10.19
BECN,$35.59,1441206922852,"25,933",50% bullish,of 2 ratings,$40
BBGI,NULL,1441206922956,0,100% bearish,of 1 rating,N/A
BSF,$8.5,1441206922986,109,Not yet rated,NULL,N/A
BBBY,$61.55,1441206923061,"326,125",71% bullish,of 7 ratings,$75
BELFA,$14.66,1441206923087,7,100% bearish,of 1 rating,N/A
BELFB,$17.7575,1441206923159,"1,478",100% bearish,of 1 rating,N/A
BNCL,$12.37,1441206923221,"80,012",100% bullish,of 3 ratings,$12.50
BEBE,$1.2649,1441206923249,"122,278",75% bullish,of 4 ratings,$2.125
BLCM,$16.68,1441206923270,"13,672",50% bullish,of 4 ratings,$40
BLPH,$4.11,1441206923313,"11,762",100% bearish,of 1 rating,$12.50
BNFT,$35.83,1441206923406,"27,731",67% bullish,of 3 ratings,$46
BNTC,$7.85,1441206923442,"1,100",100% bullish,of 1 rating,N/A
BGFV,$11.14,1441206923543,"15,795",57% bullish,of 7 ratings,$12
BGCP,$8.74,1441206923568,"101,800",88% bullish,of 8 ratings,$14
BGMD,$0.6631,1441206923647,"43,368",100% bullish,of 10 ratings,N/A
BIND,$4.823,1441206923705,"3,408",75% bullish,of 4 ratings,$13.50
ORPN,$5.63,1441206923730,"1,040",100% bullish,of 1 rating,$28.50
BASI,$1.62,1441206923782,"6,400",Not yet rated,NULL,N/A
BCRX,$11.41,1441206923862,"88,335",63% bullish,of 8 ratings,$18
BCDA,NULL,1441206923890,0,Not yet rated,NULL,N/A
BIOD,$0.7181,1441206923913,"53,228",80% bullish,of 5 ratings,$4
BIIB,$298.47,1441206924053,"229,125",88% bullish,of 16 ratings,$400
BIOL,$1.54,1441206924088,"7,626",Not yet rated,NULL,N/A
BIOC,$1.96,1441206924120,"13,282",83% bullish,of 6 ratings,$3.85
BLFS,$2.29,1441206924156,"110,674",100% bearish,of 1 rating,$4.75
BDSI,$6.25,1441206924185,"413,608",88% bullish,of 8 ratings,$17
BLRX,$1.5202,1441206924216,"43,678",100% bullish,of 12 ratings,$5
BVXV,$4.43,1441206924315,"1,400,195",Not yet rated,NULL,N/A
BMRN,$127.15,1441206924406,"64,225",80% bullish,of 5 ratings,$160
BRLI,NULL,1441206924484,0,NULL,NULL,NULL
BPTH,$1.21,1441206924510,"25,612",100% bullish,of 2 ratings,$5
BVXVW,$0.85,1441206924531,"77,145",100% bearish,of 1 rating,N/A
BIOS,$2.36,1441206924563,"125,063",71% bullish,of 7 ratings,$4
BBC,$31.032,1441206924748,"1,807",Not yet rated,NULL,N/A
BBP,$32,1441206924820,"4,530",Not yet rated,NULL,N/A
BSTC,$49.59,1441206924882,"5,192",100% bearish,of 1 rating,$76
BOTA,$2.17,1441206924910,"1,620",88% bullish,of 8 ratings,N/A
BSPM,$0.64,1441206924931,"4,300",50% bullish,of 2 ratings,N/A
TECH,$93.04,1441206924960,"18,814",100% bullish,of 1 rating,$117
BEAT,$14.994,1441206925099,"178,362",67% bearish,of 3 ratings,$15
BITI,$16.7301,1441206925196,"2,802",100% bullish,of 1 rating,$28
BDMS,$12.89,1441206925235,350,100% bearish,of 1 rating,N/A
BDE,$7.241,1441206925267,"34,936",50% bullish,of 2 ratings,$9
BJRI,$43.1,1441206925293,"26,586",50% bullish,of 2 ratings,$55
BBOX,$14.825,1441206925316,"7,958",100% bearish,of 1 rating,N/A
BLKB,$55.72,1441206925367,"12,588",100% bearish,of 2 ratings,$66
HAWK,$38.015,1441206925458,"44,899",91% bullish,of 11 ratings,$49
BBRY,$7.345,1441206925493,"697,399",61% bullish,of 330 ratings,$9
BKCC,$9.2358,1441206925624,"67,391",50% bullish,of 2 ratings,$10
ADRA,$26.34,1441206925650,"1,300",100% bearish,of 1 rating,N/A
ADRD,$21.55,1441206925671,"1,844",100% bearish,of 1 rating,N/A
BLMN,$20.68,1441206925798,"167,563",83% bullish,of 6 ratings,$27.50
ADRE,$28.926,1441206925842,"2,151",100% bearish,of 1 rating,N/A
BCOR,$13.335,1441206925872,"25,657",57% bullish,of 7 ratings,$15
ADRU,$21.47,1441206925903,12,100% bearish,of 1 rating,N/A
BBLU,$0.82,1441206925976,"41,949",100% bullish,of 2 ratings,$4.43
BUFF,$24.015,1441206926002,"62,221",83% bullish,of 12 ratings,$31.50
BLBD,$11.84,1441206926038,"3,100",Not yet rated,NULL,N/A
NILE,$33.44,1441206926133,"36,001",50% bullish,of 2 ratings,$34
BLUE,$129.28,1441206926158,"69,481",71% bullish,of 7 ratings,$217.50
BHBK,$13.87,1441206926198,"10,343",100% bullish,of 1 rating,$14.50
BKEP,$6.155,1441206926226,"16,836",100% bearish,of 1 rating,$8.50
BOBE,$48.12,1441206926502,"287,547",75% bullish,of 4 ratings,$57
BOFI,$107.4,1441206926537,"137,175",100% bullish,of 6 ratings,$144
WIFI,$7.47,1441206926568,"11,050",50% bullish,of 2 ratings,$13.50
BNCN,$20.58,1441206926594,"19,532",Not yet rated,NULL,$24
BKEPP,$7.59,1441206926627,24,100% bearish,of 1 rating,N/A
BOJA,$20.63,1441206926652,"15,561",100% bullish,of 1 rating,$30
BONA,$11.31,1441206926680,"13,267",75% bullish,of 4 ratings,$8.50
BPMC,$27.83,1441206926744,"10,401",50% bullish,of 2 ratings,$47.50
BOKF,$60.67,1441206926826,"32,563",100% bearish,of 1 rating,$69
BNSO,$1.2788,1441206926877,100,100% bearish,of 1 rating,N/A
BPFHP,$25,1441206926958,"8,935",100% bearish,of 1 rating,N/A
BPFHW,NULL,1441206926982,0,100% bearish,of 1 rating,N/A
BAMM,$3.19,1441206927037,"1,975",60% bullish,of 5 ratings,N/A
BDBD,$8.31,1441206927168,"61,088",60% bullish,of 5 ratings,$10
BPFH,$11.55,1441206927248,"59,707",100% bearish,of 1 rating,$14
BBRG,$12.34,1441206927303,"3,981",67% bullish,of 3 ratings,$14.50
BCLI,$3.07,1441206927343,"14,282",80% bullish,of 5 ratings,$12
EPAY,$26.32,1441206927369,"28,363",100% bearish,of 2 ratings,$30
BBEP,$2.69,1441206927433,"396,985",69% bullish,of 13 ratings,$5.625
BDGE,$26.2,1441206927459,"1,407",Not yet rated,NULL,$31.75
BBEPP,$14.27,1441206927480,"10,763",100% bearish,of 1 rating,N/A
BLIN,$1.31,1441206927524,"1,700",100% bullish,of 2 ratings,$2.20
BCOV,$5.15,1441206927617,"20,338",67% bullish,of 3 ratings,$10.20
BRID,$8.4,1441206927650,"1,100",100% bearish,of 1 rating,N/A
BSFT,$31.2,1441206927690,"26,860",57% bullish,of 7 ratings,$40.50
BRCM,$50.06,1441206927750,"527,775",69% bullish,of 13 ratings,$56
BYFC,NULL,1441206927827,0,50% bullish,of 2 ratings,N/A
BVSN,$6.0499,1441206927918,166,60% bearish,of 5 ratings,N/A
BWEN,$3.11,1441206927961,"2,806",75% bullish,of 4 ratings,$8
BRCD,$10.135,1441206928006,"557,545",92% bullish,of 13 ratings,$12
BRKL,$10.09,1441206928055,"103,204",100% bearish,of 1 rating,$10.75
BRKS,$10.1,1441206928089,"19,767",67% bullish,of 3 ratings,$15.25
BLMT,$20.84,1441206928187,454,Not yet rated,NULL,N/A
BMTC,$28.9,1441206928212,"6,843",Not yet rated,NULL,$34
BRKR,$17.88,1441206928246,"73,561",100% bearish,of 2 ratings,$22
BSQR,$5.96,1441206928276,"9,456",67% bullish,of 3 ratings,N/A
BWLD,$191.105,1441206928349,"64,797",82% bullish,of 11 ratings,$205
BLDR,$14.6399,1441206928379,"88,662",67% bullish,of 3 ratings,$22
CFFI,$35.59,1441206928480,200,100% bearish,of 1 rating,N/A
CA,$26.68,1441206928570,"289,055",50% bullish,of 4 ratings,$33
CCMP,$42.17,1441206928663,"5,641",50% bullish,of 2 ratings,$59
BUR,NULL,1441206928700,0,100% bearish,of 1 rating,$8
CDNS,$19.73,1441206928736,"250,720",75% bullish,of 4 ratings,$22.50
CHRW,$67.24,1441206928757,"334,863",Not yet rated,NULL,$72
CZR,$8.7699,1441206928832,"132,703",60% bearish,of 5 ratings,$10.50
CDZI,$7.9,1441206928859,"3,400",100% bearish,of 1 rating,N/A
CACQ,$7.19,1441206928885,"2,683",100% bearish,of 1 rating,$12.25
PRSS,$4.52,1441206929016,"5,222",80% bullish,of 5 ratings,$4.50
CLBS,$1.62,1441206929071,"72,667",79% bullish,of 14 ratings,$4
CSTE,$38.41,1441206929096,"130,908",50% bullish,of 2 ratings,$65
CHY,$11.2927,1441206929126,"66,938",Not yet rated,NULL,N/A
CLMS,$9.96,1441206929228,"16,217",Not yet rated,NULL,$10.50
CCD,$19.1399,1441206929312,"24,004",Not yet rated,NULL,N/A
CHI,$10.4413,1441206929357,"69,138",100% bearish,of 1 rating,N/A
CFGE,$10.33,1441206929388,"2,400",Not yet rated,NULL,N/A
CGO,$11.99,1441206929443,"5,991",100% bearish,of 1 rating,N/A
CHW,$7.3901,1441206929491,"67,205",100% bearish,of 1 rating,N/A
CSQ,$9.7,1441206929525,"84,890",Not yet rated,NULL,N/A
CAMP,$16.02,1441206929633,"43,356",88% bullish,of 8 ratings,$25
CVGW,$56.9867,1441206929665,"21,214",50% bullish,of 2 ratings,$62
CALA,$5.62,1441206929767,"92,492",67% bullish,of 3 ratings,$19.50
CALM,$51.54,1441206929808,"161,139",80% bullish,of 5 ratings,$63.50
CFNB,$13.3,1441206929899,200,100% bearish,of 1 rating,N/A
CLMT,$24.8772,1441206929938,"59,034",75% bullish,of 8 ratings,$31
ABCD,$4.9699,1441206929965,"25,213",83% bullish,of 6 ratings,N/A
CALD,$15.57,1441206929986,"52,495",100% bearish,of 1 rating,$21
CAMB,$10.05,1441206930027,400,Not yet rated,NULL,N/A
CAMBU,NULL,1441206930410,0,100% bearish,of 1 rating,N/A
CAMBW,$0.15,1441206930495,200,Not yet rated,NULL,N/A
CPHC,$10.28,1441206930524,100,100% bearish,of 1 rating,N/A
CAMT,$2.55,1441206930545,"12,033",73% bullish,of 11 ratings,$4
CGIX,$9.47,1441206930577,"2,652",67% bullish,of 3 ratings,$14.375
CSIQ,$17.98,1441206930597,"311,856",86% bullish,of 28 ratings,$42.50
CAC,$40.31,1441206930726,682,Not yet rated,NULL,N/A
CBF,$30.02,1441206930860,"5,125",Not yet rated,NULL,$32
CBNJ,$11.01,1441206930889,"1,962",100% bearish,of 1 rating,N/A
CCBG,$15.09,1441206930919,"4,814",Not yet rated,NULL,$17.25
CPLP,$7.066,1441206930949,"51,134",71% bullish,of 7 ratings,$11
CPLA,$48.059,1441206930977,"8,718",67% bearish,of 3 ratings,$65
CFFN,$11.76,1441206931005,"142,110",Not yet rated,NULL,$12.75
CSWC,$45.3373,1441206931054,"2,430",Not yet rated,NULL,N/A
CPTA,$13.6599,1441206931194,"8,744",100% bearish,of 1 rating,$18.50
CAPNW,$0.6789,1441206931276,100,Not yet rated,NULL,N/A
CPST,$0.3812,1441206931326,"118,076",95% bullish,of 22 ratings,$1.25
CAPR,$4.3101,1441206931355,"5,300",Not yet rated,NULL,$12
CAPN,$2.16,1441206931385,"42,353",100% bullish,of 1 rating,$10.85
CARA,$18.8101,1441206931460,"24,538",50% bullish,of 4 ratings,$25
CRDC,$0.3399,1441206931490,"5,800",100% bullish,of 1 rating,$1.25
CBYL,$4.96,1441206931592,"4,308",100% bearish,of 1 rating,$20
CRME,$9.17,1441206931646,"3,649",89% bullish,of 9 ratings,$11.25
CARB,$11.12,1441206931674,"7,102",75% bullish,of 4 ratings,$12
CFNL,$21.81,1441206931723,"12,955",Not yet rated,NULL,$24
CATM,$33.8099,1441206931748,"35,066",100% bearish,of 1 rating,$44
CDNA,NULL,1441206931818,0,100% bearish,of 1 rating,$9
CSII,$23.1,1441206931902,"21,423",100% bearish,of 2 ratings,$42.125
CTRE,$10.75,1441206932032,"61,583",50% bullish,of 2 ratings,$13.50
CECO,$3.61,1441206932057,"23,976",67% bearish,of 3 ratings,$6
CART,$5.3,1441206932089,"1,000",100% bearish,of 1 rating,N/A
CKEC,$23.1,1441206932119,"13,768",50% bullish,of 2 ratings,$35.915
CLBH,$12.7,1441206932190,300,Not yet rated,NULL,$16.50
CARO,NULL,1441206932215,0,100% bearish,of 1 rating,$19
CRZO,$33.44,1441206932366,"161,671",67% bearish,of 3 ratings,$54.50
TAST,$12.795,1441206932393,"32,752",Not yet rated,NULL,$14.25
CRTN,$2.5,1441206932428,302,100% bearish,of 1 rating,N/A
CACB,$5.2899,1441206932471,"2,817",Not yet rated,NULL,$5.50
CASM,$1.19,1441206932521,"2,482",100% bullish,of 1 rating,$3.50
CARV,NULL,1441206932545,0,50% bullish,of 2 ratings,N/A
CSCD,$14.95,1441206932621,"2,339",100% bullish,of 2 ratings,$17
CASI,$1.33,1441206932959,"1,700",100% bullish,of 1 rating,$3.50
CWST,$6.17,1441206933008,"10,599",50% bullish,of 2 ratings,$7.25
CASS,$47.61,1441206933030,"1,397",100% bearish,of 1 rating,N/A
CASY,$104.96,1441206933051,"57,653",50% bullish,of 2 ratings,$99.50
CATY,$28.61,1441206933085,"52,159",100% bearish,of 1 rating,$33.50
CPRX,$3.68,1441206933248,"36,076",71% bullish,of 7 ratings,$7
CATB,$11.42,1441206933323,900,100% bearish,of 1 rating,$28
CBFV,$20.5601,1441206933391,407,Not yet rated,NULL,$25
CATYW,NULL,1441206933423,0,100% bearish,of 1 rating,N/A
CNLM,$9.92,1441206933452,100,Not yet rated,NULL,N/A
CAVM,$65.93,1441206933478,"43,800",67% bearish,of 3 ratings,$72
CVCO,$70.38,1441206933499,"5,434",100% bearish,of 1 rating,N/A
CNLMR,NULL,1441206933529,0,Not yet rated,NULL,N/A
CNLMU,NULL,1441206933715,0,100% bullish,of 1 rating,N/A
CDK,$47.64,1441206933851,"79,564",67% bearish,of 3 ratings,$50
CPXX,$2.17,1441206933908,"80,357",100% bullish,of 2 ratings,$7
CNLMW,NULL,1441206933934,0,Not yet rated,NULL,N/A
CDW,$38.46,1441206933961,"87,144",75% bullish,of 4 ratings,$44
CECE,$9.51,1441206933990,"19,270",50% bullish,of 2 ratings,$16
CELG,$117.0023,1441206934089,"900,313",92% bullish,of 13 ratings,$156
CBOE,$63.45,1441206934118,"140,459",Not yet rated,NULL,$60
CELGZ,$1.82,1441206934174,510,80% bullish,of 5 ratings,N/A
CLDX,$14.3999,1441206934224,"176,006",89% bullish,of 9 ratings,$36
CLDN,$1.145,1441206934253,"10,045",71% bullish,of 7 ratings,$3
CLRB,$3.02,1441206934355,300,100% bearish,of 1 rating,N/A
CLLS,$31.97,1441206934413,"18,734",75% bullish,of 4 ratings,$51.50
CBMG,$22.78,1441206934440,"18,085",50% bullish,of 2 ratings,N/A
CLRBW,$0.9201,1441206934503,"1,000",Not yet rated,NULL,N/A
CLTX,$2.2599,1441206934634,"56,288",100% bullish,of 2 ratings,N/A
CYAD,$48,1441206934665,"2,917",100% bullish,of 1 rating,$87.50
CLSN,$2.03,1441206934690,"5,124",80% bullish,of 10 ratings,$7.50
CEMP,$34.08,1441206934738,"77,521",71% bullish,of 7 ratings,$52
CETX,$2.371,1441206934766,"3,762",Not yet rated,NULL,$5.60
CETV,$2.06,1441206934825,"6,793",67% bullish,of 3 ratings,$2.80
CSFL,$13.63,1441206934863,"16,187",Not yet rated,NULL,$15
CENT,$12.7466,1441206934956,"31,491",Not yet rated,NULL,$10
CFBK,NULL,1441206934982,0,Not yet rated,NULL,N/A
CVCY,$11.7,1441206935041,800,Not yet rated,NULL,$12
CENX,$5.12,1441206935118,"452,187",67% bullish,of 6 ratings,$9
CENTA,$13.05,1441206935179,"33,112",Not yet rated,NULL,N/A
CNBKA,$41.35,1441206935209,1,50% bullish,of 2 ratings,N/A
CNTY,$5.85,1441206935315,"4,760",80% bullish,of 5 ratings,$7.75
CRNT,$1.45,1441206935345,"45,722",50% bullish,of 2 ratings,$2
CERE,$1.065,1441206935424,"95,908",88% bullish,of 8 ratings,N/A
CERN,$60.58,1441206935452,"250,155",67% bullish,of 3 ratings,$79
CPHD,$47.66,1441206935477,"79,233",67% bearish,of 3 ratings,$66.50
CERU,$4.2355,1441206935527,"10,440",75% bullish,of 4 ratings,$14
KOOL,$0.6701,1441206935616,"14,093",100% bullish,of 5 ratings,$7
CERS,$4.74,1441206935641,"59,664",75% bullish,of 4 ratings,$7
CYOU,$18.932,1441206935682,"30,720",50% bullish,of 6 ratings,$24
HOTRW,NULL,1441206935886,0,Not yet rated,NULL,N/A
CEVA,$18.75,1441206935947,"5,386",100% bearish,of 1 rating,$25
CHTR,$178.78,1441206936079,"110,942",100% bearish,of 2 ratings,$202
CTHR,$1.29,1441206936115,71,50% bullish,of 2 ratings,$2.50
HOTR,$1.4,1441206936140,"30,261",100% bullish,of 2 ratings,$5
CHFN,$12.4,1441206936168,"8,862",Not yet rated,NULL,$14
CHEK,$2.3572,1441206936205,"3,681",Not yet rated,NULL,$7.75
CHKP,$77.88,1441206936230,"230,673",50% bullish,of 4 ratings,$92
GTLS,$22.98,1441206936267,"120,529",50% bullish,of 4 ratings,$40
CHFC,$30.92,1441206936424,"6,784",100% bearish,of 1 rating,$36
CCXI,$6.55,1441206936462,"7,435",67% bullish,of 3 ratings,$14
CHEKW,$0.74,1441206936558,115,Not yet rated,NULL,N/A
CHKE,$25.695,1441206936587,"17,113",100% bearish,of 1 rating,$32.50
CHMG,$26.5,1441206936611,200,Not yet rated,NULL,$30
CEMI,$4.08,1441206936717,"3,747",50% bullish,of 2 ratings,$7.50
CHMA,$27.12,1441206936754,"31,205",Not yet rated,NULL,$40
CHEV,$14.57,1441206936789,200,Not yet rated,NULL,N/A
CBNK,NULL,1441206936848,0,100% bearish,of 1 rating,N/A
CMRX,$49.3725,1441206936876,"30,289",50% bullish,of 2 ratings,$57
CALI,$0.85,1441206936907,"21,935",67% bullish,of 3 ratings,N/A
CADC,NULL,1441206936928,0,78% bullish,of 9 ratings,N/A
CAAS,$6.035,1441206937058,"3,783",93% bullish,of 14 ratings,$11.50
PLCE,$58.78,1441206937118,"23,826",100% bearish,of 1 rating,$69
CBAK,$1.8,1441206937150,"9,975",67% bullish,of 9 ratings,N/A
CCCR,NULL,1441206937303,0,67% bearish,of 3 ratings,N/A
CBPO,$94.552,1441206937334,"18,466",75% bullish,of 8 ratings,$140.50
CCCL,NULL,1441206937361,0,100% bullish,of 6 ratings,N/A
HGSH,$1.76,1441206937436,"5,803",67% bullish,of 3 ratings,N/A
CHOP,$1.1,1441206937464,10,50% bullish,of 2 ratings,N/A
CNIT,$1.28,1441206937495,"6,076",67% bullish,of 6 ratings,N/A
CHLN,$1.95,1441206937524,210,67% bullish,of 3 ratings,N/A
JRJC,$3.44,1441206937593,"63,982",82% bullish,of 11 ratings,N/A
CJJD,$1.81,1441206937624,"2,478",100% bullish,of 1 rating,N/A
HTHT,$25.5,1441206937723,"23,803",50% bullish,of 2 ratings,$28.40
CHNR,NULL,1441206937880,0,100% bearish,of 1 rating,N/A
CREG,$0.66,1441206937905,200,100% bullish,of 3 ratings,N/A
CPGI,NULL,1441206937951,0,Not yet rated,NULL,N/A
CSUN,$1.4214,1441206937976,"1,000",80% bullish,of 5 ratings,N/A
CNTF,$0.82,1441206938170,522,Not yet rated,NULL,N/A
CXDC,$5.93,1441206938200,"5,617",67% bearish,of 3 ratings,N/A
CNYD,$3.01,1441206938226,210,67% bullish,of 3 ratings,N/A
CCIH,$7.16,1441206938298,"17,873",67% bullish,of 6 ratings,$12.65
CHSCL,$27.15,1441206938384,"1,546",Not yet rated,NULL,N/A
CHSCM,$26.311,1441206938435,"6,882",Not yet rated,NULL,N/A
CHSCO,$28.38,1441206938572,185,Not yet rated,NULL,N/A
CNET,$0.8237,1441206938598,"4,941",50% bullish,of 2 ratings,N/A
CHSCN,$26.84,1441206938630,"8,458",Not yet rated,NULL,N/A
CHDN,$133.06,1441206938675,"4,998",Not yet rated,NULL,$165
IMOS,$18.94,1441206938700,"77,197",60% bullish,of 5 ratings,$21.50
CHSCP,$30.5928,1441206938728,400,Not yet rated,NULL,N/A
CHUY,$31.6,1441206938859,"27,400",50% bullish,of 2 ratings,$34
CDTX,$14.1,1441206938932,"2,701",Not yet rated,NULL,$22
CIFC,$7.02,1441206938957,3,100% bearish,of 1 rating,N/A
CIDM,$0.56,1441206939130,"7,406",50% bullish,of 2 ratings,$2.10
CINF,$51.53,1441206939163,"109,826",50% bullish,of 4 ratings,$50.50
CMCT,$15.5,1441206939188,225,100% bearish,of 1 rating,N/A
CMPR,$67.33,1441206939258,"47,625",50% bullish,of 2 ratings,$72.50
CTAS,$84.09,1441206939286,"61,605",100% bearish,of 1 rating,$91
CPHR,$4.98,1441206939314,"5,540",100% bearish,of 1 rating,$17
CRUS,$29.04,1441206939352,"102,430",75% bullish,of 12 ratings,$44.50
CSCO,$25.251,1441206939484,"5,211,681",83% bullish,of 210 ratings,$32
CZNC,$19.54,1441206939614,"1,006",Not yet rated,NULL,N/A
CIZN,$19.62,1441206939696,100,Not yet rated,NULL,N/A
CZFC,NULL,1441206939726,0,Not yet rated,NULL,N/A
CTXS,$65.97,1441206939784,"270,073",86% bullish,of 7 ratings,$80
CZWI,$8.95,1441206939826,307,Not yet rated,NULL,N/A
CHCO,$46.73,1441206939869,"3,692",Not yet rated,NULL,$46
CTRN,$25.97,1441206939896,"5,161",100% bearish,of 1 rating,$31.50
CIVB,NULL,1441206940026,0,Not yet rated,NULL,$11
CIVBP,NULL,1441206940054,0,Not yet rated,NULL,N/A
CDTI,$1.54,1441206940077,"17,241",75% bullish,of 4 ratings,$3.20
CLFD,$16.7,1441206940219,"13,341",67% bullish,of 3 ratings,$18
CBLI,$4.1,1441206940365,"23,213",60% bullish,of 5 ratings,N/A
CLIR,$4.8,1441206940394,"8,980",100% bullish,of 3 ratings,N/A
CLNE,$4.95,1441206940430,"230,599",80% bullish,of 15 ratings,$9
CLNT,$1.48,1441206940457,"1,600",75% bullish,of 8 ratings,N/A
CLRO,$11.18,1441206940493,"2,595",50% bullish,of 2 ratings,$14.25
CLVS,$80.44,1441206940520,"52,116",60% bullish,of 5 ratings,$101.50
CSBK,$13.73,1441206940547,"4,189",Not yet rated,NULL,N/A
CCNE,$16.94,1441206940688,"2,772",50% bullish,of 2 ratings,$21.50
CISG,$7.81,1441206940717,"6,696",100% bullish,of 5 ratings,$10
CME,$92.503,1441206940774,"221,692",67% bullish,of 3 ratings,$102
CMFN,$11.5234,1441206940819,"3,787",100% bearish,of 1 rating,$15.50
CWAY,$11.09,1441206940850,369,Not yet rated,NULL,N/A
CNV,$4.45,1441206940954,610,50% bullish,of 2 ratings,$7.15
COKE,$153.68,1441206941011,"3,420",79% bullish,of 19 ratings,N/A
COBZ,$12.6599,1441206941087,"6,697",100% bullish,of 1 rating,$14
CDRB,$10.2,1441206941119,"6,228",67% bullish,of 3 ratings,N/A
CDXS,$3.56,1441206941168,"1,800",64% bullish,of 11 ratings,$6
JVA,$4.6008,1441206941213,"2,482",83% bullish,of 6 ratings,$7
CVLY,NULL,1441206941238,0,Not yet rated,NULL,N/A
CCOI,$27.01,1441206941371,"59,219",50% bullish,of 4 ratings,$35
CGNX,$34.32,1441206941397,"40,096",50% bullish,of 2 ratings,$47
CGNT,$1.5655,1441206941452,"3,600",100% bullish,of 2 ratings,$2
COHR,$55.28,1441206941553,"12,323",50% bullish,of 2 ratings,$72
CTSH,$61,1441206941580,"686,170",90% bullish,of 10 ratings,$75
CHRS,$26.99,1441206941633,"8,392",67% bearish,of 3 ratings,$37
COHU,$9.406,1441206941829,"9,332",100% bearish,of 1 rating,$14.25
CLCT,$17.14,1441206941861,"8,365",100% bearish,of 1 rating,N/A
CLRX,$0.652,1441206941888,"29,910",50% bullish,of 2 ratings,N/A
COLL,$13.86,1441206941913,"41,808",100% bearish,of 1 rating,$26
CBAN,$8.8,1441206941970,201,Not yet rated,NULL,N/A
CIGI,$44.68,1441206942021,"16,900",100% bearish,of 1 rating,$52
CMCO,$18.9,1441206942122,"13,821",60% bullish,of 5 ratings,$28
COLM,$59.85,1441206942185,"13,912",100% bearish,of 1 rating,$71
CLCD,$6.12,1441206942220,"18,843",100% bearish,of 1 rating,$20.50
CBMX,$1.12,1441206942247,"5,264",83% bullish,of 6 ratings,$3.15
COLB,$29.19,1441206942288,"14,100",Not yet rated,NULL,$36
CMCSA,$55.681,1441206942385,"3,309,954",66% bullish,of 35 ratings,$69.50
CMCSK,$56.74,1441206942421,"671,299",Not yet rated,NULL,$84
CBSH,$43.15,1441206942486,"48,337",50% bullish,of 2 ratings,$46
CUBN,$13.5,1441206942637,"1,368",Not yet rated,NULL,N/A
CBSHP,$25.47,1441206942662,600,100% bearish,of 1 rating,N/A
COMM,$31.99,1441206942797,"286,568",67% bearish,of 3 ratings,$35
CVGI,$4.88,1441206942823,"15,021",50% bullish,of 2 ratings,$6
CSAL,$20.26,1441206942851,"130,597",75% bullish,of 4 ratings,$30
ESXB,$5.09,1441206942871,1,Not yet rated,NULL,N/A
CYHHZ,$0.01,1441206942903,"15,071",100% bullish,of 1 rating,N/A
JCS,$9.24,1441206942924,300,67% bullish,of 3 ratings,N/A
COB,$10.38,1441206943105,"1,137",100% bullish,of 1 rating,$11.75
CWBC,$6.85,1441206943150,"18,362",Not yet rated,NULL,N/A
CTBI,$34.51,1441206943200,"2,593",Not yet rated,NULL,$36
CIZ,NULL,1441206943227,0,100% bearish,of 1 rating,N/A
CVLT,$35.03,1441206943256,"53,332",75% bullish,of 4 ratings,$44.50
CID,NULL,1441206943354,0,Not yet rated,NULL,N/A
CIL,NULL,1441206943460,0,Not yet rated,NULL,N/A
CFO,$34.645,1441206943530,799,100% bearish,of 1 rating,N/A
CSF,NULL,1441206943590,0,100% bearish,of 1 rating,N/A
CFA,NULL,1441206943617,0,100% bearish,of 1 rating,N/A
CDC,$33.84,1441206943637,"1,600",Not yet rated,NULL,N/A
CSB,$32.83,1441206943674,72,Not yet rated,NULL,N/A
CDL,$33.53,1441206943695,70,Not yet rated,NULL,N/A
CSA,NULL,1441206943771,0,Not yet rated,NULL,N/A
CTG,$6.51,1441206943963,"5,201",100% bearish,of 1 rating,$8.50
CHCI,NULL,1441206943990,0,50% bullish,of 2 ratings,N/A
CPSI,$45.61,1441206944016,"13,875",100% bearish,of 1 rating,$45.50
SCOR,$45.11,1441206944037,"266,772",100% bearish,of 1 rating,$66
CGEN,$5.03,1441206944172,"10,279",50% bullish,of 2 ratings,$11
CNAT,$3.79,1441206944306,"40,722",83% bullish,of 6 ratings,$13
CNSI,$18.07,1441206944354,"16,176",100% bearish,of 2 ratings,$29
CCUR,$5.1801,1441206944442,"2,300",75% bullish,of 4 ratings,N/A
CNCE,$16.19,1441206944468,"18,567",75% bullish,of 4 ratings,$22
CXRX,$77.81,1441206944501,206,100% bearish,of 1 rating,$90
CDOR,$1.34,1441206944521,100,100% bullish,of 1 rating,N/A
CMTL,$25.62,1441206944543,"6,648",100% bearish,of 2 ratings,$37
CDORP,NULL,1441206944679,0,100% bearish,of 1 rating,N/A
CDORO,$19,1441206944754,160,100% bearish,of 1 rating,N/A
CFMS,$15.225,1441206944888,"85,181",100% bearish,of 1 rating,$26.50
CNFR,$9.78,1441206944915,154,Not yet rated,NULL,N/A
CNMD,$50.43,1441206944941,"75,072",Not yet rated,NULL,$59
CNXR,$7,1441206945096,"16,803",100% bearish,of 1 rating,$12
CTWS,$34.96,1441206945135,"4,136",100% bearish,of 1 rating,$44
CONN,$27.6,1441206945227,"96,231",67% bullish,of 3 ratings,$48.50
CNSL,$19.298,1441206945253,"35,744",100% bearish,of 1 rating,$23
CWCO,$10.2201,1441206945276,"10,122",67% bullish,of 3 ratings,$14.50
CTCT,$24,1441206945309,"24,920",67% bullish,of 3 ratings,$37
CNOB,$18.71,1441206945333,"2,085",100% bullish,of 1 rating,$23.50
CPSS,$5.47,1441206945503,"2,258",100% bullish,of 1 rating,$10
CFRX,$4.8001,1441206945528,"2,032",Not yet rated,NULL,$14
CFRXZ,NULL,1441206945557,0,Not yet rated,NULL,N/A
CFRXW,NULL,1441206945582,0,100% bearish,of 1 rating,N/A
CTRV,$3.5601,1441206945664,"4,513",Not yet rated,NULL,$6.40
CRBP,$1.84,1441206945799,"54,648",100% bullish,of 2 ratings,$6.25
CTRL,$8.19,1441206945835,"14,521",50% bullish,of 2 ratings,$11
BVA,NULL,1441206945861,0,50% bullish,of 2 ratings,N/A
CORT,$4.98,1441206945927,"52,800",67% bullish,of 3 ratings,$12
CORI,$10.42,1441206945953,"7,165",100% bearish,of 1 rating,$18
CPRT,$34.54,1441206946086,"57,486",67% bearish,of 3 ratings,$40
CSOD,$35.8,1441206946119,"53,338",50% bullish,of 2 ratings,$42
CORE,$59.97,1441206946142,"18,480",100% bearish,of 1 rating,$72
COSI,$1.1,1441206946187,"15,601",100% bullish,of 1 rating,N/A
CRVL,$30.65,1441206946215,"2,065",100% bearish,of 1 rating,N/A
CSGP,$171.09,1441206946280,"23,664",50% bullish,of 2 ratings,$235
CPAH,NULL,1441206946490,0,50% bullish,of 2 ratings,N/A
CVTI,$22.7,1441206946518,"13,863",67% bearish,of 3 ratings,$39
COST,$138.54,1441206946546,"302,884",79% bullish,of 24 ratings,$154.50
ICBK,NULL,1441206946567,0,Not yet rated,NULL,$21
COVS,$2.655,1441206946587,"15,262",67% bullish,of 3 ratings,N/A
CPSH,$2.36,1441206946768,100,Not yet rated,NULL,N/A
COWNL,NULL,1441206946867,0,Not yet rated,NULL,N/A
CRAI,$23.26,1441206946897,"3,552",100% bearish,of 1 rating,$36
COWN,$5.055,1441206946946,"112,936",75% bullish,of 4 ratings,$7
BREW,$7.6885,1441206946999,"2,653",67% bullish,of 6 ratings,$15
CACC,$199.6625,1441206947025,"18,961",50% bullish,of 2 ratings,$158.50
CRAY,$20.31,1441206947050,"33,169",83% bullish,of 6 ratings,$38.50
CBRL,$145.34,1441206947092,"29,404",50% bullish,of 2 ratings,$155
CREE,$26.22,1441206947312,"179,225",65% bullish,of 17 ratings,$29.50
CRESY,$10.2,1441206947363,"5,756",100% bearish,of 1 rating,$19
SLVO,$10.0896,1441206947398,833,100% bearish,of 1 rating,N/A
GLDI,NULL,1441206947446,0,100% bearish,of 1 rating,N/A
CCRN,$13.89,1441206947479,"38,310",100% bearish,of 1 rating,$14.25
CRTO,$38.515,1441206947506,"142,782",67% bullish,of 6 ratings,$64
CROX,$14.05,1441206947527,"73,758",63% bullish,of 8 ratings,$16.50
CRDS,$1.02,1441206947579,"38,500",75% bullish,of 4 ratings,$4.50
CRWS,$7.99,1441206947680,"4,200",Not yet rated,NULL,$10
CYRX,$2.95,1441206947817,113,Not yet rated,NULL,$9
CYRXW,$0.7701,1441206947842,600,Not yet rated,NULL,N/A
CSGS,$30.18,1441206947873,"12,715",Not yet rated,NULL,$40
CRWN,$4.895,1441206947900,"84,414",75% bullish,of 4 ratings,N/A
CSPI,$5.767,1441206947971,753,67% bullish,of 3 ratings,N/A
CCLP,$14.1433,1441206948055,"22,767",67% bearish,of 3 ratings,$20
CUI,$5.41,1441206948323,"11,692",50% bullish,of 2 ratings,$10
CTRP,$64.99,1441206948351,"268,237",75% bullish,of 8 ratings,$92.50
CTIB,NULL,1441206948377,0,100% bearish,of 1 rating,N/A
CPIX,NULL,1441206948403,0,Not yet rated,NULL,N/A
CTCM,$1.67,1441206948434,"10,225",80% bearish,of 5 ratings,$3.90
CTIC,$1.555,1441206948455,"144,525",84% bullish,of 76 ratings,$5.75
CUNB,$21.35,1441206948508,"1,046",Not yet rated,NULL,$24.50
CUTR,$14.8,1441206948635,"10,232",67% bearish,of 3 ratings,$18
CMLS,$1.35,1441206948660,"69,128",50% bullish,of 4 ratings,$6
CRIS,$2.58,1441206948694,"36,621",100% bullish,of 8 ratings,$6
CYAN,$6.52,1441206948790,"1,400",100% bearish,of 1 rating,N/A
CVBF,$15.815,1441206948815,"42,386",Not yet rated,NULL,$18
CVV,$11.225,1441206948840,524,100% bullish,of 5 ratings,N/A
CYBR,$49.71,1441206948990,"285,603",75% bullish,of 8 ratings,$68.50
CYCCP,NULL,1441206949119,0,100% bearish,of 1 rating,N/A
CYNA,$16.1,1441206949152,"7,700",50% bullish,of 2 ratings,$31.50
CYBE,$6.77,1441206949173,"1,253",100% bearish,of 1 rating,N/A
CBAY,$2.69,1441206949206,"5,205",100% bullish,of 1 rating,$4
CYCC,$0.5648,1441206949250,"8,112",73% bullish,of 11 ratings,N/A
CYBX,$63.98,1441206949304,"36,297",50% bullish,of 4 ratings,$71.50
CY,$9.995,1441206949339,"2,324,213",80% bullish,of 10 ratings,$15.50
CYNO,$31.46,1441206949364,"35,739",67% bearish,of 3 ratings,$45.50
CYRN,$1.767,1441206949439,"1,300",67% bullish,of 3 ratings,$4
CONE,$30.72,1441206949522,"32,516",67% bearish,of 3 ratings,$35.50
CYTK,$7,1441206949548,"24,215",71% bullish,of 14 ratings,$13.50
CYTR,$2.36,1441206949677,"78,957",67% bullish,of 6 ratings,$10
DAEG,$0.3699,1441206949760,620,100% bearish,of 1 rating,N/A
CTSO,$7.281,1441206949819,"27,002",Not yet rated,NULL,$15.625
TVIZ,$23.76,1441206949845,"10,776",100% bearish,of 1 rating,N/A
CYTX,$0.3501,1441206949889,"478,927",83% bullish,of 12 ratings,$5.50
ZIV,$35.45,1441206949915,"33,949",Not yet rated,NULL,N/A
TVIX,$17.9647,1441206949936,"4,481,200",81% bullish,of 16 ratings,N/A
XIV,$22.715,1441206949971,"4,879,628",75% bearish,of 4 ratings,N/A
DJCO,$196,1441206949996,202,Not yet rated,NULL,N/A
DAKT,$8.5,1441206950163,"31,024",50% bullish,of 2 ratings,$12
DAIO,$2.6891,1441206950251,654,Not yet rated,NULL,N/A
DTLK,$5.535,1441206950280,"7,062",100% bearish,of 1 rating,$9
DARA,$0.88,1441206950383,"1,335",83% bullish,of 6 ratings,$1.50
DWCH,$5.02,1441206950433,"2,986",75% bullish,of 4 ratings,$8.25
DTEA,$12.92,1441206950516,"5,703",100% bearish,of 2 ratings,$24
PLAY,$35.24,1441206950552,"39,419",100% bullish,of 5 ratings,$42
DRAM,$1.35,1441206950573,"5,092",78% bullish,of 9 ratings,N/A
DWSN,$4.247,1441206950669,"3,753",67% bullish,of 3 ratings,N/A
DBVT,$38.0157,1441206950695,"22,406",100% bearish,of 1 rating,$53
TRAK,$62.74,1441206950723,"131,097",50% bullish,of 2 ratings,$62.50
TACO,$12.47,1441206950857,"61,988",75% bullish,of 4 ratings,$20
DFRG,$14.49,1441206950907,"35,666",100% bearish,of 1 rating,$20
DHRM,$1.61,1441206950966,690,Not yet rated,NULL,N/A
TACOW,$3.63,1441206951003,500,100% bullish,of 1 rating,N/A
DCTH,$0.42,1441206951035,"71,101",78% bullish,of 9 ratings,N/A
DGAS,$20.69,1441206951139,158,67% bearish,of 3 ratings,N/A
DENN,$11.1636,1441206951353,"103,178",100% bullish,of 3 ratings,$15
DSCI,$5.77,1441206951388,"20,825",50% bullish,of 2 ratings,$16
DELTW,NULL,1441206951408,0,Not yet rated,NULL,N/A
DEPO,$26.45,1441206951445,"96,592",60% bullish,of 5 ratings,$29
DELT,NULL,1441206951467,0,Not yet rated,NULL,N/A
DEST,$10.87,1441206951501,"5,522",50% bullish,of 2 ratings,N/A
DERM,$25.86,1441206951522,"10,192",100% bearish,of 1 rating,$33.50
XRAY,$51.29,1441206951560,"89,892",100% bullish,of 1 rating,$58
DSWL,$1.6,1441206951668,"2,719",100% bullish,of 1 rating,N/A
DXLG,$6.1399,1441206951718,"24,251",100% bearish,of 1 rating,$8
DXCM,$88.42,1441206951743,"113,953",57% bullish,of 7 ratings,$98
DXM,$0.2763,1441206951799,"114,573",50% bullish,of 2 ratings,N/A
DHIL,$190.4,1441206952012,202,Not yet rated,NULL,N/A
FANG,$64.46,1441206952088,"181,757",50% bullish,of 2 ratings,$86
DRNA,$11,1441206952120,"19,593",67% bearish,of 3 ratings,$25
DCIX,$1.63,1441206952141,"7,454",50% bullish,of 4 ratings,$3.50
DMND,$29.97,1441206952175,"24,552",75% bullish,of 12 ratings,$32
DGII,$10.02,1441206952207,"1,334",100% bearish,of 1 rating,$11
DMRC,$36.845,1441206952228,"5,285",100% bearish,of 1 rating,$44
DHXM,NULL,1441206952262,0,Not yet rated,NULL,N/A
DRAD,$3.79,1441206952314,"1,794",100% bullish,of 1 rating,$5.25
DCOM,$16.505,1441206952486,"7,255",100% bearish,of 2 ratings,$16
APPS,$2.34,1441206952559,"128,321",100% bearish,of 1 rating,$10.25
DIOD,$19.18,1441206952588,"17,270",75% bearish,of 4 ratings,$24
DGLY,$7.3586,1441206952620,"111,164",50% bullish,of 6 ratings,$20
DISCA,$26.17,1441206952647,"334,681",67% bullish,of 3 ratings,$34
DPRX,$14.5887,1441206952687,"2,672",100% bullish,of 2 ratings,$27.75
DISCB,NULL,1441206952789,0,100% bearish,of 1 rating,$35
DISCK,$25.16,1441206952817,"214,502",100% bearish,of 1 rating,$32
DVCR,$10.6591,1441206952891,827,100% bullish,of 1 rating,N/A
BAGR,$2.76,1441206952974,"6,500",100% bearish,of 1 rating,$6
DLHC,$2.9,1441206953003,"2,421",100% bearish,of 1 rating,N/A
DSCO,$0.4224,1441206953035,"95,968",83% bullish,of 6 ratings,$2.75
DISH,$59.32,1441206953056,"200,306",69% bullish,of 13 ratings,$73
DLTR,$66.4,1441206953135,"2,736,344",82% bullish,of 11 ratings,$88
DNBF,$25.513,1441206953240,500,Not yet rated,NULL,$27.50
DGICA,$14.15,1441206953307,"6,534",100% bearish,of 1 rating,$17
DMLP,$15.27,1441206953408,"16,441",100% bearish,of 1 rating,N/A
DORM,$50.25,1441206953433,"32,139",100% bearish,of 1 rating,$56
HILL,$9.68,1441206953465,"295,782",60% bearish,of 5 ratings,$9.75
DGICB,NULL,1441206953496,0,100% bearish,of 1 rating,N/A
DRWI,$0.1957,1441206953566,"79,212",60% bullish,of 5 ratings,$.45
DWA,$19.4108,1441206953657,"514,923",63% bullish,of 8 ratings,$26
DRWIW,NULL,1441206953688,0,Not yet rated,NULL,N/A
DSPG,$8.64,1441206953755,"4,309",100% bearish,of 1 rating,$13.50
DRYS,$0.4301,1441206953785,"470,319",77% bullish,of 31 ratings,$.60
DSKX,$3.49,1441206953814,"40,052",100% bullish,of 1 rating,N/A
CADTR,NULL,1441206953881,0,Not yet rated,NULL,N/A
CADT,$10.02,1441206953983,100,Not yet rated,NULL,N/A
CADTU,NULL,1441206954035,0,Not yet rated,NULL,N/A
CADTW,NULL,1441206954138,0,Not yet rated,NULL,N/A
DTSI,$28.52,1441206954184,"88,203",100% bearish,of 2 ratings,$39.50
DNKN,$48.9315,1441206954214,"245,947",67% bullish,of 15 ratings,$56.50
DXPE,$29.75,1441206954315,"27,355",50% bullish,of 2 ratings,N/A
BOOM,$10.52,1441206954370,"25,444",67% bullish,of 3 ratings,$12
DYAX,$22.64,1441206954396,"86,736",89% bullish,of 9 ratings,$30
DRRX,$2.065,1441206954450,"35,212",50% bullish,of 6 ratings,$3
DVAX,$28.31,1441206954485,"53,626",70% bullish,of 10 ratings,$40
DYSL,$1.56,1441206954578,"2,621",100% bullish,of 2 ratings,N/A
DYNT,$3.03,1441206954616,"2,627",75% bullish,of 4 ratings,N/A
ETFC,$24.99,1441206954645,"533,617",57% bullish,of 14 ratings,$32.50
EBMT,$12.115,1441206954709,200,Not yet rated,NULL,$13.50
EGBN,$41.02,1441206954736,"11,794",Not yet rated,NULL,$48
EGLE,$7,1441206954805,"4,608",60% bullish,of 5 ratings,N/A
EGRX,$78.1101,1441206954907,"39,069",67% bullish,of 3 ratings,$97
EROC,$1.48,1441206954949,"50,756",50% bullish,of 2 ratings,$3
EWBC,$38.64,1441206955083,"91,616",100% bearish,of 1 rating,$50
EACQU,$10.01,1441206955104,200,Not yet rated,NULL,N/A
ELNK,$8.395,1441206955146,"98,042",60% bullish,of 5 ratings,$9.50
EML,$16.2392,1441206955173,702,Not yet rated,NULL,N/A
EBIX,$27.96,1441206955197,"40,124",69% bullish,of 13 ratings,$40
ELON,$0.58,1441206955351,"6,845",50% bullish,of 2 ratings,N/A
EBAY,$26.635,1441206955388,"1,624,884",81% bullish,of 117 ratings,$34
EVBS,$6.66,1441206955415,100,Not yet rated,NULL,$7
ECHO,$22.29,1441206955486,"23,480",67% bearish,of 3 ratings,$34.50
SATS,$43.55,1441206955517,"16,981",50% bullish,of 2 ratings,$60
ECTE,$1.4801,1441206955543,"2,090",75% bullish,of 4 ratings,N/A
EEI,$11.6245,1441206955616,800,67% bearish,of 3 ratings,N/A
ECACU,$10.1,1441206955783,200,Not yet rated,NULL,N/A
ESES,NULL,1441206955866,0,100% bearish,of 1 rating,$7
EDUC,$6.5001,1441206955969,"21,746",100% bearish,of 1 rating,N/A
EDGW,$7.1,1441206955999,859,100% bearish,of 1 rating,N/A
EGLT,$12.1,1441206956022,"33,054",50% bullish,of 2 ratings,$21
EGAN,$3.61,1441206956049,725,50% bullish,of 2 ratings,$6.25
EFUT,NULL,1441206956073,0,Not yet rated,NULL,N/A
EDAP,$3.64,1441206956094,"12,313",60% bullish,of 5 ratings,$4.50
EHTH,$14.83,1441206956321,"44,263",50% bullish,of 4 ratings,$16.50
LOCO,$12.5799,1441206956369,"95,840",69% bullish,of 13 ratings,$19.50
ESLT,$78.65,1441206956424,"3,156",67% bullish,of 3 ratings,N/A
ERI,$9.51,1441206956453,"16,154",100% bearish,of 1 rating,$10
EMITF,$1.23,1441206956498,72,75% bullish,of 4 ratings,N/A
ELRC,$10.42,1441206956531,"2,130",100% bearish,of 1 rating,N/A
ESIO,$4.465,1441206956626,"4,703",50% bullish,of 2 ratings,$10
EA,$64.57,1441206956656,"586,929",78% bullish,of 36 ratings,$80
EFII,$42.78,1441206956758,"10,266",80% bullish,of 5 ratings,$55
ELSE,NULL,1441206956782,0,60% bullish,of 5 ratings,N/A
EBIO,$3.31,1441206956825,"98,889",100% bearish,of 2 ratings,$8.35
RDEN,$11.08,1441206957059,"16,522",100% bearish,of 4 ratings,$15
ELECW,NULL,1441206957088,0,Not yet rated,NULL,N/A
ELEC,NULL,1441206957163,0,Not yet rated,NULL,N/A
CAPX,$22.74,1441206957196,1,Not yet rated,NULL,N/A
ELECU,NULL,1441206957222,0,Not yet rated,NULL,N/A
LONG,$16.91,1441206957295,208,67% bullish,of 3 ratings,$15.75
ESBK,$19.87,1441206957320,210,Not yet rated,NULL,N/A
ELTK,$1.34,1441206957451,"18,964",67% bearish,of 3 ratings,N/A
EMCF,NULL,1441206957533,0,100% bearish,of 1 rating,N/A
EMCI,$22.55,1441206957565,"4,322",Not yet rated,NULL,N/A
ERS,$3.93,1441206957635,"2,054",Not yet rated,NULL,N/A
NYNY,$4.3,1441206957666,"6,253",50% bullish,of 2 ratings,N/A
EMMSP,NULL,1441206957696,0,100% bearish,of 1 rating,N/A
EMMS,$1.18,1441206957721,425,83% bullish,of 6 ratings,N/A
EMKR,$6.8,1441206957799,"14,488",75% bullish,of 4 ratings,$8.50
ENTA,$38.35,1441206957931,"26,269",50% bullish,of 2 ratings,$42
ECPG,$38.42,1441206958067,"27,860",100% bullish,of 2 ratings,$52
WIRE,$31.545,1441206958111,"14,844",100% bearish,of 1 rating,$37
ENDP,$73.52,1441206958146,"215,450",50% bullish,of 6 ratings,$101.50
ECYT,$5.21,1441206958171,"53,639",83% bullish,of 6 ratings,$12
ELGX,$12.62,1441206958238,"62,777",75% bullish,of 4 ratings,$17
EIGI,$14.59,1441206958265,"39,563",67% bearish,of 3 ratings,$22.50
ERII,$2.62,1441206958343,"3,950",80% bullish,of 5 ratings,$2.50
WATT,$7.02,1441206958450,"12,051",50% bullish,of 2 ratings,$13
EFOI,$24.6118,1441206958483,"407,374",50% bullish,of 2 ratings,$24.50
ENOC,$8.655,1441206958515,"32,573",75% bullish,of 4 ratings,$18
ENPH,$4.33,1441206958552,"230,675",75% bullish,of 4 ratings,$11
EXXI,$1.6399,1441206958580,"478,943",86% bullish,of 7 ratings,$3.50
ENG,$1.0003,1441206958611,"20,900",100% bullish,of 3 ratings,N/A
ESGR,$147.4,1441206958655,"7,480",100% bearish,of 1 rating,$185
ENFC,$17.8,1441206958831,200,Not yet rated,NULL,N/A
ETRM,$0.3351,1441206958975,"3,106,857",69% bearish,of 35 ratings,$1.625
ENTG,$13.35,1441206959008,"30,293",100% bearish,of 1 rating,$18
ENTL,$21.25,1441206959034,"3,670",Not yet rated,NULL,$28
EBTC,$21.65,1441206959167,310,Not yet rated,NULL,N/A
EFSC,$23.88,1441206959215,"4,706",Not yet rated,NULL,$27
ENZY,$10.12,1441206959299,"13,092",67% bullish,of 3 ratings,$9.50
ENZN,$0.9947,1441206959333,"76,757",100% bullish,of 9 ratings,N/A
EPIQ,$12.735,1441206959367,"8,516",100% bearish,of 1 rating,$18
EGT,$2,1441206959394,"1,801",100% bullish,of 1 rating,N/A
EPRS,$4.97,1441206959418,"5,782",82% bullish,of 11 ratings,$15
ENVI,$1.88,1441206959453,"4,852",67% bullish,of 3 ratings,N/A
EPZM,$20.69,1441206959487,"87,908",60% bullish,of 5 ratings,$34
EQIX,$266.045,1441206959588,"131,666",75% bullish,of 4 ratings,$312.50
PLUS,$72.615,1441206959613,"8,825",50% bullish,of 2 ratings,$88
EAC,$3.43,1441206959828,"2,867",100% bearish,of 1 rating,$8
ESCA,$17.75,1441206959898,"5,652",100% bearish,of 1 rating,$22
ERIC,$9.58,1441206959925,"486,111",67% bullish,of 9 ratings,$12.20
EQFN,NULL,1441206959945,0,100% bearish,of 1 rating,N/A
ERIE,$81.2,1441206959966,"2,454",Not yet rated,NULL,$73
ESCRP,NULL,1441206960005,0,100% bearish,of 1 rating,N/A
ESCR,$0.1497,1441206960027,"16,848",50% bullish,of 2 ratings,N/A
ESPR,$47.01,1441206960102,"120,527",70% bearish,of 10 ratings,$115
ESSA,$12.92,1441206960210,"4,365",100% bearish,of 1 rating,N/A
ESMC,$1.42,1441206960263,440,Not yet rated,NULL,N/A
ESND,$32.9,1441206960310,"28,831",100% bearish,of 2 ratings,$40
ETSY,$14.035,1441206960338,"122,384",80% bullish,of 5 ratings,$16
ESSX,$0.4896,1441206960366,609,50% bullish,of 2 ratings,N/A
EPIX,NULL,1441206960387,0,Not yet rated,NULL,N/A
CLWT,NULL,1441206960610,0,100% bullish,of 1 rating,N/A
EEFT,$62.73,1441206960638,"14,172",100% bearish,of 1 rating,$67.50
EVK,$3.95,1441206960680,200,75% bearish,of 4 ratings,N/A
ESEA,$4.72,1441206960712,"9,385",100% bullish,of 1 rating,$15
EVLV,$2.57,1441206960776,"20,297",60% bullish,of 5 ratings,$4.625
EVEP,$8.5366,1441206960845,"26,301",50% bullish,of 2 ratings,$15
EVOL,$5.97,1441206960907,"5,248",75% bullish,of 4 ratings,$10
EXAS,$21.88,1441206961009,"214,577",78% bullish,of 9 ratings,$31
EXA,$10.5,1441206961040,"17,067",100% bearish,of 1 rating,$13
EVOK,$3.4501,1441206961068,"2,432",100% bearish,of 1 rating,$13.375
EXEL,$5.72,1441206961101,"1,511,770",81% bullish,of 16 ratings,$6
EXFO,NULL,1441206961141,0,67% bearish,of 3 ratings,$3.95
EXAC,$18.935,1441206961199,"6,445",100% bearish,of 1 rating,$22.50
EXLS,$36.52,1441206961350,"23,539",50% bullish,of 2 ratings,$41
EXPE,$111.29,1441206961480,"151,696",64% bullish,of 11 ratings,$130
EXPO,$42.225,1441206961534,"8,957",100% bearish,of 1 rating,$45.50
ESRX,$82.48,1441206961562,"453,210",67% bearish,of 6 ratings,$101
EXPD,$49.03,1441206961588,"220,827",80% bullish,of 5 ratings,$52
EXLP,$19.955,1441206961622,"11,413",100% bearish,of 1 rating,$25
EYEG,$3.828,1441206961643,318,Not yet rated,NULL,N/A
EXTR,$2.99,1441206961722,"74,396",80% bullish,of 5 ratings,$3
EYEGW,$1.0001,1441206961748,700,Not yet rated,NULL,N/A
EZCH,$22.48,1441206961891,"14,691",75% bullish,of 8 ratings,$19.50
FFIV,$119.14,1441206961953,"156,394",63% bullish,of 8 ratings,$132
FCS,$13.27,1441206962026,"99,830",67% bearish,of 3 ratings,$17
EZPW,$6.03,1441206962054,"40,355",50% bullish,of 4 ratings,$7
FB,$88.06,1441206962079,"5,437,765",73% bullish,of 1074 ratings,$111
FRP,$15.62,1441206962134,"3,786",100% bearish,of 1 rating,$18
FWM,$2.1901,1441206962217,"27,964",100% bearish,of 2 ratings,$3.20
FALC,$1.71,1441206962286,"11,100",63% bearish,of 8 ratings,N/A
DAVE,$14.68,1441206962361,"1,863",100% bearish,of 1 rating,$15.50
FMNB,$8.29,1441206962388,100,Not yet rated,NULL,N/A
FARM,$22.22,1441206962452,"2,899",100% bearish,of 1 rating,$35
FFKT,$25.89,1441206962482,"1,716",Not yet rated,NULL,$29
FATE,$6.08,1441206962517,"3,349",50% bullish,of 2 ratings,$11
FAST,$38.11,1441206962586,"427,875",80% bullish,of 5 ratings,$45.50
FARO,$37.85,1441206962613,"14,192",50% bullish,of 2 ratings,$48
FBRC,$21.58,1441206962750,"13,802",100% bearish,of 1 rating,$29
FBSS,NULL,1441206962775,0,Not yet rated,NULL,N/A
FNHC,$21.71,1441206962838,"7,481",100% bearish,of 1 rating,$35
FHCO,$1.3803,1441206962912,"3,267",50% bullish,of 4 ratings,N/A
FDML,$8.76,1441206962979,"37,570",50% bullish,of 4 ratings,$14
FCSC,$5.46,1441206963080,"16,120",100% bearish,of 1 rating,$8.125
FENX,$9.9,1441206963106,"15,571",100% bullish,of 1 rating,$14.25
FGEN,$23.2,1441206963133,"38,123",100% bearish,of 1 rating,$39
FEIC,$74.03,1441206963160,"46,516",50% bullish,of 2 ratings,$95.50
ONEQ,$183.67,1441206963185,"7,033",100% bullish,of 1 rating,N/A
LION,$18.8301,1441206963319,"10,386",100% bullish,of 1 rating,$20
FDUS,$14.979,1441206963344,"5,700",50% bullish,of 2 ratings,$18
FSAM,$8.15,1441206963476,401,100% bearish,of 1 rating,$10.25
FRGI,$51.37,1441206963608,"14,891",50% bullish,of 2 ratings,$70
FSC,$6.5621,1441206963642,"96,701",60% bullish,of 5 ratings,$8
FSCFL,$24.73,1441206963664,322,Not yet rated,NULL,N/A
FITBI,$27.42,1441206963740,"6,211",Not yet rated,NULL,N/A
FSFR,$8.69,1441206963769,"79,798",100% bearish,of 1 rating,$11.50
FITB,$19.2,1441206963872,"886,215",54% bullish,of 13 ratings,$22
FNGN,$30.29,1441206963899,"43,882",67% bullish,of 3 ratings,$47
FISI,$24.71,1441206963928,666,100% bullish,of 2 ratings,$24.50
FNSR,$15.12,1441206964076,"104,171",71% bullish,of 7 ratings,$24
FNTCU,NULL,1441206964236,0,Not yet rated,NULL,N/A
FNTCW,NULL,1441206964317,0,Not yet rated,NULL,N/A
FNTC,NULL,1441206964342,0,Not yet rated,NULL,N/A
FNJN,$1.77,1441206964420,300,100% bearish,of 1 rating,$5
FEYE,$36.75,1441206964508,"599,750",88% bullish,of 16 ratings,$55.50
FBNC,$16.63,1441206964553,730,100% bullish,of 1 rating,$20
FNLC,$18.67,1441206964686,"1,306",100% bullish,of 1 rating,N/A
FRBA,$6.1,1441206964712,"6,400",Not yet rated,NULL,$8
BUSE,$6.35,1441206964749,"14,113",Not yet rated,NULL,$6.875
FBIZ,$22.46,1441206964843,"16,770",100% bearish,of 2 ratings,$26
FCNCA,$231.1,1441206964874,"1,107",Not yet rated,NULL,N/A
FCFS,$39.62,1441206964903,"14,669",100% bearish,of 3 ratings,$47
FCVA,NULL,1441206964977,0,Not yet rated,NULL,N/A
FCAP,$26.9,1441206965035,39,Not yet rated,NULL,N/A
FCLF,$9.35,1441206965109,271,Not yet rated,NULL,N/A
FCBC,$17.27,1441206965215,"1,236",Not yet rated,NULL,$18
FCCO,$12.34,1441206965286,300,Not yet rated,NULL,$13.25
FDEF,$36.59,1441206965314,431,Not yet rated,NULL,$38
FCFP,NULL,1441206965347,0,Not yet rated,NULL,N/A
FFNM,NULL,1441206965445,0,Not yet rated,NULL,N/A
FFBCW,NULL,1441206965550,0,100% bearish,of 1 rating,N/A
FFIN,$29.5475,1441206965578,"21,408",50% bullish,of 2 ratings,$31.75
THFF,$32.67,1441206965606,597,Not yet rated,NULL,$35
FBNK,$16.7199,1441206965627,"3,079",100% bearish,of 1 rating,$17.50
FFBC,$18.03,1441206965658,"16,794",67% bearish,of 3 ratings,$20.25
FFNW,$12.26,1441206965791,"3,840",Not yet rated,NULL,$14
FFWM,$21.15,1441206965823,"1,646",Not yet rated,NULL,$24
INBK,$31.74,1441206965850,"1,129",50% bullish,of 2 ratings,$37
FIBK,$26.23,1441206965921,"12,176",Not yet rated,NULL,$32
FMBH,NULL,1441206966052,0,Not yet rated,NULL,N/A
FRME,$25.86,1441206966077,"28,008",Not yet rated,NULL,$26.50
FNFG,$8.85,1441206966155,"389,418",80% bullish,of 5 ratings,$9
FNWB,$12.01,1441206966225,900,Not yet rated,NULL,N/A
FSGI,$2.47,1441206966332,"2,300",Not yet rated,NULL,N/A
FSFG,NULL,1441206966363,0,Not yet rated,NULL,N/A
FMBI,$17.04,1441206966392,"60,615",Not yet rated,NULL,$20
FNBC,$34.38,1441206966417,"35,977",Not yet rated,NULL,$40
FSBK,$7.67,1441206966464,"6,200",100% bullish,of 1 rating,N/A
FSLR,$47.33,1441206966545,"321,717",72% bullish,of 39 ratings,$65
BICK,NULL,1441206966569,0,100% bullish,of 1 rating,N/A
FBZ,$9.44,1441206966637,200,Not yet rated,NULL,N/A
FCAN,$23.86,1441206966733,101,Not yet rated,NULL,N/A
FTCS,$35.68,1441206966757,"251,255",100% bearish,of 1 rating,N/A
FV,$22.8656,1441206966950,"550,978",100% bearish,of 1 rating,N/A
IFV,$17.41,1441206966980,"70,701",100% bearish,of 1 rating,N/A
FEMB,NULL,1441206967038,0,Not yet rated,NULL,N/A
FTSM,$60,1441206967062,"8,003",100% bearish,of 1 rating,N/A
FCA,NULL,1441206967096,0,Not yet rated,NULL,N/A
FGM,$34.9829,1441206967122,272,Not yet rated,NULL,N/A
FEUZ,NULL,1441206967201,0,Not yet rated,NULL,N/A
MDIV,$18.9164,1441206967225,"45,572",Not yet rated,NULL,N/A
TDIV,$24.29,1441206967274,"16,409",100% bearish,of 1 rating,N/A
FTHI,$19.12,1441206967357,451,Not yet rated,NULL,N/A
FTGC,$22.1792,1441206967409,"55,507",Not yet rated,NULL,N/A
HYLS,$49.4764,1441206967437,"12,613",100% bearish,of 1 rating,N/A
FHK,$32.24,1441206967458,"5,100",Not yet rated,NULL,N/A
FPXI,$26.4,1441206967586,200,Not yet rated,NULL,N/A
YDIV,$16.13,1441206967674,200,Not yet rated,NULL,N/A
CU,$12.56,1441206967734,920,100% bearish,of 1 rating,N/A
SKYY,$28.2052,1441206967807,"12,414",100% bullish,of 1 rating,N/A
FJP,$45.01,1441206967866,"12,640",Not yet rated,NULL,N/A
FTLB,$18.91,1441206967895,1,100% bearish,of 1 rating,N/A
PLTM,$6.205,1441206967998,600,100% bearish,of 1 rating,N/A
QABA,$36.57,1441206968055,"1,744",100% bearish,of 1 rating,N/A
FMB,$51.08,1441206968079,"2,562",Not yet rated,NULL,N/A
FONE,NULL,1441206968110,0,Not yet rated,NULL,N/A
LMBS,$50.35,1441206968139,600,Not yet rated,NULL,N/A
CIBR,$17.3487,1441206968165,"8,854",Not yet rated,NULL,N/A
QCLN,$14.7399,1441206968242,"6,378",Not yet rated,NULL,N/A
GRID,NULL,1441206968345,0,100% bearish,of 1 rating,N/A
CARZ,NULL,1441206968481,0,100% bearish,of 1 rating,N/A
QQEW,$40.8338,1441206968587,"129,159",Not yet rated,NULL,N/A
RDVY,$20.5657,1441206968643,665,Not yet rated,NULL,N/A
QINC,NULL,1441206968696,0,Not yet rated,NULL,N/A
AIRR,$16.175,1441206968728,"4,279",100% bearish,of 1 rating,N/A
QTEC,$38.95,1441206968754,"7,035",Not yet rated,NULL,N/A
QQXT,$39.58,1441206968800,"6,918",Not yet rated,NULL,N/A
FTSL,$48.83,1441206968827,"17,313",100% bearish,of 1 rating,N/A
FKO,NULL,1441206968904,0,Not yet rated,NULL,N/A
FSZ,$38.3861,1441206968982,230,Not yet rated,NULL,N/A
FDIV,$47.05,1441206969123,725,100% bearish,of 1 rating,N/A
TUSA,$24.37,1441206969146,370,Not yet rated,NULL,N/A
FKU,$41.03,1441206969171,"2,925",Not yet rated,NULL,N/A
FUNC,$8.15,1441206969218,300,Not yet rated,NULL,N/A
FTW,NULL,1441206969242,0,Not yet rated,NULL,N/A
FSV,$31.96,1441206969503,"4,300",Not yet rated,NULL,$33.60
FISV,$83.56,1441206969528,"170,742",100% bearish,of 3 ratings,$90
FIVE,$37.22,1441206969565,"233,924",75% bearish,of 4 ratings,$44
FMER,$17.13,1441206969586,"102,315",50% bullish,of 2 ratings,$20
SVVC,$9.247,1441206969619,"5,826",50% bullish,of 2 ratings,$26
FIVN,$3.9,1441206969659,"25,442",100% bullish,of 1 rating,$8.50
FPRX,$18.59,1441206969719,"48,426",50% bullish,of 2 ratings,$35
FLML,$22.74,1441206969789,"38,844",50% bullish,of 2 ratings,$30
SKOR,NULL,1441206969882,0,Not yet rated,NULL,N/A
FLKS,$11.5,1441206969908,"13,705",50% bullish,of 2 ratings,$27
MBSD,$24.91,1441206970055,315,Not yet rated,NULL,N/A
FLXN,$24.5878,1441206970080,"59,878",100% bearish,of 1 rating,$40
FLEX,$10.195,1441206970138,"351,327",63% bullish,of 8 ratings,$12
FLIR,$28.18,1441206970165,"100,125",100% bearish,of 2 ratings,$38.50
FLDM,$11.24,1441206970249,"39,327",67% bearish,of 3 ratings,$15
FLXS,$31.03,1441206970300,"2,912",100% bearish,of 2 ratings,N/A
FOMX,$10.01,1441206970326,"10,346",50% bullish,of 2 ratings,$23.50
FFIC,$19.37,1441206970347,"22,687",Not yet rated,NULL,$20.50
FES,$0.92,1441206970482,"4,479",50% bullish,of 2 ratings,$1
FONR,$9.68,1441206970510,20,100% bullish,of 1 rating,N/A
FOGO,$19.33,1441206970535,"16,699",50% bullish,of 2 ratings,$25.50
FORR,$30.99,1441206970791,"4,491",Not yet rated,NULL,N/A
FORTY,$30.17,1441206970839,200,100% bearish,of 1 rating,N/A
FTNT,$40.9511,1441206970871,"131,581",80% bullish,of 10 ratings,$52
FORD,$1.61,1441206970901,"853,695",67% bullish,of 3 ratings,N/A
FORM,$6.53,1441206970931,"21,967",67% bullish,of 3 ratings,$10.50
FWRD,$43.88,1441206970969,"13,559",100% bearish,of 1 rating,$50
FBIO,$2.66,1441206970997,"12,114",83% bullish,of 6 ratings,N/A
FWP,$26.882,1441206971027,"11,899",100% bearish,of 1 rating,$45
FOSL,$59.92,1441206971195,"85,183",60% bearish,of 5 ratings,$80
FMI,$23.13,1441206971224,"42,004",100% bearish,of 2 ratings,$27.50
FRAN,$11.27,1441206971362,"80,036",50% bullish,of 4 ratings,$15
FOXF,$14.94,1441206971406,"3,015",100% bearish,of 1 rating,$19
FXCB,$17.34,1441206971465,"3,278",Not yet rated,NULL,$19
FREE,$0.4788,1441206971490,"2,074,330",92% bullish,of 12 ratings,N/A
FELE,$27.56,1441206971515,"50,936",50% bullish,of 4 ratings,$33
FRED,$12.81,1441206971540,"21,288",50% bullish,of 2 ratings,$15.50
RAIL,$21.05,1441206971733,"22,543",100% bearish,of 1 rating,$24.50
FEIM,NULL,1441206971760,0,100% bearish,of 1 rating,N/A
FRPT,$12.5575,1441206971797,"97,740",67% bearish,of 3 ratings,$23.50
FTRPR,$101.83,1441206971893,"1,000",100% bearish,of 1 rating,N/A
FRPH,$31.19,1441206971919,902,100% bearish,of 1 rating,N/A
FSBW,$23.03,1441206971949,"1,780",Not yet rated,NULL,N/A
FTD,$29.795,1441206972054,"6,407",100% bearish,of 1 rating,$40
FTR,$5.145,1441206972080,"3,241,998",78% bullish,of 27 ratings,$6.25
FTEK,$2.0169,1441206972212,"7,629",75% bullish,of 4 ratings,N/A
FCEL,$0.8204,1441206972280,"373,301",88% bullish,of 41 ratings,$2.65
FSYS,$6.625,1441206972355,"60,519",67% bullish,of 3 ratings,$10
FULLL,NULL,1441206972386,0,Not yet rated,NULL,N/A
FLL,$1.46,1441206972406,"11,168",75% bullish,of 4 ratings,$3.50
FULL,$3.09,1441206972434,"2,298",67% bearish,of 3 ratings,$4.25
FSNN,NULL,1441206972667,0,67% bullish,of 3 ratings,$6
FXEN,$0.9941,1441206972697,"56,740",75% bullish,of 4 ratings,$1.10
FFHL,$0.9947,1441206972724,870,50% bullish,of 4 ratings,N/A
FULT,$11.73,1441206972759,"82,667",100% bearish,of 1 rating,$13
GK,$66.08,1441206972785,"3,911",Not yet rated,NULL,$78
FXENP,NULL,1441206972812,0,100% bearish,of 1 rating,N/A
GAIA,$6.09,1441206972854,671,50% bullish,of 2 ratings,$8.50
GLPG,$56.97,1441206973068,"7,458",100% bullish,of 1 rating,$75
GALT,$2.15,1441206973094,"4,490",80% bullish,of 5 ratings,N/A
GALTU,NULL,1441206973115,0,100% bearish,of 1 rating,N/A
GALTW,NULL,1441206973145,0,100% bullish,of 1 rating,N/A
WILC,$4.88,1441206973171,"2,110",100% bullish,of 2 ratings,N/A
GALE,$1.59,1441206973303,"184,005",89% bullish,of 47 ratings,$4
GLPI,$30.73,1441206973330,"70,875",100% bearish,of 1 rating,$37.50
GLMD,$8.56,1441206973367,"8,258",67% bullish,of 3 ratings,$20.50
GPIC,$9.76,1441206973498,100,100% bearish,of 1 rating,N/A
GGAC,NULL,1441206973525,0,100% bearish,of 1 rating,N/A
GRMN,$37.055,1441206973554,"124,440",50% bullish,of 6 ratings,$46.50
GGACR,$0.26,1441206973657,"20,000",100% bullish,of 1 rating,N/A
GARS,$14.295,1441206973724,"13,036",Not yet rated,NULL,$16
GGACU,$10.24,1441206973788,100,Not yet rated,NULL,N/A
GNCMA,$16.6,1441206973861,"34,315",100% bearish,of 1 rating,$12
GGACW,$0.18,1441206973895,"2,716",Not yet rated,NULL,N/A
GENC,NULL,1441206973915,0,100% bearish,of 1 rating,N/A
GFN,$3.88,1441206973994,"1,881",100% bearish,of 2 ratings,$8
GFNSL,NULL,1441206974069,0,Not yet rated,NULL,N/A
GENE,$2.34,1441206974125,"11,794",100% bullish,of 12 ratings,N/A
GFNCP,NULL,1441206974262,0,Not yet rated,NULL,N/A
GNMK,$9.7001,1441206974283,"19,158",67% bullish,of 6 ratings,$14
GNCA,$11.15,1441206974315,"11,875",100% bearish,of 1 rating,$20
GHDX,$26.24,1441206974363,"50,066",50% bullish,of 2 ratings,$30
GNTX,$15.45,1441206974466,"368,507",Not yet rated,NULL,$20
GTWN,$18.97,1441206974553,500,Not yet rated,NULL,N/A
THRM,$44.6,1441206974609,"24,158",75% bearish,of 4 ratings,$55.50
GEOS,$16.72,1441206974639,"16,741",100% bearish,of 3 ratings,$21
GEVO,$2.35,1441206974707,"86,921",75% bullish,of 12 ratings,$5
GNVC,$2.421,1441206974737,"2,804",90% bullish,of 10 ratings,$8.50
ROCK,$16.21,1441206974805,"26,712",80% bullish,of 5 ratings,$24
GABC,$28.54,1441206974830,"4,826",Not yet rated,NULL,$31
GERN,$3.005,1441206974858,"321,792",88% bullish,of 16 ratings,$5.25
GIGA,$1.5,1441206975012,750,100% bearish,of 1 rating,N/A
GIGM,$0.525,1441206975066,819,100% bullish,of 2 ratings,N/A
GIII,$65,1441206975096,"276,222",67% bullish,of 3 ratings,$75
GILD,$102.1,1441206975143,"1,589,604",91% bullish,of 87 ratings,$129
GILT,$4.165,1441206975197,836,50% bullish,of 2 ratings,N/A
GOODN,NULL,1441206975428,0,Not yet rated,NULL,N/A
GOOD,$14.255,1441206975462,"10,666",Not yet rated,NULL,$19
GBCI,$25.62,1441206975483,"83,711",50% bullish,of 2 ratings,$31
GLADO,$25.5,1441206975505,727,Not yet rated,NULL,N/A
GOODP,NULL,1441206975548,0,Not yet rated,NULL,N/A
GLAD,$8.7795,1441206975570,"42,021",50% bullish,of 2 ratings,$8.75
GAIN,$7.38,1441206975601,"28,552",100% bullish,of 2 ratings,$8.25
GOODO,$25.1,1441206975642,1,Not yet rated,NULL,N/A
GAINO,$25.19,1441206975824,1,Not yet rated,NULL,N/A
GAINN,$25.128,1441206975883,"8,771",Not yet rated,NULL,N/A
GAINP,$25.61,1441206975915,"4,219",Not yet rated,NULL,N/A
LAND,$9.1,1441206976051,"10,280",50% bullish,of 2 ratings,$13.75
GLBZ,NULL,1441206976136,0,Not yet rated,NULL,N/A
ENT,$10.97,1441206976181,"10,246",100% bearish,of 1 rating,$18
GBLI,$26.79,1441206976206,"3,674",Not yet rated,NULL,N/A
GDEF,$10.65,1441206976237,400,Not yet rated,NULL,N/A
ACTX,NULL,1441206976258,0,100% bullish,of 1 rating,N/A
QQQC,$18.235,1441206976294,"3,100",100% bearish,of 1 rating,N/A
GBT,$49.555,1441206976391,"22,141",100% bearish,of 1 rating,N/A
GPACU,NULL,1441206976424,0,Not yet rated,NULL,N/A
GSOL,$8.2,1441206976527,"12,119",100% bearish,of 1 rating,N/A
SOCL,$17.13,1441206976626,"13,304",100% bullish,of 2 ratings,N/A
SRET,$12.95,1441206976651,"2,153",Not yet rated,NULL,N/A
ALTY,$14.1116,1441206976676,200,Not yet rated,NULL,N/A
YLCO,$11.66,1441206976911,600,Not yet rated,NULL,N/A
GSM,$13.545,1441206976948,"53,195",50% bullish,of 2 ratings,$22
GBIM,$2.58,1441206977011,"2,600",50% bullish,of 2 ratings,N/A
GLBS,$1.06,1441206977042,300,67% bullish,of 3 ratings,N/A
GAI,NULL,1441206977068,0,50% bullish,of 2 ratings,N/A
GLYC,$6.96,1441206977148,300,50% bullish,of 2 ratings,$14
GLRI,$1.05,1441206977215,"28,882",100% bearish,of 1 rating,$4.25
GLUU,$4.21,1441206977244,"397,953",92% bullish,of 26 ratings,$9
GOGO,$15.48,1441206977341,"134,364",80% bullish,of 5 ratings,$25
GLNG,$38.08,1441206977373,"105,846",83% bullish,of 6 ratings,$55.50
GLDC,$4.0987,1441206977482,200,50% bullish,of 2 ratings,N/A
GDEN,$8.97,1441206977587,900,50% bullish,of 2 ratings,N/A
GMLP,$20.07,1441206977631,"30,545",50% bullish,of 4 ratings,$29
GTIM,$6.75,1441206977667,"2,646",Not yet rated,NULL,$11.50
GBDC,$16.91,1441206977688,"43,998",Not yet rated,NULL,$17.75
GPRO,$39.58,1441206977766,"6,628,822",78% bullish,of 58 ratings,$72
GOOGL,$636.95,1441206977796,"216,757",88% bullish,of 1082 ratings,$749
GOOG,$604.106,1441206977821,"398,364",88% bullish,of 73 ratings,$787.50
GOGL,$2.92,1441206977848,"87,023",75% bullish,of 4 ratings,$5
GPIAW,NULL,1441206978025,0,Not yet rated,NULL,N/A
GPIAU,$10,1441206978056,200,Not yet rated,NULL,N/A
GPIA,NULL,1441206978076,0,100% bearish,of 1 rating,N/A
GMAN,$3.63,1441206978097,"6,921",60% bullish,of 5 ratings,$8.50
LOPE,$36.57,1441206978131,"23,816",100% bearish,of 2 ratings,$50
GBSNU,NULL,1441206978345,0,NULL,NULL,NULL
GLDD,$5.28,1441206978376,"26,202",100% bearish,of 4 ratings,$7.75
GBSN,$0.27,1441206978406,"2,077,831",50% bullish,of 2 ratings,$8.25
GRVY,NULL,1441206978427,0,50% bullish,of 2 ratings,N/A
GSBC,$40.41,1441206978463,"3,710",100% bullish,of 1 rating,$44
GRBK,$11.492,1441206978509,"35,251",77% bullish,of 13 ratings,N/A
GNBC,$11.79,1441206978567,"1,999",100% bearish,of 1 rating,$16.50
GPRE,$19.84,1441206978699,"95,824",67% bullish,of 6 ratings,$28.50
GPP,$14.49,1441206978736,"3,110",Not yet rated,NULL,$20.50
GCBC,$28.5,1441206978827,101,100% bullish,of 1 rating,N/A
GLRE,$24.775,1441206978853,"64,668",50% bullish,of 2 ratings,$41
GRFS,$29.85,1441206978926,"36,873",50% bullish,of 2 ratings,$35
GRPN,$4.3,1441206978988,"999,115",61% bullish,of 71 ratings,$6.75
GRIF,NULL,1441206979024,0,100% bearish,of 1 rating,N/A
GGAL,$18.43,1441206979124,"24,293",80% bullish,of 5 ratings,$40
OMAB,$41.09,1441206979176,"3,603",100% bullish,of 1 rating,$44
GSIG,$12.59,1441206979252,"4,300",100% bearish,of 2 ratings,N/A
GSIT,$4.62,1441206979283,923,100% bearish,of 1 rating,N/A
GSVC,$8.65,1441206979350,"5,893",50% bullish,of 2 ratings,$15.75
GTXI,$0.85,1441206979378,"10,846",100% bullish,of 5 ratings,$.75
GBNK,$15.618,1441206979509,"2,413",100% bearish,of 1 rating,$18
GFED,$14.97,1441206979543,300,Not yet rated,NULL,$17
GUID,$6.81,1441206979564,"12,513",100% bearish,of 3 ratings,$10
GULTU,$0.3274,1441206979640,"12,203",100% bearish,of 1 rating,N/A
GIFI,$12.47,1441206979710,"8,806",100% bearish,of 1 rating,$16
GPOR,$33.58,1441206979844,"160,783",75% bullish,of 4 ratings,$54
GWGH,$8.12,1441206979870,100,100% bearish,of 1 rating,$15.05
GWPH,$105.38,1441206979903,"26,643",78% bullish,of 9 ratings,$148.50
GURE,$1.7,1441206979929,"19,534",88% bullish,of 8 ratings,N/A
GYRO,$29.6,1441206979950,"2,400",100% bearish,of 1 rating,N/A
HEES,$18.82,1441206980000,"119,998",67% bearish,of 3 ratings,$31
HALL,$11.39,1441206980107,"1,900",Not yet rated,NULL,N/A
HNRG,$7.4899,1441206980152,"23,918",100% bearish,of 1 rating,$10
HLG,NULL,1441206980179,0,100% bearish,of 1 rating,N/A
HALO,$17.38,1441206980245,"174,134",67% bullish,of 3 ratings,$22.50
HBK,NULL,1441206980339,0,50% bullish,of 2 ratings,N/A
HMPR,$1.83,1441206980470,"5,199",100% bullish,of 1 rating,N/A
HBHCL,$24.28,1441206980519,"7,868",Not yet rated,NULL,N/A
HBHC,$26.57,1441206980544,"58,957",50% bullish,of 2 ratings,$30
HAFC,$23.57,1441206980573,"19,146",100% bullish,of 2 ratings,$28.50
HNH,$24.8399,1441206980593,"4,483",100% bullish,of 1 rating,N/A
HNSN,$0.54,1441206980742,"6,640",88% bullish,of 8 ratings,$.40
HRMN,NULL,1441206980821,0,Not yet rated,NULL,N/A
HDNG,$9.8808,1441206980880,"1,072",50% bullish,of 4 ratings,N/A
HQCL,$12.44,1441206980911,"1,923",67% bullish,of 3 ratings,$14
HRMNW,$0.4375,1441206980937,100,Not yet rated,NULL,N/A
HRMNU,NULL,1441206980957,0,Not yet rated,NULL,N/A
HLIT,$5.65,1441206980991,"59,675",100% bearish,of 1 rating,$6.50
TINY,$2.44,1441206981019,"1,478",50% bullish,of 2 ratings,$5.26
HART,$1.1572,1441206981152,"99,629",100% bearish,of 1 rating,N/A
HCAPL,$25.45,1441206981354,300,Not yet rated,NULL,N/A
HCAP,$12,1441206981380,587,50% bullish,of 2 ratings,$15
HBIO,$4.3599,1441206981402,"24,057",100% bearish,of 1 rating,$10
HA,$23.275,1441206981439,"88,926",67% bullish,of 9 ratings,$27
HAS,$74.2,1441206981532,"291,998",63% bullish,of 8 ratings,$84.50
HCOM,$22.05,1441206981557,886,100% bearish,of 1 rating,$28
HDS,$32.09,1441206981590,"296,833",100% bearish,of 2 ratings,$39.50
HWKN,$38.17,1441206981690,"2,556",Not yet rated,NULL,N/A
HAYN,$37.91,1441206981866,"6,365",100% bearish,of 1 rating,$59
HIIQ,$4.74,1441206981898,"11,584",50% bullish,of 2 ratings,$7
HWBK,$13.34,1441206981923,200,100% bearish,of 1 rating,N/A
HSTM,$23.85,1441206981951,"18,308",50% bullish,of 2 ratings,$33.75
HCSG,$32.76,1441206981980,"14,778",50% bullish,of 4 ratings,$35
HQY,$29.25,1441206982006,"36,504",67% bullish,of 3 ratings,$35
HWAY,$11.7397,1441206982140,"42,662",100% bearish,of 1 rating,$15
HTWR,$65.6,1441206982244,"899,275",50% bullish,of 2 ratings,$103
HTLF,$35.6,1441206982316,"1,795",100% bullish,of 1 rating,$39.50
HTLD,$20.02,1441206982342,"85,271",Not yet rated,NULL,$22.50
HTBX,$4.2294,1441206982399,"13,790",50% bullish,of 2 ratings,$15.50
HMTV,$13.31,1441206982477,"1,539",100% bearish,of 1 rating,$16
HSII,$19.65,1441206982531,"10,084",100% bullish,of 3 ratings,$25
HMNY,NULL,1441206982608,0,100% bearish,of 1 rating,N/A
HCACU,$9.99,1441206982657,700,Not yet rated,NULL,N/A
HNNA,$24.65,1441206982683,200,Not yet rated,NULL,N/A
HELE,$82.33,1441206982711,"21,216",67% bearish,of 3 ratings,$100
HSIC,$133.45,1441206982749,"46,154",83% bullish,of 6 ratings,$146
HERO,NULL,1441206982809,0,NULL,NULL,NULL
HTBK,$10.325,1441206982838,"4,218",Not yet rated,NULL,$12
HEOP,$7.57,1441206983096,368,Not yet rated,NULL,$8.50
HCCI,$11.9,1441206983154,"12,455",100% bearish,of 1 rating,$16.50
MLHR,$26.52,1441206983226,"27,240",50% bullish,of 2 ratings,$33.50
HFWA,$17.23,1441206983251,"1,034",100% bullish,of 1 rating,$20
HRTX,$36.06,1441206983281,"175,916",57% bullish,of 7 ratings,$41
HSKA,$34.27,1441206983311,"8,010",100% bearish,of 1 rating,$38
HFFC,$15.99,1441206983385,200,Not yet rated,NULL,N/A
HPJ,$2.1301,1441206983415,"10,810",75% bullish,of 4 ratings,$12.43
HIBB,$39,1441206983514,"28,491",100% bearish,of 1 rating,$46.50
HIHO,$4.14,1441206983652,"1,461",Not yet rated,NULL,N/A
HSGX,$6.24,1441206983690,704,100% bearish,of 1 rating,$17
HIFS,$118.43,1441206983711,"1,167",Not yet rated,NULL,N/A
HIMX,$6.53,1441206983742,"588,077",86% bullish,of 21 ratings,$8.50
HMNF,NULL,1441206983765,0,Not yet rated,NULL,N/A
HMSY,$9.79,1441206983796,"130,803",67% bullish,of 3 ratings,$19.35
HOLI,$16.75,1441206984031,"65,746",50% bullish,of 4 ratings,$27
HFBL,$21.66,1441206984184,100,Not yet rated,NULL,N/A
HBCP,$24.76,1441206984211,7,Not yet rated,NULL,$29
HOMB,$37.055,1441206984233,"23,987",Not yet rated,NULL,$42
HOLX,$37.41,1441206984257,"642,429",50% bullish,of 4 ratings,$42
AWAY,$27.695,1441206984291,"112,330",67% bullish,of 3 ratings,$36
HTBI,$17.98,1441206984393,"3,856",67% bullish,of 3 ratings,$18.625
HMST,$21.64,1441206984462,"34,252",100% bullish,of 2 ratings,$27
HMIN,$25.38,1441206984558,"12,703",100% bearish,of 2 ratings,$35
HKTV,$4.26,1441206984791,"14,650",100% bearish,of 1 rating,N/A
CETC,$0.733,1441206984892,"18,064",86% bullish,of 7 ratings,N/A
HFBC,$11.4466,1441206984958,"1,900",Not yet rated,NULL,N/A
HOFT,$23.47,1441206984983,"11,317",100% bearish,of 1 rating,N/A
HBNC,$23.94,1441206985025,"1,050",100% bullish,of 1 rating,$27
HZNP,$29.42,1441206985159,"202,063",85% bullish,of 20 ratings,$40
HRZN,$10.4027,1441206985308,"4,786",50% bullish,of 2 ratings,$14.25
HDP,$23.3,1441206985334,"74,081",67% bearish,of 3 ratings,$30.50
ZINC,$7.01,1441206985416,"295,767",100% bearish,of 1 rating,$17
HWCC,$7.55,1441206985469,"12,887",100% bearish,of 1 rating,$9
HMHC,$21.949,1441206985494,"114,305",Not yet rated,NULL,$27
HSNI,$59.97,1441206985626,"18,055",Not yet rated,NULL,$80
HTGM,$5.79,1441206985757,"1,103",100% bearish,of 1 rating,$19.50
HUBG,$37.33,1441206985790,"24,465",100% bearish,of 1 rating,$43
HBMD,$14.4,1441206985829,40,100% bearish,of 1 rating,N/A
HOVNP,$3.95,1441206985854,800,100% bearish,of 1 rating,N/A
HDSN,$3.1,1441206985896,"5,100",100% bullish,of 1 rating,$6.25
HSON,$2.75,1441206985926,"9,673",100% bearish,of 1 rating,$5
HCBK,$8.925,1441206985951,"337,132",83% bullish,of 6 ratings,$8.61
HBAN,$10.51,1441206986122,"1,335,359",76% bullish,of 17 ratings,$12.29
HURC,$29.31,1441206986406,"2,406",100% bearish,of 1 rating,N/A
HBP,$3.124,1441206986434,"2,376",100% bullish,of 1 rating,N/A
HDRAR,NULL,1441206986461,0,Not yet rated,NULL,N/A
HBANP,$1325,1441206986483,10,100% bearish,of 1 rating,N/A
HTCH,$1.41,1441206986510,"29,097",100% bearish,of 1 rating,$3.50
HDRA,NULL,1441206986543,0,Not yet rated,NULL,N/A
HURN,$72.93,1441206986614,"12,231",50% bullish,of 2 ratings,$80
HDRAU,$10.18,1441206986646,900,Not yet rated,NULL,N/A
HYGS,$8.83,1441206986746,"19,587",50% bullish,of 2 ratings,$13
HDRAW,NULL,1441206986777,0,Not yet rated,NULL,N/A
IACI,$70.05,1441206986829,"128,741",80% bullish,of 5 ratings,$90
IKGH,$1.455,1441206986879,"1,000",75% bullish,of 4 ratings,N/A
IBKC,$58.84,1441206986959,"15,257",100% bullish,of 1 rating,$70
IDSY,$3.7,1441206987006,"10,700",100% bearish,of 1 rating,$7
ICAD,$3.77,1441206987200,"21,837",100% bullish,of 2 ratings,$7.25
ICFI,$33.73,1441206987332,"6,862",50% bullish,of 2 ratings,$48.50
ICON,$12.985,1441206987358,"80,629",50% bullish,of 2 ratings,$28
ICLR,$75.78,1441206987379,"76,933",100% bearish,of 3 ratings,$85
INVE,$4.52,1441206987416,"8,280",75% bullish,of 4 ratings,$4
ICUI,$110.87,1441206987514,"34,124",Not yet rated,NULL,$122
IPWR,$7.26,1441206987553,"1,900",100% bullish,of 1 rating,$15
IEP,$71,1441206987591,"7,408",75% bullish,of 4 ratings,$99
IDXX,$71.69,1441206987652,"94,680",100% bearish,of 1 rating,$76
IDRA,$2.845,1441206987723,"149,761",89% bullish,of 9 ratings,$6.50
DSKY,$10.85,1441206987749,"11,250",67% bullish,of 6 ratings,$11.50
IRG,$4.87,1441206987824,"1,916",100% bearish,of 1 rating,$4.25
IROQ,$16.83,1441206987884,100,100% bullish,of 1 rating,N/A
RXDX,$13.6,1441206988058,"18,210",100% bullish,of 1 rating,$20
IIVI,$16.43,1441206988136,"41,638",100% bearish,of 1 rating,$22
ILMN,$195.5788,1441206988192,"116,516",80% bullish,of 5 ratings,$245
IKAN,$2.7305,1441206988222,"6,042",83% bullish,of 6 ratings,$5
KANG,$15.52,1441206988243,"59,966",50% bullish,of 2 ratings,$23.10
IMMR,$11.38,1441206988277,"66,406",80% bullish,of 5 ratings,$15.50
ISNS,$4.1301,1441206988299,"1,890",50% bullish,of 2 ratings,N/A
IKNX,NULL,1441206988375,0,100% bearish,of 1 rating,N/A
IMNP,$1.25,1441206988508,"27,300",50% bullish,of 2 ratings,$6
IMDZ,$15.85,1441206988537,"13,683",100% bearish,of 1 rating,$33
ICCC,$6.385,1441206988565,"8,507",100% bullish,of 1 rating,N/A
IMGN,$13.49,1441206988639,"142,585",75% bullish,of 4 ratings,$17.50
IMMU,$2.15,1441206988696,"134,009",86% bullish,of 7 ratings,$2
IPXL,$40.51,1441206988777,"64,341",67% bullish,of 3 ratings,$46.50
IMMY,$7.6,1441206988923,"1,003",100% bearish,of 1 rating,$11
SAAS,$7,1441206989011,"100,930",50% bullish,of 2 ratings,$15
INDB,$43.88,1441206989038,"4,608",Not yet rated,NULL,$44
IBCP,$14.02,1441206989067,"15,092",100% bullish,of 1 rating,$14.50
INCY,$120.8,1441206989088,"386,039",50% bullish,of 6 ratings,$125.50
INCR,$41.58,1441206989117,"51,716",50% bullish,of 2 ratings,$53
IBTX,$39.78,1441206989248,"5,006",100% bullish,of 2 ratings,$47.25
INFN,$21.6001,1441206989277,"155,957",71% bullish,of 7 ratings,$28
INFI,$8.92,1441206989335,"52,345",50% bullish,of 4 ratings,$16.50
IDSA,NULL,1441206989378,0,Not yet rated,NULL,N/A
III,$3.6,1441206989466,"12,450",57% bullish,of 7 ratings,$6
IFON,$1.27,1441206989526,"5,899",75% bullish,of 4 ratings,N/A
IPCC,$75.935,1441206989565,"4,233",Not yet rated,NULL,$77.50
IMKTA,$49.7,1441206989748,"9,677",100% bearish,of 1 rating,N/A
INWK,$6.93,1441206989776,"15,198",50% bullish,of 2 ratings,$10
INOD,$2.39,1441206989811,537,100% bearish,of 1 rating,N/A
INNL,NULL,1441206989831,0,100% bearish,of 1 rating,$16.50
IPHS,$46.47,1441206989854,"9,870",100% bearish,of 1 rating,$60
IOSP,$48.97,1441206989885,"53,450",100% bearish,of 1 rating,N/A
ISSC,$2.89,1441206989917,"12,400",67% bearish,of 3 ratings,N/A
ITEK,$12.01,1441206990085,"80,851",100% bearish,of 3 ratings,$20
INGN,$49.02,1441206990150,"13,102",100% bearish,of 1 rating,$50.50
INO,$7.14,1441206990176,"143,293",89% bullish,of 18 ratings,$20
INOV,$21.56,1441206990341,"29,640",100% bearish,of 1 rating,$33
NSIT,$24.28,1441206990404,"49,941",50% bullish,of 2 ratings,N/A
INSY,$33.3,1441206990431,"115,185",75% bullish,of 4 ratings,$48
PODD,$28.2,1441206990470,"27,857",67% bearish,of 3 ratings,$35
IIIN,$16.99,1441206990497,"9,599",100% bearish,of 2 ratings,N/A
NTEC,$5.65,1441206990525,"2,514",100% bearish,of 1 rating,N/A
ISIG,$2.694,1441206990546,575,100% bearish,of 1 rating,N/A
INSM,$24.23,1441206990580,"50,723",71% bullish,of 7 ratings,$31.50
IDTI,$18.64,1441206990758,"253,064",60% bullish,of 5 ratings,$25
IART,$58.67,1441206990805,"29,458",100% bearish,of 2 ratings,$71.50
INTC,$28.36,1441206990858,"7,248,581",82% bullish,of 238 ratings,$36
IESC,$7.21,1441206990887,"1,605",100% bearish,of 1 rating,N/A
ISSI,$21.8597,1441206990912,"26,044",67% bullish,of 3 ratings,$19.75
IQNT,$18.4,1441206991171,"32,778",86% bullish,of 7 ratings,$20
ININ,$34.95,1441206991325,"8,758",67% bearish,of 3 ratings,$57
ICLD,$1.89,1441206991352,"57,824",75% bullish,of 4 ratings,N/A
IPCI,$2.22,1441206991373,"11,790",67% bullish,of 6 ratings,$8
ICPT,$185.04,1441206991407,"43,206",70% bullish,of 10 ratings,$359.50
IBKR,$37.3,1441206991430,"184,282",100% bullish,of 1 rating,N/A
IPAR,$24.66,1441206991451,"5,411",67% bullish,of 3 ratings,$38
ICLDW,$1.17,1441206991582,200,100% bearish,of 1 rating,N/A
IDCC,$48.68,1441206991639,"22,784",80% bullish,of 5 ratings,$63
INAP,$9,1441206991746,"111,466",75% bullish,of 4 ratings,$11
TILE,$23.98,1441206991777,"74,655",100% bearish,of 3 ratings,$27
IMI,$2,1441206991802,"1,844",67% bullish,of 3 ratings,$2.22
IBOC,$24.56,1441206991827,"6,997",100% bearish,of 1 rating,N/A
ISCA,$31.945,1441206992131,"5,844",100% bearish,of 1 rating,N/A
PTNT,NULL,1441206992156,0,Not yet rated,NULL,N/A
XENT,$25.82,1441206992191,"20,819",50% bullish,of 2 ratings,$36.50
INPH,NULL,1441206992212,0,50% bullish,of 2 ratings,N/A
ISIL,$10.24,1441206992286,"128,927",50% bullish,of 6 ratings,$15
INTX,$2.08,1441206992345,"24,542",67% bullish,of 3 ratings,N/A
IIJI,$9.14,1441206992373,100,50% bullish,of 2 ratings,$11.50
IGLD,$7.315,1441206992431,120,50% bullish,of 2 ratings,N/A
IILG,$19.4401,1441206992586,"8,393",100% bearish,of 1 rating,$29
IVAC,$4.615,1441206992618,"4,784",100% bearish,of 1 rating,$6.625
INTL,$25.73,1441206992644,"14,443",67% bearish,of 3 ratings,N/A
INTLL,NULL,1441206992718,0,Not yet rated,NULL,N/A
IIN,NULL,1441206992791,0,100% bearish,of 1 rating,$12
ITCI,$26.8,1441206992816,"289,948",75% bearish,of 4 ratings,$40
INTU,$84.895,1441206992945,"412,136",86% bullish,of 7 ratings,$107.50
INVT,$0.3202,1441206992971,"84,700",67% bullish,of 3 ratings,N/A
SNAK,$8.29,1441206993021,"12,001",50% bullish,of 2 ratings,$14
ISRG,$505.73,1441206993152,"23,674",67% bullish,of 3 ratings,$600
ISBC,$11.465,1441206993183,"656,637",100% bullish,of 1 rating,$13.25
ISTR,$15.61,1441206993226,302,100% bearish,of 1 rating,$18.50
ITIC,$71.12,1441206993283,400,100% bearish,of 2 ratings,N/A
IVTY,$13.71,1441206993357,"2,900",Not yet rated,NULL,$18
IPAS,$1.03,1441206993384,"191,764",67% bullish,of 3 ratings,N/A
NVIV,$9.08,1441206993443,"38,090",50% bullish,of 4 ratings,$24.50
DTUL,NULL,1441206993470,0,Not yet rated,NULL,N/A
DFVL,NULL,1441206993664,0,Not yet rated,NULL,N/A
IPCM,$79.42,1441206993695,"37,381",50% bullish,of 2 ratings,$80.125
IRMD,$23.81,1441206993753,"2,026",67% bearish,of 3 ratings,$25
IPGP,$81.53,1441206993793,"40,506",67% bearish,of 3 ratings,$109.50
IRDM,$6.82,1441206993838,"130,129",60% bullish,of 5 ratings,$11.50
IRIX,$6.72,1441206993867,"1,000",100% bearish,of 1 rating,N/A
IRBT,$29,1441206994064,"41,183",67% bullish,of 6 ratings,$37
IRWD,$10.92,1441206994110,"100,703",100% bearish,of 1 rating,$13
IRDMB,$265.78,1441206994143,250,67% bearish,of 3 ratings,N/A
GNMA,$50,1441206994196,200,Not yet rated,NULL,N/A
COMT,$32.793,1441206994242,"3,197",100% bearish,of 1 rating,N/A
IRCP,NULL,1441206994269,0,100% bullish,of 2 ratings,N/A
IFAS,NULL,1441206994297,0,NULL,NULL,NULL
FCHI,NULL,1441206994397,0,NULL,NULL,NULL
IFEU,$37.65,1441206994423,299,Not yet rated,NULL,N/A
IFNA,NULL,1441206994583,0,NULL,NULL,NULL
IFGL,$27.77,1441206994608,"4,194",Not yet rated,NULL,N/A
ACWX,$39.6328,1441206994657,"148,521",100% bearish,of 1 rating,N/A
ACWI,$54.42,1441206994686,"334,943",Not yet rated,NULL,N/A
AAXJ,$51.8702,1441206994792,"144,252",Not yet rated,NULL,N/A
AXJS,NULL,1441206994815,0,NULL,NULL,NULL
AAIT,NULL,1441206994898,0,NULL,NULL,NULL
EEME,NULL,1441206995140,0,NULL,NULL,NULL
EEMA,$49.01,1441206995204,"20,183",Not yet rated,NULL,N/A
EMDI,NULL,1441206995226,0,NULL,NULL,NULL
EGRW,NULL,1441206995462,0,NULL,NULL,NULL
EMEY,NULL,1441206995484,0,NULL,NULL,NULL
EVAL,NULL,1441206995712,0,NULL,NULL,NULL
EUFN,$21.312,1441206995779,"31,255",100% bearish,of 1 rating,N/A
QAT,$21.33,1441206995811,4,Not yet rated,NULL,N/A
EEML,NULL,1441206995847,0,Not yet rated,NULL,N/A
IBB,$338.16,1441206995878,"198,221",63% bullish,of 8 ratings,N/A
UAE,$17.98,1441206995939,"9,379",Not yet rated,NULL,N/A
IEUS,$44.57,1441206995964,430,100% bearish,of 1 rating,N/A
EMIF,$27.82,1441206995989,665,Not yet rated,NULL,N/A
SOXX,$80.75,1441206996130,"121,242",50% bullish,of 2 ratings,N/A
ICLN,$9.1201,1441206996159,"2,246",50% bullish,of 2 ratings,N/A
WOOD,$46.9462,1441206996194,"9,293",50% bullish,of 2 ratings,N/A
INDY,$26.62,1441206996365,"27,620",50% bullish,of 2 ratings,N/A
ISIS,$50.1,1441206996496,"278,639",53% bullish,of 15 ratings,$67
ISHG,$79.67,1441206996524,"10,602",100% bearish,of 1 rating,N/A
ISLE,$19.7999,1441206996559,"308,870",50% bullish,of 4 ratings,$16
IGOV,$90.62,1441206996585,"16,371",100% bearish,of 1 rating,N/A
ISRL,$126.18,1441206996656,2,100% bearish,of 1 rating,N/A
ITRI,$29.03,1441206996688,"42,560",100% bearish,of 1 rating,$37
ITRN,$23.9,1441206996716,107,50% bullish,of 2 ratings,N/A
ITUS,$4.0499,1441206996742,"1,000",Not yet rated,NULL,N/A
XXIA,$15.08,1441206996895,"36,613",71% bullish,of 7 ratings,$14.625
JJSF,$112.5388,1441206997058,"5,556",100% bearish,of 1 rating,N/A
MAYS,NULL,1441206997090,0,Not yet rated,NULL,N/A
JBHT,$72.15,1441206997119,"100,361",50% bullish,of 4 ratings,$89.50
JCOM,$66.88,1441206997161,"31,861",100% bullish,of 2 ratings,$77
IXYS,$11.35,1441206997185,"25,520",50% bullish,of 4 ratings,N/A
JASO,$7.811,1441206997211,"220,429",82% bullish,of 17 ratings,$10
JXSB,NULL,1441206997409,0,Not yet rated,NULL,N/A
JAXB,NULL,1441206997438,0,100% bullish,of 1 rating,N/A
JACK,$77.56,1441206997472,"50,043",71% bullish,of 7 ratings,$105
JAGX,$3.27,1441206997493,"4,604",Not yet rated,NULL,$10.50
JKHY,$65.75,1441206997527,"78,988",67% bearish,of 3 ratings,$72
JMBA,$14.07,1441206997571,"11,748",75% bullish,of 4 ratings,$18
JAKK,$9.4,1441206997626,"44,544",60% bearish,of 5 ratings,$11
ERW,NULL,1441206997822,0,Not yet rated,NULL,N/A
JRVR,$27.18,1441206997849,"7,250",Not yet rated,NULL,$32
JASN,$4.82,1441206997981,"4,497",50% bullish,of 2 ratings,$9.50
JASNW,NULL,1441206998007,0,50% bullish,of 2 ratings,N/A
JD,$24.355,1441206998040,"1,643,053",75% bullish,of 16 ratings,$36
JTPY,NULL,1441206998142,0,100% bearish,of 1 rating,N/A
JBLU,$22.9,1441206998202,"1,722,935",94% bullish,of 18 ratings,$27
JAZZ,$164.9726,1441206998227,"40,931",80% bullish,of 15 ratings,$206.50
JIVE,$4.56,1441206998362,"38,789",75% bullish,of 4 ratings,$5
DATE,$6.3,1441206998390,"25,409",75% bullish,of 4 ratings,$9
JCTCF,$9.65,1441206998414,100,100% bullish,of 1 rating,N/A
WYIGU,NULL,1441206998466,0,100% bearish,of 1 rating,N/A
JOEZ,$0.179,1441206998598,"26,959",92% bullish,of 12 ratings,N/A
JST,$3.7207,1441206998625,215,75% bullish,of 4 ratings,N/A
JBSS,$50.97,1441206998751,"2,125",67% bearish,of 3 ratings,N/A
JUNO,$34.3,1441206998850,"229,016",73% bullish,of 11 ratings,$71.50
JOUT,$24.1,1441206998875,"6,814",100% bearish,of 1 rating,$34
KBIO,$2.06,1441206999008,"8,828",50% bullish,of 4 ratings,N/A
KALU,$81.125,1441206999055,"24,362",67% bearish,of 3 ratings,$91
KNDI,$6.2075,1441206999087,"69,468",86% bullish,of 22 ratings,N/A
JNP,$11.7671,1441206999183,"16,405",100% bullish,of 3 ratings,$15
KMDA,$3.51,1441206999214,"1,500",50% bullish,of 2 ratings,$8
KTWO,$20.8,1441206999249,"13,319",100% bearish,of 1 rating,$28.50
KCLI,$46.19,1441206999320,"5,537",Not yet rated,NULL,N/A
KBSF,NULL,1441206999422,0,100% bullish,of 1 rating,N/A
KPTI,$14,1441206999448,"92,034",67% bearish,of 3 ratings,$39
KRNY,$11.3,1441206999521,"88,911",100% bearish,of 1 rating,$12
KCAP,$4.62,1441206999554,"9,963",75% bullish,of 4 ratings,$6
KELYA,$14.2801,1441206999673,"12,429",67% bullish,of 6 ratings,$20
KFFB,$8.8,1441206999837,100,100% bearish,of 1 rating,N/A
KERX,$5.84,1441206999863,"160,476",82% bullish,of 11 ratings,$12
KELYB,NULL,1441206999896,0,50% bullish,of 2 ratings,N/A
KEQU,$16.72,1441206999997,300,100% bullish,of 1 rating,N/A
KMPH,$19.7,1441207000023,"3,652",100% bearish,of 2 ratings,$22
GMCR,$56.03,1441207000051,"586,761",71% bullish,of 42 ratings,$64
KTCC,$10.22,1441207000077,"1,243",100% bearish,of 1 rating,$16
KTEC,$12.14,1441207000106,200,Not yet rated,NULL,N/A
KFRC,$26.41,1441207000244,"18,505",100% bullish,of 2 ratings,$29
KIN,$5.92,1441207000413,"1,647",50% bullish,of 2 ratings,$6.25
KE,$11.35,1441207000442,"49,864",67% bearish,of 3 ratings,$16
KGJI,$0.6601,1441207000471,"35,084",89% bullish,of 9 ratings,N/A
KBAL,$10.48,1441207000517,"17,489",50% bullish,of 2 ratings,N/A
KINS,$8.58,1441207000578,"1,550",100% bullish,of 1 rating,N/A
KONE,NULL,1441207000650,0,Not yet rated,NULL,N/A
KIRK,$21.93,1441207000795,"8,117",50% bullish,of 2 ratings,$32
KLAC,$48.26,1441207000934,"165,464",100% bearish,of 1 rating,$61.50
KZ,$6.43,1441207000967,"6,800",60% bearish,of 5 ratings,N/A
KONA,$18.21,1441207000988,"14,039",50% bullish,of 2 ratings,$28
KITE,$52.34,1441207001020,"70,486",89% bullish,of 9 ratings,$85
