Symbol,Price,Date,Volume,Rating,RatingVoteCount,OneYearEstimate
PIH,NULL,1441228202183,0,100% bearish,of 1 rating,N/A
FCTY,$7.92,1441228202248,"1,190",100% bullish,of 1 rating,$8.50
FCCY,$11.74,1441228202273,150,100% bullish,of 1 rating,$13
FLWS,$8.52,1441228202299,"234,863",80% bullish,of 5 ratings,$15
SRCE,$29.65,1441228202531,"22,060",100% bullish,of 3 ratings,$33
TWOU,$34.94,1441228202586,"116,618",50% bullish,of 2 ratings,$39
DGLD,$81.19,1441228202633,"5,495",100% bullish,of 1 rating,N/A
VNET,$16.705,1441228202665,"378,018",60% bullish,of 5 ratings,$35
DSLV,$68.03,1441228202864,"15,840",100% bearish,of 1 rating,N/A
UGLD,$9.262,1441228202926,"112,289",100% bearish,of 1 rating,N/A
USLV,$12.68,1441228203066,"220,539",86% bullish,of 7 ratings,N/A
JOBS,$26.35,1441228203091,"82,216",50% bullish,of 4 ratings,$36
EGHT,$7.74,1441228203440,"239,557",82% bullish,of 17 ratings,$11
SIXD,$2.7205,1441228203465,"36,310",Not yet rated,NULL,N/A
CAFD,$14.875,1441228203490,"139,751",Not yet rated,NULL,$24.50
AVHI,$13.99,1441228203631,"16,542",100% bearish,of 1 rating,$19
AAON,$20.08,1441228203825,"64,058",100% bearish,of 1 rating,$24
SHLM,$32.99,1441228203851,"86,943",100% bearish,of 1 rating,$47
ABAX,$47.28,1441228203876,"86,374",100% bearish,of 1 rating,$60
ABY,$22.53,1441228204019,"416,740",100% bearish,of 2 ratings,$46
ABGB,$5.27,1441228204183,"25,717",67% bullish,of 3 ratings,$5.50
ABEO,$4.8,1441228204243,"66,902",50% bullish,of 4 ratings,$15.50
ABEOW,$1.67,1441228204313,800,100% bullish,of 1 rating,N/A
ABMD,$95.56,1441228204507,"353,871",75% bullish,of 4 ratings,$100.50
AXAS,$1.69,1441228204664,"862,926",78% bullish,of 9 ratings,$3.50
ACTG,$9.115,1441228204717,"309,962",67% bullish,of 3 ratings,$18.50
ACHC,$73.19,1441228204793,"217,812",50% bullish,of 2 ratings,$92
ACAD,$37.95,1441228204892,"539,359",80% bullish,of 20 ratings,$48
ACST,$0.3421,1441228205021,"1,190",100% bullish,of 2 ratings,N/A
XLRN,$29.31,1441228205165,"48,683",50% bullish,of 2 ratings,$57
AXDX,$19.31,1441228205194,"50,464",100% bearish,of 1 rating,N/A
ANCX,$19.58,1441228205299,"14,410",Not yet rated,NULL,$20
ARAY,$6.635,1441228205431,"365,934",100% bearish,of 1 rating,$10.50
VXDN,$1.81,1441228205563,"21,355",100% bearish,of 1 rating,N/A
VXUP,$1.66,1441228205588,"34,804",100% bearish,of 1 rating,N/A
ACRX,$4.5,1441228205794,"299,888",67% bearish,of 6 ratings,$5.50
AKAO,$7.03,1441228205885,"41,653",75% bullish,of 4 ratings,$15
ACET,$21.75,1441228206014,"66,135",75% bullish,of 4 ratings,$30
ACHN,$7.54,1441228206114,"2,622,969",90% bullish,of 21 ratings,$16
ACIW,$21.31,1441228206176,"311,396",67% bearish,of 3 ratings,$24
ACNB,$20.35,1441228206200,463,Not yet rated,NULL,N/A
ACTS,$1.6,1441228206503,"11,248",100% bearish,of 1 rating,N/A
ACOR,$32.41,1441228206530,"373,146",67% bearish,of 3 ratings,$38.50
ACPW,$1.95,1441228206555,"23,392",100% bullish,of 4 ratings,$3.25
ATVI,$28.34,1441228206588,"8,596,343",67% bullish,of 84 ratings,$31.50
ACTA,$13.82,1441228206998,"61,238",67% bearish,of 3 ratings,$25
ACUR,$2.88,1441228207042,"8,308",100% bullish,of 5 ratings,$5
ACXM,$20.62,1441228207091,"167,865",67% bullish,of 3 ratings,N/A
TFSCW,NULL,1441228207117,0,100% bearish,of 1 rating,N/A
TFSCR,NULL,1441228207138,0,Not yet rated,NULL,N/A
TFSC,NULL,1441228207171,0,100% bearish,of 1 rating,N/A
ADMS,$19.69,1441228207198,"32,029",100% bearish,of 2 ratings,$36
ADAP,$11.41,1441228207219,"27,343",67% bullish,of 3 ratings,$22
ADMP,$3.79,1441228207278,"22,096",50% bullish,of 2 ratings,$10
ADUS,$29.806,1441228207410,"21,734",100% bearish,of 1 rating,$31
TFSCU,NULL,1441228207440,0,Not yet rated,NULL,N/A
AEY,$2.35,1441228207470,"9,438",100% bearish,of 2 ratings,N/A
ADMA,$9,1441228207503,"7,381",Not yet rated,NULL,$19
ADEP,$7.02,1441228207531,"35,035",50% bullish,of 2 ratings,$10.75
ADBE,$77.28,1441228207604,"1,459,060",65% bullish,of 17 ratings,$90
ADTN,$15.67,1441228207662,"134,014",67% bullish,of 3 ratings,$17.125
AMD,$1.76,1441228207881,"3,438,264",83% bullish,of 103 ratings,$2
ADXS,$13.66,1441228207916,"669,767",64% bullish,of 14 ratings,$27
AEIS,$24.24,1441228207962,"70,785",50% bullish,of 2 ratings,$32.50
AEGR,$18.08,1441228207992,"150,878",50% bullish,of 6 ratings,$26
ADRO,$19.46,1441228208052,"130,845",80% bullish,of 5 ratings,$45.50
MULT,NULL,1441228208079,0,100% bearish,of 1 rating,N/A
ADXSW,$9.17,1441228208106,"6,150",100% bullish,of 1 rating,N/A
YPRO,$22.97,1441228208136,202,100% bearish,of 1 rating,N/A
AEGN,$17.92,1441228208245,"41,991",100% bearish,of 2 ratings,$21
AEHR,$2.3,1441228208274,"3,486",50% bullish,of 2 ratings,N/A
AMTX,$2.7,1441228208374,"19,461",50% bullish,of 2 ratings,$26.11
AERI,$15.88,1441228208587,"456,437",75% bullish,of 4 ratings,$31.50
AEPI,$56.3113,1441228208623,"18,514",100% bearish,of 1 rating,N/A
AVAV,$21.255,1441228208659,"685,398",50% bullish,of 4 ratings,$31
AEMD,$7.4211,1441228208685,"13,482",Not yet rated,NULL,$27.50
AFMD,$10.24,1441228208754,"110,972",50% bullish,of 4 ratings,$15
AEZS,$0.0875,1441228208781,"9,718,424",90% bullish,of 21 ratings,$1.50
AGYS,$9.85,1441228208826,"8,656",100% bearish,of 1 rating,N/A
AFFX,$9.14,1441228208962,"188,423",80% bullish,of 5 ratings,$12.50
AGFS,$9.62,1441228209034,"174,649",100% bearish,of 1 rating,N/A
AGIO,$87.12,1441228209066,"131,070",88% bullish,of 8 ratings,$114
AGFSW,$1.9,1441228209098,"1,788",100% bearish,of 2 ratings,N/A
AIMT,$22.14,1441228209166,"87,124",Not yet rated,NULL,$35.50
AGRX,$8.34,1441228209194,"19,462",100% bearish,of 1 rating,$17.50
AIRM,$36.27,1441228209228,"99,647",80% bearish,of 5 ratings,$53
AGEN,$7.12,1441228209255,"343,904",85% bullish,of 13 ratings,$14
AIRT,$22.542,1441228209403,"1,076",100% bullish,of 1 rating,N/A
ATSG,$8.77,1441228209487,"106,316",67% bullish,of 3 ratings,$13
AKAM,$71.08,1441228209543,"723,731",63% bullish,of 8 ratings,$77.50
AIXG,$6.3319,1441228209619,"5,240",67% bearish,of 3 ratings,$5.25
AKER,$2.84,1441228209647,"26,829",Not yet rated,NULL,N/A
AMCN,$4.48,1441228209671,"69,086",83% bullish,of 6 ratings,N/A
AKBA,$7.46,1441228209705,"249,249",100% bearish,of 1 rating,$18
AKRX,$39.55,1441228209727,"296,840",78% bullish,of 9 ratings,$56
ALRM,$15.9,1441228209806,"135,174",100% bearish,of 1 rating,$22
ALSK,$2.21,1441228209882,"68,825",78% bullish,of 18 ratings,$2
AMRI,$19.93,1441228209942,"71,620",75% bearish,of 4 ratings,$24
ADHD,$7.9,1441228209967,"156,863",50% bullish,of 4 ratings,$18
ABDC,$12.93,1441228209999,"18,493",Not yet rated,NULL,$15
ALDX,$7.06,1441228210100,"7,184",100% bearish,of 1 rating,$14.50
ALDR,$40.72,1441228210128,"536,922",67% bearish,of 3 ratings,$62
ALXN,$175.53,1441228210177,"714,801",88% bullish,of 8 ratings,$223.50
ALCO,$41.8784,1441228210309,"5,855",50% bullish,of 2 ratings,N/A
ALXA,$1.1997,1441228210335,"4,100",83% bullish,of 6 ratings,$2.125
ALGN,$54.97,1441228210357,"329,027",100% bearish,of 2 ratings,$73
ALKS,$63.1,1441228210494,"655,891",67% bullish,of 3 ratings,$75
ALIM,$3.17,1441228210546,"48,611",80% bullish,of 5 ratings,$10
ALLB,$22.66,1441228210583,300,Not yet rated,NULL,N/A
AFOP,$19.01,1441228210681,"222,812",75% bullish,of 8 ratings,$21
AIQ,$14.06,1441228210709,"6,843",67% bullish,of 3 ratings,N/A
AHGP,$35.36,1441228210737,"22,377",67% bullish,of 3 ratings,N/A
ALGT,$206.18,1441228210766,"115,205",100% bearish,of 2 ratings,$235
ARLP,$24.82,1441228210842,"189,749",67% bearish,of 3 ratings,$32
AHPI,$1.448,1441228210897,400,50% bullish,of 2 ratings,N/A
AMOT,$17.96,1441228210927,"122,056",100% bearish,of 1 rating,N/A
ALLT,$5.11,1441228211004,"36,495",75% bullish,of 4 ratings,$6.25
ALQA,$4.65,1441228211030,"13,389",75% bullish,of 4 ratings,$8.50
MDRX,$13.145,1441228211104,"3,516,588",60% bullish,of 5 ratings,$16
ALNY,$101.22,1441228211235,"296,819",67% bullish,of 3 ratings,$151.50
AFAM,$45.54,1441228211268,"46,185",50% bullish,of 2 ratings,$44
SMCP,$22.84,1441228211301,211,Not yet rated,NULL,N/A
AOSL,$8.03,1441228211362,"121,334",67% bullish,of 3 ratings,$9
ATEC,$0.589,1441228211397,"14,554",100% bullish,of 1 rating,$2
ALTR,$48.97,1441228211426,"1,210,611",80% bearish,of 5 ratings,$54
AIMC,$23.44,1441228211515,"97,107",100% bearish,of 2 ratings,$28.50
ASPS,$25.715,1441228211557,"124,673",67% bullish,of 3 ratings,$46.50
AMAG,$64.88,1441228211650,"390,468",100% bullish,of 2 ratings,$75
AMZN,$508.69,1441228211784,"1,568,580",81% bullish,of 267 ratings,$646
AMRK,$10.52,1441228211812,"1,100",50% bullish,of 2 ratings,$14
AMRN,$2.31,1441228211844,"1,559,134",85% bullish,of 40 ratings,$8
AMBC,$16.75,1441228211872,"237,260",100% bearish,of 1 rating,$16.50
AMBCW,$8.48,1441228211892,"3,800",100% bearish,of 1 rating,N/A
AYA,$20.4,1441228211926,"16,032",100% bearish,of 1 rating,$40
AMBA,$81.84,1441228212026,"5,981,008",83% bullish,of 12 ratings,$102.50
EPAX,$2.68,1441228212164,"26,671",100% bearish,of 1 rating,N/A
AMCX,$69.58,1441228212192,"506,857",67% bullish,of 3 ratings,$87.50
AMDA,$0.472,1441228212239,"375,459",90% bullish,of 10 ratings,$1
AMED,$41.08,1441228212264,"161,688",100% bearish,of 1 rating,$42
UHAL,$369.95,1441228212331,"10,593",100% bullish,of 2 ratings,$393.50
ATAX,$5.32,1441228212545,"32,764",100% bullish,of 1 rating,$6.50
DOX,$56.495,1441228212573,"427,397",67% bearish,of 3 ratings,$60
ASBI,$22.66,1441228212600,"18,688",Not yet rated,NULL,N/A
AMOV,$17.82,1441228212625,"5,474",100% bearish,of 1 rating,N/A
AGNCB,$24.19,1441228212810,"3,100",Not yet rated,NULL,N/A
MTGE,$15.2,1441228212883,"257,974",75% bullish,of 4 ratings,$19.50
AAL,$41.39,1441228212935,"10,933,197",93% bullish,of 88 ratings,$57
AGNC,$19.075,1441228213114,"1,457,932",71% bullish,of 28 ratings,$22
AGNCP,$25.3299,1441228213135,"7,648",Not yet rated,NULL,N/A
MTGEP,$24.3,1441228213168,"1,200",Not yet rated,NULL,N/A
ANCI,$1.54,1441228213267,300,100% bearish,of 1 rating,N/A
ACSF,$12.26,1441228213401,"14,196",100% bearish,of 1 rating,$15
AETI,$3.32,1441228213428,"1,000",67% bearish,of 3 ratings,N/A
ACAS,$13.565,1441228213450,"826,181",60% bullish,of 5 ratings,$16.75
AMIC,NULL,1441228213471,0,100% bearish,of 1 rating,N/A
ANAT,$97.9,1441228213506,"44,924",100% bullish,of 1 rating,N/A
AMNB,$23.3047,1441228213528,"3,393",Not yet rated,NULL,$25.50
ARII,$40.43,1441228213684,"162,961",67% bearish,of 3 ratings,$45
AMRB,$10.14,1441228213711,"2,200",Not yet rated,NULL,$11
AMSWA,$8.9718,1441228213845,"30,551",100% bearish,of 2 ratings,$10.75
ASEI,$38.9878,1441228213874,"25,528",100% bearish,of 1 rating,$52.50
APEI,$21.47,1441228213900,"23,673",100% bearish,of 1 rating,$25.50
ABCB,$26.68,1441228214119,"104,609",Not yet rated,NULL,$31
AMSF,$46.0775,1441228214217,"26,703",Not yet rated,NULL,$57.50
ATLO,$23.7648,1441228214286,"2,330",Not yet rated,NULL,N/A
AMGN,$151.73,1441228214317,"2,142,579",89% bullish,of 19 ratings,$185
FOLD,$14.81,1441228214454,"893,565",56% bullish,of 9 ratings,$21
ASRVP,NULL,1441228214587,0,Not yet rated,NULL,N/A
AMKR,$5.15,1441228214613,"768,573",100% bearish,of 2 ratings,$5
ASRV,$3.22,1441228214638,"9,074",100% bullish,of 2 ratings,N/A
AMSG,$78.29,1441228214774,"206,277",100% bearish,of 1 rating,$85.50
ASYS,$5.34,1441228215390,"14,540",67% bullish,of 3 ratings,$12
AMSGP,$149.19,1441228215417,200,Not yet rated,NULL,N/A
AMSC,$4.88,1441228215438,"34,548",50% bullish,of 4 ratings,N/A
AMPH,$13.55,1441228215471,"75,636",50% bullish,of 2 ratings,$20
CRMT,$35.61,1441228215497,"42,719",100% bearish,of 1 rating,$39
AMWD,$66.42,1441228215571,"74,806",50% bullish,of 2 ratings,$70
ANAD,$0.3243,1441228215697,"121,236",100% bullish,of 2 ratings,$.50
AMRS,$1.68,1441228215779,"90,572",70% bullish,of 10 ratings,N/A
ADI,$54.44,1441228215806,"947,246",75% bullish,of 4 ratings,$69
ANAC,$134.26,1441228215827,"218,777",80% bullish,of 5 ratings,$180.50
AFSI,$56.53,1441228215861,"213,079",60% bullish,of 5 ratings,$72
ALOG,$80.86,1441228215887,"42,013",100% bearish,of 2 ratings,$100.50
ABCW,$40.45,1441228215960,"5,470",67% bullish,of 3 ratings,N/A
ANCB,$21.44,1441228216102,"1,400",Not yet rated,NULL,$23
AMCF,NULL,1441228216132,0,NULL,NULL,NULL
ANGI,$5.11,1441228216163,"155,755",64% bullish,of 11 ratings,$5.50
ANGO,$14.76,1441228216184,"69,973",67% bullish,of 3 ratings,$19
ANIP,$51.38,1441228216232,"110,476",89% bullish,of 19 ratings,$66
ANIK,$35.49,1441228216268,"106,097",60% bullish,of 5 ratings,$51.25
ANSS,$88.645,1441228216312,"339,157",100% bearish,of 1 rating,$100
ANTH,$7.41,1441228216495,"457,665",80% bullish,of 10 ratings,$13
ATRS,$1.86,1441228216520,"454,312",92% bullish,of 12 ratings,$4.50
ABAC,$0.798,1441228216548,"2,001",100% bearish,of 1 rating,N/A
APIC,$6.58,1441228216575,"46,303",100% bearish,of 1 rating,$19
ATNY,$2.4,1441228216710,"9,934",50% bullish,of 2 ratings,$3.75
APOG,$51.84,1441228216755,"121,186",50% bullish,of 2 ratings,$67
APOL,$10.92,1441228216790,"437,827",87% bearish,of 68 ratings,$14
APPF,$15.72,1441228216843,"33,005",50% bullish,of 2 ratings,$22
AINV,$6.415,1441228216893,"995,825",50% bullish,of 4 ratings,$8
AAPL,$111.83,1441228216922,"31,393,471",86% bullish,of 2362 ratings,$150
ARCI,$1.3054,1441228217004,"11,212",Not yet rated,NULL,N/A
APDN,$3.44,1441228217069,"37,011",Not yet rated,NULL,$9
AMAT,$15.65,1441228217199,"6,946,762",82% bullish,of 11 ratings,$23
APDNW,$1.45,1441228217225,"1,900",Not yet rated,NULL,N/A
AMCC,$5.665,1441228217276,"355,731",80% bullish,of 5 ratings,$8
AGTC,$16.53,1441228217516,"32,173",50% bullish,of 2 ratings,$33
AAOI,$20.46,1441228217559,"140,273",50% bullish,of 4 ratings,$26
APRI,$1.68,1441228217585,"315,896",83% bullish,of 6 ratings,$4.86
AREX,$2.43,1441228217610,"953,921",50% bullish,of 2 ratings,$3
APTO,$5.35,1441228217656,"4,230",Not yet rated,NULL,$17
AQMS,$4.84,1441228217681,"2,313",Not yet rated,NULL,N/A
AUMA,NULL,1441228217742,0,Not yet rated,NULL,N/A
AQXP,$16.75,1441228217767,"143,911",50% bullish,of 2 ratings,$2
AUMAU,$9.94,1441228217900,200,Not yet rated,NULL,N/A
AUMAW,NULL,1441228217925,0,Not yet rated,NULL,N/A
ABUS,$6.99,1441228217956,"535,481",86% bullish,of 14 ratings,$23
PETX,$18.53,1441228217981,"228,177",100% bearish,of 2 ratings,$26
ARDM,$7.3,1441228218006,300,100% bullish,of 1 rating,$26
ARCW,$3.33,1441228218061,"41,869",100% bearish,of 2 ratings,$10.50
RKDA,$5.9012,1441228218157,"10,754",100% bearish,of 2 ratings,$10
ABIO,$0.9199,1441228218257,"12,116",50% bullish,of 2 ratings,$3.75
ACGL,$68.39,1441228218309,"136,929",50% bullish,of 2 ratings,$72
ARCB,$27.77,1441228218359,"130,328",67% bearish,of 3 ratings,$39.50
ARDX,$19.21,1441228218383,"62,114",50% bullish,of 2 ratings,$24.50
ACAT,$25.7,1441228218411,"60,932",100% bearish,of 3 ratings,$33
ARCC,$15.36,1441228218543,"963,643",67% bearish,of 3 ratings,$17.75
ARNA,$2.69,1441228218564,"965,496",90% bullish,of 78 ratings,$5.50
AGIIL,$25.16,1441228218649,"7,616",Not yet rated,NULL,N/A
ARIA,$7.54,1441228218694,"6,721,471",87% bullish,of 46 ratings,$9
ARGS,$6.2,1441228218720,"27,191",50% bullish,of 2 ratings,$19.50
ARIS,$3.74,1441228218779,"5,594",Not yet rated,NULL,$4.50
ARKR,$25,1441228218852,"6,409",50% bullish,of 2 ratings,N/A
ARMH,$42.36,1441228218916,"701,563",54% bearish,of 13 ratings,$60
ARWA,NULL,1441228218958,0,Not yet rated,NULL,N/A
ARTX,$1.41,1441228219025,"40,380",88% bullish,of 16 ratings,$4.50
ARWAR,NULL,1441228219056,0,Not yet rated,NULL,N/A
ARWAU,NULL,1441228219158,0,100% bullish,of 1 rating,N/A
ARWAW,$0.17,1441228219187,"7,500",Not yet rated,NULL,N/A
ARQL,$1.68,1441228219291,"48,624",75% bullish,of 4 ratings,$5
ARRY,$5.94,1441228219317,"839,463",100% bullish,of 7 ratings,$10
DWAT,$9.75,1441228219446,"3,000",100% bearish,of 1 rating,N/A
ARRS,$25.96,1441228219471,"557,568",50% bullish,of 2 ratings,$38
AROW,$27.1454,1441228219507,"3,311",Not yet rated,NULL,N/A
ARWR,$5.81,1441228219532,"731,376",75% bullish,of 4 ratings,$10.50
ARTNA,$21.9944,1441228219666,"4,706",100% bearish,of 1 rating,$29
ARTW,$4.045,1441228219716,"7,857",75% bearish,of 4 ratings,N/A
ASBB,$24.01,1441228219754,400,Not yet rated,NULL,N/A
ASND,$19.72,1441228219849,"15,455",50% bullish,of 2 ratings,$30
ASNA,$12.235,1441228219875,"1,481,889",50% bullish,of 2 ratings,$18
ASCMA,$27.69,1441228219900,"30,283",100% bearish,of 1 rating,$45
ASTI,$0.308,1441228219952,"12,530,419",83% bullish,of 6 ratings,$3
ASMI,NULL,1441228220037,0,NULL,NULL,NULL
ASML,$90.39,1441228220079,"601,507",50% bullish,of 4 ratings,$127
APWC,$1.75,1441228220133,"1,068",100% bearish,of 1 rating,N/A
AZPN,$37.57,1441228220174,"425,306",50% bullish,of 2 ratings,$42
ASMB,$14.4929,1441228220225,"30,199",67% bullish,of 3 ratings,N/A
ASFI,$8.8899,1441228220358,"1,679",100% bullish,of 1 rating,N/A
ASTE,$38.2977,1441228220383,"79,436",100% bearish,of 1 rating,$49
ALOT,$13.75,1441228220412,"2,524",100% bearish,of 1 rating,N/A
ATRO,$50.42,1441228220544,"65,551",100% bearish,of 2 ratings,$80
ASTC,$2.12,1441228220569,"11,700",100% bullish,of 5 ratings,N/A
ASUR,$5.4,1441228220631,"2,526",50% bullish,of 2 ratings,$8
ATRA,$43.15,1441228220717,"186,650",50% bullish,of 2 ratings,$68
ATAI,$2.36,1441228220744,"9,173",100% bearish,of 1 rating,N/A
ATHN,$131.62,1441228220901,"129,410",67% bearish,of 3 ratings,$153
AFCB,NULL,1441228220926,0,Not yet rated,NULL,N/A
ATHX,$1.14,1441228221055,"60,205",89% bullish,of 9 ratings,$5
ACFC,$5.43,1441228221139,"18,653",100% bearish,of 1 rating,$6.50
AAME,$3.5999,1441228221190,"1,704",Not yet rated,NULL,N/A
ATNI,$71.4775,1441228221320,"48,268",100% bearish,of 1 rating,$69.50
AAWW,$38.78,1441228221402,"170,151",50% bullish,of 2 ratings,$65
ATML,$7.87,1441228221454,"2,874,953",78% bullish,of 9 ratings,$9.50
ATLC,$3.97,1441228221480,"10,857",67% bullish,of 3 ratings,N/A
AFH,$16.25,1441228221502,"81,043",Not yet rated,NULL,$21.50
AGII,$55.02,1441228221532,"29,034",Not yet rated,NULL,$59.50
ATRC,$24.77,1441228221714,"62,001",100% bullish,of 1 rating,$30
ATOS,$0.8,1441228221745,"25,822",100% bullish,of 7 ratings,$7
ATRI,$382.8575,1441228221765,859,Not yet rated,NULL,N/A
ATRM,$2.83,1441228221812,800,50% bullish,of 2 ratings,N/A
ATTU,$13.1,1441228221840,"12,631",100% bearish,of 1 rating,$20.50
AAPC,NULL,1441228221895,0,Not yet rated,NULL,N/A
LIFE,$14.43,1441228222163,"33,904",86% bullish,of 7 ratings,$43
AUBN,$26.85,1441228222189,706,Not yet rated,NULL,N/A
ADAT,$0.227,1441228222228,"154,879",100% bullish,of 2 ratings,N/A
AUDC,$3.29,1441228222254,"29,180",80% bullish,of 5 ratings,$5
AUPH,$3.4299,1441228222275,"17,664",100% bearish,of 1 rating,$8
EARS,$4.3,1441228222303,"18,280",100% bearish,of 2 ratings,$11
ADP,$76.85,1441228222436,"1,310,274",100% bearish,of 1 rating,$88
ADSK,$45.855,1441228222461,"4,015,270",67% bullish,of 6 ratings,$66
AVGO,$123.54,1441228222501,"1,860,990",88% bullish,of 8 ratings,$165
AAVL,$10.63,1441228222596,"169,410",100% bearish,of 1 rating,$20
ABTL,$17.99,1441228222623,"49,114",100% bullish,of 4 ratings,$20.25
AVNW,$1.205,1441228222649,"30,350",50% bullish,of 2 ratings,N/A
AVEO,$1.38,1441228222685,"406,952",75% bullish,of 8 ratings,$3
AVNU,$12.95,1441228222755,"87,649",Not yet rated,NULL,$14
AVID,$8.3,1441228222782,"213,245",100% bearish,of 1 rating,$20
AVGR,$14.78,1441228222811,"6,746",100% bearish,of 1 rating,$20
AWRE,$3.27,1441228222991,"9,803",67% bullish,of 3 ratings,N/A
CAR,$43.31,1441228223012,"942,786",80% bullish,of 5 ratings,$60
ACLS,$3.24,1441228223050,"232,406",67% bullish,of 6 ratings,$4.75
AXPW,$2.2,1441228223091,"2,956,948",86% bullish,of 7 ratings,N/A
AXPWW,NULL,1441228223149,0,Not yet rated,NULL,N/A
AXTI,$2.13,1441228223175,"9,999",50% bullish,of 2 ratings,$2.75
AXGN,$4.7,1441228223204,"68,518",Not yet rated,NULL,$5
BCOM,NULL,1441228223229,0,100% bearish,of 1 rating,N/A
RILY,NULL,1441228223412,0,Not yet rated,NULL,N/A
BOSC,$2.13,1441228223442,"3,700",50% bullish,of 2 ratings,N/A
BIDU,$147.92,1441228223497,"901,235",81% bullish,of 88 ratings,$210
BCPC,$58.49,1441228223549,"69,714",100% bearish,of 1 rating,$75
BEAV,$48.84,1441228223579,"627,848",67% bearish,of 3 ratings,$59
BWINA,NULL,1441228223684,0,Not yet rated,NULL,N/A
BWINB,$22.75,1441228223713,"4,213",Not yet rated,NULL,N/A
BLDP,$1.305,1441228223817,"284,852",91% bullish,of 22 ratings,$2.50
BANFP,$27.02,1441228223845,533,Not yet rated,NULL,N/A
BANF,$59.6975,1441228223880,"14,861",Not yet rated,NULL,$68
BOCH,$5.72,1441228223908,"7,847",Not yet rated,NULL,$6.50
BKMU,$7,1441228223975,"15,268",Not yet rated,NULL,$8
BMRC,$48.01,1441228224003,"19,836",Not yet rated,NULL,$52
BKSC,$17.3,1441228224163,"4,626",Not yet rated,NULL,N/A
BOTJ,$11.11,1441228224190,800,Not yet rated,NULL,N/A
OZRK,$40.45,1441228224212,"355,303",67% bullish,of 3 ratings,$49.50
BFIN,$12.2024,1441228224270,"19,531",Not yet rated,NULL,$13
BANR,$43.7287,1441228224347,"16,301",100% bullish,of 3 ratings,$50
BWFG,$18.03,1441228224375,"1,863",100% bearish,of 1 rating,N/A
BZUN,$4.92,1441228224408,"58,967",50% bullish,of 2 ratings,$11.50
TAPR,$33.5299,1441228224453,"1,331",100% bearish,of 1 rating,N/A
BHAC,$9.82,1441228224510,560,Not yet rated,NULL,N/A
BHACR,$0.2198,1441228224534,"7,000",Not yet rated,NULL,N/A
BHACU,NULL,1441228224588,0,Not yet rated,NULL,N/A
BHACW,NULL,1441228224667,0,Not yet rated,NULL,N/A
BSET,$29.35,1441228224727,"43,820",100% bearish,of 1 rating,$35
BBSI,$35.107,1441228224757,"10,854",67% bearish,of 3 ratings,$62.50
BYBK,$4.96,1441228224855,"2,110",100% bearish,of 1 rating,N/A
BYLK,$12.9925,1441228224890,"5,486",Not yet rated,NULL,$14
BV,$5.07,1441228224956,"596,149",67% bullish,of 6 ratings,$8.75
BCBP,$11.64,1441228224994,861,Not yet rated,NULL,N/A
BBCN,$14.16,1441228225023,"111,130",100% bearish,of 1 rating,$16
BDCV,$4.875,1441228225124,"2,996",100% bearish,of 1 rating,$10.19
BECN,$35.95,1441228225182,"131,408",50% bullish,of 2 ratings,$40
BSF,$8.5217,1441228225213,"3,865",Not yet rated,NULL,N/A
BBGI,$4.01,1441228225312,607,100% bearish,of 1 rating,N/A
BELFA,$15.42,1441228225349,"1,623",100% bearish,of 1 rating,N/A
BEBE,$1.2402,1441228225403,"279,690",75% bullish,of 4 ratings,$2.125
BELFB,$18.5237,1441228225442,"15,058",100% bearish,of 1 rating,N/A
BBBY,$61.88,1441228225472,"809,024",71% bullish,of 7 ratings,$75
BLPH,$4.09,1441228225497,"24,893",100% bearish,of 1 rating,$12.50
BLCM,$16.84,1441228225658,"78,234",50% bullish,of 4 ratings,$40
BNTC,$7.6498,1441228225789,"4,140",100% bullish,of 1 rating,N/A
BNCL,$12.42,1441228225816,"292,146",100% bullish,of 3 ratings,$12.50
BGMD,$0.662,1441228225836,"122,576",100% bullish,of 10 ratings,N/A
BNFT,$36.54,1441228225875,"75,943",67% bullish,of 3 ratings,$46
BGCP,$8.9,1441228225967,"708,810",88% bullish,of 8 ratings,$14
BGFV,$11.36,1441228225993,"70,080",57% bullish,of 7 ratings,$12
BIND,$4.89,1441228226050,"160,728",75% bullish,of 4 ratings,$13.50
BIOC,$1.96,1441228226148,"75,526",83% bullish,of 6 ratings,$3.85
ORPN,$5.82,1441228226186,"5,440",100% bullish,of 1 rating,$28.50
BASI,$1.64,1441228226213,"6,500",Not yet rated,NULL,N/A
BCDA,NULL,1441228226233,0,Not yet rated,NULL,N/A
BIOD,$0.691,1441228226365,"71,652",80% bullish,of 5 ratings,$4
BDSI,$6.4,1441228226434,"1,115,815",88% bullish,of 8 ratings,$17
BCRX,$11.45,1441228226464,"335,721",63% bullish,of 8 ratings,$18
BIIB,$303.4,1441228226494,"925,057",88% bullish,of 16 ratings,$400
BIOL,$1.56,1441228226570,"49,733",Not yet rated,NULL,N/A
BLFS,$2.3601,1441228226597,"209,894",100% bearish,of 1 rating,$4.75
BLRX,$1.5814,1441228226647,"201,285",100% bullish,of 12 ratings,$5
BMRN,$128.83,1441228226676,"298,025",80% bullish,of 5 ratings,$160
BRLI,NULL,1441228226777,0,NULL,NULL,NULL
BVXVW,$0.8102,1441228226804,"78,645",100% bearish,of 1 rating,N/A
BVXV,$4.09,1441228226855,"1,720,367",Not yet rated,NULL,N/A
BPTH,$1.15,1441228226882,"128,210",100% bullish,of 2 ratings,$5
BIOS,$2.38,1441228226959,"434,561",71% bullish,of 7 ratings,$4
BBC,$32,1441228227042,"6,872",Not yet rated,NULL,N/A
BBP,$32.8,1441228227090,"6,262",Not yet rated,NULL,N/A
BSTC,$50.82,1441228227120,"35,820",100% bearish,of 1 rating,$76
BOTA,$2.17,1441228227216,"5,370",88% bullish,of 8 ratings,N/A
BSPM,$0.6401,1441228227248,"10,566",50% bullish,of 2 ratings,N/A
TECH,$93.07,1441228227316,"102,704",100% bullish,of 1 rating,$117
BEAT,$15.43,1441228227377,"719,850",67% bearish,of 3 ratings,$15
BDMS,$12.89,1441228227468,350,100% bearish,of 1 rating,N/A
BITI,$16.75,1441228227495,"15,991",100% bullish,of 1 rating,$28
BBOX,$15.08,1441228227516,"29,011",100% bearish,of 1 rating,N/A
BJRI,$43.77,1441228227553,"144,984",50% bullish,of 2 ratings,$55
BDE,$7.22,1441228227579,"108,909",50% bullish,of 2 ratings,$9
BBRY,$7.455,1441228227646,"1,597,117",61% bullish,of 330 ratings,$9
BLKB,$56.36,1441228227751,"42,855",100% bearish,of 2 ratings,$66
HAWK,$38.89,1441228227883,"208,740",91% bullish,of 11 ratings,$49
BKCC,$9.26,1441228227909,"160,105",50% bullish,of 2 ratings,$10
ADRA,$26.41,1441228227930,"1,935",100% bearish,of 1 rating,N/A
ADRD,$21.65,1441228227959,"26,536",100% bearish,of 1 rating,N/A
ADRE,$29.14,1441228228099,"4,845",100% bearish,of 1 rating,N/A
ADRU,$21.2801,1441228228134,112,100% bearish,of 1 rating,N/A
BLMN,$20.7,1441228228168,"572,578",83% bullish,of 6 ratings,$27.50
BUFF,$23.55,1441228228234,"424,016",83% bullish,of 12 ratings,$31.50
BHBK,$14,1441228228264,"45,282",100% bullish,of 1 rating,$14.50
BLBD,$11.86,1441228228294,"18,137",Not yet rated,NULL,N/A
BCOR,$13.36,1441228228315,"93,370",57% bullish,of 7 ratings,$15
BBLU,$0.905,1441228228352,"219,009",100% bullish,of 2 ratings,$4.43
NILE,$33.46,1441228228447,"172,727",50% bullish,of 2 ratings,$34
BLUE,$131.79,1441228228516,"210,339",71% bullish,of 7 ratings,$217.50
BKEP,$6.22,1441228228602,"22,592",100% bearish,of 1 rating,$8.50
BKEPP,$7.59,1441228228686,24,100% bearish,of 1 rating,N/A
BOBE,$47.8,1441228228747,"616,070",75% bullish,of 4 ratings,$57
BOFI,$107.45,1441228228816,"398,840",100% bullish,of 6 ratings,$144
BNCN,$20.8642,1441228228846,"32,650",Not yet rated,NULL,$24
BPMC,$28.24,1441228228873,"32,599",50% bullish,of 2 ratings,$47.50
BOJA,$20.99,1441228228902,"82,113",100% bullish,of 1 rating,$30
WIFI,$7.36,1441228228944,"148,630",50% bullish,of 2 ratings,$13.50
BOKF,$61.51,1441228229009,"120,300",100% bearish,of 1 rating,$69
BONA,$11.42,1441228229041,"38,257",75% bullish,of 4 ratings,$8.50
BNSO,$1.348,1441228229070,200,100% bearish,of 1 rating,N/A
BPFH,$11.64,1441228229144,"404,673",100% bearish,of 1 rating,$14
BAMM,$3.1799,1441228229203,"3,055",60% bullish,of 5 ratings,N/A
BPFHP,$25,1441228229228,"10,235",100% bearish,of 1 rating,N/A
BPFHW,$4.8,1441228229383,100,100% bearish,of 1 rating,N/A
BDBD,$8.37,1441228229408,"296,483",60% bullish,of 5 ratings,$10
EPAY,$26.35,1441228229455,"90,028",100% bearish,of 2 ratings,$30
BBEP,$2.7,1441228229537,"1,063,173",69% bullish,of 13 ratings,$5.625
BCLI,$3.1,1441228229589,"43,164",80% bullish,of 5 ratings,$12
BBRG,$12.47,1441228229615,"52,548",67% bullish,of 3 ratings,$14.50
BBEPP,$13.95,1441228229640,"18,971",100% bearish,of 1 rating,N/A
BDGE,$26.41,1441228229695,"5,642",Not yet rated,NULL,$31.75
BLIN,$1.4,1441228230032,"11,077",100% bullish,of 2 ratings,$2.20
BSFT,$31.65,1441228230164,"63,264",57% bullish,of 7 ratings,$40.50
BRCM,$50.71,1441228230194,"3,009,827",69% bullish,of 13 ratings,$56
BRID,$8.4,1441228230216,"1,115",100% bearish,of 1 rating,N/A
BVSN,$5.95,1441228230237,366,60% bearish,of 5 ratings,N/A
BCOV,$5.211,1441228230268,"46,380",67% bullish,of 3 ratings,$10.20
BWEN,$3.13,1441228230403,"19,589",75% bullish,of 4 ratings,$8
BRCD,$10.235,1441228230433,"1,667,223",92% bullish,of 13 ratings,$12
BLMT,$21.0042,1441228230533,"1,672",Not yet rated,NULL,N/A
BRKS,$10.22,1441228230560,"48,613",67% bullish,of 3 ratings,$15.25
BRKR,$18.11,1441228230596,"509,105",100% bearish,of 2 ratings,$22
BYFC,NULL,1441228230629,0,50% bullish,of 2 ratings,N/A
BRKL,$10.13,1441228230650,"396,623",100% bearish,of 1 rating,$10.75
BWLD,$194.72,1441228230700,"166,391",82% bullish,of 11 ratings,$205
BSQR,$6.05,1441228230733,"23,301",67% bullish,of 3 ratings,N/A
BMTC,$29.18,1441228230835,"27,426",Not yet rated,NULL,$34
BLDR,$15.46,1441228230972,"1,007,229",67% bullish,of 3 ratings,$22
BUR,$1.69,1441228231038,500,100% bearish,of 1 rating,$8
CHRW,$68.55,1441228231100,"2,176,389",Not yet rated,NULL,$72
CCMP,$42.6,1441228231130,"22,786",50% bullish,of 2 ratings,$59
CFFI,$36.69,1441228231183,400,100% bearish,of 1 rating,N/A
CDNS,$19.895,1441228231212,"1,140,348",75% bullish,of 4 ratings,$22.50
CA,$27.14,1441228231244,"1,417,471",50% bullish,of 4 ratings,$33
CDZI,$7.65,1441228231319,"20,056",100% bearish,of 1 rating,N/A
CZR,$8.97,1441228231348,"416,052",60% bearish,of 5 ratings,$10.50
CACQ,$7.2815,1441228231379,"10,686",100% bearish,of 1 rating,$12.25
PRSS,$4.32,1441228231414,"9,100",80% bullish,of 5 ratings,$4.50
CSTE,$38.835,1441228231482,"375,103",50% bullish,of 2 ratings,$65
CLBS,$1.65,1441228231513,"126,515",79% bullish,of 14 ratings,$4
CLMS,$9.94,1441228231587,"46,743",Not yet rated,NULL,$10.50
CHY,$11.13,1441228231678,"229,256",Not yet rated,NULL,N/A
CHI,$10.43,1441228231785,"186,614",100% bearish,of 1 rating,N/A
CCD,$19.2001,1441228231810,"66,271",Not yet rated,NULL,N/A
CFGE,$10.39,1441228231852,"3,400",Not yet rated,NULL,N/A
CHW,$7.44,1441228231884,"154,623",100% bearish,of 1 rating,N/A
CSQ,$9.81,1441228231939,"200,508",Not yet rated,NULL,N/A
CGO,$11.9409,1441228232018,"10,166",100% bearish,of 1 rating,N/A
CAMP,$16.06,1441228232078,"136,838",88% bullish,of 8 ratings,$25
CVGW,$57.7,1441228232116,"92,789",50% bullish,of 2 ratings,$62
CALA,$5.55,1441228232178,"196,260",67% bullish,of 3 ratings,$19.50
CFNB,$13.3,1441228232208,200,100% bearish,of 1 rating,N/A
CALD,$15.96,1441228232236,"223,590",100% bearish,of 1 rating,$21
CALM,$52.05,1441228232258,"368,191",80% bullish,of 5 ratings,$63.50
CLMT,$25.64,1441228232430,"187,951",75% bullish,of 8 ratings,$31
ABCD,$5.08,1441228232464,"69,311",83% bullish,of 6 ratings,N/A
CAMB,$10.05,1441228232599,400,Not yet rated,NULL,N/A
CAMBU,NULL,1441228232628,0,100% bearish,of 1 rating,N/A
CAC,$40.2581,1441228232655,"2,781",Not yet rated,NULL,N/A
CAMBW,$0.15,1441228232676,200,Not yet rated,NULL,N/A
CAMT,$2.62,1441228232731,"21,213",73% bullish,of 11 ratings,$4
CSIQ,$18.36,1441228232804,"704,414",86% bullish,of 28 ratings,$42.50
CGIX,$9.75,1441228232943,"9,153",67% bullish,of 3 ratings,$14.375
CBNJ,$10.9,1441228232975,"30,762",100% bearish,of 1 rating,N/A
CPHC,$10.3499,1441228233009,394,100% bearish,of 1 rating,N/A
CCBG,$15.113,1441228233047,"9,159",Not yet rated,NULL,$17.25
CBF,$30.05,1441228233079,"39,805",Not yet rated,NULL,$32
CPLP,$7.1,1441228233110,"142,045",71% bullish,of 7 ratings,$11
CPLA,$48.32,1441228233176,"35,347",67% bearish,of 3 ratings,$65
CSWC,$44.515,1441228233211,"21,193",Not yet rated,NULL,N/A
CPTA,$13.66,1441228233486,"16,820",100% bearish,of 1 rating,$18.50
CFFN,$11.745,1441228233582,"634,707",Not yet rated,NULL,$12.75
CAPN,$2.23,1441228233615,"61,360",100% bullish,of 1 rating,$10.85
CAPNW,$0.6789,1441228233641,100,Not yet rated,NULL,N/A
CPST,$0.3858,1441228233666,"387,480",95% bullish,of 22 ratings,$1.25
CARA,$19.5,1441228233699,"98,262",50% bullish,of 4 ratings,$25
CAPR,$4.62,1441228233727,"22,715",Not yet rated,NULL,$12
CRDC,$0.31,1441228233770,"269,608",100% bullish,of 1 rating,$1.25
CARB,$11.18,1441228233799,"29,206",75% bullish,of 4 ratings,$12
CSII,$23.48,1441228233957,"92,205",100% bearish,of 2 ratings,$42.125
CBYL,$4.75,1441228233985,"39,605",100% bearish,of 1 rating,$20
CRME,$9,1441228234011,"7,898",89% bullish,of 9 ratings,$11.25
CFNL,$22.01,1441228234048,"45,059",Not yet rated,NULL,$24
CATM,$33.85,1441228234138,"165,616",100% bearish,of 1 rating,$44
CECO,$3.58,1441228234243,"156,061",67% bearish,of 3 ratings,$6
CDNA,$6.98,1441228234370,"6,403",100% bearish,of 1 rating,$9
CARO,$15.35,1441228234397,"3,821",100% bearish,of 1 rating,$19
CTRE,$11.075,1441228234426,"204,115",50% bullish,of 2 ratings,$13.50
CKEC,$23.15,1441228234448,"59,431",50% bullish,of 2 ratings,$35.915
CLBH,$12.74,1441228234468,743,Not yet rated,NULL,$16.50
CART,$5.39,1441228234500,"1,300",100% bearish,of 1 rating,N/A
CRZO,$34.57,1441228234712,"494,579",67% bearish,of 3 ratings,$54.50
CASM,$1.1884,1441228234739,"4,682",100% bullish,of 1 rating,$3.50
CARV,NULL,1441228234760,0,50% bullish,of 2 ratings,N/A
TAST,$12.75,1441228234798,"107,878",Not yet rated,NULL,$14.25
CACB,$5.4,1441228234895,"57,159",Not yet rated,NULL,$5.50
CSCD,$15.16,1441228234921,"7,781",100% bullish,of 2 ratings,$17
CRTN,$2.49,1441228234949,"5,615",100% bearish,of 1 rating,N/A
CWST,$6.3,1441228235082,"40,099",50% bullish,of 2 ratings,$7.25
CASI,$1.35,1441228235111,"5,900",100% bullish,of 1 rating,$3.50
CASS,$48.3697,1441228235132,"6,790",100% bearish,of 1 rating,N/A
CASY,$104.52,1441228235168,"231,715",50% bullish,of 2 ratings,$99.50
CATB,$11.88,1441228235263,"26,986",100% bearish,of 1 rating,$28
CPRX,$3.76,1441228235322,"140,340",71% bullish,of 7 ratings,$7
CVCO,$72.3945,1441228235418,"16,640",100% bearish,of 1 rating,N/A
CATYW,NULL,1441228235443,0,100% bearish,of 1 rating,N/A
CATY,$29.02,1441228235476,"302,200",100% bearish,of 1 rating,$33.50
CBFV,$21.4899,1441228235505,807,Not yet rated,NULL,$25
CAVM,$66.84,1441228235528,"171,949",67% bearish,of 3 ratings,$72
CNLM,$9.92,1441228235572,100,Not yet rated,NULL,N/A
CNLMR,NULL,1441228235597,0,Not yet rated,NULL,N/A
CNLMU,NULL,1441228235772,0,100% bullish,of 1 rating,N/A
CNLMW,NULL,1441228235811,0,Not yet rated,NULL,N/A
CDK,$48.75,1441228235836,"194,164",67% bearish,of 3 ratings,$50
CBOE,$63.68,1441228235872,"347,325",Not yet rated,NULL,$60
CDW,$38.76,1441228235974,"506,192",75% bullish,of 4 ratings,$44
CECE,$9.71,1441228236014,"54,133",50% bullish,of 2 ratings,$16
CPXX,$2.23,1441228236079,"114,304",100% bullish,of 2 ratings,$7
CELGZ,$1.84,1441228236106,"14,810",80% bullish,of 5 ratings,N/A
CELG,$119.09,1441228236158,"2,995,194",100% bullish,of 13 ratings,$156
CLDN,$1.16,1441228236195,"85,434",71% bullish,of 7 ratings,$3
CLDX,$14.73,1441228236260,"500,590",89% bullish,of 9 ratings,$36
CLLS,$32.67,1441228236293,"46,533",75% bullish,of 4 ratings,$51.50
CLRBW,$0.9201,1441228236313,"1,000",Not yet rated,NULL,N/A
CLRB,$3.08,1441228236343,726,100% bearish,of 1 rating,N/A
CBMG,$23.64,1441228236508,"88,440",50% bullish,of 2 ratings,N/A
CLSN,$2.02,1441228236540,"20,320",80% bullish,of 10 ratings,$7.50
CLTX,$2.1301,1441228236646,"187,366",100% bullish,of 2 ratings,N/A
CYAD,$49.76,1441228236676,"5,270",100% bullish,of 1 rating,$87.50
CETX,$2.3999,1441228236706,"8,794",Not yet rated,NULL,$5.60
CSFL,$13.73,1441228236756,"47,348",Not yet rated,NULL,$15
CEMP,$34.88,1441228236785,"281,984",71% bullish,of 7 ratings,$52
CETV,$2.1004,1441228236810,"39,761",67% bullish,of 3 ratings,$2.80
CFBK,$1.37,1441228236856,800,Not yet rated,NULL,N/A
CENX,$5.2,1441228236944,"1,497,886",67% bullish,of 6 ratings,$9
CENTA,$13.61,1441228236997,"109,146",Not yet rated,NULL,N/A
CVCY,$11.7,1441228237030,"2,961",Not yet rated,NULL,$12
CENT,$13.25,1441228237085,"100,186",Not yet rated,NULL,$10
CNBKA,$41.1882,1441228237134,294,50% bullish,of 2 ratings,N/A
CNTY,$5.94,1441228237159,"13,388",80% bullish,of 5 ratings,$7.75
CPHD,$48.37,1441228237285,"239,368",67% bearish,of 3 ratings,$66.50
CERE,$1.07,1441228237385,"180,714",88% bullish,of 8 ratings,N/A
CRNT,$1.3999,1441228237414,"59,608",50% bullish,of 2 ratings,$2
CERN,$61,1441228237466,"830,673",67% bullish,of 3 ratings,$79
CEVA,$18.95,1441228237517,"19,215",100% bearish,of 1 rating,$25
CERS,$5.065,1441228237546,"495,241",75% bullish,of 4 ratings,$7
CERU,$4.21,1441228237569,"19,858",75% bullish,of 4 ratings,$14
KOOL,$0.6768,1441228237606,"22,445",100% bullish,of 5 ratings,$7
CYOU,$19.48,1441228237646,"145,288",50% bullish,of 6 ratings,$24
HOTRW,$0.205,1441228237709,200,Not yet rated,NULL,N/A
HOTR,$1.39,1441228237773,"61,237",100% bullish,of 2 ratings,$5
CTHR,$1.355,1441228237874,"1,671",50% bullish,of 2 ratings,$2.50
GTLS,$23.22,1441228237925,"355,112",50% bullish,of 4 ratings,$40
CHTR,$179.76,1441228237960,"426,623",100% bearish,of 2 ratings,$202
CHFN,$12.2324,1441228238062,"16,555",Not yet rated,NULL,$14
CHKP,$78.24,1441228238084,"867,075",50% bullish,of 4 ratings,$92
CHEK,$2.33,1441228238167,"3,981",Not yet rated,NULL,$7.75
CHEKW,$0.74,1441228238211,115,Not yet rated,NULL,N/A
CEMI,$4.23,1441228238239,"10,947",50% bullish,of 2 ratings,$7.50
CHFC,$30.73,1441228238315,"33,075",100% bearish,of 1 rating,$36
CCXI,$6.5913,1441228238343,"21,820",67% bullish,of 3 ratings,$14
CHEV,$14.5401,1441228238385,"4,198",Not yet rated,NULL,N/A
CHKE,$25.75,1441228238416,"28,114",100% bearish,of 1 rating,$32.50
CHMG,$26.38,1441228238510,"1,200",Not yet rated,NULL,$30
CHMA,$28.35,1441228238559,"109,744",Not yet rated,NULL,$40
CBNK,NULL,1441228238612,0,100% bearish,of 1 rating,N/A
PLCE,$59.02,1441228238648,"161,864",100% bearish,of 1 rating,$69
CMRX,$51.03,1441228238823,"151,652",50% bullish,of 2 ratings,$57
CADC,$3.33,1441228238845,200,78% bullish,of 9 ratings,N/A
CALI,$0.8461,1441228238880,"22,235",67% bullish,of 3 ratings,N/A
CAAS,$6.06,1441228238921,"9,470",93% bullish,of 14 ratings,$11.50
CBAK,$1.77,1441228238950,"57,184",67% bullish,of 9 ratings,N/A
CBPO,$96.58,1441228238975,"65,856",75% bullish,of 8 ratings,$140.50
CCCL,NULL,1441228239020,0,100% bullish,of 6 ratings,N/A
CCCR,$0.7389,1441228239113,"2,845",67% bearish,of 3 ratings,N/A
JRJC,$3.39,1441228239294,"99,358",82% bullish,of 11 ratings,N/A
HGSH,$1.73,1441228239324,"6,003",67% bullish,of 3 ratings,N/A
CHOP,$1.1599,1441228239354,"3,610",50% bullish,of 2 ratings,N/A
CNIT,$1.18,1441228239427,"98,549",67% bullish,of 6 ratings,N/A
CHLN,$1.9365,1441228239453,"2,680",67% bullish,of 3 ratings,N/A
CJJD,$1.8,1441228239529,"3,878",100% bullish,of 1 rating,N/A
HTHT,$25.52,1441228239581,"72,740",50% bullish,of 2 ratings,$28.40
CHNR,$1.4799,1441228239917,"1,018",100% bearish,of 1 rating,N/A
CREG,$0.65,1441228239945,"4,650",100% bullish,of 3 ratings,N/A
CNTF,$0.8001,1441228239974,"21,822",Not yet rated,NULL,N/A
CSUN,$1.4084,1441228240002,"4,426",80% bullish,of 5 ratings,N/A
CPGI,NULL,1441228240031,0,Not yet rated,NULL,N/A
CXDC,$5.84,1441228240135,"15,277",67% bearish,of 3 ratings,N/A
CNYD,$3.15,1441228240290,410,67% bullish,of 3 ratings,N/A
CCIH,$7.19,1441228240543,"39,595",67% bullish,of 6 ratings,$12.65
IMOS,$18.87,1441228240759,"157,377",60% bullish,of 5 ratings,$21.50
CNET,$0.8341,1441228240796,"7,112",50% bullish,of 2 ratings,N/A
CHSCO,$28.3906,1441228241179,"1,972",Not yet rated,NULL,N/A
CHSCM,$26.24,1441228241207,"13,202",Not yet rated,NULL,N/A
CHSCL,$27.15,1441228241228,"22,500",Not yet rated,NULL,N/A
CHSCN,$27.04,1441228241249,"10,883",Not yet rated,NULL,N/A
CHDN,$131.05,1441228241960,"39,783",Not yet rated,NULL,$165
CHSCP,$30.461,1441228242126,"4,217",Not yet rated,NULL,N/A
CMCT,$15.5,1441228242187,225,100% bearish,of 1 rating,N/A
CHUY,$31.81,1441228242212,"132,830",50% bullish,of 2 ratings,$34
CIFC,$7.01,1441228242258,"1,825",100% bearish,of 1 rating,N/A
CMPR,$69.32,1441228242308,"123,233",50% bullish,of 2 ratings,$72.50
CDTX,$14.2028,1441228242329,"5,411",Not yet rated,NULL,$22
CINF,$52.17,1441228243027,"444,656",50% bullish,of 4 ratings,$50.50
CIDM,$0.5718,1441228243086,"16,481",50% bullish,of 2 ratings,$2.10
CTAS,$84.49,1441228243116,"205,613",100% bearish,of 1 rating,$91
CPHR,$5.23,1441228243219,"10,655",100% bearish,of 1 rating,$17
CSCO,$25.59,1441228243249,"13,034,827",83% bullish,of 210 ratings,$32
CZNC,$19.6139,1441228243278,"2,421",Not yet rated,NULL,N/A
CTRN,$26.06,1441228243307,"39,263",100% bearish,of 1 rating,$31.50
CRUS,$29.39,1441228243347,"391,287",75% bullish,of 12 ratings,$44.50
CZWI,$8.95,1441228243376,307,Not yet rated,NULL,N/A
CIZN,$19.62,1441228243403,100,Not yet rated,NULL,N/A
CZFC,NULL,1441228243435,0,Not yet rated,NULL,N/A
CTXS,$67.165,1441228243534,"1,503,968",86% bullish,of 7 ratings,$80
CIVBP,NULL,1441228243609,0,Not yet rated,NULL,N/A
CHCO,$47.27,1441228243663,"28,687",Not yet rated,NULL,$46
CIVB,$10,1441228243691,"1,062",Not yet rated,NULL,$11
CDTI,$1.56,1441228243712,"113,417",75% bullish,of 4 ratings,$3.20
CLNT,$1.5622,1441228243904,"13,796",75% bullish,of 8 ratings,N/A
CLNE,$5.075,1441228243952,"460,797",80% bullish,of 15 ratings,$9
CLIR,$5.024,1441228244032,"14,333",100% bullish,of 3 ratings,N/A
CBLI,$4.27,1441228244061,"265,671",60% bullish,of 5 ratings,N/A
CLRO,$11.36,1441228244082,"7,308",50% bullish,of 2 ratings,$14.25
CLFD,$17.2134,1441228244117,"32,344",67% bullish,of 3 ratings,$18
CSBK,$13.85,1441228244138,"31,692",Not yet rated,NULL,N/A
CME,$92.28,1441228244269,"615,591",67% bullish,of 3 ratings,$102
CMFN,$11.44,1441228244303,"9,721",100% bearish,of 1 rating,$15.50
CLVS,$83.24,1441228244324,"247,550",60% bullish,of 5 ratings,$101.50
CCNE,$17.05,1441228244399,"6,850",50% bullish,of 2 ratings,$21.50
CNV,$4.45,1441228244425,"10,026",50% bullish,of 2 ratings,$7.15
CISG,$7.91,1441228244465,"17,436",100% bullish,of 5 ratings,$10
CWAY,$11.15,1441228244604,"6,832",Not yet rated,NULL,N/A
COKE,$153.8825,1441228244696,"10,608",79% bullish,of 19 ratings,N/A
COBZ,$12.76,1441228244755,"52,735",100% bullish,of 1 rating,$14
CDRB,$8.5,1441228244785,"179,462",67% bullish,of 3 ratings,N/A
CDXS,$3.59,1441228244887,"8,561",64% bullish,of 11 ratings,$6
CGNT,$1.56,1441228244921,"11,561",100% bullish,of 2 ratings,$2
CVLY,$20.527,1441228244943,100,Not yet rated,NULL,N/A
CCOI,$27.37,1441228244976,"178,397",50% bullish,of 4 ratings,$35
CGNX,$34.79,1441228244997,"192,215",50% bullish,of 2 ratings,$47
JVA,$4.7175,1441228245079,"18,258",83% bullish,of 6 ratings,$7
CTSH,$62.38,1441228245142,"1,708,962",90% bullish,of 10 ratings,$75
COHR,$56.03,1441228245276,"63,760",50% bullish,of 2 ratings,$72
CHRS,$27.62,1441228245301,"26,791",67% bearish,of 3 ratings,$37
CLRX,$0.6401,1441228245337,"96,659",50% bullish,of 2 ratings,N/A
COHU,$9.52,1441228245366,"47,193",100% bearish,of 1 rating,$14.25
CLCT,$17.6035,1441228245464,"27,524",100% bearish,of 1 rating,N/A
CLCD,$6.07,1441228245571,"41,645",100% bearish,of 1 rating,$20.50
CIGI,$45.2,1441228245606,"41,266",100% bearish,of 1 rating,$52
COLL,$15.1,1441228245636,"105,002",100% bearish,of 1 rating,$26
COLM,$60.75,1441228245701,"71,794",100% bearish,of 1 rating,$71
CBAN,$8.98,1441228245725,401,Not yet rated,NULL,N/A
COLB,$29.28,1441228245755,"125,168",Not yet rated,NULL,$36
CBMX,$1.15,1441228245801,"11,664",83% bullish,of 6 ratings,$3.15
CMCSA,$55.78,1441228245889,"9,744,496",66% bullish,of 35 ratings,$69.50
CMCO,$18.84,1441228245928,"46,008",60% bullish,of 5 ratings,$28
CMCSK,$57.01,1441228246073,"1,941,440",Not yet rated,NULL,$84
CBSHP,$25.45,1441228246352,"1,500",100% bearish,of 1 rating,N/A
CBSH,$43.5,1441228246400,"203,851",50% bullish,of 2 ratings,$46
CSAL,$20.5,1441228246480,"403,487",75% bullish,of 4 ratings,$30
COMM,$32.145,1441228246511,"712,268",67% bearish,of 3 ratings,$35
CUBN,$13.4,1441228246542,"3,573",Not yet rated,NULL,N/A
JCS,$9.26,1441228246567,"1,613",67% bullish,of 3 ratings,N/A
CVGI,$4.95,1441228246592,"48,070",50% bullish,of 2 ratings,$6
ESXB,$5.09,1441228246619,101,Not yet rated,NULL,N/A
CWBC,$6.84,1441228246760,"48,762",Not yet rated,NULL,N/A
COB,$10.4621,1441228246790,"5,300",100% bullish,of 1 rating,$11.75
CYHHZ,$0.0109,1441228246817,"27,141",100% bullish,of 1 rating,N/A
CTBI,$34.55,1441228246862,"10,495",Not yet rated,NULL,$36
CVLT,$35.33,1441228246891,"338,666",75% bullish,of 4 ratings,$44.50
CIZ,NULL,1441228246950,0,100% bearish,of 1 rating,N/A
CIL,NULL,1441228246996,0,Not yet rated,NULL,N/A
CDC,$34.01,1441228247158,"31,547",Not yet rated,NULL,N/A
CID,NULL,1441228247193,0,Not yet rated,NULL,N/A
CSA,$32.4701,1441228247218,255,Not yet rated,NULL,N/A
CFO,$34.85,1441228247287,"5,298",100% bearish,of 1 rating,N/A
CSF,$36.2,1441228247316,"1,640",100% bearish,of 1 rating,N/A
CFA,$34.74,1441228247388,625,100% bearish,of 1 rating,N/A
CDL,$32.94,1441228247415,180,Not yet rated,NULL,N/A
CSB,$32.3,1441228247485,"1,172",Not yet rated,NULL,N/A
CGEN,$4.97,1441228247568,"36,281",50% bullish,of 2 ratings,$11
CHCI,$0.6784,1441228247596,"1,600",50% bullish,of 2 ratings,N/A
CTG,$6.69,1441228247617,"10,737",100% bearish,of 1 rating,$8.50
CPSI,$45.56,1441228247653,"61,601",100% bearish,of 1 rating,$45.50
SCOR,$44.345,1441228247745,"1,156,085",100% bearish,of 1 rating,$66
CMTL,$25.67,1441228247813,"40,163",100% bearish,of 2 ratings,$37
CNSI,$18.02,1441228247885,"56,432",100% bearish,of 2 ratings,$29
CNAT,$3.98,1441228247911,"75,064",83% bullish,of 6 ratings,$13
CNCE,$16.57,1441228247971,"92,716",75% bullish,of 4 ratings,$22
CXRX,$79.808,1441228248043,"1,006",100% bearish,of 1 rating,$90
CCUR,$5.33,1441228248175,"19,051",75% bullish,of 4 ratings,N/A
CDOR,$1.28,1441228248200,"2,785",100% bullish,of 1 rating,N/A
CDORO,$19,1441228248256,160,100% bearish,of 1 rating,N/A
CDORP,$6.5501,1441228248351,"1,133",100% bearish,of 1 rating,N/A
CFMS,$14.19,1441228248387,"346,060",100% bearish,of 1 rating,$26.50
CNFR,$10.12,1441228248445,"1,754",Not yet rated,NULL,N/A
CNMD,$51.22,1441228248477,"163,595",Not yet rated,NULL,$59
CTWS,$34.7,1441228248518,"14,977",100% bearish,of 1 rating,$44
CNXR,$7.06,1441228248603,"65,440",100% bearish,of 1 rating,$12
CNOB,$19.11,1441228248715,"15,990",100% bullish,of 1 rating,$23.50
CONN,$28.485,1441228248751,"318,506",67% bullish,of 3 ratings,$48.50
CNSL,$19.2525,1441228248772,"116,534",100% bearish,of 1 rating,$23
CWCO,$10.37,1441228248845,"37,437",67% bullish,of 3 ratings,$14.50
CTCT,$24.155,1441228248870,"108,629",67% bullish,of 3 ratings,$37
CPSS,$5.6,1441228248932,"19,613",100% bullish,of 1 rating,$10
CFRX,$4.77,1441228248963,"10,298",Not yet rated,NULL,$14
CFRXZ,$0.439,1441228249063,"1,850",Not yet rated,NULL,N/A
CFRXW,NULL,1441228249131,0,100% bearish,of 1 rating,N/A
CTRL,$8.34,1441228249195,"54,619",50% bullish,of 2 ratings,$11
CPRT,$35.04,1441228249221,"240,140",67% bearish,of 3 ratings,$40
CTRV,$3.75,1441228249242,"8,363",Not yet rated,NULL,$6.40
CRBP,$1.92,1441228249278,"137,340",100% bullish,of 2 ratings,$6.25
CORT,$5.06,1441228249374,"201,688",67% bullish,of 3 ratings,$12
BVA,NULL,1441228249406,0,50% bullish,of 2 ratings,N/A
CORE,$60.17,1441228249555,"59,526",100% bearish,of 1 rating,$72
CORI,$10.74,1441228249583,"47,195",100% bearish,of 1 rating,$18
CRVL,$31.1162,1441228249611,"12,957",100% bearish,of 1 rating,N/A
CSOD,$36.19,1441228249636,"196,607",50% bullish,of 2 ratings,$42
COSI,$1.12,1441228249770,"34,276",100% bullish,of 1 rating,N/A
CSGP,$174.28,1441228249804,"80,012",50% bullish,of 2 ratings,$235
COST,$140.1,1441228249836,"915,837",79% bullish,of 24 ratings,$154.50
CVTI,$22.72,1441228249903,"56,807",67% bearish,of 3 ratings,$39
CPAH,$0.4305,1441228249933,400,50% bullish,of 2 ratings,N/A
ICBK,$18.4,1441228249958,"1,300",Not yet rated,NULL,$21
COVS,$2.52,1441228250030,"43,079",67% bullish,of 3 ratings,N/A
COWN,$5.115,1441228250137,"451,210",75% bullish,of 4 ratings,$7
CPSH,$2.377,1441228250546,"4,400",Not yet rated,NULL,N/A
CBRL,$145.28,1441228250586,"125,370",50% bullish,of 2 ratings,$155
CRAI,$23.49,1441228250612,"33,204",100% bearish,of 1 rating,$36
COWNL,$26.4399,1441228250641,"1,850",Not yet rated,NULL,N/A
BREW,$7.7516,1441228250743,"9,028",67% bullish,of 6 ratings,$15
SLVO,$10.16,1441228250784,"2,785",100% bearish,of 1 rating,N/A
GLDI,$11.054,1441228250813,"4,219",100% bearish,of 1 rating,N/A
CRAY,$20.58,1441228250874,"132,169",83% bullish,of 6 ratings,$38.50
CACC,$201.52,1441228250914,"96,921",50% bullish,of 2 ratings,$158.50
CRESY,$10.19,1441228250969,"26,341",100% bearish,of 1 rating,$19
CREE,$26.38,1441228251042,"665,433",65% bullish,of 17 ratings,$29.50
CRTO,$38.52,1441228251075,"384,348",67% bullish,of 6 ratings,$64
CCRN,$14.2,1441228251108,"109,590",100% bearish,of 1 rating,$14.25
CROX,$14.17,1441228251135,"386,943",63% bullish,of 8 ratings,$16.50
CRDS,$0.95,1441228251169,"55,463",50% bullish,of 4 ratings,$4.50
CRWS,$7.99,1441228251207,"11,080",Not yet rated,NULL,$10
CRWN,$4.91,1441228251455,"182,215",75% bullish,of 4 ratings,N/A
CYRX,$2.92,1441228251547,913,Not yet rated,NULL,$9
CCLP,$14.3599,1441228251578,"40,781",67% bearish,of 3 ratings,$20
CSPI,$5.69,1441228251599,"10,973",67% bullish,of 3 ratings,N/A
CYRXW,$0.7684,1441228251632,"8,000",Not yet rated,NULL,N/A
CSGS,$30.4,1441228251653,"112,822",Not yet rated,NULL,$40
CTCM,$1.69,1441228251685,"63,128",80% bearish,of 5 ratings,$3.90
CTIB,$3.7455,1441228251729,"1,000",100% bearish,of 1 rating,N/A
CTIC,$1.58,1441228251813,"277,806",84% bullish,of 76 ratings,$5.75
CTRP,$65.38,1441228251892,"688,877",75% bullish,of 8 ratings,$92.50
CUNB,$21.8744,1441228251917,"15,034",Not yet rated,NULL,$24.50
CUI,$5.56,1441228251945,"26,046",50% bullish,of 2 ratings,$10
CMLS,$1.315,1441228251996,"270,536",50% bullish,of 4 ratings,$6
CPIX,$6.0401,1441228252021,"5,613",Not yet rated,NULL,N/A
CVBF,$15.86,1441228252230,"179,379",Not yet rated,NULL,$18
CVV,$11.34,1441228252263,"8,959",100% bullish,of 5 ratings,N/A
CRIS,$2.68,1441228252285,"154,769",100% bullish,of 8 ratings,$6
CUTR,$15.003,1441228252316,"33,723",67% bearish,of 3 ratings,$18
CYBR,$50.89,1441228252346,"660,505",75% bullish,of 8 ratings,$68.50
CYAN,$6.5,1441228252374,"2,680",100% bearish,of 1 rating,N/A
CYBX,$64.06,1441228252447,"142,126",50% bullish,of 4 ratings,$71.50
CYBE,$6.72,1441228252582,"4,353",100% bearish,of 1 rating,N/A
CBAY,$2.61,1441228252642,"28,684",100% bullish,of 1 rating,$4
CYCCP,NULL,1441228252674,0,100% bearish,of 1 rating,N/A
CYCC,$0.5598,1441228252696,"39,924",73% bullish,of 11 ratings,N/A
CYNA,$16.15,1441228252741,"17,127",50% bullish,of 2 ratings,$31.50
CYNO,$31.9,1441228252779,"112,951",67% bearish,of 3 ratings,$45.50
CYRN,$1.79,1441228252940,"1,919",67% bullish,of 3 ratings,$4
CONE,$31.31,1441228252999,"156,765",67% bearish,of 3 ratings,$35.50
CYTK,$7.19,1441228253073,"184,711",71% bullish,of 14 ratings,$13.50
CY,$10.23,1441228253102,"6,057,376",80% bullish,of 10 ratings,$15.50
CYTR,$2.37,1441228253123,"187,320",67% bullish,of 6 ratings,$10
CTSO,$7.32,1441228253178,"89,846",Not yet rated,NULL,$15.625
TVIX,$15.21,1441228253255,"11,121,962",81% bullish,of 16 ratings,N/A
DAEG,$0.3535,1441228253282,"8,728",100% bearish,of 1 rating,N/A
CYTX,$0.3533,1441228253335,"1,030,960",83% bullish,of 12 ratings,$5.50
TVIZ,$22.46,1441228253361,"14,135",100% bearish,of 1 rating,N/A
ZIV,$36.38,1441228253488,"115,572",Not yet rated,NULL,N/A
XIV,$24.62,1441228253520,"16,150,025",75% bearish,of 4 ratings,N/A
DAKT,$8.57,1441228253585,"107,380",50% bullish,of 2 ratings,$12
DJCO,$194.0388,1441228253616,231,Not yet rated,NULL,N/A
DARA,$0.8451,1441228253645,"17,609",83% bullish,of 6 ratings,$1.50
DAIO,$2.65,1441228253670,"3,954",Not yet rated,NULL,N/A
DTLK,$5.53,1441228253862,"37,473",100% bearish,of 1 rating,$9
DRAM,$1.35,1441228253896,"5,092",78% bullish,of 9 ratings,N/A
DWCH,$5.03,1441228253937,"9,886",75% bullish,of 4 ratings,$8.25
DTEA,$12.99,1441228254034,"26,549",100% bearish,of 2 ratings,$24
DWSN,$4.4,1441228254063,"15,413",67% bullish,of 3 ratings,N/A
PLAY,$35.72,1441228254085,"143,964",100% bullish,of 5 ratings,$42
DBVT,$38.36,1441228254117,"51,231",100% bearish,of 1 rating,$53
TRAK,$62.79,1441228254138,"280,749",50% bullish,of 2 ratings,$62.50
DHRM,$1.63,1441228254291,"2,190",Not yet rated,NULL,N/A
DFRG,$14.49,1441228254423,"118,631",100% bearish,of 1 rating,$20
TACOW,$3.9,1441228254455,"157,991",100% bullish,of 1 rating,N/A
TACO,$12.93,1441228254476,"156,246",75% bullish,of 4 ratings,$20
DELT,$2.24,1441228254507,200,Not yet rated,NULL,N/A
DGAS,$20.67,1441228254528,"1,010",67% bearish,of 3 ratings,N/A
DCTH,$0.41,1441228254556,"115,699",78% bullish,of 9 ratings,N/A
DEPO,$26.815,1441228254709,"406,443",60% bullish,of 5 ratings,$29
DEST,$10.82,1441228254777,"44,024",50% bullish,of 2 ratings,N/A
DENN,$11.29,1441228254806,"237,982",100% bullish,of 3 ratings,$15
DELTW,NULL,1441228254831,0,Not yet rated,NULL,N/A
DSCI,$5.95,1441228254858,"40,589",50% bullish,of 2 ratings,$16
XRAY,$51.68,1441228254879,"276,044",100% bullish,of 1 rating,$58
DERM,$26.37,1441228255010,"42,549",100% bearish,of 1 rating,$33.50
DXLG,$6.49,1441228255053,"137,962",100% bearish,of 1 rating,$8
DXM,$0.28,1441228255158,"271,996",50% bullish,of 2 ratings,N/A
DXCM,$89.18,1441228255350,"280,600",57% bullish,of 7 ratings,$98
DMND,$30.22,1441228255504,"96,634",75% bullish,of 12 ratings,$32
DHIL,$191.2582,1441228255602,"1,026",Not yet rated,NULL,N/A
DRNA,$11.32,1441228255627,"91,950",67% bearish,of 3 ratings,$25
DCIX,$1.59,1441228255652,"44,841",50% bullish,of 4 ratings,$3.50
DRAD,$3.775,1441228255855,"11,244",100% bullish,of 1 rating,$5.25
DGLY,$7.21,1441228256067,"193,028",50% bullish,of 6 ratings,$20
DSWL,$1.57,1441228256169,"13,304",100% bullish,of 1 rating,N/A
DHXM,$6.8,1441228256194,500,Not yet rated,NULL,N/A
DCOM,$16.58,1441228256220,"34,835",100% bearish,of 2 ratings,$16
DMRC,$39.24,1441228256371,"33,529",100% bearish,of 1 rating,$44
APPS,$2.235,1441228256543,"411,803",100% bearish,of 1 rating,$10.25
DGII,$10.16,1441228256634,"10,411",100% bearish,of 1 rating,$11
DIOD,$19.56,1441228256761,"67,669",75% bearish,of 4 ratings,$24
FANG,$67.27,1441228256793,"628,764",50% bullish,of 2 ratings,$86
DPRX,$14.86,1441228257295,"11,255",100% bullish,of 2 ratings,$27.75
DLHC,$2.6624,1441228257523,"2,786",100% bearish,of 1 rating,N/A
DNBF,$26.05,1441228257662,"1,428",Not yet rated,NULL,$27.50
DISH,$59,1441228257688,"997,686",69% bullish,of 13 ratings,$73
DLTR,$67.41,1441228257734,"5,918,925",82% bullish,of 11 ratings,$88
BAGR,$2.72,1441228257868,"9,500",100% bearish,of 1 rating,$6
DVCR,$10.94,1441228257931,"2,511",100% bullish,of 1 rating,N/A
DISCA,$26.69,1441228257956,"1,322,953",67% bullish,of 3 ratings,$34
DMLP,$14.75,1441228258014,"41,013",100% bearish,of 1 rating,N/A
DSCO,$0.436,1441228258214,"199,782",83% bullish,of 6 ratings,$2.75
DORM,$50.26,1441228258315,"182,437",100% bearish,of 1 rating,$56
HILL,$9.69,1441228258379,"750,272",60% bearish,of 5 ratings,$9.75
DISCB,NULL,1441228258444,0,100% bearish,of 1 rating,$35
DISCK,$25.45,1441228258508,"521,182",100% bearish,of 1 rating,$32
DWA,$20.09,1441228258704,"885,718",63% bullish,of 8 ratings,$26
DRWIW,NULL,1441228258747,0,Not yet rated,NULL,N/A
DRWI,$0.218,1441228258809,"1,229,772",60% bullish,of 5 ratings,$.45
DSPG,$8.69,1441228258914,"17,492",100% bearish,of 1 rating,$13.50
DRYS,$0.436,1441228258941,"1,090,642",77% bullish,of 31 ratings,$.60
DSKX,$3.44,1441228258967,"104,360",100% bullish,of 1 rating,N/A
CADT,$9.98,1441228259095,300,Not yet rated,NULL,N/A
CADTU,NULL,1441228259226,0,Not yet rated,NULL,N/A
DTSI,$28.41,1441228259358,"132,513",100% bearish,of 2 ratings,$39.50
DNKN,$48.72,1441228259540,"1,120,268",67% bullish,of 15 ratings,$56.50
CADTR,NULL,1441228259705,0,Not yet rated,NULL,N/A
CADTW,NULL,1441228259735,0,Not yet rated,NULL,N/A
DXPE,$29.74,1441228259756,"116,546",50% bullish,of 2 ratings,N/A
DYAX,$23.01,1441228259836,"281,550",89% bullish,of 9 ratings,$30
BOOM,$10.6,1441228259926,"95,985",67% bullish,of 3 ratings,$12
DYSL,$1.46,1441228259965,"16,630",100% bullish,of 2 ratings,N/A
ETFC,$25.31,1441228260005,"1,315,209",57% bullish,of 14 ratings,$32.50
DYNT,$3,1441228260031,"3,927",75% bullish,of 4 ratings,N/A
DVAX,$28.94,1441228260096,"144,212",70% bullish,of 10 ratings,$40
DGICA,$14.03,1441228260127,"17,715",100% bearish,of 1 rating,$17
DGICB,NULL,1441228260148,0,100% bearish,of 1 rating,N/A
DRRX,$2.065,1441228260235,"182,167",50% bullish,of 6 ratings,$3
EBMT,$11.64,1441228260278,"1,400",Not yet rated,NULL,$13.50
EGBN,$41.01,1441228260378,"105,994",Not yet rated,NULL,$48
EGLE,$6.9814,1441228260447,"11,778",60% bullish,of 5 ratings,N/A
EROC,$1.49,1441228260537,"144,714",50% bullish,of 2 ratings,$3
ELNK,$8.44,1441228260578,"495,715",60% bullish,of 5 ratings,$9.50
EGRX,$82.42,1441228260640,"115,495",67% bullish,of 3 ratings,$97
EVBS,$6.5001,1441228260676,"2,550",Not yet rated,NULL,$7
EWBC,$38.94,1441228260707,"418,702",100% bearish,of 1 rating,$50
EBIX,$28.34,1441228260884,"120,139",69% bullish,of 13 ratings,$40
ECHO,$21.92,1441228261015,"467,941",67% bearish,of 3 ratings,$34.50
ECTE,$1.52,1441228261536,"5,894",75% bullish,of 4 ratings,N/A
EACQU,$10.15,1441228261786,"1,900",Not yet rated,NULL,N/A
EEI,$11.71,1441228261891,"11,621",67% bearish,of 3 ratings,N/A
ESES,$3.92,1441228261979,"2,276",100% bearish,of 1 rating,$7
EBAY,$26.815,1441228262047,"5,693,014",81% bullish,of 117 ratings,$34
EML,$16.25,1441228262072,"3,446",Not yet rated,NULL,N/A
SATS,$43.93,1441228262099,"69,292",50% bullish,of 2 ratings,$60
EDGW,$7.16,1441228262131,"2,559",100% bearish,of 1 rating,N/A
EDAP,$3.6153,1441228262152,"17,233",60% bullish,of 5 ratings,$4.50
EFUT,$4.6611,1441228262239,"1,400",Not yet rated,NULL,N/A
EDUC,$6.35,1441228262284,"55,646",100% bearish,of 1 rating,N/A
EGAN,$3.675,1441228262371,"7,125",50% bullish,of 2 ratings,$6.25
EGLT,$12.59,1441228262396,"87,149",50% bullish,of 2 ratings,$21
ECACU,$10.1,1441228262423,200,Not yet rated,NULL,N/A
EMITF,$1.23,1441228262820,"4,472",75% bullish,of 4 ratings,N/A
ELON,$0.5926,1441228262922,"14,979",50% bullish,of 2 ratings,N/A
LOCO,$12.67,1441228263109,"298,078",69% bullish,of 13 ratings,$19.50
ELRC,$10.62,1441228263431,"18,446",100% bearish,of 1 rating,N/A
ESLT,$78.5,1441228263535,"5,533",67% bullish,of 3 ratings,N/A
ESIO,$4.52,1441228263691,"36,909",50% bullish,of 2 ratings,$10
EHTH,$15.14,1441228263848,"86,318",50% bullish,of 4 ratings,$16.50
ELSE,$3.87,1441228264259,"2,051",60% bullish,of 5 ratings,N/A
ERI,$9.33,1441228264331,"89,161",100% bearish,of 1 rating,$10
ELECW,NULL,1441228264357,0,Not yet rated,NULL,N/A
EBIO,$3.55,1441228264390,"146,007",100% bearish,of 2 ratings,$8.35
EFII,$43.27,1441228264416,"75,726",80% bullish,of 5 ratings,$55
EA,$64.5,1441228264441,"1,758,207",78% bullish,of 36 ratings,$80
RDEN,$11.38,1441228264488,"60,024",100% bearish,of 4 ratings,$15
CAPX,$22.4599,1441228264735,101,Not yet rated,NULL,N/A
LONG,$16.95,1441228264762,"3,308",67% bullish,of 3 ratings,$15.75
ESBK,$19.85,1441228264783,639,Not yet rated,NULL,N/A
ELTK,$1.35,1441228264812,"47,540",67% bearish,of 3 ratings,N/A
ELEC,NULL,1441228264832,0,Not yet rated,NULL,N/A
EMMS,$1.1532,1441228265149,"14,524",83% bullish,of 6 ratings,N/A
EMKR,$6.91,1441228265179,"53,264",75% bullish,of 4 ratings,$8.50
EMCF,NULL,1441228265212,0,100% bearish,of 1 rating,N/A
EMMSP,$3.2,1441228265238,325,100% bearish,of 1 rating,N/A
ERS,$3.3999,1441228265264,"11,165",Not yet rated,NULL,N/A
NYNY,$4.21,1441228265294,"15,419",50% bullish,of 2 ratings,N/A
EMCI,$22.6245,1441228265320,"19,902",Not yet rated,NULL,N/A
ENTA,$39.06,1441228265563,"91,981",50% bullish,of 2 ratings,$42
ECPG,$38.62,1441228265595,"111,593",100% bullish,of 2 ratings,$52
WIRE,$31.54,1441228265616,"48,275",100% bearish,of 1 rating,$37
ECYT,$5.27,1441228265650,"144,078",83% bullish,of 6 ratings,$12
ELECU,$9.99,1441228265693,"6,100",Not yet rated,NULL,N/A
ELGX,$12.56,1441228265754,"271,358",75% bullish,of 4 ratings,$17
ENDP,$74.73,1441228265779,"599,602",50% bullish,of 6 ratings,$101.50
WATT,$6.96,1441228265911,"23,072",50% bullish,of 2 ratings,$13
EFOI,$24.7,1441228265939,"931,365",50% bullish,of 2 ratings,$24.50
EIGI,$14.89,1441228265965,"273,456",67% bearish,of 3 ratings,$22.50
ERII,$2.56,1441228265998,"51,006",80% bullish,of 5 ratings,$2.50
EXXI,$1.78,1441228266019,"1,022,069",86% bullish,of 7 ratings,$3.50
ENPH,$4.43,1441228266166,"462,352",75% bullish,of 4 ratings,$11
ENOC,$8.98,1441228266206,"103,504",75% bullish,of 4 ratings,$18
ESGR,$147.9325,1441228266269,"48,483",100% bearish,of 1 rating,$185
ENG,$1.0232,1441228266294,"36,634",100% bullish,of 3 ratings,N/A
ENFC,$17.54,1441228266556,"1,200",Not yet rated,NULL,N/A
ENTG,$13.43,1441228266618,"162,522",100% bearish,of 1 rating,$18
EFSC,$23.89,1441228266647,"26,212",Not yet rated,NULL,$27
EGT,$1.988,1441228266669,"6,101",100% bullish,of 1 rating,N/A
ENTL,$21.9244,1441228266701,"22,565",Not yet rated,NULL,$28
EBTC,$21.3243,1441228266722,715,Not yet rated,NULL,N/A
ENVI,$1.8899,1441228266857,"27,341",67% bullish,of 3 ratings,N/A
ETRM,$0.3051,1441228266892,"4,766,366",69% bearish,of 35 ratings,$1.625
ENZY,$10.5,1441228266919,"40,732",67% bullish,of 3 ratings,$9.50
ENZN,$1.03,1441228266991,"220,722",100% bullish,of 9 ratings,N/A
EPRS,$5.08,1441228267018,"18,689",82% bullish,of 11 ratings,$15
EPIQ,$12.75,1441228267153,"32,754",100% bearish,of 1 rating,$18
EPZM,$20.59,1441228267194,"253,657",60% bullish,of 5 ratings,$34
EQFN,NULL,1441228267254,0,100% bearish,of 1 rating,N/A
EAC,$3.3,1441228267281,"5,167",100% bearish,of 1 rating,$8
EQIX,$269.23,1441228267308,"432,789",75% bullish,of 4 ratings,$312.50
PLUS,$73,1441228267328,"38,744",50% bullish,of 2 ratings,$88
ERIC,$9.64,1441228267359,"1,490,512",67% bullish,of 9 ratings,$12.20
ERIE,$81.6,1441228267492,"12,701",Not yet rated,NULL,$73
ESCA,$18.0736,1441228267525,"10,817",100% bearish,of 1 rating,$22
ESCR,$0.195,1441228267562,"113,126",50% bullish,of 2 ratings,N/A
ESMC,$1.4,1441228267592,740,Not yet rated,NULL,N/A
ESSA,$12.95,1441228267661,"5,065",100% bearish,of 1 rating,N/A
ESCRP,NULL,1441228267689,0,100% bearish,of 1 rating,N/A
ESPR,$48.83,1441228267710,"817,555",70% bearish,of 10 ratings,$115
ESND,$33.37,1441228267891,"126,383",100% bearish,of 2 ratings,$40
EPIX,$5.95,1441228267932,100,Not yet rated,NULL,N/A
ETSY,$14.32,1441228267959,"243,033",80% bullish,of 5 ratings,$16
CLWT,NULL,1441228268021,0,100% bullish,of 1 rating,N/A
EEFT,$64.17,1441228268051,"111,158",100% bearish,of 1 rating,$67.50
ESSX,$0.471,1441228268072,"11,007",50% bullish,of 2 ratings,N/A
EVEP,$8.55,1441228268093,"102,697",50% bullish,of 2 ratings,$15
EVK,$3.69,1441228268131,300,75% bearish,of 4 ratings,N/A
ESEA,$4.6342,1441228268226,"10,285",100% bullish,of 1 rating,$15
EVOK,$3.34,1441228268259,"25,442",100% bearish,of 1 rating,$13.375
EVOL,$5.89,1441228268408,"7,848",75% bullish,of 4 ratings,$10
EVLV,$2.6505,1441228268449,"51,289",60% bullish,of 5 ratings,$4.625
EXAS,$22.04,1441228268475,"732,552",78% bullish,of 9 ratings,$31
EXA,$10.41,1441228268496,"103,890",100% bearish,of 1 rating,$13
EXAC,$19.17,1441228268554,"18,044",100% bearish,of 1 rating,$22.50
EXEL,$5.89,1441228268769,"3,271,317",81% bullish,of 16 ratings,$6
EXLS,$36.97,1441228268803,"86,105",50% bullish,of 2 ratings,$41
EXPO,$42.35,1441228268830,"48,100",100% bearish,of 1 rating,$45.50
EXPE,$113.06,1441228268851,"460,717",64% bullish,of 11 ratings,$130
EXFO,$2.91,1441228268886,200,67% bearish,of 3 ratings,$3.95
EXPD,$49.77,1441228268907,"1,191,757",80% bullish,of 5 ratings,$52
ESRX,$83.3,1441228268942,"1,635,930",67% bearish,of 6 ratings,$101
EXLP,$19.18,1441228269040,"96,093",100% bearish,of 1 rating,$25
EXTR,$3.09,1441228269130,"501,091",80% bullish,of 5 ratings,$3
EYEG,$3.59,1441228269211,"7,953",Not yet rated,NULL,N/A
EYEGW,$1.04,1441228269239,"1,800",Not yet rated,NULL,N/A
EZCH,$22.64,1441228269265,"37,660",75% bullish,of 8 ratings,$19.50
EZPW,$6.18,1441228269343,"149,053",50% bullish,of 4 ratings,$7
FB,$89.74,1441228269400,"14,038,095",73% bullish,of 1074 ratings,$111
FFIV,$120.71,1441228269434,"521,104",63% bullish,of 8 ratings,$132
FRP,$15.99,1441228269531,"35,833",100% bearish,of 1 rating,$18
FWM,$2.21,1441228269562,"91,714",100% bearish,of 2 ratings,$3.20
FCS,$13.435,1441228269591,"311,999",67% bearish,of 3 ratings,$17
FALC,$1.73,1441228269614,"17,973",63% bearish,of 8 ratings,N/A
FARM,$22.62,1441228269660,"32,692",100% bearish,of 1 rating,$35
FFKT,$26.02,1441228269750,"7,293",Not yet rated,NULL,$29
DAVE,$14.36,1441228269777,"8,363",100% bearish,of 1 rating,$15.50
FMNB,$8.173,1441228269807,"3,002",Not yet rated,NULL,N/A
FARO,$37.45,1441228269935,"38,317",50% bullish,of 2 ratings,$48
FAST,$38.21,1441228269962,"1,120,194",80% bullish,of 5 ratings,$45.50
FATE,$6.27,1441228270098,"16,766",50% bullish,of 2 ratings,$11
FBSS,NULL,1441228270123,0,Not yet rated,NULL,N/A
FNHC,$22.09,1441228270154,"24,418",100% bearish,of 1 rating,$35
FDML,$8.77,1441228270176,"141,809",50% bullish,of 4 ratings,$14
FEIC,$74.81,1441228270210,"170,999",50% bullish,of 2 ratings,$95.50
FBRC,$22.09,1441228270231,"27,198",100% bearish,of 1 rating,$29
FHCO,$1.4,1441228270305,"11,685",50% bullish,of 4 ratings,N/A
FGEN,$23.43,1441228270413,"206,566",100% bearish,of 1 rating,$39
FENX,$9.79,1441228270442,"70,941",100% bullish,of 1 rating,$14.25
FCSC,$5.6,1441228270472,"45,171",100% bearish,of 1 rating,$8.125
ONEQ,$186.1943,1441228270493,"16,040",100% bullish,of 1 rating,N/A
LION,$18.98,1441228270578,"31,494",100% bullish,of 1 rating,$20
FDUS,$14.845,1441228270631,"21,065",50% bullish,of 2 ratings,$18
FSC,$6.51,1441228270736,"442,951",60% bullish,of 5 ratings,$8
FSAM,$7.9116,1441228270761,"4,008",100% bearish,of 1 rating,$10.25
FRGI,$52.04,1441228270786,"84,655",50% bullish,of 2 ratings,$70
FSFR,$8.79,1441228271213,"107,126",100% bearish,of 1 rating,$11.50
FSCFL,$24.529,1441228271249,"3,862",Not yet rated,NULL,N/A
FITB,$19.32,1441228271276,"2,300,917",54% bullish,of 13 ratings,$22
FITBI,$27.46,1441228271301,"14,242",Not yet rated,NULL,N/A
FISI,$24.7349,1441228271351,"12,055",100% bullish,of 2 ratings,$24.50
FNGN,$30.83,1441228271372,"198,216",67% bullish,of 3 ratings,$47
FNSR,$15.22,1441228271454,"401,101",71% bullish,of 7 ratings,$24
FNJN,$1.77,1441228271506,"16,170",100% bearish,of 1 rating,$5
FNTCW,NULL,1441228271612,0,Not yet rated,NULL,N/A
FNTCU,NULL,1441228271639,0,Not yet rated,NULL,N/A
FNTC,NULL,1441228271664,0,Not yet rated,NULL,N/A
FEYE,$37.41,1441228271687,"1,729,549",88% bullish,of 16 ratings,$55.50
FRBA,$6.05,1441228271895,"7,815",Not yet rated,NULL,$8
FNLC,$18.7938,1441228271929,"5,233",100% bullish,of 1 rating,N/A
BUSE,$6.3613,1441228271950,"68,035",Not yet rated,NULL,$6.875
FBNC,$16.8434,1441228271971,"5,049",100% bullish,of 1 rating,$20
FBIZ,$22.63,1441228272011,"45,765",100% bearish,of 2 ratings,$26
FCVA,$4.75,1441228272042,605,Not yet rated,NULL,N/A
FCAP,$26.63,1441228272107,40,Not yet rated,NULL,N/A
FCFS,$39.56,1441228272141,"51,356",100% bearish,of 3 ratings,$47
FCNCA,$231.9875,1441228272342,"3,511",Not yet rated,NULL,N/A
FCCO,$12.09,1441228272378,775,Not yet rated,NULL,$13.25
FCLF,$9.35,1441228272399,371,Not yet rated,NULL,N/A
FCBC,$17.3325,1441228272431,"11,720",Not yet rated,NULL,$18
FFNM,$6.3,1441228272470,300,Not yet rated,NULL,N/A
FBNK,$16.9034,1441228272502,"23,682",100% bearish,of 1 rating,$17.50
FDEF,$36.84,1441228272562,"13,870",Not yet rated,NULL,$38
FCFP,$6.905,1441228272596,500,Not yet rated,NULL,N/A
FFBC,$18.16,1441228272668,"73,333",67% bearish,of 3 ratings,$20.25
FFBCW,NULL,1441228272692,0,100% bearish,of 1 rating,N/A
THFF,$32.76,1441228272825,"3,756",Not yet rated,NULL,$35
FFNW,$12.03,1441228272857,"7,869",Not yet rated,NULL,$14
FFWM,$21.17,1441228272888,"7,631",Not yet rated,NULL,$24
FFIN,$29.92,1441228272917,"71,877",50% bullish,of 2 ratings,$31.75
FIBK,$26.29,1441228273026,"57,697",Not yet rated,NULL,$32
INBK,$30.27,1441228273063,"11,136",50% bullish,of 2 ratings,$37
FRME,$26.03,1441228273165,"113,309",Not yet rated,NULL,$26.50
FMBH,$22.35,1441228273196,382,Not yet rated,NULL,N/A
FMBI,$17.24,1441228273228,"174,072",Not yet rated,NULL,$20
FNBC,$34.02,1441228273251,"113,728",Not yet rated,NULL,$40
FNFG,$8.93,1441228273294,"1,670,390",80% bullish,of 5 ratings,$9
FNWB,$11.96,1441228273327,"3,760",Not yet rated,NULL,N/A
FSFG,NULL,1441228273386,0,Not yet rated,NULL,N/A
FSGI,$2.49,1441228273530,"6,100",Not yet rated,NULL,N/A
FSBK,$7.81,1441228273561,"6,800",100% bullish,of 1 rating,N/A
FSLR,$47.77,1441228273587,"767,155",72% bullish,of 39 ratings,$65
BICK,$19.09,1441228273668,"1,075",100% bullish,of 1 rating,N/A
FCAN,$24.13,1441228273746,"28,049",Not yet rated,NULL,N/A
FTCS,$35.924,1441228273795,"256,181",100% bearish,of 1 rating,N/A
FBZ,$9.44,1441228273824,200,Not yet rated,NULL,N/A
FCA,$18.866,1441228273849,107,Not yet rated,NULL,N/A
FV,$23.13,1441228273887,"1,638,561",100% bearish,of 1 rating,N/A
IFV,$17.45,1441228273921,"349,037",100% bearish,of 1 rating,N/A
FEMB,NULL,1441228274024,0,Not yet rated,NULL,N/A
FEUZ,$30.4415,1441228274049,102,Not yet rated,NULL,N/A
FTSM,$59.96,1441228274078,"22,083",100% bearish,of 1 rating,N/A
TDIV,$24.54,1441228274184,"93,059",100% bearish,of 1 rating,N/A
MDIV,$18.97,1441228274262,"169,097",Not yet rated,NULL,N/A
FGM,$35.13,1441228274315,"16,462",Not yet rated,NULL,N/A
FTGC,$22.2801,1441228274394,"149,904",Not yet rated,NULL,N/A
HYLS,$49.57,1441228274419,"84,159",100% bearish,of 1 rating,N/A
FTHI,$19.23,1441228274446,"1,151",Not yet rated,NULL,N/A
FHK,$32.49,1441228276837,"8,414",Not yet rated,NULL,N/A
FPXI,$26.4,1441228276944,200,Not yet rated,NULL,N/A
YDIV,$16.1501,1441228276973,"1,923",Not yet rated,NULL,N/A
CU,$12.6499,1441228277073,"2,920",100% bearish,of 1 rating,N/A
SKYY,$28.52,1441228277102,"37,619",100% bullish,of 1 rating,N/A
PLTM,$6.16,1441228277203,"3,135",100% bearish,of 1 rating,N/A
FJP,$45.37,1441228277244,"78,412",Not yet rated,NULL,N/A
FTLB,$18.91,1441228277339,1,100% bearish,of 1 rating,N/A
CIBR,$17.5504,1441228277377,"24,033",Not yet rated,NULL,N/A
LMBS,$50.27,1441228277406,"1,866",Not yet rated,NULL,N/A
FMB,$51.19,1441228277432,"7,587",Not yet rated,NULL,N/A
QABA,$36.7114,1441228277458,"8,618",100% bearish,of 1 rating,N/A
FONE,$34.679,1441228277510,500,Not yet rated,NULL,N/A
QCLN,$14.8719,1441228277590,"10,789",Not yet rated,NULL,N/A
CARZ,$34.0182,1441228277646,392,100% bearish,of 1 rating,N/A
GRID,$31.04,1441228277672,330,100% bearish,of 1 rating,N/A
RDVY,$20.72,1441228277720,"5,311",Not yet rated,NULL,N/A
QQEW,$41.2901,1441228277823,"190,291",Not yet rated,NULL,N/A
QQXT,$40.0103,1441228277849,"13,627",Not yet rated,NULL,N/A
QTEC,$39.47,1441228277982,"17,052",Not yet rated,NULL,N/A
AIRR,$16.2801,1441228278019,"16,357",100% bearish,of 1 rating,N/A
QINC,$19.77,1441228278069,"1,225",Not yet rated,NULL,N/A
FTSL,$48.82,1441228278097,"51,513",100% bearish,of 1 rating,N/A
FSZ,$38.43,1441228278126,"69,486",Not yet rated,NULL,N/A
FKO,$22.47,1441228278147,312,Not yet rated,NULL,N/A
FDIV,$47.0499,1441228278167,"1,921",100% bearish,of 1 rating,N/A
FTW,$31.5,1441228278305,758,Not yet rated,NULL,N/A
TUSA,$24.32,1441228278334,"3,337",Not yet rated,NULL,N/A
FUNC,$8.15,1441228278432,500,Not yet rated,NULL,N/A
FMER,$17.33,1441228278498,"538,953",50% bullish,of 2 ratings,$20
FKU,$41.3017,1441228278523,"70,141",Not yet rated,NULL,N/A
SVVC,$9.27,1441228278549,"8,164",50% bullish,of 2 ratings,$26
FSV,$32.18,1441228278684,"31,279",Not yet rated,NULL,$33.60
FISV,$84.91,1441228278715,"732,351",100% bearish,of 3 ratings,$90
FIVE,$37.74,1441228278744,"1,350,262",75% bearish,of 4 ratings,$44
FIVN,$3.84,1441228278772,"76,294",100% bullish,of 1 rating,$8.50
FPRX,$19.65,1441228278802,"180,680",50% bullish,of 2 ratings,$35
FLML,$22.755,1441228278827,"145,110",50% bullish,of 2 ratings,$30
SKOR,$50.35,1441228278906,"7,650",Not yet rated,NULL,N/A
MBSD,$24.91,1441228279068,315,Not yet rated,NULL,N/A
FLXN,$26.31,1441228279096,"121,448",100% bearish,of 1 rating,$40
FLKS,$11.82,1441228279126,"32,605",50% bullish,of 2 ratings,$27
FLEX,$10.32,1441228279153,"788,654",63% bullish,of 8 ratings,$12
FLXS,$31.16,1441228279222,"12,133",100% bearish,of 2 ratings,N/A
FLIR,$28.25,1441228279330,"646,049",100% bearish,of 2 ratings,$38.50
FOMX,$10.09,1441228279434,"82,798",50% bullish,of 2 ratings,$23.50
FFIC,$19.56,1441228279460,"58,161",Not yet rated,NULL,$20.50
FLDM,$11.35,1441228279488,"145,994",67% bearish,of 3 ratings,$15
FONR,$9.77,1441228279509,"7,304",100% bullish,of 1 rating,N/A
FORM,$6.38,1441228279550,"278,289",67% bullish,of 3 ratings,$10.50
FOGO,$19.33,1441228279571,"62,205",50% bullish,of 2 ratings,$25.50
FORTY,$31.63,1441228279661,212,100% bearish,of 1 rating,N/A
FES,$0.8678,1441228279701,"34,307",50% bullish,of 2 ratings,$1
FORR,$31.1675,1441228279836,"27,001",Not yet rated,NULL,N/A
FTNT,$41.82,1441228279863,"580,313",80% bullish,of 10 ratings,$52
FBIO,$2.6,1441228279994,"60,590",83% bullish,of 6 ratings,N/A
FORD,$1.65,1441228280025,"2,100,063",67% bullish,of 3 ratings,N/A
FWP,$27.47,1441228280129,"73,403",100% bearish,of 1 rating,$45
FWRD,$43.87,1441228280161,"153,120",100% bearish,of 1 rating,$50
FXCB,$17.2535,1441228280189,"5,512",Not yet rated,NULL,$19
FOXF,$15.45,1441228280217,"15,871",100% bearish,of 1 rating,$19
FOSL,$60.45,1441228280238,"315,074",60% bearish,of 5 ratings,$80
FMI,$23.5,1441228280259,"116,367",100% bearish,of 2 ratings,$27.50
FRAN,$11.395,1441228280505,"346,692",50% bullish,of 4 ratings,$15
FRED,$12.85,1441228280533,"81,269",50% bullish,of 2 ratings,$15.50
FREE,$0.3901,1441228280554,"3,799,561",92% bullish,of 12 ratings,N/A
FELE,$27.75,1441228280585,"180,721",50% bullish,of 4 ratings,$33
FEIM,$11.17,1441228280615,"4,158",100% bearish,of 1 rating,N/A
RAIL,$20.81,1441228280719,"64,807",100% bearish,of 1 rating,$24.50
FTR,$5.185,1441228280779,"12,390,962",78% bullish,of 27 ratings,$6.25
FRPT,$12.39,1441228280848,"257,813",67% bearish,of 3 ratings,$23.50
FRPH,$31.4463,1441228280908,"2,287",100% bearish,of 1 rating,N/A
FSBW,$23.09,1441228280934,"5,080",Not yet rated,NULL,N/A
FTD,$29.54,1441228280963,"27,922",100% bearish,of 1 rating,$40
FTRPR,$102.5,1441228280984,"52,350",100% bearish,of 1 rating,N/A
FTEK,$1.98,1441228281023,"13,229",75% bullish,of 4 ratings,N/A
FSYS,$6.31,1441228281119,"230,307",67% bullish,of 3 ratings,$10
FCEL,$0.87,1441228281206,"742,125",88% bullish,of 41 ratings,$2.65
FULLL,NULL,1441228281301,0,Not yet rated,NULL,N/A
FULL,$3.115,1441228281337,"27,064",67% bearish,of 3 ratings,$4.25
FULT,$11.81,1441228281401,"341,461",100% bearish,of 1 rating,$13
FLL,$1.48,1441228281469,"55,812",75% bullish,of 4 ratings,$3.50
FSNN,$2.14,1441228281502,"8,900",67% bullish,of 3 ratings,$6
FXEN,$1,1441228281605,"162,540",75% bullish,of 4 ratings,$1.10
FFHL,$0.9947,1441228281634,870,50% bullish,of 4 ratings,N/A
GAIA,$6.03,1441228281660,"183,365",50% bullish,of 2 ratings,$8.50
FXENP,$16.05,1441228281685,100,100% bearish,of 1 rating,N/A
GK,$67.25,1441228281739,"60,387",Not yet rated,NULL,$78
WILC,$4.906,1441228281931,"2,310",100% bullish,of 2 ratings,N/A
GALT,$2.08,1441228282090,"55,932",80% bullish,of 5 ratings,N/A
GLPG,$57.74,1441228282169,"10,158",100% bullish,of 1 rating,$75
GALTW,$0.55,1441228282195,"5,162",100% bullish,of 1 rating,N/A
GALTU,$5.19,1441228282220,200,100% bearish,of 1 rating,N/A
GALE,$1.58,1441228282385,"563,633",89% bullish,of 47 ratings,$4
GPIC,$9.76,1441228282414,100,100% bearish,of 1 rating,N/A
GLMD,$8.46,1441228282448,"25,439",67% bullish,of 3 ratings,$20.50
GGAC,NULL,1441228282519,0,100% bearish,of 1 rating,N/A
GGACR,$0.26,1441228282549,"35,000",100% bullish,of 1 rating,N/A
GRMN,$37.24,1441228282571,"519,097",50% bullish,of 6 ratings,$46.50
GGACU,$10.24,1441228282609,100,Not yet rated,NULL,N/A
GLPI,$30.83,1441228282651,"265,827",100% bearish,of 1 rating,$37.50
GGACW,$0.1436,1441228282708,"3,816",Not yet rated,NULL,N/A
GARS,$14.35,1441228282783,"33,369",Not yet rated,NULL,$16
GENC,$9.0482,1441228282814,347,100% bearish,of 1 rating,N/A
GNCMA,$16.83,1441228282917,"72,086",100% bearish,of 1 rating,$12
GFNCP,NULL,1441228283123,0,Not yet rated,NULL,N/A
GFN,$3.76,1441228283159,"7,628",100% bearish,of 2 ratings,$8
GFNSL,$25.75,1441228283189,"2,200",Not yet rated,NULL,N/A
GENE,$2.31,1441228283222,"58,601",100% bullish,of 12 ratings,N/A
GNMK,$9.77,1441228283253,"83,269",67% bullish,of 6 ratings,$14
GNCA,$11.3,1441228283283,"100,816",100% bearish,of 1 rating,$20
GHDX,$26.17,1441228283311,"146,702",50% bullish,of 2 ratings,$30
THRM,$45.06,1441228283361,"103,692",75% bearish,of 4 ratings,$55.50
GNVC,$2.44,1441228283497,"5,296",90% bullish,of 10 ratings,$8.50
GNTX,$15.52,1441228283546,"1,126,393",Not yet rated,NULL,$20
GTWN,$18.16,1441228283632,569,Not yet rated,NULL,N/A
GABC,$28.64,1441228283661,"7,399",Not yet rated,NULL,$31
GEOS,$17.07,1441228283689,"61,734",100% bearish,of 3 ratings,$21
GERN,$3.57,1441228283763,"1,273,098",88% bullish,of 16 ratings,$5.25
GEVO,$2.34,1441228283861,"184,037",75% bullish,of 12 ratings,$5
GIGM,$0.5276,1441228283892,"9,679",100% bullish,of 2 ratings,N/A
GIII,$67.7,1441228283958,"676,215",67% bullish,of 3 ratings,$75
GIGA,$1.44,1441228283984,"35,358",100% bearish,of 1 rating,N/A
ROCK,$16.64,1441228284021,"91,633",80% bullish,of 5 ratings,$24
GILT,$4.1714,1441228284047,"1,536",50% bullish,of 2 ratings,N/A
GILD,$103.89,1441228284068,"5,079,315",91% bullish,of 87 ratings,$129
GBCI,$25.66,1441228284256,"181,194",50% bullish,of 2 ratings,$31
GLAD,$8.65,1441228284288,"86,183",50% bullish,of 2 ratings,$8.75
GLADO,$25.5,1441228284354,"1,427",Not yet rated,NULL,N/A
GOOD,$14.245,1441228284379,"52,671",Not yet rated,NULL,$19
GOODN,$25.609,1441228284404,100,Not yet rated,NULL,N/A
GOODO,$25.4599,1441228284450,203,Not yet rated,NULL,N/A
GOODP,$25.1,1441228284583,"1,312",Not yet rated,NULL,N/A
GAIN,$7.43,1441228284616,"73,787",100% bullish,of 2 ratings,$8.25
GAINN,$25.37,1441228284717,"58,696",Not yet rated,NULL,N/A
GAINP,$25.64,1441228284748,"6,844",Not yet rated,NULL,N/A
LAND,$9.13,1441228284777,"18,791",50% bullish,of 2 ratings,$13.75
GLBZ,NULL,1441228284802,0,Not yet rated,NULL,N/A
GAINO,$25.19,1441228284846,1,Not yet rated,NULL,N/A
GDEF,$10.65,1441228284937,400,Not yet rated,NULL,N/A
GBT,$51.73,1441228284963,"124,883",100% bearish,of 1 rating,N/A
ENT,$11.05,1441228284984,"50,638",100% bearish,of 1 rating,$18
GBLI,$27.3855,1441228285123,"8,397",Not yet rated,NULL,N/A
GPACU,NULL,1441228285174,0,Not yet rated,NULL,N/A
GSOL,$8.26,1441228285267,"15,235",100% bearish,of 1 rating,N/A
ACTX,$13.0399,1441228285310,"3,300",100% bullish,of 1 rating,N/A
QQQC,$18.335,1441228285336,"6,800",100% bearish,of 1 rating,N/A
SOCL,$17.27,1441228285357,"35,315",100% bullish,of 2 ratings,N/A
ALTY,$14.04,1441228285410,660,Not yet rated,NULL,N/A
SRET,$12.9145,1441228285492,"2,873",Not yet rated,NULL,N/A
YLCO,$11.5505,1441228285539,"1,260",Not yet rated,NULL,N/A
GAI,$6.22,1441228285626,"1,400",50% bullish,of 2 ratings,N/A
GSM,$13.61,1441228285652,"155,561",50% bullish,of 2 ratings,$22
GLBS,$1.04,1441228285689,500,67% bullish,of 3 ratings,N/A
GBIM,$2.47,1441228285786,"6,377",50% bullish,of 2 ratings,N/A
GLRI,$1.1,1441228285813,"40,072",100% bearish,of 1 rating,$4.25
GLUU,$4.36,1441228285844,"1,005,476",92% bullish,of 26 ratings,$9
GLYC,$6.96,1441228285869,"1,400",50% bullish,of 2 ratings,$14
GOGO,$16.44,1441228285948,"506,559",80% bullish,of 5 ratings,$25
GLNG,$38.93,1441228286075,"495,040",83% bullish,of 6 ratings,$55.50
GMLP,$20.42,1441228286100,"109,480",50% bullish,of 4 ratings,$29
GOGL,$3.015,1441228286168,"172,414",75% bullish,of 4 ratings,$5
GLDC,$4.0981,1441228286199,"2,150",50% bullish,of 2 ratings,N/A
GDEN,$8.96,1441228286220,"9,125",50% bullish,of 2 ratings,N/A
GBDC,$17.05,1441228286302,"128,864",Not yet rated,NULL,$17.75
GTIM,$6.8,1441228286351,"24,959",Not yet rated,NULL,$11.50
GOOG,$612.78,1441228286376,"903,007",88% bullish,of 73 ratings,$787.50
GPRO,$41.31,1441228286436,"12,006,374",78% bullish,of 58 ratings,$72
GOOGL,$643.75,1441228286461,"611,859",88% bullish,of 1082 ratings,$749
GMAN,$3.68,1441228286508,"27,437",60% bullish,of 5 ratings,$8.50
LOPE,$36.82,1441228286772,"107,391",100% bearish,of 2 ratings,$50
GPIA,NULL,1441228286802,0,100% bearish,of 1 rating,N/A
GPIAU,$9.96,1441228286829,"4,600",Not yet rated,NULL,N/A
GPIAW,NULL,1441228286849,0,Not yet rated,NULL,N/A
GBSN,$0.2148,1441228286881,"4,950,150",50% bullish,of 2 ratings,$8.25
GRVY,NULL,1441228286902,0,50% bullish,of 2 ratings,N/A
GBSNU,NULL,1441228286932,0,NULL,NULL,NULL
GLDD,$5.49,1441228287037,"111,782",100% bearish,of 4 ratings,$7.75
GNBC,$11.9024,1441228287097,"5,770",100% bearish,of 1 rating,$16.50
GRBK,$11.93,1441228287174,"110,012",77% bullish,of 13 ratings,N/A
GPRE,$20.18,1441228287199,"229,860",67% bullish,of 6 ratings,$28.50
GSBC,$40.35,1441228287224,"15,319",100% bullish,of 1 rating,$44
GPP,$14.55,1441228287253,"34,921",Not yet rated,NULL,$20.50
GCBC,$28.5,1441228287358,101,100% bullish,of 1 rating,N/A
GLRE,$24.975,1441228288304,"150,645",50% bullish,of 2 ratings,$41
GRIF,NULL,1441228288379,0,100% bearish,of 1 rating,N/A
GRFS,$29.79,1441228288484,"400,075",50% bullish,of 2 ratings,$35
GRPN,$4.33,1441228288701,"2,024,041",61% bullish,of 71 ratings,$6.75
OMAB,$41.25,1441228288728,"14,676",100% bullish,of 1 rating,$44
GGAL,$18.49,1441228288755,"87,145",80% bullish,of 5 ratings,$40
GSIG,$12.85,1441228288776,"13,684",100% bearish,of 2 ratings,N/A
GSIT,$4.6,1441228288797,"9,100",100% bearish,of 1 rating,N/A
GSVC,$8.8,1441228288831,"37,089",50% bullish,of 2 ratings,$15.75
GFED,$14.97,1441228289047,300,Not yet rated,NULL,$17
GTXI,$0.8801,1441228289073,"17,437",100% bullish,of 5 ratings,$.75
GBNK,$15.8732,1441228289237,"66,134",100% bearish,of 1 rating,$18
GULTU,$0.3164,1441228289263,"57,823",100% bearish,of 1 rating,N/A
GUID,$7.01,1441228289284,"87,974",100% bearish,of 3 ratings,$10
GIFI,$12.4,1441228289332,"39,770",100% bearish,of 1 rating,$16
GURE,$1.67,1441228289648,"24,618",88% bullish,of 8 ratings,N/A
GPOR,$34.31,1441228289812,"584,264",75% bullish,of 4 ratings,$54
GWGH,$8.12,1441228289837,100,100% bearish,of 1 rating,$15.05
GWPH,$105.46,1441228289865,"87,428",78% bullish,of 9 ratings,$148.50
HLG,$8.9,1441228289917,100,100% bearish,of 1 rating,N/A
GYRO,$30.5,1441228289943,"5,400",100% bearish,of 1 rating,N/A
HBK,$13.71,1441228290025,100,50% bullish,of 2 ratings,N/A
HALO,$17.48,1441228290076,"417,486",67% bullish,of 3 ratings,$22.50
HEES,$18.74,1441228290153,"260,839",67% bearish,of 3 ratings,$31
HALL,$11.4,1441228290182,"5,565",Not yet rated,NULL,N/A
HNRG,$7.62,1441228290209,"39,002",100% bearish,of 1 rating,$10
HMPR,$1.8504,1441228290245,"22,403",100% bullish,of 1 rating,N/A
HBHC,$26.87,1441228290272,"262,765",50% bullish,of 2 ratings,$30
HBHCL,$24.29,1441228290310,"40,485",Not yet rated,NULL,N/A
HNH,$24.73,1441228290380,"19,738",100% bullish,of 1 rating,N/A
HAFC,$23.71,1441228290405,"36,671",100% bullish,of 2 ratings,$28.50
HNSN,$0.544,1441228290593,"29,187",88% bullish,of 8 ratings,$.40
HDNG,$10.0104,1441228290654,"5,247",50% bullish,of 4 ratings,N/A
HQCL,$12.5,1441228290965,"13,437",67% bullish,of 3 ratings,$14
HRMNU,$10.22,1441228291000,900,Not yet rated,NULL,N/A
HLIT,$5.7011,1441228291021,"149,682",100% bearish,of 1 rating,$6.50
HRMN,NULL,1441228291041,0,Not yet rated,NULL,N/A
HRMNW,$0.4375,1441228291082,100,Not yet rated,NULL,N/A
TINY,$2.43,1441228291111,"17,458",50% bullish,of 2 ratings,$5.26
HART,$1.15,1441228291179,"179,390",100% bearish,of 1 rating,N/A
HCAP,$11.925,1441228291215,"2,257",50% bullish,of 2 ratings,$15
HBIO,$4.4,1441228291243,"47,987",100% bearish,of 1 rating,$10
HCAPL,$25.7399,1441228291309,450,Not yet rated,NULL,N/A
HAS,$74.465,1441228291338,"1,351,305",63% bullish,of 8 ratings,$84.50
HA,$23.96,1441228291482,"442,376",67% bullish,of 9 ratings,$27
HWKN,$37.9475,1441228291619,"8,782",Not yet rated,NULL,N/A
HCOM,$21.84,1441228291660,"4,303",100% bearish,of 1 rating,$28
HAYN,$38.43,1441228291687,"24,960",100% bearish,of 1 rating,$59
HIIQ,$4.77,1441228291709,"21,934",50% bullish,of 2 ratings,$7
HWBK,$13.56,1441228291742,300,100% bearish,of 1 rating,N/A
HDS,$32.17,1441228291774,"1,252,426",100% bearish,of 2 ratings,$39.50
HCSG,$32.795,1441228291795,"138,367",50% bullish,of 4 ratings,$35
HQY,$29.79,1441228291816,"114,652",67% bullish,of 3 ratings,$35
HSTM,$24.24,1441228291948,"86,157",50% bullish,of 2 ratings,$33.75
HWAY,$11.95,1441228292041,"112,420",100% bearish,of 1 rating,$15
HTWR,$64.51,1441228292101,"2,244,509",50% bullish,of 2 ratings,$103
HTLD,$20.1,1441228292179,"304,899",Not yet rated,NULL,$22.50
HTLF,$35.4775,1441228292205,"8,391",100% bullish,of 1 rating,$39.50
HTBX,$4.06,1441228292234,"33,460",50% bullish,of 2 ratings,$15.50
HSII,$19.88,1441228292334,"20,775",100% bullish,of 3 ratings,$25
HELE,$83.7,1441228292411,"98,503",67% bearish,of 3 ratings,$100
HCACU,$9.99,1441228292464,700,Not yet rated,NULL,N/A
HMTV,$13.5027,1441228292489,"4,898",100% bearish,of 1 rating,$16
HMNY,NULL,1441228292542,0,100% bearish,of 1 rating,N/A
HNNA,$24.65,1441228292567,"4,694",Not yet rated,NULL,N/A
HSIC,$134.99,1441228292623,"194,519",83% bullish,of 6 ratings,$146
HERO,NULL,1441228292650,0,NULL,NULL,NULL
HTBK,$10.34,1441228292755,"53,502",Not yet rated,NULL,$12
HFWA,$17.5135,1441228292887,"113,714",100% bullish,of 1 rating,$20
HEOP,$7.65,1441228292918,"8,280",Not yet rated,NULL,$8.50
MLHR,$26.54,1441228292952,"238,398",50% bullish,of 2 ratings,$33.50
HCCI,$11.74,1441228293019,"17,894",100% bearish,of 1 rating,$16.50
HRTX,$36.96,1441228293043,"512,823",57% bullish,of 7 ratings,$41
HSKA,$34.0725,1441228293074,"43,593",100% bearish,of 1 rating,$38
HIBB,$38.43,1441228293112,"217,758",100% bearish,of 1 rating,$46.50
HFFC,$16,1441228293175,"10,997",Not yet rated,NULL,N/A
HPJ,$2.1599,1441228293245,"30,722",75% bullish,of 4 ratings,$12.43
HSGX,$6.03,1441228293647,"1,104",100% bearish,of 1 rating,$17
HIHO,$4.17,1441228293678,"10,359",Not yet rated,NULL,N/A
HIMX,$6.96,1441228293707,"1,402,510",86% bullish,of 21 ratings,$8.50
HIFS,$116.1175,1441228293733,"8,823",Not yet rated,NULL,N/A
HOLI,$16.75,1441228293754,"133,169",50% bullish,of 4 ratings,$27
HMSY,$9.815,1441228293790,"482,100",67% bullish,of 3 ratings,$19.35
HMNF,$11.39,1441228293811,300,Not yet rated,NULL,N/A
HBCP,$24.8,1441228293884,307,Not yet rated,NULL,$29
HOLX,$37.82,1441228294019,"2,135,940",50% bullish,of 4 ratings,$42
HFBL,$22,1441228294055,700,Not yet rated,NULL,N/A
HOMB,$37.18,1441228294076,"72,414",Not yet rated,NULL,$42
AWAY,$28.06,1441228294109,"523,683",67% bullish,of 3 ratings,$36
HMIN,$25.44,1441228294149,"47,535",100% bearish,of 2 ratings,$35
HMST,$21.86,1441228294179,"80,979",100% bullish,of 2 ratings,$27
HTBI,$18.0836,1441228294313,"43,449",67% bullish,of 3 ratings,$18.625
HKTV,$4.32,1441228294350,"16,688",100% bearish,of 1 rating,N/A
HOFT,$23.87,1441228294400,"52,900",100% bearish,of 1 rating,N/A
CETC,$0.7707,1441228294425,"45,690",86% bullish,of 7 ratings,N/A
HFBC,$11.45,1441228294455,"2,300",Not yet rated,NULL,N/A
HBNC,$23.68,1441228294559,"5,761",100% bullish,of 1 rating,$27
HZNP,$30.1,1441228294646,"746,634",85% bullish,of 20 ratings,$40
HRZN,$10.4301,1441228294680,"9,578",50% bullish,of 2 ratings,$14.25
ZINC,$7.245,1441228294725,"752,252",100% bearish,of 1 rating,$17
HDP,$23.39,1441228294750,"188,520",67% bearish,of 3 ratings,$30.50
HMHC,$22.25,1441228294781,"553,947",Not yet rated,NULL,$27
HOVNP,$3.8775,1441228294807,"5,300",100% bearish,of 1 rating,N/A
HWCC,$7.52,1441228294832,"73,301",100% bearish,of 1 rating,$9
HBMD,$13.832,1441228295016,249,100% bearish,of 1 rating,N/A
HSNI,$59.79,1441228295052,"84,216",Not yet rated,NULL,$80
HTGM,$5.58,1441228295119,"3,203",100% bearish,of 1 rating,$19.50
HUBG,$37.59,1441228295149,"68,060",100% bearish,of 1 rating,$43
HCBK,$9.11,1441228295171,"1,440,709",83% bullish,of 6 ratings,$8.61
HSON,$2.66,1441228295254,"20,643",100% bearish,of 1 rating,$5
HBAN,$10.57,1441228295311,"3,240,512",76% bullish,of 17 ratings,$12.29
HDSN,$3.1,1441228295336,"7,900",100% bullish,of 1 rating,$6.25
HBANP,$1325.0025,1441228295468,39,100% bearish,of 1 rating,N/A
HURC,$29.3959,1441228295518,"12,213",100% bearish,of 1 rating,N/A
HURN,$72.37,1441228295549,"80,328",50% bullish,of 2 ratings,$80
HBP,$3.13,1441228295581,"6,728",100% bullish,of 1 rating,N/A
HTCH,$1.4368,1441228295606,"69,495",100% bearish,of 1 rating,$3.50
HDRA,NULL,1441228295645,0,Not yet rated,NULL,N/A
HDRAR,NULL,1441228295686,0,Not yet rated,NULL,N/A
HDRAU,$10.18,1441228295736,900,Not yet rated,NULL,N/A
HDRAW,NULL,1441228295925,0,Not yet rated,NULL,N/A
IDSY,$3.7,1441228296026,"80,200",100% bearish,of 1 rating,$7
IEP,$69,1441228296061,"61,581",75% bullish,of 4 ratings,$99
IBKC,$59.41,1441228296087,"55,488",100% bullish,of 1 rating,$70
IKGH,$1.43,1441228296108,"14,700",75% bullish,of 4 ratings,N/A
HYGS,$8.81,1441228296143,"32,767",50% bullish,of 2 ratings,$13
ICFI,$34.0668,1441228296164,"41,189",50% bullish,of 2 ratings,$48.50
IACI,$70.07,1441228296194,"493,381",80% bullish,of 5 ratings,$90
ICAD,$3.68,1441228296322,"32,437",100% bullish,of 2 ratings,$7.25
ICON,$13.11,1441228296417,"416,346",50% bullish,of 2 ratings,$28
ICLR,$76.1,1441228296443,"236,196",100% bearish,of 3 ratings,$85
ICUI,$111.29,1441228296468,"112,020",Not yet rated,NULL,$122
IPWR,$7.455,1441228296498,"7,941",100% bullish,of 1 rating,$15
INVE,$4.5,1441228296577,"28,757",75% bullish,of 4 ratings,$4
IDRA,$2.89,1441228296656,"518,256",89% bullish,of 9 ratings,$6.50
IRG,$4.97,1441228296785,"8,716",100% bearish,of 1 rating,$4.25
IDXX,$72.68,1441228296813,"261,837",100% bearish,of 1 rating,$76
DSKY,$10.9,1441228296842,"42,358",67% bullish,of 6 ratings,$11.50
IROQ,$17,1441228296863,600,100% bullish,of 1 rating,N/A
IIVI,$16.49,1441228296898,"130,196",100% bearish,of 1 rating,$22
RXDX,$14.51,1441228296920,"74,143",100% bullish,of 1 rating,$20
KANG,$15.56,1441228297002,"265,598",50% bullish,of 2 ratings,$23.10
ILMN,$197.58,1441228297142,"284,808",80% bullish,of 5 ratings,$245
IKAN,$2.73,1441228297167,"18,983",83% bullish,of 6 ratings,$5
IKNX,$12.2395,1441228297194,100,100% bearish,of 1 rating,N/A
ISNS,$4.12,1441228297228,"6,694",50% bullish,of 2 ratings,N/A
IMMR,$11.62,1441228297414,"132,263",80% bullish,of 5 ratings,$15.50
ICCC,$6.85,1441228297482,"24,355",100% bullish,of 1 rating,N/A
IMDZ,$16.9234,1441228297840,"35,432",100% bearish,of 1 rating,$33
IMNP,$1.2399,1441228297866,"46,849",50% bullish,of 2 ratings,$6
IMGN,$13.39,1441228297915,"371,500",75% bullish,of 4 ratings,$17.50
IPXL,$41.08,1441228297944,"225,734",67% bullish,of 3 ratings,$46.50
IMMU,$2.165,1441228297995,"349,155",86% bullish,of 7 ratings,$2
SAAS,$7.2,1441228298049,"440,858",50% bullish,of 2 ratings,$15
IMMY,$7.89,1441228298206,"2,403",100% bearish,of 1 rating,$11
INCR,$42.75,1441228298407,"261,832",50% bullish,of 2 ratings,$53
INCY,$122.75,1441228298562,"1,033,666",50% bullish,of 6 ratings,$125.50
INDB,$44,1441228298621,"66,596",Not yet rated,NULL,$44
IBCP,$14.165,1441228298646,"48,004",100% bullish,of 1 rating,$14.50
INFN,$22,1441228298776,"476,393",71% bullish,of 7 ratings,$28
INFI,$8.95,1441228298802,"254,341",50% bullish,of 4 ratings,$16.50
IDSA,NULL,1441228298823,0,Not yet rated,NULL,N/A
IBTX,$39.95,1441228298855,"8,631",100% bullish,of 2 ratings,$47.25
IPCC,$75.2875,1441228298950,"14,443",Not yet rated,NULL,$77.50
IFON,$1.29,1441228298981,"11,624",75% bullish,of 4 ratings,N/A
IMKTA,$49.83,1441228299015,"77,056",100% bearish,of 1 rating,N/A
III,$3.74,1441228299050,"67,436",57% bullish,of 7 ratings,$6
INOD,$2.35,1441228299178,"2,237",100% bearish,of 1 rating,N/A
INNL,NULL,1441228299204,0,100% bearish,of 1 rating,$16.50
IPHS,$46.67,1441228299283,"38,797",100% bearish,of 1 rating,$60
INWK,$7.06,1441228299337,"65,363",50% bullish,of 2 ratings,$10
ITEK,$13.96,1441228299514,"594,108",100% bearish,of 3 ratings,$20
NSIT,$24.65,1441228299620,"119,739",50% bullish,of 2 ratings,N/A
IOSP,$49.57,1441228299655,"185,436",100% bearish,of 1 rating,N/A
ISSC,$2.81,1441228299679,"17,000",67% bearish,of 3 ratings,N/A
INGN,$50.58,1441228299708,"105,686",100% bearish,of 1 rating,$50.50
INO,$7.21,1441228299742,"550,063",89% bullish,of 18 ratings,$20
INOV,$21.67,1441228299763,"233,433",100% bearish,of 1 rating,$33
ISIG,$2.7,1441228299798,"5,550",100% bearish,of 1 rating,N/A
INSM,$25.02,1441228299825,"186,822",71% bullish,of 7 ratings,$31.50
IIIN,$17.4035,1441228299968,"19,392",100% bearish,of 2 ratings,N/A
PODD,$28.67,1441228299993,"124,154",67% bearish,of 3 ratings,$35
INSY,$34.12,1441228300125,"303,529",75% bullish,of 4 ratings,$48
IART,$60.23,1441228300296,"167,099",100% bearish,of 2 ratings,$71.50
NTEC,$5.66,1441228300317,"4,620",100% bearish,of 1 rating,N/A
INTC,$28.52,1441228300355,"16,742,787",82% bullish,of 238 ratings,$36
IDTI,$18.93,1441228300395,"883,503",60% bullish,of 5 ratings,$25
IESC,$7.12,1441228300452,"1,805",100% bearish,of 1 rating,N/A
ISSI,$21.81,1441228300484,"97,050",67% bullish,of 3 ratings,$19.75
IQNT,$18.58,1441228300582,"105,865",86% bullish,of 7 ratings,$20
IPCI,$2.31,1441228300609,"31,758",67% bullish,of 6 ratings,$8
IPAR,$24.99,1441228300639,"30,978",67% bullish,of 3 ratings,$38
IBKR,$37.71,1441228300660,"561,966",100% bullish,of 1 rating,N/A
ICPT,$189.31,1441228300810,"94,299",70% bullish,of 10 ratings,$359.50
ININ,$34.84,1441228300878,"46,323",67% bearish,of 3 ratings,$57
ICLD,$1.865,1441228300903,"119,222",75% bullish,of 4 ratings,N/A
ICLDW,$1.17,1441228301058,200,100% bearish,of 1 rating,N/A
IDCC,$48.48,1441228301083,"99,746",80% bullish,of 5 ratings,$63
TILE,$24.06,1441228301113,"286,306",100% bearish,of 3 ratings,$27
IMI,$2.01,1441228301164,"6,244",67% bullish,of 3 ratings,$2.22
INAP,$9.11,1441228301212,"364,956",75% bullish,of 4 ratings,$11
ISCA,$32.32,1441228301238,"50,121",100% bearish,of 1 rating,N/A
IBOC,$24.89,1441228301266,"70,683",100% bearish,of 1 rating,N/A
IGLD,$7.35,1441228301294,520,50% bullish,of 2 ratings,N/A
IIJI,$8.46,1441228301426,"1,694",50% bullish,of 2 ratings,$11.50
PTNT,$3.02,1441228301452,200,Not yet rated,NULL,N/A
XENT,$25.82,1441228301484,"66,300",50% bullish,of 2 ratings,$36.50
INPH,NULL,1441228301526,0,50% bullish,of 2 ratings,N/A
INTX,$2.0499,1441228301586,"38,496",67% bullish,of 3 ratings,N/A
ISIL,$10.4,1441228301772,"551,353",50% bullish,of 6 ratings,$15
INTL,$25.405,1441228301894,"62,528",67% bearish,of 3 ratings,N/A
ITCI,$27.36,1441228301922,"657,979",75% bearish,of 4 ratings,$40
IILG,$19.55,1441228301943,"33,220",100% bearish,of 1 rating,$29
IVAC,$4.66,1441228301967,"21,484",100% bearish,of 1 rating,$6.625
INTLL,$25.95,1441228301998,"6,250",Not yet rated,NULL,N/A
IIN,$6.61,1441228302029,"1,800",100% bearish,of 1 rating,$12
INTU,$85.61,1441228302054,"1,048,729",86% bullish,of 7 ratings,$107.50
ISRG,$509.89,1441228302157,"95,196",67% bullish,of 3 ratings,$600
INVT,$0.3097,1441228302237,"152,500",67% bullish,of 3 ratings,N/A
SNAK,$8.4,1441228302269,"35,812",50% bullish,of 2 ratings,$14
ISBC,$11.57,1441228302291,"1,726,037",100% bullish,of 1 rating,$13.25
ISTR,$15.535,1441228302312,"2,449",100% bearish,of 1 rating,$18.50
ITIC,$71.12,1441228302346,600,100% bearish,of 2 ratings,N/A
NVIV,$9.49,1441228302527,"94,500",50% bullish,of 4 ratings,$24.50
IVTY,$13.8007,1441228302606,"8,348",Not yet rated,NULL,$18
DTUL,NULL,1441228302638,0,Not yet rated,NULL,N/A
DFVL,NULL,1441228302658,0,Not yet rated,NULL,N/A
IPAS,$1.02,1441228302688,"258,780",67% bullish,of 3 ratings,N/A
IPCM,$79.5,1441228302735,"179,232",50% bullish,of 2 ratings,$80.125
IPGP,$83.65,1441228302822,"191,943",67% bearish,of 3 ratings,$109.50
IRMD,$23.41,1441228302854,"15,483",67% bearish,of 3 ratings,$25
IRDM,$6.91,1441228302952,"1,385,453",60% bullish,of 5 ratings,$11.50
IRBT,$29.49,1441228302983,"110,070",67% bullish,of 6 ratings,$37
IRIX,$6.72,1441228303050,"7,139",100% bearish,of 1 rating,N/A
IRWD,$11.1,1441228303079,"741,738",100% bearish,of 1 rating,$13
IRDMB,$272.64,1441228303148,"11,747",67% bearish,of 3 ratings,N/A
IRCP,NULL,1441228303175,0,100% bullish,of 2 ratings,N/A
COMT,$33.27,1441228303227,"20,606",100% bearish,of 1 rating,N/A
FCHI,NULL,1441228303320,0,NULL,NULL,NULL
IFAS,NULL,1441228303350,0,NULL,NULL,NULL
GNMA,$50.2,1441228303375,"1,086",Not yet rated,NULL,N/A
IFNA,NULL,1441228303407,0,NULL,NULL,NULL
IFEU,$37.6152,1441228303449,"8,089",Not yet rated,NULL,N/A
IFGL,$27.92,1441228303594,"35,713",Not yet rated,NULL,N/A
ACWX,$39.92,1441228303627,"697,226",100% bearish,of 1 rating,N/A
ACWI,$54.91,1441228303649,"3,439,380",Not yet rated,NULL,N/A
AAXJ,$52.18,1441228303677,"1,407,621",Not yet rated,NULL,N/A
AAIT,NULL,1441228303706,0,NULL,NULL,NULL
AXJS,NULL,1441228303732,0,NULL,NULL,NULL
EEMA,$49.24,1441228303778,"32,496",Not yet rated,NULL,N/A
EMDI,NULL,1441228303868,0,NULL,NULL,NULL
EMEY,NULL,1441228303917,0,NULL,NULL,NULL
EGRW,NULL,1441228303972,0,NULL,NULL,NULL
EEME,NULL,1441228303996,0,NULL,NULL,NULL
EEML,$26.6707,1441228304211,250,Not yet rated,NULL,N/A
IEUS,$44.65,1441228304237,"12,614",100% bearish,of 1 rating,N/A
EUFN,$21.46,1441228304257,"63,755",100% bearish,of 1 rating,N/A
EVAL,NULL,1441228304287,0,NULL,NULL,NULL
UAE,$17.535,1441228304320,"10,879",Not yet rated,NULL,N/A
QAT,$21.33,1441228304413,4,Not yet rated,NULL,N/A
IBB,$344.46,1441228304440,"600,725",63% bullish,of 8 ratings,N/A
SOXX,$81.8,1441228304494,"277,968",50% bullish,of 2 ratings,N/A
EMIF,$27.8376,1441228304523,"6,782",Not yet rated,NULL,N/A
ICLN,$9.24,1441228304586,"28,750",50% bullish,of 2 ratings,N/A
WOOD,$47.02,1441228304628,"24,393",50% bullish,of 2 ratings,N/A
INDY,$26.75,1441228304717,"58,151",50% bullish,of 2 ratings,N/A
ISLE,$19.43,1441228304850,"923,698",50% bullish,of 4 ratings,$16
ISIS,$51.63,1441228304883,"705,216",53% bullish,of 15 ratings,$67
ISHG,$79.81,1441228304909,"13,324",100% bearish,of 1 rating,N/A
IGOV,$90.6644,1441228304929,"55,255",100% bearish,of 1 rating,N/A
ITRI,$29.28,1441228305374,"132,110",100% bearish,of 1 rating,$37
ISRL,$127.6955,1441228305406,26,100% bearish,of 1 rating,N/A
ITUS,$4.0799,1441228305476,"3,800",Not yet rated,NULL,N/A
ITRN,$23.82,1441228305505,"1,707",50% bullish,of 2 ratings,N/A
XXIA,$15.2,1441228305533,"163,448",71% bullish,of 7 ratings,$14.625
JJSF,$113.345,1441228305560,"31,797",100% bearish,of 1 rating,N/A
IXYS,$11.27,1441228305606,"103,167",50% bullish,of 4 ratings,N/A
MAYS,$57,1441228305741,300,Not yet rated,NULL,N/A
JBHT,$73.89,1441228305843,"828,420",50% bullish,of 4 ratings,$89.50
JKHY,$66.74,1441228305894,"260,328",67% bearish,of 3 ratings,$72
JCOM,$66.61,1441228305934,"192,118",100% bullish,of 2 ratings,$77
JASO,$7.9,1441228305973,"505,717",82% bullish,of 17 ratings,$10
JACK,$77.9,1441228306069,"241,286",71% bullish,of 7 ratings,$105
JAXB,NULL,1441228306132,0,100% bullish,of 1 rating,N/A
JXSB,$24.05,1441228306167,"1,206",Not yet rated,NULL,N/A
JAKK,$9.56,1441228306265,"244,103",60% bearish,of 5 ratings,$11
JMBA,$14.44,1441228306366,"106,743",75% bullish,of 4 ratings,$18
JAGX,$3.4,1441228306422,"5,304",Not yet rated,NULL,$10.50
JRVR,$27.25,1441228306447,"70,132",Not yet rated,NULL,$32
ERW,NULL,1441228306481,0,Not yet rated,NULL,N/A
JASN,$4.86,1441228306572,"10,653",50% bullish,of 2 ratings,$9.50
JASNW,$0.3635,1441228306597,"3,748",50% bullish,of 2 ratings,N/A
JD,$24.82,1441228306732,"3,476,848",75% bullish,of 16 ratings,$36
JAZZ,$167.43,1441228306763,"106,658",80% bullish,of 15 ratings,$206.50
JBLU,$23.5,1441228306784,"4,906,883",94% bullish,of 18 ratings,$27
JCTCF,$9.65,1441228306817,100,100% bullish,of 1 rating,N/A
JTPY,NULL,1441228306867,0,100% bearish,of 1 rating,N/A
DATE,$6.29,1441228307026,"51,430",75% bullish,of 4 ratings,$9
WYIGU,NULL,1441228307053,0,100% bearish,of 1 rating,N/A
JST,$3.79,1441228307074,"3,770",75% bullish,of 4 ratings,N/A
JOEZ,$0.18,1441228307095,"143,535",92% bullish,of 12 ratings,N/A
JIVE,$4.6309,1441228307130,"136,376",75% bullish,of 4 ratings,$5
JBSS,$50.21,1441228307260,"25,848",67% bearish,of 3 ratings,N/A
JNP,$11.72,1441228307311,"73,876",100% bullish,of 3 ratings,$15
JOUT,$24.1748,1441228307340,"9,451",100% bearish,of 1 rating,$34
JUNO,$36.02,1441228307371,"536,220",73% bullish,of 11 ratings,$71.50
KTWO,$21.05,1441228307440,"58,762",100% bearish,of 1 rating,$28.50
KALU,$81.86,1441228307473,"103,145",67% bearish,of 3 ratings,$91
KBIO,$2.28,1441228307574,"21,148",50% bullish,of 4 ratings,N/A
