Symbol,Price,Date,Volume,Rating,RatingVoteCount,OneYearEstimate
TFSCU,NULL,1441124402347,0,Not yet rated,NULL,N/A
TFSCR,NULL,1441124402372,0,Not yet rated,NULL,N/A
PIH,$7.53,1441124402398,"1,750",100% bearish,of 1 rating,N/A
FCTY,$7.82,1441124402425,"1,100",100% bullish,of 1 rating,$8.50
TFSC,NULL,1441124402446,0,100% bearish,of 1 rating,N/A
FLWS,$8.405,1441124402477,"122,789",80% bullish,of 5 ratings,$15
TFSCW,$0.26,1441124402498,"1,600",100% bearish,of 1 rating,N/A
FCCY,$11.54,1441124402519,414,100% bullish,of 1 rating,$13
SRCE,$29.27,1441124402653,"9,219",100% bullish,of 3 ratings,$33
TWOU,$33.7,1441124402713,"76,970",50% bullish,of 2 ratings,$39
VNET,$17.36,1441124402740,"197,255",60% bullish,of 5 ratings,$35
DSLV,$69.6115,1441124402761,"7,358",100% bearish,of 1 rating,N/A
JOBS,$25.53,1441124402804,"42,936",50% bullish,of 4 ratings,$36
DGLD,$79.79,1441124402825,"6,653",100% bearish,of 1 rating,N/A
USLV,$12.46,1441124402846,"74,327",86% bullish,of 7 ratings,N/A
UGLD,$9.41,1441124402980,"144,201",100% bearish,of 1 rating,N/A
SIXD,$2.35,1441124403043,"54,562",Not yet rated,NULL,N/A
EGHT,$7.6699,1441124403237,"92,923",82% bullish,of 17 ratings,$11
CAFD,$14.73,1441124403267,"54,119",Not yet rated,NULL,$25
AVHI,$14.02,1441124403298,"4,422",100% bearish,of 1 rating,$19
SHLM,$33.43,1441124403324,"19,245",100% bearish,of 1 rating,$47
AAON,$20.18,1441124403349,"26,188",100% bearish,of 1 rating,$24
ABEOW,$1.6001,1441124403374,550,100% bullish,of 1 rating,N/A
ABGB,$5.67,1441124403402,"37,411",67% bullish,of 3 ratings,$5.50
ABEO,$4.76,1441124403573,"55,533",50% bullish,of 4 ratings,$15.50
ABAX,$47.295,1441124403605,"55,497",100% bearish,of 1 rating,$60
ACTG,$9.22,1441124403640,"57,340",67% bullish,of 3 ratings,$18.50
AXAS,$1.92,1441124403672,"312,196",78% bullish,of 9 ratings,$3.50
ABMD,$94.48,1441124403698,"152,339",75% bullish,of 4 ratings,$100.50
ACHC,$71.85,1441124403727,"101,173",50% bullish,of 2 ratings,$92
ABY,$21.52,1441124403774,"201,692",100% bearish,of 2 ratings,$46
ACAD,$36.7,1441124403903,"198,159",80% bullish,of 20 ratings,$48
XLRN,$28.84,1441124403993,"21,189",50% bullish,of 2 ratings,$57
AXDX,$19.665,1441124404036,"41,614",100% bearish,of 1 rating,N/A
ACST,$0.33,1441124404070,"8,801",100% bullish,of 2 ratings,N/A
ARAY,$6.73,1441124404097,"147,171",100% bearish,of 1 rating,$10.50
ANCX,$20.19,1441124404123,"5,092",Not yet rated,NULL,$20
VXDN,$1.69,1441124404268,"103,949",100% bearish,of 1 rating,N/A
ACRX,$4.37,1441124404298,"112,161",67% bearish,of 6 ratings,$5.50
ACHN,$7.26,1441124404369,"520,331",90% bullish,of 21 ratings,$16
AKAO,$6.86,1441124404399,"8,434",75% bullish,of 4 ratings,$15
ACET,$22.02,1441124404449,"21,909",75% bullish,of 4 ratings,$30
ACIW,$21.09,1441124404477,"70,019",67% bearish,of 3 ratings,$24
VXUP,$1.75,1441124404536,"50,293",100% bearish,of 1 rating,N/A
ACNB,$19.94,1441124404562,"1,207",Not yet rated,NULL,N/A
ACOR,$32.23,1441124404617,"166,217",67% bearish,of 3 ratings,$38.50
ACPW,$2.0018,1441124404718,"18,993",100% bullish,of 4 ratings,$3.25
ATVI,$27.77,1441124404773,"2,583,622",67% bullish,of 84 ratings,$31.50
ACTS,$1.64,1441124404805,"4,908",100% bearish,of 1 rating,N/A
ACUR,$2.93,1441124404849,"8,299",100% bullish,of 5 ratings,$5
ACTA,$14.12,1441124404938,"21,702",67% bearish,of 3 ratings,$25
ACXM,$20.6801,1441124404980,"53,547",67% bullish,of 3 ratings,N/A
ADAP,$11.6303,1441124405008,"42,706",67% bullish,of 3 ratings,$22
ADMP,$3.67,1441124405035,"4,952",50% bullish,of 2 ratings,$10
ADUS,$28.47,1441124405221,"12,157",100% bearish,of 1 rating,$31
ADMA,$9.18,1441124405255,"2,645",Not yet rated,NULL,$19
AEY,$2.39,1441124405285,"1,865",100% bearish,of 2 ratings,N/A
ADEP,$6.5431,1441124405311,"51,838",50% bullish,of 2 ratings,$10.75
ADBE,$76.815,1441124405384,"606,548",65% bullish,of 17 ratings,$90
ADTN,$15.91,1441124405443,"72,608",67% bullish,of 3 ratings,$17.125
AMD,$1.77,1441124405621,"1,261,017",83% bullish,of 103 ratings,$2
ADXSW,$10.48,1441124405652,"5,778",100% bullish,of 1 rating,N/A
ADRO,$18.8,1441124405673,"85,803",80% bullish,of 5 ratings,$45.50
AEIS,$24.055,1441124405703,"48,103",50% bullish,of 2 ratings,$32.50
ADXS,$14.09,1441124405724,"177,119",64% bullish,of 14 ratings,$27
ADMS,$19.991,1441124405754,"17,235",100% bearish,of 2 ratings,$36
AEHR,$2.38,1441124406032,"5,937",50% bullish,of 2 ratings,N/A
MULT,NULL,1441124406063,0,100% bearish,of 1 rating,N/A
AEPI,$53.16,1441124406085,"5,025",100% bearish,of 1 rating,N/A
AEGR,$17.72,1441124406117,"100,028",50% bullish,of 6 ratings,$26
YPRO,NULL,1441124406143,0,100% bearish,of 1 rating,N/A
AEGN,$18.12,1441124406167,"35,675",100% bearish,of 2 ratings,$21
AMTX,$2.94,1441124406196,"4,064",50% bullish,of 2 ratings,$26.11
AERI,$15.91,1441124406333,"175,791",75% bullish,of 4 ratings,$31.50
AVAV,$23.43,1441124406360,"17,619",50% bullish,of 4 ratings,$31
AFFX,$9.18,1441124406389,"85,229",80% bullish,of 5 ratings,$12.50
AEZS,$0.0869,1441124406416,"3,718,089",90% bullish,of 21 ratings,$1.50
AFMD,$10.095,1441124406437,"30,095",50% bullish,of 4 ratings,$15
AEMD,$7.4,1441124406468,"13,493",Not yet rated,NULL,$27.50
AGRX,$8.41,1441124406646,"4,330",100% bearish,of 1 rating,$17.50
AGEN,$7.01,1441124406677,"155,454",85% bullish,of 13 ratings,$14
AGYS,$10.14,1441124406699,"5,848",100% bearish,of 1 rating,N/A
AGIO,$84.85,1441124406733,"78,818",88% bullish,of 8 ratings,$114
AGFSW,$2.01,1441124406754,500,100% bearish,of 2 ratings,N/A
AGFS,$9.85,1441124406783,"26,705",100% bearish,of 1 rating,N/A
AIMT,$21.6801,1441124406931,"55,292",Not yet rated,NULL,$35.50
AIRM,$35.925,1441124406994,"61,181",80% bearish,of 5 ratings,$53
ATSG,$8.795,1441124407064,"35,458",67% bullish,of 3 ratings,$13
AIRT,$22.3,1441124407093,504,100% bullish,of 1 rating,N/A
AMCN,$4.47,1441124407121,"93,979",83% bullish,of 6 ratings,N/A
AKAM,$70.89,1441124407147,"522,698",63% bullish,of 8 ratings,$77.50
AIXG,$6.3025,1441124407201,"2,576",67% bearish,of 3 ratings,$5.25
AKBA,$7.22,1441124407432,"80,964",100% bearish,of 1 rating,$18
AKER,$2.5486,1441124407461,120,Not yet rated,NULL,N/A
AMRI,$20.03,1441124407483,"52,635",75% bearish,of 4 ratings,$24
ALRM,$16.11,1441124407504,"47,280",100% bearish,of 1 rating,$22
ALSK,$2.2099,1441124407537,"38,029",78% bullish,of 18 ratings,$2
AKRX,$39.18,1441124407559,"166,718",78% bullish,of 9 ratings,$56
ALDX,$6.92,1441124407736,"2,650",100% bearish,of 1 rating,$14.50
ALDR,$38.74,1441124407778,"113,269",67% bearish,of 3 ratings,$62
ALXN,$172.75,1441124407806,"481,750",88% bullish,of 8 ratings,$223
ADHD,$8.105,1441124407831,"45,880",50% bullish,of 4 ratings,$18
ABDC,$12.74,1441124407863,"2,700",Not yet rated,NULL,$15
ALCO,$42.2,1441124407889,"2,872",50% bullish,of 2 ratings,N/A
ALXA,$1.2,1441124407911,"17,280",83% bullish,of 6 ratings,$2.125
ALKS,$61.61,1441124408083,"437,012",67% bullish,of 3 ratings,$75
ALGN,$54.83,1441124408110,"195,982",100% bearish,of 2 ratings,$73
ALIM,$3.27,1441124408140,"16,912",80% bullish,of 5 ratings,$10
AIQ,$14.005,1441124408260,"2,409",67% bullish,of 3 ratings,N/A
ALLB,$22.55,1441124408290,102,Not yet rated,NULL,N/A
AFOP,$18.33,1441124408320,"49,974",75% bullish,of 8 ratings,$21
ARLP,$25.43,1441124408395,"46,903",67% bearish,of 3 ratings,$32
ALGT,$197.17,1441124408426,"61,782",100% bearish,of 2 ratings,$235
AHGP,$35.51,1441124408456,"19,715",67% bullish,of 3 ratings,N/A
AMOT,$18.79,1441124408527,"33,472",100% bearish,of 1 rating,N/A
AHPI,$1.45,1441124408556,400,50% bullish,of 2 ratings,N/A
ALQA,$4.644,1441124408605,"16,145",75% bullish,of 4 ratings,$8.50
ALLT,$5.18,1441124408659,"17,664",75% bullish,of 4 ratings,$6.25
MDRX,$13.53,1441124408703,"460,638",60% bullish,of 5 ratings,$16
ALNY,$100.46,1441124408788,"239,042",67% bullish,of 3 ratings,$151.50
AFAM,$44.02,1441124408838,"12,213",50% bullish,of 2 ratings,$44
AOSL,$7.56,1441124408875,"22,901",67% bullish,of 3 ratings,$9
ALTR,$48.26,1441124408974,"715,784",80% bearish,of 5 ratings,$54
SMCP,$22.9899,1441124409007,"2,400",Not yet rated,NULL,N/A
ATEC,$0.5815,1441124409032,"11,800",100% bullish,of 1 rating,$2
ASPS,$26.315,1441124409073,"82,986",67% bullish,of 3 ratings,$46.50
AIMC,$24.34,1441124409106,"19,532",100% bearish,of 2 ratings,$28.50
AMRN,$2.2,1441124409253,"476,926",85% bullish,of 39 ratings,$8
AMRK,$10.6,1441124409320,600,50% bullish,of 2 ratings,$14
AMZN,$505.15,1441124409346,"754,170",81% bullish,of 265 ratings,$646
AYA,$20.42,1441124409385,"8,550",100% bearish,of 1 rating,$40
AMBCW,NULL,1441124409420,0,100% bearish,of 1 rating,N/A
AMAG,$61.95,1441124409520,"171,062",100% bullish,of 2 ratings,$77.50
AMBC,$16.13,1441124409551,"35,232",100% bearish,of 1 rating,$16.50
AMBA,$90.8001,1441124409572,"1,486,348",83% bullish,of 12 ratings,$102.50
DOX,$56.555,1441124409709,"79,251",67% bearish,of 3 ratings,$60
EPAX,$2.68,1441124409741,"24,856",100% bearish,of 1 rating,N/A
AMCX,$70.365,1441124409764,"78,904",67% bullish,of 3 ratings,$87.50
AMDA,$0.48,1441124409797,"175,662",90% bullish,of 10 ratings,$1
AMED,$38.732,1441124409844,"80,535",100% bearish,of 1 rating,$42
UHAL,$368.53,1441124409905,"3,652",100% bullish,of 2 ratings,$393.50
AGNC,$19.06,1441124410104,"630,878",71% bullish,of 28 ratings,$22
AMOV,$17.99,1441124410207,387,100% bearish,of 1 rating,N/A
ATAX,$5.3699,1441124410249,"22,809",100% bullish,of 1 rating,$6.50
AGNCB,$24.24,1441124410276,"9,986",Not yet rated,NULL,N/A
ASBI,$22.7999,1441124410297,500,Not yet rated,NULL,N/A
AGNCP,$25.3499,1441124410344,"2,417",Not yet rated,NULL,N/A
MTGE,$15.15,1441124410439,"144,111",75% bullish,of 4 ratings,$19.50
MTGEP,$24.3,1441124410471,450,Not yet rated,NULL,N/A
AAL,$38.9299,1441124410498,"4,176,810",93% bullish,of 88 ratings,$57
ACSF,$12.22,1441124410524,"11,241",100% bearish,of 1 rating,$15
AETI,NULL,1441124410669,0,67% bearish,of 3 ratings,N/A
ACAS,$13.645,1441124410695,"401,340",60% bullish,of 5 ratings,$16.75
ANCI,NULL,1441124410720,0,100% bearish,of 1 rating,N/A
AMIC,NULL,1441124410774,0,100% bearish,of 1 rating,N/A
AMNB,$23.58,1441124410854,906,Not yet rated,NULL,$25.50
ANAT,$98.26,1441124410879,"6,849",100% bullish,of 1 rating,N/A
APEI,$21.86,1441124411017,"22,578",100% bearish,of 1 rating,$25.50
ARII,$40.12,1441124411046,"67,911",67% bearish,of 3 ratings,$45
AMSC,$5.09,1441124411083,"119,175",50% bullish,of 4 ratings,N/A
AMSWA,$8.8708,1441124411179,"21,659",100% bearish,of 2 ratings,$10.75
ASEI,$38.6322,1441124411205,"6,764",100% bearish,of 1 rating,$52.50
AMRB,$10.05,1441124411226,"3,172",Not yet rated,NULL,$11
AMWD,$64.65,1441124411260,"30,841",50% bullish,of 2 ratings,$70
AMSF,$46.17,1441124411395,"3,160",Not yet rated,NULL,$57.50
CRMT,$36.05,1441124411423,"14,559",100% bearish,of 1 rating,$39
ASRV,$3.2254,1441124411476,"12,187",100% bullish,of 2 ratings,N/A
ATLO,$23.5001,1441124411508,807,Not yet rated,NULL,N/A
ABCB,$26.7,1441124411530,"11,822",Not yet rated,NULL,$31
ASRVP,NULL,1441124411550,0,Not yet rated,NULL,N/A
AMGN,$149.5458,1441124411611,"1,440,836",89% bullish,of 19 ratings,$185
FOLD,$14.37,1441124411752,"552,259",56% bullish,of 9 ratings,$21
AMKR,$5.11,1441124411852,"546,553",100% bearish,of 2 ratings,$5
AMSG,$77.32,1441124411883,"42,535",100% bearish,of 1 rating,$85.50
AMSGP,$148.51,1441124411913,400,Not yet rated,NULL,N/A
AMPH,$13.24,1441124411985,"77,350",50% bullish,of 2 ratings,$20
ASYS,$5.58,1441124412011,"10,474",67% bullish,of 3 ratings,$12
AFSI,$56.64,1441124412072,"116,938",60% bullish,of 5 ratings,$72
ANAC,$129.32,1441124412103,"86,290",80% bullish,of 5 ratings,$180.50
AMRS,$1.79,1441124412175,"50,713",70% bullish,of 10 ratings,N/A
ANAD,$0.3231,1441124412200,"79,686",100% bullish,of 2 ratings,$.50
ADI,$53.98,1441124412231,"627,544",67% bullish,of 3 ratings,$69
ABCW,$40.81,1441124412372,"6,309",67% bullish,of 3 ratings,N/A
AMCF,$0.21,1441124412402,"5,670",100% bullish,of 7 ratings,N/A
ALOG,$79.86,1441124412423,"6,546",100% bearish,of 2 ratings,$100.50
ANCB,$21.5,1441124412556,"1,100",Not yet rated,NULL,$23
ANGI,$5.18,1441124412583,"100,323",64% bullish,of 11 ratings,$5.50
ANGO,$14.74,1441124412612,"26,380",67% bullish,of 3 ratings,$19
ANIP,$51.33,1441124412746,"77,161",89% bullish,of 19 ratings,$66
ANIK,$34.99,1441124412771,"27,782",60% bullish,of 5 ratings,$51.25
ANSS,$87,1441124412801,"112,068",100% bearish,of 1 rating,$100
ATRS,$1.885,1441124412835,"272,052",92% bullish,of 12 ratings,$4.50
ANTH,$6.94,1441124412908,"253,561",80% bullish,of 10 ratings,$13
APOG,$50.85,1441124412939,"35,527",50% bullish,of 2 ratings,$67
APIC,$6.72,1441124412994,"30,047",100% bearish,of 1 rating,$19
ABAC,$0.76,1441124413025,"5,628",100% bearish,of 1 rating,N/A
ATNY,NULL,1441124413050,0,50% bullish,of 2 ratings,$3.75
APOL,$11.1,1441124413123,"284,469",87% bearish,of 68 ratings,$14
AAPL,$110.8355,1441124413218,"17,264,381",86% bullish,of 2358 ratings,$150
AINV,$6.3351,1441124413249,"555,153",50% bullish,of 4 ratings,$8
APPF,$15.11,1441124413282,"14,531",50% bullish,of 2 ratings,$22
APDN,$3.56,1441124413381,"18,331",Not yet rated,NULL,$9
ARCI,$1.25,1441124413436,20,Not yet rated,NULL,N/A
APDNW,$1.48,1441124413464,"10,080",Not yet rated,NULL,N/A
AGTC,$15.99,1441124413516,"22,881",50% bullish,of 2 ratings,$33
AMCC,$5.7338,1441124413659,"107,656",80% bullish,of 5 ratings,$8
AMAT,$15.835,1441124413685,"3,747,359",82% bullish,of 11 ratings,$23
AAOI,$20.255,1441124413707,"64,540",50% bullish,of 4 ratings,$26
AREX,$2.3899,1441124413749,"326,531",50% bullish,of 2 ratings,$3
APTO,$5.135,1441124413776,900,Not yet rated,NULL,$17
APRI,$1.7601,1441124413844,"587,298",83% bullish,of 6 ratings,$4.86
AQXP,$16.95,1441124413873,"60,682",50% bullish,of 2 ratings,$2
AQMS,$4.95,1441124413902,"3,060",Not yet rated,NULL,N/A
AUMAU,NULL,1441124414028,0,Not yet rated,NULL,N/A
AUMA,$9.9,1441124414053,100,Not yet rated,NULL,N/A
ARDM,NULL,1441124414131,0,100% bullish,of 1 rating,$26
PETX,$18.02,1441124414263,"68,741",100% bearish,of 2 ratings,$26
ARCW,$3.73,1441124414304,"2,113",100% bearish,of 2 ratings,$10.50
AUMAW,NULL,1441124414337,0,Not yet rated,NULL,N/A
ABUS,$6.8,1441124414359,"151,967",86% bullish,of 14 ratings,$23
RKDA,$6.21,1441124414390,"4,927",100% bearish,of 2 ratings,$10
ABIO,$0.9,1441124414421,"10,203",50% bullish,of 2 ratings,$3.75
ARCB,$28.25,1441124414442,"46,870",67% bearish,of 3 ratings,$39.50
ACGL,$67.69,1441124414478,"141,441",50% bullish,of 2 ratings,$72
ARDX,$19,1441124414581,"32,531",50% bullish,of 2 ratings,$24.50
ACAT,$25.7,1441124414608,"16,900",100% bearish,of 3 ratings,$33
ARNA,$2.61,1441124414680,"581,923",90% bullish,of 78 ratings,$5.50
ARCC,$15.4,1441124414768,"754,557",67% bearish,of 3 ratings,$17.75
AGIIL,$25.34,1441124414903,158,Not yet rated,NULL,N/A
ARGS,$6.37,1441124414931,"30,145",50% bullish,of 2 ratings,$19.50
AGII,$55.18,1441124414958,"19,975",Not yet rated,NULL,$59.50
ARIS,$3.6999,1441124414979,"6,716",Not yet rated,NULL,$4.50
ARKR,$24.74,1441124415019,42,50% bullish,of 2 ratings,N/A
ARIA,$9.0395,1441124415040,"1,655,490",87% bullish,of 46 ratings,$9
ARMH,$41.62,1441124415114,"371,902",54% bearish,of 13 ratings,$60
ARTX,$1.48,1441124415149,"96,673",88% bullish,of 16 ratings,$4.50
ARWAU,$10.2,1441124415245,200,100% bullish,of 1 rating,N/A
ARWA,NULL,1441124415272,0,Not yet rated,NULL,N/A
ARWAW,NULL,1441124415297,0,Not yet rated,NULL,N/A
ARQL,$1.63,1441124415322,"41,885",75% bullish,of 4 ratings,$5
ARWAR,NULL,1441124415349,0,Not yet rated,NULL,N/A
ARRY,$5.84,1441124415525,"396,342",100% bullish,of 7 ratings,$10
ARRS,$26.05,1441124415631,"250,048",50% bullish,of 2 ratings,$38
ARTNA,$21.64,1441124415664,"6,556",100% bearish,of 1 rating,$29
ARTW,$3.929,1441124415688,"10,316",75% bearish,of 4 ratings,N/A
DWAT,$9.74,1441124415718,"7,900",100% bearish,of 1 rating,N/A
AROW,$27.2,1441124415743,"5,006",Not yet rated,NULL,N/A
ARWR,$5.79,1441124415772,"209,771",75% bullish,of 4 ratings,$10.50
ASBB,$24.11,1441124415822,100,Not yet rated,NULL,N/A
ASTI,$0.228,1441124415909,"11,414,235",83% bullish,of 6 ratings,$3
ASNA,$12.06,1441124415972,"523,888",50% bullish,of 2 ratings,$18
ASMI,NULL,1441124415997,0,NULL,NULL,NULL
ASCMA,$27.98,1441124416029,"18,473",100% bearish,of 1 rating,$45
ASND,$19.5,1441124416056,"18,311",50% bullish,of 2 ratings,$30
APWC,$1.72,1441124416077,100,100% bearish,of 1 rating,N/A
ASML,$89.54,1441124416266,"172,414",50% bullish,of 4 ratings,$127
ASMB,$14.025,1441124416296,"18,951",67% bullish,of 3 ratings,N/A
AZPN,$37.39,1441124416327,"78,514",50% bullish,of 2 ratings,$42
ASFI,$8.8999,1441124416399,"4,800",100% bullish,of 1 rating,N/A
ALOT,$13.59,1441124416459,"1,196",100% bearish,of 1 rating,N/A
ASTE,$38.64,1441124416484,"21,304",100% bearish,of 1 rating,$49
ATRO,$49.66,1441124416531,"27,831",100% bearish,of 2 ratings,$80
ASUR,$5.38,1441124416660,"1,748",50% bullish,of 2 ratings,$8
ASTC,$2.0688,1441124416696,"6,671",100% bullish,of 5 ratings,N/A
ATHN,$131.87,1441124416725,"49,294",67% bearish,of 3 ratings,$153
AFCB,NULL,1441124416799,0,Not yet rated,NULL,N/A
ATAI,$2.45,1441124416827,"23,118",100% bearish,of 1 rating,N/A
ATRA,$40.29,1441124416853,"39,364",50% bullish,of 2 ratings,$68
ATHX,$1.12,1441124416904,"51,227",89% bullish,of 9 ratings,$5
AAPC,$10.1,1441124416991,8,Not yet rated,NULL,N/A
AAME,$3.59,1441124417071,100,Not yet rated,NULL,N/A
ACFC,$5.4,1441124417143,"13,279",100% bearish,of 1 rating,$6.50
ATNI,$70.95,1441124417209,"6,603",100% bearish,of 1 rating,$69.50
ATLC,$3.98,1441124417275,"2,390",67% bullish,of 3 ratings,N/A
AAWW,$38.94,1441124417300,"81,342",50% bullish,of 2 ratings,$65
AFH,$15.9,1441124417445,"35,842",Not yet rated,NULL,$21.50
ATRC,$24.12,1441124417473,"36,387",100% bullish,of 1 rating,$30
ATOS,$0.78,1441124417499,"16,028",100% bullish,of 7 ratings,$7
ATRM,$2.72,1441124417548,400,50% bullish,of 2 ratings,N/A
ATTU,$12.78,1441124417634,"34,963",100% bearish,of 1 rating,$20.50
ATRI,$382.61,1441124417661,506,Not yet rated,NULL,N/A
ATML,$7.98,1441124417686,"2,862,795",78% bullish,of 9 ratings,$9.50
LIFE,$14.1,1441124417791,"30,227",86% bullish,of 7 ratings,$43
AUDC,$3.3302,1441124417859,"25,758",80% bullish,of 5 ratings,$5
EARS,$4.64,1441124417962,"2,904",100% bearish,of 2 ratings,$11
AUPH,$3.44,1441124417991,"25,056",100% bearish,of 1 rating,$8
ADAT,$0.2901,1441124418019,"63,186",100% bullish,of 2 ratings,N/A
AUBN,$26.95,1441124418045,233,Not yet rated,NULL,N/A
ADSK,$45.86,1441124418093,"1,129,895",67% bullish,of 6 ratings,$66
ABTL,$17.65,1441124418222,"25,343",100% bullish,of 4 ratings,$20.25
ADP,$75.74,1441124418288,"478,914",100% bearish,of 1 rating,$88
AVGO,$122.3,1441124418353,"1,048,175",88% bullish,of 8 ratings,$165
AAVL,$10.4,1441124418382,"81,833",100% bearish,of 1 rating,$20
AVNW,$1.16,1441124418408,"10,350",50% bullish,of 2 ratings,N/A
AVNU,$12.6,1441124418452,"9,140",Not yet rated,NULL,$14
AVID,$8.3461,1441124418557,"193,355",100% bearish,of 1 rating,$20
AVEO,$1.39,1441124418583,"318,998",75% bullish,of 8 ratings,$3
AXPW,$1.8101,1441124418896,"1,403,830",83% bullish,of 6 ratings,N/A
AVGR,$15.025,1441124419440,"6,454",100% bearish,of 1 rating,$20
AWRE,$3.2163,1441124419470,"2,347",67% bullish,of 3 ratings,N/A
CAR,$43.525,1441124419493,"377,026",80% bullish,of 5 ratings,$60
ACLS,$3.205,1441124419523,"100,451",67% bullish,of 6 ratings,$4.75
AXGN,$4.64,1441124419544,"25,318",Not yet rated,NULL,$5
AXPWW,$1.0001,1441124419575,100,Not yet rated,NULL,N/A
RILY,NULL,1441124419782,0,Not yet rated,NULL,N/A
AXTI,$2.19,1441124419812,"5,007",50% bullish,of 2 ratings,$2.75
BCOM,NULL,1441124419858,0,100% bearish,of 1 rating,N/A
BEAV,$47.95,1441124419884,"415,946",67% bearish,of 3 ratings,$59
BIDU,$145.07,1441124419906,"1,277,778",81% bullish,of 88 ratings,$210
BOSC,$2.1501,1441124419937,200,50% bullish,of 2 ratings,N/A
BCPC,$57.85,1441124420093,"30,669",100% bearish,of 1 rating,$75
BWINA,NULL,1441124420126,0,Not yet rated,NULL,N/A
BWINB,$22.9,1441124420154,800,Not yet rated,NULL,N/A
BANFP,NULL,1441124420186,0,Not yet rated,NULL,N/A
BANF,$58.7599,1441124420212,"6,465",Not yet rated,NULL,$68
BKMU,$7.125,1441124420241,"6,803",Not yet rated,NULL,$8
BLDP,$1.35,1441124420287,"115,534",91% bullish,of 22 ratings,$2.50
BMRC,$48.015,1441124420422,"1,430",Not yet rated,NULL,$52
BOCH,$5.72,1441124420448,"1,384",Not yet rated,NULL,$6.50
BOTJ,$11.11,1441124420527,25,Not yet rated,NULL,N/A
BKSC,NULL,1441124420583,0,Not yet rated,NULL,N/A
OZRK,$40.4597,1441124420608,"158,545",67% bullish,of 3 ratings,$49.50
BWFG,$17.85,1441124420736,200,100% bearish,of 1 rating,N/A
BANR,$43.55,1441124420761,"19,917",100% bullish,of 3 ratings,$50
BFIN,$12.21,1441124420791,"4,550",Not yet rated,NULL,$13
TAPR,NULL,1441124420823,0,100% bearish,of 1 rating,N/A
BHAC,NULL,1441124420891,0,Not yet rated,NULL,N/A
BZUN,$5.06,1441124420919,"74,607",50% bullish,of 2 ratings,$11.50
BHACR,NULL,1441124420949,0,Not yet rated,NULL,N/A
BHACU,NULL,1441124420978,0,Not yet rated,NULL,N/A
BHACW,NULL,1441124421078,0,Not yet rated,NULL,N/A
BBSI,$35.2,1441124421163,"12,842",67% bearish,of 3 ratings,$62.50
BSET,$27.95,1441124421188,"5,708",100% bearish,of 1 rating,$35
BYLK,$13,1441124421383,"7,601",Not yet rated,NULL,$14
BV,$5.195,1441124421409,"131,155",67% bullish,of 6 ratings,$9
BECN,$35.29,1441124421493,"43,424",50% bullish,of 2 ratings,$40
BDCV,$4.88,1441124421552,"6,081",100% bearish,of 1 rating,$10.19
BCBP,NULL,1441124421577,0,Not yet rated,NULL,N/A
BYBK,$4.89,1441124421625,300,100% bearish,of 1 rating,N/A
BBCN,$14.1,1441124421651,"56,977",100% bearish,of 1 rating,$16
BSF,$8.39,1441124421673,"2,113",Not yet rated,NULL,N/A
BBGI,$3.96,1441124421716,100,100% bearish,of 1 rating,N/A
BEBE,$1.32,1441124421806,"223,327",75% bullish,of 4 ratings,$2.125
BBBY,$60.96,1441124421833,"411,374",71% bullish,of 7 ratings,$75
BELFA,$14.87,1441124421859,218,100% bearish,of 1 rating,N/A
BLPH,$4.76,1441124421992,"7,350",100% bearish,of 1 rating,$12.50
BELFB,$17.48,1441124422019,"5,182",100% bearish,of 1 rating,N/A
BLCM,$17.02,1441124422152,"36,316",50% bullish,of 4 ratings,$40
BNTC,$7.7001,1441124422186,"7,319",100% bullish,of 1 rating,N/A
BNCL,$12.32,1441124422207,"114,475",100% bullish,of 3 ratings,$12.50
BNFT,$35.41,1441124422229,"34,256",67% bullish,of 3 ratings,$46
BGFV,$11.085,1441124422267,"37,430",57% bullish,of 7 ratings,$12
BGMD,$0.6932,1441124422288,"13,482",100% bullish,of 10 ratings,N/A
BGCP,$8.71,1441124422319,"303,188",88% bullish,of 8 ratings,$14
BIND,$4.76,1441124422454,"83,197",75% bullish,of 4 ratings,$13.50
BASI,$1.61,1441124422481,"2,325",Not yet rated,NULL,N/A
ORPN,$5.66,1441124422503,"2,100",100% bullish,of 1 rating,$28.50
BIOC,$1.9799,1441124422531,"67,943",83% bullish,of 6 ratings,$3.85
BDSI,$6.67,1441124422760,"410,783",88% bullish,of 8 ratings,$17
BCDA,NULL,1441124422794,0,Not yet rated,NULL,N/A
BIOD,$0.7185,1441124422827,"55,745",80% bullish,of 5 ratings,$4
BIIB,$298.965,1441124422861,"571,838",88% bullish,of 16 ratings,$400
BIOL,$1.5773,1441124422888,"12,104",Not yet rated,NULL,N/A
BLFS,$2.6601,1441124422923,"320,606",100% bearish,of 1 rating,$4.75
BCRX,$11.42,1441124422952,"216,513",63% bullish,of 8 ratings,$18
BMRN,$126.35,1441124422977,"327,400",80% bullish,of 5 ratings,$160
BLRX,$1.51,1441124423118,"61,078",100% bullish,of 12 ratings,$5
BVXVW,$0.7,1441124423254,"4,500",100% bearish,of 1 rating,N/A
BPTH,$1.23,1441124423311,"117,609",100% bullish,of 2 ratings,$5
BRLI,NULL,1441124423337,0,NULL,NULL,NULL
BVXV,$3.53,1441124423359,"5,812",Not yet rated,NULL,N/A
BBC,$31.1436,1441124423389,"7,647",Not yet rated,NULL,N/A
BIOS,$2.42,1441124423410,"215,920",71% bullish,of 7 ratings,$4
BBP,$32.3001,1441124423440,"20,053",Not yet rated,NULL,N/A
BOTA,$2.21,1441124423578,"23,260",88% bullish,of 8 ratings,N/A
BSTC,$48.45,1441124423610,"8,858",100% bearish,of 1 rating,$76
BITI,$16.97,1441124423657,"2,727",100% bullish,of 1 rating,$28
BSPM,$0.6976,1441124423689,680,50% bullish,of 2 ratings,N/A
TECH,$92.7,1441124423710,"25,535",100% bullish,of 1 rating,$117
BDMS,NULL,1441124423744,0,100% bearish,of 1 rating,N/A
BEAT,$14.87,1441124423791,"190,920",67% bearish,of 3 ratings,$15
BJRI,$43.42,1441124423923,"57,632",50% bullish,of 2 ratings,$55
BBOX,$15.23,1441124423987,"33,130",100% bearish,of 1 rating,N/A
BLKB,$56.24,1441124424055,"27,930",100% bearish,of 2 ratings,$66
BDE,$7.23,1441124424082,"36,444",50% bullish,of 2 ratings,$9
BBRY,$7.445,1441124424107,"1,229,254",61% bullish,of 330 ratings,$9
HAWK,$38.31,1441124424216,"120,943",91% bullish,of 11 ratings,$49
ADRD,$21.402,1441124424251,"64,490",100% bearish,of 1 rating,N/A
ADRA,$26.39,1441124424280,"3,212",100% bearish,of 1 rating,N/A
ADRE,$29.2,1441124424345,"2,115",100% bearish,of 1 rating,N/A
BKCC,$9.31,1441124424377,"81,649",50% bullish,of 2 ratings,$10
ADRU,$21.1812,1441124424411,100,100% bearish,of 1 rating,N/A
BLMN,$20.5135,1441124424442,"305,151",83% bullish,of 6 ratings,$27.50
BCOR,$13.44,1441124424471,"61,378",57% bullish,of 7 ratings,$15
BLBD,$11.75,1441124424539,"2,073",Not yet rated,NULL,N/A
BUFF,$24.5,1441124424778,"257,651",83% bullish,of 12 ratings,$31.50
NILE,$33.65,1441124424827,"24,797",50% bullish,of 2 ratings,$34
BBLU,$0.79,1441124424860,"11,041",100% bullish,of 2 ratings,$4.43
BLUE,$130.995,1441124424886,"134,564",71% bullish,of 7 ratings,$217.50
BKEP,$6.16,1441124424916,"2,933",100% bearish,of 1 rating,$8.50
BKEPP,$7.4,1441124424958,100,100% bearish,of 1 rating,N/A
BHBK,$13.87,1441124425020,"22,588",100% bullish,of 1 rating,$14.50
BOBE,$44.35,1441124425102,"44,768",75% bullish,of 4 ratings,$57
BOFI,$112.55,1441124425130,"80,427",100% bullish,of 6 ratings,$144
BNCN,$20.37,1441124425159,"24,174",Not yet rated,NULL,$24
BPMC,$27.06,1441124425194,"17,769",50% bullish,of 2 ratings,$47.50
BOKF,$61.2399,1441124425265,"93,135",100% bearish,of 1 rating,$69
WIFI,$7.445,1441124425291,"28,380",50% bullish,of 2 ratings,$13.50
BOJA,$20.74,1441124425316,"48,282",100% bullish,of 1 rating,$30
BONA,$11.45,1441124425676,"92,051",75% bullish,of 4 ratings,$8.50
BNSO,$1.27,1441124425818,"1,700",100% bearish,of 1 rating,N/A
BAMM,$3.175,1441124426056,"6,075",60% bullish,of 5 ratings,N/A
BPFH,$11.495,1441124426337,"99,499",100% bearish,of 1 rating,$14
BPFHW,NULL,1441124426363,0,100% bearish,of 1 rating,N/A
EPAY,$26.45,1441124426494,"25,989",100% bearish,of 2 ratings,$30
BBEPP,$14.31,1441124426522,"9,901",100% bearish,of 1 rating,N/A
BBRG,$12.19,1441124426557,"24,045",67% bullish,of 3 ratings,$14.50
BDBD,$8.27,1441124426580,"252,553",60% bullish,of 5 ratings,$10
BPFHP,$25,1441124426606,"2,940",100% bearish,of 1 rating,N/A
BCLI,$3.1,1441124426631,"25,100",80% bullish,of 5 ratings,$12
BBEP,$2.72,1441124426659,"589,091",69% bullish,of 13 ratings,$5.625
BDGE,$26.05,1441124426792,"2,643",Not yet rated,NULL,$31.75
BLIN,NULL,1441124426839,0,100% bullish,of 2 ratings,$2.20
BRID,NULL,1441124426872,0,100% bearish,of 1 rating,N/A
BCOV,$5.28,1441124426982,"35,885",67% bullish,of 3 ratings,$10.20
BRCM,$50.49,1441124427009,"1,516,973",75% bullish,of 12 ratings,$56
BVSN,$5.8999,1441124427193,"1,500",60% bearish,of 5 ratings,N/A
BWEN,$3.17,1441124427229,"6,193",75% bullish,of 4 ratings,$8
BYFC,$1.45,1441124427258,502,50% bullish,of 2 ratings,N/A
BSFT,$31.73,1441124427279,"49,181",57% bullish,of 7 ratings,$40.50
BRCD,$10.31,1441124427301,"1,169,565",92% bullish,of 13 ratings,$11.50
BRKS,$10.3899,1441124427434,"29,750",67% bullish,of 3 ratings,$15.25
BRKL,$10.1575,1441124427470,"171,057",100% bearish,of 1 rating,$10.75
BLMT,$20.7011,1441124427495,"2,449",Not yet rated,NULL,N/A
BRKR,$18.05,1441124427530,"80,445",100% bearish,of 2 ratings,$22
BMTC,$29.0247,1441124427561,"12,690",Not yet rated,NULL,$34
BSQR,$6.07,1441124427591,"11,045",67% bullish,of 3 ratings,N/A
BWLD,$189.99,1441124427632,"105,533",82% bullish,of 11 ratings,$205
BUR,$1.797,1441124427770,"4,294",100% bearish,of 1 rating,$8
BLDR,$14.29,1441124427877,"220,131",67% bullish,of 3 ratings,$22
CHRW,$66.595,1441124427959,"333,989",Not yet rated,NULL,$72
CFFI,$34.6469,1441124428012,449,100% bearish,of 1 rating,N/A
CA,$26.68,1441124428042,"557,302",50% bullish,of 4 ratings,$33
CDNS,$19.76,1441124428063,"414,417",75% bullish,of 4 ratings,$22.50
CACQ,$7.14,1441124428085,"10,967",100% bearish,of 1 rating,$12.25
CDZI,$8.09,1441124428122,"4,648",100% bearish,of 1 rating,N/A
CCMP,$42.62,1441124428144,"10,656",50% bullish,of 2 ratings,$59
CLBS,$1.6286,1441124428304,"187,095",79% bullish,of 14 ratings,$4
CSTE,$38.706,1441124428336,"30,604",50% bullish,of 2 ratings,$65
CZR,$9.23,1441124428364,"228,625",60% bearish,of 5 ratings,$10.50
PRSS,$4.32,1441124428388,"3,002",80% bullish,of 5 ratings,$4.50
CLMS,$10.1914,1441124428422,"24,760",Not yet rated,NULL,$10.50
CHI,$10.527,1441124428448,"86,063",100% bearish,of 1 rating,N/A
CHY,$11.2747,1441124428498,"167,167",Not yet rated,NULL,N/A
CFGE,$10.34,1441124428627,80,Not yet rated,NULL,N/A
CHW,$7.44,1441124428675,"54,853",100% bearish,of 1 rating,N/A
CCD,$18.96,1441124428701,"25,404",Not yet rated,NULL,N/A
CSQ,$9.745,1441124428722,"160,469",Not yet rated,NULL,N/A
CGO,$11.9804,1441124428751,"10,542",100% bearish,of 1 rating,N/A
CAMP,$16.05,1441124428885,"175,432",88% bullish,of 8 ratings,$25
CALA,$5.65,1441124428923,"143,421",100% bullish,of 3 ratings,$19.50
CFNB,NULL,1441124428957,0,100% bearish,of 1 rating,N/A
CALM,$51.72,1441124429034,"170,749",80% bullish,of 5 ratings,$63.50
CVGW,$57.345,1441124429067,"29,647",50% bullish,of 2 ratings,$62
ABCD,$4.957,1441124429088,"44,919",83% bullish,of 6 ratings,N/A
CALD,$15.84,1441124429118,"111,395",100% bearish,of 1 rating,$21
CLMT,$25.5,1441124429140,"72,174",75% bullish,of 8 ratings,$31
CAMB,$9.95,1441124429321,"1,856",Not yet rated,NULL,N/A
CAMBW,NULL,1441124429352,0,Not yet rated,NULL,N/A
CAMBU,NULL,1441124429372,0,100% bearish,of 1 rating,N/A
CAC,$40,1441124429419,"1,682",Not yet rated,NULL,N/A
CSIQ,$18.27,1441124429448,"626,595",86% bullish,of 28 ratings,$42.50
CGIX,$9.68,1441124429508,"6,300",67% bullish,of 3 ratings,$14.375
CAMT,$2.6401,1441124429581,"9,688",73% bullish,of 11 ratings,$4
CPHC,NULL,1441124429645,0,100% bearish,of 1 rating,N/A
CBF,$30.49,1441124429713,"54,423",Not yet rated,NULL,$32
CBNJ,$11.06,1441124429740,"3,085",100% bearish,of 1 rating,N/A
CPLA,$48.61,1441124429773,"37,479",67% bearish,of 3 ratings,$65
CCBG,$15.095,1441124429799,"12,900",Not yet rated,NULL,$17.25
CPLP,$6.99,1441124429824,"66,652",71% bullish,of 7 ratings,$11
CSWC,$44.89,1441124429872,"6,903",Not yet rated,NULL,N/A
CPTA,$13.72,1441124429958,"16,437",100% bearish,of 1 rating,$18.50
CAPN,$2.205,1441124430091,"40,863",100% bullish,of 1 rating,$10.85
CFFN,$11.83,1441124430145,"343,298",Not yet rated,NULL,$12.75
CAPNW,NULL,1441124430166,0,Not yet rated,NULL,N/A
CAPR,$4.6301,1441124430200,"5,081",Not yet rated,NULL,$12
CPST,$0.3855,1441124430248,"341,609",95% bullish,of 22 ratings,$1.25
CARA,$18.67,1441124430299,"41,808",50% bullish,of 4 ratings,$25
CARB,$11.11,1441124430350,"48,972",75% bullish,of 4 ratings,$12
CRME,$9.12,1441124430387,"4,000",89% bullish,of 9 ratings,$11.25
CBYL,$5.17,1441124430414,"6,004",100% bearish,of 1 rating,$20
CFNL,$21.87,1441124430439,"18,717",Not yet rated,NULL,$24
CRDC,$0.3249,1441124430485,"106,688",100% bullish,of 1 rating,$1.25
CSII,$24.15,1441124430755,"85,165",100% bearish,of 2 ratings,$42.125
CTRE,$10.89,1441124430960,"46,933",50% bullish,of 2 ratings,$13.50
CECO,$3.705,1441124430982,"50,406",67% bearish,of 3 ratings,$6
CDNA,$6.84,1441124431010,"2,703",100% bearish,of 1 rating,$9
CKEC,$23.38,1441124431063,"45,129",50% bullish,of 2 ratings,$35.915
CLBH,$12.56,1441124431198,"2,309",Not yet rated,NULL,$16.50
CART,NULL,1441124431239,0,100% bearish,of 1 rating,N/A
CARO,$15.4899,1441124431261,"2,680",100% bearish,of 1 rating,$19
CATM,$33.7654,1441124431301,"49,199",100% bearish,of 1 rating,$44
TAST,$12.51,1441124431327,"40,786",Not yet rated,NULL,$14.25
CRZO,$35.04,1441124431356,"359,887",67% bearish,of 3 ratings,$54.50
CRTN,$2.51,1441124431377,404,100% bearish,of 1 rating,N/A
CARV,$5.8101,1441124431416,100,50% bullish,of 2 ratings,N/A
CSCD,$15.11,1441124431521,"3,455",100% bullish,of 2 ratings,$17
CASM,$1.16,1441124431581,"5,839",100% bullish,of 1 rating,$3.50
CACB,$5.34,1441124431606,"6,583",Not yet rated,NULL,$5.50
CWST,$6.09,1441124431683,"17,491",50% bullish,of 2 ratings,$7.25
CASI,$1.42,1441124431930,"1,200",100% bullish,of 1 rating,$3.50
CATYW,NULL,1441124431968,0,100% bearish,of 1 rating,N/A
CASS,$47.56,1441124431990,"2,255",100% bearish,of 1 rating,N/A
CPRX,$3.64,1441124432011,"186,881",71% bullish,of 7 ratings,$7
CATB,$11.24,1441124432033,"4,106",100% bearish,of 1 rating,$28
CASY,$104.97,1441124432075,"55,005",50% bullish,of 2 ratings,$99.50
CATY,$28.77,1441124432097,"184,123",100% bearish,of 1 rating,$33.50
CAVM,$66.735,1441124432286,"61,735",67% bearish,of 3 ratings,$72
CNLM,NULL,1441124432312,0,Not yet rated,NULL,N/A
CVCO,$70.64,1441124432333,"5,505",100% bearish,of 1 rating,N/A
CNLMR,$0.34,1441124432361,114,Not yet rated,NULL,N/A
CNLMU,NULL,1441124432565,0,100% bullish,of 1 rating,N/A
CDK,$48.79,1441124432700,"154,085",67% bearish,of 3 ratings,$50
CBOE,$62.86,1441124432738,"115,851",Not yet rated,NULL,$60
CECE,$9.55,1441124432760,"24,719",50% bullish,of 2 ratings,$16
CPXX,$2.23,1441124432781,"31,973",100% bullish,of 2 ratings,$7
CDW,$38.61,1441124432803,"255,392",75% bullish,of 4 ratings,$44
CNLMW,$0.3,1441124432845,"3,100",Not yet rated,NULL,N/A
CELG,$117.13,1441124432867,"1,614,735",92% bullish,of 13 ratings,$155.50
CLDX,$14.67,1441124433019,"346,118",89% bullish,of 9 ratings,$36
CELGZ,$1.677,1441124433046,"8,800",80% bullish,of 5 ratings,N/A
CBFV,$20.5,1441124433105,"1,150",Not yet rated,NULL,$25
CLRB,$3.09,1441124433132,"1,160",100% bearish,of 1 rating,N/A
CLDN,$1.13,1441124433153,"64,042",71% bullish,of 7 ratings,$3
CLLS,$33.19,1441124433283,"36,796",75% bullish,of 4 ratings,$51.50
CBMG,$23.12,1441124433313,"27,896",50% bullish,of 2 ratings,N/A
CLSN,$2.08,1441124433359,"9,387",80% bullish,of 10 ratings,$7.50
CLRBW,NULL,1441124433386,0,Not yet rated,NULL,N/A
CLTX,$2.5,1441124433414,"77,085",100% bullish,of 2 ratings,N/A
CEMP,$33.62,1441124433441,"143,504",71% bullish,of 7 ratings,$52
CETX,$2.43,1441124433582,"12,550",Not yet rated,NULL,$5.60
CSFL,$13.52,1441124433608,"26,482",Not yet rated,NULL,$15
CYAD,$46.8201,1441124433630,900,100% bullish,of 1 rating,$87.50
CETV,$2.14,1441124433667,"24,409",67% bullish,of 3 ratings,$2.80
CENT,$12.383,1441124433764,"20,377",Not yet rated,NULL,$10
CFBK,$1.34,1441124433789,200,Not yet rated,NULL,N/A
CENX,$5.45,1441124434136,"704,910",67% bullish,of 6 ratings,$9
CENTA,$12.75,1441124434163,"57,736",Not yet rated,NULL,N/A
CPHD,$48.01,1441124434210,"143,232",67% bearish,of 3 ratings,$66.50
CNTY,$5.77,1441124434241,"3,344",80% bullish,of 5 ratings,$7.75
CNBKA,NULL,1441124434262,0,50% bullish,of 2 ratings,N/A
CVCY,$11.28,1441124434294,"1,255",Not yet rated,NULL,$12
CRNT,$1.4299,1441124434342,"55,709",50% bullish,of 2 ratings,$2
CERE,$1.105,1441124434427,"146,718",88% bullish,of 8 ratings,N/A
CERN,$60.5976,1441124434492,"432,998",67% bullish,of 3 ratings,$79
CERS,$4.815,1441124434521,"71,801",75% bullish,of 4 ratings,$7
CERU,$4.13,1441124434542,"23,396",75% bullish,of 4 ratings,$14
KOOL,$0.6999,1441124434589,"45,655",100% bullish,of 5 ratings,$7
CEVA,$19.23,1441124434669,"14,199",100% bearish,of 1 rating,$25
HOTRW,NULL,1441124434815,0,Not yet rated,NULL,N/A
HOTR,$1.3708,1441124434859,"108,219",100% bullish,of 2 ratings,$5
CTHR,$1.29,1441124434913,869,50% bullish,of 2 ratings,$2.50
GTLS,$24.13,1441124434959,"128,418",50% bullish,of 4 ratings,$40
CYOU,$19.15,1441124435002,"61,836",50% bullish,of 6 ratings,$24
CHTR,$179.11,1441124435051,"258,626",100% bearish,of 2 ratings,$202
CHFN,$12.43,1441124435155,"1,827",Not yet rated,NULL,$14
CHKP,$77.935,1441124435221,"443,211",50% bullish,of 4 ratings,$92
CHEK,$2.06,1441124435246,"1,600",Not yet rated,NULL,$7.75
CHEKW,NULL,1441124435303,0,Not yet rated,NULL,N/A
CEMI,$4.24,1441124435331,"6,400",50% bullish,of 2 ratings,$7.50
CHFC,$31.3,1441124435355,"8,583",100% bearish,of 1 rating,$36
CHMG,$26.35,1441124435530,700,Not yet rated,NULL,$30
CHKE,$25.805,1441124435578,"7,226",100% bearish,of 1 rating,$32.50
CCXI,$6.1,1441124435610,"21,118",67% bullish,of 3 ratings,$14
CHMA,$26.14,1441124435660,"26,075",Not yet rated,NULL,$40
CHEV,$14.47,1441124435709,404,Not yet rated,NULL,N/A
CBNK,$16.39,1441124435736,600,100% bearish,of 1 rating,N/A
CMRX,$48.353,1441124435802,"57,130",50% bullish,of 2 ratings,$57
PLCE,$59.24,1441124435865,"47,900",100% bearish,of 1 rating,$69
CADC,$3.02,1441124435963,200,78% bullish,of 9 ratings,N/A
CAAS,$6.0574,1441124436073,"5,038",93% bullish,of 14 ratings,$11.50
CALI,$0.855,1441124436110,"9,957",67% bullish,of 3 ratings,N/A
CBPO,$92.95,1441124436132,"50,125",75% bullish,of 8 ratings,$140.50
CCCL,$0.7799,1441124436174,"1,200",100% bullish,of 6 ratings,N/A
CCCR,$0.7,1441124436199,"1,700",67% bearish,of 3 ratings,N/A
CBAK,$1.85,1441124436224,"16,777",67% bullish,of 9 ratings,N/A
JRJC,$3.51,1441124436378,"49,249",82% bullish,of 11 ratings,N/A
HGSH,$1.7,1441124436511,"1,100",67% bullish,of 3 ratings,N/A
CHOP,$1.1539,1441124436539,"7,160",50% bullish,of 2 ratings,N/A
CHLN,$1.99,1441124436692,"1,000",67% bullish,of 3 ratings,N/A
CNIT,$1.21,1441124436992,"49,006",67% bullish,of 6 ratings,N/A
CJJD,$1.8,1441124437020,"1,100",100% bullish,of 1 rating,N/A
CREG,$0.6697,1441124437234,"5,949",100% bullish,of 3 ratings,N/A
HTHT,$25.67,1441124437260,"28,300",50% bullish,of 2 ratings,$28.40
CPGI,$6.84,1441124437390,200,Not yet rated,NULL,N/A
CHNR,$1.5605,1441124437419,500,100% bearish,of 1 rating,N/A
CSUN,$1.42,1441124437440,"1,552",80% bullish,of 5 ratings,N/A
CNTF,$0.82,1441124437469,"36,679",Not yet rated,NULL,N/A
CXDC,$5.85,1441124437498,"16,562",67% bearish,of 3 ratings,N/A
CNYD,NULL,1441124437519,0,67% bullish,of 3 ratings,N/A
CCIH,$7.64,1441124437650,"69,740",67% bullish,of 6 ratings,$12.65
CNET,$0.8537,1441124437700,"14,665",50% bullish,of 2 ratings,N/A
CHSCL,$27.1497,1441124437777,"4,909",Not yet rated,NULL,N/A
CHSCN,$26.77,1441124437886,"9,265",Not yet rated,NULL,N/A
CHSCM,$26.23,1441124437913,"4,257",Not yet rated,NULL,N/A
IMOS,$18.79,1441124437989,"72,073",60% bullish,of 5 ratings,$21.50
CHSCO,$28.34,1441124438046,700,Not yet rated,NULL,N/A
CHSCP,$30.5267,1441124438094,269,Not yet rated,NULL,N/A
CHDN,$132.9,1441124438124,"9,116",Not yet rated,NULL,$165
CHUY,$30.31,1441124438227,"25,330",50% bullish,of 2 ratings,$34
CIFC,$7.11,1441124438260,"1,500",100% bearish,of 1 rating,N/A
CMCT,$15.3,1441124438369,808,100% bearish,of 1 rating,N/A
CINF,$51.26,1441124438470,"116,571",50% bullish,of 4 ratings,$50.50
CDTX,$14.315,1441124438503,"12,400",Not yet rated,NULL,$22
CIDM,$0.56,1441124438524,"109,927",50% bullish,of 2 ratings,$2.10
CPHR,$5.4755,1441124438610,"7,150",100% bearish,of 1 rating,$17
CMPR,$68.93,1441124438655,"88,657",50% bullish,of 2 ratings,$72.50
CTAS,$83.85,1441124438680,"112,513",100% bearish,of 1 rating,$91
CSCO,$25.5,1441124438748,"8,665,457",83% bullish,of 210 ratings,$32
CTRN,$26.2,1441124438886,"19,769",100% bearish,of 1 rating,$31.50
CRUS,$29.59,1441124438912,"179,642",75% bullish,of 12 ratings,$44.50
CZFC,$12.7,1441124438986,200,Not yet rated,NULL,N/A
CZNC,$19.77,1441124439011,700,Not yet rated,NULL,N/A
CIZN,NULL,1441124439141,0,Not yet rated,NULL,N/A
CHCO,$46.7,1441124439166,"8,400",Not yet rated,NULL,$46
CTXS,$66.1,1441124439192,"450,815",86% bullish,of 7 ratings,$80
CZWI,NULL,1441124439329,0,Not yet rated,NULL,N/A
CIVBP,NULL,1441124439354,0,Not yet rated,NULL,N/A
CIVB,$9.9999,1441124439379,600,Not yet rated,NULL,$11
CLNE,$5.13,1441124439517,"345,469",80% bullish,of 15 ratings,$9
CDTI,$1.59,1441124439744,"58,730",75% bullish,of 4 ratings,$3.20
CLFD,$17.5476,1441124439819,"37,182",67% bullish,of 3 ratings,$18
CLRO,$11.47,1441124440242,952,50% bullish,of 2 ratings,$14.25
CLIR,$4.7499,1441124440313,"9,395",100% bullish,of 3 ratings,N/A
CLNT,$1.48,1441124440338,"6,447",75% bullish,of 8 ratings,N/A
CBLI,$4.07,1441124440471,"20,553",60% bullish,of 5 ratings,N/A
CSBK,$13.6,1441124440604,"15,366",Not yet rated,NULL,N/A
CLVS,$80.808,1441124440678,"158,644",60% bullish,of 5 ratings,$101.50
CMFN,$11.38,1441124440739,"2,796",100% bearish,of 1 rating,$15.50
CME,$91.97,1441124440764,"355,719",67% bullish,of 3 ratings,$102
CCNE,$17,1441124440796,"4,488",50% bullish,of 2 ratings,$21.50
COBZ,$12.65,1441124440828,"11,853",100% bullish,of 1 rating,$14
CISG,$7.43,1441124440849,"22,053",100% bullish,of 5 ratings,$10
CWAY,$10.88,1441124440938,704,Not yet rated,NULL,N/A
COKE,$154.47,1441124440984,"10,821",79% bullish,of 19 ratings,N/A
CNV,$4.37,1441124441014,"21,382",50% bullish,of 2 ratings,$7.15
CDRB,$13.3,1441124441119,"4,595",67% bullish,of 3 ratings,N/A
CDXS,$3.6299,1441124441144,"3,770",64% bullish,of 11 ratings,$6
JVA,$4.675,1441124441282,"1,668",83% bullish,of 6 ratings,$7
CVLY,$20.7,1441124441319,166,Not yet rated,NULL,N/A
CGNX,$34.52,1441124441384,"100,088",50% bullish,of 2 ratings,$47
CGNT,$1.5272,1441124441415,"2,500",100% bullish,of 2 ratings,$2
CTSH,$61.64,1441124441443,"1,128,236",90% bullish,of 10 ratings,$75
CHRS,$27.55,1441124441470,"13,933",67% bearish,of 3 ratings,$37
COHR,$56.34,1441124441491,"13,735",50% bullish,of 2 ratings,$72
CCOI,$27.41,1441124441513,"68,766",50% bullish,of 4 ratings,$35
CLCT,$18.05,1441124441660,"36,667",100% bearish,of 1 rating,N/A
COHU,$9.66,1441124441804,"20,586",100% bearish,of 1 rating,$14.25
COLL,$13.8399,1441124441830,"43,464",100% bearish,of 1 rating,$26
CIGI,$43.72,1441124441859,"22,111",100% bearish,of 1 rating,$52
CLRX,$0.65,1441124441889,"49,943",50% bullish,of 2 ratings,N/A
CBAN,$8.8,1441124441992,400,Not yet rated,NULL,N/A
COLB,$29.32,1441124442047,"25,812",Not yet rated,NULL,$36
COLM,$60.47,1441124442091,"22,839",100% bearish,of 1 rating,$71
CLCD,$6.31,1441124442120,"19,782",100% bearish,of 1 rating,$20.50
CBMX,$1.1717,1441124442147,"2,291",83% bullish,of 6 ratings,$3.15
CMCO,$18.65,1441124442181,"15,572",60% bullish,of 5 ratings,$28
CMCSA,$55.6701,1441124442236,"2,995,561",66% bullish,of 35 ratings,$69.50
CBSHP,$25.43,1441124442275,"1,206",100% bearish,of 1 rating,N/A
CMCSK,$56.785,1441124442346,"1,078,263",Not yet rated,NULL,$84
CBSH,$43.52,1441124442371,"48,389",50% bullish,of 2 ratings,$46
CUBN,NULL,1441124442402,0,Not yet rated,NULL,N/A
CVGI,$4.95,1441124442509,"18,702",50% bullish,of 2 ratings,$6
ESXB,$5.01,1441124442686,"5,200",Not yet rated,NULL,N/A
CSAL,$20.21,1441124442729,"202,970",75% bullish,of 4 ratings,$30
CYHHZ,$0.01,1441124442751,"14,300",100% bullish,of 1 rating,N/A
JCS,$8.88,1441124442787,900,67% bullish,of 3 ratings,N/A
CWBC,$6.71,1441124442816,"1,212",Not yet rated,NULL,N/A
CTBI,$34.45,1441124442847,"7,904",Not yet rated,NULL,$36
COMM,$31.81,1441124442868,"493,350",67% bearish,of 3 ratings,$35
COB,$10.51,1441124442897,"4,211",100% bullish,of 1 rating,$11.75
CVLT,$35.21,1441124443038,"69,564",75% bullish,of 4 ratings,$44.50
CIZ,$32.4899,1441124443115,572,100% bearish,of 1 rating,N/A
CID,NULL,1441124443174,0,Not yet rated,NULL,N/A
CIL,NULL,1441124443195,0,Not yet rated,NULL,N/A
CDC,$33.9838,1441124443227,"3,310",Not yet rated,NULL,N/A
CSA,NULL,1441124443276,0,Not yet rated,NULL,N/A
CSF,$36.29,1441124443323,387,100% bearish,of 1 rating,N/A
CFA,$34.9,1441124443480,200,100% bearish,of 1 rating,N/A
CDL,NULL,1441124443511,0,Not yet rated,NULL,N/A
CSB,NULL,1441124443539,0,Not yet rated,NULL,N/A
CGEN,$4.8801,1441124443567,"20,688",50% bullish,of 2 ratings,$11
CPSI,$45.66,1441124443598,"19,358",100% bearish,of 1 rating,$45.50
CFO,$34.7296,1441124443628,"9,037",100% bearish,of 1 rating,N/A
SCOR,$50.49,1441124443693,"84,404",100% bearish,of 1 rating,$66
CTG,$6.618,1441124443793,"15,361",100% bearish,of 1 rating,$8.50
CMTL,$25.93,1441124443833,"9,492",100% bearish,of 2 ratings,$37
CHCI,NULL,1441124443869,0,50% bullish,of 2 ratings,N/A
CNSI,$18.48,1441124443927,"15,895",100% bearish,of 2 ratings,$29
CNCE,$15.83,1441124444022,"83,661",75% bullish,of 4 ratings,$22
CNAT,$3.77,1441124444048,"86,735",83% bullish,of 6 ratings,$13
CDOR,$1.36,1441124444107,100,100% bullish,of 1 rating,N/A
CDORO,NULL,1441124444176,0,100% bearish,of 1 rating,N/A
CCUR,$5.59,1441124444212,"13,007",75% bullish,of 4 ratings,N/A
CFMS,$15.58,1441124444310,"109,477",100% bearish,of 1 rating,$27
CXRX,$76.61,1441124444337,282,100% bearish,of 1 rating,$90
CDORP,NULL,1441124444363,0,100% bearish,of 1 rating,N/A
CNFR,$9.95,1441124444516,"3,407",Not yet rated,NULL,N/A
CNMD,$51.92,1441124444732,"21,928",Not yet rated,NULL,$59
CTWS,$34.645,1441124444790,"4,485",100% bearish,of 1 rating,$44
CNOB,$18.77,1441124444864,"24,301",100% bullish,of 1 rating,$23.50
CNXR,$7.14,1441124445034,"34,770",100% bearish,of 1 rating,$12
CNSL,$19.3,1441124445139,"31,323",100% bearish,of 1 rating,$23
CWCO,$10.462,1441124445187,"11,975",67% bullish,of 3 ratings,$14.50
CONN,$28.779,1441124445271,"144,671",67% bullish,of 3 ratings,$48.50
CTCT,$24.33,1441124445319,"44,443",67% bullish,of 3 ratings,$37
CPSS,$5.7,1441124445344,"13,447",100% bullish,of 1 rating,$10
CFRXW,$1.82,1441124445412,500,100% bearish,of 1 rating,N/A
CFRXZ,$0.49,1441124445555,"2,325",Not yet rated,NULL,N/A
CFRX,$5,1441124445851,"7,600",Not yet rated,NULL,$14
CPRT,$34.14,1441124445948,"168,100",67% bearish,of 3 ratings,$40
CTRV,$3.59,1441124445973,"10,815",Not yet rated,NULL,$6.40
CTRL,$8.5,1441124445998,"137,840",50% bullish,of 2 ratings,$11
CRBP,$1.91,1441124446038,"109,793",100% bullish,of 2 ratings,$6.25
CORE,$59.16,1441124446376,"18,166",100% bearish,of 1 rating,$72
BVA,$3.58,1441124446435,200,50% bullish,of 2 ratings,N/A
CORI,$10.13,1441124446469,"16,349",100% bearish,of 1 rating,$18
CORT,$4.905,1441124446570,"108,604",67% bullish,of 3 ratings,$12
CSOD,$35.67,1441124446597,"183,178",50% bullish,of 2 ratings,$42
COSI,$1.12,1441124446628,"39,613",100% bullish,of 1 rating,N/A
CRVL,$29.45,1441124446649,"11,094",100% bearish,of 1 rating,N/A
CSGP,$171.83,1441124446685,"37,559",50% bullish,of 2 ratings,$235
CPAH,NULL,1441124446794,0,50% bullish,of 2 ratings,N/A
COST,$139,1441124446820,"541,665",79% bullish,of 24 ratings,$154.50
ICBK,NULL,1441124446845,0,Not yet rated,NULL,$21
COVS,$2.73,1441124447036,"15,843",67% bullish,of 3 ratings,N/A
CVTI,$22.66,1441124447098,"39,846",67% bearish,of 3 ratings,$39
CRAI,$22.81,1441124447234,"7,835",100% bearish,of 1 rating,$36
CPSH,$2.26,1441124447256,300,Not yet rated,NULL,N/A
COWNL,$26.31,1441124447284,700,Not yet rated,NULL,N/A
COWN,$5.08,1441124447314,"363,893",75% bullish,of 4 ratings,$7
BREW,$7.95,1441124447349,"7,743",67% bullish,of 6 ratings,$15
CRAY,$20.66,1441124447418,"57,675",83% bullish,of 6 ratings,$38.50
CBRL,$142.98,1441124447451,"72,959",50% bullish,of 2 ratings,$155
GLDI,$11.0799,1441124447556,"2,122",100% bearish,of 1 rating,N/A
CACC,$202.38,1441124447588,"38,022",50% bullish,of 2 ratings,$158.50
SLVO,$10.001,1441124447615,"1,408",100% bearish,of 1 rating,N/A
CREE,$26.886,1441124447644,"399,614",65% bullish,of 17 ratings,$29.50
CRTO,$38.23,1441124447744,"283,837",67% bullish,of 6 ratings,$64
CRESY,$10.33,1441124447774,"7,282",100% bearish,of 1 rating,$19
CROX,$14.28,1441124447881,"143,796",63% bullish,of 8 ratings,$16.50
CCRN,$14.09,1441124447914,"104,057",100% bearish,of 1 rating,$14.25
CRDS,$1,1441124447943,"1,800",75% bullish,of 4 ratings,$4.50
CRWN,$5.3,1441124448013,"147,723",75% bullish,of 4 ratings,N/A
CRWS,$8.13,1441124448045,"1,400",Not yet rated,NULL,$10
CYRXW,$0.73,1441124448101,"10,000",Not yet rated,NULL,N/A
CYRX,$2.83,1441124448145,"16,126",Not yet rated,NULL,$9
CSGS,$30.3,1441124448236,"38,927",Not yet rated,NULL,$40
CCLP,$14.73,1441124448323,"29,810",67% bearish,of 3 ratings,$20
CSPI,$5.6901,1441124448355,"1,106",67% bullish,of 3 ratings,N/A
CTIC,$1.55,1441124448386,"126,705",84% bullish,of 76 ratings,$5.75
CTCM,$1.645,1441124448408,"241,765",80% bearish,of 5 ratings,$3.90
CTIB,$3.7201,1441124448443,"2,253",100% bearish,of 1 rating,N/A
CTRP,$65.56,1441124448472,"501,202",75% bullish,of 8 ratings,$92.50
CUNB,$21.46,1441124448539,"6,605",Not yet rated,NULL,$24.50
CUI,$5.21,1441124448631,"4,779",50% bullish,of 2 ratings,$10
CRIS,$2.63,1441124448764,"56,878",100% bullish,of 8 ratings,$6
CPIX,$6.04,1441124448820,"1,600",Not yet rated,NULL,N/A
CMLS,$1.34,1441124448847,"135,615",50% bullish,of 4 ratings,$6
CUTR,$14.845,1441124448873,"33,529",67% bearish,of 3 ratings,$18
CVBF,$15.87,1441124448917,"105,896",Not yet rated,NULL,$18
CVV,$10.97,1441124448950,"1,941",100% bullish,of 5 ratings,N/A
CYAN,$7.1,1441124449003,"2,636",100% bearish,of 1 rating,N/A
CYCC,$0.57,1441124449136,"17,502",73% bullish,of 11 ratings,N/A
CYBX,$64.05,1441124449168,"71,682",50% bullish,of 4 ratings,$71.50
CYBR,$50.91,1441124449202,"431,722",75% bullish,of 8 ratings,$66
CYCCP,NULL,1441124449267,0,100% bearish,of 1 rating,N/A
CYNA,$15.84,1441124449295,"3,400",50% bullish,of 2 ratings,$31.50
CBAY,$2.7,1441124449351,"19,780",100% bullish,of 1 rating,$4
CYBE,$6.8924,1441124449376,"2,265",100% bearish,of 1 rating,N/A
CYNO,$31.185,1441124449530,"80,208",67% bearish,of 3 ratings,$45.50
CYRN,$1.75,1441124449578,"15,300",67% bullish,of 3 ratings,$4
CY,$9.9231,1441124449622,"2,475,085",80% bullish,of 10 ratings,$15.50
CONE,$31.15,1441124449710,"75,162",67% bearish,of 3 ratings,$35.50
CYTX,$0.385,1441124449743,"1,035,503",83% bullish,of 12 ratings,$5.50
CTSO,$6.9,1441124449776,"10,404",Not yet rated,NULL,$15.625
CYTR,$2.32,1441124449802,"140,189",67% bullish,of 6 ratings,$10
CYTK,$6.95,1441124449827,"82,442",71% bullish,of 14 ratings,$13.50
DAEG,$0.37,1441124449852,5,100% bearish,of 1 rating,N/A
TVIX,$17.58,1441124449993,"6,070,440",81% bullish,of 16 ratings,N/A
ZIV,$36.163,1441124450021,"90,379",Not yet rated,NULL,N/A
XIV,$23.28,1441124450052,"10,677,943",75% bearish,of 4 ratings,N/A
TVIZ,$23.11,1441124450073,"8,562",100% bearish,of 1 rating,N/A
DJCO,NULL,1441124450154,0,Not yet rated,NULL,N/A
DAKT,$8.53,1441124450225,"60,111",50% bullish,of 2 ratings,$12
DAIO,$2.6001,1441124450403,"5,950",Not yet rated,NULL,N/A
DARA,$0.85,1441124450467,"35,075",83% bullish,of 6 ratings,$1.50
DTLK,$5.7,1441124450505,"9,850",100% bearish,of 1 rating,$9
PLAY,$34.85,1441124450532,"61,716",100% bullish,of 5 ratings,$42
DRAM,$1.3501,1441124450558,"6,204",78% bullish,of 9 ratings,N/A
DWCH,$5.1,1441124450580,"8,631",75% bullish,of 4 ratings,$8.25
DTEA,$13.18,1441124450807,"22,181",100% bearish,of 2 ratings,$24
TRAK,$62.71,1441124450841,"180,647",50% bullish,of 2 ratings,$62.50
DHRM,$1.62,1441124450873,"2,225",Not yet rated,NULL,N/A
DBVT,$38.25,1441124450899,"37,286",100% bearish,of 1 rating,$53
DFRG,$14.42,1441124450937,"36,118",100% bearish,of 1 rating,$20
TACO,$12.63,1441124450968,"51,807",75% bullish,of 4 ratings,$20
DWSN,$4.46,1441124451041,"8,901",67% bullish,of 3 ratings,N/A
TACOW,$3.93,1441124451066,100,100% bullish,of 1 rating,N/A
DGAS,$20.3,1441124451262,"1,316",67% bearish,of 3 ratings,N/A
DELT,NULL,1441124451283,0,Not yet rated,NULL,N/A
DCTH,$0.435,1441124451314,"16,404",78% bullish,of 9 ratings,N/A
DEPO,$26.63,1441124451357,"172,959",60% bullish,of 5 ratings,$29
DELTW,NULL,1441124451384,0,Not yet rated,NULL,N/A
DENN,$11.08,1441124451449,"116,447",100% bullish,of 3 ratings,$15
XRAY,$51.14,1441124451666,"140,377",100% bullish,of 1 rating,$58
DERM,$26.86,1441124451755,"21,202",100% bearish,of 1 rating,$33.50
DSCI,$5.85,1441124451788,"28,389",50% bullish,of 2 ratings,$16
DXLG,$5.98,1441124451813,"45,291",100% bearish,of 1 rating,$8
DEST,$11.2111,1441124451860,"8,424",50% bullish,of 2 ratings,N/A
DSWL,$1.65,1441124451885,"5,471",100% bullish,of 1 rating,N/A
DXM,$0.254,1441124452095,"227,146",50% bullish,of 2 ratings,N/A
DXCM,$89.5,1441124452116,"304,567",57% bullish,of 7 ratings,$98
FANG,$65.88,1441124452156,"265,388",50% bullish,of 2 ratings,$86.50
DRNA,$10.9,1441124452187,"43,836",67% bearish,of 3 ratings,$25
DMND,$29.44,1441124452215,"39,537",75% bullish,of 12 ratings,$32
DHIL,$192.8,1441124452248,"4,172",Not yet rated,NULL,N/A
DHXM,NULL,1441124452287,0,Not yet rated,NULL,N/A
DCIX,$1.6807,1441124452424,"3,407",50% bullish,of 4 ratings,$3.50
DGII,$10.24,1441124452456,"50,045",100% bearish,of 1 rating,$11
DMRC,$37.335,1441124452488,"10,986",100% bearish,of 1 rating,$44
DRAD,$3.874,1441124452510,"3,901",100% bullish,of 1 rating,$5.25
APPS,$2.56,1441124452557,"70,466",100% bearish,of 1 rating,$10.25
DGLY,$8.01,1441124452584,"44,794",50% bullish,of 6 ratings,$20
DIOD,$19.22,1441124452712,"35,467",75% bearish,of 4 ratings,$24
DCOM,$16.615,1441124452744,"22,670",100% bearish,of 2 ratings,$16
DPRX,$14.75,1441124452794,"12,750",100% bullish,of 2 ratings,$27.75
DISCB,NULL,1441124452845,0,100% bearish,of 1 rating,$35
DISCA,$26.2399,1441124452870,"731,897",67% bullish,of 3 ratings,$34
DISCK,$24.995,1441124452928,"490,960",100% bearish,of 1 rating,$32
DVCR,$10.94,1441124453026,"12,100",100% bullish,of 1 rating,N/A
DSCO,$0.407,1441124453061,"100,899",83% bullish,of 6 ratings,$2.75
DISH,$59.36,1441124453089,"360,522",69% bullish,of 13 ratings,$73
DLHC,NULL,1441124453160,0,100% bearish,of 1 rating,N/A
DNBF,$25.37,1441124453225,100,Not yet rated,NULL,$27.50
DLTR,$71.37,1441124453253,"4,231,751",82% bullish,of 11 ratings,$88
DGICA,$14.19,1441124453274,"8,881",100% bearish,of 1 rating,$17
BAGR,$2.71,1441124453308,"6,610",100% bearish,of 1 rating,$6
DGICB,NULL,1441124453438,0,100% bearish,of 1 rating,N/A
DMLP,$14.34,1441124453472,"4,901",100% bearish,of 1 rating,N/A
DORM,$50.12,1441124453575,"83,629",100% bearish,of 1 rating,$56
DRWIW,$0.03,1441124453616,117,Not yet rated,NULL,N/A
HILL,$9.67,1441124453647,"369,044",60% bearish,of 5 ratings,$9.75
DRWI,$0.1911,1441124453674,"66,123",60% bullish,of 5 ratings,$.45
DWA,$19.57,1441124453710,"139,250",63% bullish,of 8 ratings,$26
DRYS,$0.4608,1441124453752,"1,411,352",77% bullish,of 31 ratings,$.60
DSKX,$3.35,1441124453850,"11,352",100% bullish,of 1 rating,N/A
CADT,NULL,1441124453941,0,Not yet rated,NULL,N/A
DSPG,$8.71,1441124453969,"7,122",100% bearish,of 1 rating,$13.50
CADTU,NULL,1441124454004,0,Not yet rated,NULL,N/A
CADTW,NULL,1441124454039,0,Not yet rated,NULL,N/A
CADTR,NULL,1441124454096,0,Not yet rated,NULL,N/A
DTSI,$25.85,1441124454122,"17,803",100% bearish,of 2 ratings,$39.50
DNKN,$48.75,1441124454198,"664,901",67% bullish,of 15 ratings,$56.50
DRRX,$2.07,1441124454284,"26,302",50% bullish,of 6 ratings,$3
DXPE,$29.67,1441124454364,"55,753",50% bullish,of 2 ratings,N/A
DYAX,$22.34,1441124454448,"169,560",89% bullish,of 9 ratings,$30
BOOM,$11.245,1441124454498,"14,416",67% bullish,of 3 ratings,$12
DVAX,$28.11,1441124454519,"80,682",70% bullish,of 10 ratings,$40
DYSL,$1.518,1441124454548,"10,831",100% bullish,of 2 ratings,N/A
DYNT,$3.09,1441124454690,300,75% bullish,of 4 ratings,N/A
ETFC,$25.21,1441124454980,"1,092,322",57% bullish,of 14 ratings,$32.50
EBMT,$11.54,1441124455222,300,Not yet rated,NULL,$13.50
EGBN,$41.08,1441124455268,"8,036",Not yet rated,NULL,$48
EGRX,$78.16,1441124455295,"74,080",67% bullish,of 3 ratings,$97
EGLE,$6.87,1441124455317,"2,304",60% bullish,of 5 ratings,N/A
EROC,$1.54,1441124455449,"74,325",50% bullish,of 2 ratings,$3
ELNK,$8.35,1441124455579,"107,545",60% bullish,of 5 ratings,$9.50
EBAY,$26.87,1441124455610,"3,903,074",81% bullish,of 117 ratings,$34
EACQU,$10.15,1441124455631,300,Not yet rated,NULL,N/A
EML,$16.3,1441124455652,"24,153",Not yet rated,NULL,N/A
EVBS,$6.5701,1441124455698,"1,200",Not yet rated,NULL,$7
EWBC,$38.979,1441124455720,"213,372",100% bearish,of 1 rating,$50
EBIX,$28.29,1441124455788,"59,693",69% bullish,of 13 ratings,$40
ELON,$0.58,1441124455816,"20,674",50% bullish,of 2 ratings,N/A
ECTE,$1.52,1441124455979,850,75% bullish,of 4 ratings,N/A
EEI,$11.69,1441124456007,857,67% bearish,of 3 ratings,N/A
SATS,$44.2701,1441124456028,"28,858",50% bullish,of 2 ratings,$60
ECHO,$22.4,1441124456056,"69,181",67% bearish,of 3 ratings,$34.50
ESES,$3.31,1441124456213,880,100% bearish,of 1 rating,$7
EDAP,$3.66,1441124456276,"6,900",60% bullish,of 5 ratings,$4.50
EDUC,$6.48,1441124456314,"21,929",100% bearish,of 1 rating,N/A
EDGW,$7.1,1441124456335,"1,300",100% bearish,of 1 rating,N/A
EFUT,$4.678,1441124456372,200,Not yet rated,NULL,N/A
ECACU,NULL,1441124456404,0,Not yet rated,NULL,N/A
EGLT,$12,1441124456433,"40,129",50% bullish,of 2 ratings,$21
EGAN,$3.58,1441124456464,"8,574",50% bullish,of 2 ratings,$6.25
EHTH,$14.56,1441124456509,"38,503",50% bullish,of 4 ratings,$16.50
LOCO,$12.69,1441124456644,"227,499",69% bullish,of 13 ratings,$19.50
ESLT,$77,1441124456731,"3,942",67% bullish,of 3 ratings,N/A
ERI,$9.43,1441124456899,"32,355",100% bearish,of 1 rating,$10
EA,$63.76,1441124456931,"1,124,966",78% bullish,of 36 ratings,$80
ESIO,$4.605,1441124456957,"14,963",50% bullish,of 2 ratings,$10
EMITF,$1.23,1441124456982,858,75% bullish,of 4 ratings,N/A
ELRC,$10.545,1441124457014,"2,925",100% bearish,of 1 rating,N/A
EFII,$42.97,1441124457040,"62,443",80% bullish,of 5 ratings,$55
ELECU,NULL,1441124457119,0,Not yet rated,NULL,N/A
ELSE,NULL,1441124457187,0,60% bullish,of 5 ratings,N/A
ELEC,NULL,1441124457219,0,Not yet rated,NULL,N/A
ELECW,NULL,1441124457317,0,Not yet rated,NULL,N/A
RDEN,$10.9,1441124457360,"29,501",100% bearish,of 4 ratings,$15
EBIO,$3.48,1441124457414,"142,521",100% bearish,of 2 ratings,$8.35
ESBK,NULL,1441124457445,0,Not yet rated,NULL,N/A
CAPX,$22.416,1441124457470,200,Not yet rated,NULL,N/A
LONG,$17.04,1441124457547,"4,652",67% bullish,of 3 ratings,$15.75
ELTK,$1.2601,1441124457680,"3,856",67% bearish,of 3 ratings,N/A
EMCI,$22.6609,1441124457743,"4,531",Not yet rated,NULL,N/A
EMMS,$1.16,1441124457820,200,83% bullish,of 6 ratings,N/A
EMKR,$6.89,1441124457854,"33,879",75% bullish,of 4 ratings,$8.50
EMCF,$23.48,1441124457875,200,100% bearish,of 1 rating,N/A
NYNY,$4.23,1441124457916,"3,924",50% bullish,of 2 ratings,N/A
EMMSP,NULL,1441124457947,0,100% bearish,of 1 rating,N/A
ERS,$2.99,1441124458014,"2,200",Not yet rated,NULL,N/A
ENTA,$38.3,1441124458046,"54,350",50% bullish,of 2 ratings,$42
WIRE,$31.68,1441124458147,"26,833",100% bearish,of 1 rating,$37
ECPG,$39.125,1441124458175,"51,236",100% bullish,of 2 ratings,$52
ENDP,$75.38,1441124458218,"781,987",50% bullish,of 6 ratings,$104
ELGX,$12.89,1441124458375,"77,976",75% bullish,of 4 ratings,$17
EIGI,$14.925,1441124458409,"191,882",67% bearish,of 3 ratings,$22.50
WATT,$7.2825,1441124458431,"43,587",50% bullish,of 2 ratings,$13
EFOI,$23.2884,1441124458508,"320,932",50% bullish,of 2 ratings,$24.50
ERII,$2.64,1441124458566,"4,338",80% bullish,of 5 ratings,$2.50
EXXI,$1.76,1441124458604,"500,154",86% bullish,of 7 ratings,$3.50
ENOC,$9.175,1441124458626,"74,031",75% bullish,of 4 ratings,$18
ECYT,$5.24,1441124458647,"64,932",83% bullish,of 6 ratings,$12
ENPH,$4.55,1441124458696,"213,238",75% bullish,of 4 ratings,$11
ENG,$1.01,1441124458722,"16,200",100% bullish,of 3 ratings,N/A
ESGR,$146.85,1441124458857,"10,109",100% bearish,of 1 rating,$185
ENTG,$13.53,1441124458887,"107,034",100% bearish,of 1 rating,$18
ENFC,$17.49,1441124458912,438,Not yet rated,NULL,N/A
ENTL,$21.19,1441124458989,"8,498",Not yet rated,NULL,$28
ETRM,$0.27,1441124459095,"81,162",69% bearish,of 35 ratings,$1.625
EGT,$2.08,1441124459133,200,100% bullish,of 1 rating,N/A
EBTC,$21.09,1441124459162,300,Not yet rated,NULL,N/A
ENVI,$1.85,1441124459227,"3,557",67% bullish,of 3 ratings,N/A
EFSC,$23.6395,1441124459262,"7,918",Not yet rated,NULL,$27
ENZN,$0.9704,1441124459286,"103,451",100% bullish,of 9 ratings,N/A
EPRS,$5.04,1441124459360,"14,909",82% bullish,of 11 ratings,$15
EPIQ,$12.62,1441124459388,"7,665",100% bearish,of 1 rating,$18
EPZM,$19.9,1441124459554,"74,085",60% bullish,of 5 ratings,$34
PLUS,$75.53,1441124459589,"20,168",50% bullish,of 2 ratings,$88
EQIX,$263.36,1441124459610,"216,864",75% bullish,of 4 ratings,$312.50
ENZY,$9.87,1441124459650,"19,320",67% bullish,of 3 ratings,$9.50
EQFN,$8.07,1441124459682,200,100% bearish,of 1 rating,N/A
EAC,$3.4839,1441124459744,"4,932",100% bearish,of 1 rating,$8
ERIC,$9.56,1441124459774,"623,051",67% bullish,of 9 ratings,$12.20
ESCA,$17.72,1441124459874,700,100% bearish,of 1 rating,$22
ERIE,$81.07,1441124459902,"2,771",Not yet rated,NULL,$73
ESCR,$0.1447,1441124459938,"175,277",50% bullish,of 2 ratings,N/A
ESCRP,NULL,1441124460032,0,100% bearish,of 1 rating,N/A
ESMC,NULL,1441124460057,0,Not yet rated,NULL,N/A
ESPR,$47.57,1441124460085,"393,567",70% bearish,of 10 ratings,$122.50
ESND,$33.825,1441124460242,"20,353",100% bearish,of 2 ratings,$40
ESSA,$12.9,1441124460274,"1,600",100% bearish,of 1 rating,N/A
ETSY,$14.28,1441124460308,"111,060",80% bullish,of 5 ratings,$16
EPIX,NULL,1441124460377,0,Not yet rated,NULL,N/A
EEFT,$63.49,1441124460407,"24,675",100% bearish,of 1 rating,$67.50
ESSX,$0.47,1441124460428,"35,648",50% bullish,of 2 ratings,N/A
CLWT,$2.496,1441124460465,300,100% bullish,of 1 rating,N/A
ESEA,$4.96,1441124460559,420,100% bullish,of 1 rating,$15
EVK,$3.9999,1441124460586,190,75% bearish,of 4 ratings,N/A
EVEP,$8.7,1441124460616,"111,303",50% bullish,of 2 ratings,$15
EVOL,$5.96,1441124460806,"1,800",75% bullish,of 4 ratings,$10
EVLV,$2.65,1441124460857,"15,870",60% bullish,of 5 ratings,$4.625
EXA,$10.74,1441124460896,"3,647",100% bearish,of 1 rating,$13
EXAC,$19.025,1441124460942,"7,559",100% bearish,of 1 rating,$22.50
EVOK,$3.68,1441124460967,"19,725",100% bearish,of 1 rating,$13.375
EXEL,$5.5999,1441124461114,"2,425,466",81% bullish,of 16 ratings,$6
EXFO,$3.03,1441124461218,291,67% bearish,of 3 ratings,$3.95
EXLS,$35.815,1441124461250,"17,517",50% bullish,of 2 ratings,$41
EXPE,$111.86,1441124461277,"364,314",64% bullish,of 11 ratings,$130
EXPO,$42.71,1441124461302,"14,289",100% bearish,of 1 rating,$45.50
ESRX,$82.59,1441124461342,"1,060,173",67% bearish,of 6 ratings,$101
EXAS,$21.96,1441124461363,"218,457",78% bullish,of 9 ratings,$31
EXPD,$48.18,1441124461389,"370,799",80% bullish,of 5 ratings,$52
EXLP,$20.62,1441124461442,"42,142",100% bearish,of 1 rating,$25
EXTR,$3,1441124461580,"361,063",80% bullish,of 5 ratings,$3
EYEGW,$1.04,1441124461762,500,Not yet rated,NULL,N/A
EYEG,$3.7532,1441124461820,"17,819",Not yet rated,NULL,N/A
EZCH,$23.0999,1441124461854,"46,064",75% bullish,of 8 ratings,$19.50
FFIV,$120.04,1441124461876,"260,013",63% bullish,of 8 ratings,$132
FCS,$13.39,1441124461921,"108,035",67% bearish,of 3 ratings,$17
EZPW,$6.41,1441124461954,"88,845",50% bullish,of 4 ratings,$7
FB,$88.43,1441124461975,"10,005,816",73% bullish,of 1072 ratings,$111
FRP,$15.86,1441124462008,"11,541",100% bearish,of 1 rating,$18
FWM,$2.2,1441124462052,"49,297",100% bearish,of 2 ratings,$3.20
DAVE,$14.31,1441124462151,"2,827",100% bearish,of 1 rating,$15.50
FARM,$22.18,1441124462252,"9,937",100% bearish,of 1 rating,$35
FFKT,$25.77,1441124462281,"4,120",Not yet rated,NULL,$29
FMNB,$8.2,1441124462306,"1,220",Not yet rated,NULL,N/A
FALC,$1.68,1441124462341,"14,000",63% bearish,of 8 ratings,N/A
FARO,$38.78,1441124462502,"20,332",50% bullish,of 2 ratings,$48
FAST,$37.75,1441124462597,"470,534",80% bullish,of 5 ratings,$45.50
FBRC,$21.76,1441124462637,"25,648",100% bearish,of 1 rating,$29
FBSS,$15.8,1441124462666,274,Not yet rated,NULL,N/A
FATE,$6.6296,1441124462691,"8,654",50% bullish,of 2 ratings,$11
FEIC,$74.22,1441124462724,"45,941",50% bullish,of 2 ratings,$95.50
FNHC,$21.6,1441124462754,"22,167",100% bearish,of 1 rating,$35
FHCO,$1.41,1441124462822,"7,728",50% bullish,of 4 ratings,N/A
FENX,$10.14,1441124462888,"18,075",100% bullish,of 1 rating,$14.25
FDML,$9.06,1441124462913,"68,417",50% bullish,of 4 ratings,$14
FCSC,$5.51,1441124463049,"25,412",100% bearish,of 1 rating,$8.125
FGEN,$23.41,1441124463075,"67,727",100% bearish,of 1 rating,$39
ONEQ,$184.869,1441124463147,"8,567",100% bullish,of 1 rating,N/A
LION,$18.74,1441124463249,"47,906",100% bullish,of 1 rating,$20
FDUS,$14.52,1441124463279,"5,454",50% bullish,of 2 ratings,$18
FSAM,$8.23,1441124463310,"2,768",100% bearish,of 1 rating,$10.25
FRGI,$50.74,1441124463383,"29,488",50% bullish,of 2 ratings,$70
FSCFL,$24.74,1441124463415,"3,707",Not yet rated,NULL,N/A
FSFR,$8.8299,1441124463440,"14,670",100% bearish,of 1 rating,$11.50
FSC,$6.523,1441124463467,"221,712",60% bullish,of 5 ratings,$8
FITBI,$27.3999,1441124463599,"1,323",Not yet rated,NULL,N/A
FITB,$19.25,1441124463647,"2,114,044",54% bullish,of 13 ratings,$22
FISI,$24.68,1441124463674,"3,986",100% bullish,of 2 ratings,$24.50
FNGN,$31.29,1441124463699,"128,531",67% bullish,of 3 ratings,$47
FNSR,$15.255,1441124463748,"114,117",71% bullish,of 7 ratings,$24
FNJN,$1.75,1441124463979,"24,850",100% bearish,of 1 rating,$5
FNTCU,NULL,1441124464005,0,Not yet rated,NULL,N/A
FNTCW,NULL,1441124464026,0,Not yet rated,NULL,N/A
FEYE,$37.15,1441124464062,"853,906",88% bullish,of 16 ratings,$55.50
FNTC,NULL,1441124464089,0,Not yet rated,NULL,N/A
FNLC,$18.78,1441124464114,"2,926",100% bullish,of 1 rating,N/A
FBNC,$16.64,1441124464196,"1,608",100% bullish,of 1 rating,$20
BUSE,$6.32,1441124464325,"60,706",Not yet rated,NULL,$6.875
FRBA,$6.069,1441124464376,"1,300",Not yet rated,NULL,$8
FBIZ,$22.36,1441124464405,"9,570",100% bearish,of 2 ratings,$26
FCVA,NULL,1441124464436,0,Not yet rated,NULL,N/A
FCAP,$26.5,1441124464513,200,Not yet rated,NULL,N/A
FCFS,$40.29,1441124464538,"37,921",100% bearish,of 3 ratings,$47
FCNCA,$233.56,1441124464739,268,Not yet rated,NULL,N/A
FCLF,$9.19,1441124464771,"1,500",Not yet rated,NULL,N/A
FCCO,$12.25,1441124464800,"14,494",Not yet rated,NULL,$13.25
FBNK,$16.5999,1441124464831,"5,124",100% bearish,of 1 rating,$17.50
FCFP,$6.95,1441124464852,100,Not yet rated,NULL,N/A
FCBC,$17.72,1441124464885,"1,561",Not yet rated,NULL,$18
FDEF,$36.72,1441124464931,"7,033",Not yet rated,NULL,$38
FFNM,$6.39,1441124465084,200,Not yet rated,NULL,N/A
FFBCW,NULL,1441124465136,0,100% bearish,of 1 rating,N/A
FFIN,$30.0201,1441124465162,"27,900",50% bullish,of 2 ratings,$31.75
FFBC,$17.94,1441124465184,"18,272",67% bearish,of 3 ratings,$20.25
FFNW,$12.11,1441124465322,"12,072",Not yet rated,NULL,$14
THFF,$32.7,1441124465356,"5,593",Not yet rated,NULL,$35
FFWM,$21.15,1441124465378,"2,874",Not yet rated,NULL,$24
INBK,$31.33,1441124465408,"8,056",50% bullish,of 2 ratings,$37
FIBK,$26.09,1441124465454,"35,031",Not yet rated,NULL,$32
FNBC,$33.9,1441124465546,"6,915",Not yet rated,NULL,$40
FMBH,NULL,1441124465599,0,Not yet rated,NULL,N/A
FRME,$25.595,1441124465627,"66,314",Not yet rated,NULL,$26.50
FNFG,$8.97,1441124465654,"635,980",80% bullish,of 5 ratings,$9
FMBI,$17.08,1441124465706,"65,799",Not yet rated,NULL,$20
FSFG,$30.94,1441124465843,100,Not yet rated,NULL,N/A
FSLR,$48.07,1441124465874,"533,670",72% bullish,of 39 ratings,$65
FSGI,$2.48,1441124465948,558,Not yet rated,NULL,N/A
BICK,NULL,1441124465976,0,100% bullish,of 1 rating,N/A
FNWB,$12.0799,1441124466029,"4,390",Not yet rated,NULL,N/A
FSBK,$7.69,1441124466103,300,100% bullish,of 1 rating,N/A
FCA,$18.901,1441124466159,"3,550",Not yet rated,NULL,N/A
FTCS,$35.659,1441124466185,"4,556",100% bearish,of 1 rating,N/A
FCAN,$24.22,1441124466206,150,Not yet rated,NULL,N/A
FBZ,NULL,1441124466242,0,Not yet rated,NULL,N/A
FV,$22.934,1441124466339,"1,033,847",100% bearish,of 1 rating,N/A
FEMB,NULL,1441124466427,0,Not yet rated,NULL,N/A
FTSM,$59.9348,1441124466476,"15,422",100% bearish,of 1 rating,N/A
TDIV,$24.3042,1441124466506,"28,038",100% bearish,of 1 rating,N/A
FEUZ,$30.71,1441124466532,20,Not yet rated,NULL,N/A
IFV,$17.3796,1441124466617,"247,951",100% bearish,of 1 rating,N/A
FTHI,$18.94,1441124466760,226,Not yet rated,NULL,N/A
FGM,$34.9456,1441124466791,"1,426",Not yet rated,NULL,N/A
FHK,$32.541,1441124466814,"2,173",Not yet rated,NULL,N/A
FTGC,$22.3299,1441124466849,"24,450",Not yet rated,NULL,N/A
HYLS,$49.41,1441124466876,"7,891",100% bearish,of 1 rating,N/A
MDIV,$19.02,1441124466904,"67,184",Not yet rated,NULL,N/A
YDIV,$16.23,1441124466949,"1,869",Not yet rated,NULL,N/A
SKYY,$28.4114,1441124467051,"42,724",100% bullish,of 1 rating,N/A
CU,$12.5501,1441124467080,"3,240",100% bearish,of 1 rating,N/A
PLTM,$6.31,1441124467110,"2,116",100% bearish,of 1 rating,N/A
FJP,$45.12,1441124467213,"10,786",Not yet rated,NULL,N/A
FPXI,$26.49,1441124467314,300,Not yet rated,NULL,N/A
FTLB,$18.9971,1441124467343,"1,760",100% bearish,of 1 rating,N/A
FMB,$51.3,1441124467504,202,Not yet rated,NULL,N/A
FONE,NULL,1441124467557,0,Not yet rated,NULL,N/A
LMBS,$50.36,1441124467585,200,Not yet rated,NULL,N/A
QABA,$36.8799,1441124467606,"1,669",100% bearish,of 1 rating,N/A
QCLN,$14.9599,1441124467642,"10,367",Not yet rated,NULL,N/A
CIBR,$17.5194,1441124467663,"35,730",Not yet rated,NULL,N/A
CARZ,$33.87,1441124467747,"1,675",100% bearish,of 1 rating,N/A
QQEW,$40.96,1441124467820,"44,970",Not yet rated,NULL,N/A
RDVY,$20.7122,1441124467848,975,Not yet rated,NULL,N/A
GRID,$31.16,1441124467880,320,100% bearish,of 1 rating,N/A
QTEC,$39.36,1441124467905,"10,340",Not yet rated,NULL,N/A
QQXT,$39.59,1441124467926,"8,348",Not yet rated,NULL,N/A
AIRR,$16.3499,1441124467985,"2,363",100% bearish,of 1 rating,N/A
FDIV,NULL,1441124468123,0,100% bearish,of 1 rating,N/A
FTSL,$48.82,1441124468157,"18,593",100% bearish,of 1 rating,N/A
FSZ,$38.51,1441124468191,"5,954",Not yet rated,NULL,N/A
FKO,$22.33,1441124468258,300,Not yet rated,NULL,N/A
QINC,$20.02,1441124468279,100,Not yet rated,NULL,N/A
FTW,$30.92,1441124468311,100,Not yet rated,NULL,N/A
FKU,$40.74,1441124468339,"6,346",Not yet rated,NULL,N/A
TUSA,NULL,1441124468367,0,Not yet rated,NULL,N/A
FUNC,NULL,1441124468503,0,Not yet rated,NULL,N/A
FMER,$17.35,1441124468531,"256,055",50% bullish,of 2 ratings,$20
FSV,$31.38,1441124468675,"11,203",Not yet rated,NULL,$33.60
FISV,$83.4,1441124468703,"207,403",100% bearish,of 3 ratings,$90
SVVC,$9.2719,1441124468725,"10,054",50% bullish,of 2 ratings,$26
FPRX,$18.6732,1441124468757,"113,564",50% bullish,of 2 ratings,$35
FIVE,$37.59,1441124468782,"386,425",75% bearish,of 4 ratings,$44
FIVN,$3.91,1441124468914,"30,450",100% bullish,of 1 rating,$8.50
SKOR,$50.76,1441124468988,800,Not yet rated,NULL,N/A
FLML,$21.81,1441124469024,"47,362",50% bullish,of 2 ratings,$30
FLKS,$11.85,1441124469045,"7,284",50% bullish,of 2 ratings,$27
FLXN,$24.055,1441124469066,"34,942",100% bearish,of 1 rating,$40
FLXS,$30.715,1441124469115,"8,164",100% bearish,of 2 ratings,N/A
FLIR,$28.18,1441124469204,"236,427",100% bearish,of 1 rating,$38.50
FLEX,$10.245,1441124469231,"657,208",63% bullish,of 8 ratings,$12
MBSD,$25.14,1441124469252,408,Not yet rated,NULL,N/A
FLDM,$11.78,1441124469386,"88,841",67% bearish,of 3 ratings,$15
FFIC,$19.45,1441124469411,"8,594",Not yet rated,NULL,$20.50
FOMX,$10.16,1441124469548,"28,659",50% bullish,of 2 ratings,$23.50
FOGO,$19.4,1441124469583,"21,522",50% bullish,of 2 ratings,$25.50
FES,$0.93,1441124469614,"5,850",50% bullish,of 2 ratings,$1
FORM,$6.62,1441124469640,"59,651",67% bullish,of 3 ratings,$10.50
FORTY,NULL,1441124469676,0,100% bearish,of 1 rating,N/A
FORR,$31.02,1441124469703,"8,798",Not yet rated,NULL,N/A
FONR,$9.735,1441124469770,"1,317",100% bullish,of 1 rating,N/A
FTNT,$41.17,1441124469843,"296,500",80% bullish,of 10 ratings,$52
FBIO,$2.68,1441124469869,"12,363",83% bullish,of 6 ratings,N/A
FORD,$1.69,1441124469915,"2,325,593",67% bullish,of 3 ratings,N/A
FWRD,$44.04,1441124469942,"33,994",100% bearish,of 1 rating,$50
FWP,$26.82,1441124470003,"4,998",100% bearish,of 1 rating,$45
FOSL,$60.64,1441124470028,"261,274",60% bearish,of 5 ratings,$80
FMI,$23.235,1441124470195,"45,069",100% bearish,of 2 ratings,$27.50
FOXF,$14.96,1441124470233,"21,487",100% bearish,of 1 rating,$19
FELE,$28.05,1441124470327,"70,471",50% bullish,of 4 ratings,$33
FRAN,$11.2,1441124470355,"126,449",50% bullish,of 4 ratings,$15
FXCB,$17.225,1441124470387,"3,063",Not yet rated,NULL,$19
FRED,$13.0314,1441124470409,"37,342",50% bullish,of 2 ratings,$15.50
RAIL,$20.8,1441124470430,"23,428",100% bearish,of 1 rating,$24.50
FREE,$0.376,1441124470493,"175,786",92% bullish,of 12 ratings,N/A
FEIM,$10.92,1441124470563,"3,500",100% bearish,of 1 rating,N/A
FTR,$5.04,1441124470626,"3,658,810",78% bullish,of 27 ratings,$6.25
FRPT,$12.87,1441124470655,"93,566",67% bearish,of 3 ratings,$23.50
FRPH,$30.5,1441124470690,901,100% bearish,of 1 rating,N/A
FSBW,$23,1441124470721,300,Not yet rated,NULL,N/A
FTD,$29.85,1441124470795,"25,270",100% bearish,of 1 rating,$40
FTRPR,$100.2001,1441124470820,"1,500",100% bearish,of 1 rating,N/A
FULL,$3.0801,1441124470964,"16,036",67% bearish,of 3 ratings,$4.25
FSYS,$6.69,1441124470997,"53,267",67% bullish,of 3 ratings,$10
FTEK,$2.01,1441124471019,"53,140",75% bullish,of 4 ratings,N/A
FCEL,$0.88,1441124471048,"1,848,625",88% bullish,of 41 ratings,$2.65
FLL,$1.49,1441124471101,362,75% bullish,of 4 ratings,$3.50
FULT,$11.835,1441124471209,"151,431",100% bearish,of 1 rating,$13
FSNN,$2.04,1441124471239,400,67% bullish,of 3 ratings,$6
FFHL,$0.964,1441124471268,480,50% bullish,of 4 ratings,N/A
FULLL,$25.17,1441124471294,200,Not yet rated,NULL,N/A
FXEN,$0.98,1441124471327,"10,145",75% bullish,of 4 ratings,$1.10
FXENP,$15.86,1441124471354,"1,067",100% bearish,of 1 rating,N/A
GK,$66.19,1441124471422,"14,110",Not yet rated,NULL,$78
GAIA,$6.0603,1441124471587,"2,000",50% bullish,of 2 ratings,$8.50
WILC,$4.9899,1441124471620,154,100% bullish,of 2 ratings,N/A
GALT,$2.21,1441124471657,"14,531",80% bullish,of 5 ratings,N/A
GALTU,NULL,1441124471678,0,100% bearish,of 1 rating,N/A
GALTW,NULL,1441124471747,0,100% bullish,of 1 rating,N/A
GALE,$1.615,1441124471775,"1,043,210",89% bullish,of 47 ratings,$4
GLPG,$58.67,1441124471805,"10,735",100% bullish,of 1 rating,$75
GLMD,$8.26,1441124471831,"9,100",67% bullish,of 3 ratings,$20.50
GLPI,$30.69,1441124471862,"101,970",100% bearish,of 1 rating,$37.50
GPIC,$9.5,1441124471964,786,100% bearish,of 1 rating,N/A
GRMN,$36.93,1441124471994,"261,088",50% bullish,of 6 ratings,$46.50
GGAC,NULL,1441124472174,0,100% bearish,of 1 rating,N/A
GGACR,$0.26,1441124472250,200,100% bullish,of 1 rating,N/A
GGACW,$0.1501,1441124472279,152,Not yet rated,NULL,N/A
GARS,$14.4876,1441124472328,"11,310",Not yet rated,NULL,$16
GENC,$9.0134,1441124472383,620,100% bearish,of 1 rating,N/A
GFN,$3.66,1441124472427,"4,000",100% bearish,of 2 ratings,$8
GGACU,$10.22,1441124472459,100,Not yet rated,NULL,N/A
GNCMA,$16.57,1441124472481,"34,625",100% bearish,of 1 rating,$12
GENE,$2.44,1441124472559,"106,110",100% bullish,of 12 ratings,N/A
GFNCP,$91.5,1441124472618,700,Not yet rated,NULL,N/A
GFNSL,NULL,1441124472646,0,Not yet rated,NULL,N/A
GNCA,$11.39,1441124472675,"50,400",100% bearish,of 1 rating,$20
GNMK,$10,1441124472713,"38,187",67% bullish,of 6 ratings,$14
GNTX,$15.39,1441124472782,"503,365",Not yet rated,NULL,$20
GHDX,$26.63,1441124472807,"58,515",50% bullish,of 2 ratings,$30
THRM,$44.83,1441124472942,"68,622",75% bearish,of 4 ratings,$55.50
GNVC,$2.37,1441124472991,"15,814",90% bullish,of 10 ratings,$8.50
GEOS,$17.62,1441124473099,"28,194",100% bearish,of 3 ratings,$21
GTWN,NULL,1441124473142,0,Not yet rated,NULL,N/A
GABC,$28.65,1441124473169,"5,558",Not yet rated,NULL,$31
GERN,$3.04,1441124473202,"522,660",88% bullish,of 16 ratings,$5.25
GIGA,$1.5301,1441124473235,"116,022",100% bearish,of 1 rating,N/A
ROCK,$16.03,1441124473258,"127,857",80% bullish,of 5 ratings,$24
GEVO,$2.4101,1441124473298,"170,335",75% bullish,of 12 ratings,$5
GIGM,$0.5306,1441124473334,"10,298",100% bullish,of 2 ratings,N/A
GIII,$67.96,1441124473439,"102,904",67% bullish,of 3 ratings,$75
GILT,$4.121,1441124473489,"3,430",50% bullish,of 2 ratings,N/A
GILD,$103.07,1441124473515,"2,923,003",91% bullish,of 87 ratings,$129
GBCI,$25.315,1441124473646,"89,629",50% bullish,of 2 ratings,$31
GLADO,$25.55,1441124473746,100,Not yet rated,NULL,N/A
GOODN,$25.61,1441124473779,300,Not yet rated,NULL,N/A
GAIN,$7.35,1441124473808,"38,991",100% bullish,of 2 ratings,$8.25
GLAD,$8.8079,1441124473839,"119,805",50% bullish,of 2 ratings,$8.75
GOOD,$14.23,1441124473861,"22,575",Not yet rated,NULL,$19
GAINN,$25.04,1441124473892,"1,149",Not yet rated,NULL,N/A
GOODP,$25.2,1441124473943,942,Not yet rated,NULL,N/A
GOODO,$25,1441124474049,1,Not yet rated,NULL,N/A
GAINP,$25.97,1441124474105,101,Not yet rated,NULL,N/A
GAINO,$25.17,1441124474135,842,Not yet rated,NULL,N/A
LAND,$9.08,1441124474178,"41,429",50% bullish,of 2 ratings,$13.75
GLBZ,$11.25,1441124474239,457,Not yet rated,NULL,N/A
GDEF,$10.475,1441124474440,300,Not yet rated,NULL,N/A
GBLI,$27.06,1441124474469,"7,900",Not yet rated,NULL,N/A
ENT,$11.06,1441124474493,"49,234",100% bearish,of 1 rating,$18
GBT,$49.15,1441124474525,"30,798",100% bearish,of 1 rating,N/A
GSOL,$8.2,1441124474547,"6,024",100% bearish,of 1 rating,N/A
GPACU,NULL,1441124474571,0,Not yet rated,NULL,N/A
ACTX,NULL,1441124474610,0,100% bullish,of 1 rating,N/A
QQQC,$18.38,1441124474713,"2,400",100% bearish,of 1 rating,N/A
SOCL,$17.16,1441124474804,"11,239",100% bullish,of 2 ratings,N/A
YLCO,$11.6198,1441124474859,500,Not yet rated,NULL,N/A
SRET,$12.8799,1441124474884,307,Not yet rated,NULL,N/A
GAI,$6.24,1441124475019,"13,897",50% bullish,of 2 ratings,N/A
ALTY,$14.31,1441124475044,200,Not yet rated,NULL,N/A
GSM,$13.4,1441124475345,"159,640",50% bullish,of 2 ratings,$22
GLBS,NULL,1441124475380,0,67% bullish,of 3 ratings,N/A
GBIM,$2.66,1441124475415,"6,453",50% bullish,of 2 ratings,N/A
GLUU,$4.385,1441124475438,"432,746",92% bullish,of 26 ratings,$9
GLRI,$1.01,1441124475473,305,100% bearish,of 1 rating,$4.25
GLNG,$38.75,1441124475499,"278,952",83% bullish,of 6 ratings,$55.50
GLYC,$7.02,1441124475529,"6,368",50% bullish,of 2 ratings,$14
GMLP,$19.785,1441124475660,"42,861",50% bullish,of 4 ratings,$29
GOGO,$15.65,1441124475686,"121,720",80% bullish,of 5 ratings,$25
GDEN,$9.19,1441124475746,700,50% bullish,of 2 ratings,N/A
GLDC,$4.0144,1441124475796,"1,900",50% bullish,of 2 ratings,N/A
GOGL,$3.045,1441124475823,"36,134",75% bullish,of 4 ratings,$5
GBDC,$17.06,1441124475962,"124,728",Not yet rated,NULL,$17.75
GTIM,$6.72,1441124475996,"10,416",Not yet rated,NULL,$11.50
GOOG,$606.29,1441124476026,"721,270",88% bullish,of 72 ratings,$825
GOOGL,$637.2825,1441124476066,"423,232",88% bullish,of 1082 ratings,$749
GMAN,$3.735,1441124476093,"10,296",60% bullish,of 5 ratings,$8.50
GPRO,$42.43,1441124476120,"5,244,376",78% bullish,of 58 ratings,$72
GPIA,NULL,1441124476147,0,100% bearish,of 1 rating,N/A
GPIAW,NULL,1441124476279,0,Not yet rated,NULL,N/A
GPIAU,NULL,1441124476304,0,Not yet rated,NULL,N/A
GBSN,$0.2997,1441124476447,"2,422,078",50% bullish,of 2 ratings,$8.25
GRVY,$3.29,1441124476482,"8,100",50% bullish,of 2 ratings,N/A
GBSNU,NULL,1441124476500,0,NULL,NULL,NULL
GLDD,$5.34,1441124476543,"32,089",100% bearish,of 4 ratings,$7.75
GSBC,$40.39,1441124476574,"11,300",100% bullish,of 1 rating,$44
LOPE,$37.18,1441124476600,"70,124",100% bearish,of 2 ratings,$50
GNBC,$11.83,1441124476676,"3,123",100% bearish,of 1 rating,$16.50
GPRE,$20.54,1441124476765,"135,836",67% bullish,of 6 ratings,$28.50
GPP,$13.91,1441124476807,"9,008",Not yet rated,NULL,$20.50
GRBK,$11.88,1441124476832,"58,183",77% bullish,of 13 ratings,N/A
GCBC,$28.497,1441124476966,456,100% bullish,of 1 rating,N/A
GRIF,NULL,1441124476996,0,100% bearish,of 1 rating,N/A
GLRE,$25.17,1441124477018,"56,769",50% bullish,of 2 ratings,$41
GRFS,$29.785,1441124477055,"97,398",50% bullish,of 2 ratings,$35
GGAL,$18.975,1441124477154,"83,621",80% bullish,of 5 ratings,$40
GRPN,$4.44,1441124477179,"1,567,110",61% bullish,of 71 ratings,$6.75
OMAB,$40.6848,1441124477210,"8,424",100% bullish,of 1 rating,$44
GSIG,$12.91,1441124477240,"3,507",100% bearish,of 2 ratings,N/A
GSIT,$4.62,1441124477315,"7,929",100% bearish,of 1 rating,N/A
GSVC,$8.62,1441124477343,"25,920",50% bullish,of 2 ratings,$15.75
GFED,NULL,1441124477658,0,Not yet rated,NULL,$17
GBNK,$15.79,1441124477690,"5,383",100% bearish,of 1 rating,$18
GUID,$6.93,1441124477712,"44,098",100% bearish,of 3 ratings,$10
GULTU,$0.3345,1441124477741,"11,090",100% bearish,of 1 rating,N/A
GIFI,$12.9,1441124477771,"14,697",100% bearish,of 1 rating,$16
GTXI,$0.864,1441124477801,"1,700",100% bullish,of 5 ratings,$.75
GWPH,$103.72,1441124477872,"51,416",78% bullish,of 9 ratings,$148.50
GPOR,$35.19,1441124477907,"455,436",75% bullish,of 4 ratings,$54
GURE,$1.71,1441124478005,"5,445",88% bullish,of 8 ratings,N/A
GWGH,$8.15,1441124478035,200,100% bearish,of 1 rating,$15.05
HEES,$19.7402,1441124478066,"100,544",67% bearish,of 3 ratings,$31
HLG,$9,1441124478088,"10,262",100% bearish,of 1 rating,N/A
HALL,$11.3099,1441124478224,"3,862",Not yet rated,NULL,N/A
HALO,$17.2148,1441124478249,"246,045",67% bullish,of 3 ratings,$22.50
HNRG,$7.745,1441124478275,"15,772",100% bearish,of 1 rating,$10
HBK,$13.8,1441124478526,"1,153",50% bullish,of 2 ratings,N/A
HMPR,$1.86,1441124478551,"4,200",100% bullish,of 1 rating,N/A
HBHCL,$24.12,1441124478581,"14,377",Not yet rated,NULL,N/A
HAFC,$23.54,1441124478603,"38,277",100% bullish,of 2 ratings,$28.50
HNH,$24.4,1441124478633,"5,177",100% bullish,of 1 rating,N/A
HQCL,$12.55,1441124478654,"14,471",67% bullish,of 3 ratings,$14
HLIT,$5.7,1441124478863,"51,622",100% bearish,of 1 rating,$6.50
HNSN,$0.535,1441124478891,"21,680",88% bullish,of 8 ratings,$.40
HDNG,$10.06,1441124478917,"4,140",50% bullish,of 4 ratings,N/A
HRMNU,NULL,1441124478946,0,Not yet rated,NULL,N/A
HRMN,NULL,1441124478972,0,Not yet rated,NULL,N/A
GYRO,$27.5,1441124479051,"74,444",100% bearish,of 1 rating,N/A
HBHC,$27.115,1441124479196,"117,488",50% bullish,of 2 ratings,$30
HART,$1.27,1441124479241,"132,080",100% bearish,of 1 rating,N/A
HRMNW,NULL,1441124479266,0,Not yet rated,NULL,N/A
HCAP,$12.02,1441124479295,"6,200",50% bullish,of 2 ratings,$15
HBIO,$4.2987,1441124479338,"10,037",100% bearish,of 1 rating,$10
TINY,$2.44,1441124479427,"16,810",50% bullish,of 2 ratings,$5.26
HA,$22.421,1441124479468,"162,216",67% bullish,of 9 ratings,$27
HAS,$73.25,1441124479570,"287,908",63% bullish,of 8 ratings,$84.50
HCOM,$21.75,1441124479628,"1,805",100% bearish,of 1 rating,$28
HWBK,NULL,1441124479656,0,100% bearish,of 1 rating,N/A
HWKN,$37.8,1441124479682,"8,813",Not yet rated,NULL,N/A
HAYN,$37.71,1441124479710,"8,700",100% bearish,of 1 rating,$59
HIIQ,$4.95,1441124479841,"12,590",50% bullish,of 2 ratings,$7
HCAPL,NULL,1441124479872,0,Not yet rated,NULL,N/A
HDS,$32.15,1441124479893,"306,445",100% bearish,of 2 ratings,$39.50
HCSG,$33.22,1441124479975,"48,737",50% bullish,of 4 ratings,$35
HSTM,$24.26,1441124480027,"23,718",50% bullish,of 2 ratings,$33.75
HQY,$28.91,1441124480055,"42,674",67% bullish,of 3 ratings,$35
HWAY,$11.88,1441124480076,"86,142",100% bearish,of 1 rating,$15
HTLD,$19.87,1441124480225,"148,303",Not yet rated,NULL,$22.50
HTLF,$35.61,1441124480252,"6,345",100% bullish,of 1 rating,$39.50
HTWR,$83.57,1441124480320,"34,718",50% bullish,of 2 ratings,$103
HSII,$19.34,1441124480384,"14,352",100% bullish,of 3 ratings,$25
HELE,$82.78,1441124480410,"44,349",67% bearish,of 3 ratings,$100
HMTV,$13.375,1441124480444,"11,928",100% bearish,of 1 rating,$16
HTBX,$4.1,1441124480472,"116,618",50% bullish,of 2 ratings,$15.50
HMNY,NULL,1441124480540,0,100% bearish,of 1 rating,N/A
HNNA,$24.75,1441124480571,"2,077",Not yet rated,NULL,N/A
HCACU,NULL,1441124480672,0,Not yet rated,NULL,N/A
HSIC,$134.48,1441124480758,"95,283",83% bullish,of 6 ratings,$146
HTBK,$10.48,1441124480786,"17,977",Not yet rated,NULL,$12
HERO,NULL,1441124480805,0,NULL,NULL,NULL
HFWA,$17.37,1441124480834,"12,678",100% bullish,of 1 rating,$20
HCCI,$11.47,1441124480973,"11,455",100% bearish,of 1 rating,$16.50
HRTX,$37.05,1441124481044,"669,510",57% bullish,of 7 ratings,$41
MLHR,$26.645,1441124481101,"49,044",50% bullish,of 2 ratings,$33.50
HEOP,$7.78,1441124481132,616,Not yet rated,NULL,$8.50
HSKA,$33.79,1441124481156,"8,329",100% bearish,of 1 rating,$38
HFFC,$15.87,1441124481200,702,Not yet rated,NULL,N/A
HPJ,$2.2,1441124481227,"7,031",75% bullish,of 4 ratings,$12.43
HIBB,$39.24,1441124481260,"62,257",100% bearish,of 1 rating,$46.50
HIMX,$6.79,1441124481362,"394,601",86% bullish,of 21 ratings,$8.50
HIHO,$4.1228,1441124481388,"17,409",Not yet rated,NULL,N/A
HSGX,$5.924,1441124481420,"1,400",100% bearish,of 1 rating,$17
HIFS,$116,1441124481462,800,Not yet rated,NULL,N/A
HMNF,$11.689,1441124481522,"1,101",Not yet rated,NULL,N/A
HBCP,$24.73,1441124481695,429,Not yet rated,NULL,$29
HOLX,$38.03,1441124481725,"606,812",50% bullish,of 4 ratings,$42
HMSY,$10.02,1441124481758,"204,067",67% bullish,of 3 ratings,$19.35
HFBL,$21.647,1441124481786,"1,298",Not yet rated,NULL,N/A
HOLI,$16.94,1441124481808,"72,494",50% bullish,of 4 ratings,$27
AWAY,$28.1,1441124481837,"213,250",67% bullish,of 3 ratings,$36
HOMB,$37.18,1441124481869,"24,009",Not yet rated,NULL,$42
HTBI,$18.03,1441124482015,"76,598",67% bullish,of 3 ratings,$18.625
HKTV,$4.31,1441124482045,"25,600",100% bearish,of 1 rating,N/A
HMIN,$25.75,1441124482066,"55,365",100% bearish,of 2 ratings,$35
HMST,$21.98,1441124482099,"38,469",100% bullish,of 2 ratings,$27
CETC,$0.74,1441124482197,"41,319",86% bullish,of 7 ratings,N/A
HBNC,$23.58,1441124482328,"7,489",100% bullish,of 1 rating,$27
HOFT,$23.46,1441124482356,"15,306",100% bearish,of 1 rating,N/A
HZNP,$29.24,1441124482378,"465,756",85% bullish,of 20 ratings,$40
HFBC,$11.22,1441124482399,2,Not yet rated,NULL,N/A
HRZN,$10.48,1441124482434,"5,402",50% bullish,of 2 ratings,$14.25
ZINC,$7.91,1441124482456,"194,611",100% bearish,of 1 rating,$17
HOVNP,NULL,1441124482638,0,100% bearish,of 1 rating,N/A
HMHC,$22.5275,1441124482671,"210,521",Not yet rated,NULL,$27
HDP,$23.76,1441124482699,"45,488",67% bearish,of 3 ratings,$30.50
HWCC,$7.54,1441124482720,"10,521",100% bearish,of 1 rating,$9
HBMD,NULL,1441124482757,0,100% bearish,of 1 rating,N/A
HTGM,$5.73,1441124482779,900,100% bearish,of 1 rating,$19.50
HSNI,$60.035,1441124482808,"65,758",Not yet rated,NULL,$80
HCBK,$8.94,1441124483040,"766,305",83% bullish,of 6 ratings,$8.61
HUBG,$37.1,1441124483066,"43,640",100% bearish,of 1 rating,$43
HSON,$2.5601,1441124483091,"2,800",100% bearish,of 1 rating,$5
HDSN,$3.1,1441124483143,372,100% bullish,of 1 rating,$6.25
HURC,$29.845,1441124483284,"3,139",100% bearish,of 1 rating,N/A
HTCH,$1.4399,1441124483317,"68,055",100% bearish,of 1 rating,$3.50
HBAN,$10.569,1441124483340,"1,881,152",76% bullish,of 17 ratings,$12.29
HURN,$71.09,1441124483376,"89,166",50% bullish,of 2 ratings,$80
HBP,$3.1397,1441124483406,"2,280",100% bullish,of 1 rating,N/A
HDRAR,NULL,1441124483426,0,Not yet rated,NULL,N/A
HBANP,NULL,1441124483461,0,100% bearish,of 1 rating,N/A
HDRA,NULL,1441124483488,0,Not yet rated,NULL,N/A
HDRAW,NULL,1441124483622,0,Not yet rated,NULL,N/A
HYGS,$9.05,1441124483648,"10,706",50% bullish,of 2 ratings,$13
HDRAU,$0.05,1441124483672,0,Not yet rated,NULL,N/A
IDSY,$3.7,1441124483917,"5,000",100% bearish,of 1 rating,$7
IKGH,$1.5699,1441124483945,"12,130",75% bullish,of 4 ratings,N/A
IACI,$69.47,1441124483978,"209,323",80% bullish,of 5 ratings,$90
IBKC,$59.32,1441124484003,"50,902",100% bullish,of 1 rating,$70
ICAD,$3.7628,1441124484027,"6,680",100% bullish,of 2 ratings,$7.25
IEP,$71.0303,1441124484064,"24,139",75% bullish,of 4 ratings,$99
ICLR,$75.82,1441124484086,"78,709",100% bearish,of 3 ratings,$85
ICFI,$33.48,1441124484107,"81,940",50% bullish,of 2 ratings,$48.50
ICUI,$111.115,1441124484260,"18,344",Not yet rated,NULL,$122
IPWR,$7.19,1441124484291,800,100% bullish,of 1 rating,$15
IDRA,$2.89,1441124484336,"412,351",89% bullish,of 9 ratings,$6.50
INVE,$4.72,1441124484400,"18,977",75% bullish,of 4 ratings,$4
ICON,$13.46,1441124484465,"192,563",50% bullish,of 2 ratings,$28
IDXX,$71.36,1441124484534,"182,420",100% bearish,of 1 rating,$76
IROQ,$16.97,1441124484566,600,100% bullish,of 1 rating,N/A
DSKY,$11,1441124484598,"10,878",67% bullish,of 6 ratings,$11.50
RXDX,$13.66,1441124484668,"33,328",100% bullish,of 1 rating,$20
IRG,$4.82,1441124484702,"12,255",100% bearish,of 1 rating,$4.25
IKAN,$2.76,1441124484773,"2,210",83% bullish,of 6 ratings,$5
IIVI,$16.62,1441124484804,"27,545",100% bearish,of 1 rating,$22
IKNX,NULL,1441124484835,0,100% bearish,of 1 rating,N/A
ILMN,$195.486,1441124484904,"281,513",80% bullish,of 5 ratings,$245
ISNS,$4.14,1441124484930,"8,178",50% bullish,of 2 ratings,N/A
KANG,$15.57,1441124484978,"210,252",50% bullish,of 2 ratings,$23.10
IMMR,$11.28,1441124485172,"54,639",80% bullish,of 5 ratings,$15.50
ICCC,$6.68,1441124485204,"7,073",100% bullish,of 1 rating,N/A
IMDZ,$15.575,1441124485229,"23,206",100% bearish,of 1 rating,$33
IMGN,$13.31,1441124485272,"164,506",75% bullish,of 4 ratings,$17.50
IMNP,$1.26,1441124485302,"72,000",50% bullish,of 2 ratings,$6
IMMU,$2.21,1441124485363,"319,589",86% bullish,of 7 ratings,$2
IMMY,$7.78,1441124485401,"1,400",100% bearish,of 1 rating,$11
INCR,$41.425,1441124485495,"198,744",50% bullish,of 2 ratings,$53
SAAS,$7.23,1441124485529,"145,764",50% bullish,of 2 ratings,$15
INCY,$117.86,1441124485556,"316,940",50% bullish,of 6 ratings,$125.50
INDB,$43.76,1441124485625,"10,808",Not yet rated,NULL,$44
IPXL,$41.31,1441124485688,"121,633",67% bullish,of 3 ratings,$46.50
IBTX,$40.44,1441124485717,"6,684",100% bullish,of 2 ratings,$47.25
IBCP,$14.0072,1441124485752,"37,213",100% bullish,of 1 rating,$14.50
IDSA,NULL,1441124485852,0,Not yet rated,NULL,N/A
INFN,$21.495,1441124485883,"308,115",71% bullish,of 7 ratings,$28
INFI,$8.75,1441124485983,"85,949",50% bullish,of 4 ratings,$16.50
IPCC,$75.91,1441124486032,"3,457",Not yet rated,NULL,$77.50
IMKTA,$49.95,1441124486081,"15,451",100% bearish,of 1 rating,N/A
INWK,$7.05,1441124486136,"21,372",50% bullish,of 2 ratings,$10
IFON,$1.27,1441124486158,"19,659",75% bullish,of 4 ratings,N/A
INNL,NULL,1441124486245,0,100% bearish,of 1 rating,$16.50
III,$3.7,1441124486287,"23,504",57% bullish,of 7 ratings,$6
INOD,$2.4,1441124486318,"1,800",100% bearish,of 1 rating,N/A
IPHS,$47.505,1441124486356,"48,727",100% bearish,of 1 rating,$60
IOSP,$48.44,1441124486384,"49,362",100% bearish,of 1 rating,N/A
ISSC,$2.85,1441124486420,"2,075",67% bearish,of 3 ratings,N/A
ITEK,$12.0701,1441124486446,"107,583",100% bearish,of 3 ratings,$20
INGN,$48.62,1441124486471,"41,899",100% bearish,of 1 rating,$50.50
NSIT,$24.9,1441124486687,"39,341",50% bullish,of 2 ratings,N/A
INO,$7.28,1441124486724,"281,764",89% bullish,of 18 ratings,$20
ISIG,$2.75,1441124486757,550,100% bearish,of 1 rating,N/A
INSM,$23.98,1441124486819,"82,530",71% bullish,of 7 ratings,$31.50
INOV,$21.62,1441124486852,"101,139",100% bearish,of 1 rating,$33
IIIN,$17.008,1441124486884,"11,657",100% bearish,of 2 ratings,N/A
INSY,$33.68,1441124486910,"249,224",75% bullish,of 4 ratings,$48
PODD,$28.92,1441124486984,"65,118",67% bearish,of 3 ratings,$35
NTEC,$5.54,1441124487043,"1,781",100% bearish,of 1 rating,N/A
IDTI,$18.56,1441124487116,"459,536",60% bullish,of 5 ratings,$25
IESC,NULL,1441124487144,0,100% bearish,of 1 rating,N/A
IART,$59.515,1441124487175,"37,636",100% bearish,of 2 ratings,$71.50
INTC,$28.02,1441124487304,"10,664,666",82% bullish,of 238 ratings,$36
IQNT,$18.26,1441124487401,"48,361",86% bullish,of 7 ratings,$20
IPCI,$2.2118,1441124487427,"17,163",67% bullish,of 6 ratings,$8
ISSI,$21.86,1441124487476,"34,623",67% bullish,of 3 ratings,$19.75
IPAR,$25.29,1441124487502,"7,362",67% bullish,of 3 ratings,$38
ICPT,$186.105,1441124487649,"83,855",70% bullish,of 10 ratings,$359.50
ININ,$35.63,1441124487680,"31,107",67% bearish,of 3 ratings,$57
ICLDW,$1.18,1441124487706,425,100% bearish,of 1 rating,N/A
IBKR,$38.7,1441124487731,"253,282",100% bullish,of 1 rating,N/A
IDCC,$49.36,1441124487769,"96,156",80% bullish,of 5 ratings,$63
TILE,$23.645,1441124487835,"80,776",100% bearish,of 3 ratings,$27
ICLD,$1.8,1441124487863,"49,799",75% bullish,of 4 ratings,N/A
INAP,$8.9,1441124487914,"271,157",75% bullish,of 4 ratings,$11
IBOC,$24.81,1441124487991,"18,444",100% bearish,of 1 rating,N/A
IMI,$2.04,1441124488017,"13,063",67% bullish,of 3 ratings,$2.22
ISCA,$31.76,1441124488084,"23,829",100% bearish,of 1 rating,N/A
IGLD,$6.92,1441124488219,"3,500",50% bullish,of 2 ratings,N/A
IIJI,NULL,1441124488247,0,50% bullish,of 2 ratings,$11.50
PTNT,$2.98,1441124488296,5,Not yet rated,NULL,N/A
XENT,$25.97,1441124488330,"116,050",50% bullish,of 2 ratings,$36.50
INPH,$0.31,1441124488352,"2,200",50% bullish,of 2 ratings,N/A
ISIL,$10.47,1441124488429,"229,831",50% bullish,of 6 ratings,$15
IILG,$19.43,1441124488459,"43,927",100% bearish,of 1 rating,$29
IVAC,$4.67,1441124488491,"18,804",100% bearish,of 1 rating,$6.625
INTLL,$25.6,1441124488597,300,Not yet rated,NULL,N/A
ITCI,$26.89,1441124488627,"256,095",75% bearish,of 4 ratings,$40
INTL,$26.14,1441124488660,"29,489",67% bearish,of 3 ratings,N/A
INTX,$2.04,1441124488760,"6,154",67% bullish,of 3 ratings,N/A
IIN,$6.25,1441124488790,"1,000",100% bearish,of 1 rating,$12
ISRG,$505.99,1441124488888,"59,630",67% bullish,of 3 ratings,$600
INTU,$84.35,1441124488921,"401,044",86% bullish,of 7 ratings,$107.50
INVT,$0.3369,1441124488975,"56,933",67% bullish,of 3 ratings,N/A
ISBC,$11.505,1441124489023,"844,971",100% bullish,of 1 rating,$13.25
SNAK,$8.51,1441124489048,"67,052",50% bullish,of 2 ratings,$14
ISTR,$15.73,1441124489082,359,100% bearish,of 1 rating,$18.50
NVIV,$9.335,1441124489180,"60,397",50% bullish,of 4 ratings,$24.50
ITIC,$70,1441124489208,100,100% bearish,of 2 ratings,N/A
IVTY,$13.56,1441124489273,"2,400",Not yet rated,NULL,$18
DTUL,$64.48,1441124489376,"1,062",Not yet rated,NULL,N/A
IPAS,$1.09,1441124489398,"3,400",67% bullish,of 3 ratings,N/A
DFVL,$66.06,1441124489428,830,Not yet rated,NULL,N/A
IPCM,$79.4201,1441124489478,"30,009",50% bullish,of 2 ratings,$80.125
IRMD,$23.81,1441124489651,"14,172",67% bearish,of 3 ratings,$25
IRIX,$6.58,1441124489684,"14,933",100% bearish,of 1 rating,N/A
IRDM,$7.095,1441124489718,"210,037",60% bullish,of 5 ratings,$11.50
IPGP,$82.29,1441124489740,"79,794",67% bearish,of 3 ratings,$109.50
IRBT,$29.03,1441124489771,"31,384",67% bullish,of 6 ratings,$37
IRDMB,$276,1441124489799,200,67% bearish,of 3 ratings,N/A
IRWD,$11.03,1441124489826,"303,859",100% bearish,of 1 rating,$13
COMT,$33.25,1441124489962,"6,172",100% bearish,of 1 rating,N/A
FCHI,NULL,1441124489988,0,NULL,NULL,NULL
IRCP,NULL,1441124490017,0,100% bullish,of 2 ratings,N/A
GNMA,$50.22,1441124490069,"3,580",Not yet rated,NULL,N/A
IFAS,NULL,1441124490115,0,NULL,NULL,NULL
IFNA,NULL,1441124490240,0,NULL,NULL,NULL
IFGL,$27.6,1441124490268,"41,572",Not yet rated,NULL,N/A
ACWX,$39.639,1441124490307,"215,563",100% bearish,of 1 rating,N/A
AAIT,NULL,1441124490336,0,NULL,NULL,NULL
AAXJ,$51.985,1441124490400,"241,905",Not yet rated,NULL,N/A
ACWI,$54.52,1441124490431,"608,455",Not yet rated,NULL,N/A
IFEU,$37.13,1441124490459,"15,341",Not yet rated,NULL,N/A
AXJS,NULL,1441124490529,0,NULL,NULL,NULL
EEME,NULL,1441124490624,0,NULL,NULL,NULL
EMDI,NULL,1441124490653,0,NULL,NULL,NULL
EEMA,$49.16,1441124490678,"13,519",Not yet rated,NULL,N/A
EMEY,NULL,1441124490697,0,NULL,NULL,NULL
EGRW,NULL,1441124490732,0,NULL,NULL,NULL
EVAL,NULL,1441124490833,0,NULL,NULL,NULL
EEML,$27.25,1441124490863,"1,379",Not yet rated,NULL,N/A
EUFN,$21.2294,1441124490969,"24,736",100% bearish,of 1 rating,N/A
IEUS,$44.34,1441124490995,"13,186",100% bearish,of 1 rating,N/A
UAE,$18.1,1441124491034,"18,459",Not yet rated,NULL,N/A
IBB,$338.29,1441124491069,"579,985",63% bullish,of 8 ratings,N/A
SOXX,$81.34,1441124491161,"105,618",50% bullish,of 2 ratings,N/A
EMIF,$28.08,1441124491193,"45,770",Not yet rated,NULL,N/A
QAT,$21.49,1441124491218,"21,916",Not yet rated,NULL,N/A
WOOD,$47.13,1441124491292,"3,565",50% bullish,of 2 ratings,N/A
ICLN,$9.2648,1441124491351,"7,930",50% bullish,of 2 ratings,N/A
INDY,$26.75,1441124491376,"83,842",50% bullish,of 2 ratings,N/A
ISHG,$79.91,1441124491438,"5,154",100% bearish,of 1 rating,N/A
IGOV,$91.25,1441124491510,"93,151",100% bearish,of 1 rating,N/A
ISIS,$49.04,1441124491543,"629,613",53% bullish,of 15 ratings,$67
ISLE,$18,1441124491633,"107,915",50% bullish,of 4 ratings,$16
ISRL,NULL,1441124491659,0,100% bearish,of 1 rating,N/A
ITRI,$29.69,1441124491695,"53,818",100% bearish,of 1 rating,$37
ITRN,$23.5,1441124491794,800,50% bullish,of 2 ratings,N/A
XXIA,$15.16,1441124491823,"78,812",71% bullish,of 7 ratings,$14.625
ITUS,$4,1441124491925,"1,600",Not yet rated,NULL,N/A
IXYS,$11.63,1441124491992,"58,157",50% bullish,of 4 ratings,N/A
JJSF,$112.31,1441124492028,"7,163",100% bearish,of 1 rating,N/A
MAYS,NULL,1441124492054,0,Not yet rated,NULL,N/A
JBHT,$71.6418,1441124492080,"286,115",50% bullish,of 4 ratings,$89.50
JCOM,$67.36,1441124492125,"60,039",100% bullish,of 2 ratings,$77
JASO,$8.01,1441124492150,"402,624",82% bullish,of 17 ratings,$10
JACK,$76.927,1441124492312,"95,292",83% bullish,of 6 ratings,$105
JXSB,$24,1441124492340,500,Not yet rated,NULL,N/A
JAXB,$13.7,1441124492382,578,100% bullish,of 1 rating,N/A
JKHY,$65.75,1441124492410,"156,504",50% bullish,of 2 ratings,$72
JAGX,$3.0501,1441124492475,"1,300",Not yet rated,NULL,$10.50
JAKK,$9.43,1441124492511,"92,389",60% bearish,of 5 ratings,$11
JMBA,$13.96,1441124492611,"37,280",75% bullish,of 4 ratings,$18
ERW,NULL,1441124492642,0,Not yet rated,NULL,N/A
JRVR,$27.25,1441124492668,"14,677",Not yet rated,NULL,$32
JASNW,NULL,1441124492743,0,50% bullish,of 2 ratings,N/A
JAZZ,$166.1322,1441124492801,"86,904",80% bullish,of 15 ratings,$206.50
JD,$25.55,1441124492829,"2,578,522",75% bullish,of 16 ratings,$36
JASN,$4.92,1441124492851,"5,600",50% bullish,of 2 ratings,$9.50
JTPY,$2.93,1441124492983,5,100% bearish,of 1 rating,N/A
JCTCF,NULL,1441124493017,0,100% bullish,of 1 rating,N/A
JBLU,$22.05,1441124493045,"1,529,768",94% bullish,of 18 ratings,$27
DATE,$5.96,1441124493116,"11,016",75% bullish,of 4 ratings,$9
JIVE,$4.62,1441124493180,"99,841",75% bullish,of 4 ratings,$5
WYIGU,NULL,1441124493201,0,100% bearish,of 1 rating,N/A
JST,$3.85,1441124493246,"1,903",75% bullish,of 4 ratings,N/A
JOEZ,$0.1702,1441124493275,"13,414",92% bullish,of 12 ratings,N/A
JBSS,$50.995,1441124493301,"3,839",67% bearish,of 3 ratings,N/A
JOUT,$24.58,1441124493436,126,100% bearish,of 1 rating,$34
JNP,$10.96,1441124493470,"7,856",100% bullish,of 3 ratings,$15
JUNO,$35.5,1441124493503,"206,483",73% bullish,of 11 ratings,$71.50
KTWO,$20.82,1441124493530,"25,434",100% bearish,of 1 rating,$28.50
KBIO,$2.11,1441124493571,"46,415",50% bullish,of 4 ratings,N/A
KALU,$81.99,1441124493599,"36,248",67% bearish,of 3 ratings,$91
KMDA,$3.501,1441124493677,"8,770",50% bullish,of 2 ratings,$8
KNDI,$6.4901,1441124493750,"145,214",86% bullish,of 22 ratings,N/A
KPTI,$13.65,1441124493812,"45,230",67% bearish,of 3 ratings,$39
KCLI,$46.17,1441124493880,"2,600",Not yet rated,NULL,N/A
KRNY,$11.3,1441124493968,"130,224",100% bearish,of 1 rating,$12
KBSF,NULL,1441124493999,0,100% bullish,of 1 rating,N/A
KCAP,$4.67,1441124494029,"37,808",75% bullish,of 4 ratings,$6
KELYB,NULL,1441124494050,0,50% bullish,of 2 ratings,N/A
KELYA,$14.24,1441124494102,"17,867",67% bullish,of 6 ratings,$20
KFFB,$8.6701,1441124494234,500,100% bearish,of 1 rating,N/A
GMCR,$55.41,1441124494269,"573,112",71% bullish,of 42 ratings,$64
KERX,$6.055,1441124494300,"193,113",82% bullish,of 11 ratings,$12
KMPH,$19.18,1441124494327,"13,768",100% bearish,of 2 ratings,$22
KEQU,$16.5701,1441124494363,440,100% bullish,of 1 rating,N/A
KTCC,$10.149,1441124494496,375,100% bearish,of 1 rating,$16
KTEC,$12.02,1441124494556,"4,399",Not yet rated,NULL,N/A
