Symbol,Price,Date,Volume,Rating,RatingVoteCount,OneYearEstimate
PIH,$7.17,1440609602493,400,100% bearish,of 1 rating,N/A
TFSCU,NULL,1440609602525,0,Not yet rated,NULL,N/A
TFSC,$9.73,1440609602552,"5,900",100% bearish,of 1 rating,N/A
FCTY,$7.85,1440609602580,"1,367",100% bullish,of 1 rating,$8.50
TFSCR,NULL,1440609602621,0,Not yet rated,NULL,N/A
TFSCW,NULL,1440609602650,0,100% bearish,of 1 rating,N/A
FCCY,$11.5901,1440609602677,"1,041",100% bullish,of 1 rating,$13
SRCE,$28.72,1440609602754,"7,957",100% bullish,of 3 ratings,$33
VNET,$17.405,1440609602813,"480,056",60% bullish,of 5 ratings,$29.50
FLWS,$9.465,1440609602956,"242,251",100% bullish,of 5 ratings,$15
DSLV,$77.1461,1440609603010,"13,997",100% bearish,of 1 rating,N/A
UGLD,$9.04,1440609603058,"140,068",100% bearish,of 1 rating,N/A
DGLD,$83.038,1440609603137,"11,148",100% bullish,of 1 rating,N/A
USLV,$11.32,1440609603191,"490,153",86% bullish,of 7 ratings,N/A
TWOU,$34.06,1440609603217,"78,942",50% bullish,of 2 ratings,$39
JOBS,$27.225,1440609603241,"46,951",50% bullish,of 4 ratings,$36
CAFD,$13.53,1440609603469,"108,658",Not yet rated,NULL,$25
EGHT,$7.5,1440609603503,"147,627",82% bullish,of 17 ratings,$11
SIXD,$2.72,1440609603571,"315,908",Not yet rated,NULL,N/A
ABAX,$46.51,1440609603597,"52,680",100% bearish,of 1 rating,$60
AAON,$20.04,1440609603639,"80,676",100% bearish,of 1 rating,$24
AVHI,$13.96,1440609603728,"8,216",100% bearish,of 1 rating,$19
ABY,$20.765,1440609603769,"379,701",100% bearish,of 2 ratings,$46
SHLM,$32.43,1440609603794,"39,022",100% bearish,of 1 rating,$50
ABGB,$6.37,1440609603930,"162,928",67% bullish,of 3 ratings,$5.50
ABEO,$4.46,1440609603984,"60,508",50% bullish,of 4 ratings,$15.50
ABMD,$94.92,1440609604009,"109,922",75% bullish,of 4 ratings,$100.50
AXAS,$1.55,1440609604309,"310,177",78% bullish,of 9 ratings,$3.50
ACTG,$8.83,1440609604339,"142,470",67% bullish,of 3 ratings,$18.50
ABEOW,$1.85,1440609604372,"2,286",100% bullish,of 1 rating,N/A
ACST,$0.345,1440609604439,"10,793",100% bullish,of 2 ratings,N/A
AXDX,$18,1440609604477,"88,189",100% bearish,of 1 rating,N/A
ACAD,$34.2,1440609604508,"258,694",80% bullish,of 20 ratings,$48
ACHC,$68.65,1440609604607,"308,831",50% bullish,of 2 ratings,$92
XLRN,$27.67,1440609604638,"58,325",50% bullish,of 2 ratings,$57
ANCX,$19.92,1440609604812,"13,139",Not yet rated,NULL,$20
VXDN,$1.76,1440609604884,"22,049",100% bearish,of 1 rating,N/A
ACRX,$4,1440609604912,"93,078",67% bearish,of 6 ratings,$5.50
ARAY,$6.32,1440609604933,"308,828",100% bearish,of 1 rating,$10.50
VXUP,$1.75,1440609604962,"37,089",100% bearish,of 1 rating,N/A
ACET,$22.14,1440609605134,"40,461",75% bullish,of 4 ratings,$30
AKAO,$6.81,1440609605162,"58,094",75% bullish,of 4 ratings,$15
ACHN,$7.02,1440609605240,"656,822",90% bullish,of 21 ratings,$16
ACTS,$1.5713,1440609605309,"13,098",100% bearish,of 1 rating,N/A
ACOR,$31.18,1440609605338,"355,455",67% bearish,of 3 ratings,$38.50
ACIW,$20.6,1440609605444,"181,491",67% bearish,of 3 ratings,$24
ATVI,$26.34,1440609605471,"1,825,891",68% bullish,of 84 ratings,$31.50
ACNB,$19.93,1440609605600,"2,000",Not yet rated,NULL,N/A
ACPW,$1.8001,1440609605629,"17,356",100% bullish,of 4 ratings,$3.50
ACTA,$12.88,1440609605696,"25,285",67% bearish,of 3 ratings,$25
ACXM,$19.96,1440609605779,"123,758",67% bullish,of 3 ratings,N/A
ACUR,$0.5221,1440609605916,"24,139",100% bullish,of 5 ratings,$1
ADMS,$19.05,1440609606018,"25,326",100% bearish,of 2 ratings,$36
ADMP,$3.3103,1440609606102,"17,006",50% bullish,of 2 ratings,$10
AEY,$2.2503,1440609606205,"1,945",100% bearish,of 2 ratings,N/A
ADAP,$11.32,1440609606230,"20,946",67% bullish,of 3 ratings,$22
ADUS,$28.066,1440609606255,"22,090",100% bearish,of 1 rating,$31
ADEP,$6.463,1440609606286,"26,444",50% bullish,of 2 ratings,$10.75
ADMA,$9.258,1440609606311,"1,504",Not yet rated,NULL,$19
ADBE,$75.3,1440609606619,"788,622",65% bullish,of 17 ratings,$90
ADTN,$15.15,1440609606644,"100,500",67% bullish,of 3 ratings,$17.125
ADRO,$18.74,1440609606670,"154,170",80% bullish,of 5 ratings,$45.50
AEIS,$23.53,1440609606703,"59,207",50% bullish,of 2 ratings,$32.50
ADXS,$12.8228,1440609606835,"545,636",64% bullish,of 14 ratings,$27
ADXSW,$8.44,1440609606861,"27,205",100% bullish,of 1 rating,N/A
AMD,$1.68,1440609606882,"4,120,365",83% bullish,of 103 ratings,$2
MULT,NULL,1440609607054,0,100% bearish,of 1 rating,N/A
YPRO,$23.0316,1440609607143,800,100% bearish,of 1 rating,N/A
AEGR,$17.15,1440609607236,"104,841",50% bullish,of 6 ratings,$26
AMTX,$2.47,1440609607290,"11,252",50% bullish,of 2 ratings,$26.11
AEGN,$17.61,1440609607338,"38,669",100% bearish,of 2 ratings,$21
AEHR,NULL,1440609607362,0,50% bullish,of 2 ratings,N/A
AVAV,$22.98,1440609607522,"30,422",50% bullish,of 4 ratings,$31
AERI,$15.36,1440609607551,"139,409",75% bullish,of 4 ratings,$31.50
AEPI,$53.536,1440609607651,"4,472",100% bearish,of 1 rating,N/A
AEMD,$6.91,1440609607696,"5,330",Not yet rated,NULL,$27.50
AEZS,$0.086,1440609607721,"2,224,620",90% bullish,of 21 ratings,$1.50
AFFX,$8.945,1440609607853,"120,784",80% bullish,of 5 ratings,$12
AFMD,$9.03,1440609607880,"102,587",50% bullish,of 4 ratings,$15
AGRX,$8.255,1440609608059,"4,599",100% bearish,of 1 rating,$17.50
AGEN,$6.44,1440609608118,"462,710",85% bullish,of 13 ratings,$14
AGYS,$9.55,1440609608261,"7,700",100% bearish,of 1 rating,N/A
AGFSW,$1.86,1440609608287,"4,703",100% bearish,of 2 ratings,N/A
AGIO,$83.21,1440609608308,"174,908",88% bullish,of 8 ratings,$114
AGFS,$9.91,1440609608451,"12,921",100% bearish,of 1 rating,N/A
AIRT,$21.23,1440609608552,711,100% bullish,of 1 rating,N/A
ATSG,$8.57,1440609608702,"83,119",67% bullish,of 3 ratings,$13
AIRM,$34.79,1440609608832,"87,603",80% bearish,of 5 ratings,$53
AIMT,$20.95,1440609608868,"101,720",Not yet rated,NULL,N/A
AIXG,$5.702,1440609608965,"13,286",67% bearish,of 3 ratings,$5.25
AKER,$2.5,1440609609054,"53,200",Not yet rated,NULL,N/A
AKAM,$65.95,1440609609096,"556,770",63% bullish,of 8 ratings,$77
AKBA,$6.07,1440609609229,"69,773",100% bearish,of 1 rating,$18
ALRM,$15.67,1440609609257,"69,435",100% bearish,of 1 rating,$22
AKRX,$37.59,1440609609278,"372,695",78% bullish,of 9 ratings,$56
AMRI,$19.555,1440609609413,"170,611",75% bearish,of 4 ratings,$24
ALSK,$2,1440609609442,"57,312",78% bullish,of 18 ratings,$2
ABDC,$11.66,1440609609511,"36,219",Not yet rated,NULL,$15
AMCN,$4.38,1440609609584,"426,402",83% bullish,of 6 ratings,N/A
ALDR,$36.97,1440609609863,"166,039",67% bearish,of 3 ratings,$62
ADHD,$7.85,1440609609888,"68,507",50% bullish,of 4 ratings,$18
ALXN,$166.825,1440609609941,"414,172",88% bullish,of 8 ratings,$223
ALDX,$6.64,1440609609965,"7,459",100% bearish,of 1 rating,$14.50
ALXA,$1.11,1440609610159,"11,469",83% bullish,of 6 ratings,$2.125
ALIM,$3.07,1440609610242,"25,039",80% bullish,of 5 ratings,$10
ALKS,$56.99,1440609610302,"234,311",67% bullish,of 3 ratings,$75
ALGN,$55,1440609610375,"177,921",100% bearish,of 2 ratings,$73
ALGT,$208.82,1440609610434,"36,389",100% bearish,of 2 ratings,$235
ALLB,$22.5,1440609610462,300,Not yet rated,NULL,N/A
AIQ,$13.06,1440609610648,"10,622",67% bullish,of 3 ratings,N/A
AFOP,$18.18,1440609610788,"55,984",75% bullish,of 8 ratings,$21
ARLP,$24.2182,1440609610918,"47,697",67% bearish,of 3 ratings,$32
AHGP,$34.34,1440609611011,"22,175",67% bullish,of 3 ratings,N/A
AMOT,$18.13,1440609611216,"35,499",100% bearish,of 1 rating,N/A
ALLT,$4.91,1440609611269,"35,785",75% bullish,of 4 ratings,$6.25
AFAM,$44.45,1440609611372,"33,503",50% bullish,of 2 ratings,$44
ALQA,$4.24,1440609611416,"6,387",75% bullish,of 4 ratings,$8.50
AOSL,$7.25,1440609611565,"32,651",67% bullish,of 3 ratings,$9
MDRX,$13.08,1440609611636,"758,421",60% bullish,of 5 ratings,$16
ALNY,$96.79,1440609611707,"171,297",67% bullish,of 3 ratings,$148.50
ALTR,$46.75,1440609611767,"688,431",80% bearish,of 5 ratings,$54
SMCP,NULL,1440609611838,0,Not yet rated,NULL,N/A
ATEC,$0.58,1440609611910,"120,683",100% bullish,of 1 rating,$2
ASPS,$24.94,1440609612035,"110,068",67% bullish,of 3 ratings,$46.50
AIMC,$24.25,1440609612175,"23,003",100% bearish,of 2 ratings,$28.50
AMAG,$60.36,1440609612354,"161,810",100% bullish,of 2 ratings,$77.50
AYA,$19.41,1440609612484,"9,373",100% bearish,of 1 rating,$40
AMBC,$15.27,1440609612679,"81,251",100% bearish,of 1 rating,$16.50
AMBCW,$7,1440609612871,"3,000",100% bearish,of 1 rating,N/A
AMRK,$10.36,1440609612933,470,50% bullish,of 2 ratings,$14
AMCX,$69.32,1440609613003,"397,155",67% bullish,of 3 ratings,$87.50
AMZN,$482.656,1440609613061,"1,736,010",81% bullish,of 264 ratings,$646
AMRN,$1.8636,1440609613082,"486,876",85% bullish,of 39 ratings,$8
ALCO,$40.715,1440609613115,"3,670",50% bullish,of 2 ratings,N/A
AMBA,$84.84,1440609613164,"990,288",83% bullish,of 12 ratings,$102.50
DOX,$55.39,1440609613191,"296,055",67% bearish,of 3 ratings,$60
EPAX,$2.7,1440609613420,"43,121",100% bearish,of 1 rating,N/A
AHPI,NULL,1440609613447,0,50% bullish,of 2 ratings,N/A
AMDA,$0.465,1440609613651,"632,856",90% bullish,of 10 ratings,$1
ATAX,$5.09,1440609613860,"74,609",100% bullish,of 1 rating,$6.50
AMED,$37.4,1440609613963,"58,149",100% bearish,of 1 rating,$42
AMOV,$17.162,1440609614025,"3,515",100% bearish,of 1 rating,N/A
UHAL,$363.02,1440609614130,"5,590",100% bullish,of 2 ratings,$393.50
AAL,$37.62,1440609614155,"4,181,054",93% bullish,of 88 ratings,$57
ASBI,$22,1440609614203,"2,400",Not yet rated,NULL,N/A
AGNCB,$24.12,1440609614228,"5,700",Not yet rated,NULL,N/A
AGNC,$19.275,1440609614287,"1,682,172",71% bullish,of 28 ratings,$22
MTGE,$15.34,1440609614494,"116,723",75% bullish,of 4 ratings,$19.50
ACAS,$13.11,1440609614573,"648,225",60% bullish,of 5 ratings,$16.75
AGNCP,$25.32,1440609614671,"2,800",Not yet rated,NULL,N/A
ACSF,$12.0499,1440609614700,"9,582",100% bearish,of 1 rating,$15
MTGEP,$24.69,1440609614803,300,Not yet rated,NULL,N/A
AMNB,$22.79,1440609615165,"3,117",Not yet rated,NULL,$25.50
ARII,$37.89,1440609615193,"92,990",67% bearish,of 3 ratings,$45
ANCI,$1.53,1440609615247,"2,800",100% bearish,of 1 rating,N/A
AETI,$3.75,1440609615295,116,67% bearish,of 3 ratings,N/A
ANAT,$98.49,1440609615340,"13,770",100% bullish,of 1 rating,N/A
AMIC,NULL,1440609615373,0,Not yet rated,NULL,N/A
ASEI,$36.94,1440609615426,"12,055",100% bearish,of 1 rating,$52.50
APEI,$21.04,1440609615453,"14,611",100% bearish,of 1 rating,$25.50
AMSWA,$8.54,1440609615631,"9,556",100% bearish,of 2 ratings,$10.75
AMSC,$4,1440609615814,"77,135",50% bullish,of 4 ratings,N/A
AMRB,$9.96,1440609615839,"4,604",Not yet rated,NULL,$11
AMWD,$63.9,1440609615874,"73,185",50% bullish,of 2 ratings,$70
CRMT,$36.11,1440609616110,"11,950",100% bearish,of 1 rating,$39
ABCB,$26.16,1440609616139,"36,019",Not yet rated,NULL,$31
ATLO,$23.35,1440609616354,"1,764",Not yet rated,NULL,N/A
ASRVP,NULL,1440609616380,0,Not yet rated,NULL,N/A
AMSF,$46.61,1440609616409,"15,981",Not yet rated,NULL,$57.50
AMGN,$148.78,1440609616442,"1,521,881",89% bullish,of 19 ratings,$185
ASRV,$3.2,1440609616508,"21,904",100% bullish,of 2 ratings,N/A
AMKR,$4.54,1440609616535,"744,935",100% bearish,of 2 ratings,$5
FOLD,$13.45,1440609616749,"500,066",56% bullish,of 9 ratings,$21
AMPH,$13.16,1440609616806,"78,680",50% bullish,of 2 ratings,$20
AMSG,$77.405,1440609616831,"162,458",100% bearish,of 1 rating,$85.50
AMSGP,NULL,1440609616963,0,Not yet rated,NULL,N/A
ASYS,$4.94,1440609616988,"19,410",67% bullish,of 3 ratings,$12
AFSI,$57.01,1440609617238,"247,978",60% bullish,of 5 ratings,$72
ANAC,$125.71,1440609617264,"128,778",80% bullish,of 5 ratings,$180.50
ALOG,$78.28,1440609617290,"19,352",100% bearish,of 2 ratings,$100.50
AMRS,$1.6,1440609617315,"43,126",70% bullish,of 10 ratings,N/A
ANCB,$22.45,1440609617477,900,Not yet rated,NULL,$23
ADI,$51.72,1440609617502,"837,578",67% bullish,of 3 ratings,$69
AMCF,$0.2481,1440609617530,"1,800",100% bullish,of 7 ratings,N/A
ANAD,$0.3426,1440609617558,"145,926",100% bullish,of 2 ratings,$.50
ABCW,$38.58,1440609617689,"4,788",67% bullish,of 3 ratings,N/A
ANGO,$14.545,1440609617778,"11,209",67% bullish,of 3 ratings,$19
ANGI,$4.71,1440609617958,"150,815",64% bullish,of 11 ratings,$5.50
ANSS,$86.73,1440609618030,"145,508",100% bearish,of 1 rating,$100
ANIK,$33.68,1440609618163,"26,370",60% bullish,of 5 ratings,$51.25
ANIP,$48.1,1440609618246,"58,811",89% bullish,of 19 ratings,$66
ABAC,$0.7,1440609618290,600,100% bearish,of 1 rating,N/A
ATRS,$1.66,1440609618379,"350,437",92% bullish,of 12 ratings,$4.50
ANTH,$6.55,1440609618408,"382,280",80% bullish,of 10 ratings,$13
ATNY,$2.34,1440609618435,"8,200",50% bullish,of 2 ratings,$3.75
APIC,$5.97,1440609618461,"42,603",100% bearish,of 1 rating,$19
APOG,$48.65,1440609618594,"75,034",50% bullish,of 2 ratings,$67
AINV,$6.34,1440609618627,"401,024",50% bullish,of 4 ratings,$8
APPF,$16.38,1440609618726,"18,605",50% bullish,of 2 ratings,$22
APOL,$10.68,1440609618940,"517,503",87% bearish,of 68 ratings,$14
AAPL,$106.16,1440609619007,"28,278,426",86% bullish,of 2349 ratings,$150
AGTC,$14.65,1440609619100,"44,432",50% bullish,of 2 ratings,$33
APDN,$3.15,1440609619126,"19,165",Not yet rated,NULL,$9
ARCI,NULL,1440609619147,0,Not yet rated,NULL,N/A
APDNW,$1.2282,1440609619376,400,Not yet rated,NULL,N/A
AAOI,$19.03,1440609619401,"82,857",50% bullish,of 4 ratings,$26
AMAT,$14.85,1440609619446,"9,850,677",82% bullish,of 11 ratings,$23
APTO,$4.7212,1440609619536,806,Not yet rated,NULL,$17
APRI,$1.18,1440609619596,"38,814",83% bullish,of 6 ratings,$4.86
AREX,$1.73,1440609619667,"239,446",100% bearish,of 1 rating,$3
AMCC,$5.35,1440609619695,"174,588",80% bullish,of 5 ratings,$8
AQMS,$4.96,1440609619739,"14,217",Not yet rated,NULL,N/A
AQXP,$17.99,1440609619928,"131,208",50% bullish,of 2 ratings,$2
AUMA,NULL,1440609620021,0,Not yet rated,NULL,N/A
AUMAU,NULL,1440609620093,0,Not yet rated,NULL,N/A
ARDM,$6.95,1440609620179,202,100% bullish,of 1 rating,$26
PETX,$16.735,1440609620223,"230,554",100% bearish,of 2 ratings,$26
AUMAW,NULL,1440609620322,0,Not yet rated,NULL,N/A
ABUS,$6.52,1440609620469,"155,251",86% bullish,of 14 ratings,$23
ARCB,$27.55,1440609620496,"107,429",67% bearish,of 3 ratings,$39.50
ABIO,$0.8582,1440609620517,"59,241",50% bullish,of 2 ratings,$3.75
ARCW,$3.64,1440609620549,"12,576",100% bearish,of 2 ratings,$10.50
RKDA,$5.85,1440609620582,"5,241",100% bearish,of 2 ratings,$10
ACAT,$25.01,1440609620682,"34,090",100% bearish,of 3 ratings,$33
ACGL,$67.02,1440609620710,"78,285",50% bullish,of 2 ratings,$72
ARNA,$2.585,1440609620872,"1,213,948",90% bullish,of 77 ratings,$5.50
ARDX,$17.42,1440609620897,"49,230",50% bullish,of 2 ratings,$24.50
ARCC,$14.81,1440609620922,"845,169",67% bearish,of 3 ratings,$17.875
AGII,$55.64,1440609621151,"37,296",Not yet rated,NULL,$59.50
ARGS,$6.12,1440609621227,"21,781",50% bullish,of 2 ratings,$19.50
ARIS,$3.86,1440609621283,"115,780",Not yet rated,NULL,$4.50
ARKR,$24.5,1440609621355,500,50% bullish,of 2 ratings,N/A
ARMH,$40.45,1440609621383,"2,826,149",54% bearish,of 13 ratings,$61
AGIIL,$25.5,1440609621411,"8,383",Not yet rated,NULL,N/A
ARTX,$1.34,1440609621436,"152,716",88% bullish,of 16 ratings,$4.50
ARWAR,$0.27,1440609621595,800,Not yet rated,NULL,N/A
ARWA,NULL,1440609621729,0,Not yet rated,NULL,N/A
ARWAU,NULL,1440609621750,0,100% bullish,of 1 rating,N/A
ARIA,$6.37,1440609621830,"1,471,862",87% bullish,of 46 ratings,$9
ARQL,$1.62,1440609621985,"103,039",75% bullish,of 4 ratings,$5
ARWAW,NULL,1440609622021,0,Not yet rated,NULL,N/A
ARRY,$5.43,1440609622126,"613,521",100% bullish,of 7 ratings,$10
DWAT,$9.607,1440609622230,915,100% bearish,of 1 rating,N/A
AROW,$26.89,1440609622257,"7,029",Not yet rated,NULL,N/A
ARRS,$25.06,1440609622285,"322,194",50% bullish,of 2 ratings,$38
ARWR,$5.25,1440609622389,"337,259",75% bullish,of 4 ratings,$10.50
ARTNA,$21.97,1440609622453,"6,597",100% bearish,of 1 rating,$29
ARTW,$4.396,1440609622490,"3,518",75% bearish,of 4 ratings,N/A
ASBB,$24.74,1440609622678,74,Not yet rated,NULL,N/A
ASNA,$10.94,1440609622709,"999,690",50% bullish,of 2 ratings,$18
ASCMA,$26.65,1440609622762,"17,343",100% bearish,of 1 rating,$45
ASND,$19.45,1440609622807,"65,959",100% bullish,of 1 rating,$30
ASTI,$0.1101,1440609622869,"880,923",83% bullish,of 6 ratings,$3
APWC,$1.81,1440609622953,200,100% bearish,of 1 rating,N/A
ASMI,NULL,1440609623056,0,NULL,NULL,NULL
ASML,$86.775,1440609623087,"369,815",50% bullish,of 4 ratings,$127
AZPN,$36.55,1440609623230,"200,134",50% bullish,of 2 ratings,$42
ASMB,$12.17,1440609623257,"17,268",67% bullish,of 3 ratings,N/A
ASTE,$36.255,1440609623292,"16,100",100% bearish,of 1 rating,$48
ASFI,$8.815,1440609623393,"9,917",100% bullish,of 1 rating,N/A
ATRO,$49.58,1440609623574,"55,952",100% bearish,of 2 ratings,$80
ALOT,$12.59,1440609623603,"17,397",100% bearish,of 1 rating,N/A
ASTC,$1.9,1440609623735,"14,264",100% bullish,of 5 ratings,N/A
ATAI,$2.34,1440609623764,"2,650",100% bearish,of 1 rating,N/A
ATRA,$38.4,1440609623810,"31,917",50% bullish,of 2 ratings,$68
AFCB,$27.3,1440609623867,100,Not yet rated,NULL,N/A
ATHN,$128.43,1440609623893,"59,782",67% bearish,of 3 ratings,$153
ASUR,$5.5,1440609623921,"8,400",50% bullish,of 2 ratings,$8
AAME,$3.6,1440609624190,798,Not yet rated,NULL,N/A
ATHX,$1.08,1440609624217,"79,596",89% bullish,of 9 ratings,$5
AAPC,NULL,1440609624244,0,Not yet rated,NULL,N/A
ACFC,$5.64,1440609624389,"70,188",Not yet rated,NULL,$6.50
ATNI,$70.02,1440609624415,"15,707",100% bearish,of 1 rating,$69.50
AAWW,$39.02,1440609624487,"81,547",50% bullish,of 2 ratings,$65
ATLC,$3.7,1440609624548,"9,262",67% bullish,of 3 ratings,N/A
AFH,$16.2,1440609624703,"21,846",Not yet rated,NULL,$21.50
ATOS,$0.702,1440609624793,"56,259",100% bullish,of 7 ratings,$7
ATML,$7.48,1440609624859,"3,159,257",78% bullish,of 9 ratings,$9.50
ATRM,$2.83,1440609624897,500,50% bullish,of 2 ratings,N/A
ATRC,$24.88,1440609624922,"53,250",100% bullish,of 1 rating,$30
ATRI,$371.85,1440609625002,824,Not yet rated,NULL,N/A
AUBN,$27.699,1440609625134,"1,596",Not yet rated,NULL,N/A
LIFE,$13.85,1440609625163,"19,508",86% bullish,of 7 ratings,$43
ATTU,$13.22,1440609625268,"31,306",100% bearish,of 1 rating,$20.50
AUPH,$3.05,1440609625460,"2,800",100% bearish,of 1 rating,$8
EARS,$4.64,1440609625497,"4,159",100% bearish,of 2 ratings,$11.50
ADSK,$48.44,1440609625651,"726,624",67% bullish,of 6 ratings,$69.50
ABTL,$16.76,1440609625676,"28,732",100% bullish,of 4 ratings,$20.25
ADP,$75.69,1440609625705,"1,077,460",100% bearish,of 1 rating,$88
AUDC,$3.1,1440609625813,"16,853",80% bullish,of 5 ratings,$5
ADAT,$0.3301,1440609625850,"1,388,302",100% bullish,of 2 ratings,N/A
AAVL,$10.1,1440609625916,"125,124",100% bearish,of 1 rating,$20
AVNU,$12.21,1440609625986,"4,386",Not yet rated,NULL,$14
AVEO,$1.24,1440609626057,"435,083",75% bullish,of 8 ratings,$3
AVGO,$112.41,1440609626214,"1,177,628",88% bullish,of 8 ratings,$165
AVNW,$1.16,1440609626239,"10,596",50% bullish,of 2 ratings,$2.20
AVGR,$14.2433,1440609626490,"10,138",100% bearish,of 1 rating,$20
CAR,$39.63,1440609626538,"1,354,839",80% bullish,of 5 ratings,$60
AXPWW,$0.8999,1440609626562,400,Not yet rated,NULL,N/A
AVID,$7.92,1440609626719,"98,973",100% bearish,of 1 rating,$20
AXGN,$3.77,1440609626746,"6,146",Not yet rated,NULL,$5
ACLS,$3.045,1440609626775,"171,186",67% bullish,of 6 ratings,$4.75
AWRE,$3.07,1440609626876,"7,378",67% bullish,of 3 ratings,N/A
AXPW,$1.0401,1440609626928,"33,797",83% bullish,of 6 ratings,N/A
AXTI,$2.13,1440609627006,"51,035",50% bullish,of 2 ratings,$2.75
RILY,$9.9999,1440609627034,"1,696",Not yet rated,NULL,N/A
BCOM,$19.36,1440609627065,"2,130",100% bearish,of 1 rating,N/A
BOSC,$2.26,1440609627162,544,50% bullish,of 2 ratings,N/A
BIDU,$137.615,1440609627400,"3,150,795",81% bullish,of 88 ratings,$210
BEAV,$45.87,1440609627425,"335,646",67% bearish,of 3 ratings,$59
BCPC,$55.8,1440609627475,"41,443",100% bearish,of 1 rating,$75
BWINB,$22.6799,1440609627502,"5,533",Not yet rated,NULL,N/A
BWINA,NULL,1440609627574,0,Not yet rated,NULL,N/A
BLDP,$1.195,1440609627679,"323,213",91% bullish,of 22 ratings,$2.50
BKMU,$6.81,1440609627837,"15,651",Not yet rated,NULL,$8
BANF,$58.7399,1440609627944,"2,610",Not yet rated,NULL,$68
BOCH,$5.72,1440609627976,"5,920",Not yet rated,NULL,$6.50
BANFP,NULL,1440609627997,0,Not yet rated,NULL,N/A
BOTJ,NULL,1440609628082,0,Not yet rated,NULL,N/A
BKSC,$15.7155,1440609628128,903,Not yet rated,NULL,N/A
BMRC,$47.75,1440609628154,"7,270",Not yet rated,NULL,$52
OZRK,$40.37,1440609628311,"208,774",67% bullish,of 3 ratings,$49.50
BFIN,$11.76,1440609628412,"4,564",Not yet rated,NULL,$13
BWFG,$18,1440609628440,"1,500",100% bearish,of 1 rating,N/A
BZUN,$4.4427,1440609628545,"121,993",50% bullish,of 2 ratings,$11.50
BANR,$42.86,1440609628572,"10,471",100% bullish,of 3 ratings,$50
TAPR,$32.26,1440609628596,"4,467",100% bearish,of 1 rating,N/A
BHAC,NULL,1440609628759,0,Not yet rated,NULL,N/A
BHACU,NULL,1440609628817,0,Not yet rated,NULL,N/A
BHACR,NULL,1440609628900,0,Not yet rated,NULL,N/A
BHACW,NULL,1440609628966,0,Not yet rated,NULL,N/A
BBSI,$33.045,1440609628994,"37,010",67% bearish,of 3 ratings,$62.50
BSET,$28.84,1440609629037,"14,158",100% bearish,of 1 rating,$35
BYBK,$5,1440609629064,375,100% bearish,of 1 rating,N/A
BV,$4.94,1440609629229,"126,992",67% bullish,of 6 ratings,$9
BYLK,$12.65,1440609629269,300,Not yet rated,NULL,$14
BBCN,$14.02,1440609629480,"81,558",100% bearish,of 1 rating,$16
BDCV,$4.73,1440609629530,"28,478",100% bearish,of 1 rating,$10.19
BCBP,NULL,1440609629583,0,Not yet rated,NULL,N/A
BECN,$34.22,1440609629635,"158,082",50% bullish,of 2 ratings,$40
BSF,$8.27,1440609629764,"3,123",Not yet rated,NULL,N/A
BEBE,$1.7,1440609629790,"37,829",75% bullish,of 4 ratings,$3.075
BBGI,$4.08,1440609629811,100,100% bearish,of 1 rating,N/A
BELFA,$14.71,1440609629865,"2,307",100% bearish,of 1 rating,N/A
BELFB,$17.8,1440609629954,"8,266",100% bearish,of 1 rating,N/A
BBBY,$60.05,1440609630114,"858,512",71% bullish,of 7 ratings,$75
BNCL,$12.33,1440609630158,"173,639",100% bullish,of 3 ratings,$12.50
BLPH,$5.18,1440609630183,"18,427",100% bearish,of 1 rating,$12.50
BNFT,$34.035,1440609630210,"54,448",67% bullish,of 3 ratings,$46
BLCM,$15.51,1440609630258,"66,997",50% bullish,of 4 ratings,$40
BGCP,$8.425,1440609630538,"493,753",88% bullish,of 8 ratings,$14
BGMD,$0.755,1440609630617,"5,650",100% bullish,of 10 ratings,N/A
BIND,$4.19,1440609630669,"34,420",75% bullish,of 4 ratings,$13.50
BNTC,$7.9,1440609630702,"14,161",100% bullish,of 1 rating,N/A
BASI,$1.64,1440609630802,"3,202",Not yet rated,NULL,N/A
BCDA,NULL,1440609630828,0,Not yet rated,NULL,N/A
ORPN,$5.27,1440609630856,"3,991",100% bullish,of 1 rating,$28.50
BGFV,$10.46,1440609630881,"35,731",57% bullish,of 7 ratings,$12
BIOD,$0.6578,1440609631069,"34,834",80% bullish,of 5 ratings,$4
BCRX,$10.495,1440609631096,"197,850",63% bullish,of 8 ratings,$18
BIIB,$287.2,1440609631173,"890,393",88% bullish,of 16 ratings,$400
BIOC,$1.852,1440609631280,"179,881",83% bullish,of 6 ratings,$3.85
BDSI,$6.19,1440609631306,"407,596",88% bullish,of 8 ratings,$17
BIOL,$1.38,1440609631335,"21,334",Not yet rated,NULL,N/A
BLFS,$1.9801,1440609631443,"1,973",100% bearish,of 1 rating,$4.75
BVXV,$3.3,1440609631546,"2,200",Not yet rated,NULL,N/A
BLRX,$1.295,1440609631585,"62,840",100% bullish,of 12 ratings,$5
BVXVW,NULL,1440609631675,0,100% bearish,of 1 rating,N/A
BRLI,NULL,1440609631723,0,NULL,NULL,NULL
BMRN,$121.93,1440609631748,"307,117",80% bullish,of 5 ratings,$160
BPTH,$1.03,1440609631823,"16,978",100% bullish,of 2 ratings,$5
BBC,$28.8101,1440609631926,"11,158",Not yet rated,NULL,N/A
BBP,$30.34,1440609632005,"5,543",Not yet rated,NULL,N/A
BIOS,$2.1701,1440609632070,"574,534",71% bullish,of 7 ratings,$4
BSTC,$46.27,1440609632109,"14,723",100% bearish,of 1 rating,$76
BSPM,$0.64,1440609632323,"14,548",50% bullish,of 2 ratings,N/A
TECH,$93.724,1440609632356,"58,445",100% bullish,of 1 rating,$117
BOTA,$2.12,1440609632429,"24,472",88% bullish,of 8 ratings,N/A
BEAT,$13.86,1440609632461,"295,753",67% bearish,of 3 ratings,$15
BDMS,NULL,1440609632482,0,100% bearish,of 1 rating,N/A
BITI,$17.1,1440609632562,"7,552",100% bullish,of 1 rating,$28
BBOX,$14.94,1440609632614,"27,132",100% bearish,of 1 rating,N/A
BJRI,$43.36,1440609632705,"85,115",50% bullish,of 2 ratings,$55
BDE,$7.1,1440609632778,"22,580",50% bullish,of 2 ratings,$9
BBRY,$6.635,1440609632866,"1,885,732",61% bullish,of 330 ratings,$9
BLKB,$57.73,1440609632922,"38,922",100% bearish,of 2 ratings,$66
HAWK,$39.255,1440609632970,"314,406",91% bullish,of 11 ratings,$49
ADRD,$21.3799,1440609633102,"7,784",100% bearish,of 1 rating,N/A
ADRE,$28.472,1440609633241,"6,281",100% bearish,of 1 rating,N/A
BKCC,$9.05,1440609633271,"155,870",100% bullish,of 2 ratings,$10
BCOR,$13.31,1440609633297,"60,010",57% bullish,of 7 ratings,$15
ADRA,$26.41,1440609633342,765,100% bearish,of 1 rating,N/A
BLMN,$19.3,1440609633372,"375,588",83% bullish,of 6 ratings,$27.50
ADRU,$21.52,1440609633445,346,100% bearish,of 1 rating,N/A
BLBD,$11.99,1440609633536,"14,935",Not yet rated,NULL,N/A
BBLU,$0.7791,1440609633668,"58,314",100% bullish,of 2 ratings,$4.43
BHBK,$13.89,1440609633692,"61,672",100% bullish,of 1 rating,$14.50
BUFF,$26.02,1440609633852,"90,122",83% bullish,of 12 ratings,$31.50
BLUE,$124.3,1440609633877,"237,587",71% bullish,of 7 ratings,$217.50
NILE,$32.14,1440609633905,"56,105",50% bullish,of 2 ratings,$34
BKEP,$5.81,1440609634051,"22,828",100% bearish,of 1 rating,$8.50
BKEPP,$7.0001,1440609634076,"39,277",100% bearish,of 1 rating,N/A
BPMC,$25.82,1440609634100,"59,822",50% bullish,of 2 ratings,$47.50
BNCN,$19.89,1440609634128,"19,242",Not yet rated,NULL,$24
BOFI,$118,1440609634307,"68,390",100% bullish,of 6 ratings,$144
BOBE,$42.63,1440609634336,"46,305",75% bullish,of 4 ratings,$57
WIFI,$7.33,1440609634380,"114,020",50% bullish,of 2 ratings,$13.50
BOJA,$20.75,1440609634405,"70,223",100% bullish,of 1 rating,$30
BOKF,$58.11,1440609634533,"105,925",100% bearish,of 1 rating,$69
BNSO,$1.3341,1440609634663,240,100% bearish,of 1 rating,N/A
BONA,$11.44,1440609634692,"52,550",75% bullish,of 4 ratings,$8.50
BPFH,$11.58,1440609634792,"148,889",100% bearish,of 1 rating,$14
BPFHP,NULL,1440609634817,0,100% bearish,of 1 rating,N/A
BAMM,$3.2,1440609634874,"1,651",60% bullish,of 5 ratings,N/A
BPFHW,$5,1440609634899,"1,100",100% bearish,of 1 rating,N/A
BDBD,$8.025,1440609634965,"203,552",60% bullish,of 5 ratings,$10
BCLI,$2.85,1440609635096,"16,132",80% bullish,of 5 ratings,$12
EPAY,$24.625,1440609635122,"39,286",100% bearish,of 2 ratings,$30
BBRG,$12.27,1440609635143,"35,524",67% bullish,of 3 ratings,$14.50
BBEP,$2.5031,1440609635317,"702,708",69% bullish,of 13 ratings,$5.625
BDGE,$26.18,1440609635357,"5,567",Not yet rated,NULL,$31.75
BBEPP,$12.7848,1440609635419,"11,131",100% bearish,of 1 rating,N/A
BRID,NULL,1440609635525,0,100% bearish,of 1 rating,N/A
BCOV,$5.08,1440609635553,"25,066",67% bullish,of 3 ratings,$10.20
BLIN,NULL,1440609635583,0,50% bullish,of 2 ratings,$2.20
BYFC,$1.38,1440609635744,900,50% bullish,of 2 ratings,N/A
BRCM,$48.95,1440609635789,"2,344,792",75% bullish,of 12 ratings,$56
BWEN,$3.1899,1440609635957,"7,700",100% bullish,of 3 ratings,$8
BSFT,$29.78,1440609635987,"58,160",57% bullish,of 7 ratings,$40.50
BVSN,$5.7009,1440609636015,"2,501",60% bearish,of 5 ratings,N/A
BRKL,$10.425,1440609636088,"56,109",100% bearish,of 1 rating,$10.75
BMTC,$28.36,1440609636190,"45,832",Not yet rated,NULL,$34
BRKS,$9.99,1440609636216,"23,294",67% bullish,of 3 ratings,$15.25
BRCD,$10.27,1440609636246,"2,563,020",92% bullish,of 13 ratings,$11.50
BRKR,$18.26,1440609636349,"76,125",100% bearish,of 2 ratings,$22
BLMT,$20.59,1440609636429,837,Not yet rated,NULL,N/A
BSQR,$5.83,1440609636532,"13,994",67% bullish,of 3 ratings,N/A
BWLD,$188.71,1440609636603,"128,464",82% bullish,of 11 ratings,$205
BLDR,$13.39,1440609636704,"484,674",50% bullish,of 2 ratings,$22
BUR,$1.8,1440609636730,"7,251",100% bearish,of 1 rating,$8
CFFI,NULL,1440609636858,0,100% bearish,of 1 rating,N/A
CHRW,$65.94,1440609636923,"566,099",Not yet rated,NULL,$72
CA,$26.1001,1440609637000,"1,075,219",50% bullish,of 4 ratings,$33
CCMP,$42.16,1440609637027,"27,018",50% bullish,of 2 ratings,$59
CDZI,$7.65,1440609637185,"31,012",100% bearish,of 1 rating,N/A
CDNS,$18.905,1440609637225,"601,769",75% bullish,of 4 ratings,$22.50
CACQ,$6.9399,1440609637290,"9,217",100% bearish,of 1 rating,$12.25
CZR,$8.54,1440609637447,"208,183",60% bearish,of 5 ratings,$10.50
CSTE,$38.34,1440609637472,"440,534",100% bearish,of 1 rating,$65
PRSS,$4.3,1440609637522,"3,799",80% bullish,of 5 ratings,$4.50
CLBS,$1.29,1440609637632,"54,267",79% bullish,of 14 ratings,$4
CLMS,$10.23,1440609637686,"26,428",Not yet rated,NULL,$10.50
CHI,$10.225,1440609637844,"204,844",100% bearish,of 1 rating,N/A
CCD,$18.55,1440609637898,"281,180",Not yet rated,NULL,N/A
CHY,$10.9501,1440609637925,"152,657",Not yet rated,NULL,N/A
CGO,$11.73,1440609637975,"18,662",100% bearish,of 1 rating,N/A
CFGE,NULL,1440609638058,0,Not yet rated,NULL,N/A
CAMP,$15.43,1440609638084,"126,454",88% bullish,of 8 ratings,$25
CSQ,$9.44,1440609638104,"235,800",Not yet rated,NULL,N/A
CHW,$7.3499,1440609638134,"87,904",100% bearish,of 1 rating,N/A
CVGW,$57.32,1440609638336,"89,665",50% bullish,of 2 ratings,$58.50
CFNB,NULL,1440609638467,0,100% bearish,of 1 rating,N/A
CALM,$47.64,1440609638496,"319,097",80% bullish,of 5 ratings,$65
CALD,$15.212,1440609638526,"145,927",100% bearish,of 1 rating,$20.50
CALA,$4.6899,1440609638603,"227,280",100% bullish,of 3 ratings,$19.50
CLMT,$24.65,1440609638633,"111,634",75% bullish,of 8 ratings,$31
CAMB,$10.05,1440609638708,200,Not yet rated,NULL,N/A
ABCD,$4.9,1440609638733,"29,926",83% bullish,of 6 ratings,N/A
CAMBW,NULL,1440609638928,0,Not yet rated,NULL,N/A
CAMBU,NULL,1440609638971,0,100% bearish,of 1 rating,N/A
CAC,$39.42,1440609639027,"1,324",Not yet rated,NULL,N/A
CGIX,$9.75,1440609639060,"26,779",67% bullish,of 3 ratings,$14.375
CAMT,$2.56,1440609639124,"18,262",73% bullish,of 11 ratings,$4
CPHC,NULL,1440609639152,0,100% bearish,of 1 rating,N/A
CSIQ,$16.579,1440609639182,"1,421,288",86% bullish,of 28 ratings,$42.50
CBNJ,$10.8999,1440609639295,"23,311",100% bullish,of 1 rating,N/A
CPLA,$47.5844,1440609639506,"24,104",67% bearish,of 3 ratings,$65
CBF,$28.52,1440609639603,"74,542",Not yet rated,NULL,$32
CSWC,$44.77,1440609639635,"8,914",Not yet rated,NULL,N/A
CCBG,$14.79,1440609639699,"2,280",Not yet rated,NULL,$17.25
CPLP,$6.38,1440609639725,"276,880",71% bullish,of 7 ratings,$11
CPTA,$13.54,1440609639775,"41,043",100% bearish,of 1 rating,$18.50
CFFN,$11.77,1440609639857,"325,355",Not yet rated,NULL,$12.75
CPST,$0.354,1440609640063,"327,133",95% bullish,of 22 ratings,$1.25
CAPNW,$0.49,1440609640159,"8,600",Not yet rated,NULL,N/A
CAPN,$1.68,1440609640210,"46,910",100% bullish,of 1 rating,$10.85
CARB,$10.92,1440609640240,"47,728",75% bullish,of 4 ratings,$12
CARA,$17.12,1440609640296,"249,217",50% bullish,of 4 ratings,$25
CAPR,$4.0104,1440609640424,"19,753",Not yet rated,NULL,$12
CBYL,$5.18,1440609640487,"3,411",100% bearish,of 1 rating,$20
CRDC,$0.38,1440609640583,"67,332",100% bullish,of 1 rating,$1.25
CFNL,$21.54,1440609640608,"31,136",Not yet rated,NULL,$24
CRME,$8.55,1440609640742,"6,404",89% bullish,of 9 ratings,$11.25
CSII,$22.62,1440609640773,"58,929",100% bearish,of 2 ratings,$42.125
CATM,$33.56,1440609640802,"39,137",100% bearish,of 1 rating,$44
CECO,$3.43,1440609640878,"117,839",67% bearish,of 3 ratings,$6
CDNA,$6.5,1440609641034,"3,900",100% bearish,of 1 rating,$9
CKEC,$22.13,1440609641063,"61,097",50% bullish,of 2 ratings,$35.915
CTRE,$11.32,1440609641167,"78,232",50% bullish,of 2 ratings,$13.50
CLBH,$12.52,1440609641212,"2,699",Not yet rated,NULL,$16.50
CARO,$15.061,1440609641344,250,100% bearish,of 1 rating,$19
CRZO,$28.235,1440609641370,"355,162",67% bearish,of 3 ratings,$55.50
CART,$5.35,1440609641402,210,100% bearish,of 1 rating,N/A
TAST,$11.85,1440609641502,"67,347",Not yet rated,NULL,$14.25
CRTN,$2.51,1440609641527,500,100% bearish,of 1 rating,N/A
CARV,$7.1075,1440609641580,"12,446",50% bullish,of 2 ratings,N/A
CACB,$5.22,1440609641659,"21,357",Not yet rated,NULL,$5.50
CASM,$1.12,1440609641744,"5,800",100% bullish,of 1 rating,$3.50
CSCD,$15,1440609641802,"35,157",100% bullish,of 2 ratings,$17
CASY,$103.02,1440609641982,"77,797",50% bullish,of 2 ratings,$99.50
CASI,$1.445,1440609642054,990,100% bullish,of 1 rating,$3.50
CWST,$5.92,1440609642130,"20,891",50% bullish,of 2 ratings,$7.25
CATB,$10.84,1440609642185,"16,971",100% bearish,of 1 rating,$28
CPRX,$3.35,1440609642269,"286,293",71% bullish,of 7 ratings,$7
CASS,$47,1440609642339,"5,807",100% bearish,of 1 rating,N/A
CATYW,NULL,1440609642437,0,100% bearish,of 1 rating,N/A
CATY,$28.27,1440609642503,"191,176",100% bearish,of 1 rating,$33.50
CAVM,$65.53,1440609642567,"267,260",67% bearish,of 3 ratings,$72
CVCO,$70.92,1440609642599,"10,292",100% bearish,of 1 rating,N/A
CBFV,$20.12,1440609642627,"4,475",Not yet rated,NULL,$25
CNLM,NULL,1440609642701,0,Not yet rated,NULL,N/A
CNLMR,NULL,1440609642858,0,Not yet rated,NULL,N/A
CNLMW,NULL,1440609643044,0,Not yet rated,NULL,N/A
CBOE,$61,1440609643173,"166,248",Not yet rated,NULL,$60
CDK,$46.74,1440609643202,"346,110",67% bearish,of 3 ratings,$50
CNLMU,NULL,1440609643232,0,100% bullish,of 1 rating,N/A
CDW,$38.07,1440609643304,"394,587",75% bullish,of 4 ratings,$44
CECE,$9.13,1440609643334,"35,345",50% bullish,of 2 ratings,$16
CPXX,$1.99,1440609643359,"91,767",100% bullish,of 2 ratings,$7
CELG,$114.31,1440609643435,"1,768,951",92% bullish,of 13 ratings,$155.50
CELGZ,$1.64,1440609643607,"19,600",80% bullish,of 5 ratings,N/A
CLDX,$13.57,1440609643635,"573,309",89% bullish,of 9 ratings,$36
CLDN,$1.04,1440609643665,"54,087",71% bullish,of 7 ratings,$3
CLRB,$3.0291,1440609643694,603,100% bearish,of 1 rating,N/A
CLLS,$29.2,1440609643774,"92,087",75% bullish,of 4 ratings,$51.50
CLRBW,NULL,1440609643840,0,Not yet rated,NULL,N/A
CBMG,$22.16,1440609643878,"38,167",50% bullish,of 2 ratings,N/A
CLSN,$1.8701,1440609644104,"64,072",80% bullish,of 10 ratings,$7.50
CLTX,$2.51,1440609644193,"125,167",100% bullish,of 2 ratings,N/A
CETV,$1.98,1440609644254,"41,233",67% bullish,of 3 ratings,$2.80
CEMP,$32.9,1440609644299,"229,818",71% bullish,of 7 ratings,$52
CYAD,$50.5,1440609644360,"1,100",100% bullish,of 1 rating,$87.50
CETX,$2.2772,1440609644429,800,Not yet rated,NULL,$5.60
CENT,$11.95,1440609644502,"20,045",Not yet rated,NULL,$10
CSFL,$13.53,1440609644531,"37,086",Not yet rated,NULL,$15
CFBK,$1.37,1440609644552,"1,700",Not yet rated,NULL,N/A
CVCY,$11.2,1440609644754,100,Not yet rated,NULL,$12
CNBKA,$41.98,1440609644820,782,50% bullish,of 2 ratings,N/A
CENTA,$12.57,1440609644886,"93,859",Not yet rated,NULL,N/A
CNTY,$5.75,1440609644911,"9,086",80% bullish,of 5 ratings,$7.75
CENX,$4.255,1440609644950,"1,066,677",67% bullish,of 6 ratings,$9
CPHD,$47.4,1440609645151,"209,908",67% bearish,of 3 ratings,$66.50
CRNT,$1.34,1440609645204,"20,946",50% bullish,of 2 ratings,$2
CERU,$3.33,1440609645333,"9,403",75% bullish,of 4 ratings,$15
CERE,$1.16,1440609645360,"166,670",88% bullish,of 8 ratings,N/A
CERN,$60.33,1440609645389,"716,043",67% bullish,of 3 ratings,$79
CERS,$4.675,1440609645410,"172,015",75% bullish,of 4 ratings,$7
KOOL,$0.63,1440609645438,"29,921",100% bullish,of 5 ratings,$7
CEVA,$17.72,1440609645570,"18,641",100% bearish,of 1 rating,$25
CYOU,$19.39,1440609645820,"83,165",50% bullish,of 6 ratings,$24
CTHR,$1.27,1440609645847,"2,152",50% bullish,of 2 ratings,$2.50
HOTRW,NULL,1440609645867,0,Not yet rated,NULL,N/A
HOTR,$1.4501,1440609645895,"74,841",100% bullish,of 2 ratings,$5
CHTR,$173.146,1440609646183,"379,905",100% bearish,of 2 ratings,$196
CHFN,$12.2,1440609646208,"2,898",Not yet rated,NULL,$14
CHKP,$78.29,1440609646256,"542,197",50% bullish,of 4 ratings,$92
GTLS,$21.79,1440609646434,"72,867",50% bullish,of 4 ratings,$40
CHEK,$2.07,1440609646514,"39,633",Not yet rated,NULL,$7.75
CEMI,$3.62,1440609646573,"53,312",50% bullish,of 2 ratings,$7.50
CHEKW,NULL,1440609646607,0,Not yet rated,NULL,N/A
CHFC,$30.83,1440609646652,"12,061",100% bearish,of 1 rating,$36
CCXI,$6.7,1440609646682,"27,568",67% bullish,of 3 ratings,$14
CHMG,$26.6999,1440609646712,"1,000",Not yet rated,NULL,$30
CHKE,$25.8,1440609646777,"17,691",100% bearish,of 1 rating,$32.50
CHEV,$14.4,1440609647029,350,Not yet rated,NULL,N/A
CHMA,$23.36,1440609647094,"18,998",Not yet rated,NULL,$40
CBNK,$16.48,1440609647122,636,100% bearish,of 1 rating,N/A
PLCE,$57.725,1440609647297,"220,635",100% bearish,of 1 rating,$71
CAAS,$5.765,1440609647322,"14,670",93% bullish,of 14 ratings,$11.50
CMRX,$48.05,1440609647372,"121,131",50% bullish,of 2 ratings,$57
CADC,NULL,1440609647465,0,78% bullish,of 9 ratings,N/A
CALI,$0.89,1440609647494,"1,410",67% bullish,of 3 ratings,N/A
CBAK,$1.7601,1440609647524,"30,664",67% bullish,of 9 ratings,N/A
CCCL,$0.7437,1440609647599,"16,900",100% bullish,of 6 ratings,N/A
CBPO,$93.59,1440609647706,"83,801",75% bullish,of 8 ratings,$140.50
CCCR,$0.7255,1440609647732,978,67% bearish,of 3 ratings,N/A
JRJC,$2.95,1440609647879,"96,308",82% bullish,of 11 ratings,N/A
HGSH,$1.7,1440609647907,"1,500",67% bullish,of 3 ratings,N/A
CHOP,$1.2895,1440609647986,"12,075",50% bullish,of 2 ratings,N/A
CHLN,$2.06,1440609648055,"2,603",67% bullish,of 3 ratings,N/A
CNIT,$1.35,1440609648184,"43,590",67% bullish,of 6 ratings,N/A
CJJD,$1.72,1440609648283,"27,510",100% bullish,of 1 rating,N/A
HTHT,$24.27,1440609648370,"64,919",50% bullish,of 2 ratings,$28.40
CNTF,$0.76,1440609648442,"31,406",Not yet rated,NULL,N/A
CPGI,$6.91,1440609648473,200,Not yet rated,NULL,N/A
CREG,$0.6686,1440609648499,"5,630",100% bullish,of 3 ratings,N/A
CHNR,$1.67,1440609648530,"2,010",100% bearish,of 1 rating,N/A
CSUN,$1.3901,1440609648556,"14,875",80% bullish,of 5 ratings,N/A
CXDC,$5.66,1440609648631,"34,837",67% bearish,of 3 ratings,N/A
CCIH,$6.24,1440609648881,"184,360",67% bullish,of 6 ratings,$12.65
CNET,$0.7751,1440609648985,"20,013",50% bullish,of 2 ratings,N/A
IMOS,$16.21,1440609649040,"103,863",60% bullish,of 5 ratings,$21.50
CNYD,$3.013,1440609649068,"2,616",67% bullish,of 3 ratings,N/A
CHSCL,$27,1440609649172,"19,105",Not yet rated,NULL,N/A
CHSCM,$25.8,1440609649300,"9,059",Not yet rated,NULL,N/A
CHSCN,$26.5123,1440609649389,"2,363",Not yet rated,NULL,N/A
CHSCO,$28.06,1440609649435,"10,526",Not yet rated,NULL,N/A
CHUY,$30.79,1440609649533,"56,724",50% bullish,of 2 ratings,$34
CIFC,$7,1440609649561,"1,702",100% bearish,of 1 rating,N/A
CDTX,$14.12,1440609649592,"7,904",Not yet rated,NULL,$22
CHDN,$130.94,1440609649619,"9,910",Not yet rated,NULL,$165
CHSCP,$30.5,1440609649644,"1,633",Not yet rated,NULL,N/A
CMPR,$66.31,1440609649904,"93,168",50% bullish,of 2 ratings,$72.50
CMCT,$15,1440609649929,620,100% bearish,of 1 rating,N/A
CINF,$51.32,1440609649955,"199,520",50% bullish,of 4 ratings,$50.50
CIDM,$0.5817,1440609650155,"57,237",50% bullish,of 2 ratings,$2.10
CRUS,$27.7,1440609650185,"287,455",75% bullish,of 12 ratings,$44.50
CSCO,$24.82,1440609650211,"17,581,446",84% bullish,of 208 ratings,$32
CTAS,$82.37,1440609650236,"153,584",100% bearish,of 1 rating,$91
CPHR,$5.33,1440609650370,"7,889",100% bearish,of 1 rating,$17
CZNC,$19.59,1440609650395,"5,304",Not yet rated,NULL,N/A
CZWI,$8.99,1440609650422,500,Not yet rated,NULL,N/A
CTRN,$26.5,1440609650443,"44,383",100% bearish,of 1 rating,$31.50
CIZN,$19.33,1440609650575,902,Not yet rated,NULL,N/A
CZFC,NULL,1440609650748,0,Not yet rated,NULL,N/A
CTXS,$66.48,1440609650786,"492,545",86% bullish,of 7 ratings,$80
CHCO,$46.37,1440609650853,"9,653",Not yet rated,NULL,$46
CIVB,$10.05,1440609650959,"3,400",Not yet rated,NULL,$11
CLNT,$1.32,1440609651154,"6,962",75% bullish,of 8 ratings,N/A
CLNE,$4.21,1440609651217,"443,731",80% bullish,of 15 ratings,$9
CDTI,$1.4769,1440609651317,"26,073",75% bullish,of 4 ratings,$3.20
CIVBP,NULL,1440609651349,0,Not yet rated,NULL,N/A
CLFD,$16.72,1440609651370,"19,745",67% bullish,of 3 ratings,$18
CLIR,$4.57,1440609651402,"37,227",100% bullish,of 3 ratings,N/A
CSBK,$13.73,1440609651452,"35,519",Not yet rated,NULL,N/A
CBLI,$3.59,1440609651535,"32,181",60% bullish,of 5 ratings,N/A
CLRO,$11.53,1440609651679,"35,429",50% bullish,of 2 ratings,$14.25
CME,$89.65,1440609651753,"426,535",67% bullish,of 3 ratings,$102
CLVS,$68.235,1440609651821,"347,859",60% bullish,of 5 ratings,$101.50
CMFN,$10.8,1440609651893,"13,741",100% bearish,of 1 rating,$15.50
CCNE,$16.65,1440609651966,"2,136",50% bullish,of 2 ratings,$21.50
CISG,$7.41,1440609652023,"54,497",100% bullish,of 5 ratings,$10
CNV,$4.23,1440609652211,"14,060",50% bullish,of 2 ratings,$7.15
COBZ,$12.71,1440609652282,"19,455",100% bullish,of 1 rating,$14
CDXS,$3.41,1440609652308,"19,463",64% bullish,of 11 ratings,$6
COKE,$159.57,1440609652338,"6,675",79% bullish,of 19 ratings,N/A
CWAY,$11.2489,1440609652387,"1,078",Not yet rated,NULL,N/A
JVA,$4.38,1440609652551,"4,048",83% bullish,of 6 ratings,$7
CDRB,$11.82,1440609652615,"8,934",67% bullish,of 3 ratings,N/A
CVLY,$20.25,1440609652643,100,Not yet rated,NULL,N/A
CCOI,$26.76,1440609652747,"138,949",50% bullish,of 4 ratings,$35
CGNT,$1.41,1440609652795,"16,335",100% bullish,of 2 ratings,$2
CGNX,$33.25,1440609652819,"360,254",50% bullish,of 2 ratings,$47
COHR,$55.73,1440609652981,"40,192",50% bullish,of 2 ratings,$72
CLCT,$18.25,1440609653111,"3,726",100% bearish,of 1 rating,N/A
CTSH,$60.15,1440609653136,"1,376,032",90% bullish,of 10 ratings,$75
CHRS,$26.95,1440609653164,"101,521",67% bearish,of 3 ratings,$37
COHU,$9.24,1440609653196,"69,498",100% bearish,of 1 rating,$14.25
CLRX,$0.5144,1440609653354,"25,192",50% bullish,of 2 ratings,N/A
COLL,$14.29,1440609653379,"26,712",100% bearish,of 1 rating,$26
CIGI,$41.41,1440609653407,"3,098",100% bearish,of 1 rating,$52
CBAN,NULL,1440609653560,0,Not yet rated,NULL,N/A
CLCD,$6.43,1440609653588,"40,174",100% bearish,of 1 rating,$20.50
COLB,$29.045,1440609653615,"26,566",Not yet rated,NULL,$36
CMCO,$18.16,1440609653779,"23,841",60% bullish,of 5 ratings,$28
COLM,$59.63,1440609653877,"34,595",100% bearish,of 1 rating,$71
CMCSA,$54.32,1440609654018,"4,244,396",66% bullish,of 35 ratings,$69.50
CBSH,$42.961,1440609654077,"117,643",50% bullish,of 2 ratings,$46
CMCSK,$55.04,1440609654170,"1,301,140",Not yet rated,NULL,$84
CVGI,$4.765,1440609654213,"67,529",50% bullish,of 2 ratings,$6
CUBN,$13.55,1440609654241,300,Not yet rated,NULL,N/A
CBMX,$1.1001,1440609654262,"20,184",83% bullish,of 6 ratings,$3.15
CBSHP,$25.33,1440609654293,"1,453",100% bearish,of 1 rating,N/A
COMM,$28.47,1440609654514,"277,434",67% bearish,of 3 ratings,$35
CSAL,$20.04,1440609654625,"220,012",75% bullish,of 4 ratings,$30
CYHHZ,$0.01,1440609654656,"26,798",100% bullish,of 1 rating,N/A
CTBI,$34.13,1440609654732,"8,013",Not yet rated,NULL,$36
CWBC,NULL,1440609654757,0,Not yet rated,NULL,N/A
ESXB,$5.05,1440609654785,"1,820",Not yet rated,NULL,N/A
JCS,$8.65,1440609654810,"1,554",67% bullish,of 3 ratings,N/A
CVLT,$34.45,1440609655051,"156,791",75% bullish,of 4 ratings,$44.50
COB,$10.3478,1440609655417,"2,236",100% bullish,of 1 rating,$11.75
CIL,$32.83,1440609655482,400,Not yet rated,NULL,N/A
CID,$33.02,1440609655550,700,Not yet rated,NULL,N/A
CDC,$33.36,1440609655680,"13,885",Not yet rated,NULL,N/A
CFO,$33.8944,1440609655712,"7,991",100% bearish,of 1 rating,N/A
CSA,$31.8999,1440609655743,150,Not yet rated,NULL,N/A
CSF,$35.48,1440609655808,"1,207",100% bearish,of 1 rating,N/A
CIZ,$32.7588,1440609655842,586,100% bearish,of 1 rating,N/A
CFA,$34.1586,1440609656019,"3,540",100% bearish,of 1 rating,N/A
CDL,NULL,1440609656126,0,Not yet rated,NULL,N/A
CSB,$32.44,1440609656155,1,Not yet rated,NULL,N/A
CGEN,$4.76,1440609656228,"44,985",50% bullish,of 2 ratings,$11
CPSI,$44.3503,1440609656252,"31,936",100% bearish,of 1 rating,$45.50
CHCI,$0.7192,1440609656490,"37,661",50% bullish,of 2 ratings,N/A
SCOR,$52.93,1440609656553,"120,657",100% bearish,of 1 rating,$66
CNAT,$3.52,1440609656582,"54,363",83% bullish,of 6 ratings,$13
CMTL,$25.53,1440609656607,"18,205",100% bearish,of 2 ratings,$37
CTG,$6.44,1440609656683,"10,130",100% bearish,of 1 rating,$8.50
CNCE,$14.91,1440609656813,"45,595",75% bullish,of 4 ratings,$22
CNSI,$18.51,1440609656876,"147,877",100% bearish,of 2 ratings,$29
CXRX,$67.12,1440609656908,"1,345",100% bearish,of 1 rating,$90
CCUR,$4.77,1440609656952,"39,256",75% bullish,of 4 ratings,N/A
CDOR,$1.26,1440609657051,400,100% bullish,of 1 rating,N/A
CFMS,$19.4,1440609657305,"105,443",Not yet rated,NULL,$27
CDORP,$6.37,1440609657330,"1,210",100% bearish,of 1 rating,N/A
CDORO,NULL,1440609657377,0,100% bearish,of 1 rating,N/A
CTWS,$34.37,1440609657407,"3,671",100% bearish,of 1 rating,$44
CNOB,$18.77,1440609657507,"12,254",100% bullish,of 1 rating,$23.50
CNMD,$52.63,1440609657532,"35,884",Not yet rated,NULL,$59
CNFR,$10.3004,1440609657595,"6,786",Not yet rated,NULL,N/A
CNXR,$6.5,1440609657765,"14,082",100% bearish,of 1 rating,$12
CONN,$29.48,1440609657901,"217,167",67% bullish,of 3 ratings,$48.50
CTCT,$23.885,1440609657929,"85,973",67% bullish,of 3 ratings,$37
CPSS,$5.65,1440609657958,"15,745",100% bullish,of 1 rating,$10
CWCO,$10.115,1440609657979,"27,989",67% bullish,of 3 ratings,$14.50
CNSL,$18.84,1440609658010,"46,631",100% bearish,of 1 rating,$23
CFRX,$4.94,1440609658206,"21,328",Not yet rated,NULL,$14
CFRXW,$1.88,1440609658379,200,100% bearish,of 1 rating,N/A
CFRXZ,NULL,1440609658408,0,Not yet rated,NULL,N/A
CTRV,$3.81,1440609658434,"6,800",Not yet rated,NULL,$6.40
CTRL,$7.73,1440609658488,"61,699",50% bullish,of 2 ratings,$11
CPRT,$33.5,1440609658514,"76,541",67% bearish,of 3 ratings,$40
CORT,$4.68,1440609658810,"303,397",67% bullish,of 3 ratings,$12
BVA,NULL,1440609658836,0,50% bullish,of 2 ratings,N/A
CRBP,$1.8599,1440609658857,"176,356",100% bullish,of 2 ratings,$6.25
CORI,$9.94,1440609658888,"24,512",100% bearish,of 1 rating,$18
CSGP,$168.85,1440609659021,"64,935",50% bullish,of 2 ratings,$235
CSOD,$34.84,1440609659050,"179,443",50% bullish,of 2 ratings,$42
CORE,$59.4,1440609659118,"49,880",100% bearish,of 1 rating,$72
CRVL,$30.21,1440609659146,"6,880",100% bearish,of 1 rating,N/A
COST,$134.73,1440609659289,"711,936",79% bullish,of 24 ratings,$154.50
COSI,$1,1440609659332,"145,360",100% bullish,of 1 rating,N/A
COVS,$2.495,1440609659561,"42,326",67% bullish,of 3 ratings,N/A
COWN,$4.96,1440609659612,"630,652",75% bullish,of 4 ratings,$7
CPAH,NULL,1440609659696,0,50% bullish,of 2 ratings,N/A
COWNL,$27.01,1440609659740,"6,000",Not yet rated,NULL,N/A
CVTI,$21.94,1440609659767,"65,922",67% bearish,of 3 ratings,$39
CRAI,$21.645,1440609659794,"8,175",100% bearish,of 1 rating,$36
CPSH,$2.18,1440609659825,"14,080",Not yet rated,NULL,N/A
ICBK,$18.21,1440609659929,200,Not yet rated,NULL,$21
CBRL,$140.07,1440609660018,"91,596",50% bullish,of 2 ratings,$155
BREW,$7.35,1440609660291,"39,380",67% bullish,of 6 ratings,$15
SLVO,$9.71,1440609660391,"56,490",100% bearish,of 1 rating,N/A
CACC,$194.85,1440609660418,"50,016",50% bullish,of 2 ratings,$158.50
GLDI,$10.9305,1440609660444,"14,852",100% bearish,of 1 rating,N/A
CRAY,$19.7,1440609660474,"77,185",83% bullish,of 6 ratings,$38.50
CRESY,$9.51,1440609660576,"8,161",100% bearish,of 1 rating,$19
CREE,$25.2,1440609660601,"429,705",65% bullish,of 17 ratings,$29.50
CRTO,$41.21,1440609660641,"127,559",67% bullish,of 6 ratings,$64
CCRN,$13.51,1440609660845,"38,430",100% bearish,of 1 rating,$14.25
CRWS,$7.9,1440609660985,"4,100",Not yet rated,NULL,$10
CROX,$13.45,1440609661019,"440,512",63% bullish,of 8 ratings,$16.50
CRDS,$1.01,1440609661040,"10,400",50% bullish,of 4 ratings,$4.50
CRWN,$4.48,1440609661074,"27,110",75% bullish,of 4 ratings,N/A
CYRXW,$0.8501,1440609661094,"8,600",Not yet rated,NULL,N/A
CYRX,$2.91,1440609661122,"6,495",Not yet rated,NULL,$9
CSGS,$29.85,1440609661425,"44,225",Not yet rated,NULL,$40
CCLP,$13.1061,1440609661482,"27,244",67% bearish,of 3 ratings,$20
CSPI,$5.8899,1440609661621,950,67% bullish,of 3 ratings,N/A
CTCM,$1.7,1440609661647,"57,165",80% bearish,of 5 ratings,$3.90
CTIC,$1.51,1440609661689,"740,798",84% bullish,of 76 ratings,$5.75
CTIB,NULL,1440609661790,0,100% bearish,of 1 rating,N/A
CTRP,$63.32,1440609661839,"708,203",75% bullish,of 8 ratings,$92
CUI,$4.95,1440609661970,"10,483",50% bullish,of 2 ratings,$10
CUNB,$21.2,1440609662023,"3,162",Not yet rated,NULL,$24.50
CMLS,$1.36,1440609662100,"251,947",50% bullish,of 4 ratings,$6
CPIX,$6.14,1440609662204,"63,800",Not yet rated,NULL,N/A
CVV,$10.52,1440609662335,"7,318",100% bullish,of 5 ratings,N/A
CVBF,$15.47,1440609662362,"85,422",Not yet rated,NULL,$18
CRIS,$2.32,1440609662385,"211,838",100% bullish,of 8 ratings,$6
CUTR,$14.24,1440609662414,"18,122",67% bearish,of 3 ratings,$18
CYBR,$46.5406,1440609662600,"520,688",86% bullish,of 7 ratings,$66
CYAN,$7.2601,1440609662678,820,100% bearish,of 1 rating,N/A
CYCCP,$5.5,1440609662810,300,100% bearish,of 1 rating,N/A
CYNA,$16.2,1440609662875,"9,392",100% bullish,of 1 rating,$31.50
CBAY,$2.53,1440609662941,"42,157",100% bullish,of 1 rating,$4
CYNO,$31.98,1440609663007,"30,673",67% bearish,of 3 ratings,$45.50
CYCC,$0.5,1440609663105,"88,107",73% bullish,of 11 ratings,N/A
CYBX,$65.52,1440609663130,"123,669",50% bullish,of 4 ratings,$71.50
CYBE,$5.86,1440609663204,"3,535",100% bearish,of 1 rating,N/A
CYRN,$1.63,1440609663288,"7,250",67% bullish,of 3 ratings,$4
CY,$9.05,1440609663378,"2,392,157",80% bullish,of 10 ratings,$15.50
CONE,$30.895,1440609663421,"113,196",67% bearish,of 3 ratings,$35
CYTK,$6.54,1440609663508,"91,080",71% bullish,of 14 ratings,$13.50
CTSO,$6.42,1440609663597,"35,851",Not yet rated,NULL,$15.625
CYTX,$0.3283,1440609663655,"991,190",83% bullish,of 12 ratings,$5.50
DAEG,$0.3599,1440609663730,"5,496",100% bearish,of 1 rating,N/A
CYTR,$2.085,1440609663860,"227,599",67% bullish,of 6 ratings,$10
TVIZ,$19.09,1440609663884,"5,020",100% bearish,of 1 rating,N/A
TVIX,$14.1116,1440609663909,"15,762,260",81% bullish,of 16 ratings,N/A
XIV,$26.46,1440609664053,"15,391,947",75% bearish,of 4 ratings,N/A
ZIV,$40.1411,1440609664078,"69,149",Not yet rated,NULL,N/A
DAIO,$2.57,1440609664246,"1,900",Not yet rated,NULL,N/A
DARA,$0.865,1440609664318,"67,183",83% bullish,of 6 ratings,$1.50
DRAM,$1.1297,1440609664525,"17,050",78% bullish,of 9 ratings,N/A
DWCH,$4.81,1440609664565,"11,404",75% bullish,of 4 ratings,$8.25
PLAY,$32.835,1440609664659,"113,987",100% bullish,of 5 ratings,$42
DTLK,$5.45,1440609664690,"37,438",100% bearish,of 1 rating,$9
DAKT,$8.24,1440609664719,"274,001",50% bullish,of 2 ratings,$14
DJCO,$191.3,1440609664759,301,Not yet rated,NULL,N/A
DWSN,$4.302,1440609664824,"6,206",67% bullish,of 3 ratings,N/A
DTEA,$12.88,1440609665000,"23,505",100% bearish,of 2 ratings,$24
DBVT,$37.72,1440609665083,"20,382",100% bearish,of 1 rating,$53
DHRM,$1.546,1440609665215,"3,987",Not yet rated,NULL,N/A
TRAK,$62.755,1440609665241,"310,744",50% bullish,of 2 ratings,$62.50
TACOW,$3.91,1440609665291,"12,200",100% bullish,of 1 rating,N/A
TACO,$12.65,1440609665370,"103,642",75% bullish,of 4 ratings,$20
DCTH,$0.3808,1440609665449,"350,434",78% bullish,of 9 ratings,N/A
DFRG,$14.18,1440609665478,"69,820",100% bearish,of 1 rating,$20
DGAS,$20.49,1440609665504,"16,347",67% bearish,of 3 ratings,N/A
DELT,$2.65,1440609665632,400,Not yet rated,NULL,N/A
DELTW,NULL,1440609665831,0,Not yet rated,NULL,N/A
DEPO,$27.42,1440609665858,"157,349",60% bullish,of 5 ratings,$29
DENN,$11.25,1440609665896,"93,876",100% bullish,of 3 ratings,$15
DSCI,$5.63,1440609665995,"19,586",50% bullish,of 2 ratings,$16
DEST,$11.3,1440609666042,"38,622",50% bullish,of 2 ratings,N/A
DERM,$24.24,1440609666080,"50,700",100% bearish,of 1 rating,$33.50
XRAY,$51.48,1440609666107,"177,443",100% bullish,of 1 rating,$58
DXLG,$4.52,1440609666318,"134,801",100% bearish,of 1 rating,$8
DHXM,NULL,1440609666484,0,Not yet rated,NULL,N/A
DXM,$0.3101,1440609666536,"58,365",50% bullish,of 2 ratings,N/A
DXCM,$90.26,1440609666588,"255,346",57% bullish,of 7 ratings,$98
DSWL,$1.71,1440609666617,"57,990",100% bullish,of 1 rating,N/A
DMND,$28.09,1440609666672,"105,193",75% bullish,of 12 ratings,$32
DHIL,$189,1440609666718,"1,252",Not yet rated,NULL,N/A
FANG,$60.58,1440609666813,"245,789",50% bullish,of 2 ratings,$86.50
DCIX,$1.51,1440609666999,"52,193",50% bullish,of 4 ratings,$3.50
DRNA,$9.85,1440609667084,"20,215",67% bearish,of 3 ratings,$25
DMRC,$33.28,1440609667111,"80,949",100% bearish,of 1 rating,$44
DGII,$9.61,1440609667132,"10,931",100% bearish,of 1 rating,$10
DRAD,$3.7499,1440609667267,"4,970",100% bullish,of 1 rating,$5.25
DGLY,$7.88,1440609667300,"323,421",50% bullish,of 6 ratings,$20
DCOM,$16.4245,1440609667400,"41,164",100% bearish,of 2 ratings,$16.50
APPS,$2.28,1440609667427,"52,075",100% bearish,of 1 rating,$10.25
DIOD,$19.1,1440609667557,"45,470",75% bearish,of 4 ratings,$24
DISCB,$25.45,1440609667665,12,100% bearish,of 1 rating,$35
DISCA,$26.09,1440609667765,"946,872",67% bullish,of 3 ratings,$34
DPRX,$12.35,1440609667791,"3,402",100% bullish,of 2 ratings,$27.75
DISCK,$24.79,1440609667821,"791,934",100% bearish,of 1 rating,$32
DSCO,$0.3588,1440609667846,"143,776",83% bullish,of 6 ratings,$2.75
DVCR,NULL,1440609667991,0,100% bullish,of 1 rating,N/A
DISH,$57.31,1440609668096,"424,894",69% bullish,of 13 ratings,$73
DLHC,$2.4197,1440609668248,"2,421",100% bearish,of 1 rating,N/A
BAGR,$2.7285,1440609668274,"18,786",100% bearish,of 1 rating,$6
DNBF,$26.1,1440609668345,"1,926",Not yet rated,NULL,$27.50
DGICB,NULL,1440609668446,0,100% bearish,of 1 rating,N/A
DMLP,$13.7,1440609668482,"17,407",100% bearish,of 1 rating,N/A
DLTR,$74.61,1440609668507,"591,611",82% bullish,of 11 ratings,$88
HILL,$9.67,1440609668658,"1,556,574",60% bearish,of 5 ratings,$9.75
DORM,$50.07,1440609668685,"78,827",100% bearish,of 1 rating,$56
DRWI,$0.229,1440609668836,"65,300",60% bullish,of 5 ratings,$.45
DWA,$19.64,1440609668911,"323,156",63% bullish,of 8 ratings,$26
DGICA,$14.05,1440609668938,"4,915",100% bearish,of 1 rating,$17
DRYS,$0.3511,1440609668977,"1,401,532",77% bullish,of 31 ratings,$.60
DSKX,$3.115,1440609669107,"66,197",100% bullish,of 1 rating,N/A
CADT,NULL,1440609669175,0,Not yet rated,NULL,N/A
DRWIW,$0.046,1440609669248,"1,400",Not yet rated,NULL,N/A
DSPG,$8.44,1440609669316,"11,725",100% bearish,of 1 rating,$13.50
CADTR,NULL,1440609669378,0,Not yet rated,NULL,N/A
CADTU,NULL,1440609669457,0,Not yet rated,NULL,N/A
CADTW,NULL,1440609669546,0,Not yet rated,NULL,N/A
DTSI,$26.0725,1440609669586,"23,049",100% bearish,of 2 ratings,$39.50
DRRX,$1.88,1440609669682,"217,226",50% bullish,of 6 ratings,$3
DXPE,$26.52,1440609669713,"66,331",50% bullish,of 2 ratings,N/A
DNKN,$50.26,1440609669931,"368,197",67% bullish,of 15 ratings,$56.50
DYSL,$1.4301,1440609669956,"71,790",100% bullish,of 2 ratings,N/A
BOOM,$9,1440609669983,"46,980",67% bullish,of 3 ratings,$12
DYAX,$22.34,1440609670012,"231,555",89% bullish,of 9 ratings,$30
DYNT,$2.95,1440609670112,"3,348",75% bullish,of 4 ratings,N/A
DVAX,$25.6651,1440609670196,"70,635",70% bullish,of 10 ratings,$40
EGBN,$41.05,1440609670449,"51,990",Not yet rated,NULL,$48
EGRX,$74.2,1440609670477,"179,781",67% bullish,of 3 ratings,$97
ETFC,$24.52,1440609670501,"1,329,591",57% bullish,of 14 ratings,$33
EBMT,$11.16,1440609670555,"1,745",Not yet rated,NULL,$13.50
ELNK,$7.93,1440609670635,"274,450",60% bullish,of 5 ratings,$9.50
EGLE,$6.23,1440609670720,"4,300",60% bullish,of 5 ratings,N/A
EROC,$1.22,1440609670770,"164,076",50% bullish,of 2 ratings,$3
EACQU,$10.2,1440609670854,"1,000",Not yet rated,NULL,N/A
EWBC,$37.41,1440609670984,"761,669",100% bearish,of 1 rating,$50
EBAY,$25.365,1440609671047,"3,904,399",81% bullish,of 117 ratings,$48
EVBS,$6.5,1440609671071,"1,518",Not yet rated,NULL,$7
EBIX,$26.63,1440609671240,"101,901",69% bullish,of 13 ratings,$40
EML,$16.78,1440609671265,"3,557",Not yet rated,NULL,N/A
ECHO,$22.82,1440609671290,"104,047",67% bearish,of 3 ratings,$35.50
ELON,$0.5397,1440609671426,"66,240",50% bullish,of 2 ratings,N/A
SATS,$42.3,1440609671469,"33,612",50% bullish,of 2 ratings,$60
ECTE,$1.3602,1440609671511,"10,736",75% bullish,of 4 ratings,N/A
EEI,$10.99,1440609671539,402,67% bearish,of 3 ratings,N/A
ECACU,$10.06,1440609671597,"4,100",Not yet rated,NULL,N/A
ESES,$3.0501,1440609671699,286,100% bearish,of 1 rating,$7
EDAP,$3.46,1440609671803,"69,837",60% bullish,of 5 ratings,$4.50
EDUC,$4.9,1440609671907,"1,233",100% bearish,of 1 rating,N/A
EDGW,$6.6401,1440609671933,"9,507",100% bearish,of 1 rating,N/A
EGAN,$3.2601,1440609672006,"22,151",50% bullish,of 2 ratings,$6.25
EFUT,$4.2843,1440609672091,400,Not yet rated,NULL,N/A
EHTH,$13.5,1440609672141,"24,011",50% bullish,of 4 ratings,$16.50
EGLT,$10.47,1440609672266,"22,646",50% bullish,of 2 ratings,$21
LOCO,$11.6301,1440609672293,"289,564",69% bullish,of 13 ratings,$20
EMITF,$1.21,1440609672366,"2,865",75% bullish,of 4 ratings,N/A
ESLT,$74.4218,1440609672432,"12,804",67% bullish,of 3 ratings,N/A
ELRC,$10.37,1440609672459,"16,274",100% bearish,of 1 rating,N/A
ESIO,$4.1832,1440609672606,"80,128",50% bullish,of 2 ratings,$10
ERI,$9.37,1440609672666,"34,674",100% bearish,of 1 rating,$10
EFII,$42.64,1440609672741,"68,920",80% bullish,of 5 ratings,$55
ELSE,$3.85,1440609672797,206,60% bullish,of 5 ratings,N/A
EA,$64.2,1440609672844,"1,436,304",77% bullish,of 35 ratings,$80
ELEC,NULL,1440609673006,0,Not yet rated,NULL,N/A
ELECU,NULL,1440609673134,0,Not yet rated,NULL,N/A
RDEN,$10.36,1440609673172,"28,348",100% bearish,of 4 ratings,$15
ELECW,NULL,1440609673203,0,Not yet rated,NULL,N/A
EBIO,$3.12,1440609673224,"237,428",100% bearish,of 2 ratings,$8.35
ESBK,$19.9399,1440609673302,"1,000",Not yet rated,NULL,N/A
CAPX,NULL,1440609673355,0,Not yet rated,NULL,N/A
ELTK,$1.15,1440609673517,"27,033",67% bearish,of 3 ratings,N/A
LONG,$16.43,1440609673546,"54,605",67% bullish,of 3 ratings,$15.75
EMCF,NULL,1440609673699,0,100% bearish,of 1 rating,N/A
EMMS,$1.13,1440609673883,"12,862",67% bullish,of 6 ratings,N/A
EMCI,$22.48,1440609673912,"7,743",Not yet rated,NULL,N/A
EMKR,$6.835,1440609673960,"52,729",75% bullish,of 4 ratings,$8.50
EMMSP,NULL,1440609673986,0,100% bearish,of 1 rating,N/A
ERS,$2.76,1440609674015,"3,300",Not yet rated,NULL,N/A
NYNY,$4.0915,1440609674119,"26,923",50% bullish,of 2 ratings,N/A
ENTA,$39.22,1440609674180,"62,724",50% bullish,of 2 ratings,$42
ECPG,$38.1675,1440609674214,"49,165",100% bullish,of 2 ratings,$52
WIRE,$30.79,1440609674313,"13,718",100% bearish,of 1 rating,$37
ENDP,$73.37,1440609674342,"578,219",50% bullish,of 6 ratings,$104
EIGI,$14.78,1440609674550,"368,895",67% bearish,of 3 ratings,$22.50
ELGX,$12.345,1440609674577,"201,971",75% bullish,of 4 ratings,$17
ECYT,$4.985,1440609674603,"116,469",83% bullish,of 6 ratings,$12
WATT,$5.98,1440609674742,"109,452",50% bullish,of 2 ratings,$13
EFOI,$17.47,1440609674791,"565,019",50% bullish,of 2 ratings,$20.50
ERII,$2.63,1440609674820,"47,806",80% bullish,of 5 ratings,$2.50
ENOC,$8.22,1440609674920,"72,988",75% bullish,of 4 ratings,$18
EXXI,$1.4068,1440609675058,"676,902",86% bullish,of 7 ratings,$3.50
ENG,$0.994,1440609675084,"38,053",100% bullish,of 3 ratings,N/A
ENFC,$17.82,1440609675164,800,Not yet rated,NULL,N/A
ESGR,$144.09,1440609675225,"17,775",100% bearish,of 1 rating,$185
ENPH,$4.4,1440609675251,"267,321",75% bullish,of 4 ratings,$11
ENTG,$13.29,1440609675330,"130,114",100% bearish,of 1 rating,$18
ENTL,$21.63,1440609675383,"7,040",Not yet rated,NULL,$28
ETRM,$0.2341,1440609675460,"447,562",69% bearish,of 35 ratings,$1.625
EBTC,$21,1440609675549,"1,704",Not yet rated,NULL,N/A
ENVI,$1.78,1440609675627,"1,680",67% bullish,of 3 ratings,N/A
EGT,$2.08,1440609675722,400,100% bullish,of 1 rating,N/A
EFSC,$23.5,1440609675791,"7,045",Not yet rated,NULL,$27
ENZY,$9.1,1440609675892,"2,470",67% bullish,of 3 ratings,$9.50
ENZN,$0.9675,1440609675932,"140,372",100% bullish,of 9 ratings,N/A
EPIQ,$12.93,1440609676027,"31,688",100% bearish,of 1 rating,$18
EPRS,$4.61,1440609676087,"33,253",82% bullish,of 11 ratings,$15
EPZM,$16.8,1440609676112,"68,350",60% bullish,of 5 ratings,$34
EQIX,$253.55,1440609676155,"196,992",75% bullish,of 4 ratings,$312.50
EQFN,NULL,1440609676253,0,100% bearish,of 1 rating,N/A
PLUS,$75.2175,1440609676335,"14,227",50% bullish,of 2 ratings,$88
EAC,$3.12,1440609676401,"7,211",100% bearish,of 1 rating,$8
ERIC,$9.54,1440609676426,"1,548,084",67% bullish,of 9 ratings,$12.20
ERIE,$80.85,1440609676670,"6,183",Not yet rated,NULL,$73
ESCA,$16.91,1440609676771,"5,182",100% bearish,of 1 rating,$22
ESCRP,$1.1801,1440609676865,"1,477",100% bearish,of 1 rating,N/A
ESMC,NULL,1440609676890,0,Not yet rated,NULL,N/A
ESCR,$0.1599,1440609676912,"2,922",50% bullish,of 2 ratings,N/A
ESSA,$12.68,1440609677046,"2,600",100% bearish,of 1 rating,N/A
ESPR,$50.71,1440609677227,"395,253",70% bearish,of 10 ratings,$123
ETSY,$12.68,1440609677277,"184,669",80% bullish,of 5 ratings,$16
EPIX,$5.23,1440609677312,"1,000",Not yet rated,NULL,N/A
ESSX,$0.3822,1440609677333,"10,338",50% bullish,of 2 ratings,N/A
ESND,$33.15,1440609677355,"39,411",100% bearish,of 2 ratings,$40
EEFT,$63.32,1440609677405,"64,255",100% bearish,of 1 rating,$67.50
CLWT,$2.56,1440609677433,500,100% bearish,of 1 rating,N/A
ESEA,$5.69,1440609677506,200,100% bullish,of 1 rating,$15
EVEP,$7.26,1440609677659,"159,342",50% bullish,of 2 ratings,$15
EVK,$3.61,1440609677717,"3,950",75% bearish,of 4 ratings,N/A
EVOK,$3.76,1440609678033,"45,184",100% bearish,of 1 rating,$13.375
EVLV,$2.08,1440609678059,"59,085",60% bullish,of 5 ratings,$6.50
EVOL,$5.82,1440609678090,"4,764",75% bullish,of 4 ratings,$10
EXEL,$5.25,1440609678111,"1,519,783",81% bullish,of 16 ratings,$6
EXA,$10.91,1440609678143,"3,943",100% bearish,of 1 rating,$13
EXFO,$2.7,1440609678163,"2,400",67% bearish,of 3 ratings,$3.95
EXAS,$19.83,1440609678195,"273,991",78% bullish,of 9 ratings,$31
EXPD,$48.17,1440609678463,"694,339",80% bullish,of 5 ratings,$52
EXPO,$41.7,1440609678511,"24,772",100% bearish,of 1 rating,$45.50
EXPE,$110.94,1440609678540,"505,862",64% bullish,of 11 ratings,$130
EXAC,$17.95,1440609678561,"6,016",100% bearish,of 1 rating,$22.50
EXLS,$35,1440609678592,"28,448",50% bullish,of 2 ratings,$41
ESRX,$81.365,1440609678764,"1,103,690",67% bearish,of 6 ratings,$101
EXLP,$17.995,1440609678819,"48,465",100% bearish,of 1 rating,$25
EXTR,$2.665,1440609678906,"192,715",80% bullish,of 5 ratings,$3
EZCH,$20.5,1440609678956,"36,400",75% bullish,of 8 ratings,$19.50
EYEG,$3.63,1440609678980,"22,055",Not yet rated,NULL,N/A
EYEGW,NULL,1440609679041,0,Not yet rated,NULL,N/A
EZPW,$5.89,1440609679122,"127,023",50% bullish,of 4 ratings,$7.50
FFIV,$120.08,1440609679191,"316,773",63% bullish,of 8 ratings,$132
FRP,$15.29,1440609679292,"56,758",100% bearish,of 1 rating,$18
FB,$84.325,1440609679362,"13,851,946",73% bullish,of 1066 ratings,$111
FCS,$12.97,1440609679438,"251,984",67% bearish,of 3 ratings,$17
FWM,$2.3701,1440609679532,"36,168",100% bearish,of 2 ratings,$3.20
FALC,$1.5949,1440609679567,"22,743",63% bearish,of 8 ratings,N/A
DAVE,$13.98,1440609679593,"4,037",100% bearish,of 1 rating,$15.50
FARM,$21.16,1440609679677,"10,619",100% bearish,of 1 rating,$35
FFKT,$26.12,1440609679735,"5,180",Not yet rated,NULL,$29
FATE,$6.2368,1440609679927,"15,375",50% bullish,of 2 ratings,$11
FAST,$37.75,1440609680028,"823,682",80% bullish,of 5 ratings,$45.50
FBSS,$15.51,1440609680108,300,Not yet rated,NULL,N/A
FMNB,$7.97,1440609680133,"1,850",Not yet rated,NULL,N/A
FARO,$36.98,1440609680159,"31,385",50% bullish,of 2 ratings,$48
FBRC,$21.88,1440609680188,"15,408",100% bearish,of 1 rating,$29
FDML,$8.29,1440609680287,"59,213",50% bullish,of 4 ratings,$14
FNHC,$21.54,1440609680421,"84,906",100% bearish,of 1 rating,$35
ONEQ,$179.14,1440609680531,"22,430",100% bullish,of 1 rating,N/A
FEIC,$73.28,1440609680642,"61,056",50% bullish,of 2 ratings,$95.50
FHCO,$1.3004,1440609680672,"21,926",50% bullish,of 4 ratings,N/A
FCSC,$5.31,1440609680698,"62,219",100% bearish,of 1 rating,$8.125
FGEN,$22.25,1440609680719,"88,014",100% bearish,of 1 rating,$39
FENX,$9.42,1440609680751,"46,958",100% bullish,of 1 rating,$14.25
LION,$18.55,1440609680886,"45,992",100% bullish,of 1 rating,$20
FDUS,$13.6,1440609680931,"33,055",50% bullish,of 2 ratings,$18
FRGI,$50.65,1440609681067,"38,089",50% bullish,of 2 ratings,$70
FSC,$6.12,1440609681200,"364,093",60% bullish,of 5 ratings,$8
FSCFL,$23.99,1440609681300,"2,570",Not yet rated,NULL,N/A
FSFR,$8.62,1440609681326,"35,335",100% bearish,of 1 rating,$11.50
FSAM,$8.16,1440609681392,"3,878",100% bearish,of 1 rating,$10.25
FITBI,$27.15,1440609681461,"4,145",Not yet rated,NULL,N/A
FITB,$18.76,1440609681490,"4,354,086",54% bullish,of 13 ratings,$22
FNSR,$15.19,1440609681589,"426,462",71% bullish,of 7 ratings,$24.50
FNGN,$31.72,1440609681652,"136,339",67% bullish,of 3 ratings,$47
FISI,$24.4,1440609681786,"3,091",100% bullish,of 2 ratings,$24.50
FNTC,NULL,1440609681864,0,Not yet rated,NULL,N/A
FNTCU,$10.15,1440609681890,10,Not yet rated,NULL,N/A
FNTCW,NULL,1440609681917,0,Not yet rated,NULL,N/A
FNJN,$1.59,1440609681942,"15,512",100% bearish,of 1 rating,$5
FBNC,$16.67,1440609682264,"1,676",100% bullish,of 1 rating,$20
FRBA,$6.05,1440609682292,"10,900",Not yet rated,NULL,$8
FBIZ,$44.02,1440609682321,"16,466",100% bearish,of 2 ratings,$52
FEYE,$36.93,1440609682424,"1,598,481",87% bullish,of 15 ratings,$55.50
FCVA,$4.6,1440609682468,845,Not yet rated,NULL,N/A
FCAP,$27.02,1440609682500,202,Not yet rated,NULL,N/A
BUSE,$6.31,1440609682525,"12,292",Not yet rated,NULL,$6.875
FNLC,$18.27,1440609682550,"3,893",100% bullish,of 1 rating,N/A
FCFS,$38.33,1440609682716,"98,122",100% bearish,of 3 ratings,$48
FCNCA,$230,1440609683034,"1,035",Not yet rated,NULL,N/A
FCBC,$17.06,1440609683097,"3,685",Not yet rated,NULL,$18
FCLF,NULL,1440609683127,0,Not yet rated,NULL,N/A
FCFP,$6.9,1440609683190,201,Not yet rated,NULL,N/A
FCCO,$11.81,1440609683228,"1,904",Not yet rated,NULL,$13.25
FBNK,$16.6,1440609683256,"13,385",100% bearish,of 1 rating,$17.50
FFNM,$6.37,1440609683359,200,Not yet rated,NULL,N/A
FFBC,$17.71,1440609683388,"53,415",67% bearish,of 3 ratings,$20.25
FFBCW,NULL,1440609683484,0,100% bearish,of 1 rating,N/A
FDEF,$37.0999,1440609683583,"12,902",Not yet rated,NULL,$38
FFIN,$29.79,1440609683615,"39,905",50% bullish,of 2 ratings,$31.75
FFWM,$20.5401,1440609683674,"11,474",Not yet rated,NULL,$24
THFF,$32.74,1440609683701,"3,516",Not yet rated,NULL,$35
INBK,$29.52,1440609683754,"5,380",50% bullish,of 2 ratings,$37
FFNW,$11.85,1440609683781,"18,599",Not yet rated,NULL,$14
FIBK,$26.06,1440609683999,"29,177",Not yet rated,NULL,$32
FRME,$25.3,1440609684107,"50,279",Not yet rated,NULL,$26.50
FMBH,NULL,1440609684132,0,Not yet rated,NULL,N/A
FNBC,$33.34,1440609684158,"11,652",Not yet rated,NULL,$40
FNFG,$8.62,1440609684290,"911,449",80% bullish,of 5 ratings,$9
FNWB,$11.72,1440609684319,"5,668",Not yet rated,NULL,N/A
FMBI,$16.86,1440609684344,"91,669",Not yet rated,NULL,$20
FSFG,NULL,1440609684373,0,Not yet rated,NULL,N/A
FSGI,$2.47,1440609684424,"6,172",Not yet rated,NULL,N/A
FBZ,$9.74,1440609684585,200,Not yet rated,NULL,N/A
FSBK,$7.49,1440609684665,"3,308",100% bullish,of 1 rating,N/A
BICK,$18.78,1440609684691,300,100% bullish,of 1 rating,N/A
FSLR,$44.34,1440609684712,"623,346",74% bullish,of 39 ratings,$65
FCAN,$22.9399,1440609684883,225,Not yet rated,NULL,N/A
FTCS,$35.193,1440609684911,"8,653",100% bearish,of 1 rating,N/A
FCA,$18.6599,1440609684941,565,Not yet rated,NULL,N/A
FV,$22.377,1440609685044,"1,363,601",100% bearish,of 1 rating,N/A
IFV,$17.3474,1440609685098,"590,375",100% bearish,of 1 rating,N/A
FTSM,$59.8707,1440609685146,"4,051",100% bearish,of 1 rating,N/A
TDIV,$23.51,1440609685236,"166,287",100% bearish,of 1 rating,N/A
FEMB,$41.88,1440609685261,18,Not yet rated,NULL,N/A
FEUZ,$31.2,1440609685393,"10,810",Not yet rated,NULL,N/A
FGM,$35.1713,1440609685480,"26,924",Not yet rated,NULL,N/A
FTGC,$21.6504,1440609685509,"16,557",Not yet rated,NULL,N/A
MDIV,$18.71,1440609685538,"161,684",Not yet rated,NULL,N/A
FTHI,$18.68,1440609685640,"8,700",Not yet rated,NULL,N/A
HYLS,$48.88,1440609685671,"13,157",100% bearish,of 1 rating,N/A
FPXI,NULL,1440609685771,0,Not yet rated,NULL,N/A
CU,$11.792,1440609686012,"5,645",100% bearish,of 1 rating,N/A
SKYY,$27.718,1440609686048,"31,332",100% bullish,of 1 rating,N/A
FHK,$32.01,1440609686078,"27,096",Not yet rated,NULL,N/A
FTLB,NULL,1440609686143,0,100% bearish,of 1 rating,N/A
FJP,$45.99,1440609686175,"15,123",Not yet rated,NULL,N/A
YDIV,NULL,1440609686199,0,Not yet rated,NULL,N/A
FMB,NULL,1440609686277,0,Not yet rated,NULL,N/A
PLTM,$6.14,1440609686302,"6,307",100% bearish,of 1 rating,N/A
LMBS,$50.57,1440609686382,100,Not yet rated,NULL,N/A
QCLN,$13.98,1440609686515,"15,252",Not yet rated,NULL,N/A
CIBR,$17.38,1440609686646,"37,111",Not yet rated,NULL,N/A
QABA,$36.01,1440609686671,"7,279",100% bearish,of 1 rating,N/A
FONE,$33.7899,1440609686724,100,Not yet rated,NULL,N/A
CARZ,$33.5713,1440609686813,"2,698",100% bearish,of 1 rating,N/A
RDVY,$20.2497,1440609686853,"4,448",Not yet rated,NULL,N/A
GRID,NULL,1440609686881,0,100% bearish,of 1 rating,N/A
QTEC,$37.905,1440609686984,"13,996",Not yet rated,NULL,N/A
QQXT,$38.73,1440609687011,"19,236",Not yet rated,NULL,N/A
QINC,$19.552,1440609687164,"4,121",Not yet rated,NULL,N/A
AIRR,$15.6,1440609687193,"1,328",100% bearish,of 1 rating,N/A
FTSL,$48.4205,1440609687214,"54,575",100% bearish,of 1 rating,N/A
QQEW,$39.8699,1440609687251,"100,988",Not yet rated,NULL,N/A
FKO,$22.59,1440609687272,300,Not yet rated,NULL,N/A
FDIV,$46.42,1440609687353,934,100% bearish,of 1 rating,N/A
FSZ,$38.7454,1440609687425,"34,424",Not yet rated,NULL,N/A
TUSA,$23.8099,1440609687643,"5,938",Not yet rated,NULL,N/A
FKU,$40.5718,1440609687671,"15,087",Not yet rated,NULL,N/A
FTW,NULL,1440609687700,0,Not yet rated,NULL,N/A
FUNC,$8.11,1440609687801,300,Not yet rated,NULL,N/A
FMER,$17.31,1440609687832,"533,315",50% bullish,of 2 ratings,$20
FSV,$30.86,1440609687883,"2,900",Not yet rated,NULL,$33.60
FIVE,$35.21,1440609687934,"214,293",75% bearish,of 4 ratings,$44
FISV,$81.715,1440609687960,"593,686",100% bearish,of 3 ratings,$90
SVVC,$9.325,1440609688016,"7,328",50% bullish,of 2 ratings,$26
FPRX,$17.66,1440609688091,"167,151",50% bullish,of 2 ratings,$35
FIVN,$4.03,1440609688189,"102,900",100% bullish,of 1 rating,$8.50
FLKS,$12.46,1440609688220,"18,591",50% bullish,of 2 ratings,$27
FLML,$20.96,1440609688269,"45,757",50% bullish,of 2 ratings,$30
FLXN,$22.8,1440609688323,"33,199",100% bearish,of 1 rating,$40
SKOR,$50.2,1440609688489,100,Not yet rated,NULL,N/A
MBSD,$24.9,1440609688515,700,Not yet rated,NULL,N/A
FLXS,$30.4,1440609688651,"7,691",100% bearish,of 2 ratings,N/A
FLDM,$11.4811,1440609688683,"136,899",67% bearish,of 3 ratings,$21.50
FLIR,$27.2,1440609688714,"241,497",100% bearish,of 1 rating,$38.50
FLEX,$10.09,1440609688786,"948,912",63% bullish,of 8 ratings,$12
FOMX,$9.4,1440609688818,"48,148",50% bullish,of 2 ratings,$23.50
FFIC,$19.71,1440609688865,"44,013",Not yet rated,NULL,$21
FOGO,$18.08,1440609688920,"24,053",50% bullish,of 2 ratings,$25.50
FONR,$9.45,1440609688948,"23,699",100% bullish,of 1 rating,N/A
FES,$0.92,1440609689208,"19,749",50% bullish,of 2 ratings,$1
FTNT,$41.3,1440609689389,"370,473",80% bullish,of 10 ratings,$52
FORR,$31.01,1440609689413,"15,685",Not yet rated,NULL,N/A
FORM,$6.08,1440609689439,"98,676",67% bullish,of 3 ratings,$10.50
FORTY,$30.979,1440609689467,731,100% bearish,of 1 rating,N/A
FBIO,$2.455,1440609689496,"48,070",83% bullish,of 6 ratings,N/A
FORD,$1.64,1440609689599,"7,296,180",67% bullish,of 3 ratings,N/A
FWRD,$45.03,1440609689624,"37,560",100% bearish,of 1 rating,$50
FWP,$25.305,1440609689648,"30,003",100% bearish,of 1 rating,$45
FMI,$20.54,1440609689821,"52,886",100% bearish,of 2 ratings,$27.50
FXCB,$17.01,1440609689885,"4,628",Not yet rated,NULL,$19
FOSL,$57.65,1440609689952,"355,061",60% bearish,of 5 ratings,$80
FOXF,$15.19,1440609689986,"27,927",100% bearish,of 1 rating,$19
FRAN,$10.66,1440609690007,"270,352",50% bullish,of 4 ratings,$15
FRED,$12.77,1440609690036,"65,487",50% bullish,of 2 ratings,$16.50
FELE,$27.84,1440609690083,"49,131",50% bullish,of 4 ratings,$33
FREE,$0.346,1440609690259,"204,322",92% bullish,of 12 ratings,N/A
FEIM,$10.51,1440609690337,"2,086",100% bearish,of 1 rating,N/A
FRPT,$12.119,1440609690365,"121,603",67% bearish,of 3 ratings,$23.50
RAIL,$19.35,1440609690390,"39,093",100% bearish,of 1 rating,$24.50
FTRPR,$96.03,1440609690419,"47,394",100% bearish,of 1 rating,N/A
FTR,$4.77,1440609690524,"9,846,073",78% bullish,of 27 ratings,$6.25
FRPH,$30.52,1440609690694,"1,039",100% bearish,of 1 rating,N/A
FTEK,$2.04,1440609690723,"51,918",75% bullish,of 4 ratings,N/A
FSYS,$6.1347,1440609690749,"19,092",67% bullish,of 3 ratings,$10
FTD,$28.79,1440609690826,"28,223",100% bearish,of 1 rating,$40
FULL,$3.07,1440609690878,"15,509",67% bearish,of 3 ratings,$4.25
FSBW,$22.9999,1440609690908,438,Not yet rated,NULL,N/A
FCEL,$0.7201,1440609690958,"377,725",88% bullish,of 41 ratings,$2.65
FULLL,$25.15,1440609691042,272,Not yet rated,NULL,N/A
FLL,$1.47,1440609691179,"13,835",75% bullish,of 4 ratings,$3.50
FULT,$11.7235,1440609691281,"336,958",100% bearish,of 1 rating,$13
FSNN,NULL,1440609691375,0,67% bullish,of 3 ratings,$6
FXEN,$0.7899,1440609691437,"26,460",75% bullish,of 4 ratings,$1.10
GK,$66.11,1440609691474,"30,984",Not yet rated,NULL,$78
FXENP,$15.86,1440609691499,560,100% bearish,of 1 rating,N/A
FFHL,$0.883,1440609691529,"1,100",50% bullish,of 4 ratings,N/A
WILC,$4.854,1440609691631,"5,000",100% bullish,of 2 ratings,N/A
GAIA,$5.85,1440609691656,"4,912",50% bullish,of 2 ratings,$8.50
GLPG,$60.01,1440609691685,"42,739",100% bullish,of 1 rating,$75
GALTU,NULL,1440609691868,0,100% bearish,of 1 rating,N/A
GALT,$1.775,1440609691894,"27,600",80% bullish,of 5 ratings,N/A
GALTW,NULL,1440609691928,0,100% bullish,of 1 rating,N/A
GALE,$1.485,1440609691952,"905,162",89% bullish,of 47 ratings,$4
GLMD,$8.56,1440609691977,"41,175",67% bullish,of 3 ratings,$20.50
GLPI,$31.06,1440609692192,"222,289",100% bearish,of 1 rating,$37.50
GRMN,$37.03,1440609692267,"327,231",50% bullish,of 6 ratings,$46.50
GGACR,NULL,1440609692319,0,100% bullish,of 1 rating,N/A
GPIC,$10.6,1440609692359,159,100% bearish,of 1 rating,N/A
GGACW,$0.11,1440609692392,"17,010",Not yet rated,NULL,N/A
GGAC,$9.85,1440609692413,189,100% bearish,of 1 rating,N/A
GARS,$14.0976,1440609692444,"19,124",Not yet rated,NULL,$16
GGACU,$10.02,1440609692490,872,Not yet rated,NULL,N/A
GENC,$9.49,1440609692638,220,100% bearish,of 1 rating,N/A
GFN,$3.53,1440609692744,"9,702",100% bearish,of 2 ratings,$8
GNCMA,$16.65,1440609692773,"53,393",100% bearish,of 1 rating,$12
GFNCP,NULL,1440609692886,0,Not yet rated,NULL,N/A
GFNSL,$25.63,1440609692929,"1,000",Not yet rated,NULL,N/A
GNCA,$11.86,1440609693016,"31,441",100% bearish,of 1 rating,$20
GENE,$2.03,1440609693045,"59,953",100% bullish,of 12 ratings,N/A
GHDX,$24.49,1440609693073,"39,825",50% bullish,of 2 ratings,$30
GNMK,$9.21,1440609693151,"51,609",67% bullish,of 6 ratings,$14
GNTX,$15,1440609693204,"917,244",Not yet rated,NULL,$20
THRM,$41.84,1440609693229,"245,522",75% bearish,of 4 ratings,$55.50
GNVC,$2.3,1440609693294,"13,408",90% bullish,of 10 ratings,$8.50
GTWN,NULL,1440609693321,0,Not yet rated,NULL,N/A
GEOS,$13.94,1440609693370,"50,373",100% bearish,of 3 ratings,$21
GABC,$28.87,1440609693452,"4,755",Not yet rated,NULL,$31
GERN,$2.92,1440609693610,"978,900",88% bullish,of 16 ratings,$5.25
GEVO,$2.23,1440609693639,"328,236",75% bullish,of 12 ratings,$5
GIII,$63.79,1440609693747,"48,431",67% bullish,of 3 ratings,$75
GIGA,$1.44,1440609693801,"2,268",100% bearish,of 1 rating,N/A
ROCK,$16.18,1440609693844,"24,843",80% bullish,of 5 ratings,$24
GILD,$103.684,1440609693905,"4,197,146",91% bullish,of 87 ratings,$129
GBCI,$24.35,1440609693934,"205,103",50% bullish,of 2 ratings,$31
GIGM,$0.5602,1440609693961,"4,000",100% bullish,of 2 ratings,N/A
GILT,$4.19,1440609694089,"1,599",50% bullish,of 2 ratings,N/A
GLAD,$8.1498,1440609694114,"55,825",50% bullish,of 2 ratings,$8.75
GLADO,$25.4,1440609694142,725,Not yet rated,NULL,N/A
GOOD,$14.21,1440609694173,"53,684",Not yet rated,NULL,$19
GOODN,$25.27,1440609694275,300,Not yet rated,NULL,N/A
GOODO,$25,1440609694410,400,Not yet rated,NULL,N/A
GOODP,$25.25,1440609694465,15,Not yet rated,NULL,N/A
GAIN,$7.25,1440609694542,"87,749",100% bullish,of 2 ratings,$8.25
GAINO,$25.1301,1440609694598,"1,837",Not yet rated,NULL,N/A
GAINN,$25.19,1440609694628,"16,589",Not yet rated,NULL,N/A
LAND,$9.1,1440609694725,"7,884",50% bullish,of 2 ratings,$13.75
GAINP,$26,1440609694755,"2,644",Not yet rated,NULL,N/A
GLBZ,$11.0101,1440609694913,150,Not yet rated,NULL,N/A
ENT,$11.05,1440609695044,"233,323",100% bearish,of 1 rating,$18
GPACU,NULL,1440609695076,0,Not yet rated,NULL,N/A
GDEF,NULL,1440609695101,0,Not yet rated,NULL,N/A
GBLI,$26.77,1440609695132,"1,901",Not yet rated,NULL,N/A
GBT,$39.505,1440609695177,"102,230",100% bearish,of 1 rating,N/A
GSOL,$8.2,1440609695238,"10,317",100% bearish,of 1 rating,N/A
SOCL,$16.6543,1440609695493,"27,235",100% bullish,of 2 ratings,N/A
ALTY,NULL,1440609695533,0,Not yet rated,NULL,N/A
YLCO,NULL,1440609695565,0,Not yet rated,NULL,N/A
QQQC,$18.0328,1440609695585,"3,390",100% bearish,of 1 rating,N/A
ACTX,$12.5599,1440609695614,100,100% bullish,of 1 rating,N/A
SRET,NULL,1440609695664,0,Not yet rated,NULL,N/A
GAI,$5.8,1440609695743,946,50% bullish,of 2 ratings,N/A
GBIM,$2.06,1440609695816,"19,403",50% bullish,of 2 ratings,N/A
GSM,$12.305,1440609695846,"256,571",50% bullish,of 2 ratings,$23
GOGO,$14.76,1440609696001,"304,002",80% bullish,of 5 ratings,$25
GLYC,$6.69,1440609696027,"10,117",50% bullish,of 2 ratings,$14
GLBS,$1.0101,1440609696048,"2,500",67% bullish,of 3 ratings,N/A
GLUU,$4.111,1440609696078,"770,685",92% bullish,of 26 ratings,$9
GLRI,$1.02,1440609696103,"4,100",100% bearish,of 1 rating,$4.25
GLNG,$33.5454,1440609696308,"306,312",83% bullish,of 6 ratings,$58
GMLP,$17.33,1440609696334,"61,689",50% bullish,of 4 ratings,$32.50
GDEN,$9.02,1440609696464,"8,656",50% bullish,of 2 ratings,N/A
GLDC,NULL,1440609696495,0,50% bullish,of 2 ratings,N/A
GOOG,$607.2095,1440609696523,"937,594",89% bullish,of 70 ratings,$825
GOGL,$2.54,1440609696555,"158,503",75% bullish,of 4 ratings,$5
GBDC,$16.45,1440609696580,"92,679",Not yet rated,NULL,$17.75
GTIM,$6.34,1440609696655,"18,441",Not yet rated,NULL,$11.50
GPRO,$44.38,1440609696821,"3,863,051",78% bullish,of 58 ratings,$72
GOOGL,$638.06,1440609696857,"931,053",88% bullish,of 1080 ratings,$749
GPIA,NULL,1440609696990,0,Not yet rated,NULL,N/A
GPIAU,NULL,1440609697024,0,Not yet rated,NULL,N/A
LOPE,$36.185,1440609697046,"62,789",100% bearish,of 2 ratings,$50
GMAN,$4.06,1440609697095,"68,508",60% bullish,of 5 ratings,$8.50
GPIAW,NULL,1440609697119,0,Not yet rated,NULL,N/A
GBSNU,NULL,1440609697246,0,NULL,NULL,NULL
GRVY,$3.25,1440609697295,550,50% bullish,of 2 ratings,N/A
GBSN,$0.3488,1440609697339,"5,575,266",100% bearish,of 1 rating,$8.25
GLDD,$5.18,1440609697399,"78,921",100% bearish,of 4 ratings,$7.75
GNBC,$11.01,1440609697531,"6,302",100% bearish,of 1 rating,$16.50
GSBC,$38.87,1440609697557,"3,284",100% bullish,of 1 rating,$44
GPP,$13.215,1440609697588,"31,460",Not yet rated,NULL,$20.50
GRBK,$12.18,1440609697686,"64,740",77% bullish,of 13 ratings,N/A
GCBC,$28.5,1440609697782,14,100% bullish,of 1 rating,N/A
GPRE,$17.88,1440609697812,"164,731",67% bullish,of 6 ratings,$28.50
GLRE,$23.57,1440609697851,"40,828",50% bullish,of 2 ratings,$41
GRFS,$30.23,1440609697952,"45,429",50% bullish,of 2 ratings,$35
GRIF,$30.75,1440609697979,300,100% bearish,of 1 rating,N/A
GRPN,$4.06,1440609698006,"3,507,857",61% bullish,of 71 ratings,$6.75
GGAL,$18,1440609698203,"82,148",80% bullish,of 5 ratings,$40
GSIT,$4.7,1440609698254,"2,203",100% bearish,of 1 rating,N/A
OMAB,$38,1440609698283,"19,135",100% bullish,of 1 rating,$44
GSIG,$12.49,1440609698304,"34,270",100% bearish,of 2 ratings,N/A
GTXI,$0.7953,1440609698437,"10,276",100% bullish,of 5 ratings,$.75
GSVC,$8.2353,1440609698467,"13,801",50% bullish,of 2 ratings,$14.50
GBNK,$15.31,1440609698496,"6,810",100% bearish,of 1 rating,$18
GUID,$6.78,1440609698599,"40,299",100% bearish,of 3 ratings,$10
GIFI,$11.14,1440609698730,"22,934",100% bearish,of 1 rating,$16
GULTU,$0.3,1440609698758,"60,800",100% bearish,of 1 rating,N/A
GURE,$1.59,1440609698806,"10,878",88% bullish,of 8 ratings,N/A
GFED,$14.61,1440609698832,500,Not yet rated,NULL,$17
GYRO,NULL,1440609698990,0,100% bearish,of 1 rating,N/A
GWGH,$7.1101,1440609699018,"1,400",100% bearish,of 1 rating,$15.05
GWPH,$100.4,1440609699039,"41,426",78% bullish,of 9 ratings,$148.50
GPOR,$32.51,1440609699060,"503,491",75% bullish,of 4 ratings,$55
HEES,$17.02,1440609699193,"154,310",67% bearish,of 3 ratings,$31
HALL,$11,1440609699261,"7,591",Not yet rated,NULL,N/A
HLG,NULL,1440609699292,0,100% bearish,of 1 rating,N/A
HALO,$16.69,1440609699368,"495,302",67% bullish,of 3 ratings,$22.50
HMPR,$1.81,1440609699400,"22,364",100% bullish,of 1 rating,N/A
HNRG,$7.42,1440609699426,"77,563",100% bearish,of 1 rating,$10
HBK,$13.74,1440609699499,304,50% bullish,of 2 ratings,N/A
HNH,$26,1440609699724,944,100% bullish,of 1 rating,N/A
HBHCL,$24.3899,1440609699761,"15,461",Not yet rated,NULL,N/A
HBHC,$25.855,1440609699792,"115,611",50% bullish,of 2 ratings,$30
HNSN,$0.4997,1440609699813,"22,874",88% bullish,of 8 ratings,$.40
HAFC,$23.565,1440609699849,"37,723",100% bullish,of 2 ratings,$28.50
HQCL,$11.075,1440609699943,"41,890",67% bullish,of 3 ratings,$14
HLIT,$5.52,1440609699971,"117,213",100% bearish,of 1 rating,$6.50
HDNG,$9.51,1440609700002,"6,589",50% bullish,of 4 ratings,N/A
HRMN,NULL,1440609700099,0,Not yet rated,NULL,N/A
HRMNW,NULL,1440609700248,0,Not yet rated,NULL,N/A
HRMNU,NULL,1440609700302,0,Not yet rated,NULL,N/A
TINY,$2.492,1440609700327,"3,650",50% bullish,of 2 ratings,$5.26
HCAP,$12.131,1440609700397,"2,964",50% bullish,of 2 ratings,$15
HBIO,$4.42,1440609700537,"25,133",Not yet rated,NULL,$10
HART,$0.9,1440609700565,"64,105",100% bearish,of 1 rating,N/A
HAS,$71.8099,1440609700605,"423,248",63% bullish,of 8 ratings,$84.50
HA,$22.23,1440609700669,"205,716",67% bullish,of 9 ratings,$27
HCAPL,$25.3,1440609700743,"2,080",Not yet rated,NULL,N/A
HWKN,$35.47,1440609700802,"10,591",Not yet rated,NULL,N/A
HCOM,$21.9,1440609700976,"6,877",100% bearish,of 1 rating,$28
HWBK,NULL,1440609701001,0,100% bearish,of 1 rating,N/A
HAYN,$35.65,1440609701047,"19,791",100% bearish,of 1 rating,$59
HIIQ,$4.35,1440609701071,"3,746",50% bullish,of 2 ratings,$7
HDS,$31.35,1440609701096,"1,194,236",100% bearish,of 2 ratings,$39.50
HCSG,$32.86,1440609701287,"63,630",50% bullish,of 4 ratings,$35
HQY,$28.03,1440609701455,"50,872",67% bullish,of 3 ratings,$31
HSTM,$24.08,1440609701495,"16,588",50% bullish,of 2 ratings,$33.75
HWAY,$11.915,1440609701517,"74,402",100% bearish,of 1 rating,$15
HTLD,$20.04,1440609701538,"115,999",Not yet rated,NULL,$22.50
HTWR,$81.19,1440609701575,"49,586",50% bullish,of 2 ratings,$103
HTLF,$35.32,1440609701596,"12,341",100% bullish,of 1 rating,$39.50
HTBX,$5.048,1440609701629,"14,966",50% bullish,of 2 ratings,$15.50
HSII,$19.64,1440609701935,"35,654",100% bullish,of 3 ratings,$25
HELE,$82.68,1440609701961,"69,060",67% bearish,of 3 ratings,$100
HMTV,$13.27,1440609702004,"26,058",100% bearish,of 1 rating,$16
HMNY,$2.27,1440609702033,200,100% bearish,of 1 rating,N/A
HERO,NULL,1440609702089,0,NULL,NULL,NULL
HSIC,$133.99,1440609702163,"99,774",83% bullish,of 6 ratings,$146
HNNA,$24.43,1440609702223,"4,582",Not yet rated,NULL,N/A
HCACU,$9.9505,1440609702244,"2,000",Not yet rated,NULL,N/A
HTBK,$10.65,1440609702322,"11,991",Not yet rated,NULL,$12
HFWA,$17.36,1440609702378,"7,246",100% bullish,of 1 rating,$20
HEOP,$7.61,1440609702511,"2,892",Not yet rated,NULL,$8.50
MLHR,$26.45,1440609702575,"89,234",50% bullish,of 2 ratings,$33.50
HRTX,$31.975,1440609702640,"260,090",67% bullish,of 6 ratings,$41
HSKA,$32.75,1440609702704,"10,309",100% bearish,of 1 rating,$38
HCCI,$10.83,1440609702729,"14,913",100% bearish,of 1 rating,$16.50
HIBB,$37.83,1440609702894,"199,094",100% bearish,of 1 rating,$46.50
HFFC,$15.85,1440609702950,"2,540",Not yet rated,NULL,N/A
HPJ,$2.15,1440609703052,"17,899",75% bullish,of 4 ratings,$12.43
HIHO,$3.8326,1440609703078,"10,231",Not yet rated,NULL,N/A
HIMX,$6.31,1440609703108,"420,046",86% bullish,of 21 ratings,$8.50
HMNF,$11.14,1440609703135,477,Not yet rated,NULL,N/A
HIFS,$115.76,1440609703208,"1,082",Not yet rated,NULL,N/A
HSGX,$5.62,1440609703267,"1,300",100% bearish,of 1 rating,$17
HMSY,$9.77,1440609703292,"542,603",67% bullish,of 3 ratings,$19.35
HOLX,$37.94,1440609703426,"831,005",67% bullish,of 3 ratings,$42
HBCP,$24.35,1440609703556,"2,047",Not yet rated,NULL,$29
HOLI,$16.76,1440609703585,"115,061",50% bullish,of 4 ratings,$27
HOMB,$37,1440609703694,"74,810",Not yet rated,NULL,$42
HFBL,$21.54,1440609703755,200,Not yet rated,NULL,N/A
HTBI,$17.97,1440609703824,"12,633",67% bullish,of 3 ratings,$18.625
HMIN,$26.41,1440609703853,"59,714",100% bearish,of 2 ratings,$35
AWAY,$26.89,1440609703880,"220,228",67% bullish,of 3 ratings,$36
HMST,$21.65,1440609703911,"57,227",100% bullish,of 2 ratings,$27
HKTV,$4.43,1440609703962,"23,145",100% bearish,of 1 rating,N/A
CETC,$0.69,1440609704013,"34,152",86% bullish,of 7 ratings,N/A
HBNC,$22.705,1440609704143,"8,178",100% bullish,of 1 rating,$27
HOFT,$22.97,1440609704177,"10,574",100% bearish,of 1 rating,N/A
HZNP,$27.99,1440609704275,"585,755",85% bullish,of 20 ratings,$40
HRZN,$10.08,1440609704304,"30,515",50% bullish,of 2 ratings,$14.25
HFBC,$10.9699,1440609704329,"4,117",Not yet rated,NULL,N/A
HDP,$23.06,1440609704551,"176,891",67% bearish,of 3 ratings,$30.50
ZINC,$6.99,1440609704599,"195,532",100% bearish,of 1 rating,$17
HMHC,$21.935,1440609704823,"625,225",Not yet rated,NULL,$27
HOVNP,$4.45,1440609704850,"1,300",100% bearish,of 1 rating,N/A
HSNI,$60.23,1440609704877,"81,388",Not yet rated,NULL,$80
HBMD,$14.41,1440609704898,100,100% bearish,of 1 rating,N/A
HWCC,$7.2,1440609704934,"20,559",100% bearish,of 1 rating,$9
HUBG,$37.01,1440609705040,"24,080",100% bearish,of 1 rating,$43
HTGM,$5.555,1440609705074,"5,911",100% bearish,of 1 rating,$19.50
HCBK,$8.955,1440609705329,"835,384",83% bullish,of 6 ratings,$8.61
HBAN,$10.325,1440609705355,"3,036,833",76% bullish,of 17 ratings,$12.29
HSON,$2.53,1440609705386,"4,003",100% bearish,of 1 rating,$5
HDSN,$3.02,1440609705412,"4,689",100% bullish,of 1 rating,$6.25
HBANP,$1350,1440609705483,25,100% bearish,of 1 rating,N/A
HURN,$71.995,1440609705573,"75,284",50% bullish,of 2 ratings,$80
HURC,$28.87,1440609705623,"3,300",100% bearish,of 1 rating,N/A
HBP,$3.06,1440609705651,"6,673",100% bullish,of 1 rating,N/A
HTCH,$1.43,1440609705728,"43,008",100% bearish,of 1 rating,$3.50
HDRA,NULL,1440609705786,0,Not yet rated,NULL,N/A
HDRAR,NULL,1440609705859,0,Not yet rated,NULL,N/A
HDRAU,NULL,1440609705892,0,Not yet rated,NULL,N/A
HYGS,$7.75,1440609705986,"14,345",50% bullish,of 2 ratings,$13
HDRAW,NULL,1440609706012,0,Not yet rated,NULL,N/A
IDSY,$3.7002,1440609706147,"75,949",100% bearish,of 1 rating,$7
IKGH,$1.5084,1440609706294,"8,072",75% bullish,of 4 ratings,N/A
ICAD,$3.37,1440609706323,"65,130",50% bullish,of 2 ratings,$7.25
IACI,$67.425,1440609706348,"284,024",75% bullish,of 4 ratings,$90
IBKC,$57.74,1440609706426,"66,738",100% bullish,of 1 rating,$70
IEP,$68.1653,1440609706507,"33,625",75% bullish,of 4 ratings,$99
ICUI,$110.79,1440609706575,"18,104",Not yet rated,NULL,$122
ICON,$12.45,1440609706605,"350,513",50% bullish,of 2 ratings,$18.50
ICLR,$76.6201,1440609706669,"194,156",100% bearish,of 3 ratings,$85
IPWR,$7.1801,1440609706805,"8,589",100% bullish,of 1 rating,$15
IDRA,$2.62,1440609706975,"450,162",89% bullish,of 9 ratings,$6.50
ICFI,$34,1440609707002,"21,939",50% bullish,of 2 ratings,$48.50
INVE,$4.2,1440609707031,"13,738",75% bullish,of 4 ratings,$4
IDXX,$70.385,1440609707132,"134,438",100% bearish,of 1 rating,$77
DSKY,$10.5695,1440609707174,"66,622",67% bullish,of 6 ratings,$11.50
IROQ,$16.761,1440609707263,"1,050",100% bullish,of 1 rating,N/A
IRG,$4.55,1440609707327,"16,941",100% bearish,of 1 rating,$4.50
KANG,$14.73,1440609707392,"208,176",50% bullish,of 2 ratings,$22.55
RXDX,$12.36,1440609707455,"44,957",100% bullish,of 1 rating,$20
IIVI,$16.885,1440609707488,"59,184",100% bearish,of 1 rating,$22
IKAN,$2.725,1440609707510,"28,285",83% bullish,of 6 ratings,$5
IKNX,$11.95,1440609707641,100,100% bearish,of 1 rating,N/A
ISNS,$3.96,1440609707672,"6,480",50% bullish,of 2 ratings,N/A
ILMN,$188.88,1440609707693,"1,164,789",80% bullish,of 5 ratings,$240
IMMR,$11.66,1440609707821,"37,428",80% bullish,of 5 ratings,$15.50
ICCC,$7.66,1440609707924,"7,043",100% bullish,of 1 rating,N/A
IMGN,$13.16,1440609708051,"376,748",75% bullish,of 4 ratings,$17.50
IMNP,$1.14,1440609708076,"92,026",50% bullish,of 2 ratings,$6
IPXL,$42.215,1440609708159,"180,938",67% bullish,of 3 ratings,$46.50
IMDZ,$14.41,1440609708260,"49,296",100% bearish,of 1 rating,$33
IMMY,$7.29,1440609708288,"6,802",100% bearish,of 1 rating,$11
INCR,$41.01,1440609708312,"64,065",50% bullish,of 2 ratings,$53
IMMU,$1.8501,1440609708340,"232,533",86% bullish,of 7 ratings,$2
INDB,$43.53,1440609708466,"21,257",Not yet rated,NULL,$44
IBCP,$13.95,1440609708569,"32,366",100% bullish,of 1 rating,$14.50
INCY,$102.46,1440609708595,"331,885",50% bullish,of 6 ratings,$125.50
IDSA,$3.35,1440609708727,"5,156",Not yet rated,NULL,N/A
SAAS,$7.26,1440609708754,"114,715",50% bullish,of 2 ratings,$15
IBTX,$38.46,1440609708786,"17,730",100% bullish,of 2 ratings,$47.25
INFN,$20.56,1440609708812,"1,142,103",71% bullish,of 7 ratings,$28
INFI,$8.59,1440609708940,"194,581",50% bullish,of 4 ratings,$18
III,$3.975,1440609709038,"7,420",57% bullish,of 7 ratings,$6
IPCC,$77.77,1440609709063,"5,156",Not yet rated,NULL,$77.50
IFON,$1.22,1440609709092,"9,680",75% bullish,of 4 ratings,N/A
INWK,$6.86,1440609709230,"41,998",50% bullish,of 2 ratings,$10
IMKTA,$50.895,1440609709277,"28,025",100% bearish,of 1 rating,N/A
IPHS,$45.86,1440609709420,"31,787",100% bearish,of 1 rating,$60
INNL,$12.4,1440609709450,"1,365",100% bearish,of 1 rating,$16.50
INOD,$2.39,1440609709490,"10,620",100% bearish,of 1 rating,N/A
IOSP,$46.97,1440609709619,"118,564",100% bearish,of 1 rating,N/A
ISSC,$2.88,1440609709649,"3,438",67% bearish,of 3 ratings,N/A
INGN,$45.43,1440609709782,"56,482",100% bearish,of 1 rating,$50.50
INO,$6.5,1440609709976,"360,501",89% bullish,of 18 ratings,$20
ITEK,$11.191,1440609710004,"282,789",100% bearish,of 3 ratings,$20
NSIT,$25.36,1440609710025,"68,080",50% bullish,of 2 ratings,N/A
INOV,$20.55,1440609710054,"190,621",100% bearish,of 1 rating,$33
ISIG,$2.6,1440609710192,"4,700",100% bearish,of 1 rating,N/A
PODD,$28.48,1440609710214,"110,559",67% bearish,of 3 ratings,$35
IIIN,$17.17,1440609710243,"24,763",100% bearish,of 2 ratings,N/A
INSM,$22.92,1440609710290,"137,883",71% bullish,of 7 ratings,$31.50
INSY,$31.6659,1440609710472,"160,458",75% bullish,of 4 ratings,$48
IART,$58.39,1440609710546,"155,587",100% bearish,of 1 rating,$71.50
NTEC,$5.51,1440609710571,"27,399",100% bearish,of 1 rating,N/A
IESC,$7.25,1440609710647,"1,493",100% bearish,of 1 rating,N/A
IDTI,$17.17,1440609710705,"673,070",60% bullish,of 5 ratings,$25
INTC,$26.56,1440609710776,"12,766,453",82% bullish,of 238 ratings,$36
ISSI,$21.78,1440609710876,"110,475",67% bullish,of 3 ratings,$19.75
IQNT,$17.8201,1440609710974,"63,478",86% bullish,of 7 ratings,$20
IPAR,$25.4,1440609711015,"15,479",67% bullish,of 3 ratings,$38
IBKR,$36.91,1440609711077,"179,029",100% bullish,of 1 rating,N/A
ICPT,$172.965,1440609711157,"129,018",70% bullish,of 10 ratings,$359.50
ININ,$34.735,1440609711218,"22,567",67% bearish,of 3 ratings,$57
IPCI,$2.1,1440609711244,"42,893",67% bullish,of 6 ratings,$8
ICLD,$1.77,1440609711306,"83,628",75% bullish,of 4 ratings,N/A
ICLDW,NULL,1440609711331,0,100% bearish,of 1 rating,N/A
IDCC,$47.23,1440609711463,"70,357",80% bullish,of 5 ratings,$63
TILE,$23.475,1440609711488,"190,937",100% bearish,of 3 ratings,$27
IMI,$2,1440609711537,"100,135",67% bullish,of 3 ratings,$2.22
INAP,$7.82,1440609711669,"59,204",75% bullish,of 4 ratings,$11
IBOC,$24.31,1440609711765,"33,865",100% bearish,of 1 rating,N/A
IGLD,$6.9701,1440609711790,"3,215",50% bullish,of 2 ratings,N/A
ISCA,$30.4,1440609711830,"43,019",100% bearish,of 1 rating,N/A
IIJI,$10.13,1440609711932,100,50% bullish,of 2 ratings,$11.50
PTNT,$2.77,1440609711964,"10,402",Not yet rated,NULL,N/A
XENT,$24.88,1440609712041,"42,291",50% bullish,of 2 ratings,$36.50
INTX,$2.045,1440609712073,"125,618",67% bullish,of 3 ratings,N/A
INPH,$0.29,1440609712171,"12,900",50% bullish,of 2 ratings,N/A
ISIL,$9.98,1440609712203,"236,241",50% bullish,of 6 ratings,$15
IILG,$19.42,1440609712306,"44,674",100% bearish,of 1 rating,$29
IVAC,$4.67,1440609712410,"8,711",100% bearish,of 1 rating,$6.625
INTL,$25.63,1440609712437,"29,591",67% bearish,of 3 ratings,N/A
ITCI,$25.0265,1440609712600,"293,185",75% bearish,of 4 ratings,$40
IIN,$6.02,1440609712648,100,100% bearish,of 1 rating,$12
INTLL,$25.5,1440609712697,"3,350",Not yet rated,NULL,N/A
ISRG,$502.2557,1440609712906,"56,681",67% bullish,of 3 ratings,$600
INVT,$0.2699,1440609712974,"26,302",67% bullish,of 3 ratings,N/A
SNAK,$8.29,1440609713033,"76,846",50% bullish,of 2 ratings,$14
ISTR,$15.75,1440609713054,502,100% bearish,of 1 rating,$18.50
INTU,$82.24,1440609713085,"1,245,876",86% bullish,of 7 ratings,$107.50
ISBC,$11.36,1440609713109,"692,455",100% bullish,of 1 rating,$13.25
ITIC,$71,1440609713139,600,100% bearish,of 2 ratings,N/A
NVIV,$9.32,1440609713214,"92,092",50% bullish,of 4 ratings,$24.50
DTUL,NULL,1440609713417,0,Not yet rated,NULL,N/A
IPAS,$1.07,1440609713445,"2,384",67% bullish,of 3 ratings,N/A
IVTY,$13.55,1440609713490,"5,354",Not yet rated,NULL,$18
IPGP,$83.64,1440609713658,"101,521",100% bearish,of 2 ratings,$109.50
IPCM,$79.06,1440609713687,"55,212",50% bullish,of 2 ratings,$80.125
DFVL,NULL,1440609713731,0,Not yet rated,NULL,N/A
IRDM,$6.8,1440609713788,"181,885",60% bullish,of 5 ratings,$11.50
IRMD,$24.8376,1440609713862,"2,261",67% bearish,of 3 ratings,$25
IRIX,$6.7,1440609713891,"26,511",100% bearish,of 1 rating,N/A
IRBT,$27.64,1440609713998,"126,602",67% bullish,of 6 ratings,$37
IRDMB,$271.95,1440609714104,906,67% bearish,of 3 ratings,N/A
IRCP,NULL,1440609714135,0,100% bullish,of 2 ratings,N/A
IRWD,$10.73,1440609714165,"274,832",100% bearish,of 1 rating,$13
FCHI,NULL,1440609714267,0,NULL,NULL,NULL
COMT,$31.02,1440609714297,"3,431",100% bearish,of 1 rating,N/A
GNMA,$50.2299,1440609714322,"2,588",Not yet rated,NULL,N/A
IFAS,NULL,1440609714471,0,NULL,NULL,NULL
IFNA,NULL,1440609714605,0,NULL,NULL,NULL
ACWI,$53.95,1440609714637,"998,956",Not yet rated,NULL,N/A
IFGL,$27.9225,1440609714735,"18,092",Not yet rated,NULL,N/A
AXJS,NULL,1440609714762,0,NULL,NULL,NULL
AAIT,NULL,1440609714792,0,NULL,NULL,NULL
IFEU,$37.64,1440609714818,"19,276",Not yet rated,NULL,N/A
ACWX,$39.6199,1440609714889,"753,668",100% bearish,of 1 rating,N/A
AAXJ,$51.2401,1440609714915,"766,730",Not yet rated,NULL,N/A
EMEY,NULL,1440609715057,0,NULL,NULL,NULL
EMDI,NULL,1440609715083,0,NULL,NULL,NULL
EEMA,$48.0201,1440609715148,"5,577",Not yet rated,NULL,N/A
EEME,NULL,1440609715188,0,NULL,NULL,NULL
EGRW,NULL,1440609715278,0,NULL,NULL,NULL
EEML,$26.42,1440609715330,"1,886",Not yet rated,NULL,N/A
EVAL,NULL,1440609715378,0,NULL,NULL,NULL
EUFN,$21.42,1440609715431,"282,199",100% bearish,of 1 rating,N/A
UAE,$16.815,1440609715568,300,Not yet rated,NULL,N/A
QAT,$20.285,1440609715595,688,Not yet rated,NULL,N/A
IEUS,$44.56,1440609715624,"4,188",100% bearish,of 1 rating,N/A
SOXX,$77.54,1440609715728,"290,346",50% bullish,of 2 ratings,N/A
ICLN,$9.128,1440609715827,"9,234",50% bullish,of 2 ratings,N/A
IBB,$329.0599,1440609715879,"552,388",63% bullish,of 8 ratings,N/A
WOOD,$46.5031,1440609715903,"4,631",50% bullish,of 2 ratings,N/A
EMIF,$27.26,1440609715928,"30,846",Not yet rated,NULL,N/A
INDY,$26.87,1440609716073,"68,249",50% bullish,of 2 ratings,N/A
ISHG,$80.566,1440609716153,"22,767",100% bearish,of 1 rating,N/A
IGOV,$91.94,1440609716183,"27,729",100% bearish,of 1 rating,N/A
ISLE,$16.1,1440609716289,"97,251",50% bullish,of 4 ratings,$16
ISRL,$125,1440609716314,115,100% bearish,of 1 rating,N/A
ISIS,$47.09,1440609716341,"759,208",53% bullish,of 15 ratings,$67
ITUS,NULL,1440609716539,0,Not yet rated,NULL,N/A
ITRI,$29.59,1440609716568,"107,995",Not yet rated,NULL,$37
ITRN,$23.58,1440609716608,"1,286",50% bullish,of 2 ratings,N/A
JJSF,$112.61,1440609716696,"18,555",100% bearish,of 1 rating,N/A
IXYS,$10.43,1440609716721,"35,696",50% bullish,of 4 ratings,N/A
XXIA,$14.87,1440609716910,"90,937",71% bullish,of 7 ratings,$14.625
JBHT,$72,1440609716938,"475,724",50% bullish,of 4 ratings,$89.50
MAYS,NULL,1440609716962,0,Not yet rated,NULL,N/A
JCOM,$65.91,1440609716987,"64,712",100% bullish,of 2 ratings,$77
JKHY,$67.24,1440609717180,"339,988",50% bullish,of 2 ratings,$72
JACK,$78.985,1440609717207,"134,975",83% bullish,of 6 ratings,$105
JASO,$7.26,1440609717233,"389,419",82% bullish,of 17 ratings,$10
JXSB,$23.95,1440609717257,400,Not yet rated,NULL,N/A
JAXB,$12.28,1440609717499,"64,500",100% bullish,of 1 rating,N/A
JAKK,$9.1,1440609717641,"190,700",60% bearish,of 5 ratings,$11
JAGX,$3.2,1440609717668,"1,600",Not yet rated,NULL,N/A
JASN,$4.7001,1440609717700,"8,829",50% bullish,of 2 ratings,$9.50
JMBA,$13.33,1440609717739,"64,536",75% bullish,of 4 ratings,$18
JRVR,$26.3,1440609717797,"27,254",Not yet rated,NULL,$32
ERW,NULL,1440609717821,0,Not yet rated,NULL,N/A
JD,$24.86,1440609717896,"3,461,173",75% bullish,of 16 ratings,$36
JASNW,NULL,1440609717953,0,50% bullish,of 2 ratings,N/A
JTPY,$2.92,1440609718039,920,100% bearish,of 1 rating,N/A
JBLU,$21.578,1440609718092,"2,415,215",94% bullish,of 18 ratings,$27
JCTCF,$9.5,1440609718166,100,100% bullish,of 1 rating,N/A
JAZZ,$160.25,1440609718272,"133,974",80% bullish,of 15 ratings,$206.50
DATE,$5.7125,1440609718301,"79,957",75% bullish,of 4 ratings,$9
JIVE,$4.225,1440609718327,"225,367",75% bullish,of 4 ratings,$5
JST,$3.745,1440609718351,"17,473",75% bullish,of 4 ratings,N/A
WYIGU,$10.01,1440609718634,"64,843",Not yet rated,NULL,N/A
KTWO,$20.9,1440609718770,"48,042",100% bearish,of 1 rating,$28.50
JOEZ,$0.1801,1440609718804,"148,587",92% bullish,of 12 ratings,N/A
JBSS,$51.5096,1440609718834,"18,574",67% bearish,of 3 ratings,N/A
JOUT,$22.6,1440609718859,"5,686",100% bearish,of 1 rating,$34
JNP,$9.4,1440609718880,"10,015",100% bullish,of 3 ratings,$15
KALU,$78.3,1440609718920,"35,982",67% bearish,of 3 ratings,$91
JUNO,$34.96,1440609718966,"528,065",73% bullish,of 11 ratings,$71.50
KBIO,$1.97,1440609719015,"139,495",50% bullish,of 4 ratings,N/A
KMDA,$3.28,1440609719178,"2,400",50% bullish,of 2 ratings,$8
KCLI,$46.225,1440609719311,"6,445",Not yet rated,NULL,N/A
KNDI,$5.95,1440609719337,"130,179",86% bullish,of 22 ratings,N/A
KRNY,$11.19,1440609719476,"390,038",100% bearish,of 1 rating,$12
KBSF,$3.8,1440609719579,300,100% bullish,of 1 rating,N/A
KELYB,NULL,1440609719617,0,50% bullish,of 2 ratings,N/A
KPTI,$12.71,1440609719642,"80,164",67% bearish,of 3 ratings,$39
KCAP,$4.48,1440609719668,"77,887",75% bullish,of 4 ratings,$6
KMPH,$19.25,1440609719707,"14,634",100% bearish,of 2 ratings,$22
KERX,$5.591,1440609719805,"343,571",82% bullish,of 11 ratings,$12
