Symbol,Price,Date,Volume,Rating,RatingVoteCount,OneYearEstimate
FCCY,$11.59,1440612602467,"2,164",100% bullish,of 1 rating,$13
TFSCW,NULL,1440612602492,0,100% bearish,of 1 rating,N/A
FLWS,$9.56,1440612602517,"280,864",100% bullish,of 5 ratings,$15
TFSC,$9.73,1440612602550,"7,100",100% bearish,of 1 rating,N/A
FCTY,$7.85,1440612602575,"2,967",100% bullish,of 1 rating,$8.50
VNET,$17.37,1440612603103,"551,425",60% bullish,of 5 ratings,$29.50
DGLD,$82.8525,1440612603134,"13,968",100% bullish,of 1 rating,N/A
DSLV,$77.1945,1440612603159,"16,772",100% bearish,of 1 rating,N/A
TWOU,$34.49,1440612603184,"92,025",50% bullish,of 2 ratings,$39
SRCE,$29.23,1440612603238,"11,957",100% bullish,of 3 ratings,$33
TFSCR,NULL,1440612603366,0,Not yet rated,NULL,N/A
PIH,$7.1311,1440612603394,"2,400",100% bearish,of 1 rating,N/A
TFSCU,NULL,1440612603527,0,Not yet rated,NULL,N/A
USLV,$11.2928,1440612603556,"515,753",86% bullish,of 7 ratings,N/A
UGLD,$9.09,1440612603582,"143,408",100% bearish,of 1 rating,N/A
JOBS,$27.095,1440612603603,"52,257",50% bullish,of 4 ratings,$36
SIXD,$3.07,1440612603799,"355,507",Not yet rated,NULL,N/A
SHLM,$32.6001,1440612603956,"46,915",100% bearish,of 1 rating,$50
AVHI,$13.98,1440612603991,"10,220",100% bearish,of 1 rating,$19
ABY,$20.83,1440612604012,"428,397",100% bearish,of 2 ratings,$46
CAFD,$13.914,1440612604109,"141,399",Not yet rated,NULL,$25
ABAX,$46.41,1440612604139,"58,811",100% bearish,of 1 rating,$60
EGHT,$7.625,1440612604169,"184,364",82% bullish,of 17 ratings,$11
ABGB,$6.3301,1440612604277,"167,028",67% bullish,of 3 ratings,$5.50
ABEO,$4.45,1440612604303,"68,543",50% bullish,of 4 ratings,$15.50
AAON,$20.2,1440612604381,"83,676",100% bearish,of 1 rating,$24
ABMD,$96.2,1440612604460,"162,306",75% bullish,of 4 ratings,$100.50
AXAS,$1.585,1440612604635,"441,871",78% bullish,of 9 ratings,$3.50
ACTG,$8.885,1440612604665,"157,925",67% bullish,of 3 ratings,$18.50
ABEOW,$1.85,1440612604691,"2,286",100% bullish,of 1 rating,N/A
ACAD,$34.87,1440612604737,"302,630",80% bullish,of 20 ratings,$48
ACHC,$69.11,1440612604821,"381,754",50% bullish,of 2 ratings,$92
ACST,$0.345,1440612604968,"10,793",100% bullish,of 2 ratings,N/A
ANCX,$19.89,1440612605000,"14,439",Not yet rated,NULL,$20
AXDX,$18.03,1440612605047,"97,189",100% bearish,of 1 rating,N/A
XLRN,$27.94,1440612605102,"74,966",50% bullish,of 2 ratings,$57
VXDN,$1.782,1440612605241,"22,649",100% bearish,of 1 rating,N/A
VXUP,$1.65,1440612605345,"45,969",100% bearish,of 1 rating,N/A
ACET,$22.4,1440612605370,"45,561",75% bullish,of 4 ratings,$30
ACRX,$4.08,1440612605398,"101,338",67% bearish,of 6 ratings,$5.50
ACHN,$7,1440612605533,"834,339",90% bullish,of 21 ratings,$16
ARAY,$6.33,1440612605601,"397,040",100% bearish,of 1 rating,$10.50
ACIW,$20.68,1440612605682,"211,516",67% bearish,of 3 ratings,$24
AKAO,$6.77,1440612605731,"63,594",75% bullish,of 4 ratings,$15
ACNB,$19.77,1440612605817,"2,200",Not yet rated,NULL,N/A
ACOR,$31.26,1440612605846,"447,685",67% bearish,of 3 ratings,$38.50
ACTS,$1.57,1440612605886,"14,898",100% bearish,of 1 rating,N/A
ACPW,$1.8,1440612605990,"20,456",100% bullish,of 4 ratings,$3.50
ACTA,$12.97,1440612606341,"28,190",67% bearish,of 3 ratings,$25
ADMS,$19.36,1440612606414,"30,126",100% bearish,of 2 ratings,$36
ADUS,$28.01,1440612606472,"24,954",100% bearish,of 1 rating,$31
ADMP,$3.44,1440612606606,"23,106",50% bullish,of 2 ratings,$10
ACXM,$20.09,1440612606632,"136,438",67% bullish,of 3 ratings,N/A
ADAP,$11.3,1440612606764,"23,646",67% bullish,of 3 ratings,$22
AEY,$2.2503,1440612606820,"1,945",100% bearish,of 2 ratings,N/A
ATVI,$26.47,1440612606849,"2,183,367",68% bullish,of 84 ratings,$31.50
ACUR,$0.52,1440612606913,"32,597",100% bullish,of 5 ratings,$1
ADEP,$6.5,1440612606944,"31,681",50% bullish,of 2 ratings,$10.75
ADMA,$9.258,1440612606965,"1,504",Not yet rated,NULL,$19
ADBE,$76.17,1440612606995,"917,444",65% bullish,of 17 ratings,$90
ADTN,$15.11,1440612607130,"117,102",67% bullish,of 3 ratings,$17.125
AMD,$1.695,1440612607352,"4,569,599",83% bullish,of 103 ratings,$2
AEIS,$23.85,1440612607397,"63,159",50% bullish,of 2 ratings,$32.50
ADRO,$18.75,1440612607422,"168,903",80% bullish,of 5 ratings,$45.50
AEGR,$17.2601,1440612607591,"122,777",50% bullish,of 6 ratings,$26
ADXSW,$8.77,1440612607618,"28,405",100% bullish,of 1 rating,N/A
ADXS,$12.97,1440612607639,"602,235",64% bullish,of 14 ratings,$27
YPRO,$23.0316,1440612607667,800,100% bearish,of 1 rating,N/A
AMTX,$2.5148,1440612607913,"12,902",50% bullish,of 2 ratings,$26.11
AEGN,$17.74,1440612608002,"45,369",100% bearish,of 2 ratings,$21
AEHR,NULL,1440612608038,0,50% bullish,of 2 ratings,N/A
MULT,NULL,1440612608064,0,100% bearish,of 1 rating,N/A
AEZS,$0.0848,1440612608094,"2,445,477",90% bullish,of 21 ratings,$1.50
AEPI,$53.9,1440612608132,"5,272",100% bearish,of 1 rating,N/A
AVAV,$23.19,1440612608167,"34,522",50% bullish,of 4 ratings,$31
AERI,$15.6,1440612608271,"153,254",75% bullish,of 4 ratings,$31.50
AEMD,$6.9,1440612608635,"5,530",Not yet rated,NULL,$27.50
AGEN,$6.59,1440612608660,"535,935",85% bullish,of 13 ratings,$14
AGIO,$84.425,1440612608710,"213,713",88% bullish,of 8 ratings,$114
AGFSW,$1.86,1440612608735,"5,203",100% bearish,of 2 ratings,N/A
AGYS,$9.54,1440612608818,"15,870",100% bearish,of 1 rating,N/A
AFFX,$8.99,1440612608921,"139,773",80% bullish,of 5 ratings,$12
AFMD,$9.49,1440612609012,"115,287",50% bullish,of 4 ratings,$15
AIRM,$35.1,1440612609052,"101,002",80% bearish,of 5 ratings,$53
AGRX,$8.41,1440612609083,"4,899",100% bearish,of 1 rating,$17.50
AGFS,$9.92,1440612609111,"19,321",100% bearish,of 1 rating,N/A
AIRT,$21.23,1440612609132,711,100% bullish,of 1 rating,N/A
ATSG,$8.69,1440612609187,"93,519",67% bullish,of 3 ratings,$13
AIMT,$21.17,1440612609338,"103,445",Not yet rated,NULL,N/A
AMCN,$4.41,1440612609529,"448,311",83% bullish,of 6 ratings,N/A
AKAM,$66.47,1440612609585,"674,345",63% bullish,of 8 ratings,$77
AIXG,$5.79,1440612609611,"13,638",67% bearish,of 3 ratings,$5.25
ALSK,$2.01,1440612609689,"62,698",78% bullish,of 18 ratings,$2
AKBA,$6.16,1440612609790,"80,493",100% bearish,of 1 rating,$18
AKER,$2.5,1440612609817,"55,800",Not yet rated,NULL,N/A
ALRM,$16.1,1440612609897,"84,372",100% bearish,of 1 rating,$22
AKRX,$38.08,1440612610054,"447,010",78% bullish,of 9 ratings,$56
ALXN,$168.48,1440612610084,"493,222",88% bullish,of 8 ratings,$223
ABDC,$11.96,1440612610156,"55,552",Not yet rated,NULL,$15
ALDX,$6.64,1440612610288,"7,459",100% bearish,of 1 rating,$14.50
ALDR,$37.1495,1440612610317,"176,947",67% bearish,of 3 ratings,$62
ADHD,$7.824,1440612610448,"83,407",50% bullish,of 4 ratings,$18
ALXA,$1.1036,1440612610476,"12,369",83% bullish,of 6 ratings,$2.125
ALCO,$40.99,1440612610605,"4,570",50% bullish,of 2 ratings,N/A
ALGN,$55.24,1440612610747,"226,791",100% bearish,of 2 ratings,$73
AMRI,$19.6,1440612610807,"189,557",75% bearish,of 4 ratings,$24
ALIM,$3.15,1440612610837,"30,739",80% bullish,of 5 ratings,$10
ALLB,$22.5,1440612610891,300,Not yet rated,NULL,N/A
ALKS,$57.951,1440612610939,"282,806",67% bullish,of 3 ratings,$75
AIQ,$13.34,1440612611071,"11,122",67% bullish,of 3 ratings,N/A
ARLP,$24.19,1440612611119,"51,837",67% bearish,of 3 ratings,$32
AHPI,NULL,1440612611251,0,50% bullish,of 2 ratings,N/A
ALGT,$213.573,1440612611419,"39,908",100% bearish,of 2 ratings,$235
AFOP,$18.25,1440612611492,"61,505",75% bullish,of 8 ratings,$21
ALQA,$4.21,1440612611551,"8,887",75% bullish,of 4 ratings,$8.50
AMOT,$18.29,1440612611583,"37,938",100% bearish,of 1 rating,N/A
AHGP,$34.44,1440612611682,"23,010",67% bullish,of 3 ratings,N/A
AFAM,$44.82,1440612611729,"38,053",50% bullish,of 2 ratings,$44
ALNY,$98.804,1440612611754,"227,274",67% bullish,of 3 ratings,$148.50
AOSL,$7.27,1440612611888,"36,451",67% bullish,of 3 ratings,$9
ALLT,$4.91,1440612611924,"65,285",75% bullish,of 4 ratings,$6.25
MDRX,$13.12,1440612612019,"887,886",60% bullish,of 5 ratings,$16
ATEC,$0.5799,1440612612070,"121,283",100% bullish,of 1 rating,$2
ASPS,$25.08,1440612612202,"132,187",67% bullish,of 3 ratings,$46.50
AIMC,$24.29,1440612612301,"25,806",100% bearish,of 2 ratings,$28.50
AMAG,$61.37,1440612612334,"210,850",100% bullish,of 2 ratings,$77.50
AMRN,$1.865,1440612612500,"647,407",85% bullish,of 39 ratings,$8
AMRK,$10.36,1440612612586,470,50% bullish,of 2 ratings,$14
AMZN,$490.43,1440612612629,"1,943,791",81% bullish,of 264 ratings,$646
AYA,$19.5,1440612612732,"10,123",100% bearish,of 1 rating,$40
AMBCW,$7,1440612612870,"3,000",100% bearish,of 1 rating,N/A
SMCP,NULL,1440612612900,0,Not yet rated,NULL,N/A
AMBA,$86.2899,1440612612921,"1,179,430",83% bullish,of 12 ratings,$102.50
ALTR,$47.15,1440612613052,"870,402",80% bearish,of 5 ratings,$54
AMCX,$69.35,1440612613114,"465,775",67% bullish,of 3 ratings,$87.50
AMDA,$0.4598,1440612613244,"682,821",90% bullish,of 10 ratings,$1
DOX,$55.72,1440612613271,"349,418",67% bearish,of 3 ratings,$60
AMED,$37.8199,1440612613413,"66,639",100% bearish,of 1 rating,$42
UHAL,$365.41,1440612613458,"6,590",100% bullish,of 2 ratings,$393.50
AMOV,$17.3,1440612613665,"4,100",100% bearish,of 1 rating,N/A
ATAX,$5.1032,1440612613696,"82,121",100% bullish,of 1 rating,$6.50
ASBI,$22.16,1440612613745,"2,500",Not yet rated,NULL,N/A
AAL,$38.1932,1440612613770,"5,106,043",93% bullish,of 88 ratings,$57
AGNC,$19.26,1440612613906,"1,846,548",71% bullish,of 28 ratings,$22
EPAX,$2.69,1440612613951,"46,521",100% bearish,of 1 rating,N/A
AGNCB,$24.15,1440612614056,"10,748",Not yet rated,NULL,N/A
AGNCP,$25.25,1440612614156,"2,900",Not yet rated,NULL,N/A
MTGE,$15.3,1440612614186,"138,102",75% bullish,of 4 ratings,$19.50
AMBC,$15.41,1440612614216,"97,211",100% bearish,of 1 rating,$16.50
MTGEP,$24.5,1440612614287,600,Not yet rated,NULL,N/A
ACSF,$12.02,1440612614315,"15,635",100% bearish,of 1 rating,$15
AETI,$3.97,1440612614579,"1,116",67% bearish,of 3 ratings,N/A
ACAS,$13.21,1440612614617,"801,082",60% bullish,of 5 ratings,$16.75
ANCI,$1.53,1440612614713,"2,800",100% bearish,of 1 rating,N/A
AMIC,NULL,1440612614738,0,Not yet rated,NULL,N/A
AMNB,$22.8,1440612614766,"3,217",Not yet rated,NULL,$25.50
AMSWA,$8.55,1440612615141,"10,456",100% bearish,of 2 ratings,$10.75
ASEI,$37.1,1440612615168,"17,850",100% bearish,of 1 rating,$52.50
ANAT,$99.305,1440612615189,"16,322",100% bullish,of 1 rating,N/A
AMSC,$4.04,1440612615325,"82,335",50% bullish,of 4 ratings,N/A
CRMT,$36.28,1440612615380,"14,050",100% bearish,of 1 rating,$39
ABCB,$26.31,1440612615635,"57,381",Not yet rated,NULL,$31
AMSF,$46.64,1440612615666,"18,281",Not yet rated,NULL,$57.50
AMWD,$64.51,1440612615740,"78,985",50% bullish,of 2 ratings,$70
ASRV,$3.2,1440612615767,"21,904",100% bullish,of 2 ratings,N/A
AMRB,$9.95,1440612615808,"4,704",Not yet rated,NULL,$11
ASRVP,NULL,1440612616006,0,Not yet rated,NULL,N/A
AMGN,$150.359,1440612616082,"1,728,483",89% bullish,of 19 ratings,$185
AMKR,$4.565,1440612616330,"822,352",100% bearish,of 2 ratings,$5
AMPH,$13.33,1440612616398,"89,623",50% bullish,of 2 ratings,$20
ATLO,$23.35,1440612616530,"1,764",Not yet rated,NULL,N/A
AMSG,$77.7,1440612616606,"206,024",100% bearish,of 1 rating,$85.50
ASYS,$4.9,1440612616735,"26,644",67% bullish,of 3 ratings,$12
APEI,$21.01,1440612616764,"17,611",100% bearish,of 1 rating,$25.50
AMSGP,NULL,1440612616800,0,Not yet rated,NULL,N/A
AFSI,$57.4488,1440612616834,"299,666",60% bullish,of 5 ratings,$72
FOLD,$13.61,1440612616933,"577,468",56% bullish,of 9 ratings,$21
AMRS,$1.6,1440612616959,"44,626",70% bullish,of 10 ratings,N/A
ANAC,$128.2,1440612617033,"169,344",80% bullish,of 5 ratings,$180.50
ADI,$52.6005,1440612617178,"1,102,878",67% bullish,of 3 ratings,$69
ALOG,$78.52,1440612617327,"19,852",100% bearish,of 2 ratings,$100.50
ANCB,$22.45,1440612617464,900,Not yet rated,NULL,$23
ANGI,$4.76,1440612617516,"178,154",64% bullish,of 11 ratings,$5.50
AMCF,$0.2476,1440612617540,"1,900",100% bullish,of 7 ratings,N/A
ABCW,$39,1440612617570,"6,488",67% bullish,of 3 ratings,N/A
ARII,$38.1999,1440612617683,"107,163",67% bearish,of 3 ratings,$45
ANIP,$48.47,1440612617855,"74,957",89% bullish,of 19 ratings,$66
ATRS,$1.7,1440612617915,"365,337",92% bullish,of 12 ratings,$4.50
ANSS,$86.9201,1440612617992,"198,137",100% bearish,of 1 rating,$100
ANIK,$33.7001,1440612618022,"30,354",60% bullish,of 5 ratings,$51.25
ANAD,$0.3379,1440612618100,"147,909",100% bullish,of 2 ratings,$.50
ANTH,$6.6185,1440612618128,"423,241",80% bullish,of 10 ratings,$13
APIC,$6.1,1440612618428,"51,203",100% bearish,of 1 rating,$19
AINV,$6.38,1440612619289,"438,527",50% bullish,of 4 ratings,$8
ANGO,$14.63,1440612619350,"16,971",67% bullish,of 3 ratings,$19
APPF,$16.33,1440612619384,"20,505",50% bullish,of 2 ratings,$22
ATNY,$2.34,1440612619448,"8,300",50% bullish,of 2 ratings,$3.75
ARCI,NULL,1440612619579,0,Not yet rated,NULL,N/A
APDNW,$1.1,1440612619834,"1,100",Not yet rated,NULL,N/A
APDN,$3.153,1440612619864,"21,165",Not yet rated,NULL,$9
AGTC,$15.1,1440612619890,"65,099",50% bullish,of 2 ratings,$33
AMAT,$15.03,1440612619919,"11,895,628",82% bullish,of 11 ratings,$23
APOG,$48.89,1440612619967,"85,681",50% bullish,of 2 ratings,$67
AMCC,$5.44,1440612620257,"235,374",80% bullish,of 5 ratings,$8
AREX,$1.72,1440612620468,"252,907",100% bearish,of 1 rating,$3
AAOI,$19.52,1440612620615,"93,887",50% bullish,of 4 ratings,$26
APRI,$1.189,1440612620640,"40,214",83% bullish,of 6 ratings,$4.86
APTO,$4.7264,1440612620666,"1,218",Not yet rated,NULL,$17
AQMS,$4.89,1440612620704,"14,417",Not yet rated,NULL,N/A
APOL,$10.8,1440612620729,"588,092",87% bearish,of 68 ratings,$14
AQXP,$17.7401,1440612620887,"148,040",50% bullish,of 2 ratings,$2
ABAC,$0.6999,1440612621092,"1,000",100% bearish,of 1 rating,N/A
AUMAW,NULL,1440612621127,0,Not yet rated,NULL,N/A
ARDM,$6.95,1440612621155,202,100% bullish,of 1 rating,$26
AAPL,$107.23,1440612621180,"32,982,595",86% bullish,of 2349 ratings,$150
AUMAU,NULL,1440612621222,0,Not yet rated,NULL,N/A
AUMA,NULL,1440612621247,0,Not yet rated,NULL,N/A
ABUS,$6.635,1440612621409,"188,866",86% bullish,of 14 ratings,$23
PETX,$16.77,1440612621540,"244,704",100% bearish,of 2 ratings,$26
ARCW,$3.5199,1440612621649,"14,161",100% bearish,of 2 ratings,$10.50
RKDA,$5.84,1440612621789,"5,341",100% bearish,of 2 ratings,$10
ARCB,$27.71,1440612621818,"120,487",67% bearish,of 3 ratings,$39.50
ACAT,$25.15,1440612621923,"38,345",100% bearish,of 3 ratings,$33
ARCC,$14.8628,1440612622028,"930,389",67% bearish,of 3 ratings,$17.875
ARNA,$2.58,1440612622239,"1,333,950",90% bullish,of 77 ratings,$5.50
ARIS,$3.91,1440612622268,"123,530",Not yet rated,NULL,$4.50
AGIIL,$25.56,1440612622323,"9,783",Not yet rated,NULL,N/A
ARIA,$6.41,1440612622463,"1,637,366",87% bullish,of 46 ratings,$9
ARDX,$17.455,1440612622488,"55,430",50% bullish,of 2 ratings,$24.50
AGII,$55.81,1440612622542,"45,172",Not yet rated,NULL,$59.50
ACGL,$67.15,1440612622569,"84,390",50% bullish,of 2 ratings,$72
ARKR,$24.5,1440612622735,500,50% bullish,of 2 ratings,N/A
ABIO,$0.88,1440612622767,"68,277",50% bullish,of 2 ratings,$3.75
ARMH,$40.94,1440612622870,"2,910,999",54% bearish,of 13 ratings,$61
ARWA,NULL,1440612623044,0,Not yet rated,NULL,N/A
ARWAR,$0.27,1440612623091,800,Not yet rated,NULL,N/A
ARWAU,NULL,1440612623116,0,100% bullish,of 1 rating,N/A
ARGS,$6.12,1440612623170,"22,981",50% bullish,of 2 ratings,$19.50
ARWAW,NULL,1440612623477,0,Not yet rated,NULL,N/A
ARRS,$25.37,1440612623508,"381,201",50% bullish,of 2 ratings,$38
ARQL,$1.6099,1440612623529,"103,639",75% bullish,of 4 ratings,$5
AROW,$26.89,1440612623733,"10,829",Not yet rated,NULL,N/A
ARWR,$5.34,1440612623842,"357,374",75% bullish,of 4 ratings,$10.50
ARRY,$5.4765,1440612623875,"679,828",100% bullish,of 7 ratings,$10
DWAT,$9.607,1440612623896,915,100% bearish,of 1 rating,N/A
ASBB,$24.74,1440612623972,74,Not yet rated,NULL,N/A
ARTW,$4.396,1440612624028,"3,518",75% bearish,of 4 ratings,N/A
ASNA,$11.055,1440612624218,"1,161,176",50% bullish,of 2 ratings,$18
ASCMA,$26.75,1440612624292,"23,051",100% bearish,of 1 rating,$45
ASTI,$0.11,1440612624391,"957,490",83% bullish,of 6 ratings,$3
ARTNA,$22.12,1440612624424,"6,797",100% bearish,of 1 rating,$29
ARTX,$1.3401,1440612624445,"156,365",88% bullish,of 16 ratings,$4.50
ASND,$19.69,1440612624474,"70,788",100% bullish,of 1 rating,$30
ASMI,NULL,1440612624666,0,NULL,NULL,NULL
ASML,$87.63,1440612624704,"420,101",50% bullish,of 4 ratings,$127
APWC,$1.81,1440612624799,200,100% bearish,of 1 rating,N/A
ATAI,$2.3101,1440612625213,"4,325",100% bearish,of 1 rating,N/A
ASFI,$8.83,1440612625277,"10,417",100% bullish,of 1 rating,N/A
ALOT,$12.69,1440612625446,"17,797",100% bearish,of 1 rating,N/A
ASUR,$5.21,1440612625506,"8,600",50% bullish,of 2 ratings,$8
ATRO,$50.1,1440612625581,"66,865",100% bearish,of 2 ratings,$80
ATHN,$128.72,1440612625686,"73,452",67% bearish,of 3 ratings,$153
ASMB,$12.2784,1440612625927,"19,068",67% bullish,of 3 ratings,N/A
ATRA,$38.78,1440612625952,"36,317",50% bullish,of 2 ratings,$68
ASTC,$1.9,1440612625983,"14,264",100% bullish,of 5 ratings,N/A
ATHX,$1.09,1440612626006,"131,208",89% bullish,of 9 ratings,$5
ASTE,$36.27,1440612626083,"19,700",100% bearish,of 1 rating,$48
AZPN,$36.5,1440612626221,"262,601",50% bullish,of 2 ratings,$42
ACFC,$5.77,1440612626429,"73,035",Not yet rated,NULL,$6.50
AAME,$3.6,1440612626533,798,Not yet rated,NULL,N/A
ATNI,$69.984,1440612626599,"23,794",100% bearish,of 1 rating,$69.50
AAPC,NULL,1440612626731,0,Not yet rated,NULL,N/A
AFH,$16.27,1440612626783,"22,446",Not yet rated,NULL,$21.50
AAWW,$39.33,1440612626809,"98,238",50% bullish,of 2 ratings,$65
AFCB,$27.3,1440612626862,100,Not yet rated,NULL,N/A
ATOS,$0.7225,1440612627160,"74,209",100% bullish,of 7 ratings,$7
ATLC,$3.86,1440612627185,"9,462",67% bullish,of 3 ratings,N/A
ATRM,$2.83,1440612627258,500,50% bullish,of 2 ratings,N/A
LIFE,$14.18,1440612627318,"20,738",86% bullish,of 7 ratings,$43
AUBN,$27.45,1440612627500,"1,696",Not yet rated,NULL,N/A
ATTU,$13.3392,1440612627571,"37,006",100% bearish,of 1 rating,$20.50
ATRC,$25.07,1440612627712,"68,706",100% bullish,of 1 rating,$30
AUPH,$3.0908,1440612627739,"3,325",100% bearish,of 1 rating,$8
AUDC,$3.09,1440612627776,"18,353",80% bullish,of 5 ratings,$5
ADAT,$0.3479,1440612627950,"1,558,313",100% bullish,of 2 ratings,N/A
ABTL,$16.83,1440612628042,"33,932",100% bullish,of 4 ratings,$20.25
ADP,$76.42,1440612628136,"1,296,981",100% bearish,of 1 rating,$88
EARS,$4.73,1440612628164,"5,359",100% bearish,of 2 ratings,$11.50
AVGO,$114.6,1440612628355,"1,477,205",88% bullish,of 8 ratings,$165
ATML,$7.61,1440612628532,"3,481,322",78% bullish,of 9 ratings,$9.50
AAVL,$10.11,1440612628560,"151,253",100% bearish,of 1 rating,$20
AVEO,$1.25,1440612628585,"521,874",75% bullish,of 8 ratings,$3
ATRI,$371.85,1440612628611,824,Not yet rated,NULL,N/A
AVNW,$1.16,1440612628746,"14,096",50% bullish,of 2 ratings,$2.20
AVNU,$12.1,1440612628774,"4,586",Not yet rated,NULL,$14
AVID,$7.99,1440612628814,"131,284",100% bearish,of 1 rating,$20
ADSK,$48.64,1440612628906,"955,521",67% bullish,of 6 ratings,$69.50
AVGR,$14.23,1440612629071,"12,238",100% bearish,of 1 rating,$20
AWRE,$3.1,1440612629125,"7,478",67% bullish,of 3 ratings,N/A
ACLS,$3.1,1440612629262,"234,471",67% bullish,of 6 ratings,$4.75
CAR,$40.17,1440612629288,"1,522,367",80% bullish,of 5 ratings,$60
AXGN,$3.75,1440612629419,"26,788",Not yet rated,NULL,$5
AXTI,$2.126,1440612629467,"52,335",50% bullish,of 2 ratings,$2.75
RILY,$9.9999,1440612629610,"1,696",Not yet rated,NULL,N/A
BCOM,$18.25,1440612629635,"2,230",100% bearish,of 1 rating,N/A
BOSC,$2.26,1440612629686,544,50% bullish,of 2 ratings,N/A
BEAV,$46.2,1440612629795,"394,769",67% bearish,of 3 ratings,$59
BCPC,$56.06,1440612629938,"47,785",100% bearish,of 1 rating,$75
BWINB,$22.6,1440612630068,"5,733",Not yet rated,NULL,N/A
BWINA,NULL,1440612630100,0,Not yet rated,NULL,N/A
BLDP,$1.17,1440612630246,"373,676",91% bullish,of 22 ratings,$2.50
AXPW,$1.05,1440612630271,"35,433",83% bullish,of 6 ratings,N/A
BANF,$59.1,1440612630501,"2,910",Not yet rated,NULL,$68
AXPWW,$0.88,1440612630594,"1,646",Not yet rated,NULL,N/A
BANFP,NULL,1440612630629,0,Not yet rated,NULL,N/A
BKMU,$6.9,1440612630669,"19,951",Not yet rated,NULL,$8
BOCH,$5.72,1440612630697,"5,920",Not yet rated,NULL,$6.50
BMRC,$47.91,1440612630718,"7,570",Not yet rated,NULL,$52
BOTJ,NULL,1440612630930,0,Not yet rated,NULL,N/A
BFIN,$11.84,1440612631036,"5,764",Not yet rated,NULL,$13
BKSC,$15.7155,1440612631065,903,Not yet rated,NULL,N/A
BIDU,$140.25,1440612631170,"3,461,052",81% bullish,of 88 ratings,$210
TAPR,$32.26,1440612631401,"4,467",100% bearish,of 1 rating,N/A
OZRK,$40.62,1440612631455,"238,131",67% bullish,of 3 ratings,$49.50
BZUN,$4.73,1440612631476,"176,625",50% bullish,of 2 ratings,$11.50
BHAC,NULL,1440612631497,0,Not yet rated,NULL,N/A
BHACR,NULL,1440612631635,0,Not yet rated,NULL,N/A
BANR,$43.05,1440612631663,"14,114",100% bullish,of 3 ratings,$50
BBSI,$33.49,1440612631881,"37,710",67% bearish,of 3 ratings,$62.50
BHACU,NULL,1440612631907,0,Not yet rated,NULL,N/A
BWFG,$18,1440612631928,"1,800",100% bearish,of 1 rating,N/A
BYBK,$5,1440612632095,375,100% bearish,of 1 rating,N/A
BYLK,$12.71,1440612632222,"1,000",Not yet rated,NULL,$14
BSET,$28.95,1440612632284,"19,058",100% bearish,of 1 rating,$35
BHACW,NULL,1440612632318,0,Not yet rated,NULL,N/A
BV,$4.95,1440612632386,"195,766",67% bullish,of 6 ratings,$9
BDCV,$4.73,1440612632417,"28,478",100% bearish,of 1 rating,$10.19
BECN,$34.19,1440612632516,"196,405",50% bullish,of 2 ratings,$40
BSF,$8.29,1440612632717,"3,223",Not yet rated,NULL,N/A
BBCN,$14.1,1440612632812,"88,736",100% bearish,of 1 rating,$16
BEBE,$1.7,1440612632900,"39,129",75% bullish,of 4 ratings,$3.075
BELFA,$14.71,1440612632986,"3,007",100% bearish,of 1 rating,N/A
BELFB,$17.72,1440612633090,"9,466",100% bearish,of 1 rating,N/A
BCBP,NULL,1440612633120,0,Not yet rated,NULL,N/A
BLPH,$5.16,1440612633226,"18,827",100% bearish,of 1 rating,$12.50
BBGI,$4.08,1440612633259,100,100% bearish,of 1 rating,N/A
BBBY,$60.44,1440612633305,"973,445",71% bullish,of 7 ratings,$75
BNCL,$12.3,1440612633355,"214,061",100% bullish,of 3 ratings,$12.50
BNTC,$8,1440612633380,"14,461",100% bullish,of 1 rating,N/A
BGMD,$0.75,1440612633598,"31,100",100% bullish,of 10 ratings,N/A
BGCP,$8.445,1440612633627,"564,055",88% bullish,of 8 ratings,$14
BNFT,$34.485,1440612633653,"64,148",67% bullish,of 3 ratings,$46
BGFV,$10.51,1440612633872,"42,996",57% bullish,of 7 ratings,$12
BASI,$1.64,1440612634064,"3,202",Not yet rated,NULL,N/A
BIOC,$1.83,1440612634089,"189,282",83% bullish,of 6 ratings,$3.85
BIOD,$0.645,1440612634249,"36,684",80% bullish,of 5 ratings,$4
BDSI,$6.24,1440612634344,"452,972",88% bullish,of 8 ratings,$17
BCDA,NULL,1440612634379,0,Not yet rated,NULL,N/A
BLCM,$16.33,1440612634423,"97,749",50% bullish,of 4 ratings,$40
BIOL,$1.37,1440612634448,"25,282",Not yet rated,NULL,N/A
BIIB,$290.3801,1440612634511,"1,022,829",88% bullish,of 16 ratings,$400
BCRX,$10.62,1440612634676,"255,723",63% bullish,of 8 ratings,$18
BLFS,$1.9801,1440612634713,"1,973",100% bearish,of 1 rating,$4.75
BMRN,$123.21,1440612634807,"336,929",80% bullish,of 5 ratings,$160
BIND,$4.29,1440612635011,"34,720",75% bullish,of 4 ratings,$13.50
ORPN,$5.2506,1440612635060,"5,591",100% bullish,of 1 rating,$28.50
BRLI,NULL,1440612635191,0,NULL,NULL,NULL
BPTH,$1.03,1440612635347,"24,947",100% bullish,of 2 ratings,$5
BIOS,$2.18,1440612635418,"645,218",71% bullish,of 7 ratings,$4
BBP,$30.9299,1440612635482,"6,121",Not yet rated,NULL,N/A
BBC,$29.25,1440612635589,"11,318",Not yet rated,NULL,N/A
BSPM,$0.64,1440612635614,"14,548",50% bullish,of 2 ratings,N/A
BSTC,$47.5,1440612635802,"20,573",100% bearish,of 1 rating,$76
TECH,$93.98,1440612635830,"69,494",100% bullish,of 1 rating,$117
BVXVW,NULL,1440612636008,0,100% bearish,of 1 rating,N/A
BITI,$17,1440612636068,"10,452",100% bullish,of 1 rating,$28
BOTA,$2.155,1440612636108,"25,239",88% bullish,of 8 ratings,N/A
BEAT,$13.929,1440612636199,"324,864",67% bearish,of 3 ratings,$15
BJRI,$43.77,1440612636342,"106,130",50% bullish,of 2 ratings,$55
BLRX,$1.3099,1440612636367,"69,598",100% bullish,of 12 ratings,$5
BDMS,NULL,1440612636392,0,100% bearish,of 1 rating,N/A
BBOX,$15.06,1440612636571,"32,888",100% bearish,of 1 rating,N/A
BDE,$7.15,1440612636615,"28,080",50% bullish,of 2 ratings,$9
BLKB,$58.29,1440612636645,"47,622",100% bearish,of 2 ratings,$66
BBRY,$6.75,1440612636755,"2,126,817",61% bullish,of 330 ratings,$9
BKCC,$9.0101,1440612636790,"175,681",100% bullish,of 2 ratings,$10
BVXV,$3.5,1440612636815,"3,300",Not yet rated,NULL,N/A
ADRA,$26.38,1440612637118,885,100% bearish,of 1 rating,N/A
HAWK,$39.547,1440612637147,"353,556",91% bullish,of 11 ratings,$49
ADRD,$21.3799,1440612637178,"7,784",100% bearish,of 1 rating,N/A
BLMN,$19.35,1440612637219,"463,262",83% bullish,of 6 ratings,$27.50
BUFF,$26.34,1440612637279,"106,887",83% bullish,of 12 ratings,$31.50
BCOR,$13.33,1440612637304,"74,369",57% bullish,of 7 ratings,$15
BLBD,$11.99,1440612637541,"15,035",Not yet rated,NULL,N/A
NILE,$32.23,1440612637675,"59,425",50% bullish,of 2 ratings,$34
BHBK,$13.87,1440612637702,"66,781",100% bullish,of 1 rating,$14.50
BBLU,$0.7854,1440612637746,"64,408",100% bullish,of 2 ratings,$4.43
BLUE,$125,1440612637844,"256,347",71% bullish,of 7 ratings,$217.50
ADRE,$28.61,1440612637869,"13,811",100% bearish,of 1 rating,N/A
BKEPP,$7.01,1440612638134,"39,877",100% bearish,of 1 rating,N/A
ADRU,$21.132,1440612638264,446,100% bearish,of 1 rating,N/A
BPMC,$25.7,1440612638294,"67,809",50% bullish,of 2 ratings,$47.50
BKEP,$5.7801,1440612638430,"26,188",100% bearish,of 1 rating,$8.50
WIFI,$7.4,1440612638458,"131,708",50% bullish,of 2 ratings,$13.50
BOJA,$20.69,1440612638637,"83,698",100% bullish,of 1 rating,$30
BOKF,$58.3,1440612638733,"127,893",100% bearish,of 1 rating,$69
BONA,$11.48,1440612638765,"53,550",75% bullish,of 4 ratings,$8.50
BNCN,$19.97,1440612638899,"27,373",Not yet rated,NULL,$24
BOBE,$42.63,1440612639093,"54,398",75% bullish,of 4 ratings,$57
BPFHW,$5,1440612639118,"1,100",100% bearish,of 1 rating,N/A
BOFI,$118.92,1440612639147,"77,690",100% bullish,of 6 ratings,$144
BNSO,$1.3341,1440612639169,240,100% bearish,of 1 rating,N/A
EPAY,$24.89,1440612639310,"50,489",100% bearish,of 2 ratings,$30
BPFH,$11.62,1440612639418,"171,268",100% bearish,of 1 rating,$14
BAMM,$3.2,1440612639487,"1,651",60% bullish,of 5 ratings,N/A
BDBD,$8,1440612639521,"274,820",60% bullish,of 5 ratings,$10
BBRG,$12.31,1440612639651,"41,783",67% bullish,of 3 ratings,$14.50
BBEP,$2.5,1440612639676,"776,735",69% bullish,of 13 ratings,$5.625
BCLI,$2.86,1440612639812,"18,732",80% bullish,of 5 ratings,$12
BDGE,$26.24,1440612639943,"6,267",Not yet rated,NULL,$31.75
BPFHP,NULL,1440612640102,0,100% bearish,of 1 rating,N/A
BLIN,NULL,1440612640128,0,50% bullish,of 2 ratings,$2.20
BSFT,$30.3,1440612640182,"108,011",57% bullish,of 7 ratings,$40.50
BCOV,$5.1,1440612640207,"34,132",67% bullish,of 3 ratings,$10.20
BVSN,$5.7009,1440612640351,"2,501",60% bearish,of 5 ratings,N/A
BBEPP,$12.9,1440612640384,"11,631",100% bearish,of 1 rating,N/A
BYFC,$1.47,1440612640666,"1,000",50% bullish,of 2 ratings,N/A
BRCM,$49.26,1440612640868,"2,624,369",75% bullish,of 12 ratings,$56
BRKL,$10.48,1440612640899,"73,585",100% bearish,of 1 rating,$10.75
BRCD,$10.425,1440612640925,"3,250,719",92% bullish,of 13 ratings,$11.50
BWEN,$3.18,1440612641005,"7,900",100% bullish,of 3 ratings,$8
BRID,NULL,1440612641223,0,100% bearish,of 1 rating,N/A
BRKR,$18.36,1440612641367,"96,543",100% bearish,of 2 ratings,$22
BLMT,$20.59,1440612641397,937,Not yet rated,NULL,N/A
BLDR,$13.6,1440612641425,"523,545",50% bullish,of 2 ratings,$22
BUR,$1.8,1440612641502,"7,251",100% bearish,of 1 rating,$8
BMTC,$28.5,1440612641556,"49,632",Not yet rated,NULL,$34
BRKS,$10.12,1440612641581,"28,113",67% bullish,of 3 ratings,$15.25
CFFI,NULL,1440612641842,0,100% bearish,of 1 rating,N/A
CA,$26.31,1440612641902,"1,258,824",50% bullish,of 4 ratings,$33
CCMP,$42.48,1440612642012,"33,679",50% bullish,of 2 ratings,$59
BWLD,$189.8176,1440612642155,"149,863",82% bullish,of 11 ratings,$205
CDZI,$7.77,1440612642345,"40,912",100% bearish,of 1 rating,N/A
CACQ,$7.01,1440612642374,"9,717",100% bearish,of 1 rating,$12.25
CHRW,$66.41,1440612642395,"660,609",Not yet rated,NULL,$72
CSTE,$38.74,1440612642427,"563,366",100% bearish,of 1 rating,$65
CDNS,$19.115,1440612642450,"678,688",75% bullish,of 4 ratings,$22.50
CZR,$8.51,1440612642595,"251,801",60% bearish,of 5 ratings,$10.50
BSQR,$5.81,1440612642642,"15,965",67% bullish,of 3 ratings,N/A
CHY,$11.0101,1440612642856,"185,846",Not yet rated,NULL,N/A
CLBS,$1.29,1440612642883,"58,867",79% bullish,of 14 ratings,$4
CLMS,$10.3,1440612643098,"29,832",Not yet rated,NULL,$10.50
PRSS,$4.37,1440612643131,"4,570",80% bullish,of 5 ratings,$4.50
CFGE,NULL,1440612643305,0,Not yet rated,NULL,N/A
CHI,$10.298,1440612643330,"221,838",100% bearish,of 1 rating,N/A
CAMP,$15.57,1440612643573,"136,607",88% bullish,of 8 ratings,$25
CGO,$11.7047,1440612643639,"21,809",100% bearish,of 1 rating,N/A
CFNB,NULL,1440612643670,0,100% bearish,of 1 rating,N/A
CALA,$4.7,1440612643727,"252,507",100% bullish,of 3 ratings,$19.50
CHW,$7.3999,1440612643772,"108,835",100% bearish,of 1 rating,N/A
CCD,$18.8,1440612643796,"294,250",Not yet rated,NULL,N/A
CVGW,$58.34,1440612643832,"120,374",50% bullish,of 2 ratings,$58.50
CALM,$47.8301,1440612643960,"392,014",80% bullish,of 5 ratings,$65
CSQ,$9.4601,1440612644086,"280,928",Not yet rated,NULL,N/A
CLMT,$24.87,1440612644194,"130,300",75% bullish,of 8 ratings,$31
ABCD,$4.9599,1440612644334,"48,399",83% bullish,of 6 ratings,N/A
CAMBU,NULL,1440612644566,0,100% bearish,of 1 rating,N/A
CAMB,$10.05,1440612644590,200,Not yet rated,NULL,N/A
CAC,$40.26,1440612644646,"2,124",Not yet rated,NULL,N/A
CSIQ,$16.91,1440612644719,"1,561,597",86% bullish,of 28 ratings,$42.50
CALD,$15.29,1440612644774,"166,725",100% bearish,of 1 rating,$20.50
CGIX,$9.67,1440612644874,"30,579",67% bullish,of 3 ratings,$14.375
CBF,$28.64,1440612645124,"88,689",Not yet rated,NULL,$32
CPHC,$10.23,1440612645150,100,100% bearish,of 1 rating,N/A
CCBG,$14.85,1440612645174,"5,880",Not yet rated,NULL,$17.25
CPLA,$47.64,1440612645205,"37,843",67% bearish,of 3 ratings,$65
CAMBW,NULL,1440612645232,0,Not yet rated,NULL,N/A
CPLP,$6.47,1440612645453,"319,538",71% bullish,of 7 ratings,$11
CPTA,$13.67,1440612645554,"43,103",100% bearish,of 1 rating,$18.50
CSWC,$44.78,1440612645591,"9,536",Not yet rated,NULL,N/A
CAMT,$2.598,1440612645642,"20,662",73% bullish,of 11 ratings,$4
CAPN,$1.67,1440612645689,"57,588",100% bullish,of 1 rating,$10.85
CBNJ,$10.8999,1440612645864,"23,311",100% bullish,of 1 rating,N/A
CAPR,$4.04,1440612645906,"21,053",Not yet rated,NULL,$12
CFFN,$11.77,1440612645932,"360,031",Not yet rated,NULL,$12.75
CAPNW,$0.4999,1440612646008,"9,600",Not yet rated,NULL,N/A
CPST,$0.3627,1440612646062,"419,305",95% bullish,of 22 ratings,$1.25
CARA,$17.33,1440612646096,"283,216",50% bullish,of 4 ratings,$25
CFNL,$21.69,1440612646811,"34,657",Not yet rated,NULL,$24
CRME,$8.71,1440612646838,"9,012",89% bullish,of 9 ratings,$11.25
CSII,$22.642,1440612646891,"72,358",100% bearish,of 2 ratings,$42.125
CDNA,$6.5,1440612646917,"5,900",100% bearish,of 1 rating,$9
CATM,$33.83,1440612646972,"52,476",100% bearish,of 1 rating,$44
CBYL,$5.22,1440612646997,"3,511",100% bearish,of 1 rating,$20
CKEC,$22.25,1440612647198,"71,697",50% bullish,of 2 ratings,$35.915
CECO,$3.47,1440612647228,"132,186",67% bearish,of 3 ratings,$6
CTRE,$11.32,1440612647288,"98,480",50% bullish,of 2 ratings,$13.50
CRDC,$0.38,1440612647334,"67,332",100% bullish,of 1 rating,$1.25
CARO,$15.061,1440612647366,250,100% bearish,of 1 rating,$19
CART,$5.35,1440612647387,210,100% bearish,of 1 rating,N/A
CARB,$10.99,1440612647518,"65,671",75% bullish,of 4 ratings,$12
TAST,$11.94,1440612647650,"80,759",Not yet rated,NULL,$14.25
CRZO,$28.29,1440612647853,"404,191",67% bearish,of 3 ratings,$55.50
CRTN,$2.51,1440612647954,500,100% bearish,of 1 rating,N/A
CACB,$5.28,1440612648005,"22,231",Not yet rated,NULL,$5.50
CASM,$1.12,1440612648090,"5,800",100% bullish,of 1 rating,$3.50
CLBH,$12.52,1440612648116,"2,699",Not yet rated,NULL,$16.50
CSCD,$15.03,1440612648137,"36,451",100% bullish,of 2 ratings,$17
CASY,$103.905,1440612648292,"86,075",50% bullish,of 2 ratings,$99.50
CARV,$7.18,1440612648340,"17,550",50% bullish,of 2 ratings,N/A
CATB,$10.9,1440612648392,"17,171",100% bearish,of 1 rating,$28
CPRX,$3.34,1440612648480,"310,189",71% bullish,of 7 ratings,$7
CWST,$5.9899,1440612648570,"29,363",50% bullish,of 2 ratings,$7.25
CASS,$48.75,1440612648631,"7,525",100% bearish,of 1 rating,N/A
CATY,$28.5,1440612648703,"221,340",100% bearish,of 1 rating,$33.50
CATYW,NULL,1440612648984,0,100% bearish,of 1 rating,N/A
CASI,$1.439,1440612649085,"1,290",100% bullish,of 1 rating,$3.50
CVCO,$71.58,1440612649169,"10,992",100% bearish,of 1 rating,N/A
CAVM,$66.32,1440612649197,"286,760",67% bearish,of 3 ratings,$72
CBFV,$20.25,1440612649270,"5,675",Not yet rated,NULL,$25
CNLM,NULL,1440612649424,0,Not yet rated,NULL,N/A
CNLMR,NULL,1440612649449,0,Not yet rated,NULL,N/A
CDK,$47.26,1440612649663,"414,699",67% bearish,of 3 ratings,$50
CBOE,$61.75,1440612649693,"220,186",Not yet rated,NULL,$60
CNLMW,NULL,1440612649795,0,Not yet rated,NULL,N/A
CELG,$115.295,1440612649931,"2,024,917",92% bullish,of 13 ratings,$155.50
CPXX,$2.0001,1440612650018,"102,915",100% bullish,of 2 ratings,$7
CDW,$38.465,1440612650120,"445,377",75% bullish,of 4 ratings,$44
CLDN,$1.04,1440612650149,"59,147",71% bullish,of 7 ratings,$3
CNLMU,NULL,1440612650175,0,100% bullish,of 1 rating,N/A
CELGZ,$1.64,1440612650206,"19,600",80% bullish,of 5 ratings,N/A
CECE,$9.22,1440612650279,"37,960",50% bullish,of 2 ratings,$16
CLDX,$13.6549,1440612650384,"632,975",89% bullish,of 9 ratings,$36
CLRB,$3.11,1440612650421,803,100% bearish,of 1 rating,N/A
CLLS,$30.01,1440612650467,"97,745",75% bullish,of 4 ratings,$51.50
CLSN,$1.9,1440612650771,"65,472",80% bullish,of 10 ratings,$7.50
CLRBW,$0.8801,1440612650799,200,Not yet rated,NULL,N/A
CLTX,$2.63,1440612650829,"171,732",100% bullish,of 2 ratings,N/A
CYAD,$50.5737,1440612650850,"1,700",100% bullish,of 1 rating,$87.50
CEMP,$33.21,1440612650871,"260,985",71% bullish,of 7 ratings,$52
CBMG,$22.4,1440612650907,"40,167",50% bullish,of 2 ratings,N/A
CETX,$2.28,1440612651055,"5,600",Not yet rated,NULL,$5.60
CFBK,$1.37,1440612651238,"3,100",Not yet rated,NULL,N/A
CSFL,$13.66,1440612651267,"41,186",Not yet rated,NULL,$15
CENTA,$12.5,1440612651368,"102,170",Not yet rated,NULL,N/A
CENX,$4.26,1440612651567,"1,172,788",67% bullish,of 6 ratings,$9
CETV,$1.99,1440612651592,"44,935",67% bullish,of 3 ratings,$2.80
CNBKA,$41.98,1440612651623,782,50% bullish,of 2 ratings,N/A
CENT,$11.91,1440612651654,"25,302",Not yet rated,NULL,$10
CPHD,$47.73,1440612651726,"238,298",67% bearish,of 3 ratings,$66.50
CNTY,$5.7899,1440612651753,"9,286",80% bullish,of 5 ratings,$7.75
CVCY,$11,1440612651780,"1,200",Not yet rated,NULL,$12
CRNT,$1.34,1440612651995,"22,046",50% bullish,of 2 ratings,$2
CERE,$1.15,1440612652029,"181,850",88% bullish,of 8 ratings,N/A
CERU,$3.3525,1440612652135,"10,003",75% bullish,of 4 ratings,$15
CERN,$60.5,1440612652163,"948,573",67% bullish,of 3 ratings,$79
CERS,$4.662,1440612652188,"194,937",75% bullish,of 4 ratings,$7
KOOL,$0.642,1440612652326,"31,921",100% bullish,of 5 ratings,$7
CEVA,$17.92,1440612652460,"23,576",100% bearish,of 1 rating,$25
HOTR,$1.46,1440612652540,"79,183",100% bullish,of 2 ratings,$5
CYOU,$19.32,1440612652570,"91,565",50% bullish,of 6 ratings,$24
HOTRW,NULL,1440612652600,0,Not yet rated,NULL,N/A
CTHR,$1.27,1440612652627,"2,152",50% bullish,of 2 ratings,$2.50
CHTR,$174.25,1440612652702,"422,202",100% bearish,of 2 ratings,$196
GTLS,$21.95,1440612652795,"81,115",50% bullish,of 4 ratings,$40
CHKP,$78.63,1440612652846,"643,362",50% bullish,of 4 ratings,$92
CHEKW,NULL,1440612653153,0,Not yet rated,NULL,N/A
CHEK,$2,1440612653242,"41,233",Not yet rated,NULL,$7.75
CEMI,$3.66,1440612653272,"58,012",50% bullish,of 2 ratings,$7.50
CHMG,$26.6999,1440612653347,"1,000",Not yet rated,NULL,$30
CHFN,$12.17,1440612653373,"3,198",Not yet rated,NULL,$14
CHFC,$31.015,1440612653403,"14,982",100% bearish,of 1 rating,$36
CCXI,$6.81,1440612653428,"29,568",67% bullish,of 3 ratings,$14
CHKE,$25.99,1440612653453,"18,591",100% bearish,of 1 rating,$32.50
CHEV,$14.4,1440612653765,350,Not yet rated,NULL,N/A
CHMA,$23.3052,1440612653801,"26,443",Not yet rated,NULL,$40
CMRX,$48.22,1440612653848,"138,205",50% bullish,of 2 ratings,$57
CBNK,$16.48,1440612653873,636,100% bearish,of 1 rating,N/A
CADC,NULL,1440612653898,0,78% bullish,of 9 ratings,N/A
PLCE,$57.605,1440612654043,"259,432",100% bearish,of 1 rating,$71
CALI,$0.8601,1440612654227,"4,223",67% bullish,of 3 ratings,N/A
CBAK,$1.7887,1440612654255,"31,764",67% bullish,of 9 ratings,N/A
CAAS,$5.75,1440612654357,"15,570",93% bullish,of 14 ratings,$11.50
CBPO,$93.82,1440612654426,"91,109",75% bullish,of 8 ratings,$140.50
CCCR,$0.83,1440612654457,"4,378",67% bearish,of 3 ratings,N/A
CCCL,$0.73,1440612654483,"23,700",100% bullish,of 6 ratings,N/A
JRJC,$3,1440612654559,"103,608",82% bullish,of 11 ratings,N/A
HGSH,$1.67,1440612654610,"3,400",67% bullish,of 3 ratings,N/A
CHOP,$1.268,1440612654710,"14,375",50% bullish,of 2 ratings,N/A
CJJD,$1.7,1440612654864,"27,610",100% bullish,of 1 rating,N/A
CHNR,$1.6701,1440612654954,"2,382",100% bearish,of 1 rating,N/A
CHLN,$2.08,1440612654980,"6,131",67% bullish,of 3 ratings,N/A
CREG,$0.6624,1440612655053,"7,330",100% bullish,of 3 ratings,N/A
CNIT,$1.38,1440612655186,"44,640",67% bullish,of 6 ratings,N/A
HTHT,$24.17,1440612655249,"71,536",50% bullish,of 2 ratings,$28.40
CNTF,$0.76,1440612655327,"31,506",Not yet rated,NULL,N/A
CXDC,$5.78,1440612655353,"36,637",67% bearish,of 3 ratings,N/A
CPGI,$6.88,1440612655487,400,Not yet rated,NULL,N/A
CCIH,$6.235,1440612655515,"194,077",67% bullish,of 6 ratings,$12.65
CSUN,$1.3901,1440612655541,"14,875",80% bullish,of 5 ratings,N/A
CNYD,$3.013,1440612655562,"2,616",67% bullish,of 3 ratings,N/A
CNET,$0.7803,1440612655782,"21,013",50% bullish,of 2 ratings,N/A
CHSCL,$26.91,1440612655808,"19,605",Not yet rated,NULL,N/A
IMOS,$16.665,1440612655839,"124,413",60% bullish,of 5 ratings,$21.50
CHSCM,$25.83,1440612655939,"10,109",Not yet rated,NULL,N/A
CHSCN,$26.5123,1440612655968,"2,363",Not yet rated,NULL,N/A
CHSCO,$28.03,1440612656071,"10,626",Not yet rated,NULL,N/A
CHSCP,$30.3708,1440612656148,"2,133",Not yet rated,NULL,N/A
CHDN,$132.16,1440612656214,"11,141",Not yet rated,NULL,$165
CHUY,$30.495,1440612656246,"71,712",50% bullish,of 2 ratings,$34
CDTX,$14.13,1440612656347,"8,004",Not yet rated,NULL,$22
CMCT,$15,1440612656418,620,100% bearish,of 1 rating,N/A
CIFC,$7,1440612656551,"1,702",100% bearish,of 1 rating,N/A
CMPR,$67.09,1440612656611,"126,092",50% bullish,of 2 ratings,$72.50
CINF,$51.59,1440612656637,"242,958",50% bullish,of 4 ratings,$50.50
CTAS,$82.79,1440612656684,"180,172",100% bearish,of 1 rating,$91
CIDM,$0.5801,1440612656766,"64,737",50% bullish,of 2 ratings,$2.10
CRUS,$27.95,1440612656815,"352,357",75% bullish,of 12 ratings,$44.50
CSCO,$25.12,1440612656972,"19,442,411",84% bullish,of 208 ratings,$32
CPHR,$5.35,1440612656998,"10,199",100% bearish,of 1 rating,$17
CZNC,$19.57,1440612657032,"5,804",Not yet rated,NULL,N/A
CTRN,$26.43,1440612657128,"53,243",100% bearish,of 1 rating,$31.50
CZWI,$8.99,1440612657158,500,Not yet rated,NULL,N/A
CIZN,$19.33,1440612657391,902,Not yet rated,NULL,N/A
CZFC,NULL,1440612657444,0,Not yet rated,NULL,N/A
CHCO,$46.83,1440612657474,"10,851",Not yet rated,NULL,$46
CIVB,$10.05,1440612657582,"3,400",Not yet rated,NULL,$11
CTXS,$67.09,1440612657656,"568,491",86% bullish,of 7 ratings,$80
CIVBP,NULL,1440612657726,0,Not yet rated,NULL,N/A
CLNE,$4.24,1440612657894,"475,455",80% bullish,of 15 ratings,$9
CLNT,$1.37,1440612657922,"7,062",75% bullish,of 8 ratings,N/A
CDTI,$1.48,1440612657954,"28,273",75% bullish,of 4 ratings,$3.20
CLFD,$16.9,1440612657981,"23,045",67% bullish,of 3 ratings,$18
CLIR,$4.53,1440612658063,"38,952",100% bullish,of 3 ratings,N/A
CBLI,$3.58,1440612658113,"34,081",60% bullish,of 5 ratings,N/A
CLRO,$11.5,1440612658140,"36,586",50% bullish,of 2 ratings,$14.25
CSBK,$13.73,1440612658226,"39,019",Not yet rated,NULL,N/A
CMFN,$10.7021,1440612658414,"15,983",100% bearish,of 1 rating,$15.50
CLVS,$68.54,1440612658440,"409,877",60% bullish,of 5 ratings,$101.50
CME,$90.48,1440612658518,"514,145",67% bullish,of 3 ratings,$102
CCNE,$16.65,1440612658580,"2,136",50% bullish,of 2 ratings,$21.50
CWAY,$11.21,1440612658756,"2,278",Not yet rated,NULL,N/A
CISG,$7.52,1440612658784,"58,097",100% bullish,of 5 ratings,$10
CNV,$4.27,1440612658811,"16,060",50% bullish,of 2 ratings,$7.15
COKE,$159.61,1440612658939,"6,975",79% bullish,of 19 ratings,N/A
COBZ,$12.72,1440612658967,"21,255",100% bullish,of 1 rating,$14
JVA,$4.38,1440612659096,"4,048",83% bullish,of 6 ratings,$7
CDRB,$12.17,1440612659240,"9,284",67% bullish,of 3 ratings,N/A
CVLY,$20.25,1440612659290,100,Not yet rated,NULL,N/A
CDXS,$3.4,1440612659334,"21,363",64% bullish,of 11 ratings,$6
CCOI,$27.4,1440612659367,"182,570",50% bullish,of 4 ratings,$35
CGNX,$33.395,1440612659467,"405,291",50% bullish,of 2 ratings,$47
CGNT,$1.4784,1440612659496,"23,335",100% bullish,of 2 ratings,$2
CTSH,$60.83,1440612659672,"1,651,589",90% bullish,of 10 ratings,$75
COHR,$55.865,1440612659698,"49,638",50% bullish,of 2 ratings,$72
COHU,$9.28,1440612659723,"83,698",100% bearish,of 1 rating,$14.25
CHRS,$27.5,1440612659914,"112,721",67% bearish,of 3 ratings,$37
CLCT,$18.4999,1440612659963,"4,144",100% bearish,of 1 rating,N/A
COLL,$14.77,1440612660014,"29,512",100% bearish,of 1 rating,$26
CLRX,$0.54,1440612660042,"30,017",50% bullish,of 2 ratings,N/A
CBAN,NULL,1440612660096,0,Not yet rated,NULL,N/A
CIGI,$41.67,1440612660121,"5,354",100% bearish,of 1 rating,$52
CLCD,$6.44,1440612660285,"45,229",100% bearish,of 1 rating,$20.50
COLM,$59.94,1440612660696,"39,495",100% bearish,of 1 rating,$71
CBMX,$1.1299,1440612660731,"20,284",83% bullish,of 6 ratings,$3.15
COLB,$29.24,1440612660756,"31,288",Not yet rated,NULL,$36
CMCSA,$54.63,1440612660793,"4,750,031",66% bullish,of 35 ratings,$69.50
CMCSK,$55.4411,1440612660825,"1,539,697",Not yet rated,NULL,$84
CMCO,$17.95,1440612660850,"41,142",60% bullish,of 5 ratings,$28
CBSH,$43.195,1440612660979,"127,928",50% bullish,of 2 ratings,$46
CBSHP,$25.32,1440612661005,"1,553",100% bearish,of 1 rating,N/A
CVGI,$4.74,1440612661296,"74,509",50% bullish,of 2 ratings,$6
COMM,$29.03,1440612661323,"340,610",67% bearish,of 3 ratings,$35
CSAL,$20.26,1440612661345,"242,649",75% bullish,of 4 ratings,$30
ESXB,$5.0175,1440612661398,"2,104",Not yet rated,NULL,N/A
JCS,$8.65,1440612661477,"1,554",67% bullish,of 3 ratings,N/A
CYHHZ,$0.011,1440612661530,"70,098",100% bullish,of 1 rating,N/A
CUBN,$13.5,1440612661605,718,Not yet rated,NULL,N/A
CTBI,$34.27,1440612661926,"9,101",Not yet rated,NULL,$36
CVLT,$34.5,1440612661971,"219,861",75% bullish,of 4 ratings,$44.50
CIZ,$32.7588,1440612662077,586,100% bearish,of 1 rating,N/A
CWBC,NULL,1440612662129,0,Not yet rated,NULL,N/A
CID,$33.02,1440612662153,700,Not yet rated,NULL,N/A
COB,$10.3478,1440612662209,"2,236",100% bullish,of 1 rating,$11.75
CIL,$32.83,1440612662422,400,Not yet rated,NULL,N/A
CDC,$33.36,1440612662489,"13,885",Not yet rated,NULL,N/A
CSA,$31.8999,1440612662707,150,Not yet rated,NULL,N/A
CSF,$35.62,1440612662739,"1,345",100% bearish,of 1 rating,N/A
CDL,NULL,1440612662759,0,Not yet rated,NULL,N/A
CSB,$32.44,1440612662794,1,Not yet rated,NULL,N/A
CFA,$34.1586,1440612662815,"3,540",100% bearish,of 1 rating,N/A
CFO,$33.8944,1440612662836,"7,991",100% bearish,of 1 rating,N/A
CGEN,$4.8,1440612662971,"60,654",50% bullish,of 2 ratings,$11
CPSI,$44.5,1440612662996,"36,536",100% bearish,of 1 rating,$45.50
SCOR,$53.51,1440612663186,"154,991",100% bearish,of 1 rating,$66
CTG,$6.4299,1440612663271,"12,190",100% bearish,of 1 rating,$8.50
CNSI,$18.33,1440612663403,"154,282",100% bearish,of 2 ratings,$29
CNAT,$3.56,1440612663431,"58,963",83% bullish,of 6 ratings,$13
CHCI,$0.7101,1440612663493,"41,347",50% bullish,of 2 ratings,N/A
CMTL,$25.46,1440612663522,"23,513",100% bearish,of 2 ratings,$37
CNCE,$15.21,1440612663562,"55,795",75% bullish,of 4 ratings,$22
CXRX,$69.54,1440612663589,"1,745",100% bearish,of 1 rating,$90
CDOR,$1.26,1440612663618,400,100% bullish,of 1 rating,N/A
CDORO,NULL,1440612664060,0,100% bearish,of 1 rating,N/A
CFMS,$19.38,1440612664087,"132,347",Not yet rated,NULL,$27
CDORP,$6.37,1440612664114,"1,210",100% bearish,of 1 rating,N/A
CCUR,$4.75,1440612664163,"40,056",75% bullish,of 4 ratings,N/A
CNMD,$52.84,1440612664243,"41,384",Not yet rated,NULL,$59
CTWS,$34.38,1440612664292,"4,471",100% bearish,of 1 rating,$44
CNFR,$10.2562,1440612664317,"8,186",Not yet rated,NULL,N/A
CONN,$30.31,1440612664458,"313,888",67% bullish,of 3 ratings,$48.50
CWCO,$10.22,1440612664508,"29,354",67% bullish,of 3 ratings,$14.50
CNOB,$19.05,1440612664541,"13,946",100% bullish,of 1 rating,$23.50
CNXR,$6.46,1440612664673,"15,882",100% bearish,of 1 rating,$12
CFRX,$5.0197,1440612664707,"26,928",Not yet rated,NULL,$14
CPSS,$5.685,1440612664764,"18,295",100% bullish,of 1 rating,$10
CTCT,$23.94,1440612664841,"97,814",67% bullish,of 3 ratings,$37
CFRXW,$1.89,1440612664940,800,100% bearish,of 1 rating,N/A
CNSL,$19.23,1440612664967,"60,591",100% bearish,of 1 rating,$23
CTRL,$7.78,1440612665182,"65,599",50% bullish,of 2 ratings,$11
CTRV,$3.8,1440612665312,"7,400",Not yet rated,NULL,$6.40
CRBP,$1.83,1440612665443,"182,056",100% bullish,of 2 ratings,$6.25
CFRXZ,NULL,1440612665470,0,Not yet rated,NULL,N/A
CORE,$59.3,1440612665500,"56,947",100% bearish,of 1 rating,$72
CORT,$4.735,1440612665528,"310,618",67% bullish,of 3 ratings,$12
BVA,NULL,1440612665549,0,50% bullish,of 2 ratings,N/A
CPRT,$33.66,1440612665752,"87,838",67% bearish,of 3 ratings,$40
CORI,$10.19,1440612665890,"32,312",100% bearish,of 1 rating,$18
CSGP,$171.76,1440612665915,"72,179",50% bullish,of 2 ratings,$235
CRVL,$30.26,1440612665949,"10,618",100% bearish,of 1 rating,N/A
CSOD,$34.925,1440612666046,"213,216",50% bullish,of 2 ratings,$42
COST,$135.97,1440612666154,"856,072",79% bullish,of 24 ratings,$154.50
COSI,$0.9901,1440612666225,"149,560",100% bullish,of 1 rating,N/A
ICBK,$18.21,1440612666331,200,Not yet rated,NULL,$21
COVS,$2.5214,1440612666368,"46,039",67% bullish,of 3 ratings,N/A
COWN,$4.96,1440612666517,"714,956",75% bullish,of 4 ratings,$7
CPAH,NULL,1440612666543,0,50% bullish,of 2 ratings,N/A
CVTI,$22.09,1440612666565,"84,834",67% bearish,of 3 ratings,$39
COWNL,$26.6,1440612666596,"7,600",Not yet rated,NULL,N/A
CBRL,$141.8,1440612666728,"112,407",50% bullish,of 2 ratings,$155
CPSH,$2.17,1440612666757,"16,080",Not yet rated,NULL,N/A
CRAI,$21.62,1440612666796,"9,389",100% bearish,of 1 rating,$36
BREW,$7.4,1440612666821,"44,124",67% bullish,of 6 ratings,$15
CRAY,$19.86,1440612667079,"132,980",83% bullish,of 6 ratings,$38.50
CACC,$196.06,1440612667110,"61,716",50% bullish,of 2 ratings,$158.50
SLVO,$9.688,1440612667183,"65,164",100% bearish,of 1 rating,N/A
GLDI,$10.9305,1440612667214,"14,852",100% bearish,of 1 rating,N/A
CRESY,$9.55,1440612667244,"9,463",100% bearish,of 1 rating,$19
CRTO,$41.41,1440612667315,"144,951",67% bullish,of 6 ratings,$64
CREE,$25.45,1440612667340,"531,515",65% bullish,of 17 ratings,$29.50
CROX,$13.605,1440612667564,"577,909",63% bullish,of 8 ratings,$16.50
CCRN,$13.74,1440612667740,"45,809",100% bearish,of 1 rating,$14.25
CRWN,$4.51,1440612667823,"34,412",75% bullish,of 4 ratings,N/A
CYRXW,$0.811,1440612667953,"19,200",Not yet rated,NULL,N/A
CSGS,$29.98,1440612668002,"51,825",Not yet rated,NULL,$40
CYRX,$2.79,1440612668041,"10,593",Not yet rated,NULL,$9
CRWS,$7.94,1440612668084,"4,300",Not yet rated,NULL,$10
CRDS,$1.02,1440612668112,"14,600",50% bullish,of 4 ratings,$4.50
CCLP,$13.17,1440612668174,"29,172",67% bearish,of 3 ratings,$20
CTIC,$1.51,1440612668400,"867,064",84% bullish,of 76 ratings,$5.75
CSPI,$5.88,1440612668427,"1,050",67% bullish,of 3 ratings,N/A
CUNB,$21.1,1440612668562,"6,128",Not yet rated,NULL,$24.50
CTCM,$1.7,1440612668593,"62,622",80% bearish,of 5 ratings,$3.90
CTIB,NULL,1440612668618,0,100% bearish,of 1 rating,N/A
CTRP,$63.36,1440612668639,"796,769",75% bullish,of 8 ratings,$92
CUI,$4.98,1440612668724,"11,183",50% bullish,of 2 ratings,$10
CPIX,$6.14,1440612668924,"63,800",Not yet rated,NULL,N/A
CRIS,$2.31,1440612668951,"242,475",100% bullish,of 8 ratings,$6
CUTR,$14.2101,1440612668985,"27,387",67% bearish,of 3 ratings,$18
CVV,$10.52,1440612669010,"7,518",100% bullish,of 5 ratings,N/A
CVBF,$15.58,1440612669035,"117,132",Not yet rated,NULL,$18
CMLS,$1.35,1440612669084,"287,440",50% bullish,of 4 ratings,$6
CYBR,$47.8112,1440612669164,"638,440",71% bullish,of 7 ratings,$66
CYBX,$66.532,1440612669385,"146,654",50% bullish,of 4 ratings,$71.50
CYBE,$5.86,1440612669413,"3,535",100% bearish,of 1 rating,N/A
CYAN,$7.2601,1440612669439,820,100% bearish,of 1 rating,N/A
CYNA,$16.29,1440612669613,"27,942",100% bullish,of 1 rating,$31.50
CY,$9.1643,1440612669715,"2,598,356",80% bullish,of 10 ratings,$15.50
CYCC,$0.51,1440612669741,"117,327",73% bullish,of 11 ratings,N/A
CYNO,$32.2641,1440612669812,"34,921",67% bearish,of 3 ratings,$45.50
CYRN,$1.65,1440612669839,"14,950",67% bullish,of 3 ratings,$4
CYCCP,$5.5,1440612669866,300,100% bearish,of 1 rating,N/A
CBAY,$2.54,1440612670038,"45,131",100% bullish,of 1 rating,$4
CYTK,$6.5301,1440612670110,"97,619",71% bullish,of 14 ratings,$13.50
CONE,$30.985,1440612670146,"125,595",67% bearish,of 3 ratings,$35
CYTX,$0.3286,1440612670210,"1,053,351",83% bullish,of 12 ratings,$5.50
CTSO,$6.42,1440612670243,"44,165",Not yet rated,NULL,$15.625
CYTR,$2.14,1440612670264,"306,020",67% bullish,of 6 ratings,$10
DAEG,$0.3596,1440612670339,"5,596",100% bearish,of 1 rating,N/A
TVIX,$13.4,1440612670603,"17,623,822",81% bullish,of 16 ratings,N/A
ZIV,$40.48,1440612670630,"76,997",Not yet rated,NULL,N/A
TVIZ,$18.75,1440612670657,"5,620",100% bearish,of 1 rating,N/A
XIV,$27.21,1440612670693,"18,712,782",75% bearish,of 4 ratings,N/A
DAIO,$2.57,1440612670791,"1,900",Not yet rated,NULL,N/A
DTLK,$5.475,1440612670825,"57,804",100% bearish,of 1 rating,$9
DAKT,$8.23,1440612670846,"314,343",50% bullish,of 2 ratings,$14
DJCO,$191.3,1440612670927,301,Not yet rated,NULL,N/A
DARA,$0.8513,1440612671120,"75,683",83% bullish,of 6 ratings,$1.50
DRAM,$1.1297,1440612671467,"17,050",78% bullish,of 9 ratings,N/A
DBVT,$37.88,1440612671492,"22,107",100% bearish,of 1 rating,$53
TRAK,$62.8,1440612671624,"346,937",50% bullish,of 2 ratings,$62.50
PLAY,$32.92,1440612671653,"140,890",100% bullish,of 5 ratings,$42
DWCH,$4.86,1440612671706,"13,504",75% bullish,of 4 ratings,$8.25
DTEA,$12.93,1440612671792,"33,250",100% bearish,of 2 ratings,$24
DWSN,$4.28,1440612671835,"17,991",67% bullish,of 3 ratings,N/A
TACO,$12.78,1440612671924,"112,307",75% bullish,of 4 ratings,$20
DFRG,$14.12,1440612671982,"87,579",100% bearish,of 1 rating,$20
TACOW,$3.95,1440612672066,"12,500",100% bullish,of 1 rating,N/A
DELT,$2.65,1440612672227,400,Not yet rated,NULL,N/A
DGAS,$20.49,1440612672320,"16,347",67% bearish,of 3 ratings,N/A
DENN,$11.27,1440612672361,"112,537",100% bullish,of 3 ratings,$15
DELTW,NULL,1440612672491,0,Not yet rated,NULL,N/A
XRAY,$51.83,1440612672522,"225,918",100% bullish,of 1 rating,$58
DCTH,$0.3758,1440612672549,"405,959",78% bullish,of 9 ratings,N/A
DEPO,$27.53,1440612672570,"193,025",60% bullish,of 5 ratings,$29
DHRM,$1.424,1440612672600,"4,087",Not yet rated,NULL,N/A
DERM,$24.56,1440612672798,"54,600",100% bearish,of 1 rating,$33.50
DSCI,$5.72,1440612672824,"21,603",50% bullish,of 2 ratings,$16
DEST,$11.34,1440612672850,"48,747",50% bullish,of 2 ratings,N/A
DXLG,$4.5,1440612672879,"150,671",100% bearish,of 1 rating,$8
DSWL,$1.71,1440612672984,"57,990",100% bullish,of 1 rating,N/A
DXM,$0.3101,1440612673010,"64,369",50% bullish,of 2 ratings,N/A
DXCM,$90.55,1440612673303,"291,488",57% bullish,of 7 ratings,$98
DRNA,$10.095,1440612673463,"23,015",67% bearish,of 3 ratings,$25
DMND,$27.91,1440612673489,"137,849",75% bullish,of 12 ratings,$32
DGII,$9.61,1440612673521,"12,482",100% bearish,of 1 rating,$10
DHXM,NULL,1440612673549,0,Not yet rated,NULL,N/A
DHIL,$190,1440612673628,"1,352",Not yet rated,NULL,N/A
DCIX,$1.57,1440612673652,"52,693",50% bullish,of 4 ratings,$3.50
DMRC,$33.68,1440612673683,"92,184",100% bearish,of 1 rating,$44
FANG,$61.04,1440612673726,"312,360",50% bullish,of 2 ratings,$86.50
DRAD,$3.73,1440612673914,"5,170",100% bullish,of 1 rating,$5.25
DGLY,$7.8216,1440612673972,"357,392",50% bullish,of 6 ratings,$20
DCOM,$16.455,1440612674069,"50,064",100% bearish,of 2 ratings,$16.50
APPS,$2.3,1440612674132,"72,475",100% bearish,of 1 rating,$10.25
DIOD,$19.22,1440612674310,"50,814",75% bearish,of 4 ratings,$24
DSCO,$0.3651,1440612674521,"178,276",83% bullish,of 6 ratings,$2.75
DISCK,$24.817,1440612674547,"849,961",100% bearish,of 1 rating,$32
DPRX,$12.32,1440612674573,"3,502",100% bullish,of 2 ratings,$27.75
DISH,$57.885,1440612674617,"540,779",69% bullish,of 13 ratings,$73
DVCR,$10.6,1440612674649,100,100% bullish,of 1 rating,N/A
DISCA,$26.19,1440612674704,"1,124,353",67% bullish,of 3 ratings,$34
DISCB,$25.45,1440612674747,12,100% bearish,of 1 rating,$35
BAGR,$2.7,1440612675071,"22,565",100% bearish,of 1 rating,$6
DLTR,$75.56,1440612675099,"749,499",82% bullish,of 11 ratings,$88
DLHC,$2.3801,1440612675162,"3,321",100% bearish,of 1 rating,N/A
DNBF,$26.15,1440612675234,"2,394",Not yet rated,NULL,$27.50
DORM,$50.135,1440612675319,"93,487",100% bearish,of 1 rating,$56
DGICB,NULL,1440612675531,0,100% bearish,of 1 rating,N/A
DGICA,$14.14,1440612675569,"5,115",100% bearish,of 1 rating,$17
DMLP,$13.7,1440612675622,"19,132",100% bearish,of 1 rating,N/A
DWA,$19.66,1440612675663,"405,390",63% bullish,of 8 ratings,$26
DRWI,$0.229,1440612675690,"65,300",60% bullish,of 5 ratings,$.45
DRYS,$0.3423,1440612675714,"1,508,431",77% bullish,of 31 ratings,$.60
DRWIW,$0.046,1440612675752,"1,400",Not yet rated,NULL,N/A
HILL,$9.67,1440612675850,"1,577,257",60% bearish,of 5 ratings,$9.75
CADT,NULL,1440612676261,0,Not yet rated,NULL,N/A
CADTU,NULL,1440612676361,0,Not yet rated,NULL,N/A
DSKX,$3.0599,1440612676392,"92,661",100% bullish,of 1 rating,N/A
DXPE,$26.81,1440612676451,"73,051",50% bullish,of 2 ratings,N/A
CADTR,NULL,1440612676496,0,Not yet rated,NULL,N/A
DTSI,$26.235,1440612676525,"26,149",100% bearish,of 2 ratings,$39.50
CADTW,NULL,1440612676578,0,Not yet rated,NULL,N/A
DSPG,$8.41,1440612676628,"14,525",100% bearish,of 1 rating,$13.50
DRRX,$1.9199,1440612676717,"229,490",50% bullish,of 6 ratings,$3
DNKN,$50.42,1440612676756,"421,802",67% bullish,of 15 ratings,$56.50
DYAX,$22.31,1440612676784,"285,885",89% bullish,of 9 ratings,$30
DYSL,$1.43,1440612676952,"85,374",100% bullish,of 2 ratings,N/A
BOOM,$9.02,1440612676979,"53,524",67% bullish,of 3 ratings,$12
DYNT,$2.98,1440612677111,"3,448",75% bullish,of 4 ratings,N/A
DVAX,$25.865,1440612677155,"83,635",70% bullish,of 10 ratings,$40
ETFC,$24.78,1440612677339,"1,466,061",57% bullish,of 14 ratings,$33
EGBN,$41.28,1440612677397,"57,133",Not yet rated,NULL,$48
EBMT,$11.19,1440612677429,"1,845",Not yet rated,NULL,$13.50
EGLE,$6.36,1440612677470,"5,650",60% bullish,of 5 ratings,N/A
EROC,$1.231,1440612677535,"197,396",50% bullish,of 2 ratings,$3
EGRX,$77.61,1440612677564,"231,924",67% bullish,of 3 ratings,$97
ELNK,$8.0599,1440612677598,"333,273",60% bullish,of 5 ratings,$9.50
EACQU,$10.2,1440612677635,"1,000",Not yet rated,NULL,N/A
EWBC,$37.7,1440612677777,"1,034,060",100% bearish,of 1 rating,$50
EVBS,$6.5,1440612677939,"1,518",Not yet rated,NULL,$7
EML,$16.79,1440612677966,"3,757",Not yet rated,NULL,N/A
EBAY,$25.58,1440612677987,"4,635,634",81% bullish,of 117 ratings,$48
ELON,$0.5397,1440612678046,"68,661",50% bullish,of 2 ratings,N/A
EBIX,$26.7099,1440612678320,"113,554",69% bullish,of 13 ratings,$40
ECTE,$1.402,1440612678379,"11,286",75% bullish,of 4 ratings,N/A
EDAP,$3.48,1440612678525,"73,987",60% bullish,of 5 ratings,$4.50
EEI,$10.99,1440612678556,402,67% bearish,of 3 ratings,N/A
ESES,$3.0501,1440612678585,286,100% bearish,of 1 rating,$7
ECACU,$10.06,1440612678608,"4,100",Not yet rated,NULL,N/A
SATS,$42.71,1440612678639,"59,062",50% bullish,of 2 ratings,$60
ECHO,$22.9,1440612678673,"121,184",67% bearish,of 3 ratings,$35.50
EDUC,$4.9,1440612678786,"1,233",100% bearish,of 1 rating,N/A
EDGW,$6.73,1440612678923,"13,697",100% bearish,of 1 rating,N/A
EFUT,$4.2843,1440612679015,400,Not yet rated,NULL,N/A
EGAN,$3.25,1440612679061,"23,851",50% bullish,of 2 ratings,$6.25
EGLT,$10.44,1440612679188,"24,446",50% bullish,of 2 ratings,$21
EHTH,$13.63,1440612679291,"33,611",50% bullish,of 4 ratings,$16.50
EMITF,$1.24,1440612679327,"5,065",75% bullish,of 4 ratings,N/A
LOCO,$11.71,1440612679352,"326,075",69% bullish,of 13 ratings,$20
ERI,$9.4199,1440612679426,"38,859",100% bearish,of 1 rating,$10
ESIO,$4.2,1440612679457,"87,853",50% bullish,of 2 ratings,$10
ESLT,$74.4255,1440612679534,"13,254",67% bullish,of 3 ratings,N/A
ELRC,$10.41,1440612679564,"18,412",100% bearish,of 1 rating,N/A
EA,$64.67,1440612679639,"1,602,503",77% bullish,of 35 ratings,$80
ELSE,$3.85,1440612679822,206,60% bullish,of 5 ratings,N/A
ELEC,NULL,1440612679847,0,Not yet rated,NULL,N/A
EFII,$42.908,1440612680093,"106,572",80% bullish,of 5 ratings,$55
RDEN,$10.39,1440612680167,"38,705",100% bearish,of 4 ratings,$15
EBIO,$3.13,1440612680193,"286,148",100% bearish,of 2 ratings,$8.35
ELECW,NULL,1440612680222,0,Not yet rated,NULL,N/A
CAPX,NULL,1440612680247,0,Not yet rated,NULL,N/A
ELECU,NULL,1440612680279,0,Not yet rated,NULL,N/A
ELTK,$1.16,1440612680383,"30,233",67% bearish,of 3 ratings,N/A
LONG,$16.6,1440612680413,"60,906",67% bullish,of 3 ratings,$15.75
ESBK,$19.5136,1440612680593,"1,500",Not yet rated,NULL,N/A
EMMS,$1.14,1440612680695,"27,462",67% bullish,of 6 ratings,N/A
EMMSP,NULL,1440612680839,0,100% bearish,of 1 rating,N/A
EMCF,NULL,1440612680869,0,100% bearish,of 1 rating,N/A
EMCI,$22.845,1440612680972,"11,547",Not yet rated,NULL,N/A
EMKR,$6.94,1440612681054,"61,059",75% bullish,of 4 ratings,$8.50
NYNY,$4.1192,1440612681129,"29,623",50% bullish,of 2 ratings,N/A
ERS,$2.82,1440612681195,"3,700",Not yet rated,NULL,N/A
ENTA,$39.19,1440612681258,"72,416",50% bullish,of 2 ratings,$42
WIRE,$30.65,1440612681286,"20,368",100% bearish,of 1 rating,$37
ENDP,$74.24,1440612681341,"659,394",50% bullish,of 6 ratings,$104
ECYT,$4.98,1440612681366,"131,440",83% bullish,of 6 ratings,$12
EIGI,$14.88,1440612681535,"395,218",67% bearish,of 3 ratings,$22.50
ELGX,$12.34,1440612681561,"266,436",75% bullish,of 4 ratings,$17
WATT,$6.1,1440612681590,"118,356",50% bullish,of 2 ratings,$13
ECPG,$38.5199,1440612681688,"55,429",100% bullish,of 2 ratings,$52
ERII,$2.69,1440612681786,"51,406",80% bullish,of 5 ratings,$2.50
EFOI,$17.37,1440612681812,"626,704",50% bullish,of 2 ratings,$20.50
ENPH,$4.5,1440612681944,"348,215",75% bullish,of 4 ratings,$11
EXXI,$1.44,1440612682025,"730,954",86% bullish,of 7 ratings,$3.50
ENOC,$8.3,1440612682055,"86,273",75% bullish,of 4 ratings,$18
ENG,$0.9901,1440612682159,"39,053",100% bullish,of 3 ratings,N/A
ENFC,$17.82,1440612682350,800,Not yet rated,NULL,N/A
ETRM,$0.237,1440612682385,"475,262",69% bearish,of 35 ratings,$1.625
ENTG,$13.325,1440612682420,"177,306",100% bearish,of 1 rating,$18
ESGR,$144.615,1440612682483,"18,675",100% bearish,of 1 rating,$185
EBTC,$21,1440612682512,"1,704",Not yet rated,NULL,N/A
ENTL,$21.68,1440612682566,"9,765",Not yet rated,NULL,$28
EFSC,$23.6,1440612682648,"15,007",Not yet rated,NULL,$27
EGT,$2.0999,1440612682751,693,100% bullish,of 1 rating,N/A
ENZY,$9.0999,1440612682925,"3,641",67% bullish,of 3 ratings,$9.50
ENZN,$0.96,1440612682964,"166,260",100% bullish,of 9 ratings,N/A
ENVI,$1.83,1440612683027,"2,280",67% bullish,of 3 ratings,N/A
EPRS,$4.7,1440612683134,"36,533",82% bullish,of 11 ratings,$15
PLUS,$75.27,1440612683160,"16,248",50% bullish,of 2 ratings,$88
EQIX,$255.765,1440612683294,"250,941",75% bullish,of 4 ratings,$312.50
EPIQ,$12.96,1440612683332,"34,888",100% bearish,of 1 rating,$18
ERIC,$9.56,1440612683429,"1,732,598",67% bullish,of 9 ratings,$12.20
EAC,$3.25,1440612683455,"8,211",100% bearish,of 1 rating,$8
EPZM,$17.13,1440612683476,"79,785",60% bullish,of 5 ratings,$34
EQFN,NULL,1440612683512,0,100% bearish,of 1 rating,N/A
ESCA,$16.904,1440612683839,"5,282",100% bearish,of 1 rating,$22
ERIE,$80.93,1440612683875,"6,683",Not yet rated,NULL,$73
ESCR,$0.1599,1440612683914,"3,978",50% bullish,of 2 ratings,N/A
ESMC,NULL,1440612683981,0,Not yet rated,NULL,N/A
ESCRP,$1.17,1440612684043,"2,002",100% bearish,of 1 rating,N/A
ESPR,$51.67,1440612684126,"467,118",70% bearish,of 10 ratings,$123
ESND,$33.31,1440612684272,"44,937",100% bearish,of 2 ratings,$40
ESSA,$12.68,1440612684301,"3,450",100% bearish,of 1 rating,N/A
ETSY,$12.87,1440612684323,"235,534",80% bullish,of 5 ratings,$16
ESSX,$0.4199,1440612684352,"14,438",50% bullish,of 2 ratings,N/A
EPIX,$4.85,1440612684487,"2,100",Not yet rated,NULL,N/A
EVEP,$7.2558,1440612684520,"182,343",50% bullish,of 2 ratings,$15
CLWT,$2.56,1440612684546,500,100% bearish,of 1 rating,N/A
EEFT,$64.06,1440612684676,"77,455",100% bearish,of 1 rating,$67.50
EVK,$3.63,1440612684704,"4,350",75% bearish,of 4 ratings,N/A
ESEA,$5.69,1440612684775,200,100% bullish,of 1 rating,$15
EVLV,$2.14,1440612684918,"73,583",60% bullish,of 5 ratings,$6.50
EVOK,$3.84,1440612684944,"49,684",100% bearish,of 1 rating,$13.375
EXAS,$20.22,1440612685070,"350,017",78% bullish,of 9 ratings,$31
EVOL,$5.84,1440612685096,"5,864",75% bullish,of 4 ratings,$10
EXA,$10.95,1440612685124,"4,843",100% bearish,of 1 rating,$13
EXPE,$112.06,1440612685254,"587,363",64% bullish,of 11 ratings,$130
EXAC,$18.02,1440612685287,"10,016",100% bearish,of 1 rating,$22.50
EXEL,$5.33,1440612685314,"1,807,700",81% bullish,of 16 ratings,$6
EXFO,$2.7,1440612685341,"2,400",67% bearish,of 3 ratings,$3.95
EXLS,$35.145,1440612685384,"36,798",50% bullish,of 2 ratings,$41
EXPO,$41.69,1440612685542,"29,935",100% bearish,of 1 rating,$45.50
EXPD,$48.5399,1440612685679,"784,406",80% bullish,of 5 ratings,$52
ESRX,$82.39,1440612685788,"1,435,802",67% bearish,of 6 ratings,$101
EXTR,$2.675,1440612685814,"263,634",80% bullish,of 5 ratings,$3
EXLP,$17.96,1440612685855,"52,852",100% bearish,of 1 rating,$25
EYEG,$3.78,1440612685941,"27,005",Not yet rated,NULL,N/A
EZCH,$20.59,1440612685967,"40,300",75% bullish,of 8 ratings,$19.50
EYEGW,NULL,1440612686043,0,Not yet rated,NULL,N/A
FFIV,$120.71,1440612686133,"365,195",63% bullish,of 8 ratings,$132
EZPW,$5.87,1440612686216,"186,545",50% bullish,of 4 ratings,$7.50
FB,$85.23,1440612686282,"16,284,910",73% bullish,of 1066 ratings,$111
FCS,$13.12,1440612686539,"277,575",67% bearish,of 3 ratings,$17
FWM,$2.38,1440612686567,"49,368",100% bearish,of 2 ratings,$3.20
FALC,$1.5965,1440612686599,"23,143",63% bearish,of 8 ratings,N/A
FRP,$15.34,1440612686625,"82,568",100% bearish,of 1 rating,$18
DAVE,$14.09,1440612686706,"4,537",100% bearish,of 1 rating,$15.50
FARM,$21.62,1440612686772,"11,819",100% bearish,of 1 rating,$35
FFKT,$26.12,1440612686874,"5,180",Not yet rated,NULL,$29
FARO,$37.41,1440612686902,"33,785",50% bullish,of 2 ratings,$48
FMNB,$7.97,1440612686942,"1,850",Not yet rated,NULL,N/A
FATE,$6.41,1440612687074,"20,521",50% bullish,of 2 ratings,$11
FBSS,$15.5,1440612687106,400,Not yet rated,NULL,N/A
FAST,$37.89,1440612687129,"944,169",80% bullish,of 5 ratings,$45.50
FDML,$8.22,1440612687160,"74,175",50% bullish,of 4 ratings,$14
FBRC,$22.1622,1440612687210,"18,893",100% bearish,of 1 rating,$29
FNHC,$21.71,1440612687404,"87,006",100% bearish,of 1 rating,$35
FCSC,$5.347,1440612687560,"72,104",100% bearish,of 1 rating,$8.125
FHCO,$1.3201,1440612687588,"22,949",50% bullish,of 4 ratings,N/A
FENX,$9.53,1440612687614,"49,368",100% bullish,of 1 rating,$14.25
FGEN,$22.6699,1440612687750,"96,639",100% bearish,of 1 rating,$39
FEIC,$73.89,1440612687787,"73,085",50% bullish,of 2 ratings,$95.50
ONEQ,$181.2499,1440612687957,"24,084",100% bullish,of 1 rating,N/A
FDUS,$13.55,1440612688006,"35,711",50% bullish,of 2 ratings,$18
LION,$18.6,1440612688092,"54,796",100% bullish,of 1 rating,$20
FSC,$6.12,1440612688123,"409,244",60% bullish,of 5 ratings,$8
FRGI,$50.485,1440612688157,"47,139",50% bullish,of 2 ratings,$70
FSAM,$8.04,1440612688185,"6,478",100% bearish,of 1 rating,$10.25
FSCFL,$24.11,1440612688224,"4,270",Not yet rated,NULL,N/A
FITB,$18.87,1440612688462,"4,898,776",54% bullish,of 13 ratings,$22
FSFR,$8.64,1440612688488,"41,475",100% bearish,of 1 rating,$11.50
FITBI,$27.24,1440612688736,"5,745",Not yet rated,NULL,N/A
FNGN,$31.97,1440612688780,"160,828",67% bullish,of 3 ratings,$47
FNSR,$15.25,1440612688806,"500,463",71% bullish,of 7 ratings,$24.50
FISI,$24.61,1440612689000,"3,591",100% bullish,of 2 ratings,$24.50
FNTCW,NULL,1440612689065,0,Not yet rated,NULL,N/A
FNTCU,$10.15,1440612689171,10,Not yet rated,NULL,N/A
FNTC,NULL,1440612689207,0,Not yet rated,NULL,N/A
FEYE,$37.21,1440612689238,"1,938,268",87% bullish,of 15 ratings,$55.50
FNLC,$18.45,1440612689265,"4,558",100% bullish,of 1 rating,N/A
FBNC,$16.765,1440612689298,"1,776",100% bullish,of 1 rating,$20
FNJN,$1.6499,1440612689323,"18,212",100% bearish,of 1 rating,$5
FRBA,$6.05,1440612689351,"10,900",Not yet rated,NULL,$8
BUSE,$6.34,1440612689564,"14,392",Not yet rated,NULL,$6.875
FCVA,$4.6,1440612689812,845,Not yet rated,NULL,N/A
FBIZ,$44.01,1440612689837,"16,666",100% bearish,of 2 ratings,$52
FCLF,NULL,1440612690008,0,Not yet rated,NULL,N/A
FCNCA,$230,1440612690040,"1,035",Not yet rated,NULL,N/A
FCAP,$27.02,1440612690175,202,Not yet rated,NULL,N/A
FCFS,$38.16,1440612690202,"113,133",100% bearish,of 3 ratings,$48
FCBC,$17.07,1440612690335,"9,772",Not yet rated,NULL,$18
FBNK,$16.73,1440612690404,"15,885",100% bearish,of 1 rating,$17.50
FDEF,$37.32,1440612690560,"13,702",Not yet rated,NULL,$38
FFBC,$17.82,1440612690586,"75,087",67% bearish,of 3 ratings,$20.25
FFNM,$6.37,1440612690614,200,Not yet rated,NULL,N/A
FCCO,$11.81,1440612690643,"1,904",Not yet rated,NULL,$13.25
FCFP,$6.9,1440612690715,201,Not yet rated,NULL,N/A
FFBCW,NULL,1440612690798,0,100% bearish,of 1 rating,N/A
FFIN,$29.87,1440612690825,"47,761",50% bullish,of 2 ratings,$31.75
FFNW,$11.85,1440612691040,"18,599",Not yet rated,NULL,$14
FFWM,$20.5,1440612691069,"12,544",Not yet rated,NULL,$24
THFF,$32.98,1440612691090,"5,784",Not yet rated,NULL,$35
FMBI,$16.97,1440612691314,"101,639",Not yet rated,NULL,$20
FMBH,$21.56,1440612691400,174,Not yet rated,NULL,N/A
FNBC,$33.64,1440612691458,"15,002",Not yet rated,NULL,$40
FIBK,$26.1406,1440612691484,"34,466",Not yet rated,NULL,$32
INBK,$29.81,1440612691529,"6,327",50% bullish,of 2 ratings,$37
FNFG,$8.6699,1440612691555,"1,022,759",80% bullish,of 5 ratings,$9
FSFG,$30.79,1440612691615,780,Not yet rated,NULL,N/A
FRME,$25.38,1440612691646,"55,310",Not yet rated,NULL,$26.50
FSGI,$2.49,1440612691774,"6,572",Not yet rated,NULL,N/A
FNWB,$11.63,1440612691843,"5,768",Not yet rated,NULL,N/A
FSLR,$45.42,1440612691902,"759,026",74% bullish,of 39 ratings,$65
FSBK,$7.49,1440612692061,"3,308",100% bullish,of 1 rating,N/A
BICK,$18.78,1440612692196,300,100% bullish,of 1 rating,N/A
FCAN,$22.9399,1440612692485,225,Not yet rated,NULL,N/A
IFV,$17.4314,1440612692509,"649,739",100% bearish,of 1 rating,N/A
FBZ,$9.74,1440612692547,200,Not yet rated,NULL,N/A
FEMB,$41.88,1440612692581,18,Not yet rated,NULL,N/A
FTCS,$35.4982,1440612692682,"11,747",100% bearish,of 1 rating,N/A
FV,$22.5799,1440612692712,"1,693,557",100% bearish,of 1 rating,N/A
FEUZ,$31.2,1440612692814,"10,810",Not yet rated,NULL,N/A
FCA,$18.58,1440612692876,"2,365",Not yet rated,NULL,N/A
TDIV,$23.75,1440612692974,"189,462",100% bearish,of 1 rating,N/A
FTSM,$59.8802,1440612693117,"7,025",100% bearish,of 1 rating,N/A
FTGC,$21.6596,1440612693197,"18,486",Not yet rated,NULL,N/A
FGM,$35.35,1440612693222,"39,624",Not yet rated,NULL,N/A
MDIV,$18.748,1440612693246,"207,126",Not yet rated,NULL,N/A
HYLS,$48.7201,1440612693485,"23,020",100% bearish,of 1 rating,N/A
FHK,$32.2,1440612693513,"28,296",Not yet rated,NULL,N/A
FPXI,NULL,1440612693540,0,Not yet rated,NULL,N/A
SKYY,$27.9614,1440612693571,"35,520",100% bullish,of 1 rating,N/A
CU,$11.898,1440612693599,"6,367",100% bearish,of 1 rating,N/A
YDIV,NULL,1440612693679,0,Not yet rated,NULL,N/A
FTHI,$18.71,1440612693783,"8,800",Not yet rated,NULL,N/A
PLTM,$6.14,1440612694088,"6,307",100% bearish,of 1 rating,N/A
FJP,$46.1301,1440612694116,"49,680",Not yet rated,NULL,N/A
QABA,$36.2,1440612694245,"7,479",100% bearish,of 1 rating,N/A
FTLB,NULL,1440612694270,0,100% bearish,of 1 rating,N/A
LMBS,$50.11,1440612694296,200,Not yet rated,NULL,N/A
CIBR,$17.55,1440612694430,"55,006",Not yet rated,NULL,N/A
FONE,$33.7899,1440612694523,100,Not yet rated,NULL,N/A
GRID,NULL,1440612694553,0,100% bearish,of 1 rating,N/A
FMB,$51.04,1440612694624,325,Not yet rated,NULL,N/A
CARZ,$33.5713,1440612694651,"2,698",100% bearish,of 1 rating,N/A
QCLN,$14.0701,1440612694693,"15,352",Not yet rated,NULL,N/A
RDVY,$20.375,1440612694724,"7,273",Not yet rated,NULL,N/A
QQXT,$39.0399,1440612694987,"20,164",Not yet rated,NULL,N/A
QTEC,$38.3934,1440612695013,"27,783",Not yet rated,NULL,N/A
QINC,$19.552,1440612695158,"4,121",Not yet rated,NULL,N/A
FKO,$22.59,1440612695263,300,Not yet rated,NULL,N/A
FTSL,$48.4299,1440612695288,"71,245",100% bearish,of 1 rating,N/A
FDIV,$46.42,1440612695336,934,100% bearish,of 1 rating,N/A
QQEW,$40.287,1440612695431,"105,684",Not yet rated,NULL,N/A
FSZ,$38.94,1440612695463,"50,001",Not yet rated,NULL,N/A
AIRR,$15.6,1440612695490,"1,328",100% bearish,of 1 rating,N/A
FTW,NULL,1440612695511,0,Not yet rated,NULL,N/A
FKU,$40.81,1440612695564,"23,187",Not yet rated,NULL,N/A
FUNC,$8.11,1440612695862,300,Not yet rated,NULL,N/A
TUSA,$24.0699,1440612695920,"6,638",Not yet rated,NULL,N/A
FSV,$31.0899,1440612696066,"6,656",Not yet rated,NULL,$33.60
FMER,$17.43,1440612696271,"639,767",50% bullish,of 2 ratings,$20
FISV,$82.54,1440612696296,"687,081",100% bearish,of 3 ratings,$90
SVVC,$9.325,1440612696335,"7,328",50% bullish,of 2 ratings,$26
FIVE,$35.58,1440612696361,"305,580",75% bearish,of 4 ratings,$44
FPRX,$18.11,1440612696386,"198,728",50% bullish,of 2 ratings,$35
FLXN,$22.93,1440612696546,"34,199",100% bearish,of 1 rating,$40
FIVN,$4.0201,1440612696576,"108,583",100% bullish,of 1 rating,$8.50
FLKS,$12.32,1440612696709,"23,691",50% bullish,of 2 ratings,$27
MBSD,$24.9,1440612696735,700,Not yet rated,NULL,N/A
FLEX,$10.165,1440612696766,"1,119,870",63% bullish,of 8 ratings,$12
FLML,$20.75,1440612696871,"56,614",50% bullish,of 2 ratings,$30
FLXS,$30.5213,1440612696942,"9,585",100% bearish,of 2 ratings,N/A
SKOR,$50.2,1440612697038,100,Not yet rated,NULL,N/A
FLIR,$27.28,1440612697078,"313,073",100% bearish,of 1 rating,$38.50
FLDM,$11.66,1440612697244,"168,585",67% bearish,of 3 ratings,$21.50
FOMX,$9.5,1440612697270,"56,887",50% bullish,of 2 ratings,$23.50
FFIC,$19.75,1440612697301,"49,051",Not yet rated,NULL,$21
FONR,$9.517,1440612697402,"25,597",100% bullish,of 1 rating,N/A
FORTY,$29.58,1440612697528,831,100% bearish,of 1 rating,N/A
FORR,$30.99,1440612697569,"20,385",Not yet rated,NULL,N/A
FOGO,$18.13,1440612697630,"26,442",50% bullish,of 2 ratings,$25.50
FORM,$6.14,1440612697661,"122,289",67% bullish,of 3 ratings,$10.50
FES,$0.927,1440612697698,"29,970",50% bullish,of 2 ratings,$1
FTNT,$42.085,1440612697782,"455,819",80% bullish,of 10 ratings,$52
FBIO,$2.5,1440612697830,"49,970",83% bullish,of 6 ratings,N/A
FWRD,$45.28,1440612698005,"44,320",100% bearish,of 1 rating,$50
FORD,$1.619,1440612698059,"7,680,375",67% bullish,of 3 ratings,N/A
FWP,$25.25,1440612698194,"33,703",100% bearish,of 1 rating,$45
FOSL,$57.795,1440612698243,"445,737",60% bearish,of 5 ratings,$80
FXCB,$17.06,1440612698375,"4,928",Not yet rated,NULL,$19
FRAN,$10.7425,1440612698403,"329,058",50% bullish,of 4 ratings,$15
FMI,$21.07,1440612698425,"71,466",100% bearish,of 2 ratings,$27.50
FRED,$13.02,1440612698457,"79,697",50% bullish,of 2 ratings,$16.50
FOXF,$15.28,1440612698593,"29,427",100% bearish,of 1 rating,$19
FELE,$27.89,1440612698623,"69,631",50% bullish,of 4 ratings,$33
FREE,$0.335,1440612698650,"206,871",92% bullish,of 12 ratings,N/A
FRPT,$12.3,1440612698886,"152,161",67% bearish,of 3 ratings,$23.50
FEIM,$10.51,1440612698914,"2,086",100% bearish,of 1 rating,N/A
RAIL,$19.33,1440612698990,"47,141",100% bearish,of 1 rating,$24.50
FTRPR,$97.1485,1440612699040,"53,219",100% bearish,of 1 rating,N/A
FTD,$28.85,1440612699176,"33,823",100% bearish,of 1 rating,$40
FRPH,$30.56,1440612699207,"1,739",100% bearish,of 1 rating,N/A
FTR,$4.81,1440612699229,"11,696,739",78% bullish,of 27 ratings,$6.25
FSBW,$22.75,1440612699259,"1,138",Not yet rated,NULL,N/A
FSYS,$6.14,1440612699390,"21,192",67% bullish,of 3 ratings,$10
FULL,$3.0701,1440612699468,"16,509",67% bearish,of 3 ratings,$4.25
FCEL,$0.722,1440612699536,"405,412",88% bullish,of 41 ratings,$2.65
FULLL,$25.15,1440612699563,272,Not yet rated,NULL,N/A
FULT,$11.795,1440612699700,"379,986",100% bearish,of 1 rating,$13
FSNN,$2.2,1440612699762,"7,100",67% bullish,of 3 ratings,$6
FTEK,$2.05,1440612699801,"54,018",75% bullish,of 4 ratings,N/A
FFHL,$0.883,1440612699931,"1,100",50% bullish,of 4 ratings,N/A
FXEN,$0.7894,1440612699976,"28,870",75% bullish,of 4 ratings,$1.10
GK,$66.02,1440612700065,"34,234",Not yet rated,NULL,$78
WILC,$4.78,1440612700142,"5,961",100% bullish,of 2 ratings,N/A
GLPG,$60.8,1440612700304,"44,839",100% bullish,of 1 rating,$75
FLL,$1.4799,1440612700372,"15,214",75% bullish,of 4 ratings,$3.50
GALT,$1.755,1440612700432,"37,613",80% bullish,of 5 ratings,N/A
FXENP,$15.86,1440612700459,560,100% bearish,of 1 rating,N/A
GALTU,NULL,1440612700503,0,100% bearish,of 1 rating,N/A
GAIA,$5.8,1440612700530,"5,112",50% bullish,of 2 ratings,$8.50
GALE,$1.4999,1440612700735,"998,392",89% bullish,of 47 ratings,$4
GALTW,NULL,1440612700763,0,100% bullish,of 1 rating,N/A
GLPI,$31.11,1440612700902,"254,097",100% bearish,of 1 rating,$37.50
GPIC,$9.6,1440612701049,359,100% bearish,of 1 rating,N/A
GGACR,NULL,1440612701075,0,100% bullish,of 1 rating,N/A
GGACU,$10.02,1440612701150,872,Not yet rated,NULL,N/A
GLMD,$8.41,1440612701249,"44,074",67% bullish,of 3 ratings,$20.50
GRMN,$37.27,1440612701348,"400,710",50% bullish,of 6 ratings,$46.50
GARS,$14.01,1440612701413,"20,647",Not yet rated,NULL,$16
GGAC,$9.85,1440612701445,189,100% bearish,of 1 rating,N/A
GNCMA,$16.58,1440612701486,"74,985",100% bearish,of 1 rating,$12
GGACW,$0.11,1440612701541,"17,010",Not yet rated,NULL,N/A
GENC,$9.25,1440612701573,520,100% bearish,of 1 rating,N/A
GFN,$3.53,1440612701704,"9,702",100% bearish,of 2 ratings,$8
GENE,$2.04,1440612701902,"70,753",100% bullish,of 12 ratings,N/A
GFNCP,$92,1440612701982,100,Not yet rated,NULL,N/A
GNCA,$12.21,1440612702127,"41,316",100% bearish,of 1 rating,$20
GNMK,$9.37,1440612702161,"60,194",67% bullish,of 6 ratings,$14
GFNSL,$25.63,1440612702234,"1,000",Not yet rated,NULL,N/A
GHDX,$24.88,1440612702291,"50,252",50% bullish,of 2 ratings,$30
GNTX,$15.045,1440612702318,"1,007,868",Not yet rated,NULL,$20
THRM,$41.96,1440612702364,"257,390",75% bearish,of 4 ratings,$55.50
GTWN,NULL,1440612702389,0,Not yet rated,NULL,N/A
GNVC,$2.3,1440612702462,"13,408",90% bullish,of 10 ratings,$8.50
GEOS,$14.06,1440612702656,"56,314",100% bearish,of 3 ratings,$21
GABC,$29.17,1440612702687,"5,855",Not yet rated,NULL,$31
ROCK,$16.235,1440612702730,"30,743",80% bullish,of 5 ratings,$24
GERN,$2.91,1440612702787,"1,152,985",88% bullish,of 16 ratings,$5.25
GIGA,$1.4455,1440612702959,"3,868",100% bearish,of 1 rating,N/A
GEVO,$2.25,1440612702987,"360,919",75% bullish,of 12 ratings,$5
GIGM,$0.5621,1440612703061,"4,700",100% bullish,of 2 ratings,N/A
GIII,$64.87,1440612703121,"57,992",67% bullish,of 3 ratings,$75
GBCI,$24.7,1440612703148,"249,307",50% bullish,of 2 ratings,$31
GILD,$104.66,1440612703280,"4,831,932",91% bullish,of 87 ratings,$129
GLAD,$8.2111,1440612703310,"74,923",50% bullish,of 2 ratings,$8.75
GILT,$4.25,1440612703331,"7,235",50% bullish,of 2 ratings,N/A
GLADO,$25.4,1440612703408,725,Not yet rated,NULL,N/A
GOOD,$14.19,1440612703592,"59,184",Not yet rated,NULL,$19
GOODN,$25.27,1440612703617,300,Not yet rated,NULL,N/A
GOODO,$25,1440612703914,400,Not yet rated,NULL,N/A
GAINN,$25.19,1440612703940,"16,589",Not yet rated,NULL,N/A
GAIN,$7.24,1440612703961,"100,578",100% bullish,of 2 ratings,$8.25
GBT,$40.2,1440612703992,"106,754",100% bearish,of 1 rating,N/A
GOODP,$25.25,1440612704166,15,Not yet rated,NULL,N/A
GAINO,$25.1301,1440612704196,"1,837",Not yet rated,NULL,N/A
LAND,$9.1013,1440612704225,"11,084",50% bullish,of 2 ratings,$13.75
GAINP,$26,1440612704300,"2,644",Not yet rated,NULL,N/A
GLBZ,$11.62,1440612704362,850,Not yet rated,NULL,N/A
GDEF,NULL,1440612704403,0,Not yet rated,NULL,N/A
GBLI,$26.78,1440612704432,"2,201",Not yet rated,NULL,N/A
ENT,$11,1440612704463,"249,369",100% bearish,of 1 rating,$18
GPACU,NULL,1440612704593,0,Not yet rated,NULL,N/A
GSOL,$8.19,1440612704843,"10,917",100% bearish,of 1 rating,N/A
SOCL,$16.86,1440612704870,"37,335",100% bullish,of 2 ratings,N/A
QQQC,$18.0328,1440612704903,"3,390",100% bearish,of 1 rating,N/A
ACTX,$12.5599,1440612704931,100,100% bullish,of 1 rating,N/A
ALTY,NULL,1440612704959,0,Not yet rated,NULL,N/A
YLCO,NULL,1440612705004,0,Not yet rated,NULL,N/A
SRET,NULL,1440612705135,0,Not yet rated,NULL,N/A
GAI,$5.8,1440612705363,946,50% bullish,of 2 ratings,N/A
GLBS,$1.0101,1440612705401,"2,500",67% bullish,of 3 ratings,N/A
GSM,$12.265,1440612705460,"298,020",50% bullish,of 2 ratings,$23
GLUU,$4.18,1440612705484,"860,418",92% bullish,of 26 ratings,$9
GLRI,$1.02,1440612705630,"5,150",100% bearish,of 1 rating,$4.25
GOGO,$15.05,1440612705690,"368,698",80% bullish,of 5 ratings,$25
GBIM,$2.06,1440612705744,"19,603",50% bullish,of 2 ratings,N/A
GLNG,$33.64,1440612705850,"344,908",83% bullish,of 6 ratings,$58
GLDC,$4.0001,1440612705880,100,50% bullish,of 2 ratings,N/A
GLYC,$6.64,1440612705901,"10,517",50% bullish,of 2 ratings,$14
GMLP,$17.18,1440612705938,"85,717",50% bullish,of 4 ratings,$32.50
GDEN,$9.08,1440612706029,"16,186",50% bullish,of 2 ratings,N/A
GBDC,$16.45,1440612706164,"105,367",Not yet rated,NULL,$17.75
GOGL,$2.54,1440612706205,"178,650",75% bullish,of 4 ratings,$5
GTIM,$6.4189,1440612706305,"20,884",Not yet rated,NULL,$11.50
GOOGL,$644.9999,1440612706408,"1,045,502",88% bullish,of 1080 ratings,$749
GOOG,$612.8265,1440612706483,"1,065,440",89% bullish,of 70 ratings,$825
GPIA,NULL,1440612706773,0,Not yet rated,NULL,N/A
GPIAU,NULL,1440612706806,0,Not yet rated,NULL,N/A
GPRO,$44.86,1440612706834,"4,830,419",78% bullish,of 58 ratings,$72
GRVY,$3.25,1440612706942,550,50% bullish,of 2 ratings,N/A
GBSN,$0.3178,1440612706968,"5,968,867",100% bearish,of 1 rating,$8.25
LOPE,$36.22,1440612707047,"73,719",100% bearish,of 2 ratings,$50
GBSNU,NULL,1440612707271,0,NULL,NULL,NULL
GSBC,$39.47,1440612707296,"6,112",100% bullish,of 1 rating,$44
GLDD,$5.23,1440612707424,"93,721",100% bearish,of 4 ratings,$7.75
GMAN,$4.08,1440612707462,"74,908",60% bullish,of 5 ratings,$8.50
GPIAW,NULL,1440612707494,0,Not yet rated,NULL,N/A
GNBC,$11.2,1440612707523,"7,302",100% bearish,of 1 rating,$16.50
GRBK,$12.08,1440612707548,"83,985",77% bullish,of 13 ratings,N/A
GPP,$13.2,1440612707758,"34,160",Not yet rated,NULL,$20.50
GCBC,$28.5,1440612707783,14,100% bullish,of 1 rating,N/A
GPRE,$18.05,1440612707924,"193,005",67% bullish,of 6 ratings,$28.50
GRIF,$30.75,1440612707982,300,100% bearish,of 1 rating,N/A
GRFS,$30.215,1440612708008,"54,392",50% bullish,of 2 ratings,$35
GLRE,$23.5,1440612708187,"60,791",50% bullish,of 2 ratings,$41
GGAL,$18.06,1440612708366,"101,131",80% bullish,of 5 ratings,$40
GSIT,$4.7,1440612708824,"2,203",100% bearish,of 1 rating,N/A
GSIG,$12.55,1440612708855,"35,470",100% bearish,of 2 ratings,N/A
GSVC,$8.27,1440612708955,"17,596",50% bullish,of 2 ratings,$14.50
OMAB,$38.0501,1440612709027,"21,694",100% bullish,of 1 rating,$44
GRPN,$4.075,1440612709098,"4,256,475",61% bullish,of 71 ratings,$6.75
GBNK,$15.42,1440612709362,"7,310",100% bearish,of 1 rating,$18
GUID,$6.73,1440612709580,"63,807",100% bearish,of 3 ratings,$10
GTXI,$0.7884,1440612709637,"11,276",100% bullish,of 5 ratings,$.75
GFED,$14.61,1440612709676,500,Not yet rated,NULL,$17
GULTU,$0.3,1440612709738,"60,800",100% bearish,of 1 rating,N/A
GIFI,$11.17,1440612709775,"24,734",100% bearish,of 1 rating,$16
GPOR,$32.52,1440612709816,"591,750",75% bullish,of 4 ratings,$55
GWPH,$100.5723,1440612710012,"56,203",78% bullish,of 9 ratings,$148.50
GYRO,NULL,1440612710044,0,100% bearish,of 1 rating,N/A
GURE,$1.59,1440612710073,"10,978",88% bullish,of 8 ratings,N/A
GWGH,$7.1101,1440612710094,"1,400",100% bearish,of 1 rating,$15.05
HEES,$17.12,1440612710139,"180,936",67% bearish,of 3 ratings,$31
HALL,$10.8933,1440612710229,"8,031",Not yet rated,NULL,N/A
HNRG,$7.54,1440612710255,"90,649",100% bearish,of 1 rating,$10
HLG,NULL,1440612710312,0,100% bearish,of 1 rating,N/A
HALO,$16.81,1440612710478,"549,763",67% bullish,of 3 ratings,$22.50
HBK,$13.74,1440612710564,304,50% bullish,of 2 ratings,N/A
HBHCL,$24.25,1440612710715,"18,361",Not yet rated,NULL,N/A
HNSN,$0.4996,1440612710849,"27,674",88% bullish,of 8 ratings,$.40
HBHC,$26.03,1440612710879,"133,533",50% bullish,of 2 ratings,$30
HAFC,$23.58,1440612710900,"70,386",100% bullish,of 2 ratings,$28.50
HNH,$26,1440612710933,"1,844",100% bullish,of 1 rating,N/A
HMPR,$1.83,1440612711026,"22,693",100% bullish,of 1 rating,N/A
HRMN,NULL,1440612711125,0,Not yet rated,NULL,N/A
HLIT,$5.55,1440612711158,"133,997",100% bearish,of 1 rating,$6.50
HQCL,$11.6068,1440612711179,"49,634",67% bullish,of 3 ratings,$14
HDNG,$9.53,1440612711256,"10,669",50% bullish,of 4 ratings,N/A
HRMNW,NULL,1440612711324,0,Not yet rated,NULL,N/A
HRMNU,NULL,1440612711349,0,Not yet rated,NULL,N/A
HBIO,$4.473,1440612711617,"30,633",Not yet rated,NULL,$10
HART,$0.86,1440612711647,"66,675",100% bearish,of 1 rating,N/A
HCAP,$12.0501,1440612711674,"3,164",50% bullish,of 2 ratings,$15
TINY,$2.492,1440612711703,"3,650",50% bullish,of 2 ratings,$5.26
HA,$22.53,1440612711745,"239,156",67% bullish,of 9 ratings,$27
HCAPL,$25.24,1440612711809,"2,230",Not yet rated,NULL,N/A
HCOM,$22.04,1440612711835,"7,277",100% bearish,of 1 rating,$28
HAS,$72.23,1440612711908,"504,735",63% bullish,of 8 ratings,$84.50
HWKN,$35.46,1440612712103,"13,066",Not yet rated,NULL,N/A
HWBK,NULL,1440612712131,0,100% bearish,of 1 rating,N/A
HDS,$31.57,1440612712207,"1,289,729",100% bearish,of 2 ratings,$39.50
HAYN,$35.9,1440612712266,"21,313",100% bearish,of 1 rating,$59
HIIQ,$4.2619,1440612712292,"5,346",50% bullish,of 2 ratings,$7
HWAY,$11.96,1440612712543,"105,732",100% bearish,of 1 rating,$15
HQY,$28.34,1440612712601,"62,621",67% bullish,of 3 ratings,$31
HCSG,$32.9,1440612712677,"85,910",50% bullish,of 4 ratings,$35
HTLD,$20.2,1440612712709,"146,065",Not yet rated,NULL,$22.50
HTLF,$35.71,1440612712731,"13,741",100% bullish,of 1 rating,$39.50
HTBX,$5.05,1440612712765,"16,566",50% bullish,of 2 ratings,$15.50
HSTM,$24.34,1440612712787,"18,867",50% bullish,of 2 ratings,$33.75
HTWR,$81.02,1440612712821,"57,291",50% bullish,of 2 ratings,$103
HSII,$19.7,1440612712960,"47,952",100% bullish,of 3 ratings,$25
HMNY,$2.27,1440612713239,200,100% bearish,of 1 rating,N/A
HELE,$83.71,1440612713299,"83,273",67% bearish,of 3 ratings,$100
HSIC,$134.96,1440612713366,"115,824",83% bullish,of 6 ratings,$146
HCACU,$9.9505,1440612713439,"2,000",Not yet rated,NULL,N/A
HNNA,$24.497,1440612713464,"5,682",Not yet rated,NULL,N/A
HERO,NULL,1440612713488,0,NULL,NULL,NULL
HTBK,$10.72,1440612713620,"13,991",Not yet rated,NULL,$12
HMTV,$13.51,1440612713663,"29,150",100% bearish,of 1 rating,$16
HEOP,$7.61,1440612713754,"2,892",Not yet rated,NULL,$8.50
HRTX,$32.65,1440612713913,"386,710",67% bullish,of 6 ratings,$41
HFFC,$15.85,1440612713951,"2,540",Not yet rated,NULL,N/A
MLHR,$26.49,1440612713984,"107,832",50% bullish,of 2 ratings,$33.50
HFWA,$17.53,1440612714083,"8,346",100% bullish,of 1 rating,$20
HCCI,$10.88,1440612714108,"17,313",100% bearish,of 1 rating,$16.50
HSKA,$32.84,1440612714145,"13,109",100% bearish,of 1 rating,$38
HIBB,$37.89,1440612714558,"215,874",100% bearish,of 1 rating,$46.50
HIHO,$3.75,1440612714587,"10,910",Not yet rated,NULL,N/A
HPJ,$2.164,1440612714690,"18,999",75% bullish,of 4 ratings,$12.43
HIMX,$6.36,1440612714730,"472,453",86% bullish,of 21 ratings,$8.50
HIFS,$115.76,1440612714783,"1,082",Not yet rated,NULL,N/A
HMSY,$9.76,1440612714862,"639,992",67% bullish,of 3 ratings,$19.35
HOLX,$38.25,1440612714918,"961,656",67% bullish,of 3 ratings,$42
HSGX,$5.62,1440612714946,"1,300",100% bearish,of 1 rating,$17
HOLI,$16.96,1440612714972,"129,976",50% bullish,of 4 ratings,$27
HBCP,$24.35,1440612715101,"2,047",Not yet rated,NULL,$29
HOMB,$37.18,1440612715133,"89,186",Not yet rated,NULL,$42
HFBL,$21.54,1440612715172,200,Not yet rated,NULL,N/A
AWAY,$27.4986,1440612715428,"330,103",67% bullish,of 3 ratings,$36
HMST,$21.75,1440612715455,"65,527",100% bullish,of 2 ratings,$27
HMIN,$26.27,1440612715476,"67,723",100% bearish,of 2 ratings,$35
HMNF,$11.1422,1440612715515,"2,677",Not yet rated,NULL,N/A
HTBI,$17.96,1440612715624,"13,333",67% bullish,of 3 ratings,$18.625
HKTV,$4.43,1440612715728,"23,145",100% bearish,of 1 rating,N/A
CETC,$0.69,1440612715864,"47,273",86% bullish,of 7 ratings,N/A
HFBC,$11.19,1440612715893,"4,317",Not yet rated,NULL,N/A
HOFT,$23.32,1440612715995,"11,574",100% bearish,of 1 rating,N/A
ZINC,$7.02,1440612716047,"211,757",100% bearish,of 1 rating,$17
HRZN,$10.06,1440612716086,"31,415",50% bullish,of 2 ratings,$14.25
HZNP,$28.233,1440612716141,"681,937",85% bullish,of 20 ratings,$40
HBNC,$22.93,1440612716216,"9,458",100% bullish,of 1 rating,$27
HDP,$23.1,1440612716421,"194,650",67% bearish,of 3 ratings,$30.50
HMHC,$22.17,1440612716451,"659,122",Not yet rated,NULL,$27
HOVNP,$4.38,1440612716515,"2,500",100% bearish,of 1 rating,N/A
HSNI,$60.51,1440612716540,"91,349",Not yet rated,NULL,$80
HWCC,$7.23,1440612716566,"21,859",100% bearish,of 1 rating,$9
HTGM,$5.67,1440612716729,"7,311",100% bearish,of 1 rating,$19.50
HUBG,$37.16,1440612716756,"29,780",100% bearish,of 1 rating,$43
HBMD,$14.28,1440612716781,300,100% bearish,of 1 rating,N/A
HCBK,$9.01,1440612716922,"953,221",83% bullish,of 6 ratings,$8.61
HDSN,$3.06,1440612716969,"5,789",100% bullish,of 1 rating,$6.25
HSON,$2.53,1440612716998,"4,003",100% bearish,of 1 rating,$5
HBANP,$1350,1440612717066,25,100% bearish,of 1 rating,N/A
HBAN,$10.39,1440612717095,"3,652,845",76% bullish,of 17 ratings,$12.29
HURN,$72.77,1440612717324,"87,763",50% bullish,of 2 ratings,$80
HURC,$29.21,1440612717366,"3,400",100% bearish,of 1 rating,N/A
HTCH,$1.45,1440612717434,"43,808",100% bearish,of 1 rating,$3.50
HDRAR,NULL,1440612717463,0,Not yet rated,NULL,N/A
HDRA,NULL,1440612717500,0,Not yet rated,NULL,N/A
HBP,$3.06,1440612717532,"6,673",100% bullish,of 1 rating,N/A
HDRAU,NULL,1440612717635,0,Not yet rated,NULL,N/A
IKGH,$1.5084,1440612717939,"8,072",75% bullish,of 4 ratings,N/A
IDSY,$3.73,1440612717980,"76,557",100% bearish,of 1 rating,$7
HDRAW,NULL,1440612718010,0,Not yet rated,NULL,N/A
IBKC,$57.98,1440612718031,"81,865",100% bullish,of 1 rating,$70
IACI,$68.29,1440612718065,"333,978",75% bullish,of 4 ratings,$90
HYGS,$7.75,1440612718120,"15,145",50% bullish,of 2 ratings,$13
ICAD,$3.39,1440612718162,"66,330",50% bullish,of 2 ratings,$7.25
ICFI,$34,1440612718295,"25,539",50% bullish,of 2 ratings,$48.50
IEP,$68.87,1440612718439,"46,559",75% bullish,of 4 ratings,$99
IPWR,$7.02,1440612718465,"8,889",100% bullish,of 1 rating,$15
ICON,$12.61,1440612718510,"406,672",50% bullish,of 2 ratings,$18.50
ICUI,$111.91,1440612718535,"26,346",Not yet rated,NULL,$122
ICLR,$76.9201,1440612718608,"224,159",100% bearish,of 3 ratings,$85
INVE,$4.27,1440612718717,"14,238",75% bullish,of 4 ratings,$4
IDRA,$2.66,1440612718862,"514,700",89% bullish,of 9 ratings,$6.50
IDXX,$71.01,1440612718921,"150,819",100% bearish,of 1 rating,$77
DSKY,$10.62,1440612718949,"80,242",67% bullish,of 6 ratings,$11.50
IROQ,$16.76,1440612718996,"1,235",100% bullish,of 1 rating,N/A
RXDX,$12.52,1440612719022,"52,459",100% bullish,of 1 rating,$20
IRG,$4.56,1440612719047,"17,441",100% bearish,of 1 rating,$4.50
IIVI,$16.9,1440612719248,"63,095",100% bearish,of 1 rating,$22
KANG,$14.84,1440612719384,"223,276",50% bullish,of 2 ratings,$22.55
IKAN,$2.7201,1440612719414,"29,212",83% bullish,of 6 ratings,$5
IKNX,$11.95,1440612719466,100,100% bearish,of 1 rating,N/A
ILMN,$191.37,1440612719512,"1,359,825",80% bullish,of 5 ratings,$240
ISNS,$3.94,1440612719608,"7,900",50% bullish,of 2 ratings,N/A
IMMR,$11.67,1440612719668,"46,028",80% bullish,of 5 ratings,$15.50
ICCC,$7.66,1440612719743,"7,043",100% bullish,of 1 rating,N/A
IMNP,$1.2199,1440612719876,"106,196",50% bullish,of 2 ratings,$6
IMDZ,$14.76,1440612719906,"51,096",100% bearish,of 1 rating,$33
IMGN,$13.13,1440612719947,"434,761",75% bullish,of 4 ratings,$17.50
IPXL,$42.65,1440612720006,"223,218",67% bullish,of 3 ratings,$46.50
IMMU,$1.845,1440612720132,"274,643",86% bullish,of 7 ratings,$2
INCR,$41.56,1440612720160,"84,012",50% bullish,of 2 ratings,$53
IMMY,$7.3,1440612720196,"6,902",100% bearish,of 1 rating,$11
SAAS,$7.34,1440612720294,"123,013",50% bullish,of 2 ratings,$15
INCY,$104.19,1440612720335,"404,733",50% bullish,of 6 ratings,$125.50
IBCP,$14.0444,1440612720465,"40,170",100% bullish,of 1 rating,$14.50
INDB,$43.68,1440612720597,"30,357",Not yet rated,NULL,$44
IBTX,$39.37,1440612720654,"20,001",100% bullish,of 2 ratings,$47.25
IDSA,$3.35,1440612720744,"5,156",Not yet rated,NULL,N/A
INFI,$8.59,1440612720783,"223,088",50% bullish,of 4 ratings,$18
INFN,$20.68,1440612720810,"1,325,978",71% bullish,of 7 ratings,$28
III,$3.96,1440612720943,"9,220",57% bullish,of 7 ratings,$6
IPCC,$77.64,1440612720978,"6,156",Not yet rated,NULL,$77.50
IFON,$1.2024,1440612721150,"10,680",75% bullish,of 4 ratings,N/A
IMKTA,$51.05,1440612721190,"31,446",100% bearish,of 1 rating,N/A
INWK,$6.86,1440612721221,"55,275",50% bullish,of 2 ratings,$10
IPHS,$46.17,1440612721292,"36,956",100% bearish,of 1 rating,$60
INNL,$12.4,1440612721319,"1,365",100% bearish,of 1 rating,$16.50
INOD,$2.39,1440612721352,"10,620",100% bearish,of 1 rating,N/A
ISSC,$2.86,1440612721638,"5,138",67% bearish,of 3 ratings,N/A
ITEK,$11.45,1440612721700,"325,852",100% bearish,of 3 ratings,$20
INO,$6.55,1440612721727,"426,227",89% bullish,of 18 ratings,$20
INOV,$20.62,1440612721748,"219,671",100% bearish,of 1 rating,$33
INGN,$46.11,1440612721778,"61,932",100% bearish,of 1 rating,$50.50
IOSP,$47.14,1440612721804,"136,518",100% bearish,of 1 rating,N/A
ISIG,$2.6,1440612721965,"7,200",100% bearish,of 1 rating,N/A
NSIT,$25.3107,1440612721997,"71,299",50% bullish,of 2 ratings,N/A
PODD,$28.72,1440612722102,"123,210",67% bearish,of 3 ratings,$35
INSM,$23.23,1440612722155,"152,290",71% bullish,of 7 ratings,$31.50
IIIN,$17.175,1440612722315,"26,463",100% bearish,of 2 ratings,N/A
INSY,$32,1440612722346,"186,318",75% bullish,of 4 ratings,$48
NTEC,$5.55,1440612722367,"37,299",100% bearish,of 1 rating,N/A
IDTI,$17.522,1440612722400,"796,121",60% bullish,of 5 ratings,$25
IART,$58.76,1440612722448,"172,737",100% bearish,of 1 rating,$71.50
ISSI,$21.955,1440612722653,"123,575",67% bullish,of 3 ratings,$19.75
INTC,$26.94,1440612722732,"15,695,310",82% bullish,of 238 ratings,$36
IQNT,$18.2,1440612722788,"85,332",86% bullish,of 7 ratings,$20
IPCI,$2.11,1440612722960,"42,993",67% bullish,of 6 ratings,$8
IBKR,$37.262,1440612722990,"230,600",100% bullish,of 1 rating,N/A
IESC,$7.25,1440612723017,"1,893",100% bearish,of 1 rating,N/A
ICPT,$176.236,1440612723066,"157,177",70% bullish,of 10 ratings,$359.50
IPAR,$25.7,1440612723098,"17,179",67% bullish,of 3 ratings,$38
ININ,$34.775,1440612723192,"28,967",67% bearish,of 3 ratings,$57
ICLD,$1.74,1440612723229,"101,060",75% bullish,of 4 ratings,N/A
ICLDW,NULL,1440612723267,0,100% bearish,of 1 rating,N/A
TILE,$23.49,1440612723494,"251,127",100% bearish,of 3 ratings,$27
INAP,$7.83,1440612723531,"70,126",75% bullish,of 4 ratings,$11
IDCC,$47.64,1440612723557,"87,663",80% bullish,of 5 ratings,$63
IMI,$1.99,1440612723588,"100,335",67% bullish,of 3 ratings,$2.22
IBOC,$24.56,1440612723690,"42,765",100% bearish,of 1 rating,N/A
ISCA,$30.42,1440612723718,"62,067",100% bearish,of 1 rating,N/A
IIJI,$10.13,1440612723906,100,50% bullish,of 2 ratings,$11.50
IGLD,$6.9701,1440612723934,"3,215",50% bullish,of 2 ratings,N/A
INPH,$0.29,1440612724082,"12,900",50% bullish,of 2 ratings,N/A
XENT,$25.42,1440612724114,"66,007",50% bullish,of 2 ratings,$36.50
INTX,$2.04,1440612724158,"126,718",67% bullish,of 3 ratings,N/A
ISIL,$10.09,1440612724183,"269,328",50% bullish,of 6 ratings,$15
PTNT,$2.98,1440612724210,"10,502",Not yet rated,NULL,N/A
IVAC,$4.67,1440612724376,"12,561",100% bearish,of 1 rating,$6.625
INTL,$25.88,1440612724402,"34,216",67% bearish,of 3 ratings,N/A
ITCI,$25.07,1440612724625,"316,034",75% bearish,of 4 ratings,$40
INTLL,$25.6499,1440612724654,"3,925",Not yet rated,NULL,N/A
IILG,$19.5,1440612724676,"52,524",100% bearish,of 1 rating,$29
INTU,$82.8,1440612724709,"1,519,358",86% bullish,of 7 ratings,$107.50
IIN,$6.02,1440612724741,100,100% bearish,of 1 rating,$12
ISRG,$505.93,1440612724840,"69,072",67% bullish,of 3 ratings,$600
INVT,$0.2699,1440612724867,"26,302",67% bullish,of 3 ratings,N/A
ISTR,$15.54,1440612725030,"1,902",100% bearish,of 1 rating,$18.50
SNAK,$8.4,1440612725059,"82,655",50% bullish,of 2 ratings,$14
ITIC,$71,1440612725162,600,100% bearish,of 2 ratings,N/A
IVTY,$13.55,1440612725264,"5,354",Not yet rated,NULL,$18
NVIV,$9.48,1440612725432,"105,753",50% bullish,of 4 ratings,$24.50
ISBC,$11.41,1440612725490,"898,569",100% bullish,of 1 rating,$13.25
IPAS,$1.07,1440612725519,"2,484",67% bullish,of 3 ratings,N/A
DFVL,NULL,1440612725539,0,Not yet rated,NULL,N/A
DTUL,NULL,1440612725573,0,Not yet rated,NULL,N/A
IPGP,$83.63,1440612725671,"136,632",100% bearish,of 2 ratings,$109.50
IPCM,$79.14,1440612725700,"73,015",50% bullish,of 2 ratings,$80.125
IRMD,$25.55,1440612725970,"4,558",67% bearish,of 3 ratings,$25
IRIX,$6.72,1440612726020,"34,007",100% bearish,of 1 rating,N/A
IRDMB,$271.95,1440612726070,906,67% bearish,of 3 ratings,N/A
IRWD,$10.79,1440612726095,"391,801",100% bearish,of 1 rating,$13
IRBT,$27.77,1440612726238,"150,127",67% bullish,of 6 ratings,$37
IRDM,$6.9,1440612726285,"218,663",60% bullish,of 5 ratings,$11.50
IRCP,NULL,1440612726331,0,100% bullish,of 2 ratings,N/A
IFAS,NULL,1440612726417,0,NULL,NULL,NULL
GNMA,$50.2,1440612726446,"2,688",Not yet rated,NULL,N/A
FCHI,NULL,1440612726469,0,NULL,NULL,NULL
COMT,$31.0801,1440612726672,"4,598",100% bearish,of 1 rating,N/A
IFEU,$37.7401,1440612726698,"31,536",Not yet rated,NULL,N/A
IFNA,NULL,1440612726716,0,NULL,NULL,NULL
ACWX,$39.8499,1440612726859,"836,566",100% bearish,of 1 rating,N/A
ACWI,$54.28,1440612726929,"1,340,830",Not yet rated,NULL,N/A
IFGL,$28.05,1440612727002,"35,460",Not yet rated,NULL,N/A
AXJS,NULL,1440612727356,0,NULL,NULL,NULL
EEMA,$48.32,1440612727393,"7,577",Not yet rated,NULL,N/A
EMEY,NULL,1440612727411,0,NULL,NULL,NULL
AAIT,NULL,1440612727438,0,NULL,NULL,NULL
EMDI,NULL,1440612727490,0,NULL,NULL,NULL
AAXJ,$51.63,1440612727519,"1,835,030",Not yet rated,NULL,N/A
EGRW,NULL,1440612727623,0,NULL,NULL,NULL
EVAL,NULL,1440612727735,0,NULL,NULL,NULL
EEME,NULL,1440612727758,0,NULL,NULL,NULL
EEML,$26.53,1440612727783,"2,086",Not yet rated,NULL,N/A
EUFN,$21.56,1440612727960,"342,355",100% bearish,of 1 rating,N/A
QAT,$20.285,1440612727986,688,Not yet rated,NULL,N/A
IEUS,$44.9632,1440612728011,"5,051",100% bearish,of 1 rating,N/A
IBB,$331.91,1440612728216,"668,374",63% bullish,of 8 ratings,N/A
UAE,$16.815,1440612728249,300,Not yet rated,NULL,N/A
SOXX,$78.49,1440612728270,"335,409",50% bullish,of 2 ratings,N/A
EMIF,$27.373,1440612728352,"30,946",Not yet rated,NULL,N/A
ICLN,$9.0701,1440612728405,"9,359",50% bullish,of 2 ratings,N/A
WOOD,$46.6432,1440612728435,"5,693",50% bullish,of 2 ratings,N/A
INDY,$27.0099,1440612728567,"80,824",50% bullish,of 2 ratings,N/A
ISIS,$47.52,1440612728671,"825,054",53% bullish,of 15 ratings,$67
ISHG,$80.2413,1440612728711,"23,793",100% bearish,of 1 rating,N/A
IGOV,$91.88,1440612728752,"36,819",100% bearish,of 1 rating,N/A
ISRL,$125,1440612728850,115,100% bearish,of 1 rating,N/A
ITRI,$29.625,1440612729045,"149,481",Not yet rated,NULL,$37
ITUS,NULL,1440612729121,0,Not yet rated,NULL,N/A
ISLE,$16.24,1440612729150,"106,199",50% bullish,of 4 ratings,$16
XXIA,$14.92,1440612729183,"120,237",71% bullish,of 7 ratings,$14.625
JJSF,$113.3385,1440612729210,"19,880",100% bearish,of 1 rating,N/A
ITRN,$23.58,1440612729280,"1,286",50% bullish,of 2 ratings,N/A
MAYS,NULL,1440612729308,0,Not yet rated,NULL,N/A
IXYS,$10.43,1440612729354,"42,982",50% bullish,of 4 ratings,N/A
JBHT,$72.49,1440612729490,"622,533",50% bullish,of 4 ratings,$89.50
JCOM,$66.92,1440612729599,"143,241",100% bullish,of 2 ratings,$77
JASO,$7.46,1440612729630,"442,634",82% bullish,of 17 ratings,$10
JKHY,$67.35,1440612729703,"384,304",50% bullish,of 2 ratings,$72
JAXB,$12.28,1440612729901,"64,500",100% bullish,of 1 rating,N/A
JAGX,$2.78,1440612729933,"2,000",Not yet rated,NULL,N/A
JACK,$78.88,1440612729976,"166,706",83% bullish,of 6 ratings,$105
JAKK,$9.23,1440612730004,"205,100",60% bearish,of 5 ratings,$11
JRVR,$26.38,1440612730033,"27,854",Not yet rated,NULL,$32
JXSB,$23.71,1440612730059,600,Not yet rated,NULL,N/A
JMBA,$13.31,1440612730094,"71,494",75% bullish,of 4 ratings,$18
ERW,NULL,1440612730188,0,Not yet rated,NULL,N/A
JASNW,NULL,1440612730337,0,50% bullish,of 2 ratings,N/A
JASN,$4.81,1440612730364,"10,393",50% bullish,of 2 ratings,$9.50
JAZZ,$162.45,1440612730391,"151,597",80% bullish,of 15 ratings,$206.50
JD,$25.15,1440612730412,"3,889,367",75% bullish,of 16 ratings,$36
JBLU,$21.87,1440612730629,"2,816,885",94% bullish,of 18 ratings,$27
JST,$3.745,1440612730675,"21,873",75% bullish,of 4 ratings,N/A
DATE,$5.6801,1440612730714,"89,236",75% bullish,of 4 ratings,$9
JCTCF,$9.5,1440612730742,100,100% bullish,of 1 rating,N/A
JOEZ,$0.18,1440612731039,"155,054",92% bullish,of 12 ratings,N/A
JIVE,$4.27,1440612731070,"255,522",75% bullish,of 4 ratings,$5
JTPY,$2.92,1440612731100,920,100% bearish,of 1 rating,N/A
WYIGU,$10.01,1440612731125,"64,843",Not yet rated,NULL,N/A
JBSS,$52.46,1440612731168,"19,174",67% bearish,of 3 ratings,N/A
JUNO,$35.42,1440612731266,"608,642",73% bullish,of 11 ratings,$71.50
JOUT,$22.77,1440612731308,"5,886",100% bearish,of 1 rating,$34
KTWO,$20.984,1440612731590,"62,035",100% bearish,of 1 rating,$28.50
KBIO,$2.03,1440612731621,"149,895",50% bullish,of 4 ratings,N/A
JNP,$9.455,1440612731647,"10,415",100% bullish,of 3 ratings,$15
KNDI,$6.0797,1440612731672,"171,529",86% bullish,of 22 ratings,N/A
KMDA,$3.2999,1440612731724,"2,900",50% bullish,of 2 ratings,$8
KALU,$78.58,1440612731866,"44,702",67% bearish,of 3 ratings,$91
KBSF,$4,1440612731967,401,100% bullish,of 1 rating,N/A
KPTI,$12.913,1440612731992,"94,939",67% bearish,of 3 ratings,$39
KCAP,$4.46,1440612732126,"79,763",75% bullish,of 4 ratings,$6
KCLI,$46.0388,1440612732177,"7,436",Not yet rated,NULL,N/A
