Symbol,Price,Date,Volume,Rating,RatingVoteCount,OneYearEstimate
FLWS,$8.61,1441030202961,"33,693",80% bullish,of 5 ratings,$15
FCTY,$7.77,1441030203092,800,100% bullish,of 1 rating,$8.50
SRCE,$29.31,1441030203149,"1,183",100% bullish,of 3 ratings,$33
FCCY,NULL,1441030203344,0,100% bullish,of 1 rating,$13
TWOU,$34.935,1441030203511,"34,907",50% bullish,of 2 ratings,$39
VNET,$17.8,1441030203537,"78,943",60% bullish,of 5 ratings,$35
DGLD,$82.276,1441030203715,"3,898",100% bullish,of 1 rating,N/A
UGLD,$9.1344,1441030203895,"43,384",100% bearish,of 1 rating,N/A
USLV,$12.0201,1441030203921,"82,300",86% bullish,of 7 ratings,N/A
JOBS,$26.89,1441030204232,"8,738",50% bullish,of 4 ratings,$36
DSLV,$71.75,1441030204387,950,100% bearish,of 1 rating,N/A
CAFD,$14.95,1441030204704,"19,487",Not yet rated,NULL,$25
SIXD,$2.4,1441030204731,"42,669",Not yet rated,NULL,N/A
EGHT,$7.89,1441030204806,"21,788",82% bullish,of 17 ratings,$11
AVHI,$13.822,1441030205072,"3,600",100% bearish,of 1 rating,$19
SHLM,$33.43,1441030205214,"2,895",100% bearish,of 1 rating,$47
AAON,$20.43,1441030205251,"2,405",100% bearish,of 1 rating,$24
ABAX,$47.81,1441030205459,"3,974",100% bearish,of 1 rating,$60
ABY,$23.02,1441030205596,"45,432",100% bearish,of 2 ratings,$46
ABGB,$5.875,1441030205665,"9,074",67% bullish,of 3 ratings,$5.50
ABEO,$4.75,1441030206025,"13,786",50% bullish,of 4 ratings,$15.50
ABEOW,$2,1441030206128,"2,000",100% bullish,of 1 rating,N/A
ABMD,$98.86,1441030206416,"25,800",75% bullish,of 4 ratings,$100.50
AXAS,$1.88,1441030206476,"74,447",78% bullish,of 9 ratings,$3.50
ACTG,$9.23,1441030206631,"5,395",67% bullish,of 3 ratings,$18.50
ACHC,$73.985,1441030206794,"19,506",50% bullish,of 2 ratings,$92
ACAD,$37.54,1441030206898,"54,825",80% bullish,of 20 ratings,$48
ACST,$0.35,1441030207003,200,100% bullish,of 2 ratings,N/A
AXDX,$19.4,1441030207191,"3,588",100% bearish,of 1 rating,N/A
XLRN,$29.6,1441030207363,"5,197",50% bullish,of 2 ratings,$57
ANCX,$20.2,1441030207592,"2,735",Not yet rated,NULL,$20
ARAY,$6.9,1441030207721,"126,074",100% bearish,of 1 rating,$10.50
VXUP,$1.655,1441030207754,"4,668",100% bearish,of 1 rating,N/A
VXDN,$1.795,1441030207855,"8,430",100% bearish,of 1 rating,N/A
TFSCW,NULL,1441030207879,0,100% bearish,of 1 rating,N/A
ACRX,$4.27,1441030207909,"20,617",67% bearish,of 6 ratings,$5.50
TFSCU,NULL,1441030208010,0,Not yet rated,NULL,N/A
PIH,NULL,1441030208048,0,100% bearish,of 1 rating,N/A
TFSC,NULL,1441030208093,0,100% bearish,of 1 rating,N/A
TFSCR,NULL,1441030208126,0,Not yet rated,NULL,N/A
ACET,$22.54,1441030208226,"7,070",75% bullish,of 4 ratings,$30
ACHN,$7.55,1441030208284,"224,945",90% bullish,of 21 ratings,$16
ACNB,NULL,1441030208309,0,Not yet rated,NULL,N/A
ACIW,$21.34,1441030208443,"22,325",67% bearish,of 3 ratings,$24
AKAO,$6.99,1441030208469,"7,241",75% bullish,of 4 ratings,$15
ACOR,$32.485,1441030208494,"31,898",67% bearish,of 3 ratings,$38.50
ACTS,$1.6006,1441030208807,"6,665",100% bearish,of 1 rating,N/A
ATVI,$28.98,1441030208852,"1,315,058",67% bullish,of 84 ratings,$31.50
ACPW,$1.9165,1441030208881,"15,460",100% bullish,of 4 ratings,$3.50
ACUR,$2.8303,1441030208912,"7,786",100% bullish,of 5 ratings,$5
ADMS,$20.774,1441030208942,"1,016",100% bearish,of 2 ratings,$36
ACTA,$13.9,1441030208963,"4,581",67% bearish,of 3 ratings,$25
ADMP,NULL,1441030208996,0,50% bullish,of 2 ratings,$10
ACXM,$21.03,1441030209046,"55,714",67% bullish,of 3 ratings,N/A
ADUS,$28.73,1441030209217,"11,303",100% bearish,of 1 rating,$31
ADAP,$11.71,1441030209250,"2,162",67% bullish,of 3 ratings,$22
AEY,NULL,1441030209283,0,100% bearish,of 2 ratings,N/A
ADEP,$7.04,1441030209380,"5,775",50% bullish,of 2 ratings,$10.75
ADMA,$9.38,1441030209405,"1,902",Not yet rated,NULL,$19
ADBE,$78.9,1441030209622,"201,724",65% bullish,of 17 ratings,$90
ADRO,$19.95,1441030209675,"11,616",80% bullish,of 5 ratings,$45.50
ADTN,$15.75,1441030209710,"11,805",67% bullish,of 3 ratings,$17.125
AEIS,$24.25,1441030209754,"9,812",50% bullish,of 2 ratings,$32.50
AMD,$1.83,1441030209781,"435,969",83% bullish,of 103 ratings,$2
ADXS,$15.03,1441030209812,"90,702",64% bullish,of 14 ratings,$27
ADXSW,NULL,1441030209832,0,100% bullish,of 1 rating,N/A
MULT,NULL,1441030209860,0,100% bearish,of 1 rating,N/A
AEGR,$17.86,1441030210127,"16,441",50% bullish,of 6 ratings,$26
AEGN,$18.265,1441030210154,"12,161",100% bearish,of 2 ratings,$21
YPRO,NULL,1441030210221,0,100% bearish,of 1 rating,N/A
AEHR,$2.4,1441030210248,"2,200",50% bullish,of 2 ratings,N/A
AMTX,$3,1441030210279,"1,200",50% bullish,of 2 ratings,$26.11
AEPI,$53.53,1441030210324,907,100% bearish,of 1 rating,N/A
AERI,$16.29,1441030210384,"35,650",75% bullish,of 4 ratings,$31.50
AVAV,$24.043,1441030210490,"5,206",50% bullish,of 4 ratings,$31
AEZS,$0.087,1441030210520,"1,745,836",90% bullish,of 21 ratings,$1.50
AFMD,$10.2601,1441030210588,"24,978",50% bullish,of 4 ratings,$15
AEMD,$7.178,1441030210617,210,Not yet rated,NULL,$27.50
AGRX,$9.02,1441030210773,"1,000",100% bearish,of 1 rating,$17.50
AGYS,$10.11,1441030210803,100,100% bearish,of 1 rating,N/A
AFFX,$9.28,1441030210830,"25,048",80% bullish,of 5 ratings,$12.50
AGEN,$7.21,1441030210851,"96,013",85% bullish,of 13 ratings,$14
AGIO,$90.86,1441030210909,"13,973",88% bullish,of 8 ratings,$114
AGFS,$9.84,1441030211063,"5,734",100% bearish,of 1 rating,N/A
AGFSW,NULL,1441030211119,0,100% bearish,of 2 ratings,N/A
AIMT,$20.93,1441030211167,"15,156",Not yet rated,NULL,N/A
AMCN,$4.581,1441030211301,"37,558",83% bullish,of 6 ratings,N/A
AIRM,$37.665,1441030211329,"12,346",80% bearish,of 5 ratings,$53
ATSG,$8.89,1441030211352,"4,067",67% bullish,of 3 ratings,$13
AIRT,$22.37,1441030211383,263,100% bullish,of 1 rating,N/A
AIXG,$6.279,1441030211405,"2,311",67% bearish,of 3 ratings,$5.25
AKAM,$71.1924,1441030211542,"130,348",63% bullish,of 8 ratings,$77
AKBA,$6.84,1441030211591,"6,940",100% bearish,of 1 rating,$18
AKRX,$40.91,1441030211724,"43,876",78% bullish,of 9 ratings,$56
AKER,$2.51,1441030211750,102,Not yet rated,NULL,N/A
ALRM,$16.88,1441030211802,"4,598",100% bearish,of 1 rating,$22
ALSK,$2.15,1441030211831,"10,210",78% bullish,of 18 ratings,$2
AMRI,$20.69,1441030211933,"6,119",75% bearish,of 4 ratings,$24
ABDC,$12.7013,1441030211991,"8,061",Not yet rated,NULL,$15
ADHD,$7.89,1441030212022,"15,914",50% bullish,of 4 ratings,$18
ALDR,$38.585,1441030212092,"39,269",67% bearish,of 3 ratings,$62
ALDX,$6.62,1441030212123,454,100% bearish,of 1 rating,$14.50
ALXN,$175.94,1441030212229,"68,734",88% bullish,of 8 ratings,$223
ALXA,$1.18,1441030212318,"1,390",83% bullish,of 6 ratings,$2.125
ALGN,$57.09,1441030212393,"15,671",100% bearish,of 2 ratings,$73
ALCO,$42.21,1441030212418,728,50% bullish,of 2 ratings,N/A
ALIM,$3.46,1441030212463,"4,175",80% bullish,of 5 ratings,$10
ALKS,$61.32,1441030212558,"37,300",67% bullish,of 3 ratings,$75
ALGT,$209.22,1441030212583,"13,966",100% bearish,of 2 ratings,$235
AIQ,$14.25,1441030212919,100,67% bullish,of 3 ratings,N/A
ALLB,$22.64,1441030212946,100,Not yet rated,NULL,N/A
AFOP,$19.04,1441030212970,"13,667",75% bullish,of 8 ratings,$21
ARLP,$25.11,1441030212992,"10,939",67% bearish,of 3 ratings,$32
AHGP,$36.15,1441030213020,"5,246",67% bullish,of 3 ratings,N/A
AMOT,$18.745,1441030213055,901,100% bearish,of 1 rating,N/A
AHPI,$1.5,1441030213076,200,50% bullish,of 2 ratings,N/A
ALQA,$4.35,1441030213299,200,75% bullish,of 4 ratings,$8.50
ALLT,$5.23,1441030213331,"4,889",75% bullish,of 4 ratings,$6.25
AOSL,$7.39,1441030213399,"1,544",67% bullish,of 3 ratings,$9
ALNY,$101.35,1441030213424,"222,705",67% bullish,of 3 ratings,$148.50
MDRX,$13.741,1441030213449,"83,964",60% bullish,of 5 ratings,$16
AFAM,$45.08,1441030213474,"4,592",50% bullish,of 2 ratings,$44
ALTR,$48.56,1441030213685,"108,620",80% bearish,of 5 ratings,$54
ATEC,$0.57,1441030213746,"4,000",100% bullish,of 1 rating,$2
SMCP,NULL,1441030213780,0,Not yet rated,NULL,N/A
ASPS,$25.955,1441030213848,"18,166",67% bullish,of 3 ratings,$46.50
AMRN,$2.25,1441030213877,"262,729",85% bullish,of 39 ratings,$8
AIMC,$24.73,1441030213906,"1,791",100% bearish,of 2 ratings,$28.50
AMAG,$64.555,1441030213929,"37,841",100% bullish,of 2 ratings,$77.50
AMRK,$10.33,1441030213959,200,50% bullish,of 2 ratings,$14
AYA,$20.62,1441030214128,"1,450",100% bearish,of 1 rating,$40
AMZN,$514.755,1441030214209,"267,847",81% bullish,of 264 ratings,$646
AMBA,$98,1441030214299,"504,591",83% bullish,of 12 ratings,$102.50
AMBC,$15.15,1441030214338,"19,578",100% bearish,of 1 rating,$16.50
AMBCW,NULL,1441030214363,0,100% bearish,of 1 rating,N/A
AMDA,$0.479,1441030214495,"79,060",90% bullish,of 10 ratings,$1
AMCX,$72.68,1441030214517,"29,188",67% bullish,of 3 ratings,$87.50
EPAX,$2.71,1441030214545,"1,200",100% bearish,of 1 rating,N/A
DOX,$57.4,1441030214602,"12,459",67% bearish,of 3 ratings,$60
UHAL,$375.7814,1441030214701,272,100% bullish,of 2 ratings,$393.50
AMED,$39.125,1441030214729,"6,184",100% bearish,of 1 rating,$42
ASBI,$22.71,1441030214801,100,Not yet rated,NULL,N/A
ATAX,$5.25,1441030214862,"3,047",100% bullish,of 1 rating,$6.50
AMOV,NULL,1441030214949,0,100% bearish,of 1 rating,N/A
AAL,$39.165,1441030215006,"1,048,762",93% bullish,of 88 ratings,$57
AGNC,$19.27,1441030215031,"130,892",71% bullish,of 28 ratings,$22
AGNCB,NULL,1441030215201,0,Not yet rated,NULL,N/A
MTGE,$15.17,1441030215270,"37,706",75% bullish,of 4 ratings,$19.50
AGNCP,$25.33,1441030215349,"3,200",Not yet rated,NULL,N/A
ANCI,NULL,1441030215403,0,100% bearish,of 1 rating,N/A
ACAS,$13.76,1441030215434,"62,157",60% bullish,of 5 ratings,$16.75
MTGEP,NULL,1441030215459,0,Not yet rated,NULL,N/A
ACSF,$12.37,1441030215535,"4,250",100% bearish,of 1 rating,$15
AMIC,NULL,1441030215597,0,100% bearish,of 1 rating,N/A
AMNB,$23.24,1441030215705,104,Not yet rated,NULL,$25.50
AETI,$3.57,1441030215735,100,67% bearish,of 3 ratings,N/A
ANAT,$99.27,1441030215836,"3,696",100% bullish,of 1 rating,N/A
ARII,$40.69,1441030216014,"26,349",67% bearish,of 3 ratings,$45
APEI,$22.31,1441030216099,"1,454",100% bearish,of 1 rating,$25.50
ASEI,$38.88,1441030216145,299,100% bearish,of 1 rating,$52.50
AMRB,$10.05,1441030216172,"1,082",Not yet rated,NULL,$11
AMSC,$5.01,1441030216193,"63,539",50% bullish,of 4 ratings,N/A
AMWD,$66.835,1441030216226,"4,426",50% bullish,of 2 ratings,$70
AMSWA,$9.04,1441030216252,"15,760",100% bearish,of 2 ratings,$10.75
CRMT,$35.72,1441030216388,"2,650",100% bearish,of 1 rating,$39
ABCB,$26.989,1441030216416,"1,880",Not yet rated,NULL,$31
AMSF,$46.6,1441030216546,811,Not yet rated,NULL,$57.50
ASRV,$3.31,1441030216602,"1,868",100% bullish,of 2 ratings,N/A
ASRVP,NULL,1441030216650,0,Not yet rated,NULL,N/A
ATLO,$23.5,1441030216779,117,Not yet rated,NULL,N/A
FOLD,$14.62,1441030216811,"328,039",56% bullish,of 9 ratings,$21
AMGN,$152.227,1441030216915,"356,382",89% bullish,of 19 ratings,$185
AMKR,$5.05,1441030216942,"70,152",100% bearish,of 2 ratings,$5
AMPH,$13.23,1441030217001,"5,888",50% bullish,of 2 ratings,$20
AMSGP,NULL,1441030217097,0,Not yet rated,NULL,N/A
AMSG,$79.65,1441030217129,"18,408",100% bearish,of 1 rating,$85.50
AFSI,$58.075,1441030217162,"13,620",60% bullish,of 5 ratings,$72
ASYS,$5.62,1441030217202,"2,500",67% bullish,of 3 ratings,$12
AMRS,$1.7198,1441030217310,"23,326",70% bullish,of 10 ratings,N/A
ANAC,$133.76,1441030217515,"23,517",80% bullish,of 5 ratings,$180.50
ADI,$55.745,1441030217672,"109,910",67% bullish,of 3 ratings,$69
ANAD,$0.329,1441030217702,"7,728",100% bullish,of 2 ratings,$.50
ALOG,$80.1,1441030217731,"1,000",100% bearish,of 2 ratings,$100.50
ANCB,NULL,1441030217838,0,Not yet rated,NULL,$23
ANGI,$5.3,1441030217869,"78,096",64% bullish,of 11 ratings,$5.50
ABCW,$40.04,1441030217894,52,67% bullish,of 3 ratings,N/A
ANGO,$14.87,1441030217971,"8,334",67% bullish,of 3 ratings,$19
AMCF,$0.2175,1441030218043,"45,728",100% bullish,of 7 ratings,N/A
ANIK,$35.37,1441030218099,"9,730",60% bullish,of 5 ratings,$51.25
ANIP,$50.54,1441030218125,"4,109",89% bullish,of 19 ratings,$66
ATRS,$1.77,1441030218173,"49,469",92% bullish,of 12 ratings,$4.50
ANTH,$7.33,1441030218199,"156,544",80% bullish,of 10 ratings,$13
ANSS,$89.05,1441030218270,"11,792",100% bearish,of 1 rating,$100
ATNY,$2.24,1441030218440,3,50% bullish,of 2 ratings,$3.75
ABAC,$0.73,1441030218467,25,100% bearish,of 1 rating,N/A
APOL,$11.37,1441030218667,"41,991",87% bearish,of 68 ratings,$14
AINV,$6.47,1441030218692,"97,500",50% bullish,of 4 ratings,$8
APIC,$6.8101,1441030218718,"12,831",100% bearish,of 1 rating,$19
APOG,$50.66,1441030218748,"1,049",50% bullish,of 2 ratings,$67
AAPL,$112.42,1441030218856,"5,001,114",86% bullish,of 2356 ratings,$150
APPF,$15.95,1441030218899,"7,230",50% bullish,of 2 ratings,$22
APDN,$3.444,1441030218961,"3,093",Not yet rated,NULL,$9
ARCI,NULL,1441030219068,0,Not yet rated,NULL,N/A
APDNW,$1.65,1441030219097,20,Not yet rated,NULL,N/A
AMCC,$5.73,1441030219123,"15,735",80% bullish,of 5 ratings,$8
AGTC,$16.15,1441030219175,"1,198",50% bullish,of 2 ratings,$33
AMAT,$15.91,1441030219255,"797,664",82% bullish,of 11 ratings,$23
AAOI,$20.61,1441030219388,"26,228",50% bullish,of 4 ratings,$26
APTO,$5.36,1441030219523,126,Not yet rated,NULL,$17
AQMS,$5,1441030219551,"1,691",Not yet rated,NULL,N/A
AREX,$2.13,1441030219579,"90,467",100% bearish,of 1 rating,$3
APRI,$1.6,1441030219607,"146,728",83% bullish,of 6 ratings,$4.86
AUMA,NULL,1441030219706,0,Not yet rated,NULL,N/A
AQXP,$16.6999,1441030219769,"71,478",50% bullish,of 2 ratings,$2
AUMAU,NULL,1441030219800,0,Not yet rated,NULL,N/A
AUMAW,NULL,1441030219830,0,Not yet rated,NULL,N/A
PETX,$17.94,1441030219987,"16,339",100% bearish,of 2 ratings,$26
ARDM,$6.82,1441030220013,"1,551",100% bullish,of 1 rating,$26
ABUS,$7.35,1441030220038,"63,442",86% bullish,of 14 ratings,$23
ARCW,$3.61,1441030220072,92,100% bearish,of 2 ratings,$10.50
ABIO,$0.8766,1441030220171,"48,147",50% bullish,of 2 ratings,$3.75
ARCB,$28.95,1441030220362,"11,357",67% bearish,of 3 ratings,$39.50
RKDA,$6.21,1441030220446,"2,356",100% bearish,of 2 ratings,$10
ACAT,$26.19,1441030220491,"8,385",100% bearish,of 3 ratings,$33
ARNA,$2.7,1441030220519,"456,821",90% bullish,of 78 ratings,$5.50
ARCC,$15.57,1441030220547,"98,327",67% bearish,of 3 ratings,$17.75
ACGL,$67.94,1441030220568,"10,069",50% bullish,of 2 ratings,$72
ARDX,$18.98,1441030220621,"3,726",50% bullish,of 2 ratings,$24.50
AGII,$55.09,1441030220767,"12,713",Not yet rated,NULL,$59.50
ARIA,$9.0299,1441030220850,"2,598,687",87% bullish,of 46 ratings,$9
AGIIL,$25.4,1441030220898,25,Not yet rated,NULL,N/A
ARGS,$6.2,1441030220942,"1,900",50% bullish,of 2 ratings,$19.50
ARKR,$24.26,1441030221040,20,50% bullish,of 2 ratings,N/A
ARMH,$41.93,1441030221102,"74,883",54% bearish,of 13 ratings,$60
ARTX,$1.473,1441030221174,"1,325",88% bullish,of 16 ratings,$4.50
ARIS,$3.7669,1441030221203,"5,019",Not yet rated,NULL,$4.50
ARWA,NULL,1441030221307,0,Not yet rated,NULL,N/A
ARWAR,NULL,1441030221358,0,Not yet rated,NULL,N/A
ARWAW,NULL,1441030221448,0,Not yet rated,NULL,N/A
ARWAU,NULL,1441030221473,0,100% bullish,of 1 rating,N/A
ARQL,$1.73,1441030221635,"10,242",75% bullish,of 4 ratings,$5
DWAT,$10.01,1441030221662,5,100% bearish,of 1 rating,N/A
ARRS,$26.38,1441030221689,"73,418",50% bullish,of 2 ratings,$38
ARRY,$5.86,1441030221735,"317,749",100% bullish,of 7 ratings,$10
AROW,$27.42,1441030221819,502,Not yet rated,NULL,N/A
ARWR,$5.68,1441030221847,"78,944",75% bullish,of 4 ratings,$10.50
ARTNA,$22.13,1441030221900,101,100% bearish,of 1 rating,$29
ARTW,$4.25,1441030221928,764,75% bearish,of 4 ratings,N/A
ASBB,NULL,1441030222163,0,Not yet rated,NULL,N/A
ASNA,$11.92,1441030222188,"111,391",50% bullish,of 2 ratings,$18
ASND,$19.05,1441030222241,"5,505",50% bullish,of 2 ratings,$30
APWC,$1.87,1441030222267,100,100% bearish,of 1 rating,N/A
ASTI,$0.1119,1441030222399,"203,687",83% bullish,of 6 ratings,$3
ASCMA,$27.42,1441030222534,"5,355",100% bearish,of 1 rating,$45
ASML,$91.07,1441030222570,"84,922",50% bullish,of 4 ratings,$127
ASMI,NULL,1441030222598,0,NULL,NULL,NULL
ASFI,$8.89,1441030222637,200,100% bullish,of 1 rating,N/A
ASMB,$13.7,1441030222733,"6,473",67% bullish,of 3 ratings,N/A
ASTE,$39.15,1441030222761,"23,022",100% bearish,of 1 rating,$48
AZPN,$37.77,1441030222804,"17,507",50% bullish,of 2 ratings,$42
ALOT,$14,1441030222829,16,100% bearish,of 1 rating,N/A
ATRO,$51.98,1441030223007,"7,902",100% bearish,of 2 ratings,$80
ASTC,$2.19,1441030223101,"1,310",100% bullish,of 5 ratings,N/A
ASUR,NULL,1441030223147,0,50% bullish,of 2 ratings,$8
ATAI,$2.45,1441030223202,100,100% bearish,of 1 rating,N/A
ATHX,$1.148,1441030223365,"4,200",89% bullish,of 9 ratings,$5
ATHN,$134.585,1441030223391,"8,140",67% bearish,of 3 ratings,$153
ATRA,$42.08,1441030223430,"39,790",50% bullish,of 2 ratings,$68
AFCB,NULL,1441030223458,0,Not yet rated,NULL,N/A
AAPC,NULL,1441030223487,0,Not yet rated,NULL,N/A
ATNI,$72.46,1441030223588,"2,083",100% bearish,of 1 rating,$69.50
ACFC,$5.51,1441030223630,"12,225",100% bearish,of 1 rating,$6.50
AAME,NULL,1441030223782,0,Not yet rated,NULL,N/A
ATLC,NULL,1441030223838,0,67% bullish,of 3 ratings,N/A
AAWW,$41.29,1441030223863,"9,188",50% bullish,of 2 ratings,$65
ATML,$8.065,1441030223888,"355,219",78% bullish,of 9 ratings,$9.50
AFH,$16.29,1441030224200,"1,837",Not yet rated,NULL,$21.50
ATTU,$13.055,1441030224228,"2,159",100% bearish,of 1 rating,$20.50
ATRC,$25.35,1441030224284,"5,426",100% bullish,of 1 rating,$30
ATOS,$0.77,1441030224366,"2,470",100% bullish,of 7 ratings,$7
ATRI,$389,1441030224416,68,Not yet rated,NULL,N/A
ATRM,NULL,1441030224517,0,50% bullish,of 2 ratings,N/A
LIFE,$14.04,1441030224600,"4,358",86% bullish,of 7 ratings,$43
AUBN,$26.5,1441030224674,100,Not yet rated,NULL,N/A
AUDC,$3.27,1441030224702,"5,274",80% bullish,of 5 ratings,$5
AUPH,$3.3645,1441030224729,"13,538",100% bearish,of 1 rating,$8
EARS,$4.89,1441030224910,312,100% bearish,of 2 ratings,$11
ABTL,$17.405,1441030224944,"6,942",100% bullish,of 4 ratings,$20.25
ADAT,$0.32,1441030225111,"72,956",100% bullish,of 2 ratings,N/A
ADSK,$46.8399,1441030225142,"269,708",67% bullish,of 6 ratings,$66
ADP,$77.6,1441030225177,"125,632",100% bearish,of 1 rating,$88
AVGO,$125.59,1441030225243,"239,629",88% bullish,of 8 ratings,$165
AVNU,$12.3,1441030225408,152,Not yet rated,NULL,$14
AVEO,$1.401,1441030225433,"96,971",75% bullish,of 8 ratings,$3
AAVL,$10.68,1441030225461,"8,785",100% bearish,of 1 rating,$20
AVID,$8.42,1441030225662,"14,505",100% bearish,of 1 rating,$20
CAR,$43.59,1441030225693,"62,783",80% bullish,of 5 ratings,$60
AWRE,$3.205,1441030225725,"1,250",67% bullish,of 3 ratings,N/A
AVNW,$1.1301,1441030225754,"6,860",50% bullish,of 2 ratings,$2.20
ACLS,$3.23,1441030225791,"48,429",67% bullish,of 6 ratings,$4.75
AVGR,$14.98,1441030225819,300,100% bearish,of 1 rating,$20
AXPW,$1.06,1441030225951,"7,238",83% bullish,of 6 ratings,N/A
AXGN,$5.1,1441030226058,"70,724",Not yet rated,NULL,$5
AXPWW,NULL,1441030226090,0,Not yet rated,NULL,N/A
AXTI,$2.17,1441030226218,774,50% bullish,of 2 ratings,$2.75
BOSC,$2.1899,1441030226442,"1,580",50% bullish,of 2 ratings,N/A
BIDU,$149.228,1441030226486,"385,225",81% bullish,of 88 ratings,$210
BWINB,$22.83,1441030226630,900,Not yet rated,NULL,N/A
BCPC,$58.12,1441030226666,964,100% bearish,of 1 rating,$75
BWINA,NULL,1441030226766,0,Not yet rated,NULL,N/A
BCOM,NULL,1441030226795,0,100% bearish,of 1 rating,N/A
BLDP,$1.2937,1441030226826,"36,011",91% bullish,of 22 ratings,$2.50
RILY,$10.15,1441030226852,200,Not yet rated,NULL,N/A
BANF,$59.48,1441030226933,100,Not yet rated,NULL,$68
BEAV,$48.77,1441030226968,"34,637",67% bearish,of 3 ratings,$59
BANFP,NULL,1441030227068,0,Not yet rated,NULL,N/A
BKMU,$7.16,1441030227204,902,Not yet rated,NULL,$8
BMRC,$47.75,1441030227372,522,Not yet rated,NULL,$52
BKSC,$16.25,1441030227506,"2,911",Not yet rated,NULL,N/A
BOCH,$5.73,1441030227527,7,Not yet rated,NULL,$6.50
OZRK,$41.56,1441030227557,"20,135",67% bullish,of 3 ratings,$49.50
BOTJ,NULL,1441030227605,0,Not yet rated,NULL,N/A
BWFG,$17.85,1441030227630,106,100% bearish,of 1 rating,N/A
BFIN,$12.055,1441030227873,"1,652",Not yet rated,NULL,$13
TAPR,NULL,1441030227902,0,100% bearish,of 1 rating,N/A
BANR,$43.72,1441030228039,"7,922",100% bullish,of 3 ratings,$50
BHAC,NULL,1441030228067,0,Not yet rated,NULL,N/A
BHACU,NULL,1441030228093,0,Not yet rated,NULL,N/A
BZUN,$5.062,1441030228115,"33,214",50% bullish,of 2 ratings,$11.50
BHACR,NULL,1441030228339,0,Not yet rated,NULL,N/A
BBSI,$35,1441030228483,"2,496",67% bearish,of 3 ratings,$62.50
BYBK,NULL,1441030228513,0,100% bearish,of 1 rating,N/A
BSET,$29.08,1441030228565,761,100% bearish,of 1 rating,$35
BV,$5.19,1441030228615,"9,849",67% bullish,of 6 ratings,$9
BYLK,NULL,1441030228698,0,Not yet rated,NULL,$14
BDCV,$4.72,1441030228903,103,100% bearish,of 1 rating,$10.19
BHACW,NULL,1441030228930,0,Not yet rated,NULL,N/A
BBCN,$14.32,1441030228956,"9,624",100% bearish,of 1 rating,$16
BECN,$35.74,1441030228986,"17,234",50% bullish,of 2 ratings,$40
BSF,$8.52,1441030229062,107,Not yet rated,NULL,N/A
BEBE,$1.315,1441030229191,"132,029",75% bullish,of 4 ratings,$2.125
BBGI,NULL,1441030229349,0,100% bearish,of 1 rating,N/A
BELFA,$14.87,1441030229378,10,100% bearish,of 1 rating,N/A
BCBP,$11.4522,1441030229477,"2,000",Not yet rated,NULL,N/A
BLPH,$5.08,1441030229504,12,100% bearish,of 1 rating,$12.50
BLCM,$17.16,1441030229575,"12,375",50% bullish,of 4 ratings,$40
BELFB,$17.9,1441030229742,"4,841",100% bearish,of 1 rating,N/A
BNFT,$36.085,1441030229771,"6,998",67% bullish,of 3 ratings,$46
BBBY,$62.11,1441030229792,"71,218",71% bullish,of 7 ratings,$75
BNCL,$12.32,1441030229824,"6,896",100% bullish,of 3 ratings,$12.50
BGFV,$11.16,1441030229982,"9,096",57% bullish,of 7 ratings,$12
BGMD,$0.72,1441030230034,"57,101",100% bullish,of 10 ratings,N/A
ORPN,NULL,1441030230168,0,100% bullish,of 1 rating,$28.50
BASI,NULL,1441030230366,0,Not yet rated,NULL,N/A
BNTC,$8.25,1441030230396,45,100% bullish,of 1 rating,N/A
BCDA,NULL,1441030230420,0,Not yet rated,NULL,N/A
BIOC,$1.935,1441030230456,"21,325",83% bullish,of 6 ratings,$3.85
BCRX,$11.76,1441030230551,"186,500",63% bullish,of 8 ratings,$18
BIOD,$0.666,1441030230600,"5,318",80% bullish,of 5 ratings,$4
BGCP,$8.68,1441030230650,"54,691",88% bullish,of 8 ratings,$14
BIND,$4.48,1441030230727,"11,400",75% bullish,of 4 ratings,$13.50
BDSI,$6.7,1441030230792,"123,973",88% bullish,of 8 ratings,$17
BIIB,$299.604,1441030230818,"126,128",88% bullish,of 16 ratings,$400
BIOL,$1.5,1441030230884,"12,159",Not yet rated,NULL,N/A
BLFS,$3.32,1441030231015,"3,112,531",100% bearish,of 1 rating,$4.75
BVXV,$3.49,1441030231390,"2,000",Not yet rated,NULL,N/A
BVXVW,NULL,1441030231415,0,100% bearish,of 1 rating,N/A
BMRN,$131.91,1441030231446,"54,045",80% bullish,of 5 ratings,$160
BSTC,$51.7001,1441030231495,"37,461",100% bearish,of 1 rating,$76
BBP,$33.21,1441030231578,"3,818",Not yet rated,NULL,N/A
BSPM,NULL,1441030231770,0,50% bullish,of 2 ratings,N/A
BIOS,$2.44,1441030231844,"58,803",71% bullish,of 7 ratings,$4
BLRX,$1.46,1441030231972,"24,994",100% bullish,of 12 ratings,$5
BRLI,NULL,1441030232099,0,NULL,NULL,NULL
BOTA,$2.098,1441030232131,"4,131",88% bullish,of 8 ratings,N/A
BBC,$31.6405,1441030232151,"1,431",Not yet rated,NULL,N/A
BPTH,$1.11,1441030232188,"3,657",100% bullish,of 2 ratings,$5
BEAT,$14.9444,1441030232231,"69,833",67% bearish,of 3 ratings,$15
TECH,$95.665,1441030232286,"5,470",100% bullish,of 1 rating,$117
BDMS,NULL,1441030232816,0,100% bearish,of 1 rating,N/A
BBOX,$15.3312,1441030232913,"9,019",100% bearish,of 1 rating,N/A
BLKB,$57.67,1441030233055,"3,397",100% bearish,of 2 ratings,$66
BKCC,$9.346,1441030233284,"19,954",50% bullish,of 2 ratings,$10
BJRI,$44.23,1441030233452,"6,500",50% bullish,of 2 ratings,$55
ADRA,NULL,1441030233625,0,100% bearish,of 1 rating,N/A
ADRU,$21.67,1441030233726,201,100% bearish,of 1 rating,N/A
BBRY,$7.29,1441030233754,"437,499",61% bullish,of 330 ratings,$9
BDE,$7.44,1441030233887,"7,231",50% bullish,of 2 ratings,$9
BCOR,$13.96,1441030234110,"22,674",57% bullish,of 7 ratings,$15
BITI,$17.1736,1441030234155,"1,296",100% bullish,of 1 rating,$28
BLMN,$20.6,1441030234243,"86,633",83% bullish,of 6 ratings,$27.50
ADRD,$21.89,1441030234509,"2,465",100% bearish,of 1 rating,N/A
BUFF,$24.9275,1441030234537,"48,641",83% bullish,of 12 ratings,$31.50
BBLU,$0.8,1441030234562,"6,370",100% bullish,of 2 ratings,$4.43
HAWK,$39.64,1441030234606,"12,642",91% bullish,of 11 ratings,$49
NILE,$34.115,1441030234735,"11,433",50% bullish,of 2 ratings,$34
BHBK,$13.81,1441030234760,"1,200",100% bullish,of 1 rating,$14.50
ADRE,$29.402,1441030234921,"2,000",100% bearish,of 1 rating,N/A
BKEP,$6.1124,1441030234990,"4,351",100% bearish,of 1 rating,$8.50
BLUE,$133.79,1441030235057,"33,086",71% bullish,of 7 ratings,$217.50
BKEPP,NULL,1441030235091,0,100% bearish,of 1 rating,N/A
BPMC,$26.765,1441030235120,"9,112",50% bullish,of 2 ratings,$47.50
BLBD,$11.96,1441030235191,367,Not yet rated,NULL,N/A
BNCN,$20.5,1441030235216,"4,710",Not yet rated,NULL,$24
WIFI,$7.59,1441030235603,"20,729",50% bullish,of 2 ratings,$13.50
BONA,$11.34,1441030235671,"17,542",75% bullish,of 4 ratings,$8.50
BOBE,$44.532,1441030235698,"33,433",75% bullish,of 4 ratings,$57
BAMM,$3.144,1441030235924,"3,289",60% bullish,of 5 ratings,N/A
BNSO,$1.3,1441030235949,16,100% bearish,of 1 rating,N/A
BPFHP,$24.9,1441030236130,300,100% bearish,of 1 rating,N/A
BCLI,$3.0112,1441030236159,"11,481",80% bullish,of 5 ratings,$12
BOKF,$61.85,1441030236260,"4,229",100% bearish,of 1 rating,$69
EPAY,$26.865,1441030236403,"6,281",100% bearish,of 2 ratings,$30
BPFHW,NULL,1441030236431,0,100% bearish,of 1 rating,N/A
BOFI,$117.41,1441030236457,"15,239",100% bullish,of 6 ratings,$144
BDBD,$8.3,1441030236593,"64,738",60% bullish,of 5 ratings,$10
BOJA,$21.35,1441030236634,"11,967",100% bullish,of 1 rating,$30
BBRG,$12.75,1441030236660,"6,479",67% bullish,of 3 ratings,$14.50
BBEP,$2.679,1441030236846,"355,017",69% bullish,of 13 ratings,$5.625
BPFH,$11.75,1441030236887,"10,060",100% bearish,of 1 rating,$14
BDGE,$26.22,1441030236985,"2,381",Not yet rated,NULL,$31.75
BBEPP,$14,1441030237014,"1,625",100% bearish,of 1 rating,N/A
BLIN,NULL,1441030237121,0,100% bullish,of 2 ratings,$2.20
BCOV,$5.23,1441030237252,"1,600",67% bullish,of 3 ratings,$10.20
BSFT,$31.36,1441030237281,"3,465",57% bullish,of 7 ratings,$40.50
BVSN,$6.0004,1441030237339,"1,579",60% bearish,of 5 ratings,N/A
BRCD,$10.625,1441030237542,"118,376",92% bullish,of 13 ratings,$11.50
BWEN,$3.175,1441030237570,"5,750",75% bullish,of 4 ratings,$8
BRCM,$51.4,1441030237710,"253,497",75% bullish,of 12 ratings,$56
BYFC,$1.46,1441030237891,107,50% bullish,of 2 ratings,N/A
BRKR,$18.53,1441030237921,"32,545",100% bearish,of 2 ratings,$22
BMTC,$29.17,1441030237947,959,Not yet rated,NULL,$34
BRKL,$10.5301,1441030238082,"5,893",100% bearish,of 1 rating,$10.75
BSQR,$6.12,1441030238111,"5,773",67% bullish,of 3 ratings,N/A
BUR,$1.68,1441030238442,"1,700",100% bearish,of 1 rating,$8
CFFI,$36.06,1441030238471,189,100% bearish,of 1 rating,N/A
CHRW,$67.09,1441030238499,"54,808",Not yet rated,NULL,$72
BLDR,$14.475,1441030238551,"20,516",67% bullish,of 3 ratings,$22
BLMT,$20.52,1441030238655,300,Not yet rated,NULL,N/A
BRID,NULL,1441030238701,0,100% bearish,of 1 rating,N/A
CDNS,$20.06,1441030239080,"49,713",75% bullish,of 4 ratings,$22.50
CCMP,$43.16,1441030239105,"4,758",50% bullish,of 2 ratings,$59
CZR,$9.11,1441030239235,"56,283",60% bearish,of 5 ratings,$10.50
CA,$27.17,1441030239260,"112,185",50% bullish,of 4 ratings,$33
CACQ,$7.21,1441030239426,"3,802",100% bearish,of 1 rating,$12.25
BRKS,$10.26,1441030239486,"5,403",67% bullish,of 3 ratings,$15.25
PRSS,$4.587,1441030239515,700,80% bullish,of 5 ratings,$4.50
CSTE,$39.8701,1441030239536,"14,290",50% bullish,of 2 ratings,$65
CLBS,$1.47,1441030239692,"7,265",79% bullish,of 14 ratings,$4
CLMS,$10.6,1441030239798,"14,320",Not yet rated,NULL,$10.50
BWLD,$194.56,1441030239826,"13,114",82% bullish,of 11 ratings,$205
CHI,$10.56,1441030240002,"35,307",100% bearish,of 1 rating,N/A
CFGE,$10.5301,1441030240061,755,Not yet rated,NULL,N/A
CCD,$19.29,1441030240086,"5,510",Not yet rated,NULL,N/A
CHW,$7.581,1441030240276,"31,129",100% bearish,of 1 rating,N/A
CDZI,$7.89,1441030240307,"12,904",100% bearish,of 1 rating,N/A
CGO,$11.9735,1441030240413,"4,518",100% bearish,of 1 rating,N/A
CSQ,$9.86,1441030240546,"61,404",Not yet rated,NULL,N/A
CAMP,$16.34,1441030240579,"22,686",88% bullish,of 8 ratings,$25
CALD,$15.68,1441030240711,"13,285",100% bearish,of 1 rating,$21
CFNB,NULL,1441030240736,0,100% bearish,of 1 rating,N/A
CALM,$53.6116,1441030240926,"104,167",80% bullish,of 5 ratings,$65
CLMT,$25.99,1441030241014,"16,924",75% bullish,of 8 ratings,$31
ABCD,$5.314,1441030241082,"34,492",83% bullish,of 6 ratings,N/A
CALA,$6.05,1441030241108,"156,550",100% bullish,of 3 ratings,$19.50
CAMB,NULL,1441030241178,0,Not yet rated,NULL,N/A
CHY,$11.39,1441030241239,"31,261",Not yet rated,NULL,N/A
CAMBW,NULL,1441030241400,0,Not yet rated,NULL,N/A
CAC,$40,1441030241428,200,Not yet rated,NULL,N/A
CAMT,$2.67,1441030241460,"2,982",73% bullish,of 11 ratings,$4
CSIQ,$18.74,1441030241595,"166,986",86% bullish,of 28 ratings,$42.50
CAMBU,NULL,1441030241638,0,100% bearish,of 1 rating,N/A
CGIX,$9.95,1441030241875,4,67% bullish,of 3 ratings,$14.375
CBNJ,$11.19,1441030241905,"1,730",100% bearish,of 1 rating,N/A
CPLA,$49.97,1441030242001,"8,988",67% bearish,of 3 ratings,$65
CPHC,NULL,1441030242037,0,100% bearish,of 1 rating,N/A
CVGW,$59.105,1441030242103,"3,833",50% bullish,of 2 ratings,$62
CSWC,$45.76,1441030242193,127,Not yet rated,NULL,N/A
CPTA,$13.57,1441030242292,"3,622",100% bearish,of 1 rating,$18.50
CFFN,$11.99,1441030242386,"14,136",Not yet rated,NULL,$12.75
CPLP,$6.9,1441030242462,"31,032",71% bullish,of 7 ratings,$11
CAPNW,$0.6898,1441030242515,100,Not yet rated,NULL,N/A
CBF,$29.79,1441030242645,"2,950",Not yet rated,NULL,$32
CAPN,$2.219,1441030242774,"3,240",100% bullish,of 1 rating,$10.85
CARA,$19.3,1441030242800,"18,783",50% bullish,of 4 ratings,$25
CPST,$0.395,1441030242821,"220,451",95% bullish,of 22 ratings,$1.25
CARB,$11.15,1441030242961,"3,396",75% bullish,of 4 ratings,$12
CRDC,$0.36,1441030243169,"53,965",100% bullish,of 1 rating,$1.25
CFNL,$21.895,1441030243200,"1,436",Not yet rated,NULL,$24
CRME,$8.65,1441030243227,"4,555",89% bullish,of 9 ratings,$11.25
CSII,$24.5,1441030243253,"8,360",100% bearish,of 2 ratings,$42.125
CCBG,$14.91,1441030243433,100,Not yet rated,NULL,$17.25
CATM,$34.34,1441030243458,"4,937",100% bearish,of 1 rating,$44
CDNA,$6.7,1441030243527,200,100% bearish,of 1 rating,$9
CAPR,$4.4999,1441030243721,"1,002",Not yet rated,NULL,$12
CKEC,$23.22,1441030243771,"3,003",50% bullish,of 2 ratings,$35.915
CTRE,$11.32,1441030243800,"5,374",50% bullish,of 2 ratings,$13.50
CECO,$3.78,1441030243866,"9,922",67% bearish,of 3 ratings,$6
CARO,$15.7378,1441030243929,475,100% bearish,of 1 rating,$19
CLBH,$12.7,1441030244029,100,Not yet rated,NULL,$16.50
CBYL,$5.6,1441030244093,"2,633",100% bearish,of 1 rating,$20
CRZO,$34.43,1441030244238,"174,701",67% bearish,of 3 ratings,$54.50
CRTN,NULL,1441030244287,0,100% bearish,of 1 rating,N/A
CARV,$7.51,1441030244470,703,50% bullish,of 2 ratings,N/A
CSCD,$14.905,1441030244554,"5,209",100% bullish,of 2 ratings,$17
TAST,$12.83,1441030244598,"68,289",Not yet rated,NULL,$14.25
CWST,$6.21,1441030244776,"5,750",50% bullish,of 2 ratings,$7.25
CASY,$105.54,1441030244806,"11,298",50% bullish,of 2 ratings,$99.50
CASI,$1.42,1441030244912,"1,000",100% bullish,of 1 rating,$3.50
CACB,$5.3,1441030244937,964,Not yet rated,NULL,$5.50
CATB,$12.0971,1441030244962,625,100% bearish,of 1 rating,$28
CASS,$47.72,1441030245097,800,100% bearish,of 1 rating,N/A
CART,$5.35,1441030245162,"2,200",100% bearish,of 1 rating,N/A
CPRX,$3.62,1441030245225,"22,302",71% bullish,of 7 ratings,$7
CATY,$29.35,1441030245301,"30,260",100% bearish,of 1 rating,$33.50
CASM,$1.17,1441030245355,"5,200",100% bullish,of 1 rating,$3.50
CVCO,$71.77,1441030245451,657,100% bearish,of 1 rating,N/A
CATYW,NULL,1441030245476,0,100% bearish,of 1 rating,N/A
CAVM,$68.22,1441030245535,"16,275",67% bearish,of 3 ratings,$72
CBFV,$21,1441030245668,261,Not yet rated,NULL,$25
CNLMU,NULL,1441030245861,0,100% bullish,of 1 rating,N/A
CNLMW,NULL,1441030245889,0,Not yet rated,NULL,N/A
CDW,$39.91,1441030245990,"69,047",75% bullish,of 4 ratings,$44
CDK,$49.495,1441030246015,"35,417",67% bearish,of 3 ratings,$50
CNLM,NULL,1441030246061,0,Not yet rated,NULL,N/A
CBOE,$63.65,1441030246268,"32,433",Not yet rated,NULL,$60
CPXX,$2.14,1441030246315,"14,630",100% bullish,of 2 ratings,$7
CELG,$120.9144,1441030246410,"435,769",92% bullish,of 13 ratings,$155.50
CELGZ,$1.74,1441030246443,"7,100",80% bullish,of 5 ratings,N/A
CNLMR,NULL,1441030246578,0,Not yet rated,NULL,N/A
CLRB,NULL,1441030246649,0,100% bearish,of 1 rating,N/A
CLDX,$15.26,1441030246678,"203,041",89% bullish,of 9 ratings,$36
CLDN,$1.13,1441030246703,"3,910",71% bullish,of 7 ratings,$3
CLLS,$33.19,1441030246868,"7,482",75% bullish,of 4 ratings,$51.50
CLRBW,NULL,1441030247048,0,Not yet rated,NULL,N/A
CBMG,$22.76,1441030247073,"21,346",50% bullish,of 2 ratings,N/A
CYAD,$49.83,1441030247213,50,100% bullish,of 1 rating,$87.50
CEMP,$36.05,1441030247285,"44,134",71% bullish,of 7 ratings,$52
CSFL,$13.6,1441030247417,"3,554",Not yet rated,NULL,$15
CECE,$9.472,1441030247446,"2,327",50% bullish,of 2 ratings,$16
CETV,$2.15,1441030247500,"3,626",67% bullish,of 3 ratings,$2.80
CFBK,NULL,1441030247545,0,Not yet rated,NULL,N/A
CETX,$2.44,1441030247701,300,Not yet rated,NULL,$5.60
CENT,$12.305,1441030247799,"27,490",Not yet rated,NULL,$10
CENTA,$12.65,1441030247856,"32,717",Not yet rated,NULL,N/A
CLSN,$2.08,1441030247963,"20,978",80% bullish,of 10 ratings,$7.50
CVCY,$11.21,1441030247990,100,Not yet rated,NULL,$12
CNBKA,$41.2,1441030248128,100,50% bullish,of 2 ratings,N/A
CLTX,$2.43,1441030248149,"57,382",100% bullish,of 2 ratings,N/A
CENX,$5.51,1441030248178,"121,316",67% bullish,of 6 ratings,$9
CRNT,$1.398,1441030248457,"41,729",50% bullish,of 2 ratings,$2
CERE,$1.085,1441030248484,"29,259",88% bullish,of 8 ratings,N/A
CERN,$62.41,1441030248515,"149,487",67% bullish,of 3 ratings,$79
CERU,$3.84,1441030248543,"20,252",75% bullish,of 4 ratings,$14
CERS,$4.9,1441030248644,"29,144",75% bullish,of 4 ratings,$7
CNTY,$5.66,1441030248872,300,80% bullish,of 5 ratings,$7.75
HOTR,$1.44,1441030248908,"6,520",100% bullish,of 2 ratings,$5
CYOU,$20.4025,1441030248933,"9,128",50% bullish,of 6 ratings,$24
CEVA,$19.2204,1441030249111,"1,978",100% bearish,of 1 rating,$25
CTHR,$1.29,1441030249252,56,50% bullish,of 2 ratings,$2.50
HOTRW,NULL,1441030249284,0,Not yet rated,NULL,N/A
CHTR,$180.58,1441030249353,"95,580",100% bearish,of 2 ratings,$202
KOOL,$0.6909,1441030249379,"1,499",100% bullish,of 5 ratings,$7
GTLS,$24.64,1441030249428,"16,902",50% bullish,of 4 ratings,$40
CPHD,$49.51,1441030249581,"19,022",67% bearish,of 3 ratings,$66.50
CHFN,$12.41,1441030249615,"1,065",Not yet rated,NULL,$14
CHEK,$2.25,1441030249684,200,Not yet rated,NULL,$7.75
CHFC,$31.43,1441030249794,"2,190",100% bearish,of 1 rating,$36
CHEKW,NULL,1441030249826,0,Not yet rated,NULL,N/A
CHMG,NULL,1441030250026,0,Not yet rated,NULL,$30
CHKE,$25.77,1441030250156,"1,109",100% bearish,of 1 rating,$32.50
CHEV,$14.39,1441030250229,100,Not yet rated,NULL,N/A
CBNK,$16.3,1441030250301,202,100% bearish,of 1 rating,N/A
CHMA,$26.86,1441030250330,"4,412",Not yet rated,NULL,$40
CHKP,$77.8975,1441030250378,"92,777",50% bullish,of 4 ratings,$92
CCXI,$6.5,1441030250590,"7,668",67% bullish,of 3 ratings,$14
PLCE,$59.73,1441030250618,"2,946",100% bearish,of 1 rating,$69
CADC,$2.97,1441030250651,"2,610",78% bullish,of 9 ratings,N/A
CMRX,$49.86,1441030250685,"9,428",50% bullish,of 2 ratings,$57
CEMI,$4.09,1441030250750,374,50% bullish,of 2 ratings,$7.50
CALI,$0.86,1441030250777,200,67% bullish,of 3 ratings,N/A
CAAS,$6.5,1441030250825,46,93% bullish,of 14 ratings,$11.50
CBPO,$96.52,1441030251140,"10,044",75% bullish,of 8 ratings,$140.50
HGSH,$1.8138,1441030251206,"1,540",67% bullish,of 3 ratings,N/A
CHOP,$1.12,1441030251235,"2,218",50% bullish,of 2 ratings,N/A
JRJC,$3.51,1441030251256,"3,986",82% bullish,of 11 ratings,N/A
CHLN,NULL,1441030251341,0,67% bullish,of 3 ratings,N/A
CCCR,$0.7497,1441030251531,225,67% bearish,of 3 ratings,N/A
CBAK,$2,1441030251634,"3,723",67% bullish,of 9 ratings,N/A
CHNR,$1.59,1441030251703,"2,265",100% bearish,of 1 rating,N/A
CREG,$0.65,1441030251734,"34,335",100% bullish,of 3 ratings,N/A
CNIT,$1.27,1441030251755,"24,912",67% bullish,of 6 ratings,N/A
HTHT,$25.46,1441030251776,"4,451",50% bullish,of 2 ratings,$28.40
CJJD,$1.88,1441030251818,500,100% bullish,of 1 rating,N/A
CCCL,$0.78,1441030251908,"1,000",100% bullish,of 6 ratings,N/A
CPGI,NULL,1441030252089,0,Not yet rated,NULL,N/A
CNTF,$0.85,1441030252153,"8,700",Not yet rated,NULL,N/A
CSUN,$1.46,1441030252224,"2,112",80% bullish,of 5 ratings,N/A
CCIH,$7.17,1441030252421,"17,268",67% bullish,of 6 ratings,$12.65
CXDC,$5.7301,1441030252493,"8,731",67% bearish,of 3 ratings,N/A
CNYD,$3.35,1441030252637,200,67% bullish,of 3 ratings,N/A
CHSCO,NULL,1441030252679,0,Not yet rated,NULL,N/A
CHSCN,$27.01,1441030252708,796,Not yet rated,NULL,N/A
CHSCM,$26.2,1441030252782,"2,852",Not yet rated,NULL,N/A
CNET,$0.82,1441030252814,"2,690",50% bullish,of 2 ratings,N/A
CHUY,$31.17,1441030252918,"13,365",50% bullish,of 2 ratings,$34
CHSCL,$27.07,1441030253048,188,Not yet rated,NULL,N/A
CHDN,$133.51,1441030253076,"8,194",Not yet rated,NULL,$165
CHSCP,$30.4,1441030253102,560,Not yet rated,NULL,N/A
CDTX,$14.59,1441030253249,414,Not yet rated,NULL,$22
IMOS,$18.3,1441030253275,"14,948",60% bullish,of 5 ratings,$21.50
CMCT,$15.21,1441030253524,100,100% bearish,of 1 rating,N/A
CINF,$52.37,1441030253584,"29,090",50% bullish,of 4 ratings,$50.50
CMPR,$72.66,1441030253611,"11,393",50% bullish,of 2 ratings,$72.50
CTAS,$85.05,1441030253637,"35,222",100% bearish,of 1 rating,$91
CIDM,$0.5651,1441030253687,"6,180",50% bullish,of 2 ratings,$2.10
CRUS,$29.73,1441030253985,"74,715",75% bullish,of 12 ratings,$44.50
CSCO,$25.85,1441030254015,"2,059,294",84% bullish,of 209 ratings,$32
CZNC,$20,1441030254063,"1,880",Not yet rated,NULL,N/A
CTRN,$26.62,1441030254114,"3,532",100% bearish,of 1 rating,$31.50
CPHR,NULL,1441030254209,0,100% bearish,of 1 rating,$17
CZWI,$9.15,1441030254253,302,Not yet rated,NULL,N/A
CTXS,$68.07,1441030254396,"124,073",86% bullish,of 7 ratings,$80
CIFC,NULL,1441030254451,0,100% bearish,of 1 rating,N/A
CZFC,NULL,1441030254480,0,Not yet rated,NULL,N/A
CIZN,NULL,1441030254546,0,Not yet rated,NULL,N/A
CIVB,NULL,1441030254576,0,Not yet rated,NULL,$11
CDTI,$1.65,1441030254611,"8,156",75% bullish,of 4 ratings,$3.20
CHCO,$47.2,1441030254636,"2,103",Not yet rated,NULL,$46
CLNE,$5.14,1441030254978,"107,323",80% bullish,of 15 ratings,$9
CIVBP,NULL,1441030255110,0,Not yet rated,NULL,N/A
CLRO,$11.38,1441030255265,"1,353",50% bullish,of 2 ratings,$14.25
CLVS,$78.5,1441030255296,"29,906",60% bullish,of 5 ratings,$101.50
CSBK,$13.6,1441030255335,600,Not yet rated,NULL,N/A
CMFN,$11.29,1441030255424,"1,547",100% bearish,of 1 rating,$15.50
CBLI,$3.76,1441030255591,904,60% bullish,of 5 ratings,N/A
CLNT,$1.49,1441030255616,10,75% bullish,of 8 ratings,N/A
CISG,$7.74,1441030255661,"2,616",100% bullish,of 5 ratings,$10
CME,$94.09,1441030255753,"255,049",67% bullish,of 3 ratings,$102
CLFD,$17.15,1441030255804,"6,570",67% bullish,of 3 ratings,$18
CNV,$4.43,1441030255829,"3,515",50% bullish,of 2 ratings,$7.15
CCNE,$16.96,1441030256047,"1,200",50% bullish,of 2 ratings,$21.50
CWAY,$11.055,1441030256072,100,Not yet rated,NULL,N/A
COBZ,$12.76,1441030256116,"2,102",100% bullish,of 1 rating,$14
CLIR,$4.6888,1441030256164,300,100% bullish,of 3 ratings,N/A
CCOI,$27.52,1441030256395,"8,899",50% bullish,of 4 ratings,$35
COKE,$158.006,1441030256422,"3,493",79% bullish,of 19 ratings,N/A
CVLY,NULL,1441030256448,0,Not yet rated,NULL,N/A
CDXS,$3.74,1441030256469,"3,330",64% bullish,of 11 ratings,$6
CGNX,$35.27,1441030256611,"17,034",50% bullish,of 2 ratings,$47
CGNT,$1.55,1441030256808,173,100% bullish,of 2 ratings,$2
CHRS,$28.68,1441030256834,"4,593",67% bearish,of 3 ratings,$37
COHR,$57.62,1441030256873,"3,678",50% bullish,of 2 ratings,$72
CTSH,$62.83,1441030256899,"436,031",90% bullish,of 10 ratings,$75
CDRB,$14.05,1441030257103,"2,083",67% bullish,of 3 ratings,N/A
COHU,$9.73,1441030257130,"7,737",100% bearish,of 1 rating,$14.25
JVA,$4.67,1441030257259,100,83% bullish,of 6 ratings,$7
CLRX,$0.52,1441030257286,53,50% bullish,of 2 ratings,N/A
CLCT,$18.41,1441030257308,"3,353",100% bearish,of 1 rating,N/A
CIGI,$43.4,1441030257366,"2,000",100% bearish,of 1 rating,$52
COLL,$14.83,1441030257438,"2,320",100% bearish,of 1 rating,$26
CLCD,$6.64,1441030257620,249,100% bearish,of 1 rating,$20.50
COLB,$29.84,1441030258074,"6,477",Not yet rated,NULL,$36
CBMX,$1.11,1441030258292,480,83% bullish,of 6 ratings,$3.15
CBAN,NULL,1441030258318,0,Not yet rated,NULL,N/A
CMCSK,$57,1441030258340,"210,331",Not yet rated,NULL,$84
CBSH,$44.29,1441030258373,"14,928",50% bullish,of 2 ratings,$46
COLM,$61.11,1441030258481,"7,721",100% bearish,of 1 rating,$71
CVGI,$4.93,1441030258506,"4,031",50% bullish,of 2 ratings,$6
CMCO,$18.65,1441030258657,400,60% bullish,of 5 ratings,$28
CUBN,NULL,1441030258757,0,Not yet rated,NULL,N/A
COMM,$31.935,1441030258788,"133,594",67% bearish,of 3 ratings,$35
ESXB,$5.06,1441030258819,402,Not yet rated,NULL,N/A
JCS,$8.56,1441030258890,100,67% bullish,of 3 ratings,N/A
CSAL,$20.17,1441030258923,"37,916",75% bullish,of 4 ratings,$30
CMCSA,$56.045,1441030258944,"760,349",66% bullish,of 35 ratings,$69.50
CBSHP,$25.36,1441030259180,100,100% bearish,of 1 rating,N/A
CYHHZ,$0.01,1441030259263,377,100% bullish,of 1 rating,N/A
COB,$10.43,1441030259565,320,100% bullish,of 1 rating,$11.75
CWBC,$6.79,1441030259594,15,Not yet rated,NULL,N/A
CID,NULL,1441030259615,0,Not yet rated,NULL,N/A
CVLT,$35.64,1441030259646,"17,701",75% bullish,of 4 ratings,$44.50
CIZ,$33.37,1441030259693,950,100% bearish,of 1 rating,N/A
CFO,$35.49,1441030259984,"1,000",100% bearish,of 1 rating,N/A
CSF,NULL,1441030260010,0,100% bearish,of 1 rating,N/A
CIL,NULL,1441030260040,0,Not yet rated,NULL,N/A
CFA,NULL,1441030260071,0,100% bearish,of 1 rating,N/A
CSB,NULL,1441030260139,0,Not yet rated,NULL,N/A
CTBI,$34.68,1441030260202,"1,192",Not yet rated,NULL,$36
CDL,NULL,1441030260281,0,Not yet rated,NULL,N/A
CSA,NULL,1441030260309,0,Not yet rated,NULL,N/A
CDC,$34.97,1441030260414,528,Not yet rated,NULL,N/A
CGEN,$5.087,1441030260595,"30,567",50% bullish,of 2 ratings,$11
CPSI,$45.6218,1441030260655,"2,477",100% bearish,of 1 rating,$45.50
CTG,$6.5,1441030260729,"1,302",100% bearish,of 1 rating,$8.50
SCOR,$53.42,1441030260811,"19,515",100% bearish,of 1 rating,$66
CHCI,$0.765,1441030260864,577,50% bullish,of 2 ratings,N/A
CNSI,$18.79,1441030260890,"7,820",100% bearish,of 2 ratings,$29
CMTL,$25.385,1441030260913,"1,794",100% bearish,of 2 ratings,$37
CNCE,$15.79,1441030261115,"10,916",75% bullish,of 4 ratings,$22
CXRX,$76.79,1441030261142,"1,450",100% bearish,of 1 rating,$90
CCUR,$5.4,1441030261174,"1,970",75% bullish,of 4 ratings,N/A
CDOR,NULL,1441030261201,0,100% bullish,of 1 rating,N/A
CNAT,$4.055,1441030261343,"5,534",83% bullish,of 6 ratings,$13
CDORP,NULL,1441030261399,0,100% bearish,of 1 rating,N/A
CDORO,NULL,1441030261471,0,100% bearish,of 1 rating,N/A
CFMS,$16.97,1441030261555,"434,993",Not yet rated,NULL,$27
CTWS,$34.29,1441030261762,"4,435",100% bearish,of 1 rating,$44
CNFR,$10.205,1441030261787,314,Not yet rated,NULL,N/A
CNMD,$53.9,1441030261933,"1,081",Not yet rated,NULL,$59
CNXR,$6.9,1441030262013,"4,219",100% bearish,of 1 rating,$12
CNOB,$18.89,1441030262116,300,100% bullish,of 1 rating,$23.50
CWCO,$10.62,1441030262145,"5,514",67% bullish,of 3 ratings,$14.50
CNSL,$19.67,1441030262171,"9,164",100% bearish,of 1 rating,$23
CONN,$29.31,1441030262192,"34,492",67% bullish,of 3 ratings,$48.50
CFRXW,$2.28,1441030262228,"1,000",100% bearish,of 1 rating,N/A
CTCT,$25.01,1441030262327,"6,898",67% bullish,of 3 ratings,$37
CFRX,$4.98,1441030262398,"4,800",Not yet rated,NULL,$14
CTRV,$3.68,1441030262613,20,Not yet rated,NULL,$6.40
CTRL,$8.97,1441030262643,"3,483",50% bullish,of 2 ratings,$11
CPSS,$5.59,1441030262668,"1,572",100% bullish,of 1 rating,$10
CFRXZ,$0.6,1441030262752,100,Not yet rated,NULL,N/A
CRBP,$1.92,1441030262898,"50,033",100% bullish,of 2 ratings,$6.25
CPRT,$34.97,1441030262926,"15,732",67% bearish,of 3 ratings,$40
BVA,$3.86,1441030262954,"13,183",50% bullish,of 2 ratings,N/A
CORT,$5.11,1441030262980,"4,702",67% bullish,of 3 ratings,$12
CORE,$59.78,1441030263114,"2,996",100% bearish,of 1 rating,$72
CSOD,$35.62,1441030263242,"7,854",50% bullish,of 2 ratings,$42
CSGP,$180.68,1441030263342,"3,206",50% bullish,of 2 ratings,$235
CRVL,$30.74,1441030263380,"1,270",100% bearish,of 1 rating,N/A
COSI,$1.1893,1441030263488,"7,774",100% bullish,of 1 rating,N/A
COST,$139.21,1441030263515,"223,041",79% bullish,of 24 ratings,$154.50
CORI,$9.6,1441030263536,"15,571",100% bearish,of 1 rating,$18
CPAH,$0.51,1441030263567,"2,500",50% bullish,of 2 ratings,N/A
COVS,$2.66,1441030263844,"6,008",67% bullish,of 3 ratings,N/A
COWN,$5.22,1441030263904,"26,502",75% bullish,of 4 ratings,$7
ICBK,NULL,1441030263977,0,Not yet rated,NULL,$21
CPSH,NULL,1441030264039,0,Not yet rated,NULL,N/A
COWNL,NULL,1441030264060,0,Not yet rated,NULL,N/A
CBRL,$146.16,1441030264149,"15,886",50% bullish,of 2 ratings,$155
BREW,$7.9068,1441030264306,"3,446",67% bullish,of 6 ratings,$15
CRAI,$22.1092,1441030264331,"1,100",100% bearish,of 1 rating,$36
CVTI,$23.3101,1441030264414,"7,042",67% bearish,of 3 ratings,$39
CRAY,$20.89,1441030264516,"7,898",83% bullish,of 6 ratings,$38.50
CACC,$197.35,1441030264704,"9,404",50% bullish,of 2 ratings,$158.50
GLDI,$10.98,1441030264770,100,100% bearish,of 1 rating,N/A
SLVO,$9.96,1441030264918,335,100% bearish,of 1 rating,N/A
CROX,$14.33,1441030264962,"69,765",63% bullish,of 8 ratings,$16.50
CRTO,$42.04,1441030264989,"16,396",67% bullish,of 6 ratings,$64
CCRN,$14.3939,1441030265027,"33,548",100% bearish,of 1 rating,$14.25
CREE,$26.76,1441030265131,"53,764",65% bullish,of 17 ratings,$29.50
CRWN,$4.96,1441030265275,"59,875",75% bullish,of 4 ratings,N/A
CRESY,$10.25,1441030265301,"1,630",100% bearish,of 1 rating,$19
CYRX,NULL,1441030265382,0,Not yet rated,NULL,$9
CYRXW,$0.81,1441030265449,"9,601",Not yet rated,NULL,N/A
CCLP,$15.19,1441030265768,"2,712",67% bearish,of 3 ratings,$20
CSGS,$30.94,1441030265815,"7,446",Not yet rated,NULL,$40
CRWS,NULL,1441030265911,0,Not yet rated,NULL,$10
CRDS,$1.011,1441030265942,"2,351",75% bullish,of 4 ratings,$4.50
CSPI,NULL,1441030265978,0,67% bullish,of 3 ratings,N/A
CTRP,$67.722,1441030266346,"145,040",75% bullish,of 8 ratings,$92.50
CUNB,$21.11,1441030266448,275,Not yet rated,NULL,$24.50
CUI,$5.28,1441030266479,200,50% bullish,of 2 ratings,$10
CMLS,$1.38,1441030266549,"26,009",50% bullish,of 4 ratings,$6
CTIC,$1.6,1441030266825,"69,494",84% bullish,of 76 ratings,$5.75
CTCM,$1.79,1441030266855,"12,600",80% bearish,of 5 ratings,$3.90
CUTR,$14.35,1441030266876,"1,000",67% bearish,of 3 ratings,$18
CVV,$10.81,1441030266906,"1,050",100% bullish,of 5 ratings,N/A
CVBF,$16.0401,1441030266931,"15,709",Not yet rated,NULL,$18
CTIB,NULL,1441030267116,0,100% bearish,of 1 rating,N/A
CPIX,$6.04,1441030267185,3,Not yet rated,NULL,N/A
CRIS,$2.61,1441030267211,"13,674",100% bullish,of 8 ratings,$6
CYAN,$7.6,1441030267288,350,100% bearish,of 1 rating,N/A
CYBX,$66.58,1441030267386,"20,981",50% bullish,of 4 ratings,$71.50
CYBR,$51.868,1441030267414,"68,282",75% bullish,of 8 ratings,$66
CYBE,$6.68,1441030267441,"1,202",100% bearish,of 1 rating,N/A
CYCC,$0.56,1441030267478,"5,330",73% bullish,of 11 ratings,N/A
CYCCP,NULL,1441030267753,0,100% bearish,of 1 rating,N/A
CYNA,$16.1999,1441030267893,"2,234",50% bullish,of 2 ratings,$31.50
CYRN,$1.69,1441030267962,866,67% bullish,of 3 ratings,$4
CBAY,$2.65,1441030268094,"6,878",100% bullish,of 1 rating,$4
CY,$9.93,1441030268142,"264,469",80% bullish,of 10 ratings,$15.50
CONE,$32.25,1441030268172,"41,782",67% bearish,of 3 ratings,$35.50
CYTK,$6.97,1441030268201,"9,313",71% bullish,of 14 ratings,$13.50
CYTX,$0.3388,1441030268275,"861,307",83% bullish,of 12 ratings,$5.50
DAEG,$0.37,1441030268305,500,100% bearish,of 1 rating,N/A
CYNO,$31.89,1441030268333,"11,070",67% bearish,of 3 ratings,$45.50
CTSO,$6.83,1441030268433,"6,681",Not yet rated,NULL,$15.625
TVIZ,$20.0199,1441030268608,900,100% bearish,of 1 rating,N/A
ZIV,$39.094,1441030268707,"20,370",Not yet rated,NULL,N/A
XIV,$25.8632,1441030268734,"2,805,318",75% bearish,of 4 ratings,N/A
CYTR,$2.4,1441030268779,"76,501",67% bullish,of 6 ratings,$10
TVIX,$14.5584,1441030268910,"2,576,057",81% bullish,of 16 ratings,N/A
DARA,$0.86,1441030268990,"24,394",83% bullish,of 6 ratings,$1.50
DAKT,$8.77,1441030269055,"13,029",50% bullish,of 2 ratings,$12
DJCO,$192.01,1441030269123,100,Not yet rated,NULL,N/A
DWCH,$5.18,1441030269229,969,75% bullish,of 4 ratings,$8.25
DTLK,$5.78,1441030269301,"4,571",100% bearish,of 1 rating,$9
DAIO,$2.51,1441030269360,12,Not yet rated,NULL,N/A
PLAY,$34.29,1441030269445,"15,659",100% bullish,of 5 ratings,$42
DWSN,$4.44,1441030269503,965,67% bullish,of 3 ratings,N/A
DTEA,$13.3532,1441030269580,"6,050",100% bearish,of 2 ratings,$24
DRAM,$1.31,1441030269605,"7,534",78% bullish,of 9 ratings,N/A
DBVT,$41.19,1441030269686,"18,138",100% bearish,of 1 rating,$53
TRAK,$62.78,1441030269745,"21,116",50% bullish,of 2 ratings,$62.50
DHRM,$1.52,1441030269788,"1,400",Not yet rated,NULL,N/A
DFRG,$14.696,1441030269881,"4,733",100% bearish,of 1 rating,$20
TACO,$13.095,1441030269910,"29,487",75% bullish,of 4 ratings,$20
TACOW,$3.99,1441030270017,200,100% bullish,of 1 rating,N/A
DCTH,$0.4089,1441030270059,"26,927",78% bullish,of 9 ratings,N/A
DGAS,$20.2,1441030270159,101,67% bearish,of 3 ratings,N/A
DELT,NULL,1441030270184,0,Not yet rated,NULL,N/A
DELTW,NULL,1441030270212,0,Not yet rated,NULL,N/A
DENN,$11.515,1441030270315,"36,886",100% bullish,of 3 ratings,$15
DEPO,$27.75,1441030270450,"34,604",60% bullish,of 5 ratings,$29
DSCI,$5.87,1441030270476,"5,850",50% bullish,of 2 ratings,$16
DERM,$26.53,1441030270609,"8,220",100% bearish,of 1 rating,$33.50
XRAY,$52.92,1441030270655,"25,945",100% bullish,of 1 rating,$58
DXLG,$5.69,1441030270710,"8,331",100% bearish,of 1 rating,$8
DEST,$11.14,1441030270736,"3,162",50% bullish,of 2 ratings,N/A
DSWL,NULL,1441030270764,0,100% bullish,of 1 rating,N/A
DXM,$0.2896,1441030270862,"21,611",50% bullish,of 2 ratings,N/A
DXCM,$94.1699,1441030270962,"42,234",57% bullish,of 7 ratings,$98
DHXM,NULL,1441030271035,0,Not yet rated,NULL,N/A
DMND,$30.33,1441030271095,"37,370",75% bullish,of 12 ratings,$32
DHIL,$194.72,1441030271126,669,Not yet rated,NULL,N/A
FANG,$65.6,1441030271161,"36,682",50% bullish,of 2 ratings,$86.50
DRNA,$10.92,1441030271259,"5,684",67% bearish,of 3 ratings,$25
DCIX,$1.738,1441030271308,"1,484",50% bullish,of 4 ratings,$3.50
DGII,$10.17,1441030271334,"1,600",100% bearish,of 1 rating,$11
DGLY,$8.469,1441030271533,"12,105",50% bullish,of 6 ratings,$20
DRAD,$3.65,1441030271610,"7,528",100% bullish,of 1 rating,$5.25
DCOM,$17.01,1441030271692,"5,269",100% bearish,of 2 ratings,$16
DIOD,$19.64,1441030271717,"5,601",75% bearish,of 4 ratings,$24
DMRC,$38.29,1441030271745,"9,991",100% bearish,of 1 rating,$44
APPS,$2.41,1441030271890,"7,676",100% bearish,of 1 rating,$10.25
DISCA,$26.53,1441030271966,"116,523",67% bullish,of 3 ratings,$34
DPRX,$13.89,1441030272023,300,100% bullish,of 2 ratings,$27.75
DISCK,$25.26,1441030272055,"54,541",100% bearish,of 1 rating,$32
DSCO,$0.4199,1441030272131,"89,072",83% bullish,of 6 ratings,$2.75
DVCR,NULL,1441030272161,0,100% bullish,of 1 rating,N/A
DISCB,NULL,1441030272188,0,100% bearish,of 1 rating,$35
DISH,$59.04,1441030272214,"37,582",69% bullish,of 13 ratings,$73
BAGR,$2.78,1441030272358,"1,500",100% bearish,of 1 rating,$6
DLHC,$2.42,1441030272463,502,100% bearish,of 1 rating,N/A
DNBF,NULL,1441030272594,0,Not yet rated,NULL,$27.50
DLTR,$75.85,1441030272624,"214,579",82% bullish,of 11 ratings,$88
DGICA,$14.3499,1441030272645,"1,049",100% bearish,of 1 rating,$17
DGICB,NULL,1441030272678,0,100% bearish,of 1 rating,N/A
DMLP,$14.16,1441030272728,"5,182",100% bearish,of 1 rating,N/A
DORM,$50.7,1441030272775,"5,112",100% bearish,of 1 rating,$56
HILL,$9.68,1441030272868,"136,821",60% bearish,of 5 ratings,$9.75
DRWI,$0.21,1441030272968,"10,500",60% bullish,of 5 ratings,$.45
DRWIW,NULL,1441030272997,0,Not yet rated,NULL,N/A
DRYS,$0.4588,1441030273044,"661,485",77% bullish,of 31 ratings,$.60
DSKX,$3.26,1441030273102,"26,955",100% bullish,of 1 rating,N/A
DWA,$19.82,1441030273176,"29,495",63% bullish,of 8 ratings,$26
CADT,NULL,1441030273263,0,Not yet rated,NULL,N/A
DSPG,$8.64,1441030273359,"5,585",100% bearish,of 1 rating,$13.50
CADTR,NULL,1441030273449,0,Not yet rated,NULL,N/A
CADTU,NULL,1441030273551,0,Not yet rated,NULL,N/A
DNKN,$51.44,1441030273650,"42,247",67% bullish,of 15 ratings,$56.50
CADTW,NULL,1441030273677,0,Not yet rated,NULL,N/A
DTSI,$26.79,1441030273707,"3,488",100% bearish,of 2 ratings,$39.50
DXPE,$28.27,1441030273810,"7,701",50% bullish,of 2 ratings,N/A
DYAX,$22.92,1441030273838,"38,667",89% bullish,of 9 ratings,$30
DRRX,$2.08,1441030273863,"13,446",50% bullish,of 6 ratings,$3
BOOM,$10.71,1441030273891,"5,701",67% bullish,of 3 ratings,$12
DYSL,NULL,1441030274082,0,100% bullish,of 2 ratings,N/A
DYNT,NULL,1441030274109,0,75% bullish,of 4 ratings,N/A
DVAX,$29.26,1441030274138,"37,846",70% bullish,of 10 ratings,$40
ETFC,$26.23,1441030274239,"147,784",57% bullish,of 14 ratings,$32.50
EBMT,$11.54,1441030274268,204,Not yet rated,NULL,$13.50
EGBN,$41.65,1441030274371,"4,682",Not yet rated,NULL,$48
EGLE,$6.32,1441030274457,"2,202",60% bullish,of 5 ratings,N/A
EGRX,$82.65,1441030274564,"24,584",67% bullish,of 3 ratings,$97
EML,$16.44,1441030274595,102,Not yet rated,NULL,N/A
ELNK,$8.48,1441030274629,"29,981",60% bullish,of 5 ratings,$9.50
EWBC,$40.01,1441030274696,"34,049",100% bearish,of 1 rating,$50
EROC,$1.4837,1441030274729,"90,401",50% bullish,of 2 ratings,$3
EACQU,$10.05,1441030274829,204,Not yet rated,NULL,N/A
EVBS,$6.67,1441030274855,400,Not yet rated,NULL,$7
EBAY,$27.18,1441030274882,"802,379",81% bullish,of 117 ratings,$34
EBIX,$28.3,1441030275041,"20,194",69% bullish,of 13 ratings,$40
ELON,$0.5598,1441030275144,"13,265",50% bullish,of 2 ratings,N/A
ECHO,$23.12,1441030275249,"10,737",67% bearish,of 3 ratings,$34.50
SATS,$44.11,1441030275275,"1,558",50% bullish,of 2 ratings,$60
ECTE,$1.49,1441030275305,"3,752",75% bullish,of 4 ratings,N/A
ECACU,$10.1,1441030275350,50,Not yet rated,NULL,N/A
EEI,NULL,1441030275410,0,67% bearish,of 3 ratings,N/A
ESES,NULL,1441030275436,0,100% bearish,of 1 rating,$7
EDAP,$3.59,1441030275637,"15,346",60% bullish,of 5 ratings,$4.50
EDGW,NULL,1441030275697,0,100% bearish,of 1 rating,N/A
EGAN,$3.664,1441030275724,790,50% bullish,of 2 ratings,$6.25
EDUC,$5.6873,1441030275745,"5,330",100% bearish,of 1 rating,N/A
EFUT,NULL,1441030275790,0,Not yet rated,NULL,N/A
EGLT,$10.89,1441030275881,"10,580",50% bullish,of 2 ratings,$21
LOCO,$13.11,1441030275910,"161,761",77% bullish,of 13 ratings,$19.50
EHTH,$14.71,1441030275932,"7,817",50% bullish,of 4 ratings,$16.50
EMITF,$1.2,1441030276194,"10,460",75% bullish,of 4 ratings,N/A
ESLT,$76.455,1441030276222,"2,236",67% bullish,of 3 ratings,N/A
EA,$66.81,1441030276279,"295,019",77% bullish,of 35 ratings,$80
ERI,$9.62,1441030276308,"13,333",100% bearish,of 1 rating,$10
ESIO,$4.4,1441030276355,"6,596",50% bullish,of 2 ratings,$10
ELRC,$10.57,1441030276414,"2,074",100% bearish,of 1 rating,N/A
EFII,$43.82,1441030276455,"4,115",80% bullish,of 5 ratings,$55
ELSE,$3.89,1441030276546,51,60% bullish,of 5 ratings,N/A
ELEC,NULL,1441030276644,0,Not yet rated,NULL,N/A
EBIO,$3.5199,1441030276677,"10,470",100% bearish,of 2 ratings,$8.35
ELECW,NULL,1441030276772,0,Not yet rated,NULL,N/A
ELECU,NULL,1441030276799,0,Not yet rated,NULL,N/A
RDEN,$10.89,1441030276827,"3,587",100% bearish,of 4 ratings,$15
ESBK,NULL,1441030277011,0,Not yet rated,NULL,N/A
CAPX,NULL,1441030277047,0,Not yet rated,NULL,N/A
LONG,$16.68,1441030277072,100,67% bullish,of 3 ratings,$15.75
ELTK,$1.32,1441030277214,"10,160",67% bearish,of 3 ratings,N/A
EMCF,NULL,1441030277240,0,100% bearish,of 1 rating,N/A
EMCI,$23,1441030277287,"1,950",Not yet rated,NULL,N/A
EMKR,$6.98,1441030277371,"3,104",75% bullish,of 4 ratings,$8.50
EMMS,$1.13,1441030277398,324,83% bullish,of 6 ratings,N/A
EMMSP,NULL,1441030277425,0,100% bearish,of 1 rating,N/A
NYNY,$4.33,1441030277582,800,50% bullish,of 2 ratings,N/A
ENTA,$40.61,1441030277667,"16,653",50% bullish,of 2 ratings,$42
ERS,NULL,1441030277729,0,Not yet rated,NULL,N/A
ECPG,$39.8201,1441030277797,"14,405",100% bullish,of 2 ratings,$52
ENDP,$77.44,1441030277887,"97,484",50% bullish,of 6 ratings,$104
WIRE,$31.77,1441030277913,"7,240",100% bearish,of 1 rating,$37
ELGX,$12.93,1441030277983,"8,481",75% bullish,of 4 ratings,$17
ECYT,$5.34,1441030278048,"72,633",83% bullish,of 6 ratings,$12
WATT,$7.2999,1441030278189,"31,130",50% bullish,of 2 ratings,$13
EIGI,$15.48,1441030278216,"15,122",67% bearish,of 3 ratings,$22.50
ERII,$2.64,1441030278244,"1,676",80% bullish,of 5 ratings,$2.50
EXXI,$1.77,1441030278270,"167,526",86% bullish,of 7 ratings,$3.50
EFOI,$22.25,1441030278296,"282,763",50% bullish,of 2 ratings,$24.50
ENOC,$9.17,1441030278427,"17,270",75% bullish,of 4 ratings,$18
ENG,$1.04,1441030278515,"5,400",100% bullish,of 3 ratings,N/A
ENPH,$4.61,1441030278558,"82,119",75% bullish,of 4 ratings,$11
ENTL,$22.07,1441030278666,769,Not yet rated,NULL,$28
ESGR,$146.56,1441030278799,185,100% bearish,of 1 rating,$185
ENFC,$17.501,1441030278825,600,Not yet rated,NULL,N/A
ENTG,$13.71,1441030278859,"48,120",100% bearish,of 1 rating,$18
EBTC,$21,1441030278959,100,Not yet rated,NULL,N/A
EFSC,$23.665,1441030278986,"2,352",Not yet rated,NULL,$27
ETRM,$0.289,1441030279016,"192,177",69% bearish,of 35 ratings,$1.625
ENVI,$1.928,1441030279046,"6,560",67% bullish,of 3 ratings,N/A
EGT,$2.0602,1441030279067,216,100% bullish,of 1 rating,N/A
ENZY,$9.71,1441030279253,"2,724",67% bullish,of 3 ratings,$9.50
ENZN,$1.04,1441030279342,"16,748",100% bullish,of 9 ratings,N/A
EPIQ,$12.99,1441030279411,"9,134",100% bearish,of 1 rating,$18
EPZM,$20.26,1441030279447,"44,555",60% bullish,of 5 ratings,$34
EPRS,$5.24,1441030279485,"5,087",82% bullish,of 11 ratings,$15
EQIX,$266.06,1441030279616,"18,402",75% bullish,of 4 ratings,$312.50
EQFN,$8.39,1441030279663,35,100% bearish,of 1 rating,N/A
PLUS,$75.9,1441030279693,"4,187",50% bullish,of 2 ratings,$88
EAC,$3.29,1441030279796,264,100% bearish,of 1 rating,$8
ERIE,$82.51,1441030279824,918,Not yet rated,NULL,$73
ERIC,$9.72,1441030279876,"363,622",67% bullish,of 9 ratings,$12.20
ESCA,$17.93,1441030279908,403,100% bearish,of 1 rating,$22
ESCR,$0.1276,1441030279929,"29,162",50% bullish,of 2 ratings,N/A
ESCRP,$1.49,1441030280011,"1,491",100% bearish,of 1 rating,N/A
ESPR,$50.9366,1441030280167,"111,077",70% bearish,of 10 ratings,$122.50
ESMC,NULL,1441030280192,0,Not yet rated,NULL,N/A
ESSA,$12.88,1441030280473,704,100% bearish,of 1 rating,N/A
CLWT,NULL,1441030280502,0,100% bullish,of 1 rating,N/A
ESND,$34.43,1441030280531,"2,646",100% bearish,of 2 ratings,$40
EEFT,$65.2,1441030280561,"3,363",100% bearish,of 1 rating,$67.50
ETSY,$14.5536,1441030280631,"28,667",80% bullish,of 5 ratings,$16
ESEA,$5.35,1441030280662,"1,450",100% bullish,of 1 rating,$15
EVEP,$8.06,1441030280694,"29,910",50% bullish,of 2 ratings,$15
ESSX,$0.498,1441030280766,"25,632",50% bullish,of 2 ratings,N/A
EVK,$3.96,1441030280842,832,75% bearish,of 4 ratings,N/A
EVLV,$2.66,1441030280899,"12,989",60% bullish,of 5 ratings,$5.125
EPIX,NULL,1441030280947,0,Not yet rated,NULL,N/A
EVOK,$3.75,1441030281046,"2,444",100% bearish,of 1 rating,$13.375
EVOL,$5.96,1441030281074,"1,091",75% bullish,of 4 ratings,$10
EXA,$11.07,1441030281147,736,100% bearish,of 1 rating,$13
EXEL,$6.07,1441030281282,"623,014",81% bullish,of 16 ratings,$6
EXAC,$19,1441030281308,"3,510",100% bearish,of 1 rating,$22.50
EXFO,NULL,1441030281358,0,67% bearish,of 3 ratings,$3.95
EXLS,$36.38,1441030281447,"2,020",50% bullish,of 2 ratings,$41
EXPE,$115.26,1441030281511,"44,498",64% bullish,of 11 ratings,$130
EXAS,$22.29,1441030281545,"40,120",78% bullish,of 9 ratings,$31
ESRX,$84.51,1441030281645,"279,068",67% bearish,of 6 ratings,$101
EXPD,$49.23,1441030281677,"76,585",80% bullish,of 5 ratings,$52
EXPO,$42.52,1441030281701,"2,700",100% bearish,of 1 rating,$45.50
EXLP,$20.26,1441030281730,"13,515",100% bearish,of 1 rating,$25
EXTR,$2.9,1441030281807,"168,349",80% bullish,of 5 ratings,$3
EYEG,$3.62,1441030281901,"2,337",Not yet rated,NULL,N/A
EYEGW,NULL,1441030281946,0,Not yet rated,NULL,N/A
EZCH,$22.25,1441030282076,"10,322",75% bullish,of 8 ratings,$19.50
EZPW,$5.83,1441030282105,"11,339",50% bullish,of 4 ratings,$7
FFIV,$122.13,1441030282201,"51,370",63% bullish,of 8 ratings,$132
FB,$89.8085,1441030282271,"3,531,554",73% bullish,of 1072 ratings,$111
FRP,$16.1701,1441030282342,"10,322",100% bearish,of 1 rating,$18
FCS,$13.52,1441030282373,"26,242",67% bearish,of 3 ratings,$17
FWM,$2.2163,1441030282398,"15,548",100% bearish,of 2 ratings,$3.20
FALC,$1.7384,1441030282445,"2,463",63% bearish,of 8 ratings,N/A
FARM,$22.79,1441030282531,324,100% bearish,of 1 rating,$35
DAVE,$15.24,1441030282562,"13,635",100% bearish,of 1 rating,$15.50
FARO,$37.57,1441030282714,"6,802",50% bullish,of 2 ratings,$48
FMNB,$8.25,1441030282742,100,Not yet rated,NULL,N/A
FFKT,$25.74,1441030282763,68,Not yet rated,NULL,$29
FAST,$38.2,1441030282816,"163,493",80% bullish,of 5 ratings,$45.50
FATE,$7.02,1441030282915,"2,407",50% bullish,of 2 ratings,$11
FBSS,NULL,1441030283022,0,Not yet rated,NULL,N/A
FBRC,$22.23,1441030283152,246,100% bearish,of 1 rating,$29
FHCO,$1.43,1441030283188,"22,110",50% bullish,of 4 ratings,N/A
FEIC,$75.32,1441030283210,"9,915",50% bullish,of 2 ratings,$95.50
FDML,$8.85,1441030283239,"19,559",50% bullish,of 4 ratings,$14
FCSC,$5.66,1441030283268,"15,200",100% bearish,of 1 rating,$8.125
FNHC,$22.02,1441030283294,"7,176",100% bearish,of 1 rating,$35
FENX,$10.12,1441030283326,"10,895",100% bullish,of 1 rating,$14.25
ONEQ,$188.0599,1441030283514,"3,710",100% bullish,of 1 rating,N/A
LION,$19.25,1441030283571,"3,790",100% bullish,of 1 rating,$20
FRGI,$51.62,1441030283670,"6,388",50% bullish,of 2 ratings,$70
FGEN,$24.02,1441030283695,"32,132",100% bearish,of 1 rating,$39
FDUS,$14.34,1441030283721,"4,767",50% bullish,of 2 ratings,$18
FSAM,$8.12,1441030283888,307,100% bearish,of 1 rating,$10.25
FSCFL,NULL,1441030283919,0,Not yet rated,NULL,N/A
FSC,$6.43,1441030283952,"72,792",60% bullish,of 5 ratings,$8
FSFR,$8.84,1441030284050,"6,368",100% bearish,of 1 rating,$11.50
FITBI,$27.4,1441030284119,"1,127",Not yet rated,NULL,N/A
FITB,$19.83,1441030284149,"290,570",54% bullish,of 13 ratings,$22
FNGN,$33.07,1441030284171,"16,489",67% bullish,of 3 ratings,$47
FISI,$24.92,1441030284248,"2,295",100% bullish,of 2 ratings,$24.50
FNSR,$15.625,1441030284317,"18,129",71% bullish,of 7 ratings,$24.50
FNJN,$1.885,1441030284342,868,100% bearish,of 1 rating,$5
FNTCU,NULL,1441030284537,0,Not yet rated,NULL,N/A
FNTCW,$0.33,1441030284593,998,Not yet rated,NULL,N/A
FNTC,NULL,1441030284625,0,Not yet rated,NULL,N/A
FEYE,$38.41,1441030284647,"268,675",87% bullish,of 15 ratings,$55.50
FRBA,NULL,1441030284692,0,Not yet rated,NULL,$8
FBNC,$17.03,1441030284721,200,100% bullish,of 1 rating,$20
FBIZ,$22.39,1441030284776,"10,305",100% bearish,of 2 ratings,$52
BUSE,$6.37,1441030284824,"1,602",Not yet rated,NULL,$6.875
FNLC,$18.58,1441030284955,812,100% bullish,of 1 rating,N/A
FCAP,NULL,1441030285098,0,Not yet rated,NULL,N/A
FCVA,$4.78,1441030285124,"2,494",Not yet rated,NULL,N/A
FCFS,$39.616,1441030285170,"4,323",100% bearish,of 3 ratings,$47
FCNCA,$236.62,1441030285255,194,Not yet rated,NULL,N/A
FCLF,NULL,1441030285280,0,Not yet rated,NULL,N/A
FCBC,$17.43,1441030285310,200,Not yet rated,NULL,$18
FCCO,$12,1441030285418,"1,400",Not yet rated,NULL,$13.25
FCFP,NULL,1441030285470,0,Not yet rated,NULL,N/A
FDEF,$37.63,1441030285524,833,Not yet rated,NULL,$38
FBNK,$17.235,1441030285559,"9,380",100% bearish,of 1 rating,$17.50
FFNM,NULL,1441030285597,0,Not yet rated,NULL,N/A
FFBC,$18.2255,1441030285659,"5,185",67% bearish,of 3 ratings,$20.25
FFIN,$30.68,1441030285689,"9,385",50% bullish,of 2 ratings,$31.75
FFBCW,NULL,1441030285713,0,100% bearish,of 1 rating,N/A
THFF,$32.96,1441030285921,114,Not yet rated,NULL,$35
FFWM,$21.25,1441030286118,200,Not yet rated,NULL,$24
FFNW,NULL,1441030286145,0,Not yet rated,NULL,$14
INBK,$30.575,1441030286191,"5,165",50% bullish,of 2 ratings,$37
FIBK,$26.2301,1441030286247,"6,409",Not yet rated,NULL,$32
FMBH,NULL,1441030286344,0,Not yet rated,NULL,N/A
FRME,$25.87,1441030286370,"2,281",Not yet rated,NULL,$26.50
FMBI,$17.36,1441030286395,"13,807",Not yet rated,NULL,$20
FNBC,$34.78,1441030286531,"4,013",Not yet rated,NULL,$40
FNWB,NULL,1441030286574,0,Not yet rated,NULL,N/A
FNFG,$9.08,1441030286628,"79,405",80% bullish,of 5 ratings,$9
FSFG,NULL,1441030286659,0,Not yet rated,NULL,N/A
FSGI,NULL,1441030286757,0,Not yet rated,NULL,N/A
FSLR,$47.34,1441030286813,"161,326",72% bullish,of 39 ratings,$65
FSBK,NULL,1441030286842,0,100% bullish,of 1 rating,N/A
BICK,NULL,1441030287034,0,100% bullish,of 1 rating,N/A
FBZ,$9.67,1441030287099,600,Not yet rated,NULL,N/A
FCAN,$24.0783,1441030287125,400,Not yet rated,NULL,N/A
FCA,NULL,1441030287164,0,Not yet rated,NULL,N/A
FTCS,$36.62,1441030287195,24,100% bearish,of 1 rating,N/A
FV,$23.5214,1441030287293,"406,922",100% bearish,of 1 rating,N/A
FEMB,NULL,1441030287385,0,Not yet rated,NULL,N/A
IFV,$17.73,1441030287421,"7,979",100% bearish,of 1 rating,N/A
FTSM,$59.87,1441030287446,"4,378",100% bearish,of 1 rating,N/A
FEUZ,$30.8801,1441030287528,200,Not yet rated,NULL,N/A
TDIV,$24.5966,1441030287657,"2,756",100% bearish,of 1 rating,N/A
FGM,$35.58,1441030287684,194,Not yet rated,NULL,N/A
MDIV,$19.1,1441030287734,"23,109",Not yet rated,NULL,N/A
FTGC,$22.32,1441030287812,192,Not yet rated,NULL,N/A
FTHI,$19.93,1441030287837,100,Not yet rated,NULL,N/A
FHK,$33.11,1441030287968,"1,200",Not yet rated,NULL,N/A
HYLS,$49.4721,1441030288027,"2,514",100% bearish,of 1 rating,N/A
SKYY,$28.8701,1441030288219,"9,570",100% bullish,of 1 rating,N/A
YDIV,$16.445,1441030288250,299,Not yet rated,NULL,N/A
FPXI,$27.15,1441030288273,100,Not yet rated,NULL,N/A
FJP,$47.2,1441030288303,511,Not yet rated,NULL,N/A
PLTM,$6.35,1441030288324,208,100% bearish,of 1 rating,N/A
CU,$12.78,1441030288355,"6,089",100% bearish,of 1 rating,N/A
FTLB,$19.81,1441030288488,1,100% bearish,of 1 rating,N/A
LMBS,$50.09,1441030288523,"1,089",Not yet rated,NULL,N/A
FMB,NULL,1441030288618,0,Not yet rated,NULL,N/A
QABA,$37.28,1441030288711,658,100% bearish,of 1 rating,N/A
CIBR,$17.87,1441030288761,"17,107",Not yet rated,NULL,N/A
FONE,$35.27,1441030288894,2,Not yet rated,NULL,N/A
QCLN,$15.035,1441030288921,926,Not yet rated,NULL,N/A
GRID,NULL,1441030288966,0,100% bearish,of 1 rating,N/A
RDVY,$21.01,1441030289073,200,Not yet rated,NULL,N/A
CARZ,$34.97,1441030289104,"2,083",100% bearish,of 1 rating,N/A
QQEW,$41.72,1441030289124,"6,449",Not yet rated,NULL,N/A
QQXT,$40.36,1441030289158,"6,576",Not yet rated,NULL,N/A
QTEC,$40,1441030289288,"1,967",Not yet rated,NULL,N/A
AIRR,$16.35,1441030289316,"12,358",100% bearish,of 1 rating,N/A
QINC,NULL,1441030289342,0,Not yet rated,NULL,N/A
FTSL,$48.828,1441030289473,"1,347",100% bearish,of 1 rating,N/A
FKO,NULL,1441030289544,0,Not yet rated,NULL,N/A
FDIV,$47.01,1441030289622,400,100% bearish,of 1 rating,N/A
FSZ,$39.0344,1441030289647,176,Not yet rated,NULL,N/A
FTW,NULL,1441030289778,0,Not yet rated,NULL,N/A
TUSA,$24.91,1441030289802,"2,434",Not yet rated,NULL,N/A
FUNC,$8.0538,1441030289830,"2,704",Not yet rated,NULL,N/A
SVVC,$9.39,1441030289858,"2,660",50% bullish,of 2 ratings,$26
FKU,$41.6199,1441030289883,"1,865",Not yet rated,NULL,N/A
FSV,$30.95,1441030290041,600,Not yet rated,NULL,$33.60
FMER,$17.72,1441030290090,"64,458",50% bullish,of 2 ratings,$20
FISV,$85.88,1441030290116,"121,719",100% bearish,of 3 ratings,$90
FIVE,$38.4,1441030290148,"65,600",75% bearish,of 4 ratings,$44
FPRX,$19.36,1441030290247,"15,788",50% bullish,of 2 ratings,$35
FIVN,$3.95,1441030290274,"11,244",100% bullish,of 1 rating,$8.50
FLML,$22.34,1441030290345,"5,708",50% bullish,of 2 ratings,$30
FLKS,$12.27,1441030290451,"6,847",50% bullish,of 2 ratings,$27
FLXN,$24.56,1441030290505,"8,120",100% bearish,of 1 rating,$40
SKOR,NULL,1441030290654,0,Not yet rated,NULL,N/A
MBSD,$24.9647,1441030290679,200,Not yet rated,NULL,N/A
FLXS,$32.14,1441030290712,"1,365",100% bearish,of 2 ratings,N/A
FLEX,$10.54,1441030290742,"126,766",63% bullish,of 8 ratings,$12
FLIR,$28.51,1441030290841,"85,197",100% bearish,of 1 rating,$38.50
FLDM,$11.8,1441030290887,"21,829",67% bearish,of 3 ratings,$15
FFIC,$19.83,1441030290915,"9,130",Not yet rated,NULL,$20.50
FOMX,$10.39,1441030291114,"56,053",50% bullish,of 2 ratings,$23.50
FOGO,$19.2,1441030291156,"9,956",50% bullish,of 2 ratings,$25.50
FONR,$9.66,1441030291186,270,100% bullish,of 1 rating,N/A
FES,$0.9136,1441030291207,"3,175",50% bullish,of 2 ratings,$1
FORM,$6.47,1441030291290,"5,496",67% bullish,of 3 ratings,$10.50
FORTY,$31.63,1441030291436,33,100% bearish,of 1 rating,N/A
FORR,$31.545,1441030291470,"1,860",Not yet rated,NULL,N/A
FBIO,$2.95,1441030291507,"12,202",83% bullish,of 6 ratings,N/A
FORD,$1.4699,1441030291644,"591,258",67% bullish,of 3 ratings,N/A
FTNT,$42.68,1441030291680,"47,922",80% bullish,of 10 ratings,$52
FOSL,$61.695,1441030291774,"20,484",60% bearish,of 5 ratings,$80
FWP,$27,1441030291800,"10,891",100% bearish,of 1 rating,$45
FWRD,$45.08,1441030291821,"3,230",100% bearish,of 1 rating,$50
FXCB,$16.94,1441030291963,113,Not yet rated,NULL,$19
FOXF,$15.15,1441030292096,548,100% bearish,of 1 rating,$19
FMI,$23.61,1441030292130,"16,003",100% bearish,of 2 ratings,$27.50
FRED,$13.04,1441030292229,"13,983",50% bullish,of 2 ratings,$15.50
FELE,$28.895,1441030292254,"8,876",50% bullish,of 4 ratings,$33
FRAN,$11.35,1441030292282,"22,698",50% bullish,of 4 ratings,$15
FREE,$0.3697,1441030292314,"98,390",92% bullish,of 12 ratings,N/A
RAIL,$21.2,1441030292418,"18,602",100% bearish,of 1 rating,$24.50
FEIM,$10.95,1441030292443,100,100% bearish,of 1 rating,N/A
FRPT,$12.93,1441030292576,"13,914",67% bearish,of 3 ratings,$23.50
FTR,$5.03,1441030292707,"1,260,117",78% bullish,of 27 ratings,$6.25
FRPH,$31.24,1441030292840,6,100% bearish,of 1 rating,N/A
FTRPR,$100.2,1441030292893,"1,065",100% bearish,of 1 rating,N/A
FTD,$29.31,1441030292945,"2,174",100% bearish,of 1 rating,$40
FSBW,$23,1441030293000,"1,004",Not yet rated,NULL,N/A
FTEK,$2.08,1441030293129,"6,900",75% bullish,of 4 ratings,N/A
FSYS,$6.75,1441030293158,"1,250",67% bullish,of 3 ratings,$10
FCEL,$0.7979,1441030293191,"127,783",88% bullish,of 41 ratings,$2.65
FULL,$3.1143,1441030293261,"2,254",67% bearish,of 3 ratings,$4.25
FULLL,NULL,1441030293289,0,Not yet rated,NULL,N/A
FLL,$1.42,1441030293394,391,75% bullish,of 4 ratings,$3.50
FSNN,$2.26,1441030293522,682,67% bullish,of 3 ratings,$6
FULT,$12.02,1441030293547,"24,934",100% bearish,of 1 rating,$13
FFHL,$1.09,1441030293727,"1,950",50% bullish,of 4 ratings,N/A
FXEN,$0.83,1441030293774,"2,400",75% bullish,of 4 ratings,$1.10
FXENP,NULL,1441030293858,0,100% bearish,of 1 rating,N/A
GAIA,$5.89,1441030294230,86,50% bullish,of 2 ratings,$8.50
WILC,$4.92,1441030294258,52,100% bullish,of 2 ratings,N/A
GK,$67.5,1441030294288,826,Not yet rated,NULL,$78
GALTU,NULL,1441030294315,0,100% bearish,of 1 rating,N/A
GALT,$2.1611,1441030294343,"25,254",80% bullish,of 5 ratings,N/A
GLPG,$60.04,1441030294391,"12,645",100% bullish,of 1 rating,$75
GALTW,NULL,1441030294518,0,100% bullish,of 1 rating,N/A
GALE,$1.5099,1441030294543,"152,511",89% bullish,of 47 ratings,$4
GLMD,$8.66,1441030294698,"6,450",67% bullish,of 3 ratings,$20.50
GLPI,$31.15,1441030294723,"6,798",100% bearish,of 1 rating,$37.50
GPIC,$10.05,1441030294798,500,100% bearish,of 1 rating,N/A
GRMN,$37.6001,1441030294861,"41,098",50% bullish,of 6 ratings,$46.50
GGACR,NULL,1441030294951,0,100% bullish,of 1 rating,N/A
GGACW,$0.16,1441030294989,102,Not yet rated,NULL,N/A
GGACU,NULL,1441030295086,0,Not yet rated,NULL,N/A
GENC,$9.22,1441030295114,"1,200",100% bearish,of 1 rating,N/A
GARS,$14.2888,1441030295141,"9,838",Not yet rated,NULL,$16
GGAC,NULL,1441030295162,0,100% bearish,of 1 rating,N/A
GFN,$3.95,1441030295292,214,100% bearish,of 2 ratings,$8
GFNCP,NULL,1441030295320,0,Not yet rated,NULL,N/A
GNCMA,$17.66,1441030295345,"11,716",100% bearish,of 1 rating,$12
GFNSL,$25.6,1441030295480,800,Not yet rated,NULL,N/A
GENE,$2.3975,1441030295517,"20,838",100% bullish,of 12 ratings,N/A
GNMK,$10.29,1441030295647,"42,499",67% bullish,of 6 ratings,$14
GNVC,$2.57,1441030295804,"2,000",90% bullish,of 10 ratings,$8.50
GNTX,$15.46,1441030295831,"79,632",Not yet rated,NULL,$20
THRM,$46.03,1441030295857,"11,900",75% bearish,of 4 ratings,$55.50
GNCA,$12.01,1441030295894,"5,212",100% bearish,of 1 rating,$20
GHDX,$27.55,1441030295915,"8,835",50% bullish,of 2 ratings,$30
GERN,$3.19,1441030295993,"171,530",88% bullish,of 16 ratings,$5.25
GEOS,$16.0001,1441030296025,"5,893",100% bearish,of 3 ratings,$21
GABC,$28.83,1441030296051,162,Not yet rated,NULL,$31
GEVO,$2.31,1441030296188,"19,671",75% bullish,of 12 ratings,$5
GTWN,NULL,1441030296260,0,Not yet rated,NULL,N/A
ROCK,$16.335,1441030296286,"12,106",80% bullish,of 5 ratings,$24
GIGM,$0.5658,1441030296328,"2,201",100% bullish,of 2 ratings,N/A
GIGA,$1.39,1441030296416,"4,634",100% bearish,of 1 rating,N/A
GIII,$68.65,1441030296545,"15,436",67% bullish,of 3 ratings,$75
GILT,$4.25,1441030296605,"2,662",50% bullish,of 2 ratings,N/A
GBCI,$25.63,1441030296635,"12,014",50% bullish,of 2 ratings,$31
GILD,$107.14,1441030296665,"804,361",91% bullish,of 87 ratings,$129
GLADO,$25.3,1441030296698,675,Not yet rated,NULL,N/A
GLAD,$8.8358,1441030296735,"18,376",50% bullish,of 2 ratings,$8.75
GOOD,$14.6112,1441030296804,"11,375",Not yet rated,NULL,$19
GOODN,$25.57,1441030296952,244,Not yet rated,NULL,N/A
GOODP,$25.14,1441030297003,7,Not yet rated,NULL,N/A
GOODO,$24.85,1441030297054,"2,627",Not yet rated,NULL,N/A
GAIN,$7.48,1441030297135,"18,170",100% bullish,of 2 ratings,$8.25
GAINN,$25.038,1441030297160,"3,509",Not yet rated,NULL,N/A
GAINP,$25.91,1441030297293,256,Not yet rated,NULL,N/A
GLBZ,NULL,1441030297381,0,Not yet rated,NULL,N/A
GAINO,$25.32,1441030297424,342,Not yet rated,NULL,N/A
GBT,$48.29,1441030297457,"11,189",100% bearish,of 1 rating,N/A
GDEF,$10.52,1441030297491,1,Not yet rated,NULL,N/A
LAND,$9.15,1441030297560,"5,057",50% bullish,of 2 ratings,$13.75
GBLI,$27,1441030297581,900,Not yet rated,NULL,N/A
ENT,$11.8,1441030297613,"2,596",100% bearish,of 1 rating,$18
GPACU,NULL,1441030297754,0,Not yet rated,NULL,N/A
GSOL,$8.23,1441030297843,"2,723",100% bearish,of 1 rating,N/A
ACTX,$13.15,1441030297884,"74,850",100% bullish,of 1 rating,N/A
SOCL,$17.52,1441030298015,"6,300",100% bullish,of 2 ratings,N/A
QQQC,$19.16,1441030298040,522,100% bearish,of 1 rating,N/A
ALTY,NULL,1441030298065,0,Not yet rated,NULL,N/A
SRET,$13.205,1441030298094,312,Not yet rated,NULL,N/A
YLCO,$11.78,1441030298197,"1,620",Not yet rated,NULL,N/A
GAI,$5.94,1441030298227,100,50% bullish,of 2 ratings,N/A
GSM,$13.54,1441030298258,"17,243",50% bullish,of 2 ratings,$22
GBIM,$2.32,1441030298359,"4,502",50% bullish,of 2 ratings,N/A
GLUU,$4.51,1441030298402,"178,807",92% bullish,of 26 ratings,$9
GLBS,$0.98,1441030298428,"1,494",67% bullish,of 3 ratings,N/A
GLRI,NULL,1441030298456,0,100% bearish,of 1 rating,$4.25
GLYC,NULL,1441030298498,0,50% bullish,of 2 ratings,$14
GOGO,$15.6,1441030298707,"31,906",80% bullish,of 5 ratings,$25
GLNG,$38.24,1441030298776,"38,214",83% bullish,of 6 ratings,$55.50
GLDC,NULL,1441030298843,0,50% bullish,of 2 ratings,N/A
GMLP,$18.02,1441030298874,"19,346",50% bullish,of 4 ratings,$30.50
GBDC,$16.64,1441030298921,"5,628",Not yet rated,NULL,$17.75
GDEN,NULL,1441030298945,0,50% bullish,of 2 ratings,N/A
GOGL,$2.98,1441030299079,"33,712",75% bullish,of 4 ratings,$5
GOOG,$629.47,1441030299122,"189,445",89% bullish,of 71 ratings,$825
GPRO,$46.92,1441030299148,"708,984",78% bullish,of 58 ratings,$72
GOOGL,$657.47,1441030299179,"147,144",88% bullish,of 1082 ratings,$749
GPIA,NULL,1441030299374,0,100% bearish,of 1 rating,N/A
GTIM,$6.83,1441030299399,"1,321",Not yet rated,NULL,$11.50
GPIAU,NULL,1441030299455,0,Not yet rated,NULL,N/A
GMAN,$3.7142,1441030299485,"4,499",60% bullish,of 5 ratings,$8.50
GPIAW,NULL,1441030299545,0,Not yet rated,NULL,N/A
LOPE,$37.2,1441030299586,"3,762",100% bearish,of 2 ratings,$50
GRVY,NULL,1441030299679,0,50% bullish,of 2 ratings,N/A
GBSN,$0.31,1441030299811,"2,683,797",50% bullish,of 2 ratings,$8.25
GBSNU,NULL,1441030299864,0,NULL,NULL,NULL
GLDD,$5.37,1441030299887,"12,460",100% bearish,of 4 ratings,$7.75
GNBC,$11.97,1441030299966,"2,104",100% bearish,of 1 rating,$16.50
GSBC,$39.67,1441030300020,"1,400",100% bullish,of 1 rating,$44
GRBK,$11.92,1441030300046,"21,166",77% bullish,of 13 ratings,N/A
GPP,$13.88,1441030300111,"1,940",Not yet rated,NULL,$20.50
GPRE,$20.36,1441030300143,"38,006",67% bullish,of 6 ratings,$28.50
GCBC,$28.5,1441030300242,594,100% bullish,of 1 rating,N/A
GLRE,$25.33,1441030300395,"4,525",50% bullish,of 2 ratings,$41
GRIF,NULL,1441030300421,0,100% bearish,of 1 rating,N/A
OMAB,$40.69,1441030300488,"10,440",100% bullish,of 1 rating,$44
GRPN,$4.42,1441030300553,"979,121",61% bullish,of 71 ratings,$6.75
GRFS,$30.46,1441030300582,"16,134",50% bullish,of 2 ratings,$35
GGAL,$19.055,1441030300603,"34,240",80% bullish,of 5 ratings,$40
GSIT,$4.65,1441030300735,"1,214",100% bearish,of 1 rating,N/A
GSIG,$12.83,1441030300805,"1,765",100% bearish,of 2 ratings,N/A
GSVC,$8.82,1441030300833,"3,499",50% bullish,of 2 ratings,$14.50
GTXI,$0.9269,1441030300863,"7,870",100% bullish,of 5 ratings,$.75
GUID,$7.15,1441030300968,"1,200",100% bearish,of 3 ratings,$10
GFED,$14.67,1441030301034,406,Not yet rated,NULL,$17
GBNK,$15.7,1441030301063,"2,572",100% bearish,of 1 rating,$18
GULTU,$0.3001,1441030301167,"28,931",100% bearish,of 1 rating,N/A
GIFI,$12.47,1441030301195,"1,646",100% bearish,of 1 rating,$16
GURE,$1.6692,1441030301324,"1,663",88% bullish,of 8 ratings,N/A
GPOR,$34.03,1441030301351,"82,712",75% bullish,of 4 ratings,$55
GWPH,$106.85,1441030301373,"6,784",78% bullish,of 9 ratings,$148.50
HEES,$18.73,1441030301505,"33,955",67% bearish,of 3 ratings,$31
GYRO,$2.77,1441030301531,300,100% bearish,of 1 rating,N/A
GWGH,NULL,1441030301587,0,100% bearish,of 1 rating,$15.05
HLG,$9.5,1441030301660,200,100% bearish,of 1 rating,N/A
HNRG,$7.67,1441030301719,"4,801",100% bearish,of 1 rating,$10
HALL,$11.39,1441030301845,"5,083",Not yet rated,NULL,N/A
HBK,NULL,1441030301871,0,50% bullish,of 2 ratings,N/A
HALO,$18,1441030301897,"76,208",67% bullish,of 3 ratings,$22.50
HMPR,$1.8666,1441030301947,"1,288",100% bullish,of 1 rating,N/A
HBHC,$27.45,1441030302087,"33,548",50% bullish,of 2 ratings,$30
HBHCL,$24.53,1441030302171,"1,107",Not yet rated,NULL,N/A
HAFC,$23.89,1441030302258,"8,044",100% bullish,of 2 ratings,$28.50
HQCL,$13,1441030302286,"2,554",67% bullish,of 3 ratings,$14
HNH,$25.3114,1441030302317,257,100% bullish,of 1 rating,N/A
HDNG,$10.0264,1441030302347,"7,060",50% bullish,of 4 ratings,N/A
HNSN,$0.512,1441030302368,"10,400",88% bullish,of 8 ratings,$.40
HLIT,$5.7,1441030302420,"58,384",100% bearish,of 1 rating,$6.50
HRMN,NULL,1441030302589,0,Not yet rated,NULL,N/A
HRMNU,NULL,1441030302655,0,Not yet rated,NULL,N/A
HRMNW,$0.34,1441030302721,"10,000",Not yet rated,NULL,N/A
HART,$1.31,1441030302799,"174,178",100% bearish,of 1 rating,N/A
TINY,$2.49,1441030302826,"3,600",50% bullish,of 2 ratings,$5.26
HBIO,$4.325,1441030302852,"3,569",100% bearish,of 1 rating,$10
HCAP,$12.31,1441030302998,"2,764",50% bullish,of 2 ratings,$15
HCAPL,$25.5,1441030303027,"1,500",Not yet rated,NULL,N/A
HAS,$75.09,1441030303099,"51,697",63% bullish,of 8 ratings,$84.50
HWKN,$37.84,1441030303133,"2,635",Not yet rated,NULL,N/A
HCOM,$22.11,1441030303167,500,100% bearish,of 1 rating,$28
HAYN,$38.14,1441030303234,"1,144",100% bearish,of 1 rating,$59
HA,$23.075,1441030303298,"34,950",67% bullish,of 9 ratings,$27
HDS,$33.0075,1441030303381,"38,389",100% bearish,of 2 ratings,$39.50
HWBK,NULL,1441030303447,0,100% bearish,of 1 rating,N/A
HIIQ,NULL,1441030303544,0,50% bullish,of 2 ratings,$7
HCSG,$33.37,1441030303630,"4,752",50% bullish,of 4 ratings,$35
HSTM,$25.46,1441030303772,"1,600",50% bullish,of 2 ratings,$33.75
HTLD,$20.38,1441030303801,"9,128",Not yet rated,NULL,$22.50
HQY,$29.35,1441030303822,"9,183",67% bullish,of 3 ratings,$32
HWAY,$12.07,1441030303858,"10,700",100% bearish,of 1 rating,$15
HTLF,$35.62,1441030303879,"5,487",100% bullish,of 1 rating,$39.50
HTBX,$5.2799,1441030303964,200,50% bullish,of 2 ratings,$15.50
HSII,$19.66,1441030304096,974,100% bullish,of 3 ratings,$25
HTWR,$86.38,1441030304121,"16,763",50% bullish,of 2 ratings,$103
HMNY,NULL,1441030304178,0,100% bearish,of 1 rating,N/A
HELE,$84.97,1441030304205,"3,910",67% bearish,of 3 ratings,$100
HMTV,$13.665,1441030304334,"3,177",100% bearish,of 1 rating,$16
HNNA,$24.69,1441030304360,688,Not yet rated,NULL,N/A
HERO,NULL,1441030304508,0,NULL,NULL,NULL
HCACU,$9.92,1441030304529,"16,912",Not yet rated,NULL,N/A
HTBK,$10.575,1441030304561,"2,403",Not yet rated,NULL,$12
HSIC,$138.63,1441030304612,"16,954",83% bullish,of 6 ratings,$146
HEOP,$7.6999,1441030304637,708,Not yet rated,NULL,$8.50
HFWA,$17.43,1441030304712,732,100% bullish,of 1 rating,$20
HCCI,$11.3,1441030304799,593,100% bearish,of 1 rating,$16.50
MLHR,$27.02,1441030304859,"7,679",50% bullish,of 2 ratings,$33.50
HRTX,$37.085,1441030304896,"321,477",67% bullish,of 6 ratings,$41
HSKA,$33.43,1441030304996,"2,118",100% bearish,of 1 rating,$38
HIBB,$38.92,1441030305049,"19,582",100% bearish,of 1 rating,$46.50
HFFC,$15.76,1441030305101,206,Not yet rated,NULL,N/A
HPJ,$2.21,1441030305150,"6,220",75% bullish,of 4 ratings,$12.43
HIMX,$6.91,1441030305246,"171,729",86% bullish,of 21 ratings,$8.50
HIHO,$4.11,1441030305408,"6,719",Not yet rated,NULL,N/A
HSGX,$5.43,1441030305436,185,100% bearish,of 1 rating,$17
HMSY,$10.275,1441030305470,"116,219",67% bullish,of 3 ratings,$19.35
HIFS,$115.37,1441030305491,107,Not yet rated,NULL,N/A
HMNF,$11.7,1441030305524,200,Not yet rated,NULL,N/A
HOLI,$17.55,1441030305562,"6,520",50% bullish,of 4 ratings,$27
HOLX,$39.46,1441030305655,"78,593",67% bullish,of 3 ratings,$42
HBCP,$24.5,1441030305680,115,Not yet rated,NULL,$29
HOMB,$37.84,1441030305825,"8,216",Not yet rated,NULL,$42
HFBL,NULL,1441030305929,0,Not yet rated,NULL,N/A
AWAY,$28.78,1441030306015,"20,396",67% bullish,of 3 ratings,$36
HMST,$21.72,1441030306073,"3,700",100% bullish,of 2 ratings,$27
HMIN,$26.48,1441030306130,"1,959",100% bearish,of 2 ratings,$35
HTBI,$18.0811,1441030306151,"3,712",67% bullish,of 3 ratings,$18.625
HFBC,NULL,1441030306237,0,Not yet rated,NULL,N/A
HKTV,$4.37,1441030306282,"1,322",100% bearish,of 1 rating,N/A
CETC,$0.756,1441030306310,"1,816",86% bullish,of 7 ratings,N/A
HOFT,$23.92,1441030306369,"1,958",100% bearish,of 1 rating,N/A
HBNC,$23.37,1441030306455,"1,196",100% bullish,of 1 rating,$27
HRZN,$10.34,1441030306517,"1,625",50% bullish,of 2 ratings,$14.25
ZINC,$7.64,1441030306542,"93,795",100% bearish,of 1 rating,$17
HZNP,$29.98,1441030306725,"121,606",85% bullish,of 20 ratings,$40
HMHC,$22.55,1441030306856,"47,804",Not yet rated,NULL,$27
HBMD,$14.4,1441030306903,100,100% bearish,of 1 rating,N/A
HDP,$23.2,1441030306936,"16,325",67% bearish,of 3 ratings,$30.50
HWCC,$7.5328,1441030306985,"4,912",100% bearish,of 1 rating,$9
HSNI,$61.25,1441030307035,"12,832",Not yet rated,NULL,$80
HTGM,$5.65,1441030307060,400,100% bearish,of 1 rating,$19.50
HOVNP,NULL,1441030307087,0,100% bearish,of 1 rating,N/A
HUBG,$37.52,1441030307252,"8,926",100% bearish,of 1 rating,$43
HBAN,$10.8426,1441030307399,"426,467",76% bullish,of 17 ratings,$12.29
HSON,$2.575,1441030307432,304,100% bearish,of 1 rating,$5
HBANP,NULL,1441030307460,0,100% bearish,of 1 rating,N/A
HDSN,$3.1,1441030307533,"1,143",100% bullish,of 1 rating,$6.25
HCBK,$9.3,1441030307560,"92,484",83% bullish,of 6 ratings,$8.61
HURC,$30.22,1441030307592,55,100% bearish,of 1 rating,N/A
HURN,$73.22,1441030307695,"1,840",50% bullish,of 2 ratings,$80
HDRAR,$0.36,1441030307862,"10,000",Not yet rated,NULL,N/A
HBP,$3.13,1441030307889,500,100% bullish,of 1 rating,N/A
HTCH,$1.5,1441030307910,"26,560",100% bearish,of 1 rating,$3.50
HDRA,NULL,1441030307942,0,Not yet rated,NULL,N/A
HDRAU,NULL,1441030307973,0,Not yet rated,NULL,N/A
HYGS,$9.4135,1441030308078,"12,317",50% bullish,of 2 ratings,$13
IDSY,$3.86,1441030308126,950,100% bearish,of 1 rating,$7
HDRAW,$0.264,1441030308178,600,Not yet rated,NULL,N/A
IKGH,NULL,1441030308340,0,75% bullish,of 4 ratings,N/A
IACI,$70.25,1441030308391,"40,104",75% bullish,of 4 ratings,$90
IBKC,$59.93,1441030308443,"4,000",100% bullish,of 1 rating,$70
ICAD,$3.9,1441030308517,700,100% bullish,of 2 ratings,$7.25
IEP,$73.6878,1441030308571,"8,005",75% bullish,of 4 ratings,$99
ICFI,$33.92,1441030308600,"3,067",50% bullish,of 2 ratings,$48.50
ICLR,$77.44,1441030308632,"18,894",100% bearish,of 3 ratings,$85
ICON,$13.48,1441030308731,"20,771",50% bullish,of 2 ratings,$18.50
ICUI,$113.55,1441030308764,"4,468",Not yet rated,NULL,$122
INVE,$4.29,1441030308826,"17,358",75% bullish,of 4 ratings,$4
IPWR,NULL,1441030308861,0,100% bullish,of 1 rating,$15
IDRA,$3.05,1441030309004,"374,179",89% bullish,of 9 ratings,$6.50
IDXX,$72.68,1441030309034,"25,537",100% bearish,of 1 rating,$76
DSKY,$10.87,1441030309209,"9,845",67% bullish,of 6 ratings,$11.50
RXDX,$13.76,1441030309266,"7,500",100% bullish,of 1 rating,$20
IROQ,$16.76,1441030309293,100,100% bullish,of 1 rating,N/A
IRG,$4.75,1441030309324,625,100% bearish,of 1 rating,$4.25
IIVI,$16.88,1441030309426,"3,638",100% bearish,of 1 rating,$22
KANG,$15.8301,1441030309454,"73,790",50% bullish,of 2 ratings,$22.55
IKAN,$2.739,1441030309561,"1,300",83% bullish,of 6 ratings,$5
ILMN,$200.0211,1441030309615,"79,966",80% bullish,of 5 ratings,$245
IKNX,NULL,1441030309697,0,100% bearish,of 1 rating,N/A
ISNS,$3.935,1441030309725,226,50% bullish,of 2 ratings,N/A
IMMR,$11.7003,1441030309747,"7,378",80% bullish,of 5 ratings,$15.50
ICCC,$7.2034,1441030309877,"3,450",100% bullish,of 1 rating,N/A
IMNP,NULL,1441030309964,0,50% bullish,of 2 ratings,$6
IMDZ,$16.27,1441030309990,"2,460",100% bearish,of 1 rating,$33
IMMU,$2.14,1441030310142,"98,976",86% bullish,of 7 ratings,$2
IMGN,$13.91,1441030310186,"55,991",75% bullish,of 4 ratings,$17.50
IPXL,$43.26,1441030310216,"40,333",67% bullish,of 3 ratings,$46.50
INCR,$41,1441030310277,"33,173",50% bullish,of 2 ratings,$53
IMMY,$7.39,1441030310323,100,100% bearish,of 1 rating,$11
INCY,$119,1441030310349,"149,467",50% bullish,of 6 ratings,$125.50
SAAS,$7.56,1441030310406,"13,719",50% bullish,of 2 ratings,$15
INDB,$44.144,1441030310480,"4,840",Not yet rated,NULL,$44
IBCP,$14.1608,1441030310550,"2,572",100% bullish,of 1 rating,$14.50
IBTX,$41.74,1441030310655,394,100% bullish,of 2 ratings,$47.25
IDSA,$3.5,1441030310762,354,Not yet rated,NULL,N/A
INFN,$22.28,1441030310791,"116,364",71% bullish,of 7 ratings,$28
INFI,$9.26,1441030310818,"19,676",50% bullish,of 4 ratings,$18
IPCC,$77.41,1441030310898,252,Not yet rated,NULL,$77.50
III,$3.9,1441030310947,"9,500",57% bullish,of 7 ratings,$6
IFON,$1.26,1441030311076,"3,400",75% bullish,of 4 ratings,N/A
INWK,$7.06,1441030311105,"4,648",50% bullish,of 2 ratings,$10
IMKTA,$50.65,1441030311207,"9,412",100% bearish,of 1 rating,N/A
INNL,$11.92,1441030311283,100,100% bearish,of 1 rating,$16.50
IPHS,$47.85,1441030311311,"3,508",100% bearish,of 1 rating,$60
IOSP,$48.84,1441030311339,"13,194",100% bearish,of 1 rating,N/A
ISSC,NULL,1441030311368,0,67% bearish,of 3 ratings,N/A
INOD,NULL,1441030311474,0,100% bearish,of 1 rating,N/A
ITEK,$11.925,1441030311613,"37,279",100% bearish,of 3 ratings,$20
INGN,$49.86,1441030311672,"16,255",100% bearish,of 1 rating,$50.50
NSIT,$25.72,1441030311701,"6,752",50% bullish,of 2 ratings,N/A
INO,$7.638,1441030311744,"249,949",89% bullish,of 18 ratings,$20
ISIG,$2.74,1441030311834,502,100% bearish,of 1 rating,N/A
INSM,$25.36,1441030311910,"68,062",71% bullish,of 7 ratings,$31.50
INOV,$21.17,1441030311978,"18,478",100% bearish,of 1 rating,$33
IIIN,$17.1281,1441030312039,700,100% bearish,of 2 ratings,N/A
PODD,$29.77,1441030312066,"8,325",67% bearish,of 3 ratings,$35
INSY,$33.41,1441030312138,"26,136",75% bullish,of 4 ratings,$48
NTEC,$5.45,1441030312210,"15,936",100% bearish,of 1 rating,N/A
IART,$61.33,1441030312267,"11,591",100% bearish,of 2 ratings,$71.50
IDTI,$18.99,1441030312292,"101,404",60% bullish,of 5 ratings,$25
IESC,NULL,1441030312319,0,100% bearish,of 1 rating,N/A
ISSI,$21.98,1441030312468,"3,855",67% bullish,of 3 ratings,$19.75
INTC,$28.33,1441030312609,"2,579,607",82% bullish,of 238 ratings,$36
IQNT,$18.61,1441030312647,"26,401",86% bullish,of 7 ratings,$20
ICPT,$193.62,1441030312710,"49,851",70% bullish,of 10 ratings,$359.50
IBKR,$39.66,1441030312744,"28,993",100% bullish,of 1 rating,N/A
IPCI,$2.3201,1441030312802,"9,650",67% bullish,of 6 ratings,$8
ININ,$35.69,1441030312878,"2,947",67% bearish,of 3 ratings,$57
IPAR,$25.5,1441030312907,"1,612",67% bullish,of 3 ratings,$38
ICLD,$1.84,1441030313012,"22,453",75% bullish,of 4 ratings,N/A
TILE,$24.175,1441030313084,"54,083",100% bearish,of 3 ratings,$27
ICLDW,NULL,1441030313109,0,100% bearish,of 1 rating,N/A
IDCC,$49,1441030313151,"30,674",80% bullish,of 5 ratings,$63
IMI,$2.16,1441030313262,100,67% bullish,of 3 ratings,$2.22
IBOC,$25.1,1441030313395,"4,347",100% bearish,of 1 rating,N/A
ISCA,$31.71,1441030313446,"1,914",100% bearish,of 1 rating,N/A
INAP,$8.04,1441030313478,"9,771",75% bullish,of 4 ratings,$11
IIJI,NULL,1441030313574,0,50% bullish,of 2 ratings,$11.50
IGLD,$6.9,1441030313599,578,50% bullish,of 2 ratings,N/A
PTNT,NULL,1441030313659,0,Not yet rated,NULL,N/A
INPH,$0.3011,1441030313804,"5,900",50% bullish,of 2 ratings,N/A
INTX,$1.9001,1441030313870,"3,980",67% bullish,of 3 ratings,N/A
ISIL,$10.49,1441030313898,"27,394",50% bullish,of 6 ratings,$15
XENT,$25.355,1441030313960,"3,298",50% bullish,of 2 ratings,$36.50
IILG,$20.01,1441030313989,"3,615",100% bearish,of 1 rating,$29
INTL,$26.21,1441030314027,"8,481",67% bearish,of 3 ratings,N/A
IVAC,$4.82,1441030314053,"1,080",100% bearish,of 1 rating,$6.625
INTLL,NULL,1441030314087,0,Not yet rated,NULL,N/A
ITCI,$27.044,1441030314343,"74,880",75% bearish,of 4 ratings,$40
IIN,NULL,1441030314382,0,100% bearish,of 1 rating,$12
INTU,$84.9548,1441030314570,"152,534",86% bullish,of 7 ratings,$107.50
INVT,$0.302,1441030314603,"14,800",67% bullish,of 3 ratings,N/A
SNAK,$8.7,1441030314629,"4,122",50% bullish,of 2 ratings,$14
ISRG,$514.5,1441030314655,"12,706",67% bullish,of 3 ratings,$600
NVIV,$9.6921,1441030314790,"34,415",50% bullish,of 4 ratings,$24.50
ISTR,$15.55,1441030314816,2,100% bearish,of 1 rating,$18.50
ISBC,$11.69,1441030314870,"54,193",100% bullish,of 1 rating,$13.25
IVTY,NULL,1441030314896,0,Not yet rated,NULL,$18
DFVL,$66.6,1441030315045,3,Not yet rated,NULL,N/A
DTUL,NULL,1441030315074,0,Not yet rated,NULL,N/A
ITIC,$71.02,1441030315095,534,100% bearish,of 2 ratings,N/A
IPAS,NULL,1441030315116,0,67% bullish,of 3 ratings,N/A
IPCM,$79.32,1441030315260,"7,642",50% bullish,of 2 ratings,$80.125
IPGP,$84.97,1441030315300,"16,745",67% bearish,of 3 ratings,$109.50
IRIX,$6.7533,1441030315506,"12,611",100% bearish,of 1 rating,N/A
IRMD,$25.3,1441030315532,"4,406",67% bearish,of 3 ratings,$25
IRDMB,NULL,1441030315553,0,67% bearish,of 3 ratings,N/A
IRBT,$29.48,1441030315765,"10,999",67% bullish,of 6 ratings,$37
COMT,$33.62,1441030315795,347,100% bearish,of 1 rating,N/A
IFAS,NULL,1441030315820,0,NULL,NULL,NULL
FCHI,NULL,1441030315838,0,NULL,NULL,NULL
IRWD,$11.12,1441030315874,"34,787",100% bearish,of 1 rating,$13
GNMA,$50.38,1441030315903,253,Not yet rated,NULL,N/A
IRCP,NULL,1441030315970,0,100% bullish,of 2 ratings,N/A
IFGL,$28.3,1441030316262,"15,094",Not yet rated,NULL,N/A
IFNA,NULL,1441030316288,0,NULL,NULL,NULL
IFEU,$37.615,1441030316310,"18,105",Not yet rated,NULL,N/A
ACWI,$55.71,1441030316542,"144,836",Not yet rated,NULL,N/A
AAIT,NULL,1441030316561,0,NULL,NULL,NULL
AXJS,NULL,1441030316590,0,NULL,NULL,NULL
ACWX,$40.65,1441030316611,"11,878",100% bearish,of 1 rating,N/A
AAXJ,$53.02,1441030316646,"107,011",Not yet rated,NULL,N/A
IRDM,$7.14,1441030316736,"27,754",60% bullish,of 5 ratings,$11.50
EEME,NULL,1441030316772,0,NULL,NULL,NULL
EMDI,NULL,1441030316906,0,NULL,NULL,NULL
EMEY,NULL,1441030316930,0,NULL,NULL,NULL
EGRW,NULL,1441030317003,0,NULL,NULL,NULL
EEMA,$50.1,1441030317035,"9,632",Not yet rated,NULL,N/A
EEML,$27.06,1441030317090,"2,300",Not yet rated,NULL,N/A
EVAL,NULL,1441030317135,0,NULL,NULL,NULL
IEUS,$45.4275,1441030317407,600,100% bearish,of 1 rating,N/A
QAT,$21.91,1441030317494,500,Not yet rated,NULL,N/A
EUFN,$21.78,1441030317523,"8,120",100% bearish,of 1 rating,N/A
SOXX,$82.43,1441030317544,"33,813",50% bullish,of 2 ratings,N/A
EMIF,$28.52,1441030317577,60,Not yet rated,NULL,N/A
IBB,$347.9175,1441030317598,"171,791",63% bullish,of 8 ratings,N/A
UAE,$18.53,1441030317636,85,Not yet rated,NULL,N/A
ICLN,$9.46,1441030317656,"2,257",50% bullish,of 2 ratings,N/A
WOOD,$47.9,1441030317929,420,50% bullish,of 2 ratings,N/A
ISHG,$79.5,1441030317956,34,100% bearish,of 1 rating,N/A
INDY,$27.23,1441030317977,"8,722",50% bullish,of 2 ratings,N/A
IGOV,$90.7525,1441030318108,"3,341",100% bearish,of 1 rating,N/A
ISIS,$51.4,1441030318192,"132,358",53% bullish,of 15 ratings,$67
ISLE,$18.27,1441030318276,"55,496",50% bullish,of 4 ratings,$16
ISRL,NULL,1441030318354,0,100% bearish,of 1 rating,N/A
XXIA,$15.425,1441030318412,"23,702",71% bullish,of 7 ratings,$14.625
ITRI,$29.51,1441030318511,"9,053",100% bearish,of 1 rating,$37
ITRN,NULL,1441030318541,0,50% bullish,of 2 ratings,N/A
IXYS,$11.69,1441030318572,"39,718",50% bullish,of 4 ratings,N/A
JJSF,$113.9,1441030318675,"1,932",100% bearish,of 1 rating,N/A
JCOM,$69.041,1441030318746,"4,774",100% bullish,of 2 ratings,$77
MAYS,$55.95,1441030318806,10,Not yet rated,NULL,N/A
JBHT,$73.16,1441030318833,"55,733",50% bullish,of 4 ratings,$89.50
ITUS,$4,1441030318854,100,Not yet rated,NULL,N/A
JASO,$7.799,1441030319164,"147,751",82% bullish,of 17 ratings,$10
JKHY,$68.09,1441030319193,"8,000",50% bullish,of 2 ratings,$72
JAKK,$9.78,1441030319262,"116,800",60% bearish,of 5 ratings,$11
JAXB,NULL,1441030319321,0,100% bullish,of 1 rating,N/A
JMBA,$13.94,1441030319347,"4,764",75% bullish,of 4 ratings,$18
JXSB,NULL,1441030319368,0,Not yet rated,NULL,N/A
JACK,$81.14,1441030319535,"10,417",83% bullish,of 6 ratings,$105
JASN,$4.9692,1441030319566,275,50% bullish,of 2 ratings,$9.50
JAGX,$3.2003,1441030319592,"1,803",Not yet rated,NULL,$10.50
ERW,NULL,1441030319668,0,Not yet rated,NULL,N/A
JRVR,$26.9175,1441030319749,602,Not yet rated,NULL,$32
JASNW,NULL,1441030319893,0,50% bullish,of 2 ratings,N/A
JTPY,NULL,1441030319971,0,100% bearish,of 1 rating,N/A
JCTCF,NULL,1441030320068,0,100% bullish,of 1 rating,N/A
DATE,$6.062,1441030320099,"11,955",75% bullish,of 4 ratings,$9
JAZZ,$169.96,1441030320126,"14,204",80% bullish,of 15 ratings,$206.50
JD,$25.985,1441030320201,"494,239",75% bullish,of 16 ratings,$36
JBLU,$22.5,1441030320258,"606,848",94% bullish,of 18 ratings,$27
JST,$3.795,1441030320288,"1,600",75% bullish,of 4 ratings,N/A
JIVE,$4.47,1441030320343,"17,082",75% bullish,of 4 ratings,$5
WYIGU,NULL,1441030320417,0,100% bearish,of 1 rating,N/A
JOEZ,$0.1738,1441030320475,"2,949",92% bullish,of 12 ratings,N/A
JNP,$11.0498,1441030320682,"10,006",100% bullish,of 3 ratings,$15
JOUT,$23.66,1441030320746,"2,012",100% bearish,of 1 rating,$34
JBSS,$54.535,1441030320847,"1,385",67% bearish,of 3 ratings,N/A
JUNO,$36.85,1441030320872,"106,660",73% bullish,of 11 ratings,$71.50
KALU,$82.716,1441030321014,"2,815",67% bearish,of 3 ratings,$91
KMDA,NULL,1441030321042,0,50% bullish,of 2 ratings,$8
KTWO,$21.58,1441030321063,"1,437",100% bearish,of 1 rating,$28.50
KBIO,$2.09,1441030321094,"5,700",50% bullish,of 4 ratings,N/A
KNDI,$6.5304,1441030321236,"17,331",86% bullish,of 22 ratings,N/A
KPTI,$13.96,1441030321318,"34,417",67% bearish,of 3 ratings,$39
KBSF,NULL,1441030321371,0,100% bullish,of 1 rating,N/A
KCAP,$4.7,1441030321448,"15,130",75% bullish,of 4 ratings,$6
KRNY,$11.35,1441030321507,"11,700",100% bearish,of 1 rating,$12
KCLI,$46.99,1441030321533,"1,660",Not yet rated,NULL,N/A
KELYA,$14.24,1441030321660,"5,797",67% bullish,of 6 ratings,$20
KELYB,NULL,1441030321694,0,50% bullish,of 2 ratings,N/A
KMPH,$19.46,1441030321838,"4,028",100% bearish,of 2 ratings,$22
KFFB,NULL,1441030321973,0,100% bearish,of 1 rating,N/A
GMCR,$54.23,1441030322002,"164,766",71% bullish,of 42 ratings,$64
KERX,$6.355,1441030322023,"205,180",82% bullish,of 11 ratings,$12
KTCC,$10.42,1441030322053,"5,656",100% bearish,of 1 rating,$16
KEQU,NULL,1441030322192,0,100% bullish,of 1 rating,N/A
KTEC,$12.35,1441030322219,5,Not yet rated,NULL,N/A
KE,$11.59,1441030322244,"4,594",67% bearish,of 3 ratings,$16
KFRC,$26.52,1441030322302,"4,305",100% bullish,of 2 ratings,$29
KBAL,$10.9,1441030322407,"3,504",50% bullish,of 2 ratings,N/A
KIN,$5.945,1441030322494,"4,052",50% bullish,of 2 ratings,$6.25
KGJI,$0.7,1441030322689,"6,594",89% bullish,of 9 ratings,N/A
KONE,$3.89,1441030322727,42,Not yet rated,NULL,N/A
KITE,$53.945,1441030322790,"36,720",89% bullish,of 9 ratings,$85
KINS,$8.21,1441030322873,"3,480",100% bullish,of 1 rating,N/A
KLAC,$49.41,1441030322923,"58,864",100% bearish,of 1 rating,$61.50
KLXI,$39.06,1441030322952,"15,805",100% bearish,of 1 rating,$48.50
KIRK,$22.43,1441030322975,"3,115",50% bullish,of 2 ratings,$32
KONA,$18.45,1441030323055,"6,569",50% bullish,of 2 ratings,$28
KZ,$6.47,1441030323129,"58,329",60% bearish,of 5 ratings,N/A
KOPN,$3.06,1441030323188,"19,215",50% bullish,of 2 ratings,$4.50
KRNT,$12.535,1441030323235,"1,844",50% bullish,of 2 ratings,$18
KWEB,$30.6,1441030323439,"2,406",Not yet rated,NULL,N/A
KTOS,$4.57,1441030323495,"38,974",50% bullish,of 2 ratings,$8.50
KUTV,$0.65,1441030323579,100,50% bullish,of 2 ratings,N/A
KOSS,$2.29,1441030323609,250,100% bearish,of 2 ratings,N/A
KLIC,$10.55,1441030323639,"22,623",80% bullish,of 5 ratings,$13
KVHI,$11.11,1441030323714,972,100% bearish,of 1 rating,$16
KYTH,$74.69,1441030323742,"13,969",100% bullish,of 3 ratings,$66
FSTR,$17.5325,1441030323872,"3,696",100% bearish,of 1 rating,$40.50
LBAI,$10.88,1441030324058,400,Not yet rated,NULL,$13.25
LJPC,$34.01,1441030324084,"23,036",87% bullish,of 15 ratings,$32
LKFN,$40.76,1441030324105,"1,800",Not yet rated,NULL,$45
LAKE,$9.31,1441030324242,"4,250",57% bullish,of 7 ratings,$19
LSBG,NULL,1441030324279,0,Not yet rated,NULL,N/A
LSBK,NULL,1441030324341,0,Not yet rated,NULL,N/A
LRCX,$72.21,1441030324434,"45,147",50% bullish,of 4 ratings,$95
LAMR,$53.805,1441030324522,"16,568",67% bullish,of 3 ratings,$61
