Symbol,Price,Date,Volume,Rating,RatingVoteCount,OneYearEstimate
TFSC,NULL,1440278402432,0,100% bearish,of 1 rating,N/A
PIH,$7.2,1440278402462,"15,400",100% bearish,of 1 rating,N/A
TFSCU,NULL,1440278402527,0,Not yet rated,NULL,N/A
FLWS,$9.36,1440278402556,"220,692",100% bullish,of 5 ratings,$15
TFSCW,NULL,1440278402581,0,100% bearish,of 1 rating,N/A
FCCY,$11.6,1440278402607,354,100% bullish,of 1 rating,$13
FCTY,$7.63,1440278402628,300,100% bullish,of 1 rating,$8.50
TFSCR,NULL,1440278402656,0,Not yet rated,NULL,N/A
TWOU,$34.02,1440278402791,"673,961",50% bullish,of 2 ratings,$39
SRCE,$30.03,1440278402860,"55,334",100% bullish,of 3 ratings,$33
DGLD,$76.08,1440278402923,"21,135",100% bullish,of 1 rating,N/A
VNET,$19.27,1440278402960,"733,790",60% bullish,of 5 ratings,$29.50
DSLV,$61.29,1440278402996,"22,007",100% bearish,of 1 rating,N/A
JOBS,$25.35,1440278403055,"172,084",50% bullish,of 4 ratings,$36
UGLD,$9.99,1440278403083,"253,649",100% bearish,of 1 rating,N/A
USLV,$14.59,1440278403104,"218,982",86% bullish,of 7 ratings,N/A
CAFD,$15.52,1440278403574,"330,925",Not yet rated,NULL,$25
SIXD,$1.47,1440278403599,"250,988",Not yet rated,NULL,N/A
SHLM,$34.05,1440278403923,"123,800",100% bearish,of 1 rating,$50
AAON,$21.67,1440278403951,"166,594",100% bearish,of 1 rating,$24
ABAX,$47.54,1440278403984,"139,615",100% bearish,of 1 rating,$60
EGHT,$8.215,1440278404038,"436,691",82% bullish,of 17 ratings,$11
ABEO,$4.83,1440278404071,"140,862",67% bullish,of 3 ratings,$15.50
ABY,$20,1440278404111,"1,100,886",100% bearish,of 2 ratings,$46
ABGB,$4.09,1440278404172,"34,916",67% bullish,of 3 ratings,$5.50
AVHI,$13.95,1440278404202,"37,920",100% bearish,of 1 rating,$19
ABMD,$97.08,1440278404271,"831,796",75% bullish,of 4 ratings,$100.50
ABEOW,$1.76,1440278404299,"2,525",100% bullish,of 1 rating,N/A
ACTG,$8.87,1440278404327,"323,174",67% bullish,of 3 ratings,$18.50
AXAS,$1.56,1440278404353,"860,487",78% bullish,of 9 ratings,$3.50
ACHC,$73.6762,1440278404493,"815,815",50% bullish,of 2 ratings,$92
ACAD,$38.13,1440278404570,"928,540",80% bullish,of 20 ratings,$48
ACST,$0.361,1440278404651,"71,223",100% bullish,of 2 ratings,N/A
XLRN,$28.36,1440278404703,"111,031",50% bullish,of 2 ratings,$57
AXDX,$17.93,1440278404729,"220,988",100% bearish,of 1 rating,N/A
ANCX,$18.76,1440278404807,"31,836",Not yet rated,NULL,$19
VXDN,$5.5,1440278404867,"50,671",100% bearish,of 1 rating,N/A
ARAY,$6.53,1440278404893,"3,387,732",100% bearish,of 1 rating,$10.50
ACRX,$4.05,1440278404967,"360,315",67% bearish,of 6 ratings,$5.50
VXUP,$27,1440278404994,"49,956",Not yet rated,NULL,N/A
ACET,$24.41,1440278405022,"127,207",75% bullish,of 4 ratings,$30
AKAO,$6.9457,1440278405062,"55,800",75% bullish,of 4 ratings,$15
ACHN,$7.75,1440278405158,"1,754,841",90% bullish,of 21 ratings,$16
ACIW,$21.89,1440278405261,"571,274",50% bullish,of 2 ratings,$24
ACNB,$20.33,1440278405286,"1,376",Not yet rated,NULL,N/A
ACOR,$29.75,1440278405346,"642,828",67% bearish,of 3 ratings,$38.50
ACTS,$1.3,1440278405418,"51,585",100% bearish,of 1 rating,N/A
ACPW,$1.856,1440278405503,"65,399",100% bullish,of 4 ratings,$3.50
ACTA,$13.89,1440278405586,"113,227",67% bearish,of 3 ratings,$25
ACUR,$0.6182,1440278405615,"65,134",100% bullish,of 5 ratings,$1
ACXM,$20.1276,1440278405636,"350,940",67% bullish,of 3 ratings,N/A
ADMS,$20.07,1440278405673,"78,833",100% bearish,of 2 ratings,$36
ATVI,$27.2167,1440278405770,"5,132,751",68% bullish,of 84 ratings,$31.50
ADMP,$3.65,1440278405801,"21,417",50% bullish,of 2 ratings,$10
ADUS,$29.83,1440278405851,"59,827",100% bearish,of 1 rating,$31
ADAP,$12.53,1440278405903,"216,853",67% bullish,of 3 ratings,$22
AEY,$2.29,1440278405928,"39,023",100% bearish,of 2 ratings,N/A
ADEP,$6.75,1440278405954,"33,889",50% bullish,of 2 ratings,$10.75
ADMA,$9.3,1440278405978,"3,500",Not yet rated,NULL,$19
ADTN,$15.59,1440278406245,"349,681",67% bullish,of 3 ratings,$17.125
ADBE,$78.87,1440278406270,"4,323,734",65% bullish,of 17 ratings,$90
AEIS,$25.055,1440278406303,"198,884",50% bullish,of 2 ratings,$32.50
ADRO,$19.44,1440278406328,"252,323",80% bullish,of 5 ratings,$45.50
ADXS,$14.5,1440278406353,"919,015",64% bullish,of 14 ratings,$27
AMD,$1.76,1440278406413,"7,935,981",83% bullish,of 103 ratings,$2
YPRO,$23.29,1440278406558,"4,120",100% bearish,of 1 rating,N/A
ADXSW,$10.15,1440278406590,"5,206",100% bullish,of 1 rating,N/A
MULT,NULL,1440278406691,0,100% bearish,of 1 rating,N/A
AEHR,$2.24,1440278406829,"7,972",50% bullish,of 2 ratings,N/A
AEGR,$18.26,1440278406859,"394,681",50% bullish,of 6 ratings,$26
AEGN,$18.24,1440278406884,"212,917",100% bearish,of 1 rating,$21
AMTX,$3.09,1440278406929,"17,253",50% bullish,of 2 ratings,$26.11
AEPI,$57.13,1440278406955,"21,960",100% bearish,of 1 rating,N/A
AERI,$15.92,1440278407026,"361,223",75% bullish,of 4 ratings,$31.50
AVAV,$24.38,1440278407158,"143,405",50% bullish,of 4 ratings,$31
AEZS,$0.1005,1440278407186,"5,371,374",90% bullish,of 21 ratings,$1.50
AFFX,$9.4,1440278407207,"587,032",80% bullish,of 5 ratings,$12
AFMD,$9.78,1440278407247,"174,087",50% bullish,of 4 ratings,$15
AGEN,$7.04,1440278407275,"940,432",85% bullish,of 13 ratings,$14
AGRX,$8.17,1440278407338,"49,951",100% bearish,of 1 rating,$17.50
AEMD,$7.22,1440278407363,"187,619",Not yet rated,NULL,$27.50
AGIO,$85.65,1440278407516,"509,530",88% bullish,of 8 ratings,$114
AGYS,$9.63,1440278407542,"33,010",100% bearish,of 1 rating,N/A
AGFS,$9.8121,1440278407602,"73,206",100% bearish,of 1 rating,N/A
AIMT,$21.1,1440278407779,"120,787",Not yet rated,NULL,N/A
AIRM,$36.55,1440278407807,"309,312",80% bearish,of 5 ratings,$53
AGFSW,$1.79,1440278407832,"28,997",100% bearish,of 2 ratings,N/A
AMCN,$4.9,1440278407855,"424,894",83% bullish,of 6 ratings,N/A
AIRT,$22.94,1440278407888,51,100% bullish,of 1 rating,N/A
AKER,$2.62,1440278407992,"93,096",Not yet rated,NULL,N/A
ATSG,$9.1,1440278408013,"264,911",67% bullish,of 3 ratings,$13
AKAM,$68.463,1440278408045,"1,585,448",63% bullish,of 8 ratings,$77
AIXG,$5.98,1440278408083,"34,571",67% bearish,of 3 ratings,$5.25
AKBA,$6.65,1440278408178,"184,781",100% bearish,of 1 rating,$18
AKRX,$40.2552,1440278408310,"930,040",78% bullish,of 9 ratings,$56
ALRM,$16.46,1440278408335,"358,434",100% bearish,of 1 rating,$22
ALSK,$2.11,1440278408387,"112,029",78% bullish,of 18 ratings,$2
ABDC,$12.7,1440278408473,"21,785",Not yet rated,NULL,$15
AMRI,$19.73,1440278408499,"245,268",75% bearish,of 4 ratings,$24
ADHD,$8.31,1440278408583,"220,062",50% bullish,of 4 ratings,$18
ALDR,$36.64,1440278408837,"474,720",67% bearish,of 3 ratings,$62
ALDX,$7.62,1440278408866,"6,759",100% bearish,of 1 rating,$14.50
ALGN,$56.4432,1440278408886,"422,327",100% bearish,of 2 ratings,$73
ALXA,$1.07,1440278408909,"26,737",83% bullish,of 6 ratings,$2.125
ALCO,$42.36,1440278408945,"24,127",50% bullish,of 2 ratings,N/A
ALXN,$173.81,1440278408974,"1,548,456",88% bullish,of 8 ratings,$223
ALKS,$60.35,1440278408998,"705,866",67% bullish,of 3 ratings,$75
ALGT,$216.09,1440278409186,"164,611",100% bearish,of 1 rating,$235
ALIM,$3.15,1440278409271,"169,442",80% bullish,of 5 ratings,$10
ALLB,$23.48,1440278409340,"1,820",Not yet rated,NULL,N/A
AFOP,$17.51,1440278409407,"139,898",75% bullish,of 8 ratings,$21
AIQ,$14.7,1440278409433,"29,906",67% bullish,of 3 ratings,N/A
AHPI,$1.46,1440278409515,435,50% bullish,of 2 ratings,N/A
ARLP,$24.94,1440278409563,"151,729",67% bearish,of 3 ratings,$32
MDRX,$13.52,1440278409588,"1,235,763",60% bullish,of 5 ratings,$16
ALLT,$5.04,1440278409617,"71,089",75% bullish,of 4 ratings,$6.25
AHGP,$36.6344,1440278409646,"31,919",67% bullish,of 3 ratings,N/A
AMOT,$17.09,1440278409776,"80,719",100% bearish,of 1 rating,N/A
ALQA,$4.43,1440278409803,"36,237",75% bullish,of 4 ratings,$8.50
AFAM,$46.84,1440278409828,"72,495",50% bullish,of 2 ratings,$44
AOSL,$7.21,1440278409860,"45,497",67% bullish,of 3 ratings,$9
ALNY,$100.3178,1440278409963,"414,351",67% bullish,of 3 ratings,$148.50
SMCP,$22.56,1440278409988,"1,500",Not yet rated,NULL,N/A
ASPS,$29.2565,1440278410129,"228,767",67% bullish,of 3 ratings,$46.50
ATEC,$0.5768,1440278410155,"46,618",100% bullish,of 1 rating,$2
ALTR,$48.17,1440278410220,"2,956,121",80% bearish,of 5 ratings,$54
AMAG,$59.95,1440278410290,"476,323",100% bullish,of 2 ratings,$77.50
AIMC,$25.28,1440278410315,"92,117",100% bearish,of 1 rating,$28.50
AMRN,$2.03,1440278410364,"741,425",85% bullish,of 39 ratings,$8
AYA,$21.62,1440278410444,"63,923",100% bearish,of 1 rating,$40
AMBC,$15.6,1440278410473,"245,406",100% bearish,of 1 rating,$16.50
AMRK,$10.57,1440278410493,"4,627",50% bullish,of 2 ratings,$14
AMZN,$495.5,1440278410622,"3,790,755",81% bullish,of 263 ratings,$646
AMBA,$89,1440278410656,"5,366,218",83% bullish,of 12 ratings,$102.50
EPAX,$2.69,1440278410753,"74,357",100% bearish,of 1 rating,N/A
AMBCW,$7.0532,1440278410779,"1,178",100% bearish,of 1 rating,N/A
AMCX,$67.7119,1440278410816,"687,069",67% bullish,of 3 ratings,$85.50
DOX,$59,1440278410840,"282,272",50% bullish,of 2 ratings,$60
AMDA,$0.463,1440278411018,"1,233,767",90% bullish,of 10 ratings,$1
AMED,$40.5,1440278411047,"290,278",100% bearish,of 1 rating,$42
UHAL,$363.52,1440278411076,"15,187",100% bullish,of 2 ratings,$393.50
ATAX,$5.23,1440278411123,"155,087",100% bullish,of 1 rating,$6.50
ASBI,$22.55,1440278411154,154,Not yet rated,NULL,N/A
AGNC,$19.553,1440278411207,"3,952,543",75% bullish,of 28 ratings,$22
AMOV,$17.65,1440278411253,"5,863",100% bearish,of 1 rating,N/A
AAL,$39.75,1440278411287,"11,179,538",93% bullish,of 88 ratings,$57
AGNCB,$24.23,1440278411383,"21,668",Not yet rated,NULL,N/A
AGNCP,$25.34,1440278411411,"7,150",Not yet rated,NULL,N/A
MTGEP,$24.12,1440278411540,"1,127",Not yet rated,NULL,N/A
MTGE,$15.7,1440278411565,"402,399",75% bullish,of 4 ratings,$19.50
ANCI,$1.59,1440278411764,"10,070",100% bearish,of 1 rating,N/A
ACSF,$12.225,1440278411828,"33,060",100% bearish,of 1 rating,$15
AETI,$4.28,1440278411857,2,67% bearish,of 3 ratings,N/A
ACAS,$13.74,1440278411891,"1,556,266",60% bullish,of 5 ratings,$16.75
AMNB,$22.8,1440278411967,"22,976",Not yet rated,NULL,$25.50
ANAT,$100,1440278411994,"19,158",100% bullish,of 1 rating,N/A
AMIC,$10.21,1440278412022,8,Not yet rated,NULL,N/A
APEI,$21.26,1440278412187,"155,037",100% bearish,of 1 rating,$25.50
AMRB,$10,1440278412212,"2,054",Not yet rated,NULL,$11
ARII,$38.75,1440278412238,"183,877",67% bearish,of 3 ratings,$45
ASEI,$39.68,1440278412391,"53,467",100% bearish,of 1 rating,$52.50
AMSWA,$9.06,1440278412420,"86,700",100% bearish,of 2 ratings,$10.75
AMWD,$67.8,1440278412456,"272,213",50% bullish,of 2 ratings,$58
AMSC,$3.48,1440278412525,"36,442",50% bullish,of 4 ratings,N/A
CRMT,$37.91,1440278412553,"120,497",100% bearish,of 1 rating,$49
ASRV,$3.27,1440278412586,840,100% bullish,of 2 ratings,N/A
AMSF,$49.68,1440278412687,"122,373",Not yet rated,NULL,$57.50
ABCB,$27.64,1440278412718,"189,477",Not yet rated,NULL,$31
ASRVP,NULL,1440278412823,0,Not yet rated,NULL,N/A
ATLO,$23.31,1440278412852,"15,885",Not yet rated,NULL,N/A
AMGN,$155.9,1440278412882,"4,702,712",89% bullish,of 19 ratings,$185
FOLD,$14.05,1440278412906,"2,614,067",56% bullish,of 9 ratings,$21
AMKR,$4.39,1440278412955,"1,544,185",100% bearish,of 2 ratings,$5
AMPH,$13.79,1440278413087,"166,636",50% bullish,of 2 ratings,$20
AMSGP,NULL,1440278413601,0,Not yet rated,NULL,N/A
ASYS,$5.18,1440278413625,"35,518",67% bullish,of 3 ratings,$12
AMSG,$81.5,1440278413656,"320,262",100% bearish,of 1 rating,$85.50
AMRS,$1.63,1440278413685,"53,848",70% bullish,of 10 ratings,N/A
ANAC,$129.49,1440278413706,"607,726",80% bullish,of 5 ratings,$180.50
AFSI,$58.44,1440278413727,"1,008,977",60% bullish,of 5 ratings,$72
ANAD,$0.333,1440278413747,"132,364",100% bullish,of 2 ratings,$.50
AMCF,$0.26,1440278414000,"9,494",100% bullish,of 7 ratings,N/A
ADI,$53.78,1440278414039,"3,922,593",67% bullish,of 3 ratings,$69
ABCW,$39.96,1440278414066,"10,347",67% bullish,of 3 ratings,N/A
ANCB,$22.3001,1440278414088,500,Not yet rated,NULL,$23
ALOG,$83.13,1440278414109,"75,588",100% bearish,of 2 ratings,$100.50
ANGI,$4.64,1440278414133,"919,270",64% bullish,of 11 ratings,$5.50
ANGO,$14.71,1440278414315,"99,313",67% bullish,of 3 ratings,$19
ANTH,$7.04,1440278414370,"1,783,771",80% bullish,of 10 ratings,$13
ANSS,$90.92,1440278414395,"391,059",100% bearish,of 1 rating,$100
ATNY,$2.37,1440278414423,"2,775",50% bullish,of 2 ratings,$3.75
ATRS,$1.81,1440278414452,"537,668",92% bullish,of 12 ratings,$4.50
ANIP,$49.38,1440278414486,"250,484",89% bullish,of 19 ratings,$66
ANIK,$34.88,1440278414507,"106,488",60% bullish,of 5 ratings,$51.25
ABAC,$0.73,1440278414527,"36,221",100% bearish,of 1 rating,N/A
APIC,$6.49,1440278414780,"180,683",100% bearish,of 1 rating,$19
APOG,$51.6,1440278414805,"212,697",100% bullish,of 1 rating,$67
APOL,$10.9787,1440278414942,"992,661",87% bearish,of 68 ratings,$14
APDNW,$1.15,1440278415014,"2,800",Not yet rated,NULL,N/A
AINV,$6.4767,1440278415045,"1,117,263",50% bullish,of 4 ratings,$8
APDN,$3.22,1440278415066,"61,834",Not yet rated,NULL,$9
AAPL,$105.9,1440278415099,"82,174,464",86% bullish,of 2338 ratings,$150
ARCI,$1.33,1440278415120,"3,906",Not yet rated,NULL,N/A
AREX,$2.03,1440278415152,"890,815",100% bearish,of 1 rating,$3
APPF,$16.84,1440278415173,"52,701",50% bullish,of 2 ratings,$22
AAOI,$19.89,1440278415405,"285,163",50% bullish,of 4 ratings,$26
AMCC,$5.35,1440278415456,"963,117",80% bullish,of 5 ratings,$8
APRI,$1.33,1440278415487,"155,441",83% bullish,of 6 ratings,$4.86
AMAT,$15.497,1440278415508,"12,956,491",82% bullish,of 11 ratings,$23
AGTC,$15.74,1440278415528,"119,853",50% bullish,of 2 ratings,$33
APTO,$5.09,1440278415550,"8,208",Not yet rated,NULL,$17
AUMA,NULL,1440278415747,0,Not yet rated,NULL,N/A
AQXP,$18.2999,1440278415773,"469,595",50% bullish,of 2 ratings,$2
AUMAU,$9.94,1440278415798,"1,200",Not yet rated,NULL,N/A
AQMS,$5,1440278415832,"19,025",Not yet rated,NULL,N/A
ARDM,$7.03,1440278415859,"4,358",100% bullish,of 1 rating,$26
AUMAW,NULL,1440278415879,0,Not yet rated,NULL,N/A
PETX,$17.4,1440278416040,"307,971",100% bearish,of 2 ratings,$26
ABUS,$7.21,1440278416086,"502,243",86% bullish,of 14 ratings,$23
ARCW,$3.48,1440278416142,"25,137",100% bearish,of 2 ratings,$10.50
ABIO,$0.9,1440278416167,"131,271",50% bullish,of 2 ratings,$3.75
ARCB,$29.47,1440278416217,"211,071",50% bullish,of 2 ratings,$39.50
ACGL,$70.5015,1440278416243,"414,489",50% bullish,of 2 ratings,$72
RKDA,$5.76,1440278416264,"19,343",100% bearish,of 2 ratings,$10
ACAT,$26.89,1440278416472,"260,125",100% bearish,of 3 ratings,$33
ARNA,$2.97,1440278416504,"4,127,037",90% bullish,of 77 ratings,$5.50
ARDX,$17.41,1440278416533,"91,948",50% bullish,of 2 ratings,$24.50
AGIIL,$25.45,1440278416563,"5,893",Not yet rated,NULL,N/A
ARCC,$15.47,1440278416606,"1,615,433",67% bearish,of 3 ratings,$17.875
ARGS,$6.17,1440278416636,"116,903",50% bullish,of 2 ratings,$19.50
AGII,$57.69,1440278416656,"141,575",Not yet rated,NULL,$59.50
ARIA,$6.7,1440278416795,"3,153,702",87% bullish,of 46 ratings,$9
ARMH,$40.1,1440278416987,"1,339,073",54% bearish,of 13 ratings,$61
ARTX,$1.48,1440278417017,"105,854",88% bullish,of 16 ratings,$4.50
ARKR,$25.36,1440278417053,552,50% bullish,of 2 ratings,N/A
ARWAR,NULL,1440278417082,0,Not yet rated,NULL,N/A
ARIS,$3.3,1440278417104,"8,290",Not yet rated,NULL,$4.50
ARWA,NULL,1440278417130,0,Not yet rated,NULL,N/A
ARWAU,NULL,1440278417164,0,100% bullish,of 1 rating,N/A
ARWAW,NULL,1440278417184,0,Not yet rated,NULL,N/A
ARRY,$5.45,1440278417381,"1,219,732",100% bullish,of 7 ratings,$10
ARRS,$26.44,1440278417406,"1,060,211",50% bullish,of 2 ratings,$38
ARQL,$1.67,1440278417437,"200,267",75% bullish,of 4 ratings,$5
DWAT,$9.92,1440278417478,"46,463",100% bearish,of 1 rating,N/A
ARWR,$5.57,1440278417580,"814,360",75% bullish,of 4 ratings,$10.50
AROW,$27.24,1440278417612,"41,580",Not yet rated,NULL,N/A
ARTNA,$22.48,1440278417682,"42,576",100% bearish,of 1 rating,$29
ARTW,$4.45,1440278417746,"3,048",75% bearish,of 4 ratings,N/A
ASNA,$11.2187,1440278417778,"8,984,030",50% bullish,of 2 ratings,$18
ASBB,$25.05,1440278417808,372,Not yet rated,NULL,N/A
ASND,$18.23,1440278417833,"38,275",100% bullish,of 1 rating,$30
ASCMA,$28.6,1440278417883,"180,787",100% bearish,of 1 rating,$45
APWC,$1.9,1440278417964,406,100% bearish,of 1 rating,N/A
ASTI,$0.13,1440278417990,"1,817,223",83% bullish,of 6 ratings,$3
ASMI,NULL,1440278418053,0,NULL,NULL,NULL
ASML,$85.91,1440278418224,"1,134,628",67% bullish,of 3 ratings,$127
ASMB,$12.44,1440278418355,"80,806",67% bullish,of 3 ratings,N/A
ATRO,$52.77,1440278418380,"98,668",100% bearish,of 2 ratings,$80
AZPN,$38.4,1440278418406,"991,920",50% bullish,of 2 ratings,$42
ASTE,$36.28,1440278418427,"88,638",100% bearish,of 1 rating,$48
ASFI,$8.95,1440278418458,"3,732",100% bullish,of 1 rating,N/A
ASTC,$2.2,1440278418482,"39,970",100% bullish,of 5 ratings,N/A
ALOT,$13.51,1440278418643,"1,011",100% bearish,of 1 rating,N/A
ASUR,$5.76,1440278418671,"10,939",100% bearish,of 1 rating,$8
AFCB,$28.01,1440278418845,249,Not yet rated,NULL,N/A
ATAI,$2.78,1440278418875,"31,993",100% bearish,of 1 rating,N/A
ATRA,$42.01,1440278418980,"183,569",50% bullish,of 2 ratings,$68
ATHN,$135.79,1440278419007,"193,647",67% bearish,of 3 ratings,$153
AAME,$3.58,1440278419135,"1,190",Not yet rated,NULL,N/A
AAPC,$10.21,1440278419167,394,Not yet rated,NULL,N/A
ATHX,$1.17,1440278419189,"238,940",89% bullish,of 9 ratings,$5
ACFC,$6.11,1440278419209,"95,163",Not yet rated,NULL,$6.50
ATNI,$73.68,1440278419268,"66,107",100% bearish,of 1 rating,$69.50
AFH,$16.545,1440278419357,"75,284",Not yet rated,NULL,$21.50
ATLC,$3.9,1440278419390,"17,113",67% bullish,of 3 ratings,N/A
AAWW,$41.78,1440278419416,"365,924",50% bullish,of 2 ratings,$65
ATML,$6.95,1440278419496,"2,918,067",78% bullish,of 9 ratings,$9.50
ATRC,$25.67,1440278419555,"198,665",100% bullish,of 1 rating,$30
ATOS,$0.85,1440278419628,"182,378",100% bullish,of 7 ratings,$7
ATRI,$389.5,1440278419652,"4,458",Not yet rated,NULL,N/A
ATTU,$13.55,1440278419808,"51,302",100% bearish,of 1 rating,$20.50
ATRM,$2.89,1440278419833,"1,200",50% bullish,of 2 ratings,N/A
LIFE,$14.04,1440278419858,"32,217",86% bullish,of 7 ratings,$43
AUPH,$3.19,1440278420004,"14,987",100% bearish,of 1 rating,$8
AUBN,$27.68,1440278420038,948,Not yet rated,NULL,N/A
AUDC,$3.18,1440278420059,"55,482",80% bullish,of 5 ratings,$5
EARS,$4.845,1440278420080,"14,045",100% bearish,of 2 ratings,$11.50
ADAT,$0.12,1440278420121,"123,764",100% bullish,of 2 ratings,N/A
ADSK,$51.76,1440278420225,"2,339,645",83% bullish,of 6 ratings,$69.50
ABTL,$18.05,1440278420253,"70,992",100% bullish,of 4 ratings,$20.25
AVGO,$112.787,1440278420284,"3,328,073",88% bullish,of 8 ratings,$160
ADP,$79.23,1440278420382,"2,485,062",100% bearish,of 1 rating,$88
AVNU,$12.7,1440278420527,506,Not yet rated,NULL,$14
AAVL,$10.62,1440278420572,"258,588",100% bearish,of 1 rating,$20
AVNW,$1.24,1440278420659,"161,594",50% bullish,of 2 ratings,$2.20
AVEO,$1.38,1440278420709,"1,367,791",75% bullish,of 8 ratings,$3
AVGR,$14.23,1440278420763,"21,077",100% bearish,of 1 rating,$20
CAR,$42.2749,1440278420786,"1,835,525",80% bullish,of 5 ratings,$60
AVID,$8.01,1440278420811,"539,251",100% bearish,of 1 rating,$20
AWRE,$3.14,1440278420864,"21,064",67% bullish,of 3 ratings,N/A
ACLS,$3.29,1440278420942,"557,776",67% bullish,of 6 ratings,$4.75
AXPWW,NULL,1440278421002,0,Not yet rated,NULL,N/A
AXPW,$1.1,1440278421030,"56,422",83% bullish,of 6 ratings,N/A
AXTI,$2.15,1440278421051,"35,695",50% bullish,of 2 ratings,$2.75
AXGN,$3.94,1440278421086,"27,034",Not yet rated,NULL,$5
BCOM,NULL,1440278421115,0,100% bearish,of 1 rating,N/A
RILY,$10,1440278421215,600,Not yet rated,NULL,N/A
BOSC,$2.37,1440278421370,"1,297",50% bullish,of 2 ratings,N/A
BIDU,$152.9,1440278421477,"3,843,564",81% bullish,of 88 ratings,$210
BEAV,$48.57,1440278421518,"742,264",67% bearish,of 3 ratings,$59
BWINB,$23.01,1440278421544,"25,265",Not yet rated,NULL,N/A
BCPC,$57.76,1440278421574,"128,021",100% bearish,of 1 rating,$75
BWINA,NULL,1440278421601,0,Not yet rated,NULL,N/A
BANF,$60.97,1440278421627,"18,077",Not yet rated,NULL,$68
BLDP,$1.24,1440278421676,"470,551",91% bullish,of 22 ratings,$2.50
BOCH,$5.76,1440278421774,"16,932",Not yet rated,NULL,$6.50
BANFP,NULL,1440278421980,0,Not yet rated,NULL,N/A
BKSC,$15.6,1440278422024,705,Not yet rated,NULL,N/A
BKMU,$7.19,1440278422049,"511,937",Not yet rated,NULL,$8
BMRC,$48.75,1440278422073,"17,961",Not yet rated,NULL,$52
OZRK,$40.71,1440278422107,"553,107",67% bullish,of 3 ratings,$49.50
BOTJ,$11.15,1440278422134,"3,090",Not yet rated,NULL,N/A
BWFG,$18.03,1440278422363,"3,688",100% bearish,of 1 rating,N/A
BANR,$45.64,1440278422397,"84,960",100% bullish,of 3 ratings,$50
BFIN,$12.01,1440278422427,"29,911",Not yet rated,NULL,$13
TAPR,$29.38,1440278422466,"4,550",100% bearish,of 1 rating,N/A
BHAC,NULL,1440278422490,0,Not yet rated,NULL,N/A
BHACR,$0.25,1440278422517,700,Not yet rated,NULL,N/A
BZUN,$5.65,1440278422557,"399,133",50% bullish,of 2 ratings,$12.60
BHACU,NULL,1440278422687,0,Not yet rated,NULL,N/A
BHACW,NULL,1440278422713,0,Not yet rated,NULL,N/A
BYLK,$12.95,1440278422852,"4,701",Not yet rated,NULL,$14
BBSI,$34.87,1440278422879,"71,494",67% bearish,of 3 ratings,$62.50
BYBK,$5.02,1440278422899,"1,546",100% bearish,of 1 rating,N/A
BSET,$29.1,1440278422937,"49,205",100% bearish,of 1 rating,$35
BBCN,$14.81,1440278423032,"308,877",100% bearish,of 1 rating,$16
BV,$5.08,1440278423059,"375,082",67% bullish,of 6 ratings,$9
BCBP,$11.73,1440278423096,"8,625",Not yet rated,NULL,N/A
BDCV,$4.84,1440278423227,"9,821",100% bearish,of 1 rating,$10.19
BECN,$35.48,1440278423257,"294,756",50% bullish,of 2 ratings,$40
BSF,$8.62,1440278423282,"18,869",Not yet rated,NULL,N/A
BEBE,$1.81,1440278423411,"150,846",75% bullish,of 4 ratings,$3.075
BBGI,$4.68,1440278423436,2,100% bearish,of 1 rating,N/A
BBBY,$61.8626,1440278423461,"2,676,226",71% bullish,of 7 ratings,$75
BELFA,$15.5,1440278423597,100,100% bearish,of 1 rating,N/A
BLPH,$5.01,1440278423631,"26,371",100% bearish,of 1 rating,$12.50
BELFB,$17.92,1440278423652,"70,318",100% bearish,of 1 rating,N/A
BNCL,$12.64,1440278423731,"393,855",100% bullish,of 3 ratings,$12.50
BNFT,$36.3,1440278423787,"94,715",67% bullish,of 3 ratings,$46
BLCM,$17.46,1440278423814,"701,289",50% bullish,of 4 ratings,$40
BNTC,$8.6562,1440278423835,"29,198",100% bullish,of 1 rating,N/A
BGCP,$8.8,1440278423966,"2,203,135",88% bullish,of 8 ratings,$14
BGFV,$10.86,1440278423992,"167,409",57% bullish,of 7 ratings,$12
BGMD,$0.8536,1440278424014,"210,316",100% bullish,of 10 ratings,N/A
BIND,$4.56,1440278424148,"42,392",67% bullish,of 3 ratings,$13.50
BASI,$1.39,1440278424175,"12,876",Not yet rated,NULL,N/A
ORPN,$5.34,1440278424201,"18,329",100% bullish,of 1 rating,$28.50
BCDA,NULL,1440278424234,0,Not yet rated,NULL,N/A
BIOC,$2.08,1440278424307,"466,899",83% bullish,of 6 ratings,$3.85
BCRX,$11.99,1440278424333,"637,416",63% bullish,of 8 ratings,$18
BIIB,$298,1440278424467,"2,250,449",88% bullish,of 16 ratings,$400
BIOD,$0.6899,1440278424495,"144,374",80% bullish,of 5 ratings,$4
BLFS,$2.03,1440278424570,"86,446",100% bearish,of 1 rating,$4.75
BDSI,$6.52,1440278424630,"1,009,736",88% bullish,of 8 ratings,$17
BMRN,$130,1440278424658,"823,308",80% bullish,of 5 ratings,$160
BLRX,$1.42,1440278424679,"228,173",100% bullish,of 12 ratings,$5
BIOL,$1.46,1440278424699,"36,518",Not yet rated,NULL,N/A
BVXV,$3.86,1440278424882,"7,057",Not yet rated,NULL,N/A
BRLI,NULL,1440278424913,0,NULL,NULL,NULL
BVXVW,$0.77,1440278424947,"1,008",100% bearish,of 1 rating,N/A
BPTH,$1.13,1440278424972,"64,428",100% bullish,of 2 ratings,$5
BIOS,$1.84,1440278425616,"1,061,659",71% bullish,of 7 ratings,$4
BBC,$30.48,1440278425644,"62,013",Not yet rated,NULL,N/A
BBP,$32.07,1440278425664,"91,659",Not yet rated,NULL,N/A
BSTC,$49.71,1440278425685,"66,008",100% bearish,of 1 rating,$76
TECH,$101.4978,1440278425816,"129,987",100% bullish,of 1 rating,$117
BSPM,$0.72,1440278425845,"10,225",50% bullish,of 2 ratings,N/A
BOTA,$2.2,1440278425871,"47,009",88% bullish,of 8 ratings,N/A
BDMS,NULL,1440278426023,0,100% bearish,of 1 rating,N/A
BITI,$17.33,1440278426055,"31,694",100% bullish,of 1 rating,$28
BJRI,$44.71,1440278426083,"215,274",50% bullish,of 2 ratings,$55
BBOX,$15.44,1440278426104,"68,675",100% bearish,of 1 rating,N/A
BEAT,$13.69,1440278426152,"339,071",67% bearish,of 3 ratings,$15
BDE,$7.5,1440278426242,"220,690",50% bullish,of 2 ratings,$9
BLKB,$58.91,1440278426313,"225,935",100% bearish,of 2 ratings,$66
BBRY,$7.15,1440278426370,"5,450,296",61% bullish,of 330 ratings,$9
BKCC,$9.118,1440278426415,"334,015",100% bullish,of 2 ratings,$10
HAWK,$42,1440278426446,"525,334",91% bullish,of 11 ratings,$49
ADRA,$27.52,1440278426523,"1,065",Not yet rated,NULL,N/A
ADRE,$29.55,1440278426548,"44,928",Not yet rated,NULL,N/A
BCOR,$13.4,1440278426717,"257,015",57% bullish,of 7 ratings,$15
ADRU,$21.85,1440278426744,"2,468",100% bearish,of 1 rating,N/A
ADRD,$22.12,1440278426764,"8,231",100% bearish,of 1 rating,N/A
BLMN,$20.36,1440278426803,"1,559,840",83% bullish,of 6 ratings,$27.50
BBLU,$0.89,1440278426893,"120,329",100% bullish,of 2 ratings,$4.43
BLBD,$11.53,1440278426918,"7,869",Not yet rated,NULL,N/A
BUFF,$26.91,1440278426986,"472,572",83% bullish,of 12 ratings,$31.50
BHBK,$14.06,1440278427053,"103,355",100% bullish,of 1 rating,$14.50
BLUE,$124.9,1440278427187,"511,022",71% bullish,of 7 ratings,$217.50
BPMC,$25.74,1440278427263,"43,864",50% bullish,of 2 ratings,$47.50
BKEPP,$7.773,1440278427289,"1,100",100% bearish,of 1 rating,N/A
NILE,$34.29,1440278427318,"91,641",50% bullish,of 2 ratings,$34
BNCN,$21.26,1440278427366,"105,692",Not yet rated,NULL,$23
BKEP,$6.6,1440278427426,"42,067",100% bearish,of 1 rating,$8.50
BOFI,$123.99,1440278427498,"365,678",100% bullish,of 6 ratings,$144
BOBE,$44.5,1440278427527,"144,944",75% bullish,of 4 ratings,$57
WIFI,$7.83,1440278427629,"402,837",50% bullish,of 2 ratings,$13.50
BOKF,$61.8126,1440278427661,"136,973",100% bearish,of 1 rating,$70.50
BONA,$11.82,1440278427718,"182,491",75% bullish,of 4 ratings,$8.50
BNSO,$1.38,1440278427758,"6,280",100% bearish,of 1 rating,N/A
BOJA,$20.83,1440278427824,"194,845",100% bullish,of 1 rating,$30
BAMM,$3.21,1440278427933,"12,873",60% bullish,of 5 ratings,N/A
BPFH,$12.155,1440278427962,"304,942",100% bearish,of 1 rating,$14
BPFHP,$25,1440278427983,"1,571",100% bearish,of 1 rating,N/A
BPFHW,$5.5,1440278428036,837,100% bearish,of 1 rating,N/A
BDBD,$8.43,1440278428116,"500,690",60% bullish,of 5 ratings,$10
EPAY,$25.46,1440278428142,"155,496",100% bearish,of 2 ratings,$30
BCLI,$2.92,1440278428279,"80,439",80% bullish,of 5 ratings,$12
BBEP,$2.26,1440278428308,"2,113,660",69% bullish,of 13 ratings,$5.625
BBEPP,$13.24,1440278428330,"73,231",100% bearish,of 1 rating,N/A
BBRG,$12.58,1440278428362,"83,065",67% bullish,of 3 ratings,$14.50
BDGE,$27.4,1440278428389,"33,067",Not yet rated,NULL,$31.75
BLIN,$1.15,1440278428471,"21,500",50% bullish,of 2 ratings,$2.20
BRID,$8.62,1440278428607,86,100% bearish,of 1 rating,N/A
BRCM,$48.57,1440278428628,"5,158,085",75% bullish,of 12 ratings,$56
BCOV,$5.22,1440278428664,"120,648",67% bullish,of 3 ratings,$10.20
BVSN,$5.54,1440278428698,"12,787",60% bearish,of 5 ratings,N/A
BWEN,$3.26,1440278428723,"21,709",100% bullish,of 3 ratings,$8
BSFT,$30.87,1440278428755,"134,160",57% bullish,of 7 ratings,$40.50
BYFC,$1.37,1440278428786,200,50% bullish,of 2 ratings,N/A
BRCD,$10.6,1440278429059,"10,780,307",92% bullish,of 13 ratings,$12.50
BRKS,$10.37,1440278429104,"191,066",67% bullish,of 3 ratings,$15.25
BRKL,$10.765,1440278429130,"389,012",100% bearish,of 1 rating,$10.75
BRKR,$19.0677,1440278429202,"233,562",100% bearish,of 2 ratings,$22
BSQR,$6.03,1440278429259,"89,784",67% bullish,of 3 ratings,N/A
BWLD,$189.5073,1440278429346,"260,082",82% bullish,of 11 ratings,$205
BMTC,$29.46,1440278429383,"89,269",Not yet rated,NULL,$34
BLMT,$20.8,1440278429409,"14,194",Not yet rated,NULL,N/A
BLDR,$14.9615,1440278429477,"1,078,324",50% bullish,of 2 ratings,$22
BUR,$1.85,1440278429505,"2,443",100% bearish,of 1 rating,$8
CFFI,$36,1440278429526,"6,616",100% bearish,of 1 rating,N/A
CCMP,$44.25,1440278429656,"90,039",50% bullish,of 2 ratings,$59
CA,$27.33,1440278429691,"2,905,194",50% bullish,of 4 ratings,$33
CHRW,$67.24,1440278429791,"1,128,419",Not yet rated,NULL,$72
CDZI,$7.53,1440278429816,"30,147",100% bearish,of 1 rating,N/A
CDNS,$19.8,1440278429841,"1,519,633",75% bullish,of 4 ratings,$22.50
CACQ,$7.1,1440278430002,"100,797",100% bearish,of 1 rating,$12.25
CSTE,$45,1440278430110,"526,244",100% bearish,of 1 rating,$65
CZR,$8.02,1440278430142,"1,345,062",60% bearish,of 5 ratings,$10.50
PRSS,$4.42,1440278430167,"18,224",80% bullish,of 5 ratings,$4.50
CHY,$11.51,1440278430213,"256,541",Not yet rated,NULL,N/A
CLBS,$1.33,1440278430245,"263,782",79% bullish,of 14 ratings,$4
CHI,$10.67,1440278430341,"301,618",100% bearish,of 1 rating,N/A
CLMS,$11.43,1440278430367,"84,354",Not yet rated,NULL,$10.50
CFGE,NULL,1440278430425,0,Not yet rated,NULL,N/A
CHW,$7.59,1440278430496,"273,520",100% bearish,of 1 rating,N/A
CCD,$19.57,1440278430522,"275,211",Not yet rated,NULL,N/A
CGO,$11.92,1440278430571,"30,892",100% bearish,of 1 rating,N/A
CSQ,$9.88,1440278430703,"547,189",Not yet rated,NULL,N/A
CAMP,$15.71,1440278430750,"335,596",88% bullish,of 8 ratings,$25
CVGW,$54.49,1440278430785,"146,768",50% bullish,of 2 ratings,$58.50
CFNB,$13.73,1440278430879,143,100% bearish,of 1 rating,N/A
CALD,$15.56,1440278430905,"396,608",100% bearish,of 1 rating,$20.50
CALA,$5.13,1440278430943,"381,343",100% bullish,of 3 ratings,$19.50
CLMT,$25.21,1440278430973,"367,348",75% bullish,of 8 ratings,$31
CALM,$49.67,1440278431040,"539,610",80% bullish,of 5 ratings,$65
CAMB,NULL,1440278431066,0,Not yet rated,NULL,N/A
ABCD,$4.64,1440278431094,"122,674",83% bullish,of 6 ratings,N/A
CAMBW,$0.14,1440278431230,200,Not yet rated,NULL,N/A
CAMBU,NULL,1440278431258,0,100% bearish,of 1 rating,N/A
CAC,$40.79,1440278431286,"25,045",Not yet rated,NULL,N/A
CAMT,$2.76,1440278431385,"17,958",73% bullish,of 11 ratings,$4
CGIX,$9.21,1440278431481,"38,415",67% bullish,of 3 ratings,$14.375
CSIQ,$17.5,1440278431511,"3,511,125",86% bullish,of 28 ratings,$45
CPHC,$10.66,1440278431552,"2,320",100% bearish,of 1 rating,N/A
CBNJ,$10.65,1440278431577,"60,681",100% bullish,of 1 rating,N/A
CPLA,$48.57,1440278431645,"84,854",50% bullish,of 2 ratings,$65
CPLP,$7.07,1440278431707,"470,786",71% bullish,of 7 ratings,$11
CCBG,$15.17,1440278431737,"20,399",Not yet rated,NULL,$17.25
CBF,$30.13,1440278431758,"102,306",Not yet rated,NULL,$32
CSWC,$46.68,1440278431842,"16,339",Not yet rated,NULL,N/A
CFFN,$12.0086,1440278431922,"689,306",Not yet rated,NULL,$12.75
CPTA,$14.22,1440278432011,"52,411",Not yet rated,NULL,$18.50
CAPN,$1.99,1440278432039,"269,769",100% bullish,of 1 rating,$10.85
CAPR,$3.95,1440278432143,"6,718",Not yet rated,NULL,$12
CPST,$0.3777,1440278432210,"956,493",95% bullish,of 22 ratings,$1.25
CARB,$11.43,1440278432336,"85,069",75% bullish,of 4 ratings,$12
CBYL,$6.29,1440278432367,"38,631",100% bearish,of 1 rating,$20
CAPNW,$0.6199,1440278432396,615,Not yet rated,NULL,N/A
CFNL,$22.47,1440278432418,"122,419",Not yet rated,NULL,$24
CRDC,$0.38,1440278432439,"10,734",100% bullish,of 1 rating,$1.25
CARA,$21.01,1440278432474,"286,045",50% bullish,of 4 ratings,$25
CRME,$9.535,1440278432610,"32,837",89% bullish,of 9 ratings,$11.25
CATM,$34.54,1440278432692,"283,184",100% bearish,of 1 rating,$44
CSII,$24.6527,1440278432742,"477,244",100% bearish,of 2 ratings,$42.125
CDNA,$6.47,1440278432798,"6,286",100% bearish,of 1 rating,$9
CTRE,$12.03,1440278432823,"422,076",50% bullish,of 2 ratings,N/A
CECO,$3.63,1440278432871,"476,999",67% bearish,of 3 ratings,$6
CARO,$15.35,1440278433029,"1,700",100% bearish,of 1 rating,$19
CKEC,$21.84,1440278433060,"283,627",50% bullish,of 2 ratings,$35.915
CART,NULL,1440278433090,0,100% bearish,of 1 rating,N/A
CLBH,$12.79,1440278433113,288,Not yet rated,NULL,$16.50
CRZO,$32,1440278433151,"968,169",67% bearish,of 3 ratings,$57
TAST,$11.91,1440278433180,"220,515",Not yet rated,NULL,$14.25
CARV,$5.51,1440278433248,"1,650",50% bullish,of 2 ratings,N/A
CRTN,$2.66,1440278433279,103,100% bearish,of 1 rating,N/A
CASM,$1.09,1440278433378,"4,748",100% bullish,of 1 rating,$3.50
CACB,$5.43,1440278433445,"111,472",Not yet rated,NULL,$5.50
CSCD,$14.23,1440278433535,"100,500",100% bullish,of 2 ratings,$17
CWST,$6.2,1440278433608,"271,280",50% bullish,of 2 ratings,$7
CASY,$104.8974,1440278433678,"370,086",50% bullish,of 2 ratings,$99.50
CASS,$47.46,1440278433705,"46,174",100% bearish,of 1 rating,N/A
CASI,$1.42,1440278433737,"13,082",100% bullish,of 1 rating,$3.50
CATB,$11.26,1440278433762,"70,464",100% bearish,of 1 rating,$28
CPRX,$3.66,1440278433837,"846,503",71% bullish,of 7 ratings,$7
CVCO,$73.17,1440278433937,"73,964",100% bearish,of 1 rating,N/A
CATY,$30.2864,1440278433967,"491,578",100% bearish,of 1 rating,$33.50
CATYW,$10.54,1440278433996,100,100% bearish,of 1 rating,N/A
CAVM,$66.14,1440278434022,"458,453",67% bearish,of 3 ratings,$72
CBFV,$20.75,1440278434208,"4,266",Not yet rated,NULL,N/A
CNLM,$9.97,1440278434295,"1,883",Not yet rated,NULL,N/A
CNLMU,NULL,1440278434399,0,100% bullish,of 1 rating,N/A
CNLMW,NULL,1440278434432,0,Not yet rated,NULL,N/A
CNLMR,NULL,1440278434462,0,Not yet rated,NULL,N/A
CECE,$9.45,1440278434566,"124,266",50% bullish,of 2 ratings,$16
CDK,$48.5,1440278434591,"517,921",67% bearish,of 3 ratings,$50
CBOE,$61.4126,1440278434616,"495,206",Not yet rated,NULL,$60
CDW,$38.25,1440278434645,"1,490,342",75% bullish,of 4 ratings,$44
CPXX,$2.13,1440278434675,"85,814",100% bullish,of 2 ratings,$7
CELGZ,$1.81,1440278434781,"14,200",80% bullish,of 5 ratings,N/A
CELG,$119.5,1440278434809,"5,582,818",92% bullish,of 13 ratings,$155.50
CLRBW,$0.94,1440278434950,300,Not yet rated,NULL,N/A
CLDX,$13.53,1440278434976,"2,065,127",89% bullish,of 9 ratings,$36
CLRB,$3.05,1440278435002,"5,111",100% bearish,of 1 rating,N/A
CLDN,$1.05,1440278435023,"324,992",71% bullish,of 7 ratings,$3
CLLS,$30.45,1440278435220,"113,250",75% bullish,of 4 ratings,$51.50
CYAD,$50.47,1440278435352,"5,476",100% bullish,of 1 rating,$87.50
CETX,$2.47,1440278435385,"12,950",Not yet rated,NULL,$5.60
CLSN,$2,1440278435406,"140,086",80% bullish,of 10 ratings,$7.50
CLTX,$3,1440278435427,"2,660,088",100% bullish,of 2 ratings,N/A
CSFL,$14.06,1440278435449,"147,356",Not yet rated,NULL,$15
CEMP,$35.5,1440278435470,"686,260",71% bullish,of 7 ratings,$52
CETV,$2.02,1440278435611,"177,717",67% bullish,of 3 ratings,$2.80
CBMG,$22.63,1440278435649,"40,791",50% bullish,of 2 ratings,N/A
CFBK,$1.38,1440278435679,"6,308",Not yet rated,NULL,N/A
CENTA,$12.57,1440278435860,"238,725",Not yet rated,NULL,N/A
CENT,$11.93,1440278435957,"28,453",Not yet rated,NULL,$10
CVCY,$11.19,1440278435990,675,Not yet rated,NULL,$12
CNBKA,$40.33,1440278436027,"9,839",100% bullish,of 1 rating,N/A
CPHD,$47.8043,1440278436058,"535,219",50% bullish,of 2 ratings,$66.50
CNTY,$6.02,1440278436092,"6,571",80% bullish,of 5 ratings,$7.75
CRNT,$1.37,1440278436163,"280,066",50% bullish,of 2 ratings,$2
CERE,$1.1,1440278436192,"479,152",88% bullish,of 8 ratings,N/A
CENX,$5.17,1440278436212,"1,660,584",67% bullish,of 6 ratings,$9
KOOL,$0.6998,1440278436356,"19,783",100% bullish,of 5 ratings,$7
CERU,$3.42,1440278436385,"35,413",75% bullish,of 4 ratings,$15
CERN,$61.72,1440278436409,"1,895,743",67% bullish,of 3 ratings,$79
CERS,$4.73,1440278436434,"650,339",75% bullish,of 4 ratings,$7
CEVA,$18.37,1440278436571,"70,931",100% bearish,of 1 rating,$25
CYOU,$20.0874,1440278436603,"457,679",50% bullish,of 6 ratings,$24
CTHR,$1.23,1440278436752,"48,304",50% bullish,of 2 ratings,$2.50
HOTRW,NULL,1440278436784,0,Not yet rated,NULL,N/A
CHTR,$177.5087,1440278436812,"962,693",100% bearish,of 2 ratings,$196
HOTR,$1.5,1440278436844,"212,526",100% bullish,of 2 ratings,$5
GTLS,$22.3973,1440278436881,"330,795",50% bullish,of 4 ratings,$40
CHKP,$76.9,1440278436910,"1,048,652",50% bullish,of 4 ratings,$92
CHFN,$12.45,1440278436938,"35,096",Not yet rated,NULL,$14
CHEKW,NULL,1440278437086,0,Not yet rated,NULL,N/A
CHEK,$3.16,1440278437116,"1,665",Not yet rated,NULL,$7.75
CEMI,$4.25,1440278437141,"5,139",50% bullish,of 2 ratings,$7.50
CHFC,$31.81,1440278437283,"100,386",100% bearish,of 1 rating,$36
CCXI,$6.66,1440278437310,"125,627",67% bullish,of 3 ratings,$14
CHKE,$25.42,1440278437387,"26,595",100% bearish,of 1 rating,$32.50
CHEV,$14.63,1440278437439,"8,266",Not yet rated,NULL,N/A
CHMA,$24.05,1440278437469,"123,730",Not yet rated,NULL,$40
PLCE,$58.5,1440278437544,"386,298",100% bearish,of 1 rating,$71
CMRX,$46.44,1440278437572,"341,351",50% bullish,of 2 ratings,$57
CHMG,$26.6,1440278437626,700,Not yet rated,NULL,$30
CADC,NULL,1440278437655,0,78% bullish,of 9 ratings,N/A
CBNK,$16.48,1440278437753,297,100% bearish,of 1 rating,N/A
CBAK,$1.8,1440278437854,"39,266",67% bullish,of 9 ratings,N/A
CAAS,$6.48,1440278437880,"52,022",93% bullish,of 14 ratings,$11.50
CALI,$0.87,1440278437913,"7,037",67% bullish,of 3 ratings,N/A
CCCR,$0.89,1440278438012,"36,866",67% bearish,of 3 ratings,N/A
CBPO,$97.5633,1440278438067,"275,264",75% bullish,of 8 ratings,$140.50
JRJC,$3.88,1440278438165,"166,421",82% bullish,of 11 ratings,N/A
CCCL,$0.85,1440278438194,"10,030",100% bullish,of 6 ratings,N/A
HGSH,$1.89,1440278438220,"13,900",67% bullish,of 3 ratings,N/A
CHOP,$1.2,1440278438245,"146,084",50% bullish,of 2 ratings,N/A
CNIT,$1.54,1440278438377,"31,123",67% bullish,of 6 ratings,N/A
CHLN,$2.05,1440278438403,"8,803",67% bullish,of 3 ratings,N/A
HTHT,$24.5,1440278438430,"81,284",50% bullish,of 2 ratings,$28
CJJD,$1.9,1440278438451,"52,186",100% bullish,of 1 rating,N/A
CHNR,$2.01,1440278439149,"1,911",100% bearish,of 1 rating,N/A
CREG,$0.7,1440278439184,"109,561",100% bullish,of 3 ratings,N/A
CPGI,$6.94,1440278439205,"2,888",Not yet rated,NULL,N/A
CNTF,$0.85,1440278439225,"130,860",Not yet rated,NULL,N/A
CCIH,$6.0688,1440278439246,"995,724",67% bullish,of 6 ratings,$12.65
CNYD,$3.17,1440278439269,"7,840",67% bullish,of 3 ratings,N/A
CSUN,$1.38,1440278439291,"19,180",80% bullish,of 5 ratings,N/A
CXDC,$6.21,1440278439331,"128,308",67% bullish,of 3 ratings,N/A
CNET,$0.8899,1440278439477,"36,501",50% bullish,of 2 ratings,N/A
CHSCL,$27.06,1440278439502,"26,654",Not yet rated,NULL,N/A
CHSCM,$25.86,1440278439546,"33,418",Not yet rated,NULL,N/A
IMOS,$16.0456,1440278439641,"208,767",60% bullish,of 5 ratings,$21.50
CHSCP,$30.29,1440278439772,"3,905",Not yet rated,NULL,N/A
CHSCO,$28.32,1440278439814,"9,147",Not yet rated,NULL,N/A
CHUY,$31.27,1440278439866,"229,822",50% bullish,of 2 ratings,$34
CMCT,$15,1440278439901,"2,992",100% bearish,of 1 rating,N/A
CHSCN,$27.02,1440278439932,"3,839",Not yet rated,NULL,N/A
CIFC,$6.85,1440278439953,"10,311",Not yet rated,NULL,N/A
CHDN,$134.37,1440278439973,"57,359",Not yet rated,NULL,$165
CMPR,$67.75,1440278440102,"558,567",50% bullish,of 2 ratings,$72.50
CDTX,$14.04,1440278440160,"21,619",Not yet rated,NULL,$22
CINF,$53.8535,1440278440207,"1,065,857",50% bullish,of 4 ratings,$50.50
CIDM,$0.62,1440278440236,"87,510",50% bullish,of 2 ratings,$2.10
CPHR,$6.2,1440278440340,"1,500",100% bearish,of 1 rating,$16
CTAS,$84.87,1440278440394,"522,195",100% bearish,of 1 rating,$91
CRUS,$27.46,1440278440500,"973,633",75% bullish,of 12 ratings,$44.50
CSCO,$26.48,1440278440560,"34,066,946",84% bullish,of 208 ratings,$32
CZNC,$19.63,1440278440585,"13,840",Not yet rated,NULL,N/A
CTRN,$27.92,1440278440614,"144,202",100% bearish,of 1 rating,$31.50
CZWI,$9.09,1440278440640,10,Not yet rated,NULL,N/A
CZFC,$12.7201,1440278440721,700,Not yet rated,NULL,N/A
CTXS,$73.91,1440278440830,"1,231,547",86% bullish,of 7 ratings,$80
CIZN,$19.55,1440278440857,"1,220",Not yet rated,NULL,N/A
CHCO,$47.47,1440278440888,"74,330",Not yet rated,NULL,$46
CIVBP,NULL,1440278440928,0,Not yet rated,NULL,N/A
CIVB,$10.29,1440278440960,"5,841",Not yet rated,NULL,$11
CLNE,$4.02,1440278440989,"1,114,136",80% bullish,of 15 ratings,$9
CDTI,$1.56,1440278441057,"65,316",75% bullish,of 4 ratings,$3.20
CLNT,$1.69,1440278441145,"56,834",75% bullish,of 8 ratings,N/A
CLFD,$16.89,1440278441276,"50,082",67% bullish,of 3 ratings,$18
CLRO,$11.74,1440278441301,"4,663",50% bullish,of 2 ratings,$14.25
CLIR,$5.07,1440278441369,"32,472",100% bullish,of 3 ratings,N/A
CBLI,$3.82,1440278441397,"47,562",60% bullish,of 5 ratings,N/A
CLVS,$72.68,1440278441418,"346,682",60% bullish,of 5 ratings,$101.50
CSBK,$13.76,1440278441551,"62,601",Not yet rated,NULL,N/A
CME,$91.629,1440278441618,"3,306,208",67% bullish,of 3 ratings,$102
CMFN,$11.79,1440278441644,"14,093",100% bearish,of 1 rating,$15.50
CWAY,$11.36,1440278441695,502,Not yet rated,NULL,N/A
CISG,$7.78,1440278441724,"151,935",100% bullish,of 5 ratings,$10
CNV,$4.72,1440278441778,"20,202",50% bullish,of 2 ratings,$7.15
COBZ,$13,1440278441808,"155,494",100% bullish,of 1 rating,$14
CCNE,$17.08,1440278441838,"21,997",50% bullish,of 2 ratings,$21.50
COKE,$154.15,1440278441911,"30,930",79% bullish,of 19 ratings,N/A
CDRB,$11.18,1440278442040,"11,033",67% bullish,of 3 ratings,N/A
CDXS,$3.96,1440278442118,"51,237",64% bullish,of 11 ratings,$6
CVLY,$20.55,1440278442147,"8,047",Not yet rated,NULL,N/A
JVA,$4.57,1440278442181,"28,204",83% bullish,of 6 ratings,$7
CGNX,$35.7,1440278442206,"695,000",50% bullish,of 2 ratings,$47
CGNT,$1.66,1440278442246,"34,162",100% bullish,of 2 ratings,$2
CCOI,$28.31,1440278442273,"322,021",50% bullish,of 4 ratings,$35
CHRS,$29.87,1440278442453,"170,994",67% bearish,of 3 ratings,$37
CTSH,$62.85,1440278442482,"3,763,692",90% bullish,of 10 ratings,$75
COHR,$57.2,1440278442516,"130,953",50% bullish,of 2 ratings,$72
COHU,$9.89,1440278442543,"271,999",100% bearish,of 1 rating,$14.25
COLL,$15.25,1440278442617,"33,838",100% bearish,of 1 rating,$26
CLRX,$0.4901,1440278442644,"59,544",50% bullish,of 2 ratings,N/A
CLCT,$18.06,1440278442696,"74,153",100% bearish,of 1 rating,N/A
CIGI,$44.35,1440278442726,"9,835",100% bearish,of 1 rating,$52
CBAN,$8.95,1440278442824,520,Not yet rated,NULL,N/A
CLCD,$6.91,1440278442852,"23,570",100% bearish,of 1 rating,$20.50
COLB,$31.17,1440278443018,"236,131",Not yet rated,NULL,$36
CMCO,$19.42,1440278443057,"118,644",60% bullish,of 5 ratings,$28
CBMX,$1.21,1440278443087,"39,549",83% bullish,of 6 ratings,$3.15
COLM,$62.63,1440278443108,"170,550",100% bearish,of 1 rating,$71
CMCSA,$56.78,1440278443144,"15,010,891",66% bullish,of 35 ratings,$69.50
CMCSK,$57.64,1440278443243,"4,128,285",Not yet rated,NULL,$84
CBSHP,$25.25,1440278443271,"1,462",100% bearish,of 1 rating,N/A
CBSH,$45.3446,1440278443400,"380,222",50% bullish,of 2 ratings,$46
CUBN,$13.6,1440278443449,"2,416",Not yet rated,NULL,N/A
CVGI,$4.69,1440278443475,"105,073",50% bullish,of 2 ratings,$6
COMM,$29.31,1440278443501,"1,032,402",67% bearish,of 3 ratings,$35
CSAL,$20.6075,1440278443522,"718,045",75% bullish,of 4 ratings,$30
JCS,$9.21,1440278443655,626,67% bullish,of 3 ratings,N/A
CTBI,$34.8,1440278443740,"47,075",Not yet rated,NULL,$36
CYHHZ,$0.011,1440278443770,"5,341",100% bullish,of 1 rating,N/A
ESXB,$5.12,1440278443802,"12,099",Not yet rated,NULL,N/A
CWBC,$6.78,1440278443823,"5,828",Not yet rated,NULL,N/A
COB,$10.42,1440278443863,"21,470",100% bullish,of 1 rating,$11.75
CIZ,$33.33,1440278443899,"5,278",100% bearish,of 1 rating,N/A
CVLT,$36.34,1440278443959,"370,999",75% bullish,of 4 ratings,$44.50
CIL,$33.53,1440278443985,500,Not yet rated,NULL,N/A
CID,$33.93,1440278444142,300,Not yet rated,NULL,N/A
CSA,$33.32,1440278444218,"2,560",Not yet rated,NULL,N/A
CDC,$35.22,1440278444322,"23,106",Not yet rated,NULL,N/A
CFA,$35.77,1440278444351,"2,458",100% bearish,of 1 rating,N/A
CDL,$34.42,1440278444372,"7,600",Not yet rated,NULL,N/A
CFO,$35.7,1440278444409,"16,998",100% bearish,of 1 rating,N/A
CSF,$36.84,1440278444430,"5,120",100% bearish,of 1 rating,N/A
CSB,NULL,1440278444500,0,Not yet rated,NULL,N/A
CGEN,$5.15,1440278444530,"114,352",50% bullish,of 2 ratings,$11
CTG,$6.63,1440278444598,"46,409",100% bearish,of 1 rating,$8.50
CPSI,$45.08,1440278444638,"89,664",100% bearish,of 1 rating,$45.50
SCOR,$56.5,1440278444734,"463,584",100% bearish,of 1 rating,$66
CMTL,$26.49,1440278444765,"90,800",100% bearish,of 2 ratings,$37
CHCI,$0.6,1440278444786,"23,882",50% bullish,of 2 ratings,N/A
CNSI,$18.79,1440278444869,"160,869",100% bearish,of 2 ratings,$29
CNAT,$4,1440278445026,"134,269",83% bullish,of 6 ratings,$13
CXRX,$71.01,1440278445054,"3,584",Not yet rated,NULL,$90
CCUR,$5.18,1440278445086,"18,754",75% bullish,of 4 ratings,N/A
CNCE,$15.39,1440278445118,"221,475",75% bullish,of 4 ratings,$22
CDORO,NULL,1440278445187,0,100% bearish,of 1 rating,N/A
CDORP,$6.7921,1440278445212,800,100% bearish,of 1 rating,N/A
CFMS,$21.32,1440278445240,"241,608",Not yet rated,NULL,$27
CDOR,$1.47,1440278445282,"5,359",100% bullish,of 1 rating,N/A
CNFR,$10.42,1440278445386,"16,866",Not yet rated,NULL,N/A
CTWS,$35.1,1440278445518,"49,177",100% bearish,of 1 rating,$44
CNOB,$19.5,1440278445555,"153,863",100% bullish,of 1 rating,$23.50
CNMD,$54.8,1440278445577,"186,789",Not yet rated,NULL,$59
CONN,$31.23,1440278445653,"383,835",67% bullish,of 3 ratings,$48.50
CNXR,$6.26,1440278445682,"22,458",100% bearish,of 1 rating,$12
CNSL,$20.06,1440278445703,"235,939",100% bearish,of 1 rating,$23
CWCO,$10.65,1440278445834,"129,607",67% bullish,of 3 ratings,$14.50
CTCT,$24.27,1440278445862,"286,115",67% bullish,of 3 ratings,$37
CPSS,$5.64,1440278445883,"88,625",100% bullish,of 1 rating,$10
CFRX,$5.14,1440278446012,"29,285",Not yet rated,NULL,$14
CFRXZ,$0.531,1440278446039,"2,550",Not yet rated,NULL,N/A
CTRV,$3.55,1440278446067,"57,680",Not yet rated,NULL,$6.40
CFRXW,$1.87,1440278446088,"4,588",100% bearish,of 1 rating,N/A
CTRL,$7.91,1440278446116,"125,610",50% bullish,of 2 ratings,$11
CPRT,$34.5858,1440278446250,"275,415",67% bearish,of 3 ratings,$40
CRBP,$2.13,1440278446339,"925,466",100% bullish,of 2 ratings,$6.25
CORT,$4.57,1440278446400,"394,867",67% bullish,of 3 ratings,$12
CORE,$59.8,1440278446431,"94,606",100% bearish,of 1 rating,$72
CSOD,$36.95,1440278446464,"368,582",50% bullish,of 2 ratings,$42
BVA,$3.75,1440278446541,"3,794",50% bullish,of 2 ratings,N/A
CORI,$10.8,1440278446566,"63,491",100% bearish,of 1 rating,$18
CRVL,$32.1,1440278446737,"47,501",100% bearish,of 1 rating,N/A
COSI,$1.11,1440278446762,"87,642",100% bullish,of 1 rating,N/A
ICBK,$18.6,1440278446813,402,Not yet rated,NULL,$21
CPAH,$0.4625,1440278446844,"11,752",50% bullish,of 2 ratings,N/A
CSGP,$181.61,1440278446894,"73,784",50% bullish,of 2 ratings,$235
COST,$139.357,1440278446922,"2,522,098",79% bullish,of 24 ratings,$154.50
CVTI,$22.53,1440278446955,"149,049",67% bearish,of 3 ratings,$39
COVS,$2.56,1440278446980,"72,882",67% bullish,of 3 ratings,N/A
COWN,$5.1,1440278447057,"839,094",75% bullish,of 4 ratings,$7
COWNL,$27.19,1440278447189,"3,700",Not yet rated,NULL,N/A
CPSH,$2.36,1440278447252,300,Not yet rated,NULL,N/A
CRAI,$22.39,1440278447288,"55,819",Not yet rated,NULL,$36
CBRL,$143.9027,1440278447383,"281,725",50% bullish,of 2 ratings,$155
BREW,$7.3,1440278447425,"59,792",67% bullish,of 6 ratings,$15
CACC,$192.85,1440278447452,"121,732",50% bullish,of 2 ratings,$158.50
CRAY,$20.49,1440278447481,"284,812",83% bullish,of 6 ratings,$38.50
GLDI,$11.09,1440278447515,"41,785",100% bearish,of 1 rating,N/A
SLVO,$10.46,1440278447612,"9,370",100% bearish,of 1 rating,N/A
CRESY,$10.29,1440278447645,"38,860",100% bearish,of 1 rating,$19
CREE,$25.45,1440278447677,"1,082,980",65% bullish,of 17 ratings,$29.50
CRTO,$43.49,1440278447745,"541,309",67% bullish,of 6 ratings,$64
CROX,$14.19,1440278447779,"1,360,754",63% bullish,of 8 ratings,$16.50
CCRN,$14.41,1440278447876,"188,998",100% bearish,of 1 rating,$14.25
CRDS,$1.05,1440278447904,"13,476",50% bullish,of 4 ratings,$4.50
CRWS,$8.03,1440278448037,"2,485",Not yet rated,NULL,$10
CRWN,$4.56,1440278448088,"130,545",75% bullish,of 4 ratings,N/A
CYRX,$2.88,1440278448116,"35,137",Not yet rated,NULL,$9
CSPI,$6.18,1440278448247,"3,803",67% bullish,of 3 ratings,N/A
CCLP,$13.8063,1440278448276,"64,248",67% bearish,of 3 ratings,$21
CTCM,$1.71,1440278448299,"372,018",80% bearish,of 5 ratings,$3.90
CYRXW,$0.86,1440278448319,"41,500",Not yet rated,NULL,N/A
CSGS,$31.06,1440278448361,"172,648",Not yet rated,NULL,$40
CTIC,$1.68,1440278448454,"1,708,372",84% bullish,of 76 ratings,$5.75
CTIB,NULL,1440278448481,0,100% bearish,of 1 rating,N/A
CTRP,$64.2374,1440278448529,"1,571,691",75% bullish,of 8 ratings,$92
CUNB,$22.03,1440278448616,"49,607",Not yet rated,NULL,$24.50
CUI,$4.8908,1440278448659,"121,551",50% bullish,of 2 ratings,$10
CPIX,$5.87,1440278448688,"3,515",Not yet rated,NULL,N/A
CMLS,$1.3,1440278448941,"970,308",50% bullish,of 4 ratings,$6
CRIS,$2.57,1440278448974,"442,411",100% bullish,of 8 ratings,$6
CUTR,$14.4,1440278448995,"57,497",67% bearish,of 3 ratings,$18
CVBF,$16.66,1440278449050,"658,942",Not yet rated,NULL,$18
CYBR,$51.5,1440278449081,"2,002,023",86% bullish,of 7 ratings,$66
CVV,$11.44,1440278449102,"25,260",100% bullish,of 5 ratings,N/A
CYAN,$7.3,1440278449136,"5,900",100% bearish,of 1 rating,N/A
CYBE,$5.96,1440278449179,"9,802",100% bearish,of 1 rating,N/A
CYCC,$0.5699,1440278449265,"125,541",73% bullish,of 11 ratings,N/A
CYBX,$66.48,1440278449367,"561,566",50% bullish,of 4 ratings,$70
CYNA,$16.08,1440278449445,"23,175",100% bullish,of 1 rating,$31.50
CYCCP,NULL,1440278449477,0,100% bearish,of 1 rating,N/A
CBAY,$2.69,1440278449576,"42,788",100% bullish,of 1 rating,$4
CYNO,$31.99,1440278449601,"242,311",67% bearish,of 3 ratings,$45.50
CY,$9.447,1440278449653,"3,384,357",80% bullish,of 10 ratings,$15.50
CONE,$32.98,1440278449758,"454,437",67% bearish,of 3 ratings,$35
CYRN,$1.64,1440278449796,"253,906",67% bullish,of 3 ratings,$4
CYTX,$0.375,1440278449821,"766,187",83% bullish,of 12 ratings,$5.50
CYTK,$6.54,1440278449847,"193,233",71% bullish,of 14 ratings,$13.50
CTSO,$6.95,1440278449981,"54,249",Not yet rated,NULL,$15.625
CYTR,$2.18,1440278450012,"755,510",67% bullish,of 6 ratings,$10
DAEG,$0.3443,1440278450048,"4,306",100% bearish,of 1 rating,N/A
TVIZ,$14.69,1440278450068,"3,240",100% bearish,of 1 rating,N/A
ZIV,$46.57,1440278450142,"149,070",Not yet rated,NULL,N/A
TVIX,$8.99,1440278450169,"19,877,376",81% bullish,of 16 ratings,N/A
XIV,$36.2,1440278450351,"25,218,869",75% bearish,of 4 ratings,N/A
DJCO,$197.2,1440278450393,"1,966",Not yet rated,NULL,N/A
DAKT,$11.7,1440278450442,"198,964",50% bullish,of 2 ratings,$14
DAIO,$2.55,1440278450482,"4,354",Not yet rated,NULL,N/A
DARA,$0.9,1440278450511,"39,987",83% bullish,of 6 ratings,$1.50
DWCH,$4.97,1440278450541,"77,045",75% bullish,of 4 ratings,$8.25
DTLK,$5.5,1440278450562,"91,469",100% bearish,of 1 rating,$9
PLAY,$34.47,1440278450612,"228,236",100% bullish,of 5 ratings,$42
DRAM,$1.4,1440278450706,"5,900",78% bullish,of 9 ratings,N/A
DTEA,$13.49,1440278450747,"126,308",100% bearish,of 2 ratings,$24
DHRM,$1.68,1440278450839,"4,586",Not yet rated,NULL,N/A
TRAK,$62.93,1440278450867,"1,034,755",50% bullish,of 2 ratings,$62.50
DWSN,$4.02,1440278450888,"44,331",67% bullish,of 3 ratings,$6
DBVT,$39.13,1440278450917,"112,606",100% bearish,of 1 rating,$53
DFRG,$14.75,1440278451046,"199,012",100% bearish,of 1 rating,$20
TACO,$13.13,1440278451152,"216,919",100% bullish,of 3 ratings,$20
DCTH,$0.48,1440278451177,"110,038",78% bullish,of 9 ratings,N/A
TACOW,$4.01,1440278451202,"3,651",100% bullish,of 1 rating,N/A
DGAS,$20.24,1440278451233,"1,955",67% bearish,of 3 ratings,N/A
DELT,$2.59,1440278451263,"2,349",Not yet rated,NULL,N/A
DELTW,NULL,1440278451283,0,Not yet rated,NULL,N/A
XRAY,$53.63,1440278451364,"910,051",100% bullish,of 1 rating,$58
DENN,$11.6,1440278451415,"551,633",100% bullish,of 3 ratings,$15
DSCI,$6.45,1440278451548,"49,351",50% bullish,of 2 ratings,$16
DERM,$24.15,1440278451577,"253,637",100% bearish,of 1 rating,$33.50
DEPO,$28.75,1440278451606,"1,112,213",60% bullish,of 5 ratings,$29
DEST,$11.83,1440278451705,"39,808",50% bullish,of 2 ratings,N/A
DXLG,$4.5,1440278451749,"65,758",100% bearish,of 1 rating,$8
DSWL,$1.75,1440278451839,"10,432",100% bullish,of 1 rating,N/A
DHXM,NULL,1440278451860,0,Not yet rated,NULL,N/A
DXCM,$89.9992,1440278451894,"957,976",57% bullish,of 7 ratings,$98
DXM,$0.32,1440278451915,"22,270",50% bullish,of 2 ratings,N/A
DHIL,$190.8,1440278451949,"18,491",Not yet rated,NULL,N/A
DMND,$30.41,1440278452050,"181,308",75% bullish,of 12 ratings,$32
FANG,$66.542,1440278452114,"1,043,554",50% bullish,of 2 ratings,$86
DCIX,$1.74,1440278452139,"92,529",50% bullish,of 4 ratings,$3.50
DRNA,$10.34,1440278452271,"90,197",67% bearish,of 3 ratings,$25
DGII,$9.95,1440278452297,"78,052",100% bearish,of 1 rating,$10
DMRC,$36.52,1440278452362,"70,922",100% bearish,of 1 rating,$44
DRAD,$3.88,1440278452444,"12,681",100% bullish,of 1 rating,$5.25
APPS,$2.36,1440278452494,"204,374",100% bearish,of 1 rating,$10.25
DCOM,$16.82,1440278452545,"156,270",100% bearish,of 2 ratings,$16.50
DGLY,$6.75,1440278452570,"241,709",50% bullish,of 6 ratings,$20
DIOD,$19.31,1440278452623,"281,801",75% bearish,of 4 ratings,$24
DSCO,$0.4055,1440278452711,"156,711",83% bullish,of 6 ratings,$2.75
DISCA,$27.1,1440278452750,"3,037,195",67% bullish,of 3 ratings,$34
DISCK,$25.9869,1440278452775,"2,884,033",100% bearish,of 1 rating,$32
DPRX,$11.95,1440278452800,"18,525",100% bullish,of 2 ratings,$27.75
DISCB,NULL,1440278452842,0,100% bearish,of 1 rating,$35
DISH,$60.9427,1440278452931,"1,735,171",69% bullish,of 13 ratings,$73
DVCR,$10.25,1440278453012,"18,982",100% bullish,of 1 rating,N/A
BAGR,$3.01,1440278453071,"16,511",100% bearish,of 1 rating,$6
DNBF,$27.15,1440278453203,"8,727",Not yet rated,NULL,$27.50
DLHC,$2.5,1440278453230,"6,270",100% bearish,of 1 rating,N/A
DMLP,$13.9,1440278453267,"47,201",100% bearish,of 1 rating,N/A
DLTR,$76.3408,1440278453288,"2,448,980",82% bullish,of 11 ratings,$88
DORM,$49.7,1440278453360,"307,182",100% bearish,of 1 rating,$56
DGICA,$14.4,1440278453389,"16,557",100% bearish,of 1 rating,$17
DGICB,NULL,1440278453415,0,100% bearish,of 1 rating,N/A
DRWI,$0.2625,1440278453598,"193,656",60% bullish,of 5 ratings,$.45
HILL,$9.69,1440278454126,"2,314,246",60% bearish,of 5 ratings,$9.75
DRWIW,$0.0589,1440278454157,"1,581",Not yet rated,NULL,N/A
DRYS,$0.357,1440278454178,"1,482,398",77% bullish,of 31 ratings,$.60
DSKX,$3.44,1440278454199,"117,971",100% bullish,of 1 rating,N/A
DWA,$19.0777,1440278454220,"879,680",63% bullish,of 8 ratings,$26
DSPG,$8.595,1440278454451,"67,339",100% bearish,of 1 rating,$13.50
CADTR,NULL,1440278454482,0,Not yet rated,NULL,N/A
CADTU,NULL,1440278454508,0,Not yet rated,NULL,N/A
CADTW,NULL,1440278454535,0,Not yet rated,NULL,N/A
DNKN,$49.874,1440278454604,"1,291,182",67% bullish,of 15 ratings,$56.50
CADT,$10.02,1440278454629,206,Not yet rated,NULL,N/A
DTSI,$26.055,1440278454660,"125,141",100% bearish,of 2 ratings,$39.50
DXPE,$28.59,1440278454804,"166,279",50% bullish,of 2 ratings,N/A
DYSL,$1.55,1440278454861,"180,829",100% bullish,of 2 ratings,N/A
DRRX,$1.99,1440278454890,"346,049",50% bullish,of 6 ratings,$3
DYAX,$22.55,1440278454911,"854,965",89% bullish,of 9 ratings,$30
BOOM,$9.64,1440278454932,"57,962",67% bullish,of 3 ratings,$12
DYNT,$2.86,1440278455058,"3,600",75% bullish,of 4 ratings,N/A
DVAX,$27.73,1440278455087,"350,077",70% bullish,of 10 ratings,$40
ETFC,$25.3,1440278455194,"2,489,422",57% bullish,of 14 ratings,$33
EBMT,$11.53,1440278455221,"19,207",Not yet rated,NULL,$13.50
EGLE,$6,1440278455251,"60,394",60% bullish,of 5 ratings,N/A
EGBN,$42.84,1440278455278,"89,593",Not yet rated,NULL,$48
EGRX,$65.38,1440278455490,"389,557",67% bullish,of 3 ratings,$97
EROC,$1.1,1440278455515,"356,235",50% bullish,of 2 ratings,$3
ELNK,$8.58,1440278455566,"814,740",60% bullish,of 5 ratings,$9.50
EACQU,NULL,1440278455595,0,Not yet rated,NULL,N/A
EWBC,$41.405,1440278455616,"1,077,281",100% bearish,of 1 rating,$50
EVBS,$6.45,1440278455637,"6,522",Not yet rated,NULL,$7
EML,$16.81,1440278455678,"6,029",Not yet rated,NULL,N/A
EBIX,$28.05,1440278455771,"477,773",69% bullish,of 13 ratings,$40
EBAY,$25.613,1440278455856,"13,096,604",81% bullish,of 117 ratings,$48
ELON,$0.545,1440278455914,"64,729",50% bullish,of 2 ratings,N/A
ECHO,$24.82,1440278455990,"412,036",67% bearish,of 3 ratings,$35.50
ECTE,$1.63,1440278456047,"78,541",75% bullish,of 4 ratings,N/A
ESES,$3.45,1440278456096,"8,309",100% bearish,of 1 rating,$7
ECACU,$10.1,1440278456187,"1,738",Not yet rated,NULL,N/A
EEI,$11.09,1440278456222,"4,741",67% bearish,of 3 ratings,N/A
SATS,$45.42,1440278456249,"155,588",50% bullish,of 2 ratings,$60
EDUC,$4.59,1440278456290,"7,183",100% bearish,of 1 rating,N/A
EDGW,$7.14,1440278456325,"35,959",100% bearish,of 1 rating,N/A
EDAP,$3.085,1440278456346,"136,353",60% bullish,of 5 ratings,$4.50
EGAN,$3.47,1440278456420,"10,092",50% bullish,of 2 ratings,$6.25
EGLT,$11.42,1440278456480,"23,570",50% bullish,of 2 ratings,$21
EFUT,NULL,1440278456505,0,Not yet rated,NULL,N/A
EHTH,$14.08,1440278456636,"414,120",50% bullish,of 4 ratings,$16.50
LOCO,$12.26,1440278456661,"1,085,303",69% bullish,of 13 ratings,$20
EMITF,$1.29,1440278456793,"7,100",75% bullish,of 4 ratings,N/A
ERI,$9.6,1440278456821,"124,258",100% bearish,of 1 rating,$10
ESLT,$80.34,1440278456898,"5,018",100% bullish,of 2 ratings,N/A
ESIO,$4.58,1440278456951,"42,139",50% bullish,of 2 ratings,$10
ELRC,$10.65,1440278456978,"75,948",100% bearish,of 1 rating,N/A
EFII,$43.93,1440278457044,"255,202",80% bullish,of 5 ratings,$55
ELSE,$4.02,1440278457113,"1,000",60% bullish,of 5 ratings,N/A
EA,$66.47,1440278457142,"3,731,767",77% bullish,of 35 ratings,$80
ELEC,NULL,1440278457163,0,Not yet rated,NULL,N/A
ELECW,NULL,1440278457294,0,Not yet rated,NULL,N/A
EBIO,$3.39,1440278457321,"858,193",100% bearish,of 2 ratings,$8.35
ELECU,NULL,1440278457342,0,Not yet rated,NULL,N/A
CAPX,$22.63,1440278457484,"1,168",Not yet rated,NULL,N/A
RDEN,$10.38,1440278457509,"93,838",100% bearish,of 4 ratings,$15
ESBK,$19.8,1440278457561,879,Not yet rated,NULL,N/A
EMCF,NULL,1440278457689,0,100% bearish,of 1 rating,N/A
LONG,$17.39,1440278457717,"18,568",67% bullish,of 3 ratings,$15.75
EMKR,$7.16,1440278457744,"129,455",75% bullish,of 4 ratings,$8.50
EMCI,$23,1440278457779,"15,824",Not yet rated,NULL,N/A
ELTK,$1.04,1440278457809,"51,304",67% bearish,of 3 ratings,N/A
EMMS,$1.28,1440278457917,"12,299",67% bullish,of 6 ratings,N/A
ERS,$2.86,1440278457948,"1,336",Not yet rated,NULL,N/A
EMMSP,$3.25,1440278457973,400,100% bearish,of 1 rating,N/A
ENTA,$40.22,1440278458020,"172,455",50% bullish,of 2 ratings,$42
NYNY,$4.06,1440278458153,"74,163",50% bullish,of 2 ratings,N/A
ECPG,$39.21,1440278458179,"126,955",100% bullish,of 2 ratings,$52
ENDP,$76.6008,1440278458205,"2,114,082",50% bullish,of 6 ratings,$104
ECYT,$5.2,1440278458360,"252,908",83% bullish,of 6 ratings,$12
ELGX,$13.15,1440278458391,"557,451",75% bullish,of 4 ratings,$17
WIRE,$32.7,1440278458418,"124,660",100% bearish,of 1 rating,$37
EIGI,$15.18,1440278458441,"788,018",67% bearish,of 3 ratings,$22.50
WATT,$6.74,1440278458491,"109,967",50% bullish,of 2 ratings,$13
ERII,$2.89,1440278458579,"84,939",80% bullish,of 5 ratings,$2.50
EXXI,$1.44,1440278458610,"1,757,742",86% bullish,of 7 ratings,$3.50
EFOI,$15.8,1440278458636,"328,386",50% bullish,of 2 ratings,$20.50
ENOC,$8.08,1440278458710,"211,114",75% bullish,of 4 ratings,$18
ENG,$1.02,1440278458771,"5,407",100% bullish,of 3 ratings,N/A
ESGR,$151,1440278458843,"69,547",100% bearish,of 1 rating,$185
ENPH,$4.42,1440278458975,"567,322",75% bullish,of 4 ratings,$11
ENTL,$21.44,1440278459035,"15,857",Not yet rated,NULL,$28
ENTG,$13.72,1440278459065,"439,650",100% bearish,of 1 rating,$18
ETRM,$0.2331,1440278459090,"441,727",69% bearish,of 35 ratings,$1.625
ENFC,$18.34,1440278459111,"2,236",Not yet rated,NULL,N/A
EFSC,$24.75,1440278459193,"69,838",Not yet rated,NULL,$27
EGT,$2.09,1440278459245,"1,500",100% bullish,of 1 rating,N/A
EBTC,$20.07,1440278459275,"8,123",Not yet rated,NULL,N/A
ENVI,$1.85,1440278459339,"15,528",67% bullish,of 3 ratings,N/A
ENZN,$1,1440278459378,"766,555",100% bullish,of 9 ratings,N/A
ENZY,$8.98,1440278459403,"9,946",67% bullish,of 3 ratings,$9.50
EPIQ,$13.87,1440278459428,"92,324",100% bearish,of 1 rating,$18
EPRS,$4.76,1440278459655,"74,298",82% bullish,of 11 ratings,$15
EPZM,$15.93,1440278459704,"285,509",60% bullish,of 5 ratings,$34
PLUS,$77.81,1440278459760,"952,339",50% bullish,of 2 ratings,$88
EQFN,$8.3,1440278459785,300,Not yet rated,NULL,N/A
EQIX,$273,1440278459817,"589,444",75% bullish,of 4 ratings,$312.50
EAC,$3.67,1440278459838,"15,388",100% bearish,of 1 rating,$8
ERIC,$9.83,1440278459873,"2,368,815",63% bullish,of 8 ratings,$12.20
ESCA,$18.35,1440278459902,"25,641",100% bearish,of 1 rating,$22
ERIE,$84.5099,1440278459977,"26,146",Not yet rated,NULL,$73
ESMC,$1.33,1440278460120,502,Not yet rated,NULL,N/A
ESCRP,$1.65,1440278460147,"5,017",100% bearish,of 1 rating,N/A
ESCR,$0.14,1440278460179,"63,314",50% bullish,of 2 ratings,N/A
ESPR,$54.47,1440278460307,"1,355,738",67% bearish,of 9 ratings,$123
EPIX,$6.1,1440278460335,"1,200",Not yet rated,NULL,N/A
ESSA,$12.45,1440278460367,"16,679",100% bearish,of 1 rating,N/A
ESND,$35.095,1440278460397,"147,368",100% bearish,of 2 ratings,$40
ESSX,$0.5249,1440278460464,"6,504",50% bullish,of 2 ratings,N/A
ETSY,$13.46,1440278460494,"796,058",80% bullish,of 5 ratings,$16
CLWT,NULL,1440278460522,0,100% bearish,of 1 rating,N/A
EVEP,$7.26,1440278460655,"294,425",50% bullish,of 2 ratings,$15
EEFT,$64.81,1440278460685,"236,603",100% bearish,of 1 rating,$67.50
ESEA,$6.15,1440278460719,"3,082",100% bullish,of 1 rating,$15
EVLV,$2.14,1440278460791,"85,207",60% bullish,of 5 ratings,$6.50
EVK,$3.74,1440278460820,982,75% bearish,of 4 ratings,N/A
EVOK,$4,1440278460845,"114,285",100% bearish,of 1 rating,$13.375
EVOL,$5.85,1440278460983,"13,690",75% bullish,of 4 ratings,$10
EXA,$10.73,1440278461022,"22,120",100% bearish,of 1 rating,$13
EXAC,$18.17,1440278461080,"136,951",100% bearish,of 1 rating,$22.50
EXAS,$20.31,1440278461115,"1,234,918",78% bullish,of 9 ratings,$31
EXEL,$5.25,1440278461165,"5,463,517",81% bullish,of 16 ratings,$6
EXFO,$2.9,1440278461210,"3,300",67% bearish,of 3 ratings,$3.95
EXLS,$36.55,1440278461243,"207,530",100% bullish,of 1 rating,$41
EXPE,$114.6,1440278461338,"1,238,899",64% bullish,of 11 ratings,$130
EXPD,$48.2,1440278461366,"1,810,722",80% bullish,of 5 ratings,$51.50
EXPO,$42.83,1440278461391,"146,412",100% bearish,of 1 rating,$45.50
EXTR,$2.85,1440278461563,"805,798",80% bullish,of 5 ratings,$3
ESRX,$84.81,1440278461598,"5,163,905",67% bearish,of 6 ratings,$101
EXLP,$18.2,1440278461619,"94,863",100% bearish,of 1 rating,$27
EYEG,$4.17,1440278461694,"19,980",Not yet rated,NULL,N/A
EYEGW,$1.24,1440278461723,800,Not yet rated,NULL,N/A
EZCH,$21.4963,1440278461822,"127,057",75% bullish,of 8 ratings,$19.50
FFIV,$122.51,1440278461857,"846,241",63% bullish,of 8 ratings,$132
EZPW,$6.08,1440278461951,"351,949",50% bullish,of 4 ratings,$7.50
FB,$85.88,1440278461978,"39,696,768",73% bullish,of 1066 ratings,$111
FCS,$13.14,1440278462010,"1,086,086",67% bearish,of 3 ratings,$17
FRP,$16.9,1440278462039,"50,706",100% bearish,of 1 rating,$18
FALC,$1.65,1440278462108,"10,845",63% bearish,of 8 ratings,N/A
FWM,$2.25,1440278462137,"178,419",100% bearish,of 2 ratings,$3.20
DAVE,$14.36,1440278462298,"19,659",100% bearish,of 1 rating,$15.50
FARM,$22.62,1440278462325,"21,053",100% bearish,of 1 rating,$35
FFKT,$26.79,1440278462381,"20,439",Not yet rated,NULL,$29
FMNB,$8.03,1440278462453,"3,562",Not yet rated,NULL,N/A
FAST,$39.1,1440278462553,"3,000,801",80% bullish,of 5 ratings,$46
FATE,$6.24,1440278462584,"82,980",50% bullish,of 2 ratings,$11
FDML,$8.96,1440278462616,"230,349",50% bullish,of 4 ratings,$14
FARO,$38.92,1440278462640,"118,530",50% bullish,of 2 ratings,$48
FBRC,$22.24,1440278462681,"44,108",100% bearish,of 1 rating,$29
FBSS,NULL,1440278462709,0,Not yet rated,NULL,N/A
FEIC,$77.57,1440278462862,"344,496",50% bullish,of 2 ratings,$95.50
FHCO,$1.43,1440278462890,"18,402",50% bullish,of 4 ratings,N/A
FNHC,$21.92,1440278462911,"80,132",100% bearish,of 1 rating,$35
FENX,$9.84,1440278463041,"59,141",100% bullish,of 1 rating,$14.25
FCSC,$5.86,1440278463071,"212,270",100% bearish,of 1 rating,$8.125
FGEN,$22.96,1440278463122,"374,029",100% bearish,of 1 rating,$39
ONEQ,$185.63,1440278463171,"41,902",100% bullish,of 1 rating,N/A
LION,$19.31,1440278463204,"108,630",100% bullish,of 1 rating,$20
FDUS,$14.42,1440278463306,"64,363",100% bullish,of 1 rating,$18
FRGI,$51.57,1440278463335,"149,676",50% bullish,of 2 ratings,$70
FSAM,$8.56,1440278463360,"20,457",100% bearish,of 1 rating,$11
FSC,$6.42,1440278463407,"839,385",75% bullish,of 4 ratings,$8
FSCFL,$24.7,1440278463493,"11,419",Not yet rated,NULL,N/A
FITBI,$27.68,1440278463590,"5,800",Not yet rated,NULL,N/A
FITB,$19.7,1440278463623,"7,100,591",54% bullish,of 13 ratings,$22
FSFR,$8.92,1440278463644,"131,626",100% bearish,of 1 rating,$11.50
FNGN,$33.616,1440278463726,"485,960",67% bullish,of 3 ratings,$47
FISI,$24.77,1440278463775,"41,074",100% bullish,of 2 ratings,$24.50
FNSR,$15.33,1440278463874,"1,137,273",71% bullish,of 7 ratings,$24.50
FNTC,NULL,1440278464164,0,Not yet rated,NULL,N/A
FEYE,$37,1440278464191,"7,331,774",87% bullish,of 15 ratings,$55.50
FBNC,$16.81,1440278464218,"59,972",100% bullish,of 1 rating,$20
FNLC,$18.46,1440278464240,"17,421",100% bullish,of 1 rating,N/A
FNTCU,NULL,1440278464261,0,Not yet rated,NULL,N/A
FNTCW,NULL,1440278464287,0,Not yet rated,NULL,N/A
FNJN,$1.66,1440278464320,"15,161",100% bearish,of 1 rating,$5
FRBA,$6.02,1440278464482,611,Not yet rated,NULL,$8
BUSE,$6.37,1440278464515,"197,401",Not yet rated,NULL,$6.875
FBIZ,$44.04,1440278464541,"28,467",100% bearish,of 2 ratings,$52
FCVA,$4.75,1440278464578,"1,132",Not yet rated,NULL,N/A
FCFS,$38.15,1440278464603,"157,660",100% bearish,of 2 ratings,$48
FCAP,$26.55,1440278464628,226,Not yet rated,NULL,N/A
FCLF,$9.08,1440278464833,55,Not yet rated,NULL,N/A
FCNCA,$241.45,1440278464866,"17,885",Not yet rated,NULL,N/A
FCBC,$17.88,1440278464961,"60,860",Not yet rated,NULL,$18
FCCO,$12.11,1440278464987,202,Not yet rated,NULL,$13.25
FCFP,$6.9,1440278465039,"2,500",Not yet rated,NULL,N/A
FDEF,$38.3,1440278465073,"42,408",Not yet rated,NULL,$38
FBNK,$16.65,1440278465094,"60,146",100% bearish,of 1 rating,$17.50
FFNM,$6.32,1440278465173,"3,040",Not yet rated,NULL,N/A
FFBC,$18.76,1440278465204,"176,775",67% bearish,of 3 ratings,$20.25
FFBCW,NULL,1440278465308,0,100% bearish,of 1 rating,N/A
THFF,$33.27,1440278465394,"47,577",Not yet rated,NULL,$35
FFIN,$31.1263,1440278465442,"286,801",50% bullish,of 2 ratings,$31.75
FFNW,$12.46,1440278465493,"21,487",Not yet rated,NULL,$14
FFWM,$21.44,1440278465518,"10,014",Not yet rated,NULL,$24
INBK,$32.43,1440278465628,"13,595",50% bullish,of 2 ratings,$37
FIBK,$26.83,1440278465723,"83,623",Not yet rated,NULL,$32
FMBH,NULL,1440278465752,0,Not yet rated,NULL,N/A
FNBC,$34.45,1440278465803,"116,074",Not yet rated,NULL,$41.50
FMBI,$17.84,1440278465830,"374,767",Not yet rated,NULL,$20
FNFG,$9.2289,1440278465851,"1,658,831",80% bullish,of 5 ratings,$9
FRME,$25.47,1440278465885,"199,009",Not yet rated,NULL,$26.50
FNWB,$12.08,1440278466020,"8,662",Not yet rated,NULL,N/A
FSFG,$30.1754,1440278466053,729,Not yet rated,NULL,N/A
FSGI,$2.45,1440278466152,"4,889",Not yet rated,NULL,N/A
BICK,$19.6,1440278466184,"1,801",100% bullish,of 1 rating,N/A
FSBK,$7.93,1440278466209,"1,441",100% bullish,of 1 rating,N/A
FSLR,$45.5,1440278466243,"2,207,203",74% bullish,of 39 ratings,$65
FBZ,NULL,1440278466317,0,Not yet rated,NULL,N/A
FCAN,$24.47,1440278466344,964,Not yet rated,NULL,N/A
FTCS,$36.65,1440278466508,"33,745",Not yet rated,NULL,N/A
IFV,$17.6,1440278466535,"2,040,199",100% bearish,of 1 rating,N/A
FV,$23.23,1440278466567,"4,139,653",Not yet rated,NULL,N/A
FCA,$20,1440278466593,"2,607",Not yet rated,NULL,N/A
FEMB,NULL,1440278466617,0,Not yet rated,NULL,N/A
FTSM,$59.9,1440278466669,"20,701",100% bearish,of 1 rating,N/A
FEUZ,$30.69,1440278466803,"5,731",Not yet rated,NULL,N/A
FGM,$35.03,1440278466908,"69,317",Not yet rated,NULL,N/A
FTGC,$22.05,1440278466938,"122,767",Not yet rated,NULL,N/A
TDIV,$24.46,1440278466965,"449,109",100% bearish,of 1 rating,N/A
MDIV,$19.22,1440278466985,"565,706",Not yet rated,NULL,N/A
FTHI,$19.4,1440278467039,"10,468",Not yet rated,NULL,N/A
FHK,$32.72,1440278467125,"128,700",Not yet rated,NULL,N/A
HYLS,$49.21,1440278467226,"102,494",100% bearish,of 1 rating,N/A
FPXI,$27.51,1440278467255,"1,318",Not yet rated,NULL,N/A
CU,$12.76,1440278467311,"13,066",100% bearish,of 1 rating,N/A
YDIV,$16.62,1440278467337,"2,670",Not yet rated,NULL,N/A
SKYY,$28.68,1440278467370,"76,557",100% bullish,of 1 rating,N/A
PLTM,$6.66,1440278467396,"3,862",100% bearish,of 1 rating,N/A
FJP,$46.13,1440278467477,"49,025",Not yet rated,NULL,N/A
LMBS,$50.49,1440278467608,862,Not yet rated,NULL,N/A
FMB,$51.195,1440278467686,"1,778",Not yet rated,NULL,N/A
CIBR,$18.04,1440278467744,"162,032",Not yet rated,NULL,N/A
QABA,$38.13,1440278467764,"44,503",100% bearish,of 1 rating,N/A
FTLB,$19.28,1440278467794,"2,451",100% bearish,of 1 rating,N/A
FONE,$34.05,1440278467828,"1,800",Not yet rated,NULL,N/A
QCLN,$14.54,1440278467857,"17,473",Not yet rated,NULL,N/A
GRID,$33.62,1440278467929,834,100% bearish,of 1 rating,N/A
CARZ,$34.42,1440278467959,"11,011",100% bearish,of 1 rating,N/A
RDVY,$21.64,1440278468063,"318,269",Not yet rated,NULL,N/A
QQXT,$40.09,1440278468116,"60,503",Not yet rated,NULL,N/A
QQEW,$41.94,1440278468142,"313,108",Not yet rated,NULL,N/A
AIRR,$16.37,1440278468167,"9,058",100% bearish,of 1 rating,N/A
QTEC,$39.35,1440278468202,"147,804",Not yet rated,NULL,N/A
QINC,$20.71,1440278468333,"1,700",Not yet rated,NULL,N/A
FTSL,$48.8,1440278468360,"33,452",100% bearish,of 1 rating,N/A
FDIV,$47.59,1440278468491,"6,143",100% bearish,of 1 rating,N/A
FKO,$22.32,1440278468536,"3,700",Not yet rated,NULL,N/A
FSZ,$38.85,1440278468564,"76,690",Not yet rated,NULL,N/A
TUSA,$25.08,1440278468590,"4,920",Not yet rated,NULL,N/A
FTW,$29.425,1440278468670,"1,534",Not yet rated,NULL,N/A
FKU,$41.6,1440278469217,"86,339",Not yet rated,NULL,N/A
FMER,$17.6579,1440278469247,"1,802,777",50% bullish,of 2 ratings,$20
FUNC,$8.33,1440278469269,"3,636",Not yet rated,NULL,N/A
FSV,$31.87,1440278469290,"12,538",Not yet rated,NULL,$33.60
SVVC,$10.15,1440278469311,"36,001",100% bullish,of 1 rating,$26
FISV,$84.87,1440278469331,"1,522,717",100% bearish,of 3 ratings,$90
FIVE,$35.34,1440278469379,"409,909",75% bearish,of 4 ratings,$44
FPRX,$18.26,1440278469551,"303,751",50% bullish,of 2 ratings,$35
FLKS,$13.13,1440278469619,"55,627",50% bullish,of 2 ratings,$27
FLML,$21.11,1440278469651,"134,027",50% bullish,of 2 ratings,$30
FIVN,$4.11,1440278469683,"185,266",100% bullish,of 1 rating,$8.50
FLXN,$24.39,1440278469811,"86,363",100% bearish,of 1 rating,$40
FLEX,$10.51,1440278469882,"2,454,407",63% bullish,of 8 ratings,$12
SKOR,$50.52,1440278469910,"1,000",Not yet rated,NULL,N/A
FLXS,$30.45,1440278469931,"36,609",100% bearish,of 2 ratings,N/A
MBSD,NULL,1440278469968,0,Not yet rated,NULL,N/A
FOMX,$9.79,1440278469993,"135,576",50% bullish,of 2 ratings,$23.50
FLDM,$12.54,1440278470064,"686,894",67% bearish,of 3 ratings,$21.50
FFIC,$20.38,1440278470100,"69,120",Not yet rated,NULL,$21
FLIR,$28.75,1440278470134,"720,631",100% bearish,of 1 rating,$38.50
FOGO,$18.84,1440278470195,"114,696",50% bullish,of 2 ratings,$25.50
FONR,$9.54,1440278470227,"18,526",100% bullish,of 1 rating,N/A
FES,$0.92,1440278470256,"4,841",50% bullish,of 2 ratings,$1
FORM,$6,1440278470534,"267,226",67% bullish,of 3 ratings,$10.50
FORTY,$32.4,1440278470603,"4,710",Not yet rated,NULL,N/A
FBIO,$2.51,1440278470636,"188,268",83% bullish,of 6 ratings,N/A
FORR,$32.21,1440278470661,"52,356",Not yet rated,NULL,N/A
FTNT,$42.98,1440278470692,"1,928,364",80% bullish,of 10 ratings,$52
FWRD,$46.8,1440278470714,"307,366",100% bearish,of 1 rating,$50
FWP,$25.67,1440278470747,"46,088",100% bearish,of 1 rating,$45
FORD,$1.04,1440278470775,"120,974",50% bullish,of 2 ratings,N/A
FOSL,$59.15,1440278470955,"1,014,809",50% bullish,of 4 ratings,$80
FMI,$21.61,1440278470981,"391,770",100% bearish,of 2 ratings,$27.50
FRAN,$10.24,1440278471020,"689,114",50% bullish,of 4 ratings,$15
FXCB,$17.3,1440278471068,"17,445",Not yet rated,NULL,$19
FOXF,$15.28,1440278471111,"65,653",100% bearish,of 1 rating,$19
FELE,$28.92,1440278471203,"341,251",50% bullish,of 4 ratings,$33
FRED,$14.505,1440278471336,"342,264",50% bullish,of 2 ratings,$16.50
FREE,$0.43,1440278471368,"823,292",92% bullish,of 12 ratings,N/A
FEIM,$11.17,1440278471389,"8,777",100% bearish,of 1 rating,N/A
FRPT,$13,1440278471429,"495,123",67% bearish,of 3 ratings,$23.50
RAIL,$20.87,1440278471463,"125,948",100% bearish,of 1 rating,$24.50
FTR,$5.2,1440278471519,"19,477,135",78% bullish,of 27 ratings,$6.25
FTRPR,$102.05,1440278471544,"61,829",100% bearish,of 1 rating,N/A
FRPH,$30.33,1440278471610,"14,572",100% bearish,of 1 rating,N/A
FTD,$29.45,1440278471748,"149,230",100% bearish,of 1 rating,$40
FSBW,$23.34,1440278471825,"2,300",Not yet rated,NULL,N/A
FSYS,$6.38,1440278471851,"45,792",67% bullish,of 3 ratings,$10
FCEL,$0.7366,1440278471985,"1,658,337",88% bullish,of 40 ratings,$2.65
FULL,$3.14,1440278472018,"56,049",67% bearish,of 3 ratings,$4.25
FLL,$1.58,1440278472039,"14,473",75% bullish,of 4 ratings,$2.825
FULLL,$25.3,1440278472060,"2,099",Not yet rated,NULL,N/A
FTEK,$2.16,1440278472125,"40,018",75% bullish,of 4 ratings,N/A
FULT,$12.4385,1440278472194,"1,361,369",100% bearish,of 1 rating,$13
FSNN,$2.61,1440278472225,"1,800",67% bullish,of 3 ratings,$6
FFHL,NULL,1440278472253,0,50% bullish,of 4 ratings,N/A
FXENP,$15.9,1440278472323,"2,740",100% bearish,of 1 rating,N/A
FXEN,$0.82,1440278472386,"170,889",75% bullish,of 4 ratings,$1.10
GK,$70.3,1440278472453,"83,887",Not yet rated,NULL,$78
WILC,$5.06,1440278472521,"5,946",100% bullish,of 2 ratings,N/A
GLPG,$61.54,1440278472584,"27,887",100% bullish,of 1 rating,$75
GAIA,$5.86,1440278472609,"23,978",50% bullish,of 2 ratings,$8.50
GALT,$1.99,1440278472653,"104,198",80% bullish,of 5 ratings,N/A
GALTU,NULL,1440278472786,0,100% bearish,of 1 rating,N/A
GALTW,NULL,1440278472818,0,100% bullish,of 1 rating,N/A
GALE,$1.34,1440278472845,"1,297,229",89% bullish,of 47 ratings,$4
GLMD,$8.52,1440278472866,"7,887",67% bullish,of 3 ratings,$20.50
GLPI,$31.6262,1440278472919,"495,016",100% bearish,of 1 rating,$37.50
GPIC,$11.09,1440278473001,8,100% bearish,of 1 rating,N/A
GRMN,$38.26,1440278473028,"1,619,493",50% bullish,of 6 ratings,$48
GGAC,NULL,1440278473048,0,100% bearish,of 1 rating,N/A
GGACU,NULL,1440278473182,0,Not yet rated,NULL,N/A
GGACR,NULL,1440278473207,0,100% bullish,of 1 rating,N/A
GGACW,$0.12,1440278473250,438,Not yet rated,NULL,N/A
GARS,$14.82,1440278473387,"25,735",Not yet rated,NULL,$16
GENC,$9.48,1440278473419,"1,326",100% bearish,of 1 rating,N/A
GFN,$3.59,1440278473441,"35,382",100% bearish,of 2 ratings,$8
GNCMA,$16.75,1440278473519,"180,927",100% bearish,of 1 rating,$12
GFNCP,NULL,1440278473567,0,Not yet rated,NULL,N/A
GFNSL,$25.8,1440278473592,"1,200",Not yet rated,NULL,N/A
GNCA,$12.48,1440278473654,"168,679",100% bearish,of 1 rating,$20
GENE,$2.36,1440278473680,"148,645",100% bullish,of 12 ratings,N/A
GNMK,$9.4,1440278473730,"146,170",67% bullish,of 6 ratings,$14
GHDX,$25.37,1440278473757,"139,056",50% bullish,of 2 ratings,$30
GNVC,$2.24,1440278473905,"34,502",90% bullish,of 10 ratings,$8.50
GNTX,$15.0882,1440278473975,"1,731,017",Not yet rated,NULL,$20
THRM,$44.01,1440278474009,"309,602",75% bearish,of 4 ratings,$55.50
GTWN,NULL,1440278474102,0,Not yet rated,NULL,N/A
GEOS,$15.3,1440278474131,"116,850",100% bearish,of 3 ratings,$25.50
GABC,$29.73,1440278474182,"47,076",Not yet rated,NULL,$31.50
GERN,$3.08,1440278474209,"2,161,517",88% bullish,of 16 ratings,$5.25
GEVO,$2.29,1440278474237,"240,735",75% bullish,of 12 ratings,$5
ROCK,$17.57,1440278474383,"235,847",80% bullish,of 5 ratings,$24
GIGA,$1.42,1440278474409,"46,287",100% bearish,of 1 rating,N/A
GILT,$4.47,1440278474449,"2,023",50% bullish,of 2 ratings,N/A
GIII,$64.77,1440278474547,"271,077",67% bullish,of 3 ratings,$75
GIGM,$0.6,1440278474578,"112,719",100% bullish,of 2 ratings,N/A
GILD,$105.383,1440278474626,"15,611,252",91% bullish,of 87 ratings,$129
GBCI,$26.4218,1440278474682,"334,049",50% bullish,of 2 ratings,$31
GLAD,$8.51,1440278474727,"155,251",50% bullish,of 2 ratings,$8.75
GOODN,$25.64,1440278474874,426,Not yet rated,NULL,N/A
GLADO,$25.59,1440278474899,"3,000",Not yet rated,NULL,N/A
GOOD,$15.44,1440278474931,"98,286",Not yet rated,NULL,$19
GOODO,$25.1,1440278475030,"1,266",Not yet rated,NULL,N/A
GAINN,$25.2379,1440278475059,150,Not yet rated,NULL,N/A
GAIN,$7.47,1440278475087,"246,309",100% bullish,of 2 ratings,$8.25
GAINO,$25.31,1440278475113,"1,726",Not yet rated,NULL,N/A
GOODP,$25.14,1440278475134,"1,250",Not yet rated,NULL,N/A
GAINP,$25.85,1440278475282,"3,950",Not yet rated,NULL,N/A
LAND,$9.5,1440278475307,"16,439",50% bullish,of 2 ratings,$13.75
GLBZ,NULL,1440278475349,0,Not yet rated,NULL,N/A
GBT,$45.75,1440278475451,"252,564",100% bearish,of 1 rating,N/A
GDEF,$10.5401,1440278475510,100,Not yet rated,NULL,N/A
ENT,$11.73,1440278475542,"196,363",100% bearish,of 1 rating,$18
GBLI,$26.25,1440278475638,"16,164",Not yet rated,NULL,N/A
GPACU,$10.1,1440278475669,"2,854",Not yet rated,NULL,N/A
ACTX,$13.25,1440278475699,600,100% bullish,of 1 rating,N/A
QQQC,$19.26,1440278475719,"4,950",100% bearish,of 1 rating,N/A
GSOL,$8.26,1440278475753,"15,789",100% bearish,of 1 rating,N/A
ALTY,$14.587,1440278475797,700,Not yet rated,NULL,N/A
SOCL,$17.18,1440278475893,"100,120",100% bullish,of 2 ratings,N/A
YLCO,$11.75,1440278476035,"1,235",Not yet rated,NULL,N/A
SRET,$13.6,1440278476099,"4,194",Not yet rated,NULL,N/A
GAI,$5.27,1440278476125,"3,415",50% bullish,of 2 ratings,N/A
GSM,$13.26,1440278476146,"403,098",50% bullish,of 2 ratings,$24.50
GBIM,$2.26,1440278476191,"43,964",50% bullish,of 2 ratings,N/A
GLBS,$1.06,1440278476296,"10,500",67% bullish,of 3 ratings,N/A
GLRI,$1.1,1440278476332,"80,101",100% bearish,of 1 rating,$6
GLUU,$4.37,1440278476397,"2,317,587",92% bullish,of 26 ratings,$9
GOGO,$15.48,1440278476471,"479,979",80% bullish,of 5 ratings,$25
GLYC,$7.26,1440278476525,"7,663",50% bullish,of 2 ratings,$14
GMLP,$19.13,1440278476553,"137,734",50% bullish,of 4 ratings,$32.50
GLNG,$35.44,1440278476584,"792,592",83% bullish,of 6 ratings,$58
GLDC,$4.13,1440278476605,"3,480",50% bullish,of 2 ratings,N/A
GDEN,$8.88,1440278476655,"11,961",50% bullish,of 2 ratings,N/A
GOGL,$2.92,1440278476783,"540,722",75% bullish,of 4 ratings,$5
GBDC,$16.5151,1440278476835,"145,009",Not yet rated,NULL,$17.75
GTIM,$6.47,1440278476866,"80,995",Not yet rated,NULL,$11.50
GOOG,$616,1440278477001,"2,256,491",90% bullish,of 68 ratings,$825
GOOGL,$647,1440278477038,"2,533,646",88% bullish,of 1079 ratings,$749
GPRO,$48.84,1440278477103,"5,811,963",78% bullish,of 58 ratings,$72
GPIAU,NULL,1440278477179,0,Not yet rated,NULL,N/A
GPIA,NULL,1440278477230,0,Not yet rated,NULL,N/A
GMAN,$4.4,1440278477258,"71,999",60% bullish,of 5 ratings,$8
GPIAW,NULL,1440278477278,0,Not yet rated,NULL,N/A
LOPE,$37.1955,1440278477299,"420,323",100% bearish,of 2 ratings,$50
GBSNU,$16,1440278477431,"22,548",Not yet rated,NULL,N/A
GRVY,$3.43,1440278477461,"1,202",50% bullish,of 2 ratings,N/A
GBSN,$1.46,1440278477487,"747,556",100% bearish,of 1 rating,$8.25
GLDD,$5.39,1440278477565,"288,709",100% bearish,of 4 ratings,$7.75
GSBC,$40.6,1440278477635,"36,220",100% bullish,of 1 rating,$44
GNBC,$12.08,1440278477819,"33,737",100% bearish,of 1 rating,$17
GPP,$14.94,1440278477860,"24,630",Not yet rated,NULL,$20.50
GRFS,$30.3,1440278477880,"180,141",50% bullish,of 2 ratings,$35
GRBK,$13.35,1440278477901,"154,269",77% bullish,of 13 ratings,N/A
GLRE,$24.86,1440278477945,"262,384",50% bullish,of 2 ratings,$41
GCBC,NULL,1440278477971,0,100% bullish,of 1 rating,N/A
GPRE,$18.8277,1440278477992,"832,352",67% bullish,of 6 ratings,$28.50
GRIF,$30.945,1440278478027,209,100% bearish,of 1 rating,N/A
GRPN,$4.077,1440278478217,"7,070,465",61% bullish,of 71 ratings,$6.75
OMAB,$39.57,1440278478269,"24,030",100% bullish,of 1 rating,$44
GGAL,$18.96,1440278478296,"423,209",80% bullish,of 5 ratings,$40
GSIG,$13.11,1440278478430,"71,415",100% bearish,of 2 ratings,N/A
GSIT,$4.97,1440278478461,"9,824",100% bearish,of 1 rating,N/A
GSVC,$8.56,1440278478488,"118,374",50% bullish,of 2 ratings,$14.50
GTXI,$0.83,1440278478533,"67,416",100% bullish,of 5 ratings,$.75
GBNK,$15.76,1440278478560,"43,034",100% bearish,of 1 rating,$18
GFED,$14.94,1440278478616,10,Not yet rated,NULL,$17
GIFI,$11.97,1440278478705,"46,892",100% bearish,of 1 rating,$16
GULTU,$0.2905,1440278478742,"102,116",100% bearish,of 1 rating,N/A
GUID,$7.29,1440278478835,"187,217",100% bearish,of 3 ratings,$10
GPOR,$33.8159,1440278478871,"937,085",75% bullish,of 4 ratings,$55
GURE,$1.62,1440278478898,"151,052",88% bullish,of 8 ratings,N/A
GWGH,$7.35,1440278478966,"1,284",100% bearish,of 1 rating,$15.05
GWPH,$104.03,1440278478991,"200,237",78% bullish,of 9 ratings,$148.50
GYRO,$2.85,1440278479175,"76,416",100% bearish,of 1 rating,N/A
HLG,$9.64,1440278479205,"5,100",100% bearish,of 1 rating,N/A
HEES,$16.51,1440278479239,"306,657",67% bearish,of 3 ratings,$31
HBK,$13.8,1440278479305,8,50% bullish,of 2 ratings,N/A
HNRG,$7.22,1440278479331,"124,047",100% bearish,of 1 rating,$10
HALL,$11.67,1440278479358,"28,021",Not yet rated,NULL,N/A
HALO,$17.33,1440278479385,"1,204,693",67% bullish,of 3 ratings,$22.50
HMPR,$1.89,1440278479556,"118,740",100% bullish,of 1 rating,N/A
HBHC,$26.8668,1440278479587,"451,705",50% bullish,of 2 ratings,$30
HBHCL,$24.49,1440278479608,"18,426",Not yet rated,NULL,N/A
HNH,$27.82,1440278479629,"21,502",100% bullish,of 1 rating,N/A
HAFC,$24.565,1440278479690,"117,041",100% bullish,of 2 ratings,$28.50
HNSN,$0.501,1440278479772,"78,898",88% bullish,of 8 ratings,$.40
HQCL,$8.63,1440278479831,"24,293",67% bullish,of 3 ratings,N/A
HLIT,$5.58,1440278479976,"331,156",100% bearish,of 1 rating,$6.50
HDNG,$9.98,1440278480006,"11,225",50% bullish,of 4 ratings,N/A
HRMNW,NULL,1440278480027,0,Not yet rated,NULL,N/A
HRMNU,NULL,1440278480047,0,Not yet rated,NULL,N/A
HRMN,NULL,1440278480079,0,Not yet rated,NULL,N/A
TINY,$2.45,1440278480209,"20,315",50% bullish,of 2 ratings,$5.26
HART,$0.775,1440278480247,"213,330",100% bearish,of 1 rating,N/A
HBIO,$4.39,1440278480279,"81,394",Not yet rated,NULL,$10
HCAP,$12.17,1440278480305,"24,008",50% bullish,of 2 ratings,$15
HCAPL,$25.4,1440278480335,"1,773",Not yet rated,NULL,N/A
HAS,$75.171,1440278480438,"1,049,605",63% bullish,of 8 ratings,$84.50
HA,$23.05,1440278480466,"931,944",67% bullish,of 9 ratings,$27
HCOM,$22.51,1440278480491,"37,331",100% bearish,of 1 rating,$28
HWKN,$36.84,1440278480634,"29,157",Not yet rated,NULL,N/A
HWBK,$13.8,1440278480712,674,100% bearish,of 1 rating,N/A
HAYN,$37.88,1440278480784,"48,863",100% bearish,of 1 rating,$59
HIIQ,$4.48,1440278480813,"28,731",50% bullish,of 2 ratings,$7
HDS,$33.08,1440278480840,"1,295,702",100% bearish,of 2 ratings,$39.50
HCSG,$33.546,1440278480912,"309,474",50% bullish,of 4 ratings,$35
HSTM,$24.87,1440278480968,"220,098",50% bullish,of 2 ratings,$33.75
HQY,$29.27,1440278481001,"394,569",67% bullish,of 3 ratings,$31
HWAY,$12.48,1440278481099,"386,123",100% bearish,of 1 rating,$15
HTLD,$20.165,1440278481129,"492,188",Not yet rated,NULL,$22.50
HTLF,$36.24,1440278481200,"48,371",100% bullish,of 1 rating,$39.50
HTBX,$5.31,1440278481227,"21,712",50% bullish,of 2 ratings,$15.50
HTWR,$83.28,1440278481257,"239,502",50% bullish,of 2 ratings,$103
HSII,$20.17,1440278481427,"59,389",100% bullish,of 3 ratings,$25
HMNY,$2.2261,1440278481460,"2,878",100% bearish,of 1 rating,N/A
HELE,$87.93,1440278481493,"151,548",67% bearish,of 3 ratings,$100
HNNA,$24.57,1440278481560,"15,081",Not yet rated,NULL,N/A
HMTV,$12.84,1440278481586,"12,852",100% bearish,of 1 rating,$16
HCACU,$10.0043,1440278481616,"2,000",Not yet rated,NULL,N/A
HSIC,$138.0834,1440278481648,"512,882",83% bullish,of 6 ratings,$146
HERO,$0.06,1440278481753,"5,839,839",81% bullish,of 16 ratings,$.75
HTBK,$11.04,1440278481775,"93,871",Not yet rated,NULL,$12
HFWA,$17.74,1440278481805,"62,742",100% bullish,of 1 rating,$20
HCCI,$11.65,1440278481941,"27,277",100% bearish,of 1 rating,$16.50
HEOP,$7.68,1440278481969,"27,087",Not yet rated,NULL,$8.50
MLHR,$28.1966,1440278481990,"238,584",50% bullish,of 2 ratings,$33.50
HRTX,$35.05,1440278482120,"839,423",67% bullish,of 6 ratings,$41
HSKA,$33.2,1440278482174,"28,561",100% bearish,of 1 rating,$38
HFFC,$16.27,1440278482196,946,Not yet rated,NULL,N/A
HIBB,$37.37,1440278482270,"1,128,881",100% bearish,of 1 rating,$48.50
HPJ,$2.25,1440278482402,"130,395",75% bullish,of 4 ratings,$12.43
HIHO,$4,1440278482440,"9,057",Not yet rated,NULL,N/A
HIFS,$118.11,1440278482465,"8,734",Not yet rated,NULL,N/A
HIMX,$6.29,1440278482531,"1,170,901",86% bullish,of 21 ratings,$8.50
HSGX,$5.92,1440278482561,"24,278",100% bearish,of 1 rating,$17
HMNF,$11.42,1440278482582,"2,480",Not yet rated,NULL,N/A
HMSY,$8.8389,1440278482713,"1,363,874",67% bullish,of 3 ratings,$19.35
HOLI,$16.9527,1440278482743,"228,631",50% bullish,of 4 ratings,$27
HOLX,$39.74,1440278482847,"2,134,552",67% bullish,of 3 ratings,$42
HFBL,$21.69,1440278482873,"1,800",Not yet rated,NULL,N/A
HBCP,$24.4,1440278482899,"41,618",Not yet rated,NULL,$29
HOMB,$39.23,1440278483025,"321,450",Not yet rated,NULL,$41
AWAY,$29.3662,1440278483053,"943,583",67% bullish,of 3 ratings,$36
HMIN,$29.096,1440278483083,"61,111",100% bearish,of 2 ratings,$35
HMST,$21.57,1440278483112,"119,006",100% bullish,of 2 ratings,$27
HTBI,$18.39,1440278483213,"70,970",67% bullish,of 3 ratings,$18.625
CETC,$0.77,1440278483301,"45,584",86% bullish,of 7 ratings,N/A
HKTV,$4.68,1440278483337,"7,455",100% bearish,of 1 rating,N/A
HOFT,$24.43,1440278483433,"62,910",100% bearish,of 1 rating,N/A
HFBC,$11.61,1440278483468,"2,835",Not yet rated,NULL,N/A
HBNC,$24.3,1440278483489,"31,745",100% bullish,of 1 rating,$27
HRZN,$10.59,1440278483563,"54,947",100% bearish,of 1 rating,$14.25
HZNP,$29.2,1440278483592,"2,449,005",85% bullish,of 20 ratings,$40
HDP,$25.5,1440278483695,"235,894",67% bearish,of 3 ratings,$30.50
HWCC,$7.22,1440278483754,"136,206",100% bearish,of 1 rating,$9
ZINC,$7.25,1440278483826,"624,456",100% bearish,of 1 rating,$17
HMHC,$22.4,1440278483851,"923,176",Not yet rated,NULL,$27
HOVNP,NULL,1440278484486,0,100% bearish,of 1 rating,N/A
HTGM,$5.59,1440278484517,"9,721",100% bearish,of 1 rating,$19.50
HSNI,$60.9227,1440278484539,"239,269",Not yet rated,NULL,$80
HCBK,$9.5789,1440278484565,"2,422,499",83% bullish,of 6 ratings,$8.61
HBMD,$14.95,1440278484592,502,100% bearish,of 1 rating,N/A
HUBG,$39.18,1440278484613,"205,184",100% bearish,of 1 rating,$43
HSON,$2.8,1440278484848,"20,391",100% bearish,of 1 rating,$5
HURN,$73.02,1440278484876,"109,473",50% bullish,of 2 ratings,$80
HDSN,$2.81,1440278484906,"30,286",100% bullish,of 1 rating,$6.25
HBANP,$1337,1440278484928,12,100% bearish,of 1 rating,N/A
HBAN,$11.11,1440278484952,"6,980,840",76% bullish,of 17 ratings,$12.29
HURC,$29.88,1440278485009,"26,946",100% bearish,of 1 rating,N/A
HDRAU,$10.06,1440278485200,100,Not yet rated,NULL,N/A
HDRA,NULL,1440278485230,0,Not yet rated,NULL,N/A
HDRAW,NULL,1440278485250,0,Not yet rated,NULL,N/A
HTCH,$1.58,1440278485288,"60,402",100% bearish,of 1 rating,$3.50
HBP,$3.09,1440278485313,"1,457",100% bullish,of 1 rating,N/A
HDRAR,NULL,1440278485345,0,Not yet rated,NULL,N/A
HYGS,$7.48,1440278485381,"42,666",50% bullish,of 2 ratings,$13
IDSY,$3.85,1440278485448,"6,888",100% bearish,of 1 rating,$7
IACI,$71.15,1440278485520,"768,044",75% bullish,of 4 ratings,$90
IKGH,$1.81,1440278485609,"12,492",75% bullish,of 4 ratings,N/A
IBKC,$60.3428,1440278485811,"191,218",100% bullish,of 1 rating,$70
ICAD,$3.54,1440278485841,"22,041",50% bullish,of 2 ratings,$7.25
IEP,$67.43,1440278485868,"123,610",75% bullish,of 4 ratings,$99
ICFI,$35.71,1440278485889,"104,061",50% bullish,of 2 ratings,$48.50
ICUI,$115.51,1440278485910,"147,406",Not yet rated,NULL,$122
ICLR,$77.7434,1440278485951,"297,930",100% bearish,of 3 ratings,$85
ICON,$12.25,1440278486045,"780,798",50% bullish,of 2 ratings,$18.50
IPWR,$7.36,1440278486074,"3,392",100% bullish,of 1 rating,$15
IDRA,$2.52,1440278486176,"1,118,091",89% bullish,of 9 ratings,$6.50
IDXX,$74.1911,1440278486207,"439,447",100% bearish,of 1 rating,$77
INVE,$4.66,1440278486232,"109,550",75% bullish,of 4 ratings,$4
DSKY,$12.1367,1440278486257,"291,194",67% bullish,of 6 ratings,$11.50
IROQ,$16.68,1440278486284,502,100% bullish,of 1 rating,N/A
IRG,$4.73,1440278486562,"29,774",100% bearish,of 1 rating,$4.50
IIVI,$17.63,1440278486591,"240,082",100% bearish,of 1 rating,$22
IKAN,$2.73,1440278486612,"14,561",83% bullish,of 6 ratings,$5
IKNX,$11.46,1440278486653,722,100% bearish,of 1 rating,N/A
ISNS,$3.82,1440278486674,"67,780",50% bullish,of 2 ratings,N/A
RXDX,$12.57,1440278486695,"107,394",100% bullish,of 1 rating,$20
KANG,$15,1440278486716,"344,010",50% bullish,of 2 ratings,$22.55
ILMN,$199.29,1440278486758,"1,014,627",80% bullish,of 5 ratings,$240
IMNP,$1.38,1440278486972,"103,462",50% bullish,of 2 ratings,$6
IMDZ,$15.49,1440278486997,"55,028",100% bearish,of 1 rating,$33
ICCC,$8.05,1440278487028,"7,929",100% bullish,of 1 rating,N/A
IMMR,$11.38,1440278487049,"215,531",80% bullish,of 5 ratings,$15.50
IMGN,$13.07,1440278487134,"1,107,990",75% bullish,of 4 ratings,$17.50
IMMU,$1.87,1440278487223,"975,603",86% bullish,of 7 ratings,$2
IPXL,$43.4148,1440278487282,"694,109",67% bullish,of 3 ratings,$46.50
IMMY,$7.49,1440278487311,"6,448",100% bearish,of 1 rating,$11
INCR,$42.36,1440278487332,"1,097,736",50% bullish,of 2 ratings,$53
SAAS,$7.7296,1440278487365,"487,787",50% bullish,of 2 ratings,$15
INCY,$104.2975,1440278487386,"711,350",50% bullish,of 6 ratings,$125.50
IBCP,$14.21,1440278487520,"66,760",100% bullish,of 1 rating,$14.50
INDB,$46.44,1440278487545,"91,428",Not yet rated,NULL,$44
IDSA,$3.64,1440278487597,174,Not yet rated,NULL,N/A
IBTX,$42.68,1440278487647,"39,240",100% bullish,of 2 ratings,$47.25
INFN,$21.08,1440278487684,"2,781,964",71% bullish,of 7 ratings,$28
IPCC,$79.97,1440278487912,"44,593",Not yet rated,NULL,$77.50
IFON,$1.23,1440278487941,"45,196",75% bullish,of 4 ratings,N/A
INFI,$9.44,1440278488006,"820,535",50% bullish,of 4 ratings,$18
III,$4.14,1440278488033,"158,901",57% bullish,of 7 ratings,$6
IMKTA,$52.89,1440278488060,"113,692",100% bearish,of 1 rating,N/A
INWK,$7.33,1440278488090,"164,366",50% bullish,of 2 ratings,$10
INNL,NULL,1440278488123,0,100% bearish,of 1 rating,$16.50
IOSP,$46.19,1440278488194,"4,359,888",100% bearish,of 1 rating,N/A
ISSC,$2.92,1440278488225,"8,615",67% bearish,of 3 ratings,N/A
INOD,$2.48,1440278488356,"19,784",100% bearish,of 1 rating,N/A
IPHS,$47.91,1440278488382,"90,391",100% bearish,of 1 rating,$60
ITEK,$13.7368,1440278488440,"780,060",100% bearish,of 3 ratings,$20
INGN,$49.39,1440278488511,"168,397",100% bearish,of 1 rating,$50.50
INOV,$20.95,1440278488573,"349,429",100% bearish,of 1 rating,$33
NSIT,$25.94,1440278488706,"161,989",50% bullish,of 2 ratings,N/A
ISIG,$2.58,1440278488741,"12,103",100% bearish,of 1 rating,N/A
INSM,$24.29,1440278488767,"376,220",71% bullish,of 7 ratings,$31.50
INO,$7.07,1440278488796,"991,184",89% bullish,of 18 ratings,$20
PODD,$28.7,1440278488846,"377,984",50% bullish,of 2 ratings,$35
IIIN,$18,1440278488905,"160,188",100% bearish,of 2 ratings,N/A
INSY,$32.5,1440278488936,"744,412",75% bullish,of 4 ratings,$48
NTEC,$5.94,1440278489042,"22,000",Not yet rated,NULL,N/A
IDTI,$17.29,1440278489072,"2,463,021",60% bullish,of 5 ratings,$25
IART,$60.71,1440278489093,"233,404",100% bearish,of 1 rating,$71.50
IESC,$7.27,1440278489227,"1,500",100% bearish,of 1 rating,N/A
INTC,$26.7,1440278489278,"36,675,246",82% bullish,of 238 ratings,$36
ISSI,$22.3,1440278489307,"296,636",67% bullish,of 3 ratings,$19.75
IPCI,$2.12,1440278489411,"35,773",67% bullish,of 6 ratings,$7.75
IPAR,$27.27,1440278489491,"59,510",67% bullish,of 3 ratings,$38
ININ,$37,1440278489519,"115,076",67% bearish,of 3 ratings,$57
IQNT,$19.28,1440278489547,"257,467",86% bullish,of 7 ratings,$20
IBKR,$38.66,1440278489579,"576,484",100% bullish,of 1 rating,N/A
ICLDW,$0.9601,1440278489677,"1,250",100% bearish,of 1 rating,N/A
ICPT,$190.6771,1440278489703,"265,072",70% bullish,of 10 ratings,$359.50
IDCC,$47.38,1440278489758,"294,240",80% bullish,of 5 ratings,$63
ICLD,$1.87,1440278489784,"413,066",75% bullish,of 4 ratings,N/A
TILE,$24.33,1440278489863,"583,565",67% bearish,of 3 ratings,$27
IBOC,$26.0269,1440278489992,"200,228",100% bearish,of 1 rating,N/A
INAP,$8.27,1440278490018,"157,177",75% bullish,of 4 ratings,$11
IMI,$2.13,1440278490039,"9,131",67% bullish,of 3 ratings,$2.22
ISCA,$31.76,1440278490085,"75,500",100% bearish,of 1 rating,N/A
IGLD,$7.15,1440278490174,"2,377",50% bullish,of 2 ratings,N/A
IIJI,$8.9299,1440278490220,"1,000",50% bullish,of 2 ratings,$11.50
PTNT,$3.05,1440278490319,"4,282",Not yet rated,NULL,N/A
INPH,$0.3099,1440278490349,"9,140",50% bullish,of 2 ratings,N/A
ISIL,$10.2,1440278490523,"911,504",50% bullish,of 6 ratings,$15
IILG,$20.03,1440278490553,"307,013",100% bearish,of 1 rating,$30.50
XENT,$27.72,1440278490582,"196,800",50% bullish,of 2 ratings,$36.50
INTX,$2.44,1440278490689,"40,947",67% bullish,of 3 ratings,N/A
IVAC,$4.89,1440278490737,"16,408",Not yet rated,NULL,$6.625
INTL,$25.88,1440278490823,"119,017",67% bearish,of 3 ratings,N/A
INTLL,$25.77,1440278490850,"1,100",Not yet rated,NULL,N/A
ISRG,$506.65,1440278490979,"238,287",67% bullish,of 3 ratings,$600
ITCI,$28.5,1440278491005,"400,140",75% bearish,of 4 ratings,$40
IIN,$6.38,1440278491026,"6,399",100% bearish,of 1 rating,$12
INTU,$89.98,1440278491058,"5,254,872",86% bullish,of 7 ratings,$110.50
INVT,$0.2713,1440278491085,"28,221",67% bullish,of 3 ratings,N/A
ISTR,$15.85,1440278491265,"2,506",100% bearish,of 1 rating,$18.50
ITIC,$71.35,1440278491297,16,100% bearish,of 2 ratings,N/A
SNAK,$8.47,1440278491324,"286,014",50% bullish,of 2 ratings,$14
ISBC,$11.8686,1440278491345,"2,158,729",100% bullish,of 1 rating,$13.25
NVIV,$9.83,1440278491379,"458,296",50% bullish,of 4 ratings,$24.50
IPAS,$1.01,1440278491407,"153,876",67% bullish,of 3 ratings,N/A
IVTY,$12.69,1440278491508,"13,088",Not yet rated,NULL,$18
DFVL,NULL,1440278491643,0,Not yet rated,NULL,N/A
IPCM,$79.5,1440278491671,"605,193",50% bullish,of 2 ratings,$80.125
DTUL,NULL,1440278491695,0,Not yet rated,NULL,N/A
IPGP,$84.18,1440278491727,"196,618",100% bearish,of 2 ratings,$109.50
IRMD,$25.1,1440278491748,"16,337",67% bearish,of 3 ratings,$25
IRIX,$7.16,1440278491830,"14,066",100% bearish,of 1 rating,N/A
IRDM,$6.69,1440278491894,"599,667",60% bullish,of 5 ratings,$11.50
IRDMB,$266.65,1440278491962,"1,378",67% bearish,of 3 ratings,N/A
IRBT,$29.9,1440278491998,"240,464",67% bullish,of 6 ratings,$37
COMT,$32.24,1440278492095,"20,256",100% bearish,of 1 rating,N/A
IRCP,$32,1440278492128,651,100% bullish,of 2 ratings,N/A
IRWD,$10.95,1440278492156,"1,059,107",100% bearish,of 1 rating,$13
FCHI,$47.8,1440278492178,"4,334",Not yet rated,NULL,N/A
GNMA,$50.25,1440278492238,"2,022",Not yet rated,NULL,N/A
IFAS,$28.76,1440278492370,"9,892",Not yet rated,NULL,N/A
IFEU,$39.05,1440278492412,"52,081",Not yet rated,NULL,N/A
IFGL,$28.84,1440278492502,"124,298",Not yet rated,NULL,N/A
ACWX,$40.41,1440278492532,"332,696",100% bearish,of 1 rating,N/A
ACWI,$55.66,1440278492636,"1,415,661",Not yet rated,NULL,N/A
IFNA,$56.26,1440278492661,2,Not yet rated,NULL,N/A
AAXJ,$52.27,1440278492685,"1,955,125",Not yet rated,NULL,N/A
EEME,$38.47,1440278492851,"1,248",100% bearish,of 1 rating,N/A
AXJS,NULL,1440278492880,0,Not yet rated,NULL,N/A
EEMA,$48.76,1440278492904,"380,775",Not yet rated,NULL,N/A
EMDI,$46.16,1440278492934,300,Not yet rated,NULL,N/A
AAIT,$30.53,1440278492986,"1,424",100% bullish,of 1 rating,N/A
EGRW,$47,1440278493066,"2,678",Not yet rated,NULL,N/A
EEML,$27.35,1440278493094,700,Not yet rated,NULL,N/A
EMEY,$24.77,1440278493115,200,Not yet rated,NULL,N/A
EVAL,$36.84,1440278493247,"4,617",Not yet rated,NULL,N/A
EUFN,$21.91,1440278493300,"205,824",100% bearish,of 1 rating,N/A
IEUS,$45.52,1440278493402,"8,328",100% bearish,of 1 rating,N/A
UAE,$17.61,1440278493441,"11,802",Not yet rated,NULL,N/A
IBB,$340.47,1440278493469,"2,475,808",63% bullish,of 8 ratings,N/A
QAT,$20.45,1440278493490,"23,345",Not yet rated,NULL,N/A
SOXX,$78.63,1440278493526,"710,879",50% bullish,of 2 ratings,N/A
EMIF,$28.27,1440278493620,"15,998",Not yet rated,NULL,N/A
ICLN,$9.42,1440278493646,"40,619",50% bullish,of 2 ratings,N/A
INDY,$27.85,1440278493777,"903,318",50% bullish,of 2 ratings,N/A
WOOD,$49.3,1440278493811,"53,527",50% bullish,of 2 ratings,N/A
ISHG,$80.2,1440278493839,"83,600",100% bearish,of 1 rating,N/A
IGOV,$92.1372,1440278493864,"25,494",100% bearish,of 1 rating,N/A
ISIS,$47.09,1440278493905,"1,346,021",53% bullish,of 15 ratings,$67
ISLE,$16.59,1440278493932,"295,431",50% bullish,of 4 ratings,$16
ISRL,$128.55,1440278494112,"1,003",100% bearish,of 1 rating,N/A
ITRI,$31.94,1440278494147,"253,746",Not yet rated,NULL,$37
IXYS,$10.57,1440278494244,"247,242",50% bullish,of 4 ratings,N/A
ITUS,$4.16,1440278494269,"6,967",Not yet rated,NULL,N/A
ITRN,$24.7,1440278494300,"30,305",50% bullish,of 2 ratings,N/A
XXIA,$15.37,1440278494321,"314,105",71% bullish,of 7 ratings,$14.625
JJSF,$113.14,1440278494400,"100,391",100% bearish,of 1 rating,N/A
MAYS,NULL,1440278494457,0,Not yet rated,NULL,N/A
JBHT,$76.18,1440278494593,"901,669",50% bullish,of 4 ratings,$89.50
JCOM,$69.56,1440278494619,"218,346",100% bullish,of 2 ratings,$77
JACK,$81.43,1440278494646,"546,557",83% bullish,of 6 ratings,$105
JASO,$7,1440278494675,"1,435,775",82% bullish,of 17 ratings,$10
JKHY,$68.27,1440278494696,"285,534",50% bullish,of 2 ratings,$72
JXSB,$24.05,1440278494833,742,Not yet rated,NULL,N/A
JAXB,$12.76,1440278494863,"1,300",100% bullish,of 1 rating,N/A
JAGX,$2.5784,1440278494963,"18,491",Not yet rated,NULL,N/A
JRVR,$26.32,1440278495003,"51,011",Not yet rated,NULL,$32
JAKK,$9.07,1440278495032,"491,312",60% bearish,of 5 ratings,$11
JMBA,$13.18,1440278495132,"107,503",75% bullish,of 4 ratings,$18
ERW,NULL,1440278495166,0,Not yet rated,NULL,N/A
JASN,$4.81,1440278495295,"34,092",50% bullish,of 2 ratings,$9.50
JASNW,$0.18,1440278495323,"12,833",50% bullish,of 2 ratings,N/A
JD,$25.2,1440278495344,"9,448,374",75% bullish,of 16 ratings,$36
JAZZ,$170.2996,1440278495365,"486,735",80% bullish,of 15 ratings,$206.50
JBLU,$21.8,1440278495405,"7,445,018",94% bullish,of 17 ratings,$27
JTPY,$3.02,1440278495496,"5,165",100% bearish,of 1 rating,N/A
JCTCF,NULL,1440278495551,0,100% bullish,of 1 rating,N/A
DATE,$6.47,1440278495585,"197,033",75% bullish,of 4 ratings,$9
JST,$4,1440278495682,"43,984",75% bullish,of 4 ratings,N/A
JIVE,$4.1,1440278495707,"633,964",75% bullish,of 4 ratings,$5
WYIGU,$10.0227,1440278495732,100,Not yet rated,NULL,N/A
JOUT,$23.01,1440278495932,"16,294",100% bearish,of 1 rating,$34
JOEZ,$0.185,1440278495956,"70,020",92% bullish,of 12 ratings,N/A
JBSS,$48.96,1440278495981,"138,677",67% bearish,of 3 ratings,N/A
