Symbol,Price,Date,Volume,Rating,RatingVoteCount,OneYearEstimate
FCTY,$7.96,1440879302432,"3,400",100% bullish,of 1 rating,$8.50
VNET,$18.05,1440879302529,"541,289",60% bullish,of 5 ratings,$35
FLWS,$8.91,1440879302559,"687,314",80% bullish,of 5 ratings,$15
TFSCW,$0.21,1440879302590,"1,300",100% bearish,of 1 rating,N/A
SRCE,$29.44,1440879302660,"29,029",100% bullish,of 3 ratings,$33
TFSCU,NULL,1440879302685,0,Not yet rated,NULL,N/A
TFSC,NULL,1440879302741,0,100% bearish,of 1 rating,N/A
FCCY,$11.54,1440879302814,933,100% bullish,of 1 rating,$13
DGLD,$81.1,1440879302872,"16,958",100% bullish,of 1 rating,N/A
USLV,$12.45,1440879302912,"242,677",86% bullish,of 7 ratings,N/A
TFSCR,NULL,1440879303010,0,Not yet rated,NULL,N/A
TWOU,$34.99,1440879303042,"129,143",50% bullish,of 2 ratings,$39
DSLV,$69.51,1440879303067,"9,311",100% bearish,of 1 rating,N/A
PIH,$7.54,1440879303210,"9,402",100% bearish,of 1 rating,N/A
UGLD,$9.31,1440879303295,"340,880",100% bearish,of 1 rating,N/A
JOBS,$27.019,1440879303342,"69,549",50% bullish,of 4 ratings,$36
CAFD,$15.0196,1440879303479,"242,552",Not yet rated,NULL,$25
SHLM,$34.06,1440879303576,"65,672",100% bearish,of 1 rating,$47
SIXD,$2.72,1440879303608,"111,232",Not yet rated,NULL,N/A
ABAX,$47.89,1440879303633,"108,826",100% bearish,of 1 rating,$60
AVHI,$13.96,1440879303787,"12,911",100% bearish,of 1 rating,$19
AAON,$20.51,1440879303846,"107,410",100% bearish,of 1 rating,$24
ABY,$23.04,1440879303920,"423,555",100% bearish,of 2 ratings,$46
ABEO,$4.82,1440879303978,"47,964",50% bullish,of 4 ratings,$15.50
EGHT,$7.84,1440879304009,"384,316",82% bullish,of 17 ratings,$11
ABGB,$5.71,1440879304030,"37,255",67% bullish,of 3 ratings,$5.50
ABEOW,$1.83,1440879304061,"2,361",100% bullish,of 1 rating,N/A
ABMD,$98.23,1440879304111,"317,770",75% bullish,of 4 ratings,$100.50
AXAS,$1.92,1440879304243,"949,481",78% bullish,of 9 ratings,$3.50
ACTG,$9.43,1440879304375,"194,247",67% bullish,of 3 ratings,$18.50
ACHC,$74.2503,1440879304409,"344,347",50% bullish,of 2 ratings,$92
AXDX,$19.1,1440879304511,"112,407",100% bearish,of 1 rating,N/A
XLRN,$29.71,1440879304537,"89,309",50% bullish,of 2 ratings,$57
ACAD,$38.17,1440879304569,"436,567",80% bullish,of 20 ratings,$48
ACST,$0.3694,1440879304618,"9,260",100% bullish,of 2 ratings,N/A
ARAY,$6.77,1440879304673,"691,224",100% bearish,of 1 rating,$10.50
VXDN,$1.96,1440879304724,"24,710",100% bearish,of 1 rating,N/A
ANCX,$20.01,1440879304748,"20,165",Not yet rated,NULL,$20
VXUP,$1.6,1440879304920,"49,457",100% bearish,of 1 rating,N/A
AKAO,$6.99,1440879304962,"38,455",75% bullish,of 4 ratings,$15
ACRX,$4.24,1440879304988,"310,833",67% bearish,of 6 ratings,$5.50
ACHN,$7.76,1440879305155,"1,462,742",90% bullish,of 21 ratings,$16
ACET,$22.76,1440879305181,"83,357",75% bullish,of 4 ratings,$30
ACNB,$19.85,1440879305238,"4,210",Not yet rated,NULL,N/A
ACIW,$21.38,1440879305312,"288,136",67% bearish,of 3 ratings,$24
ACTS,$1.6,1440879305370,"49,648",100% bearish,of 1 rating,N/A
ACOR,$32.73,1440879305399,"557,265",67% bearish,of 3 ratings,$38.50
ATVI,$29.28,1440879305444,"135,594,206",68% bullish,of 84 ratings,$31.50
ACTA,$14.02,1440879305575,"90,621",67% bearish,of 3 ratings,$25
ACPW,$1.81,1440879305603,"38,604",100% bullish,of 4 ratings,$3.50
ACXM,$21.15,1440879305735,"258,695",67% bullish,of 3 ratings,N/A
ADMS,$20.61,1440879305774,"60,583",100% bearish,of 2 ratings,$36
ADMP,$3.69,1440879305869,"11,630",50% bullish,of 2 ratings,$10
ADUS,$28.71,1440879305907,"18,242",100% bearish,of 1 rating,$31
ACUR,$2.83,1440879305933,"48,939",100% bullish,of 5 ratings,$1
ADAP,$11.66,1440879305963,"84,789",67% bullish,of 3 ratings,$22
AEY,$2.3,1440879306067,"7,434",100% bearish,of 2 ratings,N/A
ADEP,$6.87,1440879306118,"20,312",50% bullish,of 2 ratings,$10.75
ADTN,$15.7,1440879306258,"386,714",67% bullish,of 3 ratings,$17.125
ADMA,$9.37,1440879306284,"14,766",Not yet rated,NULL,$19
ADBE,$79.4,1440879306449,"2,177,794",65% bullish,of 17 ratings,$90
ADXS,$14.69,1440879306502,"468,415",64% bullish,of 14 ratings,$27
ADRO,$20.61,1440879306533,"147,897",80% bullish,of 5 ratings,$45.50
AMD,$1.85,1440879306561,"6,623,181",83% bullish,of 103 ratings,$2
AEIS,$24.42,1440879306586,"174,991",50% bullish,of 2 ratings,$32.50
ADXSW,$10.47,1440879306635,"1,850",100% bullish,of 1 rating,N/A
YPRO,$22.79,1440879306726,"3,532",100% bearish,of 1 rating,N/A
MULT,NULL,1440879306785,0,100% bearish,of 1 rating,N/A
AEGR,$17.66,1440879306859,"331,111",50% bullish,of 6 ratings,$26
AEGN,$18.28,1440879306991,"94,812",100% bearish,of 2 ratings,$21
AEHR,$2.27,1440879307017,"2,346",50% bullish,of 2 ratings,N/A
AEPI,$53.89,1440879307038,"11,740",100% bearish,of 1 rating,N/A
AMTX,$3.11,1440879307069,"28,001",50% bullish,of 2 ratings,$26.11
AEZS,$0.088,1440879307244,"10,110,751",90% bullish,of 21 ratings,$1.50
AERI,$16.49,1440879307270,"376,040",75% bullish,of 4 ratings,$31.50
AVAV,$24,1440879307297,"75,229",50% bullish,of 4 ratings,$31
AFMD,$10.43,1440879307449,"107,629",50% bullish,of 4 ratings,$15
AEMD,$6.95,1440879307477,"91,259",Not yet rated,NULL,$27.50
AGEN,$7.26,1440879307503,"602,072",85% bullish,of 13 ratings,$14
AGRX,$9.16,1440879307543,"22,184",100% bearish,of 1 rating,$17.50
AFFX,$9.48,1440879307568,"279,489",80% bullish,of 5 ratings,$12.50
AGYS,$10.21,1440879307640,"23,032",100% bearish,of 1 rating,N/A
AGIO,$90.62,1440879307798,"186,340",88% bullish,of 8 ratings,$114
AIRT,$22.16,1440879307903,376,100% bullish,of 1 rating,N/A
AGFS,$10.1318,1440879307951,"137,593",100% bearish,of 1 rating,N/A
AGFSW,$1.95,1440879308031,"8,300",100% bearish,of 2 ratings,N/A
AIMT,$21.11,1440879308107,"136,933",Not yet rated,NULL,N/A
AIRM,$37.86,1440879308135,"199,407",80% bearish,of 5 ratings,$53
AMCN,$4.59,1440879308156,"108,503",83% bullish,of 6 ratings,N/A
ATSG,$8.95,1440879308189,"126,980",67% bullish,of 3 ratings,$13
AIXG,$6.38,1440879308289,"27,231",67% bearish,of 3 ratings,$5.25
AKAM,$71.9,1440879308373,"1,710,795",63% bullish,of 8 ratings,$77
AKER,$2.48,1440879308404,"28,755",Not yet rated,NULL,N/A
AKRX,$41.03,1440879308507,"401,819",78% bullish,of 9 ratings,$56
ALRM,$16.8,1440879308537,"126,608",100% bearish,of 1 rating,$22
AKBA,$7,1440879308566,"105,064",100% bearish,of 1 rating,$18
ALSK,$2.15,1440879308636,"235,932",78% bullish,of 18 ratings,$2
AMRI,$20.6,1440879308707,"158,563",75% bearish,of 4 ratings,$24
ALDR,$38.61,1440879308930,"186,540",67% bearish,of 3 ratings,$62
ADHD,$7.94,1440879308959,"131,054",50% bullish,of 4 ratings,$18
ALDX,$7.06,1440879308980,"18,445",100% bearish,of 1 rating,$14.50
ALXN,$178.86,1440879309012,"1,012,132",88% bullish,of 8 ratings,$223
ABDC,$12.83,1440879309117,"24,564",Not yet rated,NULL,$15
ALCO,$42.25,1440879309168,"5,313",50% bullish,of 2 ratings,N/A
ALGN,$57.27,1440879309197,"244,131",100% bearish,of 2 ratings,$73
ALXA,$1.13,1440879309250,"13,227",83% bullish,of 6 ratings,$2.125
ALIM,$3.44,1440879309281,"27,203",80% bullish,of 5 ratings,$10
ALGT,$208.41,1440879309332,"150,284",100% bearish,of 2 ratings,$235
ALKS,$62.0942,1440879309380,"542,032",67% bullish,of 3 ratings,$75
ALLB,$22.72,1440879309651,797,Not yet rated,NULL,N/A
AHGP,$36.41,1440879309680,"89,083",67% bullish,of 3 ratings,N/A
ARLP,$25.32,1440879309742,"280,083",67% bearish,of 3 ratings,$32
AFOP,$19.05,1440879309773,"104,154",75% bullish,of 8 ratings,$21
AIQ,$14.35,1440879309800,"6,903",67% bullish,of 3 ratings,N/A
ALQA,$4.4,1440879309825,"19,390",75% bullish,of 4 ratings,$8.50
AHPI,$1.44,1440879309878,"1,714",50% bullish,of 2 ratings,N/A
ALLT,$5.42,1440879309968,"187,497",75% bullish,of 4 ratings,$6.25
AMOT,$18.85,1440879310047,"86,927",100% bearish,of 1 rating,N/A
AOSL,$7.31,1440879310150,"49,947",67% bullish,of 3 ratings,$9
MDRX,$13.8,1440879310175,"810,640",60% bullish,of 5 ratings,$16
ALNY,$109.1,1440879310211,"357,082",67% bullish,of 3 ratings,$148.50
AFAM,$45.43,1440879310308,"41,778",50% bullish,of 2 ratings,$44
SMCP,NULL,1440879310375,0,Not yet rated,NULL,N/A
ATEC,$0.54,1440879310402,"81,514",100% bullish,of 1 rating,$2
ALTR,$48.61,1440879310472,"1,182,479",80% bearish,of 5 ratings,$54
AIMC,$24.94,1440879310565,"71,616",100% bearish,of 2 ratings,$28.50
ASPS,$25.48,1440879310599,"184,857",67% bullish,of 3 ratings,$46.50
AYA,$20.7,1440879310768,"10,578",100% bearish,of 1 rating,$40
AMZN,$519.59,1440879310832,"1,553,310",81% bullish,of 264 ratings,$646
AMRK,$10.28,1440879310873,"2,016",50% bullish,of 2 ratings,$14
AMRN,$2.23,1440879310899,"1,409,147",85% bullish,of 39 ratings,$8
AMAG,$65.85,1440879310963,"315,677",100% bullish,of 2 ratings,$77.50
AMBCW,$7.65,1440879310993,"1,012",100% bearish,of 1 rating,N/A
AMBC,$15.61,1440879311015,"222,561",100% bearish,of 1 rating,$16.50
AMBA,$96.15,1440879311167,"1,960,685",83% bullish,of 12 ratings,$102.50
AMDA,$0.4798,1440879311300,"643,528",90% bullish,of 10 ratings,$1
AMED,$39.09,1440879311383,"188,323",100% bearish,of 1 rating,$42
EPAX,$2.69,1440879311432,"86,785",100% bearish,of 1 rating,N/A
AMCX,$73.6,1440879311509,"349,491",67% bullish,of 3 ratings,$87.50
DOX,$57.75,1440879311559,"257,565",67% bearish,of 3 ratings,$60
ASBI,$22.64,1440879311608,"1,069",Not yet rated,NULL,N/A
UHAL,$375.77,1440879311708,"28,990",100% bullish,of 2 ratings,$393.50
AGNC,$19.36,1440879312677,"1,941,092",71% bullish,of 28 ratings,$22
ATAX,$5.27,1440879312708,"73,836",100% bullish,of 1 rating,$6.50
AAL,$38.6,1440879312761,"7,110,829",93% bullish,of 88 ratings,$57
AMOV,$18.46,1440879312813,"2,614",100% bearish,of 1 rating,N/A
AGNCB,$24.29,1440879312838,"19,098",Not yet rated,NULL,N/A
MTGE,$15.29,1440879313338,"623,994",75% bullish,of 4 ratings,$19.50
MTGEP,$24.5,1440879313422,583,Not yet rated,NULL,N/A
ANCI,$1.46,1440879313555,474,100% bearish,of 1 rating,N/A
AETI,$3.75,1440879313585,881,67% bearish,of 3 ratings,N/A
ACAS,$13.8357,1440879313606,"897,392",60% bullish,of 5 ratings,$16.75
AGNCP,$25.34,1440879313636,"6,144",Not yet rated,NULL,N/A
ACSF,$12.38,1440879313657,"29,182",100% bearish,of 1 rating,$15
AMIC,NULL,1440879313808,0,Not yet rated,NULL,N/A
AMNB,$23.29,1440879313949,"4,556",Not yet rated,NULL,$25.50
APEI,$22.36,1440879313975,"59,822",100% bearish,of 1 rating,$25.50
AMSWA,$9.06,1440879314047,"131,254",100% bearish,of 2 ratings,$10.75
ARII,$40.76,1440879314075,"146,168",67% bearish,of 3 ratings,$45
AMRB,$10.05,1440879314120,"2,153",Not yet rated,NULL,$11
ANAT,$100.8502,1440879314145,"25,880",100% bullish,of 1 rating,N/A
AMSC,$4.67,1440879314281,"80,461",50% bullish,of 4 ratings,N/A
ASEI,$39.03,1440879314353,"21,414",100% bearish,of 1 rating,$52.50
AMWD,$66.55,1440879314560,"77,289",50% bullish,of 2 ratings,$70
CRMT,$35.97,1440879314586,"40,468",100% bearish,of 1 rating,$39
AMSF,$46.91,1440879314612,"49,852",Not yet rated,NULL,$57.50
ASRV,$3.22,1440879314639,"12,469",100% bullish,of 2 ratings,N/A
ASRVP,NULL,1440879314803,0,Not yet rated,NULL,N/A
ATLO,$23.59,1440879314831,"4,506",Not yet rated,NULL,N/A
ABCB,$26.8,1440879314878,"86,002",Not yet rated,NULL,$31
AMGN,$155.95,1440879314965,"3,400,173",89% bullish,of 19 ratings,$185
AMPH,$13.39,1440879314996,"106,975",50% bullish,of 2 ratings,$20
FOLD,$14.87,1440879315026,"612,656",56% bullish,of 9 ratings,$21
AMKR,$5.07,1440879315093,"1,277,833",100% bearish,of 2 ratings,$5
AMSGP,$149.3,1440879315122,"33,058",Not yet rated,NULL,N/A
AMSG,$80.06,1440879315250,"252,052",100% bearish,of 1 rating,$85.50
ASYS,$5.39,1440879315379,"36,672",67% bullish,of 3 ratings,$12
AMRS,$1.69,1440879315425,"51,285",70% bullish,of 10 ratings,N/A
ANAC,$135.45,1440879315486,"264,448",80% bullish,of 5 ratings,$180.50
ANAD,$0.33,1440879315515,"133,227",100% bullish,of 2 ratings,$.50
AFSI,$58.4717,1440879315555,"168,515",60% bullish,of 5 ratings,$72
ADI,$56.45,1440879315692,"2,245,427",67% bullish,of 3 ratings,$69
ANCB,$21.98,1440879315722,"29,500",Not yet rated,NULL,$23
ALOG,$80.27,1440879315753,"65,588",100% bearish,of 2 ratings,$100.50
ABCW,$40.28,1440879315853,"7,717",67% bullish,of 3 ratings,N/A
ANGI,$5.21,1440879315886,"319,439",64% bullish,of 11 ratings,$5.50
AMCF,$0.22,1440879315912,"1,426",100% bullish,of 7 ratings,N/A
ANGO,$14.67,1440879315989,"69,486",67% bullish,of 3 ratings,$19
ANIP,$52,1440879316045,"129,189",89% bullish,of 19 ratings,$66
ANIK,$35.94,1440879316184,"100,275",60% bullish,of 5 ratings,$51.25
ANSS,$89.74,1440879316257,"244,251",100% bearish,of 1 rating,$100
ATRS,$1.79,1440879316338,"332,285",92% bullish,of 12 ratings,$4.50
ANTH,$7.41,1440879316367,"469,427",80% bullish,of 10 ratings,$13
ABAC,$0.75,1440879316392,"11,927",100% bearish,of 1 rating,N/A
ATNY,$2.26,1440879316417,"4,237",50% bullish,of 2 ratings,$3.75
APOL,$11.47,1440879316584,"654,267",87% bearish,of 68 ratings,$14
AINV,$6.6,1440879316611,"696,100",50% bullish,of 4 ratings,$8
APIC,$6.91,1440879316639,"86,505",100% bearish,of 1 rating,$19
APOG,$50.82,1440879316698,"111,095",50% bullish,of 2 ratings,$67
APPF,$16.3,1440879316771,"22,796",50% bullish,of 2 ratings,$22
APDN,$3.46,1440879316799,"72,814",Not yet rated,NULL,$9
AAPL,$113.37,1440879316827,"32,540,481",86% bullish,of 2354 ratings,$150
ARCI,NULL,1440879316868,0,Not yet rated,NULL,N/A
AGTC,$16.69,1440879317060,"40,739",50% bullish,of 2 ratings,$33
AMCC,$5.77,1440879317190,"326,270",80% bullish,of 5 ratings,$8
APDNW,$1.27,1440879317216,"2,254",Not yet rated,NULL,N/A
AREX,$2.17,1440879317274,"985,162",100% bearish,of 1 rating,$3
AMAT,$15.9916,1440879317301,"7,111,784",82% bullish,of 11 ratings,$23
APTO,$5.28,1440879317322,"32,201",Not yet rated,NULL,$17
APRI,$1.33,1440879317350,"381,591",83% bullish,of 6 ratings,$4.86
AAOI,$21.11,1440879317501,"169,287",50% bullish,of 4 ratings,$26
AQMS,$5.2,1440879317583,"53,706",Not yet rated,NULL,N/A
AUMA,$9.89,1440879317613,230,Not yet rated,NULL,N/A
AQXP,$16.76,1440879317639,"147,931",50% bullish,of 2 ratings,$2
AUMAW,NULL,1440879317660,0,Not yet rated,NULL,N/A
AUMAU,NULL,1440879317745,0,Not yet rated,NULL,N/A
PETX,$17.64,1440879317795,"156,925",100% bearish,of 2 ratings,$26
ARDM,NULL,1440879317819,0,100% bullish,of 1 rating,$26
ABUS,$7.36,1440879317968,"240,604",86% bullish,of 14 ratings,$23
ARCW,$3.63,1440879317995,"4,066",100% bearish,of 2 ratings,$10.50
ARDX,$18.75,1440879318212,"63,461",50% bullish,of 2 ratings,$24.50
ARCB,$29.04,1440879318242,"134,492",67% bearish,of 3 ratings,$39.50
ACGL,$68.1836,1440879318276,"313,921",50% bullish,of 2 ratings,$72
ACAT,$26.55,1440879318344,"114,131",100% bearish,of 3 ratings,$33
RKDA,$6.36,1440879318399,"9,839",100% bearish,of 2 ratings,$10
ARNA,$2.71,1440879318472,"2,247,385",90% bullish,of 78 ratings,$5.50
ABIO,$0.89,1440879318505,"57,096",50% bullish,of 2 ratings,$3.75
AGII,$54.77,1440879318552,"101,334",Not yet rated,NULL,$59.50
ARGS,$6.16,1440879318579,"18,498",50% bullish,of 2 ratings,$19.50
ARCC,$15.6189,1440879318605,"1,375,235",67% bearish,of 3 ratings,$17.875
ARIA,$9.65,1440879318739,"22,314,095",87% bullish,of 46 ratings,$9
ARIS,$3.54,1440879318891,"40,749",Not yet rated,NULL,$4.50
AGIIL,$25.36,1440879318926,"11,027",Not yet rated,NULL,N/A
ARMH,$42.62,1440879319026,"865,391",54% bearish,of 13 ratings,$60
ARKR,$24.54,1440879319051,604,50% bullish,of 2 ratings,N/A
ARTX,$1.45,1440879319313,"63,093",88% bullish,of 16 ratings,$4.50
ARWAU,NULL,1440879319343,0,100% bullish,of 1 rating,N/A
ARQL,$1.76,1440879319369,"76,309",75% bullish,of 4 ratings,$5
ARWA,NULL,1440879319413,0,Not yet rated,NULL,N/A
ARWAW,NULL,1440879319439,0,Not yet rated,NULL,N/A
ARRY,$5.94,1440879319520,"718,947",100% bullish,of 7 ratings,$10
ARWAR,NULL,1440879319570,0,Not yet rated,NULL,N/A
DWAT,$9.98,1440879319651,"2,550",100% bearish,of 1 rating,N/A
AROW,$27.26,1440879319781,"13,804",Not yet rated,NULL,N/A
ARRS,$26.82,1440879319808,"723,865",50% bullish,of 2 ratings,$38
ARWR,$5.77,1440879319835,"437,585",75% bullish,of 4 ratings,$10.50
ARTNA,$22.24,1440879319865,"8,516",100% bearish,of 1 rating,$29
ASBB,$24.2,1440879320082,191,Not yet rated,NULL,N/A
ARTW,$4.27,1440879320128,"1,665",75% bearish,of 4 ratings,N/A
ASND,$19.17,1440879320218,"58,087",50% bullish,of 2 ratings,$30
APWC,$1.91,1440879320257,"1,704",100% bearish,of 1 rating,N/A
ASNA,$12,1440879320285,"3,325,555",50% bullish,of 2 ratings,$18
ASCMA,$27.4,1440879320319,"54,550",100% bearish,of 1 rating,$45
ASTI,$0.1027,1440879320349,"1,274,925",83% bullish,of 6 ratings,$3
ASMI,NULL,1440879320371,0,NULL,NULL,NULL
ASML,$91.98,1440879320420,"376,653",50% bullish,of 4 ratings,$127
ASMB,$13.33,1440879320685,"40,085",67% bullish,of 3 ratings,N/A
ASFI,$8.9,1440879320710,"6,440",100% bullish,of 1 rating,N/A
AZPN,$37.9,1440879320735,"471,280",50% bullish,of 2 ratings,$42
ASTE,$37.12,1440879320765,"59,288",100% bearish,of 1 rating,$48
ATRO,$52.84,1440879320865,"104,448",100% bearish,of 2 ratings,$80
ASTC,$2.07,1440879320891,"13,827",100% bullish,of 5 ratings,N/A
ALOT,$13.97,1440879320916,"5,000",100% bearish,of 1 rating,N/A
ATRA,$40.22,1440879321123,"86,077",50% bullish,of 2 ratings,$68
AFCB,$26.58,1440879321154,43,Not yet rated,NULL,N/A
ATHN,$134.56,1440879321180,"144,558",67% bearish,of 3 ratings,$153
AAPC,$10.1,1440879321256,524,Not yet rated,NULL,N/A
AAME,$3.51,1440879321317,"1,614",Not yet rated,NULL,N/A
ATAI,$2.53,1440879321350,"5,759",100% bearish,of 1 rating,N/A
ATHX,$1.15,1440879321378,"150,153",89% bullish,of 9 ratings,$5
ASUR,$5.97,1440879321452,"1,342",50% bullish,of 2 ratings,$8
ACFC,$5.59,1440879321557,"23,302",100% bearish,of 1 rating,$6.50
ATNI,$71.89,1440879321693,"30,836",100% bearish,of 1 rating,$69.50
ATLC,$3.82,1440879321796,"1,000",67% bullish,of 3 ratings,N/A
ATML,$8.21,1440879321840,"5,323,862",78% bullish,of 9 ratings,$9.50
AAWW,$41.57,1440879321865,"344,090",50% bullish,of 2 ratings,$65
ATRM,$2.83,1440879321924,"5,169",50% bullish,of 2 ratings,N/A
ATOS,$0.76,1440879321954,"146,526",100% bullish,of 7 ratings,$7
AFH,$16.25,1440879321975,"45,444",Not yet rated,NULL,$21.50
ATTU,$13.2582,1440879322024,"43,316",100% bearish,of 1 rating,$20.50
ATRC,$25.5,1440879322115,"75,032",100% bullish,of 1 rating,$30
ATRI,$390.57,1440879322168,"1,710",Not yet rated,NULL,N/A
AUBN,$26.68,1440879322306,652,Not yet rated,NULL,N/A
AUDC,$3.34,1440879322336,"41,046",80% bullish,of 5 ratings,$5
LIFE,$14.79,1440879322357,"59,987",86% bullish,of 7 ratings,$43
AUPH,$3.03,1440879322411,"48,213",100% bearish,of 1 rating,$8
EARS,$4.86,1440879322543,"61,876",100% bearish,of 2 ratings,$11.50
ADAT,$0.2901,1440879322568,"286,619",100% bullish,of 2 ratings,N/A
ADSK,$47.52,1440879322700,"7,664,747",67% bullish,of 6 ratings,$69.50
ADP,$78.41,1440879322729,"1,833,355",100% bearish,of 1 rating,$88
ABTL,$17.48,1440879322765,"56,816",100% bullish,of 4 ratings,$20.25
AAVL,$10.78,1440879322827,"281,210",100% bearish,of 1 rating,$20
AVEO,$1.42,1440879322858,"525,234",75% bullish,of 8 ratings,$3
AVGO,$127.49,1440879322885,"2,365,644",88% bullish,of 8 ratings,$165
AVNU,$12.35,1440879323087,"4,686",Not yet rated,NULL,$14
AVNW,$1.13,1440879323138,"120,526",50% bullish,of 2 ratings,$2.20
AVGR,$14.96,1440879323164,"28,648",100% bearish,of 1 rating,$20
AVID,$8.51,1440879323185,"262,047",100% bearish,of 1 rating,$20
CAR,$43.59,1440879323236,"772,875",80% bullish,of 5 ratings,$60
AWRE,$3.18,1440879323370,"9,746",67% bullish,of 3 ratings,N/A
ACLS,$3.17,1440879323395,"211,572",67% bullish,of 6 ratings,$4.75
AXGN,$4.88,1440879323570,"266,524",Not yet rated,NULL,$5
RILY,NULL,1440879323620,0,Not yet rated,NULL,N/A
AXTI,$2.2,1440879323649,"30,041",50% bullish,of 2 ratings,$2.75
AXPW,$1.06,1440879323670,"50,386",83% bullish,of 6 ratings,N/A
AXPWW,NULL,1440879323702,0,Not yet rated,NULL,N/A
BCOM,$18.86,1440879323723,80,100% bearish,of 1 rating,N/A
BOSC,$2.17,1440879323852,"2,700",50% bullish,of 2 ratings,N/A
BCPC,$58.23,1440879323985,"129,590",100% bearish,of 1 rating,$75
BEAV,$49.39,1440879324056,"564,180",67% bearish,of 3 ratings,$59
BIDU,$152.41,1440879324116,"2,202,325",81% bullish,of 88 ratings,$210
BLDP,$1.28,1440879324144,"333,343",91% bullish,of 22 ratings,$2.50
BWINA,NULL,1440879324164,0,Not yet rated,NULL,N/A
BWINB,$23.05,1440879324196,"5,630",Not yet rated,NULL,N/A
BANF,$59.87,1440879324331,"10,874",Not yet rated,NULL,$68
BOCH,$5.75,1440879324464,"7,098",Not yet rated,NULL,$6.50
BANFP,NULL,1440879324491,0,Not yet rated,NULL,N/A
BKMU,$7.2,1440879324515,"106,117",Not yet rated,NULL,$8
BMRC,$47.78,1440879324548,"6,078",Not yet rated,NULL,$52
BOTJ,$10.93,1440879324648,51,Not yet rated,NULL,N/A
OZRK,$41.65,1440879324737,"340,296",67% bullish,of 3 ratings,$49.50
BKSC,$16.38,1440879324762,"1,895",Not yet rated,NULL,N/A
BFIN,$11.98,1440879324930,"805,971",Not yet rated,NULL,$13
BWFG,$17.89,1440879324964,"86,221",100% bearish,of 1 rating,N/A
BANR,$43.67,1440879324989,"52,487",100% bullish,of 3 ratings,$50
BZUN,$5.29,1440879325139,"324,008",50% bullish,of 2 ratings,$11.50
TAPR,$31.36,1440879325166,"1,065",100% bearish,of 1 rating,N/A
BHACR,NULL,1440879325191,0,Not yet rated,NULL,N/A
BHAC,$9.81,1440879325242,400,Not yet rated,NULL,N/A
BHACU,NULL,1440879325321,0,Not yet rated,NULL,N/A
BSET,$28.97,1440879325372,"65,844",100% bearish,of 1 rating,$35
BHACW,NULL,1440879325457,0,Not yet rated,NULL,N/A
BBSI,$35.46,1440879325486,"44,948",67% bearish,of 3 ratings,$62.50
BYBK,$4.88,1440879325514,"12,262",100% bearish,of 1 rating,N/A
BYLK,$12.75,1440879325535,"3,944",Not yet rated,NULL,$14
BBCN,$14.41,1440879325747,"235,503",100% bearish,of 1 rating,$16
BV,$5.16,1440879325775,"390,911",67% bullish,of 6 ratings,$9
BCBP,$11.51,1440879325796,"2,786",Not yet rated,NULL,N/A
BDCV,$4.92,1440879325928,"8,428",100% bearish,of 1 rating,$10.19
BSF,$8.56,1440879325955,"14,316",Not yet rated,NULL,N/A
BECN,$35.38,1440879325980,"319,053",50% bullish,of 2 ratings,$40
BBGI,$4.07,1440879326084,514,100% bearish,of 1 rating,N/A
BEBE,$1.35,1440879326142,"2,507,789",75% bullish,of 4 ratings,$3.075
BELFA,$16.95,1440879326175,24,100% bearish,of 1 rating,N/A
BBBY,$62.32,1440879326351,"1,490,780",71% bullish,of 7 ratings,$75
BELFB,$17.97,1440879326380,"23,081",100% bearish,of 1 rating,N/A
BNCL,$12.42,1440879326439,"203,255",100% bullish,of 3 ratings,$12.50
BNFT,$36.35,1440879326526,"83,611",67% bullish,of 3 ratings,$46
BLPH,$5.04,1440879326557,"6,129",100% bearish,of 1 rating,$12.50
BLCM,$17.34,1440879326578,"156,508",50% bullish,of 4 ratings,$40
BNTC,$7.9937,1440879326608,"46,904",100% bullish,of 1 rating,N/A
BGCP,$8.735,1440879326753,"654,941",88% bullish,of 8 ratings,$14
BGFV,$11.1,1440879326840,"86,024",57% bullish,of 7 ratings,$12
ORPN,$5.97,1440879326935,"20,587",100% bullish,of 1 rating,$28.50
BASI,$1.6,1440879326965,"3,810",Not yet rated,NULL,N/A
BIND,$4.45,1440879327005,"49,598",75% bullish,of 4 ratings,$13.50
BGMD,$0.7251,1440879327066,"219,421",100% bullish,of 10 ratings,N/A
BCDA,NULL,1440879327143,0,Not yet rated,NULL,N/A
BIOC,$1.98,1440879327210,"102,773",83% bullish,of 6 ratings,$3.85
BCRX,$11.42,1440879327270,"314,110",63% bullish,of 8 ratings,$18
BIIB,$303.69,1440879327363,"1,407,281",88% bullish,of 16 ratings,$400
BDSI,$6.87,1440879327389,"493,039",88% bullish,of 8 ratings,$17
BIOD,$0.6435,1440879327420,"49,279",80% bullish,of 5 ratings,$4
BIOL,$1.43,1440879327466,"19,466",Not yet rated,NULL,N/A
BMRN,$132.0147,1440879327631,"575,644",80% bullish,of 5 ratings,$160
BLFS,$1.98,1440879327664,"21,237",100% bearish,of 1 rating,$4.75
BLRX,$1.53,1440879327735,"208,226",100% bullish,of 12 ratings,$5
BVXV,$3.6325,1440879327766,"2,361",Not yet rated,NULL,N/A
BVXVW,$0.7,1440879327786,300,100% bearish,of 1 rating,N/A
BPTH,$1.11,1440879327870,"55,103",100% bullish,of 2 ratings,$5
BRLI,NULL,1440879327916,0,NULL,NULL,NULL
BIOS,$2.46,1440879328049,"689,760",71% bullish,of 7 ratings,$4
BBC,$31.95,1440879328111,"9,881",Not yet rated,NULL,N/A
BSTC,$52.12,1440879328185,"40,800",100% bearish,of 1 rating,$76
BOTA,$2.18,1440879328264,"25,205",88% bullish,of 8 ratings,N/A
BBP,$33.4,1440879328296,"19,508",Not yet rated,NULL,N/A
BSPM,$0.67,1440879328349,"65,101",50% bullish,of 2 ratings,N/A
TECH,$96.5,1440879328397,"280,906",100% bullish,of 1 rating,$117
BEAT,$14.67,1440879328458,"218,630",67% bearish,of 3 ratings,$15
BITI,$17.095,1440879328531,"19,344",100% bullish,of 1 rating,$28
BDMS,$12.64,1440879328594,84,100% bearish,of 1 rating,N/A
BJRI,$44.26,1440879328663,"170,972",50% bullish,of 2 ratings,$55
BBOX,$15.07,1440879328728,"96,363",100% bearish,of 1 rating,N/A
BLKB,$57.86,1440879328755,"156,655",100% bearish,of 2 ratings,$66
BDE,$7.5,1440879328827,"75,507",50% bullish,of 2 ratings,$9
BBRY,$7.32,1440879328856,"3,500,684",61% bullish,of 330 ratings,$9
HAWK,$40.26,1440879328962,"239,630",91% bullish,of 11 ratings,$49
BKCC,$9.304,1440879328996,"302,275",50% bullish,of 2 ratings,$10
ADRD,$22.21,1440879329200,"11,305",100% bearish,of 1 rating,N/A
ADRU,$21.9113,1440879329233,"1,280",100% bearish,of 1 rating,N/A
ADRA,$27.5,1440879329288,"2,800",100% bearish,of 1 rating,N/A
ADRE,$30.08,1440879329321,"10,155",100% bearish,of 1 rating,N/A
BCOR,$13.81,1440879329368,"189,735",57% bullish,of 7 ratings,$15
BLMN,$20.51,1440879329416,"1,243,002",83% bullish,of 6 ratings,$27.50
BLBD,$11.96,1440879329503,"9,660",Not yet rated,NULL,N/A
BUFF,$26.31,1440879329534,"184,065",83% bullish,of 12 ratings,$31.50
BBLU,$0.78,1440879329563,"112,994",100% bullish,of 2 ratings,$4.43
BHBK,$13.84,1440879329589,"32,621",100% bullish,of 1 rating,$14.50
NILE,$34.3,1440879329633,"81,168",50% bullish,of 2 ratings,$34
BKEPP,$7.61,1440879329839,"6,200",100% bearish,of 1 rating,N/A
BLUE,$137.47,1440879329871,"296,264",71% bullish,of 7 ratings,$217.50
BKEP,$6.34,1440879329897,"19,498",100% bearish,of 1 rating,$8.50
BPMC,$26.84,1440879329973,"69,527",50% bullish,of 2 ratings,$47.50
BNCN,$20.56,1440879330028,"117,776",Not yet rated,NULL,$24
BOBE,$43.6,1440879330077,"117,836",75% bullish,of 4 ratings,$57
BOFI,$117.62,1440879330130,"213,540",100% bullish,of 6 ratings,$144
BOJA,$21.44,1440879330216,"58,055",100% bullish,of 1 rating,$30
BONA,$11.64,1440879330355,"107,333",75% bullish,of 4 ratings,$8.50
BAMM,$3.1,1440879330389,"24,796",60% bullish,of 5 ratings,N/A
BOKF,$62.3925,1440879330420,"164,013",100% bearish,of 1 rating,$69
BPFH,$11.79,1440879330488,"250,539",100% bearish,of 1 rating,$14
WIFI,$7.62,1440879330513,"145,572",50% bullish,of 2 ratings,$13.50
BNSO,$1.31,1440879330546,630,100% bearish,of 1 rating,N/A
BPFHP,$24.85,1440879330648,"11,250",100% bearish,of 1 rating,N/A
BPFHW,$5.15,1440879330802,"3,330",100% bearish,of 1 rating,N/A
EPAY,$26.94,1440879330852,"177,935",100% bearish,of 2 ratings,$30
BDBD,$8.39,1440879330935,"451,957",60% bullish,of 5 ratings,$10
BCLI,$3.04,1440879330964,"50,501",80% bullish,of 5 ratings,$12
BBRG,$12.72,1440879331021,"69,040",67% bullish,of 3 ratings,$14.50
BBEP,$2.94,1440879331065,"2,796,108",69% bullish,of 13 ratings,$5.625
BBEPP,$13.4,1440879331179,"61,890",100% bearish,of 1 rating,N/A
BDGE,$26.21,1440879331290,"17,166",Not yet rated,NULL,$31.75
BCOV,$5.32,1440879331336,"68,688",67% bullish,of 3 ratings,$10.20
BRCM,$51.79,1440879331423,"2,529,830",75% bullish,of 12 ratings,$56
BRID,NULL,1440879331465,0,100% bearish,of 1 rating,N/A
BLIN,$1.36,1440879331499,"5,087",100% bullish,of 2 ratings,$2.20
BYFC,$1.36,1440879331555,"5,967",50% bullish,of 2 ratings,N/A
BVSN,$6.01,1440879331607,"13,669",60% bearish,of 5 ratings,N/A
BSFT,$31.63,1440879331633,"88,378",57% bullish,of 7 ratings,$40.50
BWEN,$3.18,1440879331865,"34,309",100% bullish,of 3 ratings,$8
BRKS,$10.41,1440879331955,"127,627",67% bullish,of 3 ratings,$15.25
BRCD,$10.553,1440879332011,"2,104,384",92% bullish,of 13 ratings,$11.50
BRKL,$10.51,1440879332037,"272,340",100% bearish,of 1 rating,$10.75
BMTC,$29.2,1440879332059,"98,064",Not yet rated,NULL,$34
BRKR,$18.4692,1440879332094,"392,981",100% bearish,of 2 ratings,$22
BSQR,$6.15,1440879332188,"55,497",67% bullish,of 3 ratings,N/A
BLMT,$20.6,1440879332271,"11,270",Not yet rated,NULL,N/A
BLDR,$14.48,1440879332358,"484,766",67% bullish,of 3 ratings,$22
BUR,$1.74,1440879332391,"6,743",100% bearish,of 1 rating,$8
CHRW,$67.2467,1440879332490,"1,365,634",Not yet rated,NULL,$72
BWLD,$194.06,1440879332520,"166,257",82% bullish,of 11 ratings,$205
CFFI,$36.19,1440879332597,"7,589",100% bearish,of 1 rating,N/A
CA,$27.26,1440879332631,"2,293,564",50% bullish,of 4 ratings,$33
CDNS,$20.14,1440879332730,"1,265,237",75% bullish,of 4 ratings,$22.50
CDZI,$8.14,1440879332814,"84,491",100% bearish,of 1 rating,N/A
CCMP,$43.53,1440879332843,"79,642",50% bullish,of 2 ratings,$59
CZR,$9.17,1440879333005,"738,436",60% bearish,of 5 ratings,$10.50
PRSS,$4.55,1440879333082,"10,528",80% bullish,of 5 ratings,$4.50
CACQ,$7.53,1440879333112,"56,359",100% bearish,of 1 rating,$12.25
CSTE,$40.5,1440879333142,"114,834",50% bullish,of 2 ratings,$65
CLBS,$1.44,1440879333168,"118,591",79% bullish,of 14 ratings,$4
CLMS,$10.61,1440879333196,"65,837",Not yet rated,NULL,$10.50
CHY,$11.47,1440879333246,"160,991",Not yet rated,NULL,N/A
CCD,$19.38,1440879333439,"81,611",Not yet rated,NULL,N/A
CFGE,NULL,1440879333606,0,Not yet rated,NULL,N/A
CHI,$10.6,1440879333635,"101,782",100% bearish,of 1 rating,N/A
CHW,$7.64,1440879333662,"278,918",100% bearish,of 1 rating,N/A
CSQ,$9.96,1440879333691,"222,801",Not yet rated,NULL,N/A
CGO,$12.01,1440879333719,"13,619",100% bearish,of 1 rating,N/A
CAMP,$16.59,1440879333745,"249,483",88% bullish,of 8 ratings,$25
CVGW,$59.23,1440879333797,"104,521",50% bullish,of 2 ratings,$58.50
CFNB,$13.31,1440879333873,301,100% bearish,of 1 rating,N/A
CALD,$15.94,1440879334047,"214,263",100% bearish,of 1 rating,$21
CAMB,$9.95,1440879334182,"3,000",Not yet rated,NULL,N/A
CLMT,$26.1156,1440879334208,"157,345",75% bullish,of 8 ratings,$31
CALM,$50.25,1440879334238,"273,365",80% bullish,of 5 ratings,$65
CAMBU,NULL,1440879334265,0,100% bearish,of 1 rating,N/A
ABCD,$5.28,1440879334287,"155,994",83% bullish,of 6 ratings,N/A
CALA,$5.78,1440879334337,"350,686",100% bullish,of 3 ratings,$19.50
CAMBW,NULL,1440879334497,0,Not yet rated,NULL,N/A
CAC,$40.25,1440879334525,"5,351",Not yet rated,NULL,N/A
CAMT,$2.72,1440879334631,"11,795",73% bullish,of 11 ratings,$4
CGIX,$9.96,1440879334663,"20,078",67% bullish,of 3 ratings,$14.375
CPHC,$10.3,1440879334761,"1,608",100% bearish,of 1 rating,N/A
CBNJ,$11.09,1440879334800,"17,605",100% bullish,of 1 rating,N/A
CPLA,$49.2,1440879334843,"111,385",67% bearish,of 3 ratings,$65
CBF,$29.0025,1440879334871,"163,441",Not yet rated,NULL,$32
CSIQ,$18.9253,1440879334896,"1,536,120",86% bullish,of 28 ratings,$42.50
CPLP,$6.85,1440879335026,"246,034",71% bullish,of 7 ratings,$11
CCBG,$14.99,1440879335159,"18,070",Not yet rated,NULL,$17.25
CSWC,$45.86,1440879335185,"14,727",Not yet rated,NULL,N/A
CFFN,$12.03,1440879335213,"444,730",Not yet rated,NULL,$12.75
CPTA,$13.69,1440879335245,"45,514",100% bearish,of 1 rating,$18.50
CAPNW,NULL,1440879335346,0,Not yet rated,NULL,N/A
CAPN,$2.27,1440879335376,"216,917",100% bullish,of 1 rating,$10.85
CAPR,$4.28,1440879335401,"3,636",Not yet rated,NULL,$12
CPST,$0.4182,1440879335562,"1,396,611",95% bullish,of 22 ratings,$1.25
CARB,$11.28,1440879335624,"80,399",75% bullish,of 4 ratings,$12
CARA,$19.25,1440879335692,"104,767",50% bullish,of 4 ratings,$25
CFNL,$21.88,1440879335725,"97,527",Not yet rated,NULL,$24
CRDC,$0.37,1440879335823,"98,459",100% bullish,of 1 rating,$1.25
CSII,$24.24,1440879335853,"97,779",100% bearish,of 2 ratings,$42.125
CBYL,$5.38,1440879335880,"28,815",100% bearish,of 1 rating,$20
CATM,$34.65,1440879335907,"145,056",100% bearish,of 1 rating,$44
CRME,$8.86,1440879335928,"6,283",89% bullish,of 9 ratings,$11.25
CDNA,$6.86,1440879336059,"9,849",100% bearish,of 1 rating,$9
CTRE,$11.32,1440879336121,"366,158",50% bullish,of 2 ratings,$13.50
CKEC,$23.45,1440879336146,"112,092",50% bullish,of 2 ratings,$35.915
CECO,$3.78,1440879336187,"325,880",67% bearish,of 3 ratings,$6
CLBH,$12.7,1440879336219,"1,504",Not yet rated,NULL,$16.50
CART,$5.35,1440879336325,"1,687",100% bearish,of 1 rating,N/A
CARO,$15.52,1440879336377,686,100% bearish,of 1 rating,$19
CRTN,$2.49,1440879336536,"4,420",100% bearish,of 1 rating,N/A
CARV,$7,1440879336561,"3,573",50% bullish,of 2 ratings,N/A
TAST,$12.68,1440879336632,"294,920",Not yet rated,NULL,$14.25
CSCD,$14.97,1440879336709,"29,328",100% bullish,of 2 ratings,$17
CRZO,$35.27,1440879336758,"1,680,807",67% bearish,of 3 ratings,$55
CASM,$1.13,1440879336814,"169,953",100% bullish,of 1 rating,$3.50
CWST,$6.25,1440879336852,"94,168",50% bullish,of 2 ratings,$7.25
CACB,$5.28,1440879336877,"28,460",Not yet rated,NULL,$5.50
CASI,$1.45,1440879337012,"16,210",100% bullish,of 1 rating,$3.50
CASS,$48.74,1440879337043,"12,195",100% bearish,of 1 rating,N/A
CASY,$106.08,1440879337071,"164,558",50% bullish,of 2 ratings,$99.50
CATB,$12.3,1440879337144,"12,584",100% bearish,of 1 rating,$28
CPRX,$3.64,1440879337278,"252,829",71% bullish,of 7 ratings,$7
CATY,$29.47,1440879337330,"526,220",100% bearish,of 1 rating,$33.50
CATYW,NULL,1440879337354,0,100% bearish,of 1 rating,N/A
CNLM,$9.92,1440879337528,"5,100",Not yet rated,NULL,N/A
CAVM,$68.35,1440879337579,"259,220",67% bearish,of 3 ratings,$72
CVCO,$71.58,1440879337605,"22,860",100% bearish,of 1 rating,N/A
CBFV,$20.23,1440879337636,"1,904",Not yet rated,NULL,$25
CDK,$49.69,1440879337738,"401,908",67% bearish,of 3 ratings,$50
CNLMU,NULL,1440879337830,0,100% bullish,of 1 rating,N/A
CNLMW,NULL,1440879337927,0,Not yet rated,NULL,N/A
CNLMR,NULL,1440879337963,0,Not yet rated,NULL,N/A
CBOE,$63.82,1440879338002,"270,550",Not yet rated,NULL,$60
CECE,$9.72,1440879338030,"43,721",50% bullish,of 2 ratings,$16
CDW,$39.95,1440879338065,"682,521",75% bullish,of 4 ratings,$44
CPXX,$2.09,1440879338090,"73,775",100% bullish,of 2 ratings,$7
CELG,$123.72,1440879338173,"3,113,278",92% bullish,of 13 ratings,$155.50
CELGZ,$1.84,1440879338407,130,80% bullish,of 5 ratings,N/A
CLDX,$15.36,1440879338432,"795,869",89% bullish,of 9 ratings,$36
CLDN,$1.11,1440879338457,"380,623",71% bullish,of 7 ratings,$3
CLRB,$3.07,1440879338600,"3,191",100% bearish,of 1 rating,N/A
CLRBW,NULL,1440879338645,0,Not yet rated,NULL,N/A
CLLS,$33.23,1440879338676,"43,557",75% bullish,of 4 ratings,$51.50
CBMG,$23.56,1440879338780,"38,037",50% bullish,of 2 ratings,N/A
CLSN,$2.06,1440879338810,"73,145",80% bullish,of 10 ratings,$7.50
CYAD,NULL,1440879338836,0,100% bullish,of 1 rating,$87.50
CEMP,$35.8,1440879338863,"347,148",71% bullish,of 7 ratings,$52
CLTX,$2.42,1440879338908,"133,553",100% bullish,of 2 ratings,N/A
CETX,$2.36,1440879338994,"4,400",Not yet rated,NULL,$5.60
CSFL,$13.59,1440879339040,"87,153",Not yet rated,NULL,$15
CFBK,$1.37,1440879339174,"2,096",Not yet rated,NULL,N/A
CETV,$2.14,1440879339201,"134,612",67% bullish,of 3 ratings,$2.80
CENT,$12.18,1440879339337,"51,466",Not yet rated,NULL,$10
CENTA,$12.55,1440879339413,"406,884",Not yet rated,NULL,N/A
CNTY,$5.65,1440879339468,"30,032",80% bullish,of 5 ratings,$7.75
CNBKA,$41.6,1440879339496,"1,243",50% bullish,of 2 ratings,N/A
CVCY,$11.26,1440879339523,"19,319",Not yet rated,NULL,$12
CENX,$5.51,1440879339549,"2,154,129",67% bullish,of 6 ratings,$9
CRNT,$1.43,1440879339571,"82,256",50% bullish,of 2 ratings,$2
CERN,$63.13,1440879339706,"1,747,634",67% bullish,of 3 ratings,$79
CERU,$3.78,1440879339811,"42,073",75% bullish,of 4 ratings,$15
CERE,$1.14,1440879339904,"230,627",88% bullish,of 8 ratings,N/A
CERS,$4.85,1440879339937,"305,160",75% bullish,of 4 ratings,$7
CPHD,$50.36,1440879339973,"387,374",67% bearish,of 3 ratings,$66.50
CEVA,$19.13,1440879340001,"98,749",100% bearish,of 1 rating,$25
KOOL,$0.67,1440879340040,"40,840",100% bullish,of 5 ratings,$7
CYOU,$20.64,1440879340138,"99,352",50% bullish,of 6 ratings,$24
HOTR,$1.42,1440879340246,"119,259",100% bullish,of 2 ratings,$5
CTHR,$1.3,1440879340285,"7,326",50% bullish,of 2 ratings,$2.50
CHTR,$180.1921,1440879340332,"506,492",100% bearish,of 2 ratings,$196
CHKP,$78.7204,1440879340519,"690,963",50% bullish,of 4 ratings,$92
GTLS,$24.36,1440879340550,"352,866",50% bullish,of 4 ratings,$40
HOTRW,NULL,1440879340616,0,Not yet rated,NULL,N/A
CHEK,$2.1,1440879340641,"3,047",Not yet rated,NULL,$7.75
CHEKW,NULL,1440879340668,0,Not yet rated,NULL,N/A
CHFN,$12.38,1440879340696,"17,917",Not yet rated,NULL,$14
CEMI,$4.25,1440879340869,"18,500",50% bullish,of 2 ratings,$7.50
CHFC,$31.4,1440879340925,"83,177",100% bearish,of 1 rating,$36
CHMG,$26.15,1440879340999,520,Not yet rated,NULL,$30
CCXI,$6.5,1440879341067,"58,200",67% bullish,of 3 ratings,$14
CHKE,$25.46,1440879341132,"11,637",100% bearish,of 1 rating,$32.50
CHEV,$14.42,1440879341167,"2,230",Not yet rated,NULL,N/A
CHMA,$25.42,1440879341263,"56,946",Not yet rated,NULL,$40
PLCE,$59.63,1440879341295,"171,366",100% bearish,of 1 rating,$69
CMRX,$50.48,1440879341332,"233,277",50% bullish,of 2 ratings,$57
CADC,NULL,1440879341400,0,78% bullish,of 9 ratings,N/A
CALI,$0.89,1440879341492,"13,298",67% bullish,of 3 ratings,N/A
CAAS,$6.55,1440879341617,"22,438",93% bullish,of 14 ratings,$11.50
CCCL,$0.783,1440879341647,"8,319",100% bullish,of 6 ratings,N/A
CBNK,$16.25,1440879341674,"7,266",100% bearish,of 1 rating,N/A
CBPO,$99.9369,1440879341752,"135,210",75% bullish,of 8 ratings,$140.50
CBAK,$2.02,1440879341804,"47,677",67% bullish,of 9 ratings,N/A
CCCR,$0.79,1440879341857,"1,440",67% bearish,of 3 ratings,N/A
JRJC,$3.64,1440879341902,"75,212",82% bullish,of 11 ratings,N/A
CHOP,$1.16,1440879341995,"3,443",50% bullish,of 2 ratings,N/A
HGSH,$1.81,1440879342020,"5,114",67% bullish,of 3 ratings,N/A
CNIT,$1.37,1440879342048,"110,498",67% bullish,of 6 ratings,N/A
CJJD,$1.87,1440879342269,"12,291",100% bullish,of 1 rating,N/A
CHNR,$1.57,1440879342297,"4,716",100% bearish,of 1 rating,N/A
HTHT,$25.57,1440879342332,"81,705",50% bullish,of 2 ratings,$28.40
CHLN,$1.99,1440879342362,"5,524",67% bullish,of 3 ratings,N/A
CREG,$0.7,1440879342428,"37,457",100% bullish,of 3 ratings,N/A
CPGI,NULL,1440879342497,0,Not yet rated,NULL,N/A
CSUN,$1.48,1440879342675,"12,166",80% bullish,of 5 ratings,N/A
CCIH,$7.31,1440879342705,"195,215",67% bullish,of 6 ratings,$12.65
CNTF,$0.804,1440879342750,"91,538",Not yet rated,NULL,N/A
CNYD,$3.35,1440879342809,"14,299",67% bullish,of 3 ratings,N/A
CXDC,$5.72,1440879342887,"37,730",67% bearish,of 3 ratings,N/A
CNET,$0.898,1440879342942,"40,200",50% bullish,of 2 ratings,N/A
CHSCL,$27.01,1440879342990,"14,960",Not yet rated,NULL,N/A
CHSCN,$27.27,1440879343022,"2,175",Not yet rated,NULL,N/A
CHSCM,$26.12,1440879343126,"14,760",Not yet rated,NULL,N/A
IMOS,$18.56,1440879343158,"157,340",60% bullish,of 5 ratings,$21.50
CHSCP,$30.51,1440879343183,"4,500",Not yet rated,NULL,N/A
CHDN,$133.5,1440879343255,"100,896",Not yet rated,NULL,$165
CHUY,$31.57,1440879343351,"143,174",50% bullish,of 2 ratings,$34
CHSCO,$28.31,1440879343380,"2,888",Not yet rated,NULL,N/A
CDTX,$14.67,1440879343479,"15,045",Not yet rated,NULL,$22
CIFC,$7.04,1440879343513,"4,824",100% bearish,of 1 rating,N/A
CMPR,$73.46,1440879343644,"272,387",50% bullish,of 2 ratings,$72.50
CMCT,$15.3899,1440879343711,200,100% bearish,of 1 rating,N/A
CINF,$52.79,1440879343738,"561,411",50% bullish,of 4 ratings,$50.50
CIDM,$0.5736,1440879343760,"95,380",50% bullish,of 2 ratings,$2.10
CTAS,$85.3785,1440879343792,"330,304",100% bearish,of 1 rating,$91
CPHR,$5.33,1440879343888,"49,892",100% bearish,of 1 rating,$17
CTRN,$26.73,1440879343963,"81,046",100% bearish,of 1 rating,$31.50
CRUS,$30.21,1440879344025,"732,197",75% bullish,of 12 ratings,$44.50
CZWI,$8.97,1440879344394,974,Not yet rated,NULL,N/A
CZNC,$19.84,1440879344443,"9,181",Not yet rated,NULL,N/A
CZFC,NULL,1440879344464,0,Not yet rated,NULL,N/A
CSCO,$26.02,1440879344492,"21,265,874",84% bullish,of 209 ratings,$32
CTXS,$68.69,1440879344621,"1,229,256",86% bullish,of 7 ratings,$80
CIZN,$19.33,1440879344658,"2,439",Not yet rated,NULL,N/A
CHCO,$47.25,1440879344717,"42,647",Not yet rated,NULL,$46
CIVBP,$33.21,1440879344749,353,Not yet rated,NULL,N/A
CDTI,$1.61,1440879344784,"54,168",75% bullish,of 4 ratings,$3.20
CLNT,$1.5,1440879344809,"17,654",75% bullish,of 8 ratings,N/A
CIVB,$10.07,1440879344834,"6,435",Not yet rated,NULL,$11
CLFD,$17.21,1440879345116,"38,655",67% bullish,of 3 ratings,$18
CBLI,$3.8,1440879345142,"30,681",60% bullish,of 5 ratings,N/A
CLNE,$5.18,1440879345272,"972,530",80% bullish,of 15 ratings,$9
CLRO,$11.51,1440879345319,"4,079",50% bullish,of 2 ratings,$14.25
CLIR,$4.67,1440879345400,"79,948",100% bullish,of 3 ratings,N/A
CMFN,$11.17,1440879345451,"26,820",100% bearish,of 1 rating,$15.50
CME,$94.62,1440879345487,"1,009,749",67% bullish,of 3 ratings,$102
CSBK,$13.62,1440879345515,"66,040",Not yet rated,NULL,N/A
CISG,$7.81,1440879345546,"67,936",100% bullish,of 5 ratings,$10
CLVS,$80.54,1440879345580,"406,345",60% bullish,of 5 ratings,$101.50
CCNE,$16.98,1440879345645,"9,188",50% bullish,of 2 ratings,$21.50
COKE,$157.56,1440879345859,"23,920",79% bullish,of 19 ratings,N/A
CNV,$4.43,1440879345885,"28,444",50% bullish,of 2 ratings,$7.15
CDRB,$13.97,1440879345913,"24,525",67% bullish,of 3 ratings,N/A
COBZ,$12.84,1440879345942,"40,728",100% bullish,of 1 rating,$14
CWAY,$11.11,1440879346017,"4,726",Not yet rated,NULL,N/A
CDXS,$3.8,1440879346219,"19,698",64% bullish,of 11 ratings,$6
JVA,$4.63,1440879346345,"11,572",83% bullish,of 6 ratings,$7
CVLY,$20.32,1440879346397,722,Not yet rated,NULL,N/A
CGNT,$1.53,1440879346428,"56,889",100% bullish,of 2 ratings,$2
CGNX,$35.49,1440879346460,"359,217",50% bullish,of 2 ratings,$47
COHR,$57.83,1440879346486,"78,704",50% bullish,of 2 ratings,$72
CHRS,$28.98,1440879346526,"79,672",67% bearish,of 3 ratings,$37
CTSH,$63.72,1440879346557,"2,758,536",90% bullish,of 10 ratings,$75
COHU,$9.65,1440879346626,"127,716",100% bearish,of 1 rating,$14.25
CLRX,$0.54,1440879346775,"44,213",50% bullish,of 2 ratings,N/A
CLCT,$18.27,1440879346819,"26,386",100% bearish,of 1 rating,N/A
CCOI,$27.46,1440879346844,"445,468",50% bullish,of 4 ratings,$35
COLL,$15.34,1440879346871,"40,817",100% bearish,of 1 rating,$26
CIGI,$43.29,1440879346906,"40,937",100% bearish,of 1 rating,$52
CBAN,$8.75,1440879347132,"1,516",Not yet rated,NULL,N/A
CMCO,$18.73,1440879347164,"73,520",60% bullish,of 5 ratings,$28
COLM,$60.64,1440879347199,"88,479",100% bearish,of 1 rating,$71
CLCD,$6.63,1440879347220,"68,876",100% bearish,of 1 rating,$20.50
COLB,$30.05,1440879347298,"150,126",Not yet rated,NULL,$36
CBMX,$1.1,1440879347325,"19,525",83% bullish,of 6 ratings,$3.15
CBSH,$44.5989,1440879347382,"229,533",50% bullish,of 2 ratings,$46
CMCSA,$56.77,1440879347467,"7,743,132",66% bullish,of 35 ratings,$69.50
CMCSK,$57.62,1440879347519,"1,941,868",Not yet rated,NULL,$84
CBSHP,$25.42,1440879347648,"26,034",100% bearish,of 1 rating,N/A
CUBN,NULL,1440879347708,0,Not yet rated,NULL,N/A
COMM,$31.9,1440879347792,"725,355",67% bearish,of 3 ratings,$35
ESXB,$5.06,1440879347838,"3,468",Not yet rated,NULL,N/A
CVGI,$4.96,1440879347925,"43,835",50% bullish,of 2 ratings,$6
CYHHZ,$0.01,1440879347994,"76,000",100% bullish,of 1 rating,N/A
CSAL,$20.6041,1440879348025,"433,349",75% bullish,of 4 ratings,$30
JCS,$8.61,1440879348067,"7,525",67% bullish,of 3 ratings,N/A
CTBI,$34.87,1440879348126,"53,139",Not yet rated,NULL,$36
COB,$10.44,1440879348156,"13,253",100% bullish,of 1 rating,$11.75
CWBC,$6.7,1440879348179,"1,519",Not yet rated,NULL,N/A
CVLT,$35.7,1440879348235,"499,857",75% bullish,of 4 ratings,$44.50
CIZ,$33.45,1440879348366,"1,507",100% bearish,of 1 rating,N/A
CIL,NULL,1440879348391,0,Not yet rated,NULL,N/A
CSA,NULL,1440879348533,0,Not yet rated,NULL,N/A
CID,NULL,1440879348586,0,Not yet rated,NULL,N/A
CFO,$35.63,1440879348715,"150,250",100% bearish,of 1 rating,N/A
CSF,$36.75,1440879348817,"4,489",100% bearish,of 1 rating,N/A
CGEN,$5.2,1440879348845,"49,804",50% bullish,of 2 ratings,$11
CPSI,$45.63,1440879348871,"70,148",100% bearish,of 1 rating,$45.50
CSB,$32.92,1440879348947,200,Not yet rated,NULL,N/A
CDC,$34.78,1440879349003,"3,743",Not yet rated,NULL,N/A
CFA,$35.7,1440879349055,900,100% bearish,of 1 rating,N/A
CDL,NULL,1440879349130,0,Not yet rated,NULL,N/A
CHCI,$0.65,1440879349261,"20,669",50% bullish,of 2 ratings,N/A
SCOR,$53.74,1440879349288,"303,382",100% bearish,of 1 rating,$66
CMTL,$25.29,1440879349309,"132,707",100% bearish,of 2 ratings,$37
CTG,$6.51,1440879349338,"63,423",100% bearish,of 1 rating,$8.50
CNSI,$18.77,1440879349471,"63,344",100% bearish,of 2 ratings,$29
CNAT,$4.05,1440879349501,"58,100",83% bullish,of 6 ratings,$13
CXRX,$75.05,1440879349606,"5,908",100% bearish,of 1 rating,$90
CNCE,$15.95,1440879349671,"103,480",75% bullish,of 4 ratings,$22
CDORO,$18.95,1440879349706,"1,200",100% bearish,of 1 rating,N/A
CDOR,$1.35,1440879349733,"4,361",100% bullish,of 1 rating,N/A
CFMS,$19.77,1440879349806,"86,468",Not yet rated,NULL,$27
CCUR,$5.46,1440879349838,"80,309",75% bullish,of 4 ratings,N/A
CDORP,$7,1440879349869,400,100% bearish,of 1 rating,N/A
CNFR,$10.18,1440879349941,"11,241",Not yet rated,NULL,N/A
CTWS,$34.5,1440879350128,"20,376",100% bearish,of 1 rating,$44
CNMD,$53.23,1440879350225,"80,020",Not yet rated,NULL,$59
CONN,$29.44,1440879350276,"528,417",67% bullish,of 3 ratings,$48.50
CNOB,$19.01,1440879350332,"42,656",100% bullish,of 1 rating,$23.50
CNSL,$19.76,1440879350435,"196,877",100% bearish,of 1 rating,$23
CTCT,$25.04,1440879350489,"195,271",67% bullish,of 3 ratings,$37
CWCO,$10.94,1440879350522,"91,573",67% bullish,of 3 ratings,$14.50
CFRX,$5.08,1440879350621,"7,722",Not yet rated,NULL,$14
CNXR,$6.93,1440879350650,"72,869",100% bearish,of 1 rating,$12
CFRXW,$1.95,1440879350678,"2,650",100% bearish,of 1 rating,N/A
CPSS,$5.6,1440879350714,"22,982",100% bullish,of 1 rating,$10
CTRV,$3.68,1440879350810,"4,034",Not yet rated,NULL,$6.40
CFRXZ,$0.599,1440879350841,600,Not yet rated,NULL,N/A
CTRL,$8.97,1440879350946,"133,195",50% bullish,of 2 ratings,$11
CRBP,$1.92,1440879351153,"146,083",100% bullish,of 2 ratings,$6.25
CORT,$5.18,1440879351182,"216,538",67% bullish,of 3 ratings,$12
CORE,$59.67,1440879351219,"118,215",100% bearish,of 1 rating,$72
CPRT,$34.99,1440879351246,"286,933",67% bearish,of 3 ratings,$40
BVA,$3.75,1440879351280,627,50% bullish,of 2 ratings,N/A
CRVL,$30.91,1440879351309,"28,940",100% bearish,of 1 rating,N/A
CORI,$10.45,1440879351358,"37,147",100% bearish,of 1 rating,$18
CSOD,$36.17,1440879351415,"273,201",50% bullish,of 2 ratings,$42
COSI,$1.17,1440879351522,"158,610",100% bullish,of 1 rating,N/A
COST,$140.29,1440879351762,"1,445,606",79% bullish,of 24 ratings,$154.50
CSGP,$181.38,1440879351800,"68,173",50% bullish,of 2 ratings,$235
CPAH,$0.4301,1440879351894,"2,700",50% bullish,of 2 ratings,N/A
ICBK,$18.11,1440879352027,228,Not yet rated,NULL,$21
CVTI,$23.51,1440879352616,"93,135",67% bearish,of 3 ratings,$39
COVS,$2.7,1440879352642,"62,906",67% bullish,of 3 ratings,N/A
CPSH,$2.18,1440879352672,"1,167",Not yet rated,NULL,N/A
CRAI,$22.05,1440879352770,"27,938",100% bearish,of 1 rating,$36
COWNL,$26.65,1440879352856,"2,100",Not yet rated,NULL,N/A
BREW,$7.97,1440879352910,"39,101",67% bullish,of 6 ratings,$15
COWN,$5.23,1440879352935,"635,563",75% bullish,of 4 ratings,$7
GLDI,$11.01,1440879352987,"3,640",100% bearish,of 1 rating,N/A
CRAY,$20.41,1440879353012,"251,324",83% bullish,of 6 ratings,$38.50
CACC,$197.5495,1440879353071,"34,208",50% bullish,of 2 ratings,$158.50
CBRL,$145.82,1440879353153,"142,127",50% bullish,of 2 ratings,$155
SLVO,$10.04,1440879353215,"2,848",100% bearish,of 1 rating,N/A
CREE,$26.99,1440879353344,"801,140",65% bullish,of 17 ratings,$29.50
CRESY,$10.35,1440879353385,"27,734",100% bearish,of 1 rating,$19
CROX,$14.52,1440879353410,"662,990",63% bullish,of 8 ratings,$16.50
CRTO,$43.1,1440879353438,"295,607",67% bullish,of 6 ratings,$64
CCRN,$14.14,1440879353747,"142,037",100% bearish,of 1 rating,$14.25
CRWN,$4.47,1440879353802,"38,249",75% bullish,of 4 ratings,N/A
CRWS,$8.07,1440879353836,"4,508",Not yet rated,NULL,$10
CCLP,$15.38,1440879353857,"30,912",67% bearish,of 3 ratings,$20
CSPI,$5.71,1440879353890,516,67% bullish,of 3 ratings,N/A
CRDS,$1,1440879353934,"42,738",75% bullish,of 4 ratings,$4.50
CYRXW,$0.83,1440879353986,200,Not yet rated,NULL,N/A
CSGS,$31.14,1440879354035,"222,878",Not yet rated,NULL,$40
CTCM,$1.83,1440879354140,"114,360",80% bearish,of 5 ratings,$3.90
CYRX,$2.885,1440879354224,"11,794",Not yet rated,NULL,$9
CTIC,$1.6,1440879354272,"646,597",84% bullish,of 76 ratings,$5.75
CTRP,$71.1413,1440879354297,"1,216,212",75% bullish,of 8 ratings,$93
CTIB,$3.63,1440879354323,"3,890",100% bearish,of 1 rating,N/A
CUNB,$21.18,1440879354452,"14,251",Not yet rated,NULL,$24.50
CPIX,$6.04,1440879354551,"5,828",Not yet rated,NULL,N/A
CMLS,$1.42,1440879354591,"374,324",50% bullish,of 4 ratings,$6
CUI,$5.32,1440879354619,"29,604",50% bullish,of 2 ratings,$10
CUTR,$14.46,1440879354649,"32,831",67% bearish,of 3 ratings,$18
CRIS,$2.59,1440879354677,"166,862",100% bullish,of 8 ratings,$6
CVV,$10.97,1440879354748,"7,294",100% bullish,of 5 ratings,N/A
CVBF,$16,1440879354883,"493,743",Not yet rated,NULL,$18
CYAN,$7.6,1440879354923,"2,172",100% bearish,of 1 rating,N/A
CYBX,$67,1440879355016,"196,566",50% bullish,of 4 ratings,$71.50
CYBE,$6.76,1440879355045,"22,725",100% bearish,of 1 rating,N/A
CYCC,$0.55,1440879355077,"63,851",73% bullish,of 11 ratings,N/A
CYBR,$52.4,1440879355098,"680,705",75% bullish,of 8 ratings,$66
CYCCP,NULL,1440879355182,0,100% bearish,of 1 rating,N/A
CBAY,$2.63,1440879355311,"56,866",100% bullish,of 1 rating,$4
CYNO,$31.41,1440879355336,"137,063",67% bearish,of 3 ratings,$45.50
CYNA,$16.17,1440879355367,"27,144",50% bullish,of 2 ratings,$31.50
CY,$10.09,1440879355474,"2,674,911",80% bullish,of 10 ratings,$15.50
CONE,$32.3,1440879355522,"247,421",67% bearish,of 3 ratings,$35.50
CYRN,$1.7,1440879355579,"29,421",67% bullish,of 3 ratings,$4
CYTX,$0.315,1440879355617,"2,360,173",83% bullish,of 12 ratings,$5.50
CYTK,$7,1440879355663,"180,145",71% bullish,of 14 ratings,$13.50
CTSO,$6.89,1440879355799,"27,244",Not yet rated,NULL,$15.625
TVIZ,$19.51,1440879355894,"3,315",100% bearish,of 1 rating,N/A
DAEG,$0.35,1440879355927,"11,063",100% bearish,of 1 rating,N/A
CYTR,$2.39,1440879356024,"318,266",67% bullish,of 6 ratings,$10
TVIX,$13.35,1440879356092,"14,107,659",81% bullish,of 16 ratings,N/A
DJCO,$191.42,1440879356119,502,Not yet rated,NULL,N/A
XIV,$27,1440879356166,"18,307,444",75% bearish,of 4 ratings,N/A
ZIV,$40.01,1440879356191,"153,112",Not yet rated,NULL,N/A
DTLK,$5.85,1440879356393,"72,201",100% bearish,of 1 rating,$9
DARA,$0.86,1440879356422,"24,822",83% bullish,of 6 ratings,$1.50
DAKT,$8.64,1440879356493,"421,544",50% bullish,of 2 ratings,$12
DRAM,$1.28,1440879356519,"16,449",78% bullish,of 9 ratings,N/A
PLAY,$34.43,1440879356568,"121,342",100% bullish,of 5 ratings,$42
DWCH,$5.26,1440879356597,"21,471",75% bullish,of 4 ratings,$8.25
DAIO,$2.49,1440879356618,"4,973",Not yet rated,NULL,N/A
DTEA,$13.15,1440879356761,"48,592",100% bearish,of 2 ratings,$24
TRAK,$62.85,1440879356946,"645,671",50% bullish,of 2 ratings,$62.50
DBVT,$41.26,1440879356995,"32,497",100% bearish,of 1 rating,$53
DFRG,$14.59,1440879357133,"99,897",100% bearish,of 1 rating,$20
TACOW,$4.05,1440879357187,"18,932",100% bullish,of 1 rating,N/A
DCTH,$0.4003,1440879357215,"122,121",78% bullish,of 9 ratings,N/A
DHRM,$1.48,1440879357236,"7,227",Not yet rated,NULL,N/A
DWSN,$4.54,1440879357274,"13,558",67% bullish,of 3 ratings,N/A
DGAS,$20.12,1440879357365,"3,626",67% bearish,of 3 ratings,N/A
TACO,$13.1236,1440879357395,"97,042",75% bullish,of 4 ratings,$20
DELT,$2.52,1440879357416,"6,000",Not yet rated,NULL,N/A
DENN,$11.48,1440879357547,"411,859",100% bullish,of 3 ratings,$15
XRAY,$53.26,1440879357582,"455,198",100% bullish,of 1 rating,$58
DELTW,NULL,1440879357602,0,Not yet rated,NULL,N/A
DEPO,$28.38,1440879357682,"492,842",60% bullish,of 5 ratings,$29
DSCI,$5.93,1440879357738,"30,721",50% bullish,of 2 ratings,$16
DEST,$11.13,1440879357955,"20,183",50% bullish,of 2 ratings,N/A
DXLG,$5.62,1440879357984,"88,393",100% bearish,of 1 rating,$8
DERM,$27.24,1440879358005,"101,807",100% bearish,of 1 rating,$33.50
DSWL,$1.71,1440879358039,"4,300",100% bullish,of 1 rating,N/A
DXCM,$94.3009,1440879358136,"601,324",57% bullish,of 7 ratings,$98
DHIL,$194.72,1440879358172,"3,494",Not yet rated,NULL,N/A
DXM,$0.26,1440879358197,"140,456",50% bullish,of 2 ratings,N/A
DHXM,$6.82,1440879358267,"1,035",Not yet rated,NULL,N/A
FANG,$66.56,1440879358294,"945,281",50% bullish,of 2 ratings,$86.50
DMND,$29.77,1440879358424,"137,181",75% bullish,of 12 ratings,$32
DCIX,$1.74,1440879358481,"50,106",50% bullish,of 4 ratings,$3.50
DRNA,$11.13,1440879358579,"76,464",67% bearish,of 3 ratings,$25
DGII,$10.06,1440879358605,"88,413",100% bearish,of 1 rating,$10
DMRC,$37.81,1440879358633,"119,126",100% bearish,of 1 rating,$44
DRAD,$3.7,1440879358670,"14,268",100% bullish,of 1 rating,$5.25
APPS,$2.43,1440879358830,"110,613",100% bearish,of 1 rating,$10.25
DGLY,$8.6,1440879358861,"110,448",50% bullish,of 6 ratings,$20
DCOM,$17.01,1440879358967,"121,317",100% bearish,of 2 ratings,$16.50
DIOD,$19.93,1440879359000,"100,117",75% bearish,of 4 ratings,$24
DISCA,$27.1127,1440879359073,"1,476,936",67% bullish,of 3 ratings,$34
DSCO,$0.42,1440879359106,"233,070",83% bullish,of 6 ratings,$2.75
DISCB,NULL,1440879359155,0,100% bearish,of 1 rating,$35
DISCK,$25.71,1440879359205,"1,450,570",100% bearish,of 1 rating,$32
DPRX,$13.52,1440879359230,"8,669",100% bullish,of 2 ratings,$27.75
DISH,$59.62,1440879359372,"664,919",69% bullish,of 13 ratings,$73
BAGR,$2.77,1440879359500,"10,502",100% bearish,of 1 rating,$6
DNBF,$25.76,1440879359587,408,Not yet rated,NULL,$27.50
DVCR,$10.8,1440879359635,"5,362",100% bullish,of 1 rating,N/A
DLHC,$2.45,1440879359719,"2,228",100% bearish,of 1 rating,N/A
DLTR,$76.7377,1440879359755,"1,695,005",82% bullish,of 11 ratings,$88
DGICB,NULL,1440879359777,0,100% bearish,of 1 rating,N/A
DORM,$50.42,1440879359854,"213,968",100% bearish,of 1 rating,$56
DGICA,$14.27,1440879359875,"10,088",100% bearish,of 1 rating,$17
HILL,$9.665,1440879359958,"1,225,949",60% bearish,of 5 ratings,$9.75
DMLP,$14.39,1440879360006,"9,844",100% bearish,of 1 rating,N/A
DWA,$20.29,1440879360108,"780,239",63% bullish,of 8 ratings,$26
DRWIW,$0.04,1440879360129,318,Not yet rated,NULL,N/A
DRWI,$0.21,1440879360164,"608,108",60% bullish,of 5 ratings,$.45
DRYS,$0.44,1440879360208,"3,465,209",77% bullish,of 31 ratings,$.60
DSKX,$3.25,1440879360298,"269,494",100% bullish,of 1 rating,N/A
DSPG,$8.55,1440879360442,"86,341",100% bearish,of 1 rating,$13.50
CADTU,NULL,1440879360537,0,Not yet rated,NULL,N/A
CADTW,NULL,1440879360587,0,Not yet rated,NULL,N/A
CADTR,NULL,1440879360667,0,Not yet rated,NULL,N/A
DRRX,$2.1,1440879360738,"174,261",50% bullish,of 6 ratings,$3
CADT,NULL,1440879360837,0,Not yet rated,NULL,N/A
DYAX,$23.69,1440879360869,"450,638",89% bullish,of 9 ratings,$30
DTSI,$27.07,1440879360900,"64,293",100% bearish,of 2 ratings,$39.50
BOOM,$10.64,1440879360921,"121,109",67% bullish,of 3 ratings,$12
DNKN,$51.69,1440879360954,"615,001",67% bullish,of 15 ratings,$56.50
DXPE,$28.01,1440879360982,"198,401",50% bullish,of 2 ratings,N/A
DYNT,$3,1440879361116,"2,521",75% bullish,of 4 ratings,N/A
DYSL,$1.44,1440879361182,"9,241",100% bullish,of 2 ratings,N/A
ETFC,$26.53,1440879361339,"1,656,489",57% bullish,of 14 ratings,$32.50
EBMT,$11.54,1440879361370,"1,076",Not yet rated,NULL,$13.50
DVAX,$29.76,1440879361396,"286,822",70% bullish,of 10 ratings,$40
EGBN,$41.91,1440879361471,"45,548",Not yet rated,NULL,$48
EGLE,$6.51,1440879361543,"44,799",60% bullish,of 5 ratings,N/A
EGRX,$83.67,1440879361599,"183,576",67% bullish,of 3 ratings,$97
ELNK,$8.45,1440879361702,"507,260",60% bullish,of 5 ratings,$9.50
EWBC,$40.36,1440879361879,"524,091",100% bearish,of 1 rating,$50
EML,$16.47,1440879361938,"7,046",Not yet rated,NULL,N/A
EROC,$1.54,1440879362011,"321,569",50% bullish,of 2 ratings,$3
EVBS,$6.6,1440879362042,"16,168",Not yet rated,NULL,$7
EBAY,$27.25,1440879362063,"6,618,106",81% bullish,of 117 ratings,$34
EACQU,NULL,1440879362094,0,Not yet rated,NULL,N/A
EBIX,$28.21,1440879362115,"195,546",69% bullish,of 13 ratings,$40
ELON,$0.5649,1440879362403,"28,406",50% bullish,of 2 ratings,N/A
ECACU,$10.1,1440879362437,"3,602",Not yet rated,NULL,N/A
ECHO,$23.01,1440879362465,"541,539",67% bearish,of 3 ratings,$35.50
EEI,$11.15,1440879362491,"3,106",67% bearish,of 3 ratings,N/A
ECTE,$1.46,1440879362512,"3,701",75% bullish,of 4 ratings,N/A
SATS,$44.59,1440879362547,"56,536",50% bullish,of 2 ratings,$60
ESES,$3.22,1440879362652,"2,164",100% bearish,of 1 rating,$7
EDAP,$3.6,1440879362756,"25,350",60% bullish,of 5 ratings,$4.50
EDGW,$7.01,1440879362899,"10,591",100% bearish,of 1 rating,N/A
EDUC,$5.55,1440879362927,"21,651",100% bearish,of 1 rating,N/A
EFUT,$4.63,1440879362953,700,Not yet rated,NULL,N/A
EGLT,$10.66,1440879363081,"20,932",50% bullish,of 2 ratings,$21
EGAN,$3.64,1440879363109,"7,806",50% bullish,of 2 ratings,$6.25
EHTH,$14.1,1440879363134,"168,301",50% bullish,of 4 ratings,$16.50
LOCO,$13.72,1440879363241,"1,206,901",77% bullish,of 13 ratings,$20
EMITF,$1.18,1440879363284,"3,474",75% bullish,of 4 ratings,N/A
ESLT,$76.65,1440879363310,"2,915",67% bullish,of 3 ratings,N/A
ESIO,$4.43,1440879363445,"140,353",50% bullish,of 2 ratings,$10
EA,$67.91,1440879363473,"2,056,941",77% bullish,of 35 ratings,$80
ERI,$9.7,1440879363530,"144,246",100% bearish,of 1 rating,$10
ELRC,$10.71,1440879363604,"16,406",100% bearish,of 1 rating,N/A
ELSE,$3.9999,1440879363629,500,60% bullish,of 5 ratings,N/A
EFII,$44.09,1440879363672,"127,147",80% bullish,of 5 ratings,$55
ELECU,NULL,1440879363848,0,Not yet rated,NULL,N/A
ELEC,NULL,1440879363875,0,Not yet rated,NULL,N/A
RDEN,$10.95,1440879363902,"74,308",100% bearish,of 4 ratings,$15
LONG,$17.04,1440879364038,"9,996",67% bullish,of 3 ratings,$15.75
EBIO,$3.55,1440879364068,"154,084",100% bearish,of 2 ratings,$8.35
CAPX,$22.93,1440879364097,"13,900",Not yet rated,NULL,N/A
ELECW,NULL,1440879364169,0,Not yet rated,NULL,N/A
EMCI,$23.2,1440879364197,"15,362",Not yet rated,NULL,N/A
ESBK,$19.66,1440879364271,423,Not yet rated,NULL,N/A
ELTK,$1.34,1440879364326,"144,213",67% bearish,of 3 ratings,N/A
EMKR,$7.06,1440879364417,"65,081",75% bullish,of 4 ratings,$8.50
EMMS,$1.12,1440879364592,"136,017",83% bullish,of 6 ratings,N/A
EMCF,$23.06,1440879364665,100,100% bearish,of 1 rating,N/A
EMMSP,$3,1440879364693,200,100% bearish,of 1 rating,N/A
ERS,$2.83,1440879364723,"6,582",Not yet rated,NULL,N/A
ECPG,$40.13,1440879364768,"153,412",100% bullish,of 2 ratings,$52
NYNY,$4.37,1440879364823,"30,167",50% bullish,of 2 ratings,N/A
ENTA,$41.18,1440879364866,"122,390",50% bullish,of 2 ratings,$42
WIRE,$31.67,1440879364966,"90,127",100% bearish,of 1 rating,$37
ECYT,$5.28,1440879365009,"159,581",83% bullish,of 6 ratings,$12
WATT,$6.99,1440879365144,"124,032",50% bullish,of 2 ratings,$13
ELGX,$13.04,1440879365242,"310,868",75% bullish,of 4 ratings,$17
EIGI,$15.55,1440879365300,"197,582",67% bearish,of 3 ratings,$22.50
EFOI,$22,1440879365329,"907,367",50% bullish,of 2 ratings,$20.50
ENDP,$78.7,1440879365351,"843,248",50% bullish,of 6 ratings,$104
ERII,$2.69,1440879365374,"49,581",80% bullish,of 5 ratings,$2.50
EXXI,$1.83,1440879365413,"2,134,615",86% bullish,of 7 ratings,$3.50
ENOC,$9.35,1440879365600,"300,726",75% bullish,of 4 ratings,$18
ENG,$1,1440879365627,"10,728",100% bullish,of 3 ratings,N/A
ESGR,$146.02,1440879365801,"29,141",100% bearish,of 1 rating,$185
ENFC,$17.63,1440879365861,"14,896",Not yet rated,NULL,N/A
ETRM,$0.27,1440879365897,"540,107",69% bearish,of 35 ratings,$1.625
ENTL,$22.19,1440879365946,"11,224",Not yet rated,NULL,$28
ENTG,$13.7,1440879366031,"498,237",100% bearish,of 1 rating,$18
EFSC,$23.84,1440879366100,"31,437",Not yet rated,NULL,$27
ENPH,$4.58,1440879366129,"408,795",75% bullish,of 4 ratings,$11
ENVI,$1.85,1440879366158,"22,541",67% bullish,of 3 ratings,N/A
EBTC,$21.14,1440879366194,"4,216",Not yet rated,NULL,N/A
ENZN,$1.05,1440879366290,"191,259",100% bullish,of 9 ratings,N/A
ENZY,$9.69,1440879366323,"20,091",67% bullish,of 3 ratings,$9.50
EGT,$2.14,1440879366348,"13,092",100% bullish,of 1 rating,N/A
EPIQ,$12.94,1440879366427,"95,473",100% bearish,of 1 rating,$18
EPRS,$5.3,1440879366559,"65,326",82% bullish,of 11 ratings,$15
EQIX,$268.78,1440879366729,"317,195",75% bullish,of 4 ratings,$312.50
EQFN,NULL,1440879366753,0,100% bearish,of 1 rating,N/A
EPZM,$20.1,1440879366780,"274,818",60% bullish,of 5 ratings,$34
PLUS,$76.75,1440879366805,"44,219",50% bullish,of 2 ratings,$88
ERIE,$82.6965,1440879366917,"23,830",Not yet rated,NULL,$73
EAC,$3.37,1440879366948,"4,106",100% bearish,of 1 rating,$8
ERIC,$9.95,1440879367048,"1,517,001",67% bullish,of 9 ratings,$12.20
ESCRP,$1.15,1440879367097,"3,261",100% bearish,of 1 rating,N/A
ESMC,$1.31,1440879367124,"1,148",Not yet rated,NULL,N/A
ESCR,$0.12,1440879367162,"313,269",50% bullish,of 2 ratings,N/A
ESPR,$52.27,1440879367183,"597,174",70% bearish,of 10 ratings,$123
ESCA,$18,1440879367217,"15,345",100% bearish,of 1 rating,$22
ESSA,$12.81,1440879367268,"2,219",100% bearish,of 1 rating,N/A
EPIX,NULL,1440879367471,0,Not yet rated,NULL,N/A
ESND,$34.46,1440879367556,"110,118",100% bearish,of 2 ratings,$40
ESSX,$0.4461,1440879367687,"121,833",50% bullish,of 2 ratings,N/A
EVK,$3.75,1440879367725,267,75% bearish,of 4 ratings,N/A
EEFT,$65.62,1440879367750,"156,788",100% bearish,of 1 rating,$67.50
CLWT,NULL,1440879367775,0,100% bullish,of 1 rating,N/A
ETSY,$14.82,1440879367822,"411,302",80% bullish,of 5 ratings,$16
EVLV,$2.68,1440879367928,"224,794",60% bullish,of 5 ratings,$5.125
EVEP,$8.27,1440879367966,"378,682",50% bullish,of 2 ratings,$15
ESEA,$5.37,1440879368009,"3,809",100% bullish,of 1 rating,$15
EXA,$11.19,1440879368116,"12,872",100% bearish,of 1 rating,$13
EVOK,$3.75,1440879368153,"45,220",100% bearish,of 1 rating,$13.375
EVOL,$5.98,1440879368223,"4,531",75% bullish,of 4 ratings,$10
EXAS,$22.34,1440879368248,"466,825",78% bullish,of 9 ratings,$31
EXAC,$18.64,1440879368273,"19,525",100% bearish,of 1 rating,$22.50
EXEL,$6.06,1440879368467,"3,042,838",81% bullish,of 16 ratings,$6
EXLP,$20.8232,1440879368638,"166,876",100% bearish,of 1 rating,$25
EXPE,$116.5217,1440879368732,"591,733",64% bullish,of 11 ratings,$130
EXLS,$36.47,1440879368766,"100,676",50% bullish,of 2 ratings,$41
EXPO,$42.71,1440879368799,"77,752",100% bearish,of 1 rating,$45.50
ESRX,$84.46,1440879368820,"2,106,762",67% bearish,of 6 ratings,$101
EXPD,$49.66,1440879368853,"1,275,347",80% bullish,of 5 ratings,$52
EXFO,$2.74,1440879368886,"3,109",67% bearish,of 3 ratings,$3.95
EXTR,$2.85,1440879368907,"441,776",80% bullish,of 5 ratings,$3
EYEG,$3.63,1440879368953,"8,530",Not yet rated,NULL,N/A
EYEGW,NULL,1440879369086,0,Not yet rated,NULL,N/A
EZCH,$22.5819,1440879369222,"100,750",75% bullish,of 8 ratings,$19.50
EZPW,$5.83,1440879369253,"233,828",50% bullish,of 4 ratings,$7.50
FB,$90.997,1440879369355,"21,405,623",73% bullish,of 1070 ratings,$111
FCS,$13.71,1440879369381,"593,435",67% bearish,of 3 ratings,$17
FFIV,$122.97,1440879369412,"535,549",63% bullish,of 8 ratings,$132
DAVE,$15.36,1440879369515,"17,244",100% bearish,of 1 rating,$15.50
FALC,$1.76,1440879369571,"108,050",63% bearish,of 8 ratings,N/A
FARM,$22.94,1440879369613,"20,353",100% bearish,of 1 rating,$35
FRP,$16.22,1440879369666,"95,097",100% bearish,of 1 rating,$18
FWM,$2.25,1440879369709,"117,046",100% bearish,of 2 ratings,$3.20
FFKT,$25.89,1440879369741,"7,909",Not yet rated,NULL,$29
FMNB,$8.27,1440879369882,"9,733",Not yet rated,NULL,N/A
FARO,$38.01,1440879369914,"102,628",50% bullish,of 2 ratings,$48
FAST,$38.69,1440879369937,"1,512,410",80% bullish,of 5 ratings,$45.50
FATE,$7.21,1440879370082,"24,853",50% bullish,of 2 ratings,$11
FBSS,$15.29,1440879370112,200,Not yet rated,NULL,N/A
FDML,$8.72,1440879370218,"236,899",50% bullish,of 4 ratings,$14
FBRC,$22.28,1440879370243,"11,421",100% bearish,of 1 rating,$29
FEIC,$75.72,1440879370400,"219,243",50% bullish,of 2 ratings,$95.50
FHCO,$1.37,1440879370428,"24,116",50% bullish,of 4 ratings,N/A
FNHC,$21.79,1440879370457,"82,959",100% bearish,of 1 rating,$35
ONEQ,$189.9,1440879370558,"11,934",100% bullish,of 1 rating,N/A
FCSC,$5.74,1440879370624,"84,641",100% bearish,of 1 rating,$8.125
FGEN,$25,1440879370652,"155,438",100% bearish,of 1 rating,$39
FENX,$9.97,1440879370684,"142,317",100% bullish,of 1 rating,$14.25
FDUS,$14.64,1440879370711,"23,047",50% bullish,of 2 ratings,$18
LION,$19.23,1440879371016,"74,002",100% bullish,of 1 rating,$20
FRGI,$52.21,1440879371073,"105,363",50% bullish,of 2 ratings,$70
FSAM,$8.19,1440879371099,"11,024",100% bearish,of 1 rating,$10.25
FSC,$6.45,1440879371124,"607,315",60% bullish,of 5 ratings,$8
FSFR,$8.89,1440879371176,"67,547",100% bearish,of 1 rating,$11.50
FITB,$19.97,1440879371459,"3,708,357",54% bullish,of 13 ratings,$22
FNGN,$33.23,1440879371564,"176,570",67% bullish,of 3 ratings,$47
FSCFL,$24.65,1440879371589,"6,848",Not yet rated,NULL,N/A
FITBI,$27.525,1440879372072,"34,706",Not yet rated,NULL,N/A
FISI,$24.52,1440879372143,"15,149",100% bullish,of 2 ratings,$24.50
FNSR,$15.77,1440879372174,"515,888",71% bullish,of 7 ratings,$24.50
FNTCU,NULL,1440879372240,0,Not yet rated,NULL,N/A
FNJN,$1.9,1440879372307,"33,173",100% bearish,of 1 rating,$5
FEYE,$39.23,1440879372337,"2,069,894",87% bullish,of 15 ratings,$55.50
FNTC,NULL,1440879372359,0,Not yet rated,NULL,N/A
FNTCW,NULL,1440879372412,0,Not yet rated,NULL,N/A
FRBA,$6.08,1440879372644,"1,488",Not yet rated,NULL,$8
BUSE,$6.36,1440879372674,"86,619",Not yet rated,NULL,$6.875
FBIZ,$44.1,1440879372750,"28,261",100% bearish,of 2 ratings,$52
FBNC,$16.95,1440879372776,"17,226",100% bullish,of 1 rating,$20
FCAP,$26.77,1440879372826,402,Not yet rated,NULL,N/A
FNLC,$18.73,1440879372853,"10,936",100% bullish,of 1 rating,N/A
FCVA,$4.61,1440879372930,351,Not yet rated,NULL,N/A
FCNCA,$238.6,1440879372981,"15,051",Not yet rated,NULL,N/A
FCBC,$17.49,1440879373112,"17,432",Not yet rated,NULL,$18
FCLF,$9.05,1440879373146,"1,666",Not yet rated,NULL,N/A
FCFP,$6.94,1440879373276,"3,000",Not yet rated,NULL,N/A
FCCO,$12,1440879373308,"2,065",Not yet rated,NULL,$13.25
FCFS,$39.83,1440879373363,"154,214",100% bearish,of 3 ratings,$48
FDEF,$37.44,1440879373410,"34,556",Not yet rated,NULL,$38
FBNK,$17.21,1440879373440,"22,827",100% bearish,of 1 rating,$17.50
FFNM,$6.19,1440879373542,"1,344",Not yet rated,NULL,N/A
FFBC,$18.28,1440879373675,"149,353",67% bearish,of 3 ratings,$20.25
THFF,$32.94,1440879373707,"24,402",Not yet rated,NULL,$35
FFIN,$30.67,1440879373734,"141,387",50% bullish,of 2 ratings,$31.75
FFWM,$21.37,1440879373804,"22,466",Not yet rated,NULL,$24
INBK,$30.15,1440879373890,"10,430",50% bullish,of 2 ratings,$37
FFBCW,NULL,1440879373914,0,100% bearish,of 1 rating,N/A
FFNW,$12.06,1440879374048,"10,423",Not yet rated,NULL,$14
FRME,$25.92,1440879374108,"130,285",Not yet rated,NULL,$26.50
FMBI,$17.43,1440879374144,"263,235",Not yet rated,NULL,$20
FIBK,$26.22,1440879374175,"81,866",Not yet rated,NULL,$32
FMBH,NULL,1440879374196,0,Not yet rated,NULL,N/A
FNBC,$34.63,1440879374225,"63,076",Not yet rated,NULL,$40
FNWB,$11.85,1440879374521,"10,217",Not yet rated,NULL,N/A
FSGI,$2.47,1440879374559,"12,130",Not yet rated,NULL,N/A
FNFG,$9.1568,1440879374592,"1,157,000",80% bullish,of 5 ratings,$9
FSBK,$7.82,1440879374614,"5,412",100% bullish,of 1 rating,N/A
FSLR,$47.8,1440879374647,"1,195,799",72% bullish,of 39 ratings,$65
BICK,$19.69,1440879374673,"1,428",100% bullish,of 1 rating,N/A
FSFG,$30.07,1440879374702,71,Not yet rated,NULL,N/A
FCAN,$24.6,1440879374926,"6,052",Not yet rated,NULL,N/A
FCA,$20.44,1440879375060,"2,300",Not yet rated,NULL,N/A
FV,$23.71,1440879375089,"1,935,175",100% bearish,of 1 rating,N/A
FTCS,$36.63,1440879375126,"18,232",100% bearish,of 1 rating,N/A
FBZ,$10.144,1440879375166,600,Not yet rated,NULL,N/A
FEMB,NULL,1440879375196,0,Not yet rated,NULL,N/A
IFV,$17.88,1440879375222,"555,778",100% bearish,of 1 rating,N/A
FTSM,$59.85,1440879375301,"7,169",100% bearish,of 1 rating,N/A
FEUZ,$31.5,1440879375430,"1,405",Not yet rated,NULL,N/A
TDIV,$24.9,1440879375458,"74,537",100% bearish,of 1 rating,N/A
FGM,$35.58,1440879375587,"2,324",Not yet rated,NULL,N/A
FTGC,$22.39,1440879375632,"76,491",Not yet rated,NULL,N/A
MDIV,$19.23,1440879375659,"128,525",Not yet rated,NULL,N/A
FTHI,$19.5399,1440879375689,640,Not yet rated,NULL,N/A
HYLS,$49.53,1440879375794,"35,104",100% bearish,of 1 rating,N/A
FHK,$33.3,1440879375857,"2,363",Not yet rated,NULL,N/A
FPXI,$27.29,1440879375923,500,Not yet rated,NULL,N/A
SKYY,$29.18,1440879375952,"46,046",100% bullish,of 1 rating,N/A
CU,$13.21,1440879376055,"7,015",100% bearish,of 1 rating,N/A
PLTM,$6.38,1440879376124,"6,702",100% bearish,of 1 rating,N/A
YDIV,$16.5742,1440879376184,"3,515",Not yet rated,NULL,N/A
FJP,$47.81,1440879376263,"59,841",Not yet rated,NULL,N/A
LMBS,$49.77,1440879376362,"5,298",Not yet rated,NULL,N/A
FTLB,$19.3188,1440879376391,"3,260",100% bearish,of 1 rating,N/A
FMB,$51.23,1440879376411,415,Not yet rated,NULL,N/A
CARZ,$35.05,1440879376674,"1,904",100% bearish,of 1 rating,N/A
QABA,$37.18,1440879376747,"8,586",100% bearish,of 1 rating,N/A
QCLN,$15.18,1440879376775,"16,517",Not yet rated,NULL,N/A
RDVY,$21.17,1440879376811,"2,849",Not yet rated,NULL,N/A
CIBR,$18.04,1440879376833,"51,388",Not yet rated,NULL,N/A
QQXT,$40.74,1440879376903,"18,704",Not yet rated,NULL,N/A
FONE,$35.29,1440879376932,950,Not yet rated,NULL,N/A
GRID,$33.09,1440879376962,705,100% bearish,of 1 rating,N/A
QQEW,$42.1,1440879376999,"52,287",Not yet rated,NULL,N/A
AIRR,$16.4,1440879377226,"2,252",100% bearish,of 1 rating,N/A
QTEC,$40.33,1440879377252,"26,311",Not yet rated,NULL,N/A
QINC,$20.2999,1440879377277,663,Not yet rated,NULL,N/A
TUSA,$25.08,1440879377530,300,Not yet rated,NULL,N/A
FSZ,$39.19,1440879377563,"3,866",Not yet rated,NULL,N/A
FTW,$31.91,1440879377591,230,Not yet rated,NULL,N/A
FKO,NULL,1440879377623,0,Not yet rated,NULL,N/A
FDIV,$46.09,1440879377658,302,100% bearish,of 1 rating,N/A
FUNC,$8.12,1440879377684,"2,091",Not yet rated,NULL,N/A
FTSL,$48.74,1440879377721,"110,156",100% bearish,of 1 rating,N/A
FKU,$41.82,1440879377751,"5,183",Not yet rated,NULL,N/A
FMER,$17.81,1440879377916,"731,124",50% bullish,of 2 ratings,$20
SVVC,$9.43,1440879377942,"11,779",50% bullish,of 2 ratings,$26
FSV,$31.41,1440879378138,"12,183",Not yet rated,NULL,$33.60
FIVE,$38.5,1440879378195,"860,602",75% bearish,of 4 ratings,$44
FIVN,$4.03,1440879378272,"81,303",100% bullish,of 1 rating,$8.50
FISV,$86.78,1440879378307,"802,788",100% bearish,of 3 ratings,$90
FLXN,$25.29,1440879378330,"49,036",100% bearish,of 1 rating,$40
FLML,$21.9746,1440879378360,"90,829",50% bullish,of 2 ratings,$30
FPRX,$19.37,1440879378406,"177,840",50% bullish,of 2 ratings,$35
FLKS,$12.41,1440879378433,"26,992",50% bullish,of 2 ratings,$27
FLIR,$28.57,1440879378679,"1,032,100",100% bearish,of 1 rating,$38.50
FLXS,$32.15,1440879378708,"13,502",100% bearish,of 2 ratings,N/A
FLEX,$10.6,1440879378812,"1,115,185",63% bullish,of 8 ratings,$12
FLDM,$11.7,1440879378841,"260,257",67% bearish,of 3 ratings,$15
MBSD,$25.02,1440879378870,"14,451",Not yet rated,NULL,N/A
SKOR,$50.3,1440879378943,"2,349",Not yet rated,NULL,N/A
FFIC,$19.73,1440879378972,"77,431",Not yet rated,NULL,$21
FOMX,$10.18,1440879379028,"82,757",50% bullish,of 2 ratings,$23.50
FOGO,$19.23,1440879379123,"34,672",50% bullish,of 2 ratings,$25.50
FONR,$9.7,1440879379151,"6,716",100% bullish,of 1 rating,N/A
FORR,$31.88,1440879379387,"18,396",Not yet rated,NULL,N/A
FORM,$6.53,1440879379435,"253,899",67% bullish,of 3 ratings,$10.50
FBIO,$2.88,1440879379516,"79,815",83% bullish,of 6 ratings,N/A
FORTY,$30.33,1440879379579,"1,000",100% bearish,of 1 rating,N/A
FTNT,$42.96,1440879379609,"603,333",80% bullish,of 10 ratings,$52
FWRD,$45.16,1440879379649,"186,984",100% bearish,of 1 rating,$50
FES,$0.9409,1440879379677,"94,182",50% bullish,of 2 ratings,$1
FORD,$1.66,1440879379705,"1,753,015",67% bullish,of 3 ratings,N/A
FOSL,$61.6,1440879379892,"709,887",60% bearish,of 5 ratings,$80
FWP,$27.02,1440879379925,"15,503",100% bearish,of 1 rating,$45
FMI,$23.8,1440879380023,"312,031",100% bearish,of 2 ratings,$27.50
FXCB,$17.02,1440879380056,"34,723",Not yet rated,NULL,$19
FRAN,$11.17,1440879380086,"366,392",50% bullish,of 4 ratings,$15
FOXF,$15.18,1440879380119,"24,155",100% bearish,of 1 rating,$19
FRED,$13.06,1440879380221,"248,657",50% bullish,of 2 ratings,$16
FELE,$29.23,1440879380357,"216,658",50% bullish,of 4 ratings,$33
RAIL,$20.73,1440879380515,"70,803",100% bearish,of 1 rating,$24.50
FREE,$0.378,1440879380549,"370,595",92% bullish,of 12 ratings,N/A
FEIM,$11,1440879380570,"3,049",100% bearish,of 1 rating,N/A
FRPH,$31.17,1440879380647,"5,010",100% bearish,of 1 rating,N/A
FRPT,$13.06,1440879380705,"298,368",67% bearish,of 3 ratings,$23.50
FTR,$5.08,1440879380732,"11,162,934",78% bullish,of 27 ratings,$6.25
FTRPR,$100.8,1440879380753,"53,474",100% bearish,of 1 rating,N/A
FSBW,$23.2,1440879380879,991,Not yet rated,NULL,N/A
FTD,$29.27,1440879380981,"102,153",100% bearish,of 1 rating,$40
FSYS,$6.63,1440879381014,"30,772",67% bullish,of 3 ratings,$10
FTEK,$2.04,1440879381080,"51,368",75% bullish,of 4 ratings,N/A
FULLL,$24.9101,1440879381149,200,Not yet rated,NULL,N/A
FCEL,$0.8,1440879381179,"1,501,071",88% bullish,of 41 ratings,$2.65
FULL,$3.1,1440879381226,"30,227",67% bearish,of 3 ratings,$4.25
FLL,$1.51,1440879381308,"10,264",75% bullish,of 4 ratings,$3.50
FULT,$12.08,1440879381549,"624,848",100% bearish,of 1 rating,$13
FSNN,$2.18,1440879381575,"1,562",67% bullish,of 3 ratings,$6
FFHL,$1.05,1440879381618,"18,397",50% bullish,of 4 ratings,N/A
WILC,$4.97,1440879381706,"6,120",100% bullish,of 2 ratings,N/A
FXENP,$15.76,1440879381747,"1,000",100% bearish,of 1 rating,N/A
FXEN,$0.87,1440879381791,"69,159",75% bullish,of 4 ratings,$1.10
GLPG,$60.49,1440879381836,"13,297",100% bullish,of 1 rating,$75
GAIA,$5.9,1440879381862,"7,898",50% bullish,of 2 ratings,$8.50
GK,$67.55,1440879381994,"59,942",Not yet rated,NULL,$78
GALT,$1.96,1440879382087,"30,257",80% bullish,of 5 ratings,N/A
GALTU,NULL,1440879382140,0,100% bearish,of 1 rating,N/A
GLMD,$8.81,1440879382176,"11,506",67% bullish,of 3 ratings,$20.50
GLPI,$31.5863,1440879382422,"324,483",100% bearish,of 1 rating,$37.50
GPIC,$9.64,1440879382481,710,100% bearish,of 1 rating,N/A
GRMN,$37.99,1440879382512,"966,815",50% bullish,of 6 ratings,$46.50
GALTW,NULL,1440879382538,0,100% bullish,of 1 rating,N/A
GGAC,$9.89,1440879382584,"10,419",100% bearish,of 1 rating,N/A
GALE,$1.5,1440879382611,"789,696",89% bullish,of 47 ratings,$4
GGACR,$0.3,1440879382639,"49,683",100% bullish,of 1 rating,N/A
GGACW,$0.14,1440879382801,"11,300",Not yet rated,NULL,N/A
GGACU,$10.27,1440879382929,"22,044",Not yet rated,NULL,N/A
GARS,$14.21,1440879382961,"22,022",Not yet rated,NULL,$16
GENC,$9.16,1440879382989,"11,573",100% bearish,of 1 rating,N/A
GFN,$3.95,1440879383059,"17,699",100% bearish,of 2 ratings,$8
GNCMA,$16.99,1440879383119,"119,943",100% bearish,of 1 rating,$12
GFNSL,$25.6,1440879383146,700,Not yet rated,NULL,N/A
GFNCP,$93.89,1440879383202,350,Not yet rated,NULL,N/A
GENE,$2.29,1440879383396,"182,762",100% bullish,of 12 ratings,N/A
GNMK,$10.02,1440879383421,"195,594",67% bullish,of 6 ratings,$14
THRM,$46.44,1440879383563,"366,550",75% bearish,of 4 ratings,$55.50
GNTX,$15.53,1440879383623,"1,032,543",Not yet rated,NULL,$20
GNVC,$2.51,1440879383644,"10,917",90% bullish,of 10 ratings,$8.50
GTWN,NULL,1440879383718,0,Not yet rated,NULL,N/A
GNCA,$12.21,1440879383750,"103,358",100% bearish,of 1 rating,$20
GHDX,$27.75,1440879383780,"193,234",50% bullish,of 2 ratings,$30
GEOS,$16.71,1440879383805,"121,126",100% bearish,of 3 ratings,$21
GABC,$29,1440879383882,"15,081",Not yet rated,NULL,$31
GERN,$3.23,1440879384025,"1,137,894",88% bullish,of 16 ratings,$5.25
ROCK,$16.51,1440879384085,"136,353",80% bullish,of 5 ratings,$24
GEVO,$2.33,1440879384162,"332,274",75% bullish,of 12 ratings,$5
GIII,$68.14,1440879384188,"175,109",67% bullish,of 3 ratings,$75
GIGM,$0.5201,1440879384214,"76,762",100% bullish,of 2 ratings,N/A
GILT,$4.3001,1440879384344,"1,700",50% bullish,of 2 ratings,N/A
GIGA,$1.42,1440879384473,"2,675",100% bearish,of 1 rating,N/A
GLAD,$8.8,1440879384558,"171,130",50% bullish,of 2 ratings,$8.75
GILD,$107.7,1440879384599,"5,969,671",91% bullish,of 87 ratings,$129
GLADO,$25.59,1440879384629,"1,700",Not yet rated,NULL,N/A
GBCI,$25.66,1440879384660,"245,507",50% bullish,of 2 ratings,$31
GOOD,$14.64,1440879384687,"72,029",Not yet rated,NULL,$19
GOODO,$25,1440879384725,30,Not yet rated,NULL,N/A
GOODN,$25.407,1440879384822,400,Not yet rated,NULL,N/A
GOODP,NULL,1440879384958,0,Not yet rated,NULL,N/A
GAIN,$7.47,1440879385062,"107,125",100% bullish,of 2 ratings,$8.25
GAINN,$25.01,1440879385195,"56,593",Not yet rated,NULL,N/A
GAINO,$25.1728,1440879385224,490,Not yet rated,NULL,N/A
GAINP,$25.9,1440879385252,620,Not yet rated,NULL,N/A
LAND,$9.16,1440879385285,"48,601",50% bullish,of 2 ratings,$13.75
GDEF,$10.53,1440879385324,600,Not yet rated,NULL,N/A
ENT,$11.77,1440879385387,"71,245",100% bearish,of 1 rating,$18
GBT,$44,1440879385416,"73,758",100% bearish,of 1 rating,N/A
GBLI,$26.99,1440879385548,"11,669",Not yet rated,NULL,N/A
GLBZ,NULL,1440879385573,0,Not yet rated,NULL,N/A
GPACU,NULL,1440879385703,0,Not yet rated,NULL,N/A
GSOL,$8.0275,1440879385728,"18,239",100% bearish,of 1 rating,N/A
QQQC,$19.67,1440879385753,"3,061",100% bearish,of 1 rating,N/A
ACTX,NULL,1440879385777,0,100% bullish,of 1 rating,N/A
SOCL,$17.82,1440879386009,"24,218",100% bullish,of 2 ratings,N/A
YLCO,$11.95,1440879386109,"1,396",Not yet rated,NULL,N/A
GAI,$5.9,1440879386135,"1,400",50% bullish,of 2 ratings,N/A
GSM,$13.47,1440879386186,"403,698",50% bullish,of 2 ratings,$22
ALTY,$14.44,1440879386215,600,Not yet rated,NULL,N/A
GBIM,$2.29,1440879386236,"19,199",50% bullish,of 2 ratings,N/A
SRET,$13.25,1440879386324,"1,014",Not yet rated,NULL,N/A
GLRI,$1.01,1440879386367,"23,180",100% bearish,of 1 rating,$4.25
GLBS,NULL,1440879386393,0,67% bullish,of 3 ratings,N/A
GLYC,$7.05,1440879386534,"16,674",50% bullish,of 2 ratings,$14
GLUU,$4.53,1440879386561,"786,373",92% bullish,of 26 ratings,$9
GOGO,$15.67,1440879386632,"431,299",80% bullish,of 5 ratings,$25
GMLP,$18.86,1440879386723,"223,814",50% bullish,of 4 ratings,$32.50
GLDC,$4,1440879386852,"5,513",50% bullish,of 2 ratings,N/A
GOGL,$3.14,1440879386880,"220,227",75% bullish,of 4 ratings,$5
GDEN,$8.96,1440879386908,"13,852",50% bullish,of 2 ratings,N/A
GBDC,$16.66,1440879386934,"111,261",Not yet rated,NULL,$17.75
GLNG,$38.2739,1440879387067,"963,948",83% bullish,of 6 ratings,$58
GOOG,$632.69,1440879387093,"1,043,468",89% bullish,of 70 ratings,$825
GOOGL,$659.9999,1440879387118,"1,027,271",88% bullish,of 1082 ratings,$749
GTIM,$7.03,1440879387251,"31,867",Not yet rated,NULL,$11.50
GPRO,$48.18,1440879387304,"3,256,396",78% bullish,of 58 ratings,$72
GMAN,$3.73,1440879387345,"210,604",60% bullish,of 5 ratings,$8.50
GPIA,$9.84,1440879387403,190,Not yet rated,NULL,N/A
GPIAU,NULL,1440879387429,0,Not yet rated,NULL,N/A
LOPE,$37.48,1440879387611,"89,001",100% bearish,of 2 ratings,$50
GBSNU,NULL,1440879387641,0,NULL,NULL,NULL
GPIAW,NULL,1440879387662,0,Not yet rated,NULL,N/A
GBSN,$0.38,1440879387740,"4,057,047",50% bullish,of 2 ratings,$8.25
GRVY,$3.16,1440879387822,125,50% bullish,of 2 ratings,N/A
GLDD,$5.42,1440879387878,"86,319",100% bearish,of 4 ratings,$7.75
GSBC,$39.87,1440879387954,"19,620",100% bullish,of 1 rating,$44
GRBK,$11.95,1440879388012,"113,049",77% bullish,of 13 ratings,N/A
GNBC,$11.86,1440879388038,"12,906",100% bearish,of 1 rating,$16.50
GPRE,$20.55,1440879388171,"1,091,427",67% bullish,of 6 ratings,$28.50
GPP,$13.7,1440879388197,"33,561",Not yet rated,NULL,$20.50
GLRE,$24.99,1440879389491,"161,684",50% bullish,of 2 ratings,$41
GRIF,$32.61,1440879389575,308,100% bearish,of 1 rating,N/A
GRFS,$30.5748,1440879389707,"206,103",50% bullish,of 2 ratings,$35
GCBC,NULL,1440879389732,0,100% bullish,of 1 rating,N/A
OMAB,$40.81,1440879389758,"12,578",100% bullish,of 1 rating,$44
GRPN,$4.6,1440879389887,"5,953,989",61% bullish,of 71 ratings,$6.75
GSIT,$4.62,1440879389916,"8,389",100% bearish,of 1 rating,N/A
GSVC,$8.72,1440879389994,"82,010",50% bullish,of 2 ratings,$14.50
GGAL,$19.4858,1440879390024,"118,461",80% bullish,of 5 ratings,$40
GSIG,$12.99,1440879390062,"26,470",100% bearish,of 2 ratings,N/A
GFED,$14.67,1440879390202,779,Not yet rated,NULL,$17
GTXI,$0.874,1440879390232,"20,930",100% bullish,of 5 ratings,$.75
GBNK,$15.79,1440879390267,"18,291",100% bearish,of 1 rating,$18
GULTU,$0.3001,1440879390301,"1,330,535",100% bearish,of 1 rating,N/A
GUID,$7.28,1440879390368,"42,026",100% bearish,of 3 ratings,$10
GIFI,$12.46,1440879390395,"46,325",100% bearish,of 1 rating,$16
GURE,$1.67,1440879390691,"85,776",88% bullish,of 8 ratings,N/A
GWPH,$109.33,1440879390716,"112,738",78% bullish,of 9 ratings,$148.50
HNRG,$7.69,1440879390845,"67,708",100% bearish,of 1 rating,$10
HALL,$11.41,1440879390871,"17,778",Not yet rated,NULL,N/A
HEES,$18.69,1440879390931,"314,064",67% bearish,of 3 ratings,$31
GWGH,$7.74,1440879390960,"1,171",100% bearish,of 1 rating,$15.05
GYRO,$2.84,1440879391002,"6,150",100% bearish,of 1 rating,N/A
GPOR,$35.04,1440879391063,"1,494,164",75% bullish,of 4 ratings,$55
HALO,$18.41,1440879391135,"771,518",67% bullish,of 3 ratings,$22.50
HLG,$9.5,1440879391219,"2,247",100% bearish,of 1 rating,N/A
HBK,$13.67,1440879391272,713,50% bullish,of 2 ratings,N/A
HBHC,$27.4,1440879391351,"558,474",50% bullish,of 2 ratings,$30
HMPR,$1.87,1440879391380,"27,659",100% bullish,of 1 rating,N/A
HBHCL,$24.39,1440879391515,"26,203",Not yet rated,NULL,N/A
HNH,$25.45,1440879391543,"17,110",100% bullish,of 1 rating,N/A
HAFC,$23.98,1440879391753,"109,880",100% bullish,of 2 ratings,$28.50
HQCL,$12.9,1440879391856,"30,828",67% bullish,of 3 ratings,$14
HDNG,$10.04,1440879392002,"11,625",50% bullish,of 4 ratings,N/A
HRMNU,NULL,1440879392044,0,Not yet rated,NULL,N/A
HNSN,$0.56,1440879392106,"56,801",88% bullish,of 8 ratings,$.40
HRMN,NULL,1440879392134,0,Not yet rated,NULL,N/A
HLIT,$5.79,1440879392179,"246,263",100% bearish,of 1 rating,$6.50
HRMNW,NULL,1440879392205,0,Not yet rated,NULL,N/A
TINY,$2.48,1440879392238,"19,385",50% bullish,of 2 ratings,$5.26
HBIO,$4.28,1440879392336,"35,954",100% bearish,of 1 rating,$10
HART,$1.04,1440879392361,"103,690",100% bearish,of 1 rating,N/A
HCAPL,$25.7399,1440879392390,400,Not yet rated,NULL,N/A
HCAP,$12.15,1440879392575,"4,513",50% bullish,of 2 ratings,$15
HAS,$75.51,1440879392644,"715,928",63% bullish,of 8 ratings,$84.50
HA,$22.91,1440879392707,"540,918",67% bullish,of 9 ratings,$27
HCOM,$21.82,1440879392747,"31,985",100% bearish,of 1 rating,$28
HWKN,$37.33,1440879392934,"28,446",Not yet rated,NULL,N/A
HWBK,$13.24,1440879392967,100,100% bearish,of 1 rating,N/A
HCSG,$33.32,1440879393098,"191,852",50% bullish,of 4 ratings,$35
HSTM,$25.36,1440879393123,"85,370",50% bullish,of 2 ratings,$33.75
HDS,$33.233,1440879393151,"1,196,925",100% bearish,of 2 ratings,$39.50
HIIQ,$5.17,1440879393181,"32,371",50% bullish,of 2 ratings,$7
HAYN,$38.31,1440879393284,"42,900",100% bearish,of 1 rating,$59
HWAY,$11.95,1440879393313,"278,697",100% bearish,of 1 rating,$15
HTLD,$20.55,1440879393380,"341,001",Not yet rated,NULL,$22.50
HQY,$29.51,1440879393413,"115,451",67% bullish,of 3 ratings,$32
HTLF,$35.88,1440879393439,"18,551",100% bullish,of 1 rating,$39.50
HTWR,$86.25,1440879393511,"147,034",50% bullish,of 2 ratings,$103
HTBX,$5.16,1440879393654,"3,070",50% bullish,of 2 ratings,$15.50
HMNY,$2.19,1440879393814,300,100% bearish,of 1 rating,N/A
HSII,$19.62,1440879393842,"52,553",100% bullish,of 3 ratings,$25
HNNA,$24.865,1440879393863,"10,548",Not yet rated,NULL,N/A
HELE,$85.56,1440879393896,"103,241",67% bearish,of 3 ratings,$100
HERO,NULL,1440879393993,0,NULL,NULL,NULL
HCACU,$9.98,1440879394031,"100,000",Not yet rated,NULL,N/A
HSIC,$139.4,1440879394085,"342,416",83% bullish,of 6 ratings,$146
HMTV,$13.72,1440879394111,"12,932",100% bearish,of 1 rating,$16
HFWA,$17.59,1440879394163,"71,544",100% bullish,of 1 rating,$20
HEOP,$7.66,1440879394255,"15,820",Not yet rated,NULL,$8.50
HTBK,$10.63,1440879394301,"33,812",Not yet rated,NULL,$12
MLHR,$26.99,1440879394326,"310,038",50% bullish,of 2 ratings,$33.50
HCCI,$11.25,1440879394355,"42,055",100% bearish,of 1 rating,$16.50
HRTX,$35.46,1440879394541,"219,447",67% bullish,of 6 ratings,$41
HSKA,$33.74,1440879394615,"20,659",100% bearish,of 1 rating,$38
HIBB,$38.87,1440879394641,"223,423",100% bearish,of 1 rating,$46.50
HIHO,$3.81,1440879394667,"6,096",Not yet rated,NULL,N/A
HSGX,$6.05,1440879394860,"3,574",100% bearish,of 1 rating,$17
HPJ,$2.21,1440879394886,"29,621",75% bullish,of 4 ratings,$12.43
HFFC,$15.77,1440879394913,"5,478",Not yet rated,NULL,N/A
HIMX,$6.906,1440879394940,"915,996",86% bullish,of 21 ratings,$8.50
HMSY,$10.47,1440879394976,"809,768",67% bullish,of 3 ratings,$19.35
HIFS,$115.91,1440879395068,"1,151",Not yet rated,NULL,N/A
HMNF,$11.32,1440879395096,"2,016",Not yet rated,NULL,N/A
HOLI,$17.78,1440879395125,"94,603",50% bullish,of 4 ratings,$27
HOLX,$39.76,1440879395257,"1,449,945",67% bullish,of 3 ratings,$42
HBCP,$24.71,1440879395282,"2,436",Not yet rated,NULL,$29
HOMB,$37.97,1440879395307,"222,036",Not yet rated,NULL,$42
HFBL,$21.62,1440879395500,536,Not yet rated,NULL,N/A
HMIN,$26.7,1440879395565,"59,584",100% bearish,of 2 ratings,$35
HMST,$21.84,1440879395597,"74,855",100% bullish,of 2 ratings,$27
AWAY,$29.19,1440879395696,"431,994",67% bullish,of 3 ratings,$36
HKTV,$4.76,1440879395721,200,100% bearish,of 1 rating,N/A
CETC,$0.76,1440879395752,"165,443",86% bullish,of 7 ratings,N/A
HFBC,$11.22,1440879395852,"3,150",Not yet rated,NULL,N/A
HOFT,$23.78,1440879395910,"18,879",100% bearish,of 1 rating,N/A
HTBI,$18.18,1440879395935,"26,626",67% bullish,of 3 ratings,$18.625
HBNC,$23.57,1440879395992,"12,027",100% bullish,of 1 rating,$27
HRZN,$10.33,1440879396090,"33,944",50% bullish,of 2 ratings,$14.25
HZNP,$30.48,1440879396115,"1,069,487",85% bullish,of 20 ratings,$40
ZINC,$7.85,1440879396164,"597,280",100% bearish,of 1 rating,$17
HMHC,$22.7,1440879396317,"467,940",Not yet rated,NULL,$27
HWCC,$7.5,1440879396344,"82,097",100% bearish,of 1 rating,$9
HDP,$24.18,1440879396370,"194,225",67% bearish,of 3 ratings,$30.50
HTGM,$5.69,1440879396511,"4,024",100% bearish,of 1 rating,$19.50
HSNI,$62.38,1440879396540,"170,632",Not yet rated,NULL,$80
HOVNP,$4.54,1440879396561,"1,000",100% bearish,of 1 rating,N/A
HUBG,$37.06,1440879396594,"387,683",100% bearish,of 1 rating,$43
HBMD,$14.24,1440879396620,809,100% bearish,of 1 rating,N/A
HCBK,$9.36,1440879396762,"1,263,712",83% bullish,of 6 ratings,$8.61
HSON,$2.55,1440879396790,"22,082",100% bearish,of 1 rating,$5
HDSN,$3.11,1440879396978,"27,087",100% bullish,of 1 rating,$6.25
HURN,$73.36,1440879397035,"75,680",50% bullish,of 2 ratings,$80
HBANP,NULL,1440879397060,0,100% bearish,of 1 rating,N/A
HBAN,$10.91,1440879397111,"5,203,375",76% bullish,of 17 ratings,$12.29
HTCH,$1.56,1440879397138,"94,983",100% bearish,of 1 rating,$3.50
HURC,$30.35,1440879397160,"11,794",100% bearish,of 1 rating,N/A
HDRA,NULL,1440879397339,0,Not yet rated,NULL,N/A
HBP,$3.11,1440879397365,"3,775",100% bullish,of 1 rating,N/A
HDRAR,NULL,1440879397396,0,Not yet rated,NULL,N/A
HYGS,$9.55,1440879397491,"29,871",50% bullish,of 2 ratings,$13
HDRAW,NULL,1440879397592,0,Not yet rated,NULL,N/A
HDRAU,NULL,1440879397650,0,Not yet rated,NULL,N/A
IACI,$71.44,1440879397723,"445,254",75% bullish,of 4 ratings,$90
IDSY,$3.91,1440879397751,"6,108",100% bearish,of 1 rating,$7
IBKC,$60.36,1440879397781,"111,938",100% bullish,of 1 rating,$70
IKGH,$1.8,1440879397825,"10,231",75% bullish,of 4 ratings,N/A
ICAD,$3.9,1440879397880,"83,344",100% bullish,of 2 ratings,$7.25
ICON,$13.52,1440879398083,"466,663",50% bullish,of 2 ratings,$18.50
ICLR,$77.9507,1440879398117,"266,641",100% bearish,of 3 ratings,$85
ICUI,$113.92,1440879398138,"46,176",Not yet rated,NULL,$122
IPWR,$7.28,1440879398178,"4,444",100% bullish,of 1 rating,$15
IEP,$74.24,1440879398199,"59,662",75% bullish,of 4 ratings,$99
INVE,$4.4,1440879398274,"78,490",75% bullish,of 4 ratings,$4
ICFI,$34.04,1440879398301,"48,356",50% bullish,of 2 ratings,$48.50
IDRA,$2.94,1440879398446,"601,938",89% bullish,of 9 ratings,$6.50
IROQ,$16.7,1440879398549,300,100% bullish,of 1 rating,N/A
IDXX,$73.21,1440879398579,"346,348",100% bearish,of 1 rating,$77
DSKY,$10.9914,1440879398646,"128,718",67% bullish,of 6 ratings,$11.50
IIVI,$16.89,1440879398676,"155,141",100% bearish,of 1 rating,$22
IRG,$4.78,1440879398783,"23,310",100% bearish,of 1 rating,$4.25
RXDX,$13.82,1440879398815,"155,513",100% bullish,of 1 rating,$20
KANG,$15.8182,1440879398844,"226,303",50% bullish,of 2 ratings,$22.55
IKAN,$2.72,1440879398871,"4,738",83% bullish,of 6 ratings,$5
IKNX,NULL,1440879398951,0,100% bearish,of 1 rating,N/A
ILMN,$201.49,1440879399078,"782,267",80% bullish,of 5 ratings,$245
ICCC,$7.21,1440879399164,"13,479",100% bullish,of 1 rating,N/A
IMMR,$11.81,1440879399189,"72,756",80% bullish,of 5 ratings,$15.50
ISNS,$4,1440879399214,"15,572",50% bullish,of 2 ratings,N/A
IMNP,$1.36,1440879400053,"30,681",50% bullish,of 2 ratings,$6
IMMU,$2.16,1440879400082,"704,998",86% bullish,of 7 ratings,$2
IMGN,$14.28,1440879400181,"955,380",75% bullish,of 4 ratings,$17.50
IMDZ,$16.61,1440879400279,"27,500",100% bearish,of 1 rating,$33
IMMY,$7.69,1440879400316,"4,471",100% bearish,of 1 rating,$11
IPXL,$42.4,1440879400343,"457,825",67% bullish,of 3 ratings,$46.50
INDB,$44.5,1440879400411,"202,363",Not yet rated,NULL,$44
SAAS,$7.64,1440879400442,"242,260",50% bullish,of 2 ratings,$15
INCY,$120.44,1440879400466,"1,092,792",50% bullish,of 6 ratings,$125.50
INCR,$42.01,1440879400496,"221,716",50% bullish,of 2 ratings,$53
IBCP,$14.16,1440879400546,"93,148",100% bullish,of 1 rating,$14.50
IDSA,$3.6,1440879400682,"2,730",Not yet rated,NULL,N/A
IBTX,$41.49,1440879400735,"14,876",100% bullish,of 2 ratings,$47.25
INFI,$9.28,1440879400764,"337,361",50% bullish,of 4 ratings,$18
IPCC,$77.31,1440879400786,"22,807",Not yet rated,NULL,$77.50
INFN,$22.29,1440879400812,"1,022,680",71% bullish,of 7 ratings,$28
III,$3.89,1440879401053,"95,856",57% bullish,of 7 ratings,$6
IMKTA,$50.28,1440879401079,"51,886",100% bearish,of 1 rating,N/A
INWK,$7.09,1440879401109,"56,331",50% bullish,of 2 ratings,$10
INNL,$12.78,1440879401215,"1,348",100% bearish,of 1 rating,$16.50
IFON,$1.21,1440879401245,"24,493",75% bullish,of 4 ratings,N/A
INOD,$2.38,1440879401272,"4,694",100% bearish,of 1 rating,N/A
IPHS,$48.24,1440879401353,"75,518",100% bearish,of 1 rating,$60
INGN,$49.78,1440879401455,"219,266",100% bearish,of 1 rating,$50.50
ISSC,$2.78,1440879401480,"4,200",67% bearish,of 3 ratings,N/A
INOV,$21.73,1440879401510,"735,420",100% bearish,of 1 rating,$33
IOSP,$48.17,1440879401539,"185,737",100% bearish,of 1 rating,N/A
ITEK,$12.15,1440879401642,"249,011",100% bearish,of 3 ratings,$20
INO,$7.75,1440879401671,"1,636,416",89% bullish,of 18 ratings,$20
NSIT,$25.8,1440879401730,"111,626",50% bullish,of 2 ratings,N/A
INSM,$25.69,1440879401804,"271,347",71% bullish,of 7 ratings,$31.50
ISIG,$2.71,1440879401870,"10,879",100% bearish,of 1 rating,N/A
IIIN,$17.07,1440879401972,"16,380",100% bearish,of 2 ratings,N/A
PODD,$29.71,1440879402029,"209,947",67% bearish,of 3 ratings,$35
IART,$60.79,1440879402112,"177,967",100% bearish,of 2 ratings,$71.50
NTEC,$5.75,1440879402141,"8,105",100% bearish,of 1 rating,N/A
IDTI,$19.09,1440879402252,"1,457,438",60% bullish,of 5 ratings,$25
IESC,$7.02,1440879402278,"2,580",100% bearish,of 1 rating,N/A
INSY,$33.83,1440879402308,"270,702",75% bullish,of 4 ratings,$48
IQNT,$18.59,1440879402349,"151,264",86% bullish,of 7 ratings,$20
INTC,$28.41,1440879402442,"25,692,266",82% bullish,of 238 ratings,$36
IPCI,$2.31,1440879402468,"76,615",67% bullish,of 6 ratings,$8
ISSI,$21.94,1440879402489,"133,663",67% bullish,of 3 ratings,$19.75
IPAR,$25.63,1440879402678,"79,920",67% bullish,of 3 ratings,$38
IBKR,$40.2881,1440879402743,"605,394",100% bullish,of 1 rating,N/A
ICLDW,NULL,1440879402846,0,100% bearish,of 1 rating,N/A
ICLD,$1.85,1440879402875,"103,348",75% bullish,of 4 ratings,N/A
ININ,$36.15,1440879402903,"85,150",67% bearish,of 3 ratings,$57
ICPT,$189.4643,1440879402929,"96,157",70% bullish,of 10 ratings,$359.50
IDCC,$48,1440879402978,"175,555",80% bullish,of 5 ratings,$63
IMI,$2.13,1440879403128,"10,493",67% bullish,of 3 ratings,$2.22
TILE,$23.94,1440879403224,"431,058",100% bearish,of 3 ratings,$27
IGLD,$6.97,1440879403259,400,50% bullish,of 2 ratings,N/A
IBOC,$25.15,1440879403291,"154,160",100% bearish,of 1 rating,N/A
ISCA,$31.97,1440879403312,"101,605",100% bearish,of 1 rating,N/A
IIJI,$10,1440879403356,40,50% bullish,of 2 ratings,$11.50
INAP,$8.05,1440879403386,"239,819",75% bullish,of 4 ratings,$11
PTNT,$2.91,1440879403546,"2,723",Not yet rated,NULL,N/A
XENT,$25.35,1440879403679,"141,556",50% bullish,of 2 ratings,$36.50
INPH,$0.32,1440879403722,"162,928",50% bullish,of 2 ratings,N/A
ISIL,$10.61,1440879403752,"483,071",50% bullish,of 6 ratings,$15
INTL,$25.81,1440879403820,"62,769",67% bearish,of 3 ratings,N/A
INTLL,$26.09,1440879403967,850,Not yet rated,NULL,N/A
IILG,$19.97,1440879404001,"103,268",100% bearish,of 1 rating,$29
IVAC,$4.86,1440879404071,"23,655",100% bearish,of 1 rating,$6.625
INTX,$2.03,1440879404097,"97,223",67% bullish,of 3 ratings,N/A
INTU,$86.21,1440879404130,"1,895,063",86% bullish,of 7 ratings,$107.50
ITCI,$26.96,1440879404161,"275,633",75% bearish,of 4 ratings,$40
IIN,$6.39,1440879404233,"2,100",100% bearish,of 1 rating,$12
ISRG,$514.24,1440879404254,"95,903",67% bullish,of 3 ratings,$600
INVT,$0.303,1440879404306,"213,959",67% bullish,of 3 ratings,N/A
ISTR,$15.6,1440879404522,841,100% bearish,of 1 rating,$18.50
SNAK,$8.68,1440879404548,"102,749",50% bullish,of 2 ratings,$14
NVIV,$9.66,1440879404679,"133,271",50% bullish,of 4 ratings,$24.50
ISBC,$11.75,1440879404707,"972,204",100% bullish,of 1 rating,$13.25
ITIC,$71.15,1440879404733,"1,300",100% bearish,of 2 ratings,N/A
IVTY,$14.61,1440879404814,"17,056",Not yet rated,NULL,$18
IPCM,$79.44,1440879404985,"119,808",50% bullish,of 2 ratings,$80.125
IRIX,$6.89,1440879405011,"7,546",100% bearish,of 1 rating,N/A
IPAS,$1.09,1440879405036,"49,183",67% bullish,of 3 ratings,N/A
DFVL,NULL,1440879405081,0,Not yet rated,NULL,N/A
IRMD,$25.04,1440879405106,"11,245",67% bearish,of 3 ratings,$25
IPGP,$85.88,1440879405171,"250,042",100% bearish,of 2 ratings,$109.50
DTUL,NULL,1440879405235,0,Not yet rated,NULL,N/A
IRBT,$29.29,1440879405328,"166,490",67% bullish,of 6 ratings,$37
IRDMB,$279.5,1440879405356,320,67% bearish,of 3 ratings,N/A
IRDM,$7.18,1440879405377,"400,499",60% bullish,of 5 ratings,$11.50
IRWD,$11.27,1440879405507,"1,082,384",100% bearish,of 1 rating,$13
IRCP,NULL,1440879405537,0,100% bullish,of 2 ratings,N/A
FCHI,NULL,1440879405591,0,NULL,NULL,NULL
IFAS,NULL,1440879405739,0,NULL,NULL,NULL
COMT,$33.62,1440879405767,"23,140",100% bearish,of 1 rating,N/A
GNMA,$50.32,1440879405788,"3,187",Not yet rated,NULL,N/A
IFEU,$37.74,1440879405847,"4,879",Not yet rated,NULL,N/A
ACWX,$41.04,1440879405915,"692,879",100% bearish,of 1 rating,N/A
IFGL,$28.61,1440879406015,"191,698",Not yet rated,NULL,N/A
IFNA,NULL,1440879406263,0,NULL,NULL,NULL
ACWI,$56.3,1440879406452,"1,578,362",Not yet rated,NULL,N/A
AAXJ,$53.8559,1440879406479,"3,183,887",Not yet rated,NULL,N/A
AXJS,NULL,1440879406520,0,NULL,NULL,NULL
EEMA,$50.47,1440879406776,"37,087",Not yet rated,NULL,N/A
EGRW,NULL,1440879406832,0,NULL,NULL,NULL
AAIT,NULL,1440879406863,0,NULL,NULL,NULL
EEME,NULL,1440879406909,0,NULL,NULL,NULL
EMEY,NULL,1440879406960,0,NULL,NULL,NULL
EMDI,NULL,1440879406983,0,NULL,NULL,NULL
EEML,$27.61,1440879407012,"9,700",Not yet rated,NULL,N/A
EVAL,NULL,1440879407115,0,NULL,NULL,NULL
QAT,$21.6,1440879407194,600,Not yet rated,NULL,N/A
IEUS,$45.4,1440879407219,"5,456",100% bearish,of 1 rating,N/A
EUFN,$21.85,1440879407292,"73,493",100% bearish,of 1 rating,N/A
UAE,$18.63,1440879407359,"11,900",Not yet rated,NULL,N/A
SOXX,$83.25,1440879407418,"380,264",50% bullish,of 2 ratings,N/A
IBB,$353.28,1440879407491,"853,689",63% bullish,of 8 ratings,N/A
EMIF,$28.87,1440879407516,"8,923",Not yet rated,NULL,N/A
ICLN,$9.6,1440879407730,"14,518",50% bullish,of 2 ratings,N/A
INDY,$27.63,1440879407756,"140,732",50% bullish,of 2 ratings,N/A
WOOD,$48.3,1440879407813,"23,260",50% bullish,of 2 ratings,N/A
ISHG,$79.35,1440879407887,"9,098",100% bearish,of 1 rating,N/A
ISIS,$51.5999,1440879407958,"782,005",53% bullish,of 15 ratings,$67
ISRL,$131.04,1440879408031,465,100% bearish,of 1 rating,N/A
ITUS,$4.03,1440879408091,"7,850",Not yet rated,NULL,N/A
IGOV,$90.85,1440879408124,"16,643",100% bearish,of 1 rating,N/A
ISLE,$17.63,1440879408157,"140,146",50% bullish,of 4 ratings,$16
ITRN,$24.11,1440879408222,"1,416",50% bullish,of 2 ratings,N/A
ITRI,$30.03,1440879408251,"194,687",100% bearish,of 1 rating,$37
XXIA,$15.17,1440879408316,"472,050",71% bullish,of 7 ratings,$14.625
IXYS,$11.14,1440879408382,"103,762",50% bullish,of 4 ratings,N/A
JJSF,$114.72,1440879408419,"29,311",100% bearish,of 1 rating,N/A
MAYS,$55.95,1440879408639,100,Not yet rated,NULL,N/A
JASO,$7.9,1440879408677,"747,475",82% bullish,of 17 ratings,$10
JACK,$81.77,1440879408776,"189,732",83% bullish,of 6 ratings,$105
JKHY,$68.7938,1440879408811,"214,469",50% bullish,of 2 ratings,$72
JBHT,$73.51,1440879408837,"554,190",50% bullish,of 4 ratings,$89.50
JXSB,NULL,1440879408864,0,Not yet rated,NULL,N/A
JCOM,$69.71,1440879408909,"185,842",100% bullish,of 2 ratings,$77
JAXB,$13.31,1440879408938,90,100% bullish,of 1 rating,N/A
JAKK,$9.42,1440879409041,"492,606",60% bearish,of 5 ratings,$11
JAGX,$3.44,1440879409067,"8,574",Not yet rated,NULL,N/A
JMBA,$13.95,1440879409100,"91,223",75% bullish,of 4 ratings,$18
JRVR,$26.79,1440879409197,"37,791",Not yet rated,NULL,$32
ERW,NULL,1440879409261,0,Not yet rated,NULL,N/A
JASN,$4.93,1440879409298,"23,503",50% bullish,of 2 ratings,$9.50
JASNW,NULL,1440879409480,0,50% bullish,of 2 ratings,N/A
JD,$26.77,1440879409548,"4,905,314",75% bullish,of 16 ratings,$36
JAZZ,$171.501,1440879409577,"167,566",80% bullish,of 15 ratings,$206.50
JIVE,$4.51,1440879409679,"258,687",75% bullish,of 4 ratings,$5
DATE,$5.92,1440879409736,"93,636",75% bullish,of 4 ratings,$9
JBLU,$22.25,1440879409807,"2,629,199",94% bullish,of 18 ratings,$27
JTPY,$2.95,1440879409867,100,100% bearish,of 1 rating,N/A
WYIGU,$10.2,1440879409896,6,Not yet rated,NULL,N/A
JCTCF,NULL,1440879409934,0,100% bullish,of 1 rating,N/A
JOEZ,$0.17,1440879409967,"97,593",92% bullish,of 12 ratings,N/A
JST,$3.98,1440879410026,"7,252",75% bullish,of 4 ratings,N/A
JBSS,$54.48,1440879410063,"71,680",67% bearish,of 3 ratings,N/A
JOUT,$23.41,1440879410088,"5,196",100% bearish,of 1 rating,$34
JNP,$10.93,1440879410365,"25,559",100% bullish,of 3 ratings,$15
JUNO,$38.06,1440879410459,"681,045",73% bullish,of 11 ratings,$71.50
KALU,$83.24,1440879410488,"129,573",67% bearish,of 3 ratings,$91
KMDA,$3.48,1440879410509,"19,288",50% bullish,of 2 ratings,$8
KBIO,$2.01,1440879410546,"19,373",50% bullish,of 4 ratings,N/A
KTWO,$21.65,1440879410567,"84,969",100% bearish,of 1 rating,$28.50
KPTI,$14.14,1440879410641,"190,554",67% bearish,of 3 ratings,$39
KNDI,$6.72,1440879410669,"254,671",86% bullish,of 22 ratings,N/A
