Symbol,Price,Date,Volume,Rating,RatingVoteCount,OneYearEstimate
FCCY,NULL,1439907002132,0,100% bullish,of 1 rating,$13
FLWS,$9.69,1439907002183,"15,360",100% bullish,of 5 ratings,$15
FCTY,NULL,1439907002216,0,100% bullish,of 1 rating,$8.50
PIH,NULL,1439907002244,0,100% bearish,of 1 rating,N/A
TFSCU,NULL,1439907002270,0,Not yet rated,NULL,N/A
TFSCR,NULL,1439907002290,0,Not yet rated,NULL,N/A
TFSCW,$0.22,1439907002320,4,100% bearish,of 1 rating,N/A
TFSC,NULL,1439907002341,0,100% bearish,of 1 rating,N/A
SRCE,$31.382,1439907002606,619,100% bullish,of 3 ratings,$33
TWOU,$35.59,1439907002667,"33,868",50% bullish,of 2 ratings,$39
DGLD,$86.84,1439907002700,"1,740",100% bullish,of 1 rating,N/A
VNET,$21.23,1439907002736,"30,362",60% bullish,of 5 ratings,$29.50
DSLV,$68.3901,1439907002767,"18,448",100% bearish,of 1 rating,N/A
USLV,$13.206,1439907002802,"208,947",86% bullish,of 7 ratings,N/A
UGLD,$8.77,1439907002839,"56,397",100% bearish,of 1 rating,N/A
JOBS,$28.4,1439907002868,"8,463",50% bullish,of 4 ratings,$36
CAFD,$15.6,1439907003219,"25,905",Not yet rated,NULL,$25
SIXD,$2.6001,1439907003250,"3,911",Not yet rated,NULL,N/A
AAON,$22.88,1439907003351,"15,774",100% bearish,of 1 rating,$24
ABAX,$48.25,1439907003376,"7,196",100% bearish,of 1 rating,$60
AVHI,$13.9,1439907003403,"2,000",100% bearish,of 1 rating,$19
EGHT,$8.61,1439907003454,"21,333",82% bullish,of 17 ratings,$11
ABEOW,$2.46,1439907003480,2,100% bullish,of 1 rating,N/A
ABEO,$5.3599,1439907003565,"5,369",67% bullish,of 3 ratings,$15.50
ABY,$22.01,1439907003610,"50,138",100% bearish,of 2 ratings,$46
SHLM,$35.98,1439907003705,"31,923",100% bearish,of 1 rating,$50
ABGB,$4.825,1439907003764,"20,310",67% bullish,of 3 ratings,$5.50
AXAS,$1.765,1439907003848,"34,711",78% bullish,of 9 ratings,$3.50
ABMD,$106.12,1439907003880,"57,543",75% bullish,of 4 ratings,$86
ACTG,$8.71,1439907003912,"36,235",67% bullish,of 3 ratings,$18.50
ACHC,$81.88,1439907003938,"29,813",50% bullish,of 2 ratings,$92
ACAD,$38.97,1439907004010,"67,021",85% bullish,of 20 ratings,$48
AXDX,$19.4,1439907004308,"14,288",100% bearish,of 1 rating,N/A
ANCX,$19.25,1439907004371,"3,308",Not yet rated,NULL,$19
VXDN,$15.84,1439907004439,105,Not yet rated,NULL,N/A
XLRN,$31.7,1439907004539,"16,896",50% bullish,of 2 ratings,$57
ACST,$0.3849,1439907004594,385,100% bullish,of 2 ratings,N/A
ACET,$25.39,1439907004620,"3,575",75% bullish,of 4 ratings,$30
ARAY,$6.2,1439907004670,"65,529",100% bearish,of 1 rating,$10.50
ACRX,$4.47,1439907004702,"15,086",67% bearish,of 6 ratings,$5.50
ACHN,$8.5899,1439907004798,"651,889",90% bullish,of 21 ratings,$16
VXUP,NULL,1439907004905,0,Not yet rated,NULL,N/A
AKAO,$7.22,1439907004970,"3,840",75% bullish,of 4 ratings,$15
ACTS,NULL,1439907005044,0,100% bearish,of 1 rating,N/A
ACNB,NULL,1439907005196,0,Not yet rated,NULL,N/A
ACIW,$23.03,1439907005222,"20,600",50% bullish,of 2 ratings,$24
ACOR,$32.15,1439907005288,"9,187",67% bearish,of 3 ratings,$38.50
ATVI,$29.24,1439907005366,"454,865",68% bullish,of 84 ratings,$31.50
ACPW,$1.87,1439907005496,"1,400",100% bullish,of 4 ratings,$3.50
ACUR,$0.615,1439907005521,"3,000",100% bullish,of 5 ratings,$1
ACTA,$13.8,1439907005662,"8,560",67% bearish,of 3 ratings,$25
ADMS,$21.82,1439907005688,"5,043",100% bearish,of 2 ratings,$36
ACXM,$21.15,1439907005719,"21,442",67% bullish,of 3 ratings,N/A
ADUS,$28.78,1439907005746,"6,408",100% bearish,of 1 rating,$31
ADMP,$3.75,1439907005767,"5,842",50% bullish,of 2 ratings,$10
ADAP,$15.59,1439907005930,"1,066",67% bullish,of 3 ratings,$22
ADEP,$7.39,1439907006003,"3,382",50% bullish,of 2 ratings,$10.75
AEY,$2.25,1439907006062,"1,998",100% bearish,of 2 ratings,N/A
ADMA,NULL,1439907006134,0,Not yet rated,NULL,$19
ADBE,$86.53,1439907006277,"111,827",65% bullish,of 17 ratings,$90
ADRO,$21.3,1439907006485,"11,252",80% bullish,of 5 ratings,$45.50
AEIS,$26.5,1439907006511,"10,042",50% bullish,of 2 ratings,$32.50
ADTN,$16.2,1439907006543,"12,968",67% bullish,of 3 ratings,$17.125
ADXS,$16.888,1439907006564,"60,064",64% bullish,of 14 ratings,$27
AMD,$1.78,1439907006644,"603,864",83% bullish,of 102 ratings,$2
MULT,NULL,1439907006694,0,100% bearish,of 1 rating,N/A
ADXSW,NULL,1439907006720,0,100% bullish,of 1 rating,N/A
YPRO,NULL,1439907006853,0,100% bearish,of 1 rating,N/A
AEGN,$18.71,1439907007048,"3,814",100% bearish,of 1 rating,$21
AEGR,$18.585,1439907007074,"42,166",50% bullish,of 6 ratings,$26
AEHR,$2.2,1439907007107,6,50% bullish,of 2 ratings,N/A
AMTX,$3.35,1439907007203,335,50% bullish,of 2 ratings,$26.11
AEPI,$57.51,1439907007233,138,100% bearish,of 1 rating,N/A
AVAV,$26.12,1439907007336,"15,571",50% bullish,of 4 ratings,$31
AEZS,$0.116,1439907007467,"2,783,802",90% bullish,of 21 ratings,$1.625
AEMD,$6.7462,1439907007552,"4,001",Not yet rated,NULL,$27.50
AGEN,$7.625,1439907007723,"68,951",85% bullish,of 13 ratings,$14
AFFX,$9.95,1439907007749,"28,752",80% bullish,of 5 ratings,$12
AFMD,$11.62,1439907007816,"21,266",50% bullish,of 4 ratings,$15
AERI,$15.93,1439907007881,"20,288",75% bullish,of 4 ratings,$31.50
AGIO,$95.43,1439907007916,"15,650",88% bullish,of 8 ratings,$114
AGRX,$8.88,1439907007937,"1,125",100% bearish,of 1 rating,$18
AGYS,$9.45,1439907008013,"1,170",100% bearish,of 1 rating,N/A
AGFS,$11.04,1439907008329,530,100% bearish,of 1 rating,N/A
AIMT,$23.11,1439907008390,"29,429",Not yet rated,NULL,N/A
ATSG,$9.71,1439907008415,"1,958",67% bullish,of 3 ratings,$13
AGFSW,NULL,1439907008459,0,100% bearish,of 1 rating,N/A
AMCN,$5.04,1439907008547,"66,323",83% bullish,of 6 ratings,N/A
AIRT,$22,1439907008680,518,100% bullish,of 1 rating,N/A
AKER,$3.3,1439907008822,"29,157",Not yet rated,NULL,N/A
AKBA,$7.25,1439907008854,"18,970",100% bearish,of 1 rating,$18
AIXG,$6.01,1439907008880,322,67% bearish,of 3 ratings,$6
AIRM,$39.71,1439907008952,"8,650",80% bearish,of 5 ratings,$53
AKAM,$73.6,1439907009014,"129,071",63% bullish,of 8 ratings,$77
AKRX,$44.09,1439907009040,"35,803",78% bullish,of 9 ratings,$56
ALRM,$16.78,1439907009207,"2,070",100% bearish,of 1 rating,$22
AMRI,$20.89,1439907009235,"10,060",75% bearish,of 4 ratings,$24
ALSK,$2.1,1439907009289,"11,242",78% bullish,of 18 ratings,$2
ABDC,$13.04,1439907009484,"5,880",Not yet rated,NULL,$15
ALDX,$7.82,1439907009593,302,100% bearish,of 1 rating,$14.50
ADHD,$9.19,1439907009619,"31,405",50% bullish,of 4 ratings,$18
ALXA,$1.14,1439907009696,"4,953",83% bullish,of 6 ratings,$2.125
ALCO,$44.64,1439907009759,6,50% bullish,of 2 ratings,N/A
ALGN,$60.87,1439907009827,"26,232",100% bearish,of 2 ratings,$73
ALDR,$38.08,1439907009857,"39,599",67% bearish,of 3 ratings,$62
ALIM,$3.9,1439907009885,434,80% bullish,of 5 ratings,$10
ALKS,$68.46,1439907009910,"47,662",67% bullish,of 3 ratings,$75
ALLB,NULL,1439907010260,0,Not yet rated,NULL,N/A
ALXN,$190.33,1439907010333,"94,529",88% bullish,of 8 ratings,$223
ALGT,$234.41,1439907010359,"12,120",100% bearish,of 1 rating,$235
AFOP,$19.03,1439907010389,"5,922",75% bullish,of 8 ratings,$21
AIQ,$15.07,1439907010434,202,67% bullish,of 3 ratings,N/A
AHGP,$35.86,1439907010496,"3,297",67% bullish,of 3 ratings,N/A
ARLP,$24.4524,1439907010563,"7,790",67% bearish,of 3 ratings,$32
AHPI,$1.45,1439907010588,300,50% bullish,of 2 ratings,N/A
ALLT,$5.09,1439907010815,"8,328",75% bullish,of 4 ratings,$6.25
AFAM,$50.1646,1439907010840,"10,232",50% bullish,of 2 ratings,$44
ALQA,$4.63,1439907010884,200,75% bullish,of 4 ratings,$8.50
MDRX,$14.29,1439907010982,"194,673",60% bullish,of 5 ratings,$16
ALNY,$111.87,1439907011013,"37,910",67% bullish,of 3 ratings,$148.50
AMOT,$17.91,1439907011055,"1,466",100% bearish,of 1 rating,N/A
AOSL,$7.39,1439907011149,"3,872",67% bullish,of 3 ratings,$9
SMCP,NULL,1439907011300,0,Not yet rated,NULL,N/A
ALTR,$49.3,1439907011496,"115,186",80% bearish,of 5 ratings,$54
ATEC,$0.65,1439907011550,"12,230",100% bullish,of 1 rating,$2
AIMC,$26.5,1439907011575,"3,618",100% bearish,of 1 rating,$28.50
ASPS,$29.555,1439907011629,"8,446",67% bullish,of 3 ratings,$46.50
AMRN,$2.28,1439907011755,"81,157",85% bullish,of 39 ratings,$8
AMRK,$10.46,1439907011857,"2,100",50% bullish,of 2 ratings,$14
AMZN,$538.9699,1439907011943,"202,917",81% bullish,of 261 ratings,$646
AMAG,$65.1,1439907011987,"34,169",100% bullish,of 2 ratings,$75
AYA,$22.93,1439907012019,"10,000",100% bearish,of 1 rating,$40
AMBC,$16.5852,1439907012046,"24,842",100% bearish,of 1 rating,$16.50
AMBA,$107.72,1439907012126,"188,375",83% bullish,of 12 ratings,$102.50
AMBCW,NULL,1439907012155,0,100% bearish,of 1 rating,N/A
EPAX,$2.66,1439907012443,"11,494",100% bearish,of 1 rating,N/A
AMCX,$75.0125,1439907012509,"76,121",67% bullish,of 3 ratings,$85.50
DOX,$60.15,1439907012576,"26,185",100% bullish,of 2 ratings,$60
AMDA,$0.4998,1439907012637,"142,057",90% bullish,of 10 ratings,$1
AMED,$46.0301,1439907012713,"14,944",100% bearish,of 1 rating,$42
ASBI,NULL,1439907012743,0,Not yet rated,NULL,N/A
ATAX,$5.3,1439907012821,"9,906",100% bullish,of 1 rating,$6.50
UHAL,$381,1439907012846,"2,783",100% bullish,of 2 ratings,$393.50
AGNCP,$25.48,1439907012996,"5,245",Not yet rated,NULL,N/A
AMOV,$18.53,1439907013067,550,100% bearish,of 1 rating,N/A
AGNC,$19.8399,1439907013142,"504,779",75% bullish,of 28 ratings,$22
AGNCB,$24.22,1439907013207,"2,900",Not yet rated,NULL,N/A
MTGE,$15.89,1439907013270,"26,135",75% bullish,of 4 ratings,$19.50
MTGEP,NULL,1439907013366,0,Not yet rated,NULL,N/A
ACSF,$12.7899,1439907013402,"2,172",100% bearish,of 1 rating,$15
AAL,$43.8908,1439907013453,"914,005",93% bullish,of 87 ratings,$57
ACAS,$14.33,1439907013588,"91,114",60% bullish,of 5 ratings,$16.75
ANCI,NULL,1439907013616,0,100% bearish,of 1 rating,N/A
AETI,$3.8,1439907013687,4,67% bearish,of 3 ratings,N/A
AMIC,NULL,1439907013794,0,Not yet rated,NULL,N/A
AMNB,$23.1205,1439907013896,"1,648",Not yet rated,NULL,$25.50
APEI,$22.31,1439907014111,"13,786",100% bearish,of 1 rating,$29
ARII,$40.66,1439907014154,"9,159",67% bearish,of 3 ratings,$45
ASEI,$39.46,1439907014182,"5,400",100% bearish,of 1 rating,$52.50
AMSC,$4,1439907014208,"9,938",50% bullish,of 4 ratings,N/A
ANAT,$104.07,1439907014238,244,100% bullish,of 1 rating,N/A
AMSWA,$9.41,1439907014342,"1,000",100% bearish,of 2 ratings,$10.75
AMRB,$10.12,1439907014515,404,Not yet rated,NULL,$11
AMWD,$66.81,1439907014540,"9,989",50% bullish,of 2 ratings,$58
ABCB,$28.57,1439907014702,"3,839",Not yet rated,NULL,$30.50
AMSF,$51.11,1439907014732,"7,728",Not yet rated,NULL,$57.50
ASRVP,NULL,1439907014758,0,Not yet rated,NULL,N/A
CRMT,$45.72,1439907014922,"1,990",100% bearish,of 1 rating,$49
ATLO,$24.23,1439907014966,4,Not yet rated,NULL,N/A
ASRV,$3.3,1439907014997,704,100% bullish,of 2 ratings,N/A
AMGN,$169.68,1439907015099,"138,603",89% bullish,of 19 ratings,$185
FOLD,$16.72,1439907015230,"155,078",56% bullish,of 9 ratings,$21
AMKR,$4.4,1439907015361,"99,289",100% bearish,of 2 ratings,$5
AMSG,$86.195,1439907015388,"16,167",100% bearish,of 1 rating,$85.50
AMPH,$14.75,1439907015418,"14,715",50% bullish,of 2 ratings,$20
ASYS,$5.71,1439907015529,"5,265",67% bullish,of 3 ratings,$12
AFSI,$63.03,1439907015568,"45,629",60% bullish,of 5 ratings,$72
AMSGP,NULL,1439907015701,0,Not yet rated,NULL,N/A
AMRS,$1.64,1439907015727,"5,990",70% bullish,of 10 ratings,N/A
ANAC,$135.1999,1439907015768,"32,983",80% bullish,of 5 ratings,$180.50
ANAD,$0.3574,1439907015902,"128,737",100% bullish,of 2 ratings,$.50
ADI,$58.505,1439907016058,"251,188",67% bullish,of 3 ratings,$68
ABCW,$41.18,1439907016106,"1,612",67% bullish,of 3 ratings,N/A
ALOG,$83.95,1439907016190,"6,526",100% bearish,of 2 ratings,$100.50
ANCB,NULL,1439907016326,0,Not yet rated,NULL,$23
ANGI,$4.3736,1439907016351,"26,190",64% bullish,of 11 ratings,$5.50
AMCF,NULL,1439907016385,0,100% bullish,of 7 ratings,N/A
ANGO,$15.0198,1439907016484,"3,162",67% bullish,of 3 ratings,$19
ANIK,$36.11,1439907016516,"14,388",60% bullish,of 5 ratings,$51.25
ANIP,$56.15,1439907016580,"18,750",89% bullish,of 19 ratings,$66
ANSS,$97.12,1439907016610,"44,532",100% bearish,of 1 rating,$100
ATRS,$1.92,1439907016644,"37,341",92% bullish,of 12 ratings,$4.50
ANTH,$9.615,1439907016802,"98,990",80% bullish,of 10 ratings,$13
ATNY,$2.34,1439907016946,"2,004",50% bullish,of 2 ratings,$3.75
ABAC,NULL,1439907016971,0,100% bearish,of 1 rating,N/A
APIC,$7.87,1439907017001,"8,118",100% bearish,of 1 rating,$19
APOL,$11.805,1439907017103,"80,788",87% bearish,of 68 ratings,$14
APOG,$54.59,1439907017134,"27,687",100% bullish,of 1 rating,$62
AINV,$6.6417,1439907017296,"305,506",50% bullish,of 4 ratings,$8
AAPL,$116.58,1439907017329,"4,899,195",86% bullish,of 2332 ratings,$150
APPF,$17.37,1439907017427,"5,473",50% bullish,of 2 ratings,$22
ARCI,$1.27,1439907017457,470,Not yet rated,NULL,N/A
APDN,$3.4099,1439907017486,"30,200",Not yet rated,NULL,$9
AGTC,$16.17,1439907017592,"4,955",50% bullish,of 2 ratings,$33
APDNW,$1.45,1439907017641,900,Not yet rated,NULL,N/A
AMAT,$16.76,1439907017723,"1,083,064",82% bullish,of 11 ratings,$23
AAOI,$22,1439907017908,"18,059",50% bullish,of 4 ratings,$26
AMCC,$5.695,1439907017960,"108,352",80% bullish,of 5 ratings,$8
AREX,$2.68,1439907017992,"31,296",100% bearish,of 1 rating,$3
APRI,$1.16,1439907018043,"5,952",83% bullish,of 6 ratings,$4.86
APTO,$5.03,1439907018091,3,Not yet rated,NULL,$17
AQMS,$5.434,1439907018221,"9,830",Not yet rated,NULL,N/A
AQXP,$19.9746,1439907018251,"89,734",50% bullish,of 2 ratings,$2
AUMA,NULL,1439907018287,0,Not yet rated,NULL,N/A
AUMAU,NULL,1439907018447,0,Not yet rated,NULL,N/A
ARDM,NULL,1439907018598,0,100% bullish,of 1 rating,$26
ABUS,$8.44,1439907018624,"35,135",86% bullish,of 14 ratings,$23
AUMAW,NULL,1439907018698,0,Not yet rated,NULL,N/A
PETX,$17.05,1439907018830,"16,156",100% bearish,of 2 ratings,$26
ARCW,$3.83,1439907018860,950,100% bearish,of 2 ratings,$10.50
ABIO,$0.9,1439907018962,"28,600",50% bullish,of 2 ratings,$3.75
ARCB,$32.64,1439907019041,"6,074",50% bullish,of 2 ratings,$39.50
RKDA,$5.35,1439907019093,"3,900",100% bearish,of 2 ratings,$10
ACGL,$73.93,1439907019118,"17,276",50% bullish,of 2 ratings,$72
ACAT,$30.04,1439907019151,"5,226",100% bearish,of 3 ratings,$33
ARDX,$19.795,1439907019250,"55,162",50% bullish,of 2 ratings,$22
ARNA,$3.34,1439907019280,"158,342",90% bullish,of 77 ratings,$5.50
AGIIL,$25.49,1439907019442,"3,811",Not yet rated,NULL,N/A
ARCC,$16.06,1439907019504,"56,564",67% bearish,of 3 ratings,$17.875
AGII,$57.87,1439907019572,"5,955",Not yet rated,NULL,$58
ARGS,$4.4501,1439907019598,850,50% bullish,of 2 ratings,$19.50
ARIS,NULL,1439907019623,0,Not yet rated,NULL,$4.50
ARIA,$7.465,1439907019874,"151,619",87% bullish,of 46 ratings,$9
ARMH,$42.94,1439907019900,"601,131",54% bearish,of 13 ratings,$61
ARKR,NULL,1439907019952,0,50% bullish,of 2 ratings,N/A
ARWA,NULL,1439907020086,0,Not yet rated,NULL,N/A
ARWAU,NULL,1439907020119,0,100% bullish,of 1 rating,N/A
ARWAR,NULL,1439907020140,0,Not yet rated,NULL,N/A
ARTX,$1.59,1439907020170,"24,200",88% bullish,of 16 ratings,$4.50
ARQL,$1.72,1439907020317,"1,075",75% bullish,of 4 ratings,$5
ARRY,$5.835,1439907020390,"64,830",100% bullish,of 7 ratings,$10
ARWAW,NULL,1439907020461,0,Not yet rated,NULL,N/A
DWAT,NULL,1439907020522,0,100% bearish,of 1 rating,N/A
AROW,$27.5201,1439907020597,"1,595",Not yet rated,NULL,N/A
ARRS,$27.75,1439907020623,"42,268",50% bullish,of 2 ratings,$38
ARWR,$6.01,1439907020752,"157,118",75% bullish,of 4 ratings,$10.50
ARTNA,$22.49,1439907020893,462,100% bearish,of 1 rating,$29
ARTW,$4.46,1439907020924,100,75% bearish,of 4 ratings,N/A
ASBB,NULL,1439907020945,0,Not yet rated,NULL,N/A
ASND,$17.14,1439907021088,"4,492",100% bullish,of 1 rating,$30
ASNA,$12.411,1439907021118,"135,742",50% bullish,of 2 ratings,$18
ASCMA,$28.11,1439907021144,"8,140",100% bearish,of 1 rating,$45
ASTI,$0.1601,1439907021170,"431,428",83% bullish,of 6 ratings,$3
ASMI,$39.03,1439907021304,590,50% bullish,of 2 ratings,N/A
ASML,$93.44,1439907021474,"353,416",67% bullish,of 3 ratings,$127
ASFI,$9.15,1439907021605,205,100% bullish,of 1 rating,N/A
APWC,$2.07,1439907021639,100,100% bearish,of 1 rating,N/A
AZPN,$38.54,1439907021666,"71,528",50% bullish,of 2 ratings,$42
ALOT,NULL,1439907021694,0,100% bearish,of 1 rating,N/A
ASTE,$38.43,1439907021738,"7,009",100% bearish,of 1 rating,$48
ASMB,$14,1439907021763,"5,900",67% bullish,of 3 ratings,N/A
ASTC,$2.32,1439907021892,466,100% bullish,of 5 ratings,N/A
ATRO,$58.23,1439907021954,"12,114",100% bearish,of 2 ratings,$80
ASUR,$5.9,1439907022058,115,Not yet rated,NULL,$8
ATRA,$49.61,1439907022091,"14,184",50% bullish,of 2 ratings,$68
ATAI,$3.04,1439907022165,550,100% bearish,of 1 rating,N/A
ATHN,$141.13,1439907022195,"18,952",67% bearish,of 3 ratings,$153
ATHX,$1.162,1439907022347,"2,788",89% bullish,of 9 ratings,$5
AFCB,NULL,1439907022406,0,Not yet rated,NULL,N/A
AAME,NULL,1439907022539,0,Not yet rated,NULL,N/A
AAPC,$10.18,1439907022564,14,Not yet rated,NULL,N/A
ATNI,$75.9,1439907022730,"8,251",100% bearish,of 1 rating,$69.50
ATML,$7.715,1439907022758,"513,080",78% bullish,of 9 ratings,$9.50
ACFC,$6.5999,1439907022784,"10,424",Not yet rated,NULL,$6.50
ATLC,$3.93,1439907022921,270,67% bullish,of 3 ratings,N/A
ATOS,$0.97,1439907022952,"7,196",100% bullish,of 7 ratings,$7
AFH,$17.19,1439907022981,"1,785",Not yet rated,NULL,$21.50
AAWW,$45.106,1439907023051,"14,332",50% bullish,of 2 ratings,$65
ATRI,$396.6,1439907023113,"1,050",Not yet rated,NULL,N/A
ATRC,$27.38,1439907023217,"3,640",100% bullish,of 1 rating,$30
ATRM,NULL,1439907023269,0,50% bullish,of 2 ratings,N/A
LIFE,$15.79,1439907023353,"1,490",86% bullish,of 7 ratings,$43
ATTU,$15.32,1439907023402,"6,336",100% bearish,of 1 rating,$20.50
AUBN,NULL,1439907023570,0,Not yet rated,NULL,N/A
AUDC,$3.34,1439907023654,"13,629",80% bullish,of 5 ratings,$5
AVGO,$122.81,1439907023787,"142,143",88% bullish,of 8 ratings,$160
ABTL,$19.8594,1439907023818,"4,672",100% bullish,of 4 ratings,$20.25
AUPH,$3.54,1439907023845,"11,964",100% bearish,of 1 rating,$8
ADSK,$54.875,1439907023873,"68,759",83% bullish,of 6 ratings,$69.50
ADAT,$0.1155,1439907023907,"1,058",100% bullish,of 2 ratings,N/A
EARS,NULL,1439907023937,0,100% bearish,of 2 ratings,$12
ADP,$84.41,1439907024005,"176,891",100% bearish,of 1 rating,$88
AAVL,$11.065,1439907024251,"56,999",100% bearish,of 1 rating,$20
AVNU,$13,1439907024349,100,Not yet rated,NULL,$14
AVEO,$1.65,1439907024380,"1,060,759",75% bullish,of 8 ratings,$3
AVGR,$15.445,1439907024482,"1,848",100% bearish,of 1 rating,$20
AVID,$8.81,1439907024511,"30,634",100% bearish,of 1 rating,$20
AWRE,$3.27,1439907024614,"4,700",67% bullish,of 3 ratings,N/A
AVNW,$1.15,1439907024639,"3,488",50% bullish,of 2 ratings,$2.20
CAR,$47.0499,1439907024671,"228,774",80% bullish,of 5 ratings,$60
ACLS,$3.23,1439907024771,"78,071",67% bullish,of 6 ratings,$4.75
AXPWW,NULL,1439907024800,0,Not yet rated,NULL,N/A
AXPW,$1.1,1439907024825,"83,401",83% bullish,of 6 ratings,N/A
AXGN,$3.9499,1439907024975,"5,768",Not yet rated,NULL,$5
AXTI,$2.21,1439907025000,432,50% bullish,of 2 ratings,$2.75
RILY,NULL,1439907025025,0,Not yet rated,NULL,N/A
BCOM,$20,1439907025165,1,100% bearish,of 1 rating,N/A
BOSC,$2.3499,1439907025267,"1,000",50% bullish,of 2 ratings,N/A
BEAV,$50.6603,1439907025398,"33,944",67% bearish,of 3 ratings,$59
BLDP,$1.33,1439907025494,"2,988",91% bullish,of 22 ratings,$2.50
BWINB,NULL,1439907025524,0,Not yet rated,NULL,N/A
BIDU,$166.485,1439907025552,"505,960",81% bullish,of 88 ratings,$215
BCPC,$61.3,1439907025575,"10,264",100% bearish,of 1 rating,$75
BWINA,NULL,1439907025601,0,Not yet rated,NULL,N/A
BANFP,NULL,1439907025768,0,Not yet rated,NULL,N/A
BANF,$64.2,1439907025800,"1,410",Not yet rated,NULL,$68
BKMU,$7.41,1439907025905,"2,238",Not yet rated,NULL,$8
BOTJ,$11.49,1439907025958,116,Not yet rated,NULL,N/A
BMRC,$49.08,1439907025990,402,Not yet rated,NULL,$52
BOCH,$5.73,1439907026012,"1,072",Not yet rated,NULL,$6.50
BKSC,$15.92,1439907026084,52,Not yet rated,NULL,N/A
OZRK,$43.7906,1439907026188,"23,188",67% bullish,of 3 ratings,$49.50
BFIN,$12.33,1439907026356,300,Not yet rated,NULL,$13
BWFG,NULL,1439907026462,0,100% bearish,of 1 rating,N/A
BZUN,$7.67,1439907026488,"27,350",50% bullish,of 2 ratings,$13.85
BANR,$48.17,1439907026517,"2,179",100% bullish,of 3 ratings,$50
BHAC,NULL,1439907026620,0,Not yet rated,NULL,N/A
TAPR,$31.75,1439907026652,"1,000",100% bearish,of 1 rating,N/A
BHACU,$10.15,1439907026714,"2,000",Not yet rated,NULL,N/A
BHACW,NULL,1439907026745,0,Not yet rated,NULL,N/A
BBSI,$37.41,1439907026851,"7,787",67% bearish,of 3 ratings,$62.50
BSET,$31.7,1439907026951,"7,997",100% bearish,of 1 rating,$35
BYBK,$5.05,1439907026978,634,100% bearish,of 1 rating,N/A
BHACR,NULL,1439907027025,0,Not yet rated,NULL,N/A
BYLK,$12.92,1439907027219,"25,000",Not yet rated,NULL,$14
BV,$5.36,1439907027279,"23,912",67% bullish,of 6 ratings,$9
BBCN,$15.67,1439907027505,"12,630",100% bearish,of 1 rating,$16
BECN,$36.29,1439907027580,"18,673",50% bullish,of 2 ratings,$40
BBGI,$5,1439907027679,1,100% bearish,of 1 rating,N/A
BCBP,$11.78,1439907027706,856,Not yet rated,NULL,N/A
BBBY,$63.77,1439907027756,"186,200",71% bullish,of 7 ratings,$75
BDCV,$4.92,1439907027787,"4,930",100% bearish,of 1 rating,$10.19
BSF,NULL,1439907027808,0,Not yet rated,NULL,N/A
BELFA,$17.02,1439907027937,10,100% bearish,of 1 rating,N/A
BEBE,$1.82,1439907027966,"2,200",75% bullish,of 4 ratings,$3.075
BLPH,$4.82,1439907027996,"13,535",100% bearish,of 1 rating,$12.50
BELFB,$20.1,1439907028253,600,100% bearish,of 1 rating,N/A
BNFT,$40.71,1439907028280,"14,098",67% bullish,of 3 ratings,$46
BLCM,$19.02,1439907028318,"23,947",50% bullish,of 4 ratings,$40
BNCL,$12.97,1439907028343,"4,712",100% bullish,of 3 ratings,$12.50
BGMD,$0.8999,1439907028477,"98,354",100% bullish,of 10 ratings,N/A
BNTC,NULL,1439907028514,0,100% bullish,of 1 rating,N/A
BIND,$4.52,1439907028694,"6,919",67% bullish,of 3 ratings,$13.50
BGFV,$11.2,1439907028724,"7,810",57% bullish,of 7 ratings,$12
BGCP,$9.61,1439907028782,"97,955",88% bullish,of 8 ratings,$14
BASI,$1.4601,1439907028859,"17,432",Not yet rated,NULL,N/A
BCRX,$12.1664,1439907028889,"36,419",63% bullish,of 8 ratings,$18
BCDA,NULL,1439907028919,0,Not yet rated,NULL,N/A
ORPN,NULL,1439907028945,0,100% bullish,of 1 rating,$28.50
BIOC,$1.897,1439907028973,"49,735",83% bullish,of 6 ratings,$3.70
BIOD,$0.7,1439907029190,"15,725",80% bullish,of 5 ratings,$4
BDSI,$6.715,1439907029319,"97,626",88% bullish,of 8 ratings,$17
BIIB,$315.7,1439907029456,"99,475",88% bullish,of 16 ratings,$400
BIOL,$1.6,1439907029514,"16,620",Not yet rated,NULL,N/A
BLRX,$1.57,1439907029600,"41,369",100% bullish,of 12 ratings,$5
BLFS,$2.18,1439907029647,"1,416",100% bearish,of 1 rating,$4.75
BVXV,$4.1,1439907029678,200,Not yet rated,NULL,N/A
BMRN,$139.25,1439907029705,"40,434",80% bullish,of 5 ratings,$160
BPTH,$1.145,1439907029776,"10,700",100% bullish,of 2 ratings,$5
BVXVW,NULL,1439907029834,0,100% bearish,of 1 rating,N/A
BRLI,$35.8,1439907030043,"18,425",83% bullish,of 6 ratings,N/A
BBP,$34.99,1439907030079,"2,488",Not yet rated,NULL,N/A
BSTC,$53.325,1439907030101,"6,536",100% bearish,of 1 rating,$76
BBC,$33.46,1439907030131,"12,840",Not yet rated,NULL,N/A
BSPM,$0.6501,1439907030174,"6,647",50% bullish,of 2 ratings,N/A
BIOS,$1.51,1439907030202,"132,870",71% bullish,of 7 ratings,$4
BOTA,$2.35,1439907030474,"13,554",88% bullish,of 8 ratings,N/A
BITI,$19.65,1439907030581,904,100% bullish,of 1 rating,$28
BDMS,NULL,1439907030649,0,100% bearish,of 1 rating,N/A
TECH,$106.38,1439907030681,"2,915",100% bullish,of 1 rating,$117
BEAT,$12.38,1439907030725,"7,839",67% bearish,of 3 ratings,$15
BBOX,$15.81,1439907030782,"1,901",100% bearish,of 1 rating,N/A
BLKB,$63.62,1439907030808,"7,818",100% bearish,of 2 ratings,$66
BBRY,$7.56,1439907030839,"412,689",61% bullish,of 330 ratings,$9
BJRI,$47.315,1439907030865,"43,336",50% bullish,of 2 ratings,$55
BDE,$7.41,1439907030999,"12,410",50% bullish,of 2 ratings,$9
ADRD,NULL,1439907031176,0,100% bearish,of 1 rating,N/A
BKCC,$9.49,1439907031234,"15,115",100% bullish,of 2 ratings,$10
ADRA,NULL,1439907031269,0,Not yet rated,NULL,N/A
HAWK,$44.5,1439907031333,"70,796",90% bullish,of 10 ratings,$49
ADRE,$31.19,1439907031358,908,Not yet rated,NULL,N/A
ADRU,NULL,1439907031496,0,100% bearish,of 1 rating,N/A
BLMN,$21.94,1439907031584,"49,816",83% bullish,of 6 ratings,$27.50
BCOR,$13.76,1439907031716,"21,258",57% bullish,of 7 ratings,$15
BLBD,$13.09,1439907031741,700,Not yet rated,NULL,N/A
BHBK,$14.41,1439907031934,856,100% bullish,of 1 rating,$14.50
BBLU,$0.8603,1439907031967,"8,960",100% bullish,of 2 ratings,$4.43
NILE,$34.92,1439907031988,"9,626",50% bullish,of 2 ratings,$34
BLUE,$133.225,1439907032121,"44,096",86% bullish,of 7 ratings,$217.50
BUFF,$26.23,1439907032188,"77,294",83% bullish,of 12 ratings,$33
BKEP,$6.9999,1439907032222,"3,545",100% bearish,of 1 rating,$8.50
BKEPP,$7.8211,1439907032319,811,100% bearish,of 1 rating,N/A
BPMC,$29.29,1439907032451,"12,050",50% bullish,of 2 ratings,$47.50
BOBE,$46.62,1439907032481,"5,106",75% bullish,of 4 ratings,$57
BOFI,$131.9899,1439907032583,"12,426",100% bullish,of 6 ratings,$137.50
BNCN,$22.09,1439907032646,"2,965",Not yet rated,NULL,$23
BOKF,$66.52,1439907032715,"1,473",100% bearish,of 1 rating,$71
WIFI,$9.03,1439907032780,"34,727",50% bullish,of 2 ratings,$13.50
BONA,$12.05,1439907032847,"25,302",75% bullish,of 4 ratings,$8.50
BOJA,$22.79,1439907032873,"4,341",100% bullish,of 1 rating,$30
BNSO,NULL,1439907032913,0,100% bearish,of 1 rating,N/A
BAMM,$3.2199,1439907033007,"3,790",60% bullish,of 5 ratings,N/A
BPFHP,NULL,1439907033074,0,100% bearish,of 1 rating,N/A
BPFH,$12.56,1439907033112,"25,298",100% bearish,of 1 rating,$14
EPAY,$26.83,1439907033267,"10,810",100% bearish,of 2 ratings,$30
BPFHW,NULL,1439907033296,0,100% bearish,of 1 rating,N/A
BDBD,$9.07,1439907033322,"37,973",60% bullish,of 5 ratings,$10
BCLI,$3.2,1439907033482,"57,356",80% bullish,of 5 ratings,$12
BBEP,$2.5201,1439907033508,"230,080",69% bullish,of 13 ratings,$5.625
BBEPP,$13.84,1439907033567,"2,790",100% bearish,of 1 rating,N/A
BBRG,$13.15,1439907033699,"3,226",67% bullish,of 3 ratings,$14.50
BLIN,NULL,1439907033771,0,50% bullish,of 2 ratings,$2.80
BRID,$8.5,1439907033860,"2,788",100% bearish,of 1 rating,N/A
BCOV,$5.45,1439907033919,"4,518",67% bullish,of 3 ratings,$10.20
BDGE,$28.34,1439907033946,"4,945",Not yet rated,NULL,$31.75
BSFT,$34.085,1439907033991,"10,654",57% bullish,of 7 ratings,$40.50
BRCM,$51.08,1439907034077,"264,656",75% bullish,of 12 ratings,$56
BYFC,NULL,1439907034172,0,50% bullish,of 2 ratings,N/A
BVSN,$6,1439907034203,20,60% bearish,of 5 ratings,N/A
BRCD,$10.015,1439907034350,"248,372",92% bullish,of 13 ratings,$12.50
BWEN,$3.6,1439907034459,"3,448",100% bullish,of 3 ratings,$8
BRKL,$10.895,1439907034487,"18,789",100% bearish,of 1 rating,$10.75
BRKS,$10.8,1439907034524,"8,202",67% bullish,of 3 ratings,$15.25
BRKR,$20.2,1439907034633,"18,974",100% bearish,of 2 ratings,$22
BMTC,$30.12,1439907034681,"1,770",Not yet rated,NULL,$34
BLMT,$21.489,1439907034814,"1,200",Not yet rated,NULL,N/A
BWLD,$198.87,1439907034863,"12,018",82% bullish,of 11 ratings,$205
BSQR,$7.43,1439907034889,"19,207",67% bullish,of 3 ratings,N/A
BUR,NULL,1439907035020,0,100% bearish,of 1 rating,$8
BLDR,$14.78,1439907035081,"98,891",50% bullish,of 2 ratings,$22
CHRW,$69.9425,1439907035107,"233,460",Not yet rated,NULL,$72
CFFI,NULL,1439907035239,0,100% bearish,of 1 rating,N/A
CDNS,$21.635,1439907035260,"265,804",75% bullish,of 4 ratings,$22.50
CA,$29.39,1439907035297,"145,593",50% bullish,of 4 ratings,$33
CCMP,$45.37,1439907035401,"7,949",50% bullish,of 2 ratings,$59
CACQ,$7.47,1439907035643,950,100% bearish,of 1 rating,$12.25
CLBS,$1.4099,1439907035693,"19,773",79% bullish,of 14 ratings,$4
CZR,$7.65,1439907035724,"67,868",60% bearish,of 5 ratings,$10.50
CDZI,$7.23,1439907035756,"3,900",100% bearish,of 1 rating,N/A
CLMS,$11.97,1439907035828,"5,364",Not yet rated,NULL,$10.50
CSTE,$48.15,1439907035855,"72,359",100% bearish,of 1 rating,$65
PRSS,NULL,1439907035920,0,80% bullish,of 5 ratings,$4.50
CHY,$11.8501,1439907035989,"41,459",Not yet rated,NULL,N/A
CHW,$8.06,1439907036232,"45,688",100% bearish,of 1 rating,N/A
CHI,$11.025,1439907036261,"43,117",100% bearish,of 1 rating,N/A
CCD,$21.1784,1439907036366,"11,318",Not yet rated,NULL,N/A
CFGE,$11.15,1439907036410,6,Not yet rated,NULL,N/A
CAMP,$16.43,1439907036439,"10,475",86% bullish,of 7 ratings,$25
CGO,$12.88,1439907036542,"2,528",100% bearish,of 1 rating,N/A
CSQ,$10.56,1439907036601,"37,387",Not yet rated,NULL,N/A
CALD,$16.34,1439907036674,"23,425",100% bearish,of 1 rating,$20.50
CFNB,NULL,1439907036732,0,100% bearish,of 1 rating,N/A
CVGW,$53.87,1439907036759,"4,901",50% bullish,of 2 ratings,$58.50
CALA,$5.46,1439907036806,"8,912",100% bullish,of 3 ratings,$19.50
CALM,$51.88,1439907036840,"38,362",80% bullish,of 5 ratings,$65
CLMT,$26.548,1439907036939,"12,314",75% bullish,of 8 ratings,$31
ABCD,$4.65,1439907037155,"5,662",83% bullish,of 6 ratings,N/A
CAMB,NULL,1439907037201,0,Not yet rated,NULL,N/A
CAMBU,NULL,1439907037297,0,100% bearish,of 1 rating,N/A
CAMT,$2.94,1439907037328,"7,375",73% bullish,of 11 ratings,$4
CSIQ,$24.56,1439907037433,"240,219",86% bullish,of 28 ratings,$45
CAMBW,NULL,1439907037464,0,Not yet rated,NULL,N/A
CAC,$40.9,1439907037496,601,Not yet rated,NULL,N/A
CPHC,NULL,1439907037563,0,100% bearish,of 1 rating,N/A
CBNJ,$10.9,1439907037645,"3,819",100% bullish,of 1 rating,N/A
CGIX,$10.85,1439907037703,"5,579",67% bullish,of 3 ratings,$14.375
CPLA,$49.61,1439907037731,"3,526",50% bullish,of 2 ratings,$65
CBF,$30.6,1439907037863,"2,288",Not yet rated,NULL,$32
CPLP,$7.2755,1439907037894,"33,312",71% bullish,of 7 ratings,$11
CCBG,$15.15,1439907037938,100,Not yet rated,NULL,$17.25
CSWC,$50,1439907037996,298,Not yet rated,NULL,N/A
CPTA,$15.14,1439907038127,"22,904",Not yet rated,NULL,$18.50
CFFN,$12.205,1439907038294,"148,572",Not yet rated,NULL,$12.75
CPST,$0.3835,1439907038320,"111,694",95% bullish,of 22 ratings,$1
CAPN,$2.4802,1439907038369,"139,199",100% bullish,of 1 rating,$10.85
CAPNW,NULL,1439907038451,0,Not yet rated,NULL,N/A
CARB,$11.51,1439907038522,"14,534",75% bullish,of 4 ratings,$12
CAPR,$4.31,1439907038547,"10,004",Not yet rated,NULL,$12
CARA,$22,1439907038577,"30,919",50% bullish,of 4 ratings,$27.50
CRDC,$0.38,1439907038621,"11,286",100% bullish,of 1 rating,$1.25
CRME,$9.76,1439907038773,100,89% bullish,of 9 ratings,$11.25
CBYL,$6.7169,1439907038801,411,100% bearish,of 1 rating,$20
CSII,$24,1439907038932,"33,448",100% bearish,of 2 ratings,$42.125
CFNL,$23.62,1439907038989,"10,174",Not yet rated,NULL,$24
CDNA,NULL,1439907039137,0,100% bearish,of 1 rating,$9
CATM,$35.3,1439907039187,"2,362",100% bearish,of 1 rating,$44
CTRE,$11.69,1439907039217,"77,361",50% bullish,of 2 ratings,N/A
CKEC,$23.55,1439907039244,"5,024",50% bullish,of 2 ratings,$35.915
CART,NULL,1439907039330,0,100% bearish,of 1 rating,N/A
CECO,$3.92,1439907039386,"12,503",67% bearish,of 3 ratings,$6
CLBH,NULL,1439907039430,0,Not yet rated,NULL,$16.50
CARO,$15.5,1439907039527,446,100% bearish,of 1 rating,$19
TAST,$13.23,1439907039628,"18,262",Not yet rated,NULL,$14.25
CRZO,$34.66,1439907039663,"55,667",67% bearish,of 3 ratings,$57
CRTN,NULL,1439907039688,0,100% bearish,of 1 rating,N/A
CARV,NULL,1439907039821,0,50% bullish,of 2 ratings,N/A
CASM,$1.1,1439907040083,87,100% bullish,of 1 rating,$3.50
CACB,$5.5,1439907040108,"2,039",Not yet rated,NULL,$5.50
CASY,$108.82,1439907040158,"14,956",50% bullish,of 2 ratings,$99.50
CASS,NULL,1439907040191,0,100% bearish,of 1 rating,N/A
CWST,$6.413,1439907040293,"41,694",50% bullish,of 2 ratings,$7
CPRX,$4.23,1439907040352,"63,114",71% bullish,of 7 ratings,$7
CSCD,$14.0088,1439907040381,"1,110",100% bullish,of 2 ratings,$17
CASI,$1.497,1439907040428,250,100% bullish,of 1 rating,$3.50
CATY,$32.395,1439907040597,"31,094",100% bearish,of 1 rating,$33.50
CATYW,NULL,1439907040628,0,100% bearish,of 1 rating,N/A
CATB,$11.78,1439907040684,"6,437",100% bearish,of 1 rating,$28
CVCO,$73.26,1439907040730,"3,300",100% bearish,of 1 rating,N/A
CNLM,NULL,1439907040873,0,Not yet rated,NULL,N/A
CAVM,$73.03,1439907040901,"22,324",67% bearish,of 3 ratings,$72
CBFV,NULL,1439907040945,0,Not yet rated,NULL,N/A
CNLMR,NULL,1439907041139,0,Not yet rated,NULL,N/A
CBOE,$64.1,1439907041182,"20,237",Not yet rated,NULL,$60
CNLMW,NULL,1439907041208,0,Not yet rated,NULL,N/A
CNLMU,NULL,1439907041229,0,100% bullish,of 1 rating,N/A
CDW,$39.52,1439907041366,"18,680",75% bullish,of 4 ratings,$44
CECE,$10.3801,1439907041403,"2,678",50% bullish,of 2 ratings,$16
CPXX,$2.26,1439907041584,"10,841",100% bullish,of 2 ratings,$7
CELG,$131.474,1439907041613,"242,288",92% bullish,of 13 ratings,$155.50
CDK,$52.01,1439907041635,"37,766",67% bearish,of 3 ratings,$50
CELGZ,$1.98,1439907041774,"12,660",80% bullish,of 5 ratings,N/A
CLDN,$1.0801,1439907041825,"44,575",71% bullish,of 7 ratings,$3
CLDX,$16.087,1439907041851,"254,988",89% bullish,of 9 ratings,$36
CLRBW,NULL,1439907041982,0,Not yet rated,NULL,N/A
CLLS,$33.03,1439907042037,"1,500",75% bullish,of 4 ratings,$51.50
CLRB,NULL,1439907042068,0,100% bearish,of 1 rating,N/A
CBMG,$21.49,1439907042134,"22,700",50% bullish,of 2 ratings,N/A
CLSN,$2.185,1439907042164,"15,822",80% bullish,of 10 ratings,$7.50
CLTX,$0.8499,1439907042214,"608,195",100% bullish,of 2 ratings,N/A
CYAD,$55.27,1439907042401,100,100% bullish,of 1 rating,$87.50
CETX,$2.45,1439907042435,600,Not yet rated,NULL,$5.60
CEMP,$37.33,1439907042463,"26,913",71% bullish,of 7 ratings,$48.50
CSFL,$14.27,1439907042533,"5,374",Not yet rated,NULL,$15
CETV,$2.23,1439907042559,"12,362",67% bullish,of 3 ratings,$2.80
CFBK,NULL,1439907042619,0,Not yet rated,NULL,N/A
CENTA,$12.44,1439907042846,"8,629",Not yet rated,NULL,N/A
CENX,$5.1605,1439907042872,"880,607",67% bullish,of 6 ratings,$9
CENT,$11.64,1439907042951,"2,467",Not yet rated,NULL,$10
CVCY,NULL,1439907043490,0,Not yet rated,NULL,$12
CNBKA,$41.35,1439907043622,100,100% bullish,of 1 rating,N/A
CRNT,$1.49,1439907043749,"99,190",50% bullish,of 2 ratings,$2
CERN,$64.45,1439907043801,"121,399",67% bullish,of 3 ratings,$79
CERE,$1.5401,1439907043853,"162,215",88% bullish,of 8 ratings,N/A
CNTY,$6.33,1439907043882,"2,120",80% bullish,of 5 ratings,$7.75
CPHD,$51.55,1439907043993,"33,893",50% bullish,of 2 ratings,$66.50
CERU,$3.46,1439907044019,400,75% bullish,of 4 ratings,$15
KOOL,$0.74,1439907044066,400,100% bullish,of 5 ratings,$7
CERS,$4.93,1439907044199,"80,596",75% bullish,of 4 ratings,$7
CYOU,$20,1439907044227,"18,973",50% bullish,of 6 ratings,$24
HOTR,$1.48,1439907044255,"26,254",100% bullish,of 2 ratings,$5
CEVA,$19.5,1439907044280,"6,883",100% bearish,of 1 rating,$25
HOTRW,NULL,1439907044421,0,Not yet rated,NULL,N/A
CTHR,$1.22,1439907044556,2,50% bullish,of 2 ratings,$2.50
GTLS,$24.765,1439907044604,"17,314",50% bullish,of 4 ratings,$40
CHFN,$12.53,1439907044739,"1,102",Not yet rated,NULL,$14
CHEK,$3.25,1439907044886,136,Not yet rated,NULL,$7.75
CHKP,$82.57,1439907044950,"132,276",50% bullish,of 4 ratings,$92
CHEKW,NULL,1439907045015,0,Not yet rated,NULL,N/A
CHTR,$186.515,1439907045045,"171,534",100% bearish,of 2 ratings,$196
CHMG,$26.6,1439907045150,"3,000",Not yet rated,NULL,$30
CEMI,$4.67,1439907045176,204,50% bullish,of 2 ratings,$7.50
CHFC,$32.91,1439907045206,"1,246",100% bearish,of 1 rating,$36
CCXI,$7,1439907045257,"35,528",67% bullish,of 3 ratings,$14
CHMA,$26.92,1439907045416,"22,566",Not yet rated,NULL,$40
CHEV,$14.35,1439907045470,200,Not yet rated,NULL,N/A
CHKE,$27.99,1439907045522,"3,567",100% bearish,of 1 rating,$32.50
CBNK,NULL,1439907045604,0,100% bearish,of 1 rating,N/A
PLCE,$61.09,1439907045916,"31,183",100% bearish,of 1 rating,$71
CADC,NULL,1439907045995,0,78% bullish,of 9 ratings,N/A
CBPO,$110.4,1439907046027,"5,969",75% bullish,of 8 ratings,$140.50
CCCL,$0.9399,1439907046049,"21,784",100% bullish,of 6 ratings,N/A
CAAS,$6.93,1439907046085,340,93% bullish,of 14 ratings,$11.50
CMRX,$53.27,1439907046106,"36,078",50% bullish,of 2 ratings,$57
CALI,$1.11,1439907046139,"33,968",67% bullish,of 3 ratings,N/A
CBAK,$2.26,1439907046164,"6,172",67% bullish,of 9 ratings,N/A
CHOP,NULL,1439907046467,0,50% bullish,of 2 ratings,N/A
JRJC,$4.42,1439907046497,"39,313",82% bullish,of 11 ratings,N/A
HGSH,$1.8627,1439907046535,500,67% bullish,of 3 ratings,N/A
CCCR,$0.66,1439907046599,"20,028",67% bearish,of 3 ratings,N/A
CHLN,NULL,1439907046669,0,67% bullish,of 3 ratings,N/A
CHNR,NULL,1439907046826,0,100% bearish,of 1 rating,N/A
HTHT,$27.52,1439907046885,"63,404",50% bullish,of 2 ratings,$28
CNIT,$1.72,1439907046915,"29,408",67% bullish,of 6 ratings,N/A
CJJD,$2.2301,1439907046959,884,100% bullish,of 1 rating,N/A
CREG,$0.8081,1439907047019,"6,739",100% bullish,of 3 ratings,N/A
CPGI,$6.9601,1439907047106,485,Not yet rated,NULL,N/A
CNTF,$0.9415,1439907047134,"6,218",Not yet rated,NULL,N/A
CSUN,$1.53,1439907047177,15,80% bullish,of 5 ratings,N/A
CCIH,$9.86,1439907047312,"16,611",67% bullish,of 6 ratings,$12.65
CNYD,NULL,1439907047339,0,67% bullish,of 3 ratings,N/A
CXDC,$6.18,1439907047361,"2,600",67% bullish,of 3 ratings,N/A
CNET,$0.78,1439907047701,"6,754",50% bullish,of 2 ratings,N/A
IMOS,$16.025,1439907047735,"7,305",60% bullish,of 5 ratings,$21.50
CHSCN,$27.31,1439907047765,20,Not yet rated,NULL,N/A
CHSCO,NULL,1439907047795,0,Not yet rated,NULL,N/A
CHSCP,$30.4572,1439907047829,600,Not yet rated,NULL,N/A
CHSCL,$27.186,1439907047861,"2,800",Not yet rated,NULL,N/A
CHSCM,$26.35,1439907047890,"2,368",Not yet rated,NULL,N/A
CHDN,$138.65,1439907047965,"24,078",Not yet rated,NULL,$165
CHUY,$33.5101,1439907048208,"3,220",50% bullish,of 2 ratings,$34
CDTX,$14.355,1439907048234,"3,914",Not yet rated,NULL,$22
CMPR,$69.41,1439907048311,"12,798",50% bullish,of 2 ratings,$72.50
CMCT,NULL,1439907048373,0,100% bearish,of 1 rating,N/A
CIFC,NULL,1439907048398,0,Not yet rated,NULL,N/A
CTAS,$89.0327,1439907048569,"31,635",100% bearish,of 1 rating,$91
CINF,$56.72,1439907048600,"15,853",50% bullish,of 4 ratings,$50.50
CIDM,$0.65,1439907048633,"3,302",50% bullish,of 2 ratings,$2.10
CSCO,$28.46,1439907048699,"3,947,428",84% bullish,of 208 ratings,$32
CRUS,$29.31,1439907048730,"63,012",75% bullish,of 12 ratings,$44.50
CPHR,$6.93,1439907048765,"1,500",100% bearish,of 1 rating,$16
CZNC,$20.26,1439907048865,202,Not yet rated,NULL,N/A
CTRN,$22.79,1439907048891,"25,951",100% bearish,of 1 rating,$29.50
CZFC,NULL,1439907049025,0,Not yet rated,NULL,N/A
CIZN,NULL,1439907049097,0,Not yet rated,NULL,N/A
CZWI,$9.1001,1439907049123,900,Not yet rated,NULL,N/A
CTXS,$77.925,1439907049323,"131,289",86% bullish,of 7 ratings,$80
CDTI,$1.725,1439907049349,"12,504",75% bullish,of 4 ratings,$3.20
CIVBP,NULL,1439907049487,0,Not yet rated,NULL,N/A
CIVB,NULL,1439907049517,0,Not yet rated,NULL,$11
CHCO,$48.63,1439907049538,"1,568",Not yet rated,NULL,$46
CLNT,$1.95,1439907049668,100,75% bullish,of 8 ratings,N/A
CLNE,$4.69,1439907049694,"223,825",80% bullish,of 15 ratings,$9
CLFD,$18.32,1439907049725,"1,741",67% bullish,of 3 ratings,$18
CLRO,$11.83,1439907049753,400,50% bullish,of 2 ratings,$14.25
CLIR,$5.1438,1439907049928,"5,604",100% bullish,of 3 ratings,N/A
CSBK,$14,1439907049984,"3,200",Not yet rated,NULL,N/A
CBLI,$3.6699,1439907050015,"4,612",60% bullish,of 5 ratings,N/A
CLVS,$80.215,1439907050088,"15,907",60% bullish,of 5 ratings,$101.50
CME,$98.46,1439907050113,"70,147",67% bullish,of 3 ratings,$102
CMFN,$10.8,1439907050295,"2,582",100% bearish,of 1 rating,$15.50
CISG,$8.35,1439907050324,"15,536",100% bullish,of 5 ratings,$10
CCNE,$17.61,1439907050455,913,50% bullish,of 2 ratings,$21.50
CNV,$4.75,1439907050484,804,50% bullish,of 2 ratings,$7.15
COKE,$164.47,1439907050509,686,79% bullish,of 19 ratings,N/A
CDRB,$12.96,1439907050549,498,67% bullish,of 3 ratings,N/A
CWAY,NULL,1439907050649,0,Not yet rated,NULL,N/A
CDXS,$4.078,1439907050690,"21,669",64% bullish,of 11 ratings,$6
COBZ,$13.11,1439907050720,"4,358",100% bullish,of 1 rating,$14
JVA,$4.7625,1439907050907,"4,800",83% bullish,of 6 ratings,$7
CVLY,NULL,1439907050938,0,Not yet rated,NULL,N/A
CCOI,$29.185,1439907051085,"116,487",50% bullish,of 4 ratings,$35
CTSH,$67.525,1439907051134,"194,286",90% bullish,of 10 ratings,$74.50
CHRS,$33.11,1439907051219,"2,146",67% bearish,of 3 ratings,$37
CGNX,$36.75,1439907051264,"40,255",50% bullish,of 2 ratings,$47
CGNT,$1.61,1439907051292,"1,000",100% bullish,of 2 ratings,$2
COHR,$59.06,1439907051362,"4,528",50% bullish,of 2 ratings,$72
COHU,$9.32,1439907051421,"2,734",100% bearish,of 1 rating,$14.25
COLL,$17.12,1439907051517,"8,588",100% bearish,of 1 rating,$26
CLCT,$19.825,1439907051552,"2,394",100% bearish,of 1 rating,N/A
CLRX,$0.54,1439907051586,"4,653",50% bullish,of 2 ratings,$1.85
CBAN,NULL,1439907051690,0,Not yet rated,NULL,N/A
CIGI,NULL,1439907051721,0,100% bearish,of 1 rating,$52
COLB,$33.485,1439907051819,"5,895",Not yet rated,NULL,$36
CLCD,$8.11,1439907051878,"4,384",100% bearish,of 1 rating,$20.50
CMCO,$21.65,1439907052058,"1,700",60% bullish,of 5 ratings,$28
COLM,$65.96,1439907052120,"7,558",100% bearish,of 1 rating,$71
CUBN,$14,1439907052313,362,Not yet rated,NULL,N/A
CMCSK,$60.76,1439907052343,"225,984",Not yet rated,NULL,$84
CBSH,$47.8,1439907052365,"26,182",50% bullish,of 2 ratings,$46
CBMX,$1.29,1439907052392,"7,750",83% bullish,of 6 ratings,$3.15
CMCSA,$60.34,1439907052425,"1,115,389",66% bullish,of 35 ratings,$69.50
CBSHP,$25.3227,1439907052447,"1,660",100% bearish,of 1 rating,N/A
CVGI,$4.57,1439907052632,"28,484",50% bullish,of 2 ratings,$6
COMM,$31.67,1439907052732,"25,515",67% bearish,of 3 ratings,$35
JCS,$9.89,1439907052782,"1,536",67% bullish,of 3 ratings,N/A
CSAL,$23.27,1439907052808,"47,844",75% bullish,of 4 ratings,$30
CYHHZ,$0.012,1439907052863,"289,479",100% bullish,of 1 rating,N/A
ESXB,NULL,1439907052944,0,Not yet rated,NULL,N/A
CVLT,$37.32,1439907053199,"50,400",75% bullish,of 4 ratings,$44.50
CWBC,NULL,1439907053227,0,Not yet rated,NULL,N/A
COB,NULL,1439907053257,0,100% bullish,of 1 rating,$11.50
CTBI,$35.5424,1439907053296,"1,412",Not yet rated,NULL,$36
CIL,NULL,1439907053323,0,Not yet rated,NULL,N/A
CIZ,$35.13,1439907053392,400,100% bearish,of 1 rating,N/A
CID,NULL,1439907053463,0,Not yet rated,NULL,N/A
CSA,NULL,1439907053532,0,Not yet rated,NULL,N/A
CDC,$36.69,1439907053615,"1,540",Not yet rated,NULL,N/A
CSF,NULL,1439907053749,0,100% bearish,of 1 rating,N/A
CFO,$37.74,1439907053880,100,100% bearish,of 1 rating,N/A
CDL,NULL,1439907053940,0,Not yet rated,NULL,N/A
CFA,NULL,1439907053971,0,100% bearish,of 1 rating,N/A
CPSI,$46.18,1439907054011,"4,741",100% bearish,of 1 rating,$45.50
CSB,NULL,1439907054038,0,Not yet rated,NULL,N/A
CGEN,$5.6915,1439907054068,"3,557",50% bullish,of 2 ratings,$11
CTG,$6.52,1439907054170,"15,562",100% bearish,of 1 rating,$8.50
SCOR,$64.57,1439907054314,"7,024",100% bearish,of 1 rating,$66
CNSI,$19.44,1439907054446,"2,952",100% bearish,of 2 ratings,$29
CMTL,$28.09,1439907054517,"2,910",100% bearish,of 2 ratings,$37
CNAT,$4.45,1439907054542,"14,716",83% bullish,of 6 ratings,$13
CHCI,$0.54,1439907054588,519,50% bullish,of 2 ratings,N/A
CNCE,$16.05,1439907054617,"60,814",75% bullish,of 4 ratings,$22
CXRX,$77.43,1439907054745,402,Not yet rated,NULL,$90
CDOR,$1.5,1439907054843,210,100% bullish,of 1 rating,N/A
CDORP,NULL,1439907054923,0,100% bearish,of 1 rating,N/A
CCUR,$5.11,1439907054982,"1,404",75% bullish,of 4 ratings,N/A
CFMS,$22.44,1439907055012,"23,862",Not yet rated,NULL,$27
CNMD,$57.045,1439907055037,"4,452",Not yet rated,NULL,$59
CDORO,NULL,1439907055086,0,100% bearish,of 1 rating,N/A
CNOB,$20.44,1439907055300,"3,204",100% bullish,of 1 rating,$23.50
CTWS,$35.13,1439907055329,100,100% bearish,of 1 rating,$44
CNFR,$10.45,1439907055364,"1,034",Not yet rated,NULL,N/A
CONN,$33.97,1439907055468,"32,885",67% bullish,of 3 ratings,$48.50
CNXR,$6.89,1439907055573,"1,846",100% bearish,of 1 rating,$12
CNSL,$20.57,1439907055629,"15,281",100% bearish,of 1 rating,$23
CTCT,$24.4,1439907055731,"12,778",67% bullish,of 3 ratings,$37
CWCO,$12.15,1439907055763,"10,678",67% bullish,of 3 ratings,$14.50
CPSS,$5.635,1439907055795,"1,188",100% bullish,of 1 rating,$10
CTRV,$4.63,1439907055863,"1,700",Not yet rated,NULL,$6.40
CFRX,$5.565,1439907055929,"12,168",Not yet rated,NULL,$14
CFRXZ,$0.72,1439907055994,232,Not yet rated,NULL,N/A
CFRXW,$2.45,1439907056020,500,100% bearish,of 1 rating,N/A
CPRT,$36.66,1439907056173,"17,810",67% bearish,of 3 ratings,$40
CRBP,$1.9164,1439907056212,"7,335",100% bullish,of 1 rating,$6.25
CTRL,$8.43,1439907056241,"9,490",50% bullish,of 2 ratings,$11
CORT,$5.435,1439907056346,"17,091",67% bullish,of 3 ratings,$12
CORE,$63.935,1439907056451,"2,278",100% bearish,of 1 rating,$72
BVA,$3.78,1439907056521,100,50% bullish,of 2 ratings,N/A
CORI,$11.65,1439907056594,"7,074",100% bearish,of 1 rating,$18
CSOD,$37.99,1439907056653,"36,355",50% bullish,of 2 ratings,$42
CRVL,$33.77,1439907056725,508,100% bearish,of 1 rating,N/A
COSI,$1.1899,1439907056754,"1,614",100% bullish,of 1 rating,N/A
CSGP,$194.83,1439907056782,"7,446",50% bullish,of 2 ratings,$235
COST,$146.28,1439907056924,"132,717",83% bullish,of 24 ratings,$154.50
CPAH,$0.45,1439907056979,"2,915",50% bullish,of 2 ratings,N/A
CVTI,$25.36,1439907057158,"3,690",67% bearish,of 3 ratings,$39
ICBK,NULL,1439907057189,0,Not yet rated,NULL,$21
COVS,$2.78,1439907057241,"8,674",67% bullish,of 3 ratings,N/A
COWN,$5.5386,1439907057294,"29,895",75% bullish,of 4 ratings,$7
CPSH,NULL,1439907057319,0,Not yet rated,NULL,N/A
COWNL,$27.36,1439907057373,190,Not yet rated,NULL,N/A
CBRL,$153.055,1439907057507,"17,214",50% bullish,of 2 ratings,$155
CRAI,$23.13,1439907057584,595,Not yet rated,NULL,$36
CRAY,$22.62,1439907057637,"10,354",83% bullish,of 6 ratings,$38.50
BREW,$8.1684,1439907057672,"3,909",67% bullish,of 6 ratings,$15
SLVO,$10.25,1439907057770,"5,368",100% bearish,of 1 rating,N/A
CACC,$203.87,1439907057798,"6,252",50% bullish,of 2 ratings,$158.50
GLDI,$10.8,1439907057825,300,100% bearish,of 1 rating,N/A
CREE,$27.27,1439907057850,"103,907",65% bullish,of 17 ratings,$28.50
CRESY,$11.66,1439907058037,"8,260",100% bearish,of 1 rating,$19
CRTO,$46.77,1439907058133,"15,953",67% bullish,of 6 ratings,$64
CROX,$14.95,1439907058176,"62,472",63% bullish,of 8 ratings,$16.50
CRDS,NULL,1439907058238,0,50% bullish,of 4 ratings,$4.50
CRWN,$4.78,1439907058310,"10,017",75% bullish,of 4 ratings,N/A
CYRX,$2.91,1439907058373,"4,671",Not yet rated,NULL,$9
CRWS,NULL,1439907058395,0,Not yet rated,NULL,$10
CCRN,$14.49,1439907058422,"16,495",100% bearish,of 1 rating,$14.25
CYRXW,$0.8501,1439907058558,500,Not yet rated,NULL,N/A
CSPI,$6.188,1439907058659,300,67% bullish,of 3 ratings,N/A
CCLP,$14.65,1439907058863,"9,324",67% bearish,of 3 ratings,$21
CTIC,$1.81,1439907058924,"87,844",84% bullish,of 76 ratings,$5.75
CTCM,$1.76,1439907058954,"140,566",80% bearish,of 5 ratings,$3.90
CTRP,$70.48,1439907058978,"259,042",75% bullish,of 8 ratings,$92
CSGS,$32.19,1439907059008,"5,818",Not yet rated,NULL,$40
CTIB,NULL,1439907059057,0,100% bearish,of 1 rating,N/A
CUNB,$22.53,1439907059143,100,Not yet rated,NULL,$24.50
CPIX,$5.99,1439907059213,3,Not yet rated,NULL,N/A
CRIS,$2.84,1439907059342,"42,673",100% bullish,of 8 ratings,$6
CMLS,$1.275,1439907059373,"68,835",50% bullish,of 4 ratings,$6
CVBF,$17.66,1439907059474,"9,546",Not yet rated,NULL,$18
CUI,$5.53,1439907059547,"2,100",50% bullish,of 2 ratings,$10
CUTR,$15.09,1439907059621,"1,639",67% bearish,of 3 ratings,$18
CVV,$12.6999,1439907059678,"2,760",100% bullish,of 5 ratings,N/A
CYBR,$59.51,1439907059727,"250,499",86% bullish,of 7 ratings,$66
CYAN,NULL,1439907059909,0,100% bearish,of 1 rating,N/A
CYBX,$59.63,1439907059978,"3,722",50% bullish,of 4 ratings,$70
CYCC,$0.5811,1439907060013,"11,446",73% bullish,of 11 ratings,N/A
CYBE,$5.65,1439907060034,727,100% bearish,of 1 rating,N/A
CYCCP,NULL,1439907060070,0,100% bearish,of 1 rating,N/A
CYNA,$14.7713,1439907060169,"2,334",100% bullish,of 1 rating,$33
CBAY,$2.74,1439907060197,"14,152",100% bullish,of 1 rating,$4
CYNO,$35,1439907060422,"13,461",67% bearish,of 3 ratings,$45.50
CY,$10.14,1439907060453,"250,643",80% bullish,of 10 ratings,$15.50
CYRN,$1.67,1439907060483,"85,710",67% bullish,of 3 ratings,$4
CONE,$34.38,1439907060583,"23,958",67% bearish,of 3 ratings,$35
CYTK,$6.718,1439907060621,"8,575",71% bullish,of 14 ratings,$13.50
CYTX,$0.3851,1439907060646,"115,229",83% bullish,of 12 ratings,$5.50
CYTR,$2.39,1439907060796,"129,031",67% bullish,of 6 ratings,$10
CTSO,$7.72,1439907060824,"24,013",Not yet rated,NULL,$15.625
TVIX,$5.56,1439907060968,"674,391",81% bullish,of 16 ratings,N/A
TVIZ,NULL,1439907060997,0,100% bearish,of 1 rating,N/A
DAEG,NULL,1439907061060,0,100% bearish,of 1 rating,N/A
ZIV,$49.739,1439907061136,"9,560",Not yet rated,NULL,N/A
DJCO,NULL,1439907061225,0,Not yet rated,NULL,N/A
DAKT,$12.0104,1439907061320,"22,643",50% bullish,of 2 ratings,$14
XIV,$48.2201,1439907061352,"1,192,836",75% bearish,of 4 ratings,N/A
DARA,$0.9097,1439907061460,"11,355",83% bullish,of 6 ratings,$1.50
DTLK,$5.98,1439907061596,"2,664",100% bearish,of 1 rating,$9
DAIO,$2.69,1439907061694,72,Not yet rated,NULL,N/A
DRAM,$1.4813,1439907061765,400,78% bullish,of 9 ratings,N/A
DWCH,$5.26,1439907061826,894,75% bullish,of 4 ratings,$8.25
PLAY,$37.2,1439907061851,"7,502",100% bullish,of 5 ratings,$42
DTEA,$13.388,1439907061895,"7,991",100% bearish,of 2 ratings,$24
DBVT,$43.23,1439907061920,"21,873",100% bearish,of 1 rating,$53
DWSN,$4.99,1439907062083,"1,299",67% bullish,of 3 ratings,$6
TRAK,$62.25,1439907062154,"15,363",50% bullish,of 2 ratings,$62.50
DHRM,$1.84,1439907062186,"1,000",Not yet rated,NULL,N/A
DFRG,$15.33,1439907062288,"1,104",100% bearish,of 1 rating,$20
TACO,$13.545,1439907062321,"21,223",100% bullish,of 3 ratings,$20
DCTH,$0.4903,1439907062456,"1,528",78% bullish,of 9 ratings,N/A
TACOW,$4.48,1439907062510,"1,488",100% bullish,of 1 rating,N/A
DGAS,NULL,1439907062535,0,67% bearish,of 3 ratings,N/A
XRAY,$57.22,1439907062668,"37,216",100% bullish,of 1 rating,$58
DELT,NULL,1439907062699,0,Not yet rated,NULL,N/A
DELTW,NULL,1439907062727,0,Not yet rated,NULL,N/A
DENN,$12.415,1439907062804,"65,411",100% bullish,of 3 ratings,$15
DEPO,$31.75,1439907062874,"96,031",60% bullish,of 5 ratings,$32
DSCI,$6.5,1439907062974,"2,850",50% bullish,of 2 ratings,$16
DEST,$12.145,1439907063006,"2,108",50% bullish,of 2 ratings,N/A
DERM,$25.54,1439907063111,"4,400",100% bearish,of 1 rating,$33
DXLG,$4.85,1439907063142,"1,100",100% bearish,of 1 rating,$8
DSWL,$1.75,1439907063242,"1,454",100% bullish,of 1 rating,N/A
DXM,$0.33,1439907063288,"20,386",50% bullish,of 2 ratings,N/A
DHXM,$7.55,1439907063552,2,Not yet rated,NULL,N/A
FANG,$71.72,1439907063620,"44,203",50% bullish,of 2 ratings,$86
DXCM,$97.67,1439907063649,"50,628",57% bullish,of 7 ratings,$98
DMND,$32.03,1439907063683,"4,252",75% bullish,of 12 ratings,$32
DHIL,$193.13,1439907063712,136,Not yet rated,NULL,N/A
DRNA,$10.81,1439907063736,"15,882",67% bearish,of 3 ratings,$25
DCIX,$1.89,1439907063758,"1,037",50% bullish,of 4 ratings,$3.50
DGII,$10.05,1439907063795,"12,933",100% bearish,of 1 rating,$10
DGLY,$7.61,1439907064190,"17,750",50% bullish,of 6 ratings,$20
APPS,$2.3,1439907064223,"7,742",100% bearish,of 1 rating,$10.25
DRAD,$4.032,1439907064252,704,100% bullish,of 1 rating,$5.25
DMRC,$37.55,1439907064323,"2,658",100% bearish,of 1 rating,$44
DCOM,$17.316,1439907064357,"5,186",100% bearish,of 2 ratings,$16.50
DPRX,$13.43,1439907064455,"2,413",100% bullish,of 2 ratings,$27.75
DISCA,$29.06,1439907064482,"145,307",67% bullish,of 3 ratings,$34
DIOD,$20.06,1439907064527,"23,826",75% bearish,of 4 ratings,$24
DISH,$66.86,1439907064659,"93,181",69% bullish,of 13 ratings,$73
DVCR,$11.716,1439907064815,"1,345",100% bullish,of 1 rating,N/A
BAGR,$2.97,1439907064845,"3,421",100% bearish,of 1 rating,$6
DISCK,$27.59,1439907064871,"143,931",100% bearish,of 1 rating,$40
DISCB,NULL,1439907064929,0,100% bearish,of 1 rating,$35
DLHC,$2.51,1439907064956,300,100% bearish,of 1 rating,N/A
DSCO,$0.47,1439907064977,"29,346",83% bullish,of 6 ratings,$2.75
DNBF,$26.5,1439907065064,1,Not yet rated,NULL,$27.50
DLTR,$79.23,1439907065268,"137,064",82% bullish,of 11 ratings,$88
DGICA,$14.69,1439907065399,"1,364",100% bearish,of 1 rating,$17
DGICB,$18.23,1439907065424,2,100% bearish,of 1 rating,N/A
DMLP,$14.79,1439907065501,"5,305",100% bearish,of 1 rating,N/A
DORM,$51.93,1439907065608,"7,419",100% bearish,of 1 rating,$56
DRWI,$0.3009,1439907065644,"1,100",60% bullish,of 5 ratings,$.45
HILL,$5.47,1439907065674,"161,729",60% bearish,of 5 ratings,$8
DSKX,$3.5,1439907065776,"47,976",100% bullish,of 1 rating,N/A
DRYS,$0.368,1439907065812,"292,473",77% bullish,of 31 ratings,$.60
DSPG,$8.755,1439907065908,"1,096",100% bearish,of 1 rating,$13.50
DWA,$19.49,1439907065938,"16,386",63% bullish,of 8 ratings,$26
DRWIW,NULL,1439907065966,0,Not yet rated,NULL,N/A
CADT,NULL,1439907066039,0,Not yet rated,NULL,N/A
CADTU,NULL,1439907066195,0,Not yet rated,NULL,N/A
CADTR,NULL,1439907066221,0,Not yet rated,NULL,N/A
CADTW,NULL,1439907066423,0,Not yet rated,NULL,N/A
DRRX,$2.22,1439907066493,"16,132",50% bullish,of 6 ratings,$3
DTSI,$27.43,1439907066552,"4,960",100% bearish,of 2 ratings,$39.50
DNKN,$52.18,1439907066638,"54,918",67% bullish,of 15 ratings,$56.50
DYAX,$23.67,1439907066666,"27,450",89% bullish,of 9 ratings,$30
DXPE,$29.91,1439907066692,"41,165",50% bullish,of 2 ratings,N/A
BOOM,$10.03,1439907066720,"2,906",67% bullish,of 3 ratings,$12
DVAX,$30.4,1439907066880,"41,324",70% bullish,of 10 ratings,$40
DYSL,NULL,1439907066915,0,100% bullish,of 2 ratings,N/A
DYNT,NULL,1439907067008,0,75% bullish,of 4 ratings,N/A
ETFC,$28.61,1439907067096,"77,699",57% bullish,of 14 ratings,$33
EBMT,NULL,1439907067151,0,Not yet rated,NULL,$13.50
EGBN,$45.238,1439907067249,"6,786",Not yet rated,NULL,$48
EGLE,$7.925,1439907067394,700,60% bullish,of 5 ratings,N/A
ELNK,$9.28,1439907067465,"106,282",80% bullish,of 5 ratings,$9.50
EWBC,$45.28,1439907067598,"42,092",100% bearish,of 1 rating,$50
EACQU,$10.12,1439907067632,18,Not yet rated,NULL,N/A
EGRX,$69.51,1439907067654,"28,751",67% bullish,of 3 ratings,$97
EML,NULL,1439907067688,0,Not yet rated,NULL,N/A
EVBS,$6.45,1439907067727,234,Not yet rated,NULL,$7
EROC,$1.46,1439907067754,"32,134",50% bullish,of 2 ratings,$3
EBIX,$30,1439907067887,"11,739",69% bullish,of 13 ratings,$40
EBAY,$28.1,1439907067912,"682,810",81% bullish,of 117 ratings,$48
ELON,$0.57,1439907068085,307,50% bullish,of 2 ratings,N/A
ECHO,$25.895,1439907068114,"73,013",67% bearish,of 3 ratings,$35.50
ECTE,$1.5351,1439907068142,"3,453",75% bullish,of 4 ratings,N/A
SATS,$46.39,1439907068311,"7,202",50% bullish,of 2 ratings,$60
ECACU,NULL,1439907068418,0,Not yet rated,NULL,N/A
ESES,NULL,1439907068451,0,100% bearish,of 1 rating,$7
EEI,NULL,1439907068501,0,67% bearish,of 3 ratings,N/A
EDAP,$3.5999,1439907068526,"4,080",60% bullish,of 5 ratings,$4.50
EDGW,NULL,1439907068552,0,100% bearish,of 1 rating,N/A
EDUC,$4.88,1439907068697,629,100% bearish,of 1 rating,N/A
EFUT,$4.49,1439907068750,"8,307",Not yet rated,NULL,N/A
EGAN,$3.5,1439907068804,"1,300",50% bullish,of 2 ratings,$6.25
EGLT,$12.9,1439907068893,"5,700",50% bullish,of 2 ratings,$21
LOCO,$14.56,1439907069026,"114,320",69% bullish,of 13 ratings,$23
EHTH,$14.68,1439907069052,"4,762",50% bullish,of 4 ratings,$16.50
EMITF,$1.271,1439907069080,"4,571",75% bullish,of 4 ratings,N/A
ESLT,$82.5029,1439907069211,"3,502",100% bullish,of 2 ratings,N/A
ERI,$9.96,1439907069315,"9,334",100% bearish,of 1 rating,$10
ELRC,$10.32,1439907069374,500,100% bearish,of 1 rating,N/A
EA,$73.51,1439907069447,"276,899",77% bullish,of 35 ratings,$80
ESIO,$4.6,1439907069475,"2,096",50% bullish,of 2 ratings,$10
EFII,$45.52,1439907069509,"99,748",80% bullish,of 5 ratings,$55
ELEC,NULL,1439907069608,0,Not yet rated,NULL,N/A
ELECU,NULL,1439907069639,0,Not yet rated,NULL,N/A
ELECW,NULL,1439907069745,0,Not yet rated,NULL,N/A
ELSE,NULL,1439907069830,0,60% bullish,of 5 ratings,N/A
RDEN,$10.28,1439907069968,"17,060",100% bearish,of 4 ratings,$15
EBIO,$4,1439907069994,"188,004",100% bearish,of 2 ratings,$8.35
CAPX,$23.93,1439907070019,2,Not yet rated,NULL,N/A
ESBK,NULL,1439907070201,0,Not yet rated,NULL,N/A
LONG,$17.1,1439907070284,"4,162",67% bullish,of 3 ratings,$15.75
ELTK,$1.13,1439907070444,800,67% bearish,of 3 ratings,N/A
EMCF,NULL,1439907070488,0,100% bearish,of 1 rating,N/A
EMKR,$7.3,1439907070576,"12,391",75% bullish,of 4 ratings,$8.50
EMCI,$23.9601,1439907070608,300,Not yet rated,NULL,N/A
EMMSP,NULL,1439907070636,0,100% bearish,of 1 rating,N/A
NYNY,$4.48,1439907070662,"1,900",50% bullish,of 2 ratings,N/A
EMMS,$1.21,1439907070709,"1,300",67% bullish,of 6 ratings,N/A
ENTA,$41.3875,1439907070881,"10,962",50% bullish,of 2 ratings,$42
ERS,$3,1439907070910,"1,800",Not yet rated,NULL,N/A
ECPG,$40.84,1439907071095,"15,218",100% bullish,of 2 ratings,$52
ENDP,$86.64,1439907071138,"42,080",50% bullish,of 6 ratings,$104
WIRE,$33.98,1439907071165,"10,267",100% bearish,of 1 rating,$37
ECYT,$5.41,1439907071195,"4,736",83% bullish,of 6 ratings,$12
ELGX,$13.15,1439907071296,"42,592",75% bullish,of 4 ratings,$17
EFOI,$16.005,1439907071366,"42,406",50% bullish,of 2 ratings,$17
WATT,$7.08,1439907071394,"2,221",50% bullish,of 2 ratings,$13
EIGI,$16.2,1439907071449,"35,312",67% bearish,of 3 ratings,$20
ENOC,$8.77,1439907071626,"15,515",75% bullish,of 4 ratings,$18
EXXI,$1.63,1439907071656,"149,442",86% bullish,of 7 ratings,$3.50
ERII,$2.92,1439907071682,"3,453",80% bullish,of 5 ratings,$2.50
ENG,$1.0999,1439907071872,"2,700",100% bullish,of 3 ratings,N/A
ESGR,$160.08,1439907071914,"6,231",100% bearish,of 1 rating,$185
ENPH,$5.5099,1439907071976,"196,554",75% bullish,of 4 ratings,$11
ENFC,NULL,1439907072061,0,Not yet rated,NULL,N/A
ENTL,$22.82,1439907072193,"5,241",Not yet rated,NULL,$28
ENTG,$14.6,1439907072238,"22,846",100% bearish,of 1 rating,$18
ETRM,$0.263,1439907072292,"215,552",69% bearish,of 35 ratings,$1.625
EBTC,NULL,1439907072322,0,Not yet rated,NULL,N/A
EFSC,$24.99,1439907072395,"1,648",Not yet rated,NULL,$27
ENZN,$1.09,1439907072427,"114,749",100% bullish,of 9 ratings,N/A
EGT,$2.2601,1439907072457,"2,625",100% bullish,of 1 rating,N/A
ENZY,$8.83,1439907072556,"1,500",67% bullish,of 3 ratings,$9.50
ENVI,$1.79,1439907072584,"4,800",67% bullish,of 3 ratings,N/A
EPRS,$5.1,1439907072755,"4,168",82% bullish,of 11 ratings,$15
EPZM,$18.02,1439907072791,"25,626",60% bullish,of 5 ratings,$34
EPIQ,$14.02,1439907072887,"1,850",100% bearish,of 1 rating,$18
EQIX,$284.39,1439907072955,"24,552",67% bullish,of 3 ratings,$312.50
PLUS,$75.498,1439907072981,"1,426",50% bullish,of 2 ratings,$88
EQFN,NULL,1439907073006,0,Not yet rated,NULL,N/A
ERIC,$10.515,1439907073141,"325,030",63% bullish,of 8 ratings,$13.30
EAC,$3.5,1439907073172,"1,549",100% bearish,of 1 rating,$8
ERIE,$87.55,1439907073305,"2,010",Not yet rated,NULL,$73
ESMC,NULL,1439907073337,0,Not yet rated,NULL,N/A
ESCRP,$1.795,1439907073372,913,100% bearish,of 1 rating,N/A
ESCR,NULL,1439907073433,0,50% bullish,of 2 ratings,N/A
ESCA,$18.69,1439907073470,"1,300",100% bearish,of 1 rating,$22
ESPR,$73.515,1439907073499,"883,765",56% bearish,of 9 ratings,$130
EPIX,$7,1439907073765,120,Not yet rated,NULL,N/A
ESSA,$12.81,1439907073791,200,100% bearish,of 1 rating,N/A
ESND,$35.99,1439907073841,"9,028",100% bearish,of 1 rating,$40
ESSX,$0.41,1439907073922,208,50% bullish,of 2 ratings,N/A
CLWT,NULL,1439907074003,0,100% bearish,of 1 rating,N/A
ETSY,$17.2238,1439907074060,"53,825",80% bullish,of 5 ratings,$16
ESEA,NULL,1439907074097,0,100% bullish,of 1 rating,$15
EEFT,$68.69,1439907074189,"6,088",100% bearish,of 1 rating,$67.50
EVEP,$8.97,1439907074270,"36,967",50% bullish,of 2 ratings,$15
EVLV,$2.26,1439907074298,"18,111",60% bullish,of 5 ratings,$6.50
EVK,NULL,1439907074432,0,75% bearish,of 4 ratings,N/A
EVOL,$6.34,1439907074458,"10,059",75% bullish,of 4 ratings,$10
EXA,$10.76,1439907074643,"1,400",100% bearish,of 1 rating,$13
EXAC,$18.9,1439907074671,"3,658",100% bearish,of 1 rating,$22.50
EXAS,$23.6076,1439907074700,"36,999",78% bullish,of 9 ratings,$31
EVOK,$5.42,1439907074722,"385,023",100% bearish,of 1 rating,$13.75
EXFO,NULL,1439907074870,0,67% bearish,of 3 ratings,$3.95
EXEL,$5.9299,1439907074955,"351,427",81% bullish,of 16 ratings,$6
EXPE,$123.12,1439907075005,"89,102",64% bullish,of 11 ratings,$130
EXLS,$37.64,1439907075035,"9,808",100% bullish,of 1 rating,$41
EXPD,$49.352,1439907075141,"74,567",80% bullish,of 5 ratings,$50.50
ESRX,$89.37,1439907075169,"162,074",67% bearish,of 6 ratings,$101
EXPO,$44.23,1439907075199,"3,300",100% bearish,of 1 rating,$45.50
EXTR,$2.98,1439907075302,"55,531",80% bullish,of 5 ratings,$3
EYEG,$4.4425,1439907075362,"4,850",Not yet rated,NULL,N/A
EXLP,$20.4901,1439907075430,"4,645",100% bearish,of 1 rating,$27
EYEGW,NULL,1439907075530,0,Not yet rated,NULL,N/A
EZCH,$21.2051,1439907075675,"26,604",75% bullish,of 8 ratings,$19.50
FFIV,$133.39,1439907075721,"62,371",71% bullish,of 7 ratings,$132
FCS,$14.28,1439907075853,"23,643",67% bearish,of 3 ratings,$17
FB,$95.3,1439907075904,"4,230,986",73% bullish,of 1063 ratings,$111
FWM,$2.36,1439907075933,"27,277",100% bearish,of 2 ratings,$3.20
FRP,$18.01,1439907075958,"7,750",100% bearish,of 1 rating,$18
EZPW,$6.1725,1439907075990,"10,499",50% bullish,of 4 ratings,$7.50
DAVE,$15.3899,1439907076012,"2,100",100% bearish,of 1 rating,$15.50
FFKT,$27.55,1439907076142,896,Not yet rated,NULL,$29
FALC,$1.69,1439907076181,"15,765",63% bearish,of 8 ratings,N/A
FMNB,$8.01,1439907076358,"8,397",Not yet rated,NULL,N/A
FARO,$41.83,1439907076408,"6,840",50% bullish,of 2 ratings,$48
FARM,$23.41,1439907076490,522,100% bearish,of 1 rating,$35
FAST,$40.49,1439907076518,"130,409",80% bullish,of 5 ratings,$46
FATE,$7.93,1439907076647,"9,665",100% bearish,of 1 rating,$11
FBSS,NULL,1439907076672,0,Not yet rated,NULL,N/A
FBRC,$23.71,1439907076834,"21,892",100% bearish,of 1 rating,$29
FDML,$9.75,1439907076899,"8,340",50% bullish,of 4 ratings,$14
FNHC,$23.89,1439907077030,"2,796",100% bearish,of 1 rating,$35
FHCO,$1.51,1439907077078,"2,496",50% bullish,of 4 ratings,N/A
FCSC,$6.5215,1439907077107,"10,598",100% bearish,of 1 rating,$8.125
FEIC,$81.27,1439907077163,"22,514",50% bullish,of 2 ratings,$95.50
FENX,$9.75,1439907077189,"3,276",100% bullish,of 1 rating,$14.25
FGEN,$24.75,1439907077219,"102,931",100% bearish,of 1 rating,$39
ONEQ,$199.885,1439907077363,"10,404",100% bullish,of 1 rating,N/A
LION,$20.49,1439907077427,"11,312",100% bullish,of 1 rating,$20
FSAM,NULL,1439907077573,0,100% bearish,of 1 rating,$11
FSC,$6.53,1439907077672,"89,959",75% bullish,of 4 ratings,$8
FDUS,$15.1634,1439907077698,"8,438",100% bullish,of 1 rating,$18
FRGI,$55.41,1439907077742,"7,671",50% bullish,of 2 ratings,$70
FSFR,$9.113,1439907077769,"14,380",100% bearish,of 1 rating,$11.50
FSCFL,$25.03,1439907077896,"1,593",Not yet rated,NULL,N/A
FISI,$24.9288,1439907077995,617,100% bullish,of 2 ratings,$24.50
FITBI,$27.805,1439907078022,"2,178",Not yet rated,NULL,N/A
FITB,$21.18,1439907078065,"362,497",54% bullish,of 13 ratings,$22
FNGN,$36.44,1439907078195,"50,156",67% bullish,of 3 ratings,$47
FNTC,NULL,1439907078271,0,Not yet rated,NULL,N/A
FNJN,$1.76,1439907078327,"1,732",100% bearish,of 1 rating,$5
FNSR,$17.5,1439907078357,"143,749",86% bullish,of 7 ratings,$25
FNTCU,NULL,1439907078458,0,Not yet rated,NULL,N/A
FNTCW,NULL,1439907078590,0,Not yet rated,NULL,N/A
FEYE,$44.001,1439907078615,"664,933",87% bullish,of 15 ratings,$55.50
FNLC,$18.915,1439907078751,"1,400",100% bullish,of 1 rating,N/A
FBNC,$17.2,1439907078821,560,100% bullish,of 1 rating,$20
FBIZ,$44.15,1439907078847,23,100% bearish,of 2 ratings,$52
BUSE,$6.46,1439907078881,"3,499",Not yet rated,NULL,$6.875
FRBA,$6,1439907078929,350,Not yet rated,NULL,$8
FCVA,NULL,1439907079055,0,Not yet rated,NULL,N/A
FCAP,NULL,1439907079096,0,Not yet rated,NULL,N/A
FCFS,$38.33,1439907079160,"12,383",100% bearish,of 2 ratings,$48
FCLF,NULL,1439907079296,0,Not yet rated,NULL,N/A
FCNCA,$249.85,1439907079346,302,Not yet rated,NULL,N/A
FCBC,$18.12,1439907079373,200,Not yet rated,NULL,$17
FCCO,$12.14,1439907079431,7,Not yet rated,NULL,$13.25
FCFP,NULL,1439907079593,0,Not yet rated,NULL,N/A
FDEF,$37.75,1439907079620,724,Not yet rated,NULL,$38
FFNM,$6.34,1439907079695,38,Not yet rated,NULL,N/A
FBNK,$16.33,1439907079761,100,100% bearish,of 1 rating,$17.50
FFIN,$32.845,1439907079787,"3,847",50% bullish,of 2 ratings,$31.75
FFBCW,NULL,1439907079815,0,100% bearish,of 1 rating,N/A
FFBC,$19.44,1439907079844,"9,728",67% bearish,of 3 ratings,$20.25
THFF,$33.85,1439907080023,"9,799",Not yet rated,NULL,$35
FFNW,$12.54,1439907080056,100,Not yet rated,NULL,$14
FFWM,$21.34,1439907080149,408,Not yet rated,NULL,$24
FIBK,$28.2,1439907080257,"4,794",Not yet rated,NULL,$32
INBK,$36.371,1439907080312,"1,749",50% bullish,of 2 ratings,$37
FRME,$26.29,1439907080337,"3,204",Not yet rated,NULL,$26.50
FMBH,NULL,1439907080547,0,Not yet rated,NULL,N/A
FNBC,$36.03,1439907080572,"13,329",Not yet rated,NULL,$41
FMBI,$18.75,1439907080598,"35,952",Not yet rated,NULL,$20
FNWB,$12.2501,1439907080632,"2,373",Not yet rated,NULL,N/A
FNFG,$9.83,1439907080733,"292,835",80% bullish,of 5 ratings,$9
FSFG,$31.2,1439907080761,102,Not yet rated,NULL,N/A
FSGI,NULL,1439907080791,0,Not yet rated,NULL,N/A
FSLR,$51.95,1439907080817,"228,504",74% bullish,of 39 ratings,$65
FSBK,$7.79,1439907081026,"3,957",100% bullish,of 1 rating,N/A
BICK,NULL,1439907081079,0,100% bullish,of 1 rating,N/A
FBZ,NULL,1439907081226,0,Not yet rated,NULL,N/A
FCAN,NULL,1439907081251,0,Not yet rated,NULL,N/A
FTCS,$38.74,1439907081284,"5,579",Not yet rated,NULL,N/A
FEMB,NULL,1439907081467,0,Not yet rated,NULL,N/A
IFV,$18.7592,1439907081498,"35,674",100% bearish,of 1 rating,N/A
FCA,$22.05,1439907081532,395,Not yet rated,NULL,N/A
FTSM,$59.9151,1439907081602,"5,416",100% bearish,of 1 rating,N/A
FV,$24.9569,1439907081635,"319,235",Not yet rated,NULL,N/A
TDIV,$25.9101,1439907081661,"6,774",100% bearish,of 1 rating,N/A
FEUZ,$32.79,1439907081692,30,Not yet rated,NULL,N/A
MDIV,$19.86,1439907081765,"5,753",Not yet rated,NULL,N/A
FGM,$37.4,1439907081900,200,Not yet rated,NULL,N/A
FTGC,$22.6075,1439907081949,"2,210",Not yet rated,NULL,N/A
FTHI,NULL,1439907082093,0,Not yet rated,NULL,N/A
HYLS,$49.7501,1439907082241,"212,079",100% bearish,of 1 rating,N/A
SKYY,$30.6,1439907082286,"21,501",100% bullish,of 1 rating,N/A
CU,$13.12,1439907082313,800,100% bearish,of 1 rating,N/A
FHK,$35.27,1439907082339,514,Not yet rated,NULL,N/A
YDIV,NULL,1439907082370,0,Not yet rated,NULL,N/A
FJP,$50.1818,1439907082610,996,Not yet rated,NULL,N/A
FPXI,NULL,1439907082665,0,Not yet rated,NULL,N/A
LMBS,NULL,1439907082692,0,Not yet rated,NULL,N/A
PLTM,$6.46,1439907082739,400,100% bearish,of 1 rating,N/A
FTLB,NULL,1439907082763,0,100% bearish,of 1 rating,N/A
QABA,$39.84,1439907082829,"1,658",100% bearish,of 1 rating,N/A
FMB,NULL,1439907082902,0,Not yet rated,NULL,N/A
CIBR,$19.69,1439907082970,"11,980",Not yet rated,NULL,N/A
QCLN,$16.27,1439907083212,"3,005",Not yet rated,NULL,N/A
FONE,$36.81,1439907083245,11,Not yet rated,NULL,N/A
RDVY,$22.5217,1439907083343,"1,154",Not yet rated,NULL,N/A
CARZ,$36.99,1439907083373,445,100% bearish,of 1 rating,N/A
QQXT,$43.0399,1439907083408,"1,546",Not yet rated,NULL,N/A
QTEC,$42.2,1439907083435,"5,068",Not yet rated,NULL,N/A
QQEW,$44.297,1439907083479,722,Not yet rated,NULL,N/A
GRID,NULL,1439907083504,0,100% bearish,of 1 rating,N/A
QINC,$21.59,1439907083691,1,Not yet rated,NULL,N/A
AIRR,$17.12,1439907083718,514,100% bearish,of 1 rating,N/A
FDIV,NULL,1439907083849,0,100% bearish,of 1 rating,N/A
FKO,$23.83,1439907083879,"1,300",Not yet rated,NULL,N/A
FTSL,$48.98,1439907083900,"6,699",100% bearish,of 1 rating,N/A
FSZ,NULL,1439907084031,0,Not yet rated,NULL,N/A
FTW,NULL,1439907084167,0,Not yet rated,NULL,N/A
TUSA,NULL,1439907084196,0,Not yet rated,NULL,N/A
SVVC,$10.665,1439907084275,618,100% bullish,of 1 rating,$26
FKU,$44.0501,1439907084327,"2,510",Not yet rated,NULL,N/A
FISV,$89.81,1439907084413,"47,149",100% bearish,of 3 ratings,$90
FMER,$18.87,1439907084459,"143,972",50% bullish,of 2 ratings,$20
FUNC,$8.29,1439907084517,200,Not yet rated,NULL,N/A
FSV,$34.15,1439907084591,"8,120",Not yet rated,NULL,$33.60
FIVE,$37.88,1439907084621,"18,724",75% bearish,of 4 ratings,$44
FIVN,$4.26,1439907084757,"44,792",100% bullish,of 1 rating,$8.50
FLML,$21.32,1439907084791,"5,030",50% bullish,of 2 ratings,$30
FPRX,$19.335,1439907084816,"32,370",50% bullish,of 2 ratings,$35
FLKS,$14.54,1439907084891,"3,510",50% bullish,of 2 ratings,$27
FLXN,$24.16,1439907084950,"10,057",100% bearish,of 1 rating,$39.50
SKOR,$50.33,1439907085022,4,Not yet rated,NULL,N/A
MBSD,NULL,1439907085162,0,Not yet rated,NULL,N/A
FLXS,$41.6,1439907085249,350,100% bearish,of 2 ratings,N/A
FLDM,$12.84,1439907085410,"21,835",67% bearish,of 3 ratings,$21.50
FFIC,$20.975,1439907085443,"1,424",Not yet rated,NULL,$21
FLEX,$11.19,1439907085471,"152,307",63% bullish,of 8 ratings,$12
FONR,$9.5,1439907085501,180,100% bullish,of 1 rating,N/A
FLIR,$30.67,1439907085529,"32,042",100% bearish,of 1 rating,$38.50
FOMX,$10.829,1439907085558,"19,348",50% bullish,of 2 ratings,$23.50
FOGO,$18.84,1439907085600,"10,140",50% bullish,of 2 ratings,$25.50
FES,$0.919,1439907085696,"1,200",50% bullish,of 2 ratings,$1
FORM,$6.57,1439907085958,"29,640",67% bullish,of 3 ratings,$10.50
FORTY,NULL,1439907085983,0,Not yet rated,NULL,N/A
FORR,$32.52,1439907086033,735,Not yet rated,NULL,N/A
FORD,$1.13,1439907086167,"17,863",50% bullish,of 2 ratings,N/A
FTNT,$47.42,1439907086197,"81,889",80% bullish,of 10 ratings,$52
FWP,$26.378,1439907086229,"33,546",100% bearish,of 1 rating,$45
FBIO,$3.08,1439907086295,"1,704",83% bullish,of 6 ratings,N/A
FMI,$19.83,1439907086451,"17,909",100% bearish,of 2 ratings,$27.50
FWRD,$49.0875,1439907086511,"15,274",100% bearish,of 1 rating,$50
FOSL,$61.83,1439907086583,"76,943",50% bullish,of 4 ratings,$70
FXCB,$17.51,1439907086612,10,Not yet rated,NULL,$19
FOXF,$15.7,1439907086647,920,100% bearish,of 1 rating,$19
FRAN,$10.72,1439907086677,"90,084",50% bullish,of 4 ratings,$15
FRED,$14.61,1439907086776,"3,660",50% bullish,of 2 ratings,$16.50
FELE,$30.14,1439907086822,"25,340",50% bullish,of 4 ratings,$33
FREE,$0.5151,1439907086978,"27,942",92% bullish,of 12 ratings,N/A
RAIL,$21.8,1439907087149,"6,726",100% bearish,of 1 rating,$24.50
FEIM,$10.85,1439907087180,12,100% bearish,of 1 rating,N/A
FRPT,$14.1398,1439907087207,"39,264",67% bearish,of 3 ratings,$23.50
FTRPR,$108.15,1439907087236,300,100% bearish,of 1 rating,N/A
FTR,$5.545,1439907087339,"1,993,996",78% bullish,of 27 ratings,$6.25
FTD,$30.73,1439907087383,"11,867",100% bearish,of 1 rating,$40
FRPH,NULL,1439907087438,0,100% bearish,of 1 rating,N/A
FSBW,$23.55,1439907087469,212,Not yet rated,NULL,N/A
FCEL,$0.8,1439907087567,"82,556",88% bullish,of 40 ratings,$2.65
FSYS,$6.635,1439907087595,700,67% bullish,of 3 ratings,$10
FTEK,$2.29,1439907087625,388,75% bullish,of 4 ratings,N/A
FULL,$3.1902,1439907087832,"2,442",67% bearish,of 3 ratings,$4.25
FULLL,NULL,1439907087886,0,Not yet rated,NULL,N/A
FULT,$13.2,1439907087969,"154,342",100% bearish,of 1 rating,$13
FLL,$1.62,1439907087996,"2,648",75% bullish,of 4 ratings,$2.825
FFHL,NULL,1439907088030,0,50% bullish,of 4 ratings,N/A
FXEN,$1.01,1439907088130,405,75% bullish,of 4 ratings,$1.10
FSNN,$2.57,1439907088155,50,67% bullish,of 3 ratings,$6
GK,$72.45,1439907088287,"1,640",Not yet rated,NULL,$78
GLPG,$64.61,1439907088346,"12,045",100% bullish,of 1 rating,$75
WILC,$5.19,1439907088492,"1,208",100% bullish,of 2 ratings,N/A
GALT,$2.189,1439907088538,"5,525",80% bullish,of 5 ratings,N/A
GALTU,NULL,1439907088569,0,100% bearish,of 1 rating,N/A
GAIA,$5.65,1439907088591,"10,860",50% bullish,of 2 ratings,$8.50
FXENP,$16.5,1439907088666,250,100% bearish,of 1 rating,N/A
GALE,$1.49,1439907088742,"148,492",89% bullish,of 47 ratings,$4
GALTW,$0.65,1439907088770,"18,100",100% bullish,of 1 rating,N/A
GLPI,$33.53,1439907088905,"14,515",100% bearish,of 1 rating,$37.50
GLMD,$8.75,1439907088995,192,67% bullish,of 3 ratings,$20.50
GRMN,$40.28,1439907089063,"54,801",50% bullish,of 6 ratings,$48
GPIC,NULL,1439907089137,0,100% bearish,of 1 rating,N/A
GGACU,NULL,1439907089216,0,Not yet rated,NULL,N/A
GGACW,$0.1,1439907089307,"2,000",Not yet rated,NULL,N/A
GGAC,$9.82,1439907089332,750,100% bearish,of 1 rating,N/A
GARS,$14.74,1439907089358,"6,202",Not yet rated,NULL,$16
GGACR,NULL,1439907089391,0,100% bullish,of 1 rating,N/A
GENC,NULL,1439907089488,0,100% bearish,of 1 rating,N/A
GNCMA,$18.0512,1439907089535,"10,824",100% bearish,of 1 rating,$12
GFN,$4.03,1439907089566,628,100% bearish,of 2 ratings,$8
GFNSL,$25.8,1439907089670,"2,000",Not yet rated,NULL,N/A
GFNCP,NULL,1439907089738,0,Not yet rated,NULL,N/A
GENE,$2.71,1439907089765,"5,461",100% bullish,of 12 ratings,N/A
GNMK,$9.55,1439907089957,"4,530",67% bullish,of 6 ratings,$14
GNTX,$16,1439907090019,"468,169",Not yet rated,NULL,$20
GNCA,$13.04,1439907090051,"5,690",100% bearish,of 1 rating,$20
THRM,$48.41,1439907090146,"9,922",75% bearish,of 4 ratings,$55.50
GHDX,$26.54,1439907090175,"16,034",50% bullish,of 2 ratings,$30
GTWN,NULL,1439907090241,0,Not yet rated,NULL,N/A
GABC,$29.75,1439907090275,800,Not yet rated,NULL,$31.50
GNVC,$2.47,1439907090319,123,90% bullish,of 10 ratings,$8.50
GEOS,$15.8,1439907090385,"2,813",100% bearish,of 3 ratings,$25.50
ROCK,$18.75,1439907090614,"8,286",80% bullish,of 5 ratings,$24
GEVO,$2.2099,1439907090647,"55,564",75% bullish,of 12 ratings,N/A
GERN,$3.41,1439907090680,"243,409",88% bullish,of 16 ratings,$5.25
GIGM,$0.649,1439907090744,"11,450",100% bullish,of 2 ratings,N/A
GILT,$4.6,1439907090843,"8,189",50% bullish,of 2 ratings,N/A
GIGA,$1.4652,1439907090889,566,100% bearish,of 1 rating,N/A
GIII,$69.8801,1439907090979,"7,074",67% bullish,of 3 ratings,$75
GILD,$116.88,1439907091006,"541,679",91% bullish,of 86 ratings,$129
GLAD,$8.26,1439907091033,"11,904",50% bullish,of 2 ratings,$8.75
GLADO,NULL,1439907091280,0,Not yet rated,NULL,N/A
GOOD,$15.75,1439907091312,"2,696",Not yet rated,NULL,$19
GBCI,$28.32,1439907091344,"12,633",50% bullish,of 2 ratings,$31
GOODN,$25.67,1439907091370,61,Not yet rated,NULL,N/A
GOODO,NULL,1439907091445,0,Not yet rated,NULL,N/A
GOODP,$25.25,1439907091513,250,Not yet rated,NULL,N/A
GAIN,$7.933,1439907091573,"29,534",100% bullish,of 2 ratings,$8.25
GAINO,NULL,1439907091779,0,Not yet rated,NULL,N/A
LAND,$9.4325,1439907091808,"1,243",50% bullish,of 2 ratings,$13.75
GAINN,$25.22,1439907091909,"1,000",Not yet rated,NULL,N/A
GAINP,$26.09,1439907091960,400,Not yet rated,NULL,N/A
ENT,$13.13,1439907091988,"16,226",100% bearish,of 1 rating,$18
GLBZ,$12.12,1439907092014,254,Not yet rated,NULL,N/A
GBT,$48.725,1439907092039,"105,714",Not yet rated,NULL,N/A
GDEF,NULL,1439907092238,0,Not yet rated,NULL,N/A
GBLI,$27.17,1439907092306,700,Not yet rated,NULL,N/A
GSOL,$8.5,1439907092344,742,100% bearish,of 1 rating,N/A
ACTX,NULL,1439907092385,0,100% bullish,of 1 rating,N/A
GPACU,NULL,1439907092411,0,Not yet rated,NULL,N/A
QQQC,$21.45,1439907092489,962,100% bearish,of 1 rating,N/A
SOCL,$18.42,1439907092618,"17,665",100% bullish,of 2 ratings,N/A
GAI,$5.48,1439907092796,520,50% bullish,of 2 ratings,N/A
ALTY,NULL,1439907092871,0,Not yet rated,NULL,N/A
SRET,NULL,1439907092898,0,Not yet rated,NULL,N/A
GLRI,$1.297,1439907092924,"1,000",100% bearish,of 1 rating,$6
GSM,$14.17,1439907092949,"23,954",50% bullish,of 2 ratings,$24.50
GBIM,$2.28,1439907093115,"4,757",50% bullish,of 2 ratings,N/A
YLCO,$12.38,1439907093153,402,Not yet rated,NULL,N/A
GLBS,$1.3999,1439907093181,"3,500",67% bullish,of 3 ratings,N/A
GOGO,$16.37,1439907093313,"30,802",80% bullish,of 5 ratings,$25
GLYC,NULL,1439907093346,0,50% bullish,of 2 ratings,$14
GLNG,$39.21,1439907093456,"43,458",83% bullish,of 6 ratings,$58
GLUU,$4.7599,1439907093482,"717,293",92% bullish,of 26 ratings,$9
GMLP,$20.81,1439907093559,"11,836",50% bullish,of 4 ratings,$32.50
GLDC,NULL,1439907093639,0,50% bullish,of 2 ratings,N/A
GDEN,NULL,1439907093704,0,50% bullish,of 2 ratings,N/A
GOGL,$3.5,1439907093770,"38,377",75% bullish,of 4 ratings,$5
GTIM,$7.2,1439907093907,"1,000",Not yet rated,NULL,$11.50
GOOG,$658.1675,1439907093932,"159,531",89% bullish,of 64 ratings,$795
GBDC,$16.64,1439907093977,"5,659",Not yet rated,NULL,$17.75
GOOGL,$691.36,1439907094007,"155,412",88% bullish,of 1078 ratings,$747
GPRO,$57.94,1439907094065,"560,224",79% bullish,of 58 ratings,$72
GMAN,$4.74,1439907094169,"4,400",60% bullish,of 5 ratings,$8
GPIA,NULL,1439907094197,0,Not yet rated,NULL,N/A
GPIAU,$10.08,1439907094339,200,Not yet rated,NULL,N/A
GPIAW,NULL,1439907094388,0,Not yet rated,NULL,N/A
GRVY,$3.57,1439907094609,174,50% bullish,of 2 ratings,N/A
GBSN,$2.29,1439907094659,"25,376",100% bearish,of 1 rating,$8.25
LOPE,$39.02,1439907094685,"7,904",100% bearish,of 2 ratings,$50
GBSNU,$16.5,1439907094753,"5,210",Not yet rated,NULL,N/A
GLDD,$5.54,1439907094815,"15,571",100% bearish,of 4 ratings,$7.75
GNBC,$13.5,1439907094843,"1,000",100% bearish,of 1 rating,$17
GSBC,$42.59,1439907094865,"2,197",100% bullish,of 1 rating,$44
GPP,$14.73,1439907094995,"5,806",Not yet rated,NULL,$20.50
GCBC,NULL,1439907095065,0,100% bullish,of 1 rating,N/A
GRBK,$14.52,1439907095139,"23,020",77% bullish,of 13 ratings,N/A
GPRE,$22.04,1439907095198,"31,796",67% bullish,of 6 ratings,$28.50
GRIF,NULL,1439907095271,0,100% bearish,of 1 rating,N/A
GLRE,$26.57,1439907095330,"4,766",100% bullish,of 1 rating,$41
GRFS,$33.07,1439907095402,"44,839",50% bullish,of 2 ratings,$35
GGAL,$20.5999,1439907095616,"13,626",80% bullish,of 5 ratings,$40
GRPN,$4.36,1439907095644,"580,453",61% bullish,of 71 ratings,$6.75
OMAB,$43.05,1439907095711,"1,908",100% bullish,of 1 rating,$44
GSIG,$13.58,1439907095776,"1,000",100% bearish,of 2 ratings,N/A
GSVC,$9.53,1439907095810,700,50% bullish,of 2 ratings,$14.50
GBNK,$16.35,1439907095837,709,100% bearish,of 1 rating,$18
GSIT,$5,1439907095873,680,100% bearish,of 1 rating,N/A
GTXI,NULL,1439907095967,0,100% bullish,of 5 ratings,$.75
GFED,$14.8,1439907096121,1,Not yet rated,NULL,$17
GULTU,$0.3301,1439907096188,300,100% bearish,of 1 rating,N/A
GUID,$9.13,1439907096287,"1,228",100% bearish,of 3 ratings,$10
GURE,$1.83,1439907096315,"3,111",88% bullish,of 8 ratings,N/A
GIFI,$12.101,1439907096342,"4,460",100% bearish,of 1 rating,$16
GPOR,$35.65,1439907096392,"55,846",75% bullish,of 4 ratings,$55.50
GWPH,$114.29,1439907096555,"14,823",78% bullish,of 9 ratings,$148.50
GYRO,NULL,1439907096587,0,100% bearish,of 1 rating,N/A
GWGH,$8.175,1439907096624,100,100% bearish,of 1 rating,$15.05
HALL,$11.73,1439907096721,434,Not yet rated,NULL,N/A
HNRG,$7.76,1439907096752,"11,446",100% bearish,of 1 rating,$10
HLG,$9.39,1439907096778,2,100% bearish,of 1 rating,N/A
HEES,$17,1439907096859,"43,135",67% bearish,of 3 ratings,$31
HALO,$19.66,1439907096942,"117,803",67% bullish,of 3 ratings,$22.50
HBK,NULL,1439907097105,0,50% bullish,of 2 ratings,N/A
HBHC,$29.1,1439907097331,"41,089",50% bullish,of 2 ratings,$30
HMPR,$1.97,1439907097383,600,100% bullish,of 1 rating,N/A
HBHCL,$24.598,1439907097408,"8,194",Not yet rated,NULL,N/A
HNH,NULL,1439907097433,0,100% bullish,of 1 rating,N/A
HNSN,$0.538,1439907097575,"11,000",88% bullish,of 8 ratings,$.40
HAFC,$26.08,1439907097632,"3,950",100% bullish,of 2 ratings,$28.50
HLIT,$5.82,1439907097733,"43,705",100% bearish,of 1 rating,$6.50
HRMN,NULL,1439907097758,0,Not yet rated,NULL,N/A
HQCL,$11.09,1439907097799,"2,112",67% bullish,of 3 ratings,N/A
HRMNW,NULL,1439907098006,0,Not yet rated,NULL,N/A
HRMNU,NULL,1439907098034,0,Not yet rated,NULL,N/A
HDNG,$10.5,1439907098060,"3,904",50% bullish,of 4 ratings,N/A
TINY,$2.55,1439907098085,"5,962",50% bullish,of 2 ratings,$5.26
HART,$0.6499,1439907098221,"43,465",100% bearish,of 1 rating,N/A
HBIO,$4.55,1439907098250,"13,560",Not yet rated,NULL,$10
HCAP,$12.36,1439907098384,156,50% bullish,of 2 ratings,$15
HA,$25.72,1439907098451,"54,629",67% bullish,of 9 ratings,$27
HCOM,NULL,1439907098482,0,100% bearish,of 1 rating,$28
HAS,$80.44,1439907098586,"58,812",63% bullish,of 8 ratings,$84.50
HWKN,$37.59,1439907098622,"2,534",Not yet rated,NULL,N/A
HCAPL,NULL,1439907098690,0,Not yet rated,NULL,N/A
HAYN,$40.135,1439907098848,"2,542",100% bearish,of 1 rating,$59
HDS,$34.89,1439907098876,"40,961",100% bearish,of 2 ratings,$39.50
HWBK,NULL,1439907098907,0,100% bearish,of 1 rating,N/A
HIIQ,$4.86,1439907099008,325,50% bullish,of 2 ratings,$7
HQY,$33.628,1439907099088,"7,666",67% bullish,of 3 ratings,$31
HCSG,$34.72,1439907099139,"11,612",50% bullish,of 4 ratings,$35
HSTM,$25.83,1439907099176,"10,941",50% bullish,of 2 ratings,$33.75
HWAY,$12.54,1439907099271,"30,286",100% bearish,of 1 rating,$15
HTLD,$21.31,1439907099399,"10,593",Not yet rated,NULL,$22.50
HTLF,$37.66,1439907099428,"2,206",100% bullish,of 1 rating,$39.50
HTWR,$89.15,1439907099482,"6,972",50% bullish,of 2 ratings,$103
HSII,$20.07,1439907099627,"8,615",100% bullish,of 3 ratings,$25
HTBX,$5.56,1439907099655,610,50% bullish,of 2 ratings,$15.50
HMNY,NULL,1439907099685,0,100% bearish,of 1 rating,N/A
HELE,$91.71,1439907099718,"10,118",67% bearish,of 3 ratings,$100
HMTV,$13.48,1439907099817,"1,902",100% bearish,of 1 rating,$16
HNNA,$23.26,1439907099916,300,Not yet rated,NULL,N/A
HSIC,$146.805,1439907100058,"19,769",83% bullish,of 6 ratings,$146
HERO,$0.07,1439907100187,"256,874",81% bullish,of 16 ratings,$.75
HTBK,$11.135,1439907100212,"1,703",Not yet rated,NULL,$12
HCACU,$9.98,1439907100249,"1,000",Not yet rated,NULL,N/A
HCCI,$12.941,1439907100410,830,100% bearish,of 1 rating,$16.50
HFWA,$18.44,1439907100440,"3,776",100% bullish,of 1 rating,$20
MLHR,$29.4599,1439907100472,"20,012",50% bullish,of 2 ratings,$33.50
HEOP,$8.06,1439907100499,113,Not yet rated,NULL,$8.50
HRTX,$31.804,1439907100542,"30,568",67% bullish,of 6 ratings,$41
HSKA,$34.74,1439907100674,464,100% bearish,of 1 rating,$38
HFFC,$16.3,1439907100700,2,Not yet rated,NULL,N/A
HIBB,$40.73,1439907100865,"32,848",100% bearish,of 1 rating,$48.50
HPJ,$2.8305,1439907100923,633,75% bullish,of 4 ratings,$12.43
HIHO,$4.1724,1439907100950,"4,524",Not yet rated,NULL,N/A
HIMX,$6.86,1439907101126,"202,888",85% bullish,of 20 ratings,$8.50
HIFS,$120.7,1439907101187,704,Not yet rated,NULL,N/A
HOLI,$18.48,1439907101329,"55,779",50% bullish,of 4 ratings,$27
HSGX,$6.78,1439907101357,110,100% bearish,of 1 rating,$17
HMSY,$9.34,1439907101383,"132,024",67% bullish,of 3 ratings,$19.35
HMNF,NULL,1439907101411,0,Not yet rated,NULL,N/A
HBCP,NULL,1439907101547,0,Not yet rated,NULL,$29
HOMB,$41.09,1439907101729,"14,713",Not yet rated,NULL,$41
HFBL,$22,1439907101786,1,Not yet rated,NULL,N/A
AWAY,$31.28,1439907101812,"60,485",67% bullish,of 3 ratings,$36
HMIN,$29.55,1439907101955,"10,390",100% bearish,of 2 ratings,$35
HMST,$22.0594,1439907102005,"4,476",100% bullish,of 2 ratings,$27
HKTV,$5.17,1439907102151,"2,226",100% bearish,of 1 rating,N/A
CETC,$0.9878,1439907102182,"1,642",86% bullish,of 7 ratings,N/A
HTBI,$18.69,1439907102215,382,67% bullish,of 3 ratings,$18.625
HBNC,$24.88,1439907102288,"6,600",100% bullish,of 1 rating,$27
HFBC,$11.7699,1439907102340,100,Not yet rated,NULL,N/A
HOFT,$25.25,1439907102367,"1,360",100% bearish,of 1 rating,N/A
HZNP,$31.77,1439907102512,"149,587",85% bullish,of 20 ratings,$40
HRZN,$11.0001,1439907102554,"3,930",100% bearish,of 1 rating,$14.25
HOLX,$42.74,1439907102686,"120,945",67% bullish,of 3 ratings,$42
HDP,$26.07,1439907102726,"15,202",67% bearish,of 3 ratings,$30.50
ZINC,$8.39,1439907102754,"53,017",100% bearish,of 1 rating,$17
HMHC,$23.48,1439907102780,"26,197",Not yet rated,NULL,$27
HOVNP,$5.472,1439907103034,400,100% bearish,of 1 rating,N/A
HSNI,$63.765,1439907103066,"11,841",Not yet rated,NULL,$80
HBMD,$14.82,1439907103097,102,100% bearish,of 1 rating,N/A
HUBG,$41.7,1439907103170,"7,850",100% bearish,of 1 rating,$43
HWCC,$7.41,1439907103198,"45,462",100% bearish,of 1 rating,$9
HTGM,$5.93,1439907103224,"1,950",100% bearish,of 1 rating,$19.50
HCBK,$10.4,1439907103354,"74,791",83% bullish,of 6 ratings,$8.61
HDSN,$3.1601,1439907103445,"1,403",100% bullish,of 1 rating,$6.25
HSON,$2.87,1439907103485,30,100% bearish,of 1 rating,$5
HBAN,$11.83,1439907103549,"694,285",76% bullish,of 17 ratings,$12.50
HBANP,NULL,1439907103620,0,100% bearish,of 1 rating,N/A
HURN,$75.82,1439907103815,"2,847",50% bullish,of 2 ratings,$80
HURC,$30.59,1439907103846,722,100% bearish,of 1 rating,N/A
HTCH,$1.68,1439907103948,"3,672",100% bearish,of 1 rating,$3.50
HDRAR,NULL,1439907104053,0,Not yet rated,NULL,N/A
HDRA,NULL,1439907104190,0,Not yet rated,NULL,N/A
HBP,$3.09,1439907104221,520,100% bullish,of 1 rating,N/A
HDRAU,NULL,1439907104253,0,Not yet rated,NULL,N/A
HYGS,$7.7499,1439907104297,"1,998",50% bullish,of 2 ratings,$13
IDSY,$4.09,1439907104325,"2,000",100% bearish,of 1 rating,$7
HDRAW,NULL,1439907104356,0,Not yet rated,NULL,N/A
IKGH,$1.75,1439907104490,"5,900",75% bullish,of 4 ratings,N/A
IACI,$75.21,1439907104512,"26,005",75% bullish,of 4 ratings,$90
ICAD,$3.65,1439907104667,"14,520",50% bullish,of 2 ratings,$7.25
IBKC,$64.13,1439907104708,"6,922",100% bullish,of 1 rating,$70
IEP,$73.31,1439907104803,"1,753",75% bullish,of 4 ratings,$99
ICLR,$80.435,1439907104874,"160,050",100% bearish,of 3 ratings,$85
ICON,$13.71,1439907104902,"52,323",50% bullish,of 2 ratings,$18.50
ICFI,$35.085,1439907104979,"18,477",50% bullish,of 2 ratings,$48.50
ICUI,$122.1,1439907105167,"7,816",Not yet rated,NULL,$122
IDRA,$2.713,1439907105202,"106,667",89% bullish,of 9 ratings,$6.50
INVE,$4.775,1439907105231,"30,442",75% bullish,of 4 ratings,$4
IPWR,$7.68,1439907105252,734,100% bullish,of 1 rating,$15
IDXX,$79.02,1439907105307,"49,238",100% bearish,of 1 rating,$77
DSKY,$12.475,1439907105487,"15,370",67% bullish,of 6 ratings,$11.50
IROQ,$16.6,1439907105530,100,100% bullish,of 1 rating,N/A
IRG,$4.4501,1439907105591,"2,600",100% bearish,of 1 rating,$4.50
IIVI,$17.746,1439907105722,"10,230",100% bearish,of 1 rating,$22
KANG,$16.8301,1439907105805,"20,892",50% bullish,of 2 ratings,$22.55
IKAN,$2.73,1439907105963,"1,000",83% bullish,of 6 ratings,$5
ILMN,$207.46,1439907105996,"64,873",80% bullish,of 5 ratings,$240
IKNX,NULL,1439907106029,0,100% bearish,of 1 rating,N/A
ISNS,$4.1,1439907106101,"11,403",50% bullish,of 2 ratings,N/A
RXDX,$13.525,1439907106138,"10,069",100% bullish,of 1 rating,$20
ICCC,$9.18,1439907106159,285,100% bullish,of 1 rating,N/A
IMDZ,$16.53,1439907106233,"12,235",100% bearish,of 1 rating,$33
IMMR,$12.445,1439907106264,"10,472",80% bullish,of 5 ratings,$15.50
IMGN,$14.2,1439907106442,"108,373",75% bullish,of 4 ratings,$17.50
IMNP,$1.5901,1439907106471,"12,578",50% bullish,of 2 ratings,$6
IMMU,$1.92,1439907106574,"93,331",86% bullish,of 7 ratings,$2
IPXL,$46.76,1439907106790,"24,706",67% bullish,of 3 ratings,$46.50
SAAS,$8.03,1439907106831,"28,911",50% bullish,of 2 ratings,$15
INDB,$49.04,1439907106922,"1,376",Not yet rated,NULL,$44
IMMY,$7.72,1439907106949,35,100% bearish,of 1 rating,$11
INCY,$115.785,1439907106981,"156,726",50% bullish,of 6 ratings,$125.50
INCR,$44.47,1439907107006,"79,300",50% bullish,of 2 ratings,$53
IBCP,$14.68,1439907107087,"1,776",100% bullish,of 1 rating,$14.50
INFI,$9.55,1439907107188,"16,170",50% bullish,of 4 ratings,$18
IBTX,$44.43,1439907107225,"2,174",100% bullish,of 2 ratings,$47.25
IDSA,$3.75,1439907107322,"2,500",Not yet rated,NULL,N/A
INFN,$24.87,1439907107348,"344,752",71% bullish,of 7 ratings,$27.50
IPCC,$80.7,1439907107414,"9,223",Not yet rated,NULL,$77
III,$4.18,1439907107484,"4,688",57% bullish,of 7 ratings,$6
IFON,$1.3499,1439907107751,"16,193",75% bullish,of 4 ratings,N/A
IMKTA,$55.68,1439907107780,"7,392",100% bearish,of 1 rating,N/A
IPHS,$50.82,1439907107810,"7,144",100% bearish,of 1 rating,$60
INWK,$7.74,1439907107839,"7,635",50% bullish,of 2 ratings,$10
INNL,NULL,1439907107860,0,100% bearish,of 1 rating,$16.50
INOD,$2.54,1439907107910,200,100% bearish,of 1 rating,N/A
IOSP,$46.8,1439907107991,"7,094",100% bearish,of 1 rating,N/A
ITEK,$15.3016,1439907108160,"112,176",67% bearish,of 3 ratings,$20
INGN,$50.61,1439907108189,"33,496",100% bearish,of 1 rating,$50.50
ISSC,$3.0383,1439907108218,"1,100",67% bearish,of 3 ratings,N/A
INO,$7.755,1439907108261,"117,060",89% bullish,of 18 ratings,$20
INOV,$22.89,1439907108368,"79,706",100% bearish,of 1 rating,$33
ISIG,NULL,1439907108421,0,100% bearish,of 1 rating,N/A
NSIT,$26.4501,1439907108447,"4,894",50% bullish,of 2 ratings,N/A
INSM,$27.32,1439907108578,"41,996",71% bullish,of 7 ratings,$32
IIIN,$17.88,1439907108626,"1,000",100% bearish,of 2 ratings,N/A
PODD,$30.33,1439907108841,"23,730",50% bullish,of 2 ratings,$35
IDTI,$17.76,1439907108890,"1,231,031",60% bullish,of 5 ratings,$25
NTEC,$6.05,1439907108916,402,Not yet rated,NULL,N/A
INSY,$36.035,1439907108948,"47,187",75% bullish,of 4 ratings,$48
IART,$62.8,1439907109045,"4,159",100% bearish,of 1 rating,$71.50
IESC,$7.218,1439907109074,"5,100",100% bearish,of 1 rating,N/A
INTC,$28.841,1439907109103,"3,196,376",82% bullish,of 238 ratings,$36
ISSI,$22.23,1439907109238,"13,223",67% bullish,of 3 ratings,$19.75
IQNT,$22.92,1439907109277,"364,979",86% bullish,of 7 ratings,$20
IPCI,$2.2299,1439907109305,"2,457",67% bullish,of 6 ratings,$7.75
IPAR,$28.56,1439907109442,"9,015",67% bullish,of 3 ratings,$38
IBKR,$42.6,1439907109496,"19,808",100% bullish,of 1 rating,N/A
ICPT,$214.2999,1439907109635,"8,071",70% bullish,of 10 ratings,$363
ICLD,$1.978,1439907109685,"35,841",75% bullish,of 4 ratings,N/A
ININ,$40.18,1439907109719,"2,268",67% bearish,of 3 ratings,$57
IDCC,$50.1,1439907109774,"23,443",80% bullish,of 5 ratings,$63
ICLDW,NULL,1439907109845,0,100% bearish,of 1 rating,N/A
IMI,NULL,1439907109909,0,67% bullish,of 3 ratings,$2.22
TILE,$26.215,1439907109937,"24,714",67% bearish,of 3 ratings,$27
INAP,$8.72,1439907109961,"12,829",75% bullish,of 4 ratings,$11
IBOC,$27.8,1439907110168,"6,385",100% bearish,of 1 rating,N/A
ISCA,$33.85,1439907110193,"9,275",100% bearish,of 1 rating,N/A
IGLD,$7.8699,1439907110257,"1,000",50% bullish,of 2 ratings,N/A
IIJI,NULL,1439907110445,0,50% bullish,of 2 ratings,$11.50
PTNT,NULL,1439907110473,0,Not yet rated,NULL,N/A
INPH,$0.31,1439907110498,"5,510",50% bullish,of 2 ratings,N/A
INTX,$2.55,1439907110546,200,67% bullish,of 3 ratings,N/A
IILG,$21.62,1439907110679,"5,902",100% bearish,of 1 rating,$30.50
IVAC,$5.01,1439907110712,500,Not yet rated,NULL,$6.625
ISIL,$10.87,1439907110739,"56,762",50% bullish,of 6 ratings,$15
XENT,$29.38,1439907110814,"36,858",50% bullish,of 2 ratings,$36.50
INTL,$28.31,1439907110876,"4,299",67% bearish,of 3 ratings,N/A
INTLL,$25.7,1439907110912,"1,500",Not yet rated,NULL,N/A
ITCI,$31,1439907110940,"59,818",75% bearish,of 4 ratings,$40
IIN,$6.44,1439907111013,5,100% bearish,of 1 rating,$12
INTU,$106.1995,1439907111158,"92,602",100% bullish,of 7 ratings,$107.50
ISRG,$531.89,1439907111375,"9,280",67% bullish,of 3 ratings,$600
INVT,$0.2918,1439907111411,"3,020",67% bullish,of 3 ratings,N/A
SNAK,$8.75,1439907111436,"7,598",50% bullish,of 2 ratings,$14
ISTR,$15.75,1439907111577,2,100% bearish,of 1 rating,$18.50
ITIC,NULL,1439907111606,0,100% bearish,of 2 ratings,N/A
IVTY,$11.82,1439907111637,"1,280",Not yet rated,NULL,$18
NVIV,$11.885,1439907111667,"36,709",50% bullish,of 4 ratings,$24.50
ISBC,$12.4,1439907111736,"268,526",100% bullish,of 1 rating,$13.25
DTUL,$64.46,1439907111766,200,Not yet rated,NULL,N/A
IPAS,$1.08,1439907111968,256,67% bullish,of 3 ratings,N/A
IPCM,$79.4,1439907112033,"17,088",50% bullish,of 2 ratings,$80.125
IPGP,$91.66,1439907112063,"11,226",100% bearish,of 2 ratings,$109.50
IRMD,$26.26,1439907112084,950,67% bearish,of 3 ratings,$25
DFVL,NULL,1439907112115,0,Not yet rated,NULL,N/A
IRIX,$7,1439907112262,"1,500",100% bearish,of 1 rating,N/A
IRWD,$11.58,1439907112477,"33,722",100% bearish,of 1 rating,$13
IRDMB,NULL,1439907112610,0,67% bearish,of 3 ratings,N/A
IRCP,NULL,1439907112648,0,100% bullish,of 2 ratings,N/A
GNMA,$50.0529,1439907112669,"2,010",Not yet rated,NULL,N/A
IRDM,$6.91,1439907112703,"20,363",60% bullish,of 5 ratings,$11.50
IRBT,$31.075,1439907112739,"8,421",67% bullish,of 6 ratings,$37
FCHI,$49.99,1439907112765,"1,200",Not yet rated,NULL,N/A
COMT,$33.43,1439907112795,728,100% bearish,of 1 rating,N/A
IFAS,NULL,1439907113072,0,Not yet rated,NULL,N/A
IFEU,NULL,1439907113133,0,Not yet rated,NULL,N/A
ACWI,$59.0801,1439907113177,"87,716",Not yet rated,NULL,N/A
AAXJ,$55.75,1439907113231,"139,706",Not yet rated,NULL,N/A
ACWX,$42.91,1439907113263,"9,723",100% bearish,of 1 rating,N/A
IFGL,$30.0799,1439907113329,"6,226",Not yet rated,NULL,N/A
IFNA,NULL,1439907113393,0,Not yet rated,NULL,N/A
AXJS,NULL,1439907113522,0,Not yet rated,NULL,N/A
AAIT,$31.3,1439907113679,"2,066",100% bullish,of 1 rating,N/A
EMDI,NULL,1439907113737,0,Not yet rated,NULL,N/A
EEMA,$52.5837,1439907113773,"1,842",Not yet rated,NULL,N/A
EMEY,NULL,1439907113876,0,Not yet rated,NULL,N/A
EEME,$39,1439907113901,16,100% bearish,of 1 rating,N/A
EGRW,$48.52,1439907113928,200,Not yet rated,NULL,N/A
EEML,$28.8,1439907113968,173,Not yet rated,NULL,N/A
EVAL,$37.18,1439907114100,418,Not yet rated,NULL,N/A
IEUS,$47.979,1439907114143,"3,578",100% bearish,of 1 rating,N/A
EUFN,$23.225,1439907114232,"13,144",100% bearish,of 1 rating,N/A
UAE,$18.51,1439907114338,900,Not yet rated,NULL,N/A
IBB,$372.3,1439907114392,"90,908",63% bullish,of 8 ratings,N/A
QAT,$21.95,1439907114419,145,Not yet rated,NULL,N/A
EMIF,NULL,1439907114549,0,Not yet rated,NULL,N/A
SOXX,$85.23,1439907114608,"17,230",50% bullish,of 2 ratings,N/A
INDY,$29.57,1439907114685,"41,079",100% bullish,of 1 rating,N/A
ICLN,$10.26,1439907114740,351,50% bullish,of 2 ratings,N/A
WOOD,$51.02,1439907114767,923,50% bullish,of 2 ratings,N/A
ISIS,$52.06,1439907114953,"87,039",53% bullish,of 15 ratings,$67
ISHG,NULL,1439907114982,0,100% bearish,of 1 rating,N/A
IGOV,$89.99,1439907115013,"1,444",100% bearish,of 1 rating,N/A
ISLE,$19.77,1439907115039,"65,080",50% bullish,of 4 ratings,$16
ISRL,NULL,1439907115083,0,100% bearish,of 1 rating,N/A
ITRI,$33.563,1439907115295,"20,884",Not yet rated,NULL,$37
ITRN,$25.76,1439907115357,236,50% bullish,of 2 ratings,N/A
ITUS,NULL,1439907115502,0,Not yet rated,NULL,N/A
XXIA,$15.675,1439907115643,"38,664",71% bullish,of 7 ratings,$14.625
IXYS,$10.815,1439907115684,"6,050",50% bullish,of 4 ratings,N/A
JJSF,$118.64,1439907115712,428,100% bearish,of 1 rating,N/A
JCOM,$73.34,1439907115739,"42,495",100% bullish,of 2 ratings,$77
MAYS,NULL,1439907115768,0,Not yet rated,NULL,N/A
JBHT,$80.34,1439907115873,"30,210",50% bullish,of 4 ratings,$89.50
JKHY,$71.65,1439907115934,"9,189",50% bullish,of 2 ratings,$72
JACK,$87.26,1439907116008,"49,616",83% bullish,of 6 ratings,$105
JASO,$8.49,1439907116074,"230,394",82% bullish,of 17 ratings,$10
JXSB,NULL,1439907116168,0,Not yet rated,NULL,N/A
JAXB,NULL,1439907116218,0,100% bullish,of 1 rating,N/A
JAGX,$2.87,1439907116243,"1,700",Not yet rated,NULL,N/A
JAKK,$9.74,1439907116317,"20,301",60% bearish,of 5 ratings,$10.50
JMBA,$14.195,1439907116499,"27,057",75% bullish,of 4 ratings,$18
JRVR,$26.74,1439907116536,"2,228",Not yet rated,NULL,$27
ERW,NULL,1439907116628,0,Not yet rated,NULL,N/A
JASN,NULL,1439907116659,0,50% bullish,of 2 ratings,$9.50
JAZZ,$186.79,1439907116686,"11,564",80% bullish,of 15 ratings,$206.50
JD,$26.5675,1439907116759,"1,373,530",75% bullish,of 16 ratings,$36
JASNW,NULL,1439907116822,0,50% bullish,of 2 ratings,N/A
JBLU,$24.31,1439907116854,"937,101",94% bullish,of 16 ratings,$27
JCTCF,$9.54,1439907117051,20,100% bullish,of 1 rating,N/A
DATE,$6.55,1439907117079,"16,872",75% bullish,of 4 ratings,$9
JST,$4.4,1439907117241,314,75% bullish,of 4 ratings,N/A
JIVE,$4.09,1439907117350,"152,087",75% bullish,of 4 ratings,$5
JOEZ,$0.19,1439907117422,"46,996",92% bullish,of 12 ratings,N/A
WYIGU,$10.02,1439907117457,997,Not yet rated,NULL,N/A
JTPY,$2.96,1439907117479,100,100% bearish,of 1 rating,N/A
JBSS,$47.49,1439907117554,950,67% bearish,of 3 ratings,N/A
JOUT,$25,1439907117614,"1,939",100% bearish,of 1 rating,$34
JNP,$9.84,1439907117689,"5,878",100% bullish,of 3 ratings,$15
KTWO,$21.83,1439907117746,"12,011",100% bearish,of 1 rating,$28.50
JUNO,$42.96,1439907117791,"243,345",73% bullish,of 11 ratings,$71.50
KALU,$85.79,1439907117876,"11,033",67% bearish,of 3 ratings,$91
KNDI,$7.0151,1439907117961,"42,530",86% bullish,of 22 ratings,N/A
KBIO,$1.96,1439907118009,"2,200",50% bullish,of 4 ratings,N/A
KMDA,$3.94,1439907118059,"12,048",50% bullish,of 2 ratings,$8
KCLI,$47.9,1439907118188,"2,343",Not yet rated,NULL,N/A
KPTI,$14.1701,1439907118220,"106,007",67% bearish,of 3 ratings,$41
KBSF,NULL,1439907118321,0,100% bullish,of 1 rating,N/A
KCAP,$4.8501,1439907118365,"24,215",75% bullish,of 4 ratings,$6.75
KRNY,$11.84,1439907118454,"92,400",100% bearish,of 1 rating,$12
KMPH,$21.7924,1439907118495,"14,417",100% bearish,of 2 ratings,$22
KFFB,$8.7701,1439907118632,"2,486",100% bearish,of 1 rating,N/A
KELYB,NULL,1439907118697,0,50% bullish,of 2 ratings,N/A
KERX,$6.3,1439907118727,"87,118",82% bullish,of 11 ratings,$12
KELYA,$14.82,1439907118763,"3,182",67% bullish,of 6 ratings,$20
KTEC,$12.1,1439907118928,"1,172",Not yet rated,NULL,N/A
KEQU,$17,1439907118957,"4,498",100% bullish,of 1 rating,N/A
GMCR,$50.56,1439907119007,"144,122",71% bullish,of 42 ratings,$64
KTCC,$10.0023,1439907119090,174,100% bearish,of 1 rating,$15
KFRC,$28.85,1439907119151,"6,627",100% bullish,of 2 ratings,$29
KE,$11.83,1439907119222,"1,081",67% bearish,of 3 ratings,$16
KBAL,$11.5001,1439907119296,"2,129",50% bullish,of 2 ratings,N/A
KGJI,$0.7796,1439907119381,"64,493",89% bullish,of 9 ratings,N/A
KIN,$5.91,1439907119514,"2,718",50% bullish,of 2 ratings,$6.25
KINS,$8.7299,1439907119571,"3,963",100% bullish,of 1 rating,N/A
KIRK,$26.95,1439907119618,"10,298",50% bullish,of 2 ratings,$32
KITE,$58.4699,1439907119665,"126,161",88% bullish,of 8 ratings,$85
KONE,$4.17,1439907119698,"2,203",Not yet rated,NULL,N/A
KLXI,$39.27,1439907119725,"34,225",100% bearish,of 1 rating,$49
KLAC,$51.25,1439907119798,"67,320",100% bearish,of 1 rating,$61.50
KONA,$20.84,1439907119930,"1,200",50% bullish,of 2 ratings,$28
KOPN,$2.839,1439907120006,"67,530",50% bullish,of 2 ratings,$4.50
KRNT,$13.1799,1439907120136,"3,399",50% bullish,of 2 ratings,$18
KOSS,NULL,1439907120163,0,100% bearish,of 2 ratings,N/A
KZ,$7.1301,1439907120189,"17,299",60% bearish,of 5 ratings,N/A
KWEB,$33.34,1439907120294,"32,432",Not yet rated,NULL,N/A
KTOS,$4.75,1439907120470,"12,044",50% bullish,of 2 ratings,$8.50
KUTV,$0.7501,1439907120639,"4,000",50% bullish,of 2 ratings,N/A
KVHI,$10.93,1439907120682,550,100% bearish,of 1 rating,$16
KYTH,$74.78,1439907120774,"9,980",100% bullish,of 3 ratings,$66
FSTR,$19.37,1439907120846,"4,926",100% bearish,of 1 rating,$40.50
KLIC,$10.319,1439907120876,"32,088",80% bullish,of 5 ratings,$13
LSBK,$13.33,1439907120906,"6,172",Not yet rated,NULL,N/A
LJPC,$26.7101,1439907120950,"118,312",87% bullish,of 15 ratings,$32
LSBG,$14.8601,1439907121082,100,Not yet rated,NULL,N/A
LBAI,$11.37,1439907121262,"2,914",Not yet rated,NULL,$13
LAKE,$10.05,1439907121321,"1,770",57% bullish,of 7 ratings,$19
LKFN,$42.32,1439907121394,"1,468",Not yet rated,NULL,$45
LRCX,$73.051,1439907121419,"169,818",50% bullish,of 4 ratings,$95
