Symbol,Price,Date,Volume,Rating,RatingVoteCount,OneYearEstimate
PIH,$7.39,1439929202822,"8,473",100% bearish,of 1 rating,N/A
TFSC,NULL,1439929202849,0,100% bearish,of 1 rating,N/A
FCTY,$7.5,1439929202908,900,100% bullish,of 1 rating,$8.50
TFSCU,NULL,1439929202981,0,Not yet rated,NULL,N/A
TFSCW,$0.22,1439929203078,4,100% bearish,of 1 rating,N/A
SRCE,$31.05,1439929203104,"19,091",100% bullish,of 3 ratings,$33
FCCY,$11.59,1439929203164,"3,256",100% bullish,of 1 rating,$13
TFSCR,NULL,1439929203189,0,Not yet rated,NULL,N/A
VNET,$21.05,1439929203249,"214,370",60% bullish,of 5 ratings,$29.50
TWOU,$34.96,1439929203447,"365,438",50% bullish,of 2 ratings,$39
FLWS,$9.74,1439929203482,"141,602",100% bullish,of 5 ratings,$15
USLV,$13.4,1439929203578,"438,656",86% bullish,of 7 ratings,N/A
UGLD,$8.88,1439929203718,"132,721",100% bearish,of 1 rating,N/A
DSLV,$67.29,1439929203762,"38,482",100% bearish,of 1 rating,N/A
JOBS,$28.03,1439929203817,"68,539",50% bullish,of 4 ratings,$36
DGLD,$85.9,1439929203843,"3,632",100% bullish,of 1 rating,N/A
SIXD,$2.54,1439929204046,"64,564",Not yet rated,NULL,N/A
EGHT,$8.55,1439929204131,"220,788",82% bullish,of 17 ratings,$11
CAFD,$15.31,1439929204288,"145,644",Not yet rated,NULL,$25
SHLM,$35.87,1439929204386,"119,956",100% bearish,of 1 rating,$50
ABEO,$5.24,1439929204427,"101,807",67% bullish,of 3 ratings,$15.50
ABAX,$47.95,1439929204470,"86,033",100% bearish,of 1 rating,$60
ABGB,$4.66,1439929204536,"70,434",67% bullish,of 3 ratings,$5.50
AVHI,$14.38,1439929204604,"28,601",100% bearish,of 1 rating,$19
ABY,$21.47,1439929204669,"307,491",100% bearish,of 2 ratings,$46
ABEOW,$2.08,1439929204850,"5,825",100% bullish,of 1 rating,N/A
ABMD,$104.93,1439929204904,"340,707",75% bullish,of 4 ratings,$86
AAON,$23.04,1439929204935,"83,105",100% bearish,of 1 rating,$24
AXAS,$1.74,1439929205036,"575,645",78% bullish,of 9 ratings,$3.50
ACTG,$8.7,1439929205126,"202,595",67% bullish,of 3 ratings,$18.50
ACHC,$81.65,1439929205167,"228,428",50% bullish,of 2 ratings,$92
ACST,$0.365,1439929205265,"95,166",100% bullish,of 2 ratings,N/A
ACAD,$38.8,1439929205293,"530,632",85% bullish,of 20 ratings,$48
XLRN,$30.72,1439929205365,"136,638",50% bullish,of 2 ratings,$57
ANCX,$19.21,1439929205551,"14,875",Not yet rated,NULL,$19
AXDX,$18.86,1439929205655,"84,893",100% bearish,of 1 rating,N/A
VXUP,$17.03,1439929205705,"4,565",Not yet rated,NULL,N/A
VXDN,$14.86,1439929205734,915,Not yet rated,NULL,N/A
ARAY,$5.93,1439929205810,"1,244,702",100% bearish,of 1 rating,$10.50
ACRX,$4.34,1439929205942,"121,153",67% bearish,of 6 ratings,$5.50
ACHN,$8.62,1439929206199,"2,260,459",90% bullish,of 21 ratings,$16
ACIW,$22.9,1439929206232,"194,437",50% bullish,of 2 ratings,$24
AKAO,$7.08,1439929206254,"47,781",75% bullish,of 4 ratings,$15
ACNB,$20.43,1439929206291,929,Not yet rated,NULL,N/A
ACET,$25.35,1439929206313,"55,556",75% bullish,of 4 ratings,$30
ACOR,$31.15,1439929206343,"181,160",67% bearish,of 3 ratings,$38.50
ACPW,$1.87,1439929206383,"12,650",100% bullish,of 4 ratings,$3.50
ATVI,$29.22,1439929206564,"2,669,568",68% bullish,of 84 ratings,$31.50
ACTA,$13.61,1439929206663,"92,024",67% bearish,of 3 ratings,$25
ACTS,$1.4,1439929206689,"35,262",100% bearish,of 1 rating,N/A
ACUR,$0.6,1439929206819,"35,138",100% bullish,of 5 ratings,$1
ADMP,$3.84,1439929207093,"64,339",50% bullish,of 2 ratings,$10
ADAP,$15.46,1439929207137,"87,059",67% bullish,of 3 ratings,$22
ACXM,$21.1,1439929207169,"261,405",67% bullish,of 3 ratings,N/A
ADMS,$20.63,1439929207226,"44,589",100% bearish,of 2 ratings,$36
ADUS,$30.66,1439929207268,"78,320",100% bearish,of 1 rating,$31
AEY,$2.29,1439929207304,"3,324",100% bearish,of 2 ratings,N/A
ADTN,$16.15,1439929207435,"165,724",67% bullish,of 3 ratings,$17.125
ADMA,$9.47,1439929207495,"10,548",Not yet rated,NULL,$19
ADBE,$86.45,1439929207583,"1,006,541",65% bullish,of 17 ratings,$90
ADRO,$21.57,1439929207658,"147,206",80% bullish,of 5 ratings,$45.50
ADEP,$7.31,1439929207795,"9,982",50% bullish,of 2 ratings,$10.75
AMD,$1.8,1439929207929,"5,860,329",83% bullish,of 102 ratings,$2
ADXS,$16.09,1439929207961,"388,165",64% bullish,of 14 ratings,$27
AEIS,$26.12,1439929208065,"103,676",50% bullish,of 2 ratings,$32.50
YPRO,$23.022,1439929208227,"1,468",100% bearish,of 1 rating,N/A
ADXSW,$11.6,1439929208331,"4,056",100% bullish,of 1 rating,N/A
MULT,NULL,1439929208462,0,100% bearish,of 1 rating,N/A
AEGR,$18.98,1439929208489,"469,943",50% bullish,of 6 ratings,$26
AEGN,$18.55,1439929208517,"78,317",100% bearish,of 1 rating,$21
AEHR,$2.22,1439929208570,109,50% bullish,of 2 ratings,N/A
AVAV,$25.67,1439929208882,"137,821",50% bullish,of 4 ratings,$31
AEPI,$57.69,1439929208920,"9,486",100% bearish,of 1 rating,N/A
AERI,$16.1,1439929209014,"247,931",75% bullish,of 4 ratings,$31.50
AMTX,$3.43,1439929209044,"7,120",50% bullish,of 2 ratings,$26.11
AEZS,$0.121,1439929209150,"11,143,393",90% bullish,of 21 ratings,$1.625
AEMD,$7.44,1439929209177,"104,703",Not yet rated,NULL,$27.50
AFMD,$11.39,1439929209444,"88,637",50% bullish,of 4 ratings,$15
AGRX,$8.73,1439929209542,"27,969",100% bearish,of 1 rating,$18
AGEN,$7.44,1439929209794,"552,591",85% bullish,of 13 ratings,$14
AFFX,$9.81,1439929209857,"388,511",80% bullish,of 5 ratings,$12
AGYS,$9.52,1439929209926,"18,676",100% bearish,of 1 rating,N/A
AGFS,$10.1,1439929209952,"184,902",100% bearish,of 1 rating,N/A
AGIO,$95.37,1439929209988,"234,747",88% bullish,of 8 ratings,$114
AIMT,$23.37,1439929210117,"97,064",Not yet rated,NULL,N/A
AGFSW,$2.13,1439929210215,"73,631",100% bearish,of 1 rating,N/A
AIRM,$39.8,1439929210272,"137,097",80% bearish,of 5 ratings,$53
AIXG,$5.95,1439929210347,"7,109",67% bearish,of 3 ratings,$6
ATSG,$9.63,1439929210431,"93,477",67% bullish,of 3 ratings,$13
AKAM,$73.85,1439929210565,"754,374",63% bullish,of 8 ratings,$77
AMCN,$5.09,1439929210639,"380,306",83% bullish,of 6 ratings,N/A
AIRT,$23.09,1439929210721,"1,119",100% bullish,of 1 rating,N/A
AKBA,$6.89,1439929210826,"177,782",100% bearish,of 1 rating,$18
AKER,$3.08,1439929211103,"187,446",Not yet rated,NULL,N/A
AKRX,$43.82,1439929211168,"334,004",78% bullish,of 9 ratings,$56
ALRM,$17.18,1439929211234,"79,175",100% bearish,of 1 rating,$22
ABDC,$12.99,1439929211364,"10,693",Not yet rated,NULL,$15
AMRI,$20.76,1439929211441,"132,949",75% bearish,of 4 ratings,$24
ALXN,$187.42,1439929211467,"604,036",88% bullish,of 8 ratings,$223
ALDX,$7.74,1439929211546,"14,507",100% bearish,of 1 rating,$14.50
ALDR,$37.86,1439929211609,"251,802",67% bearish,of 3 ratings,$62
ADHD,$9.17,1439929211635,"138,573",50% bullish,of 4 ratings,$18
ALCO,$42.63,1439929211772,"5,524",50% bullish,of 2 ratings,N/A
ALXA,$1.18,1439929211798,"6,397",83% bullish,of 6 ratings,$2.125
ALSK,$2.16,1439929211837,"63,279",78% bullish,of 18 ratings,$2
ALIM,$3.7,1439929212062,"48,024",80% bullish,of 5 ratings,$10
ALGN,$60.5,1439929212090,"229,106",100% bearish,of 2 ratings,$73
AFOP,$18.55,1439929212255,"42,474",75% bullish,of 8 ratings,$21
ALKS,$67.67,1439929212314,"396,305",67% bullish,of 3 ratings,$75
ARLP,$24.68,1439929212447,"61,261",67% bearish,of 3 ratings,$32
ALGT,$228.68,1439929212474,"114,947",100% bearish,of 1 rating,$235
ALLB,$23.62,1439929212496,"3,163",Not yet rated,NULL,N/A
AIQ,$14.82,1439929212686,"5,120",67% bullish,of 3 ratings,N/A
ALLT,$5.07,1439929212822,"121,658",75% bullish,of 4 ratings,$6.25
AHGP,$36.04,1439929212852,"20,769",67% bullish,of 3 ratings,N/A
ALQA,$4.58,1439929212879,"11,069",75% bullish,of 4 ratings,$8.50
AMOT,$16.905,1439929212905,"37,023",100% bearish,of 1 rating,N/A
MDRX,$14.2,1439929213007,"1,025,542",60% bullish,of 5 ratings,$16
AHPI,$1.44,1439929213037,323,50% bullish,of 2 ratings,N/A
AFAM,$49.24,1439929213106,"36,682",50% bullish,of 2 ratings,$44
ALNY,$109.77,1439929213238,"396,531",67% bullish,of 3 ratings,$148.50
AOSL,$6.99,1439929213443,"71,894",67% bullish,of 3 ratings,$9
ATEC,$0.6,1439929213470,"126,781",100% bullish,of 1 rating,$2
SMCP,NULL,1439929213499,0,Not yet rated,NULL,N/A
AMAG,$63.54,1439929213599,"211,496",100% bullish,of 2 ratings,$75
ASPS,$30.66,1439929213626,"180,422",67% bullish,of 3 ratings,$46.50
ALTR,$48.95,1439929213697,"1,704,320",80% bearish,of 5 ratings,$54
AIMC,$26.22,1439929213778,"55,461",100% bearish,of 1 rating,$28.50
AMRN,$2.24,1439929213945,"576,911",85% bullish,of 39 ratings,$8
AMRK,$10.59,1439929213998,"17,448",50% bullish,of 2 ratings,$14
AYA,$23.07,1439929214024,"18,977",100% bearish,of 1 rating,$40
AMZN,$535.02,1439929214078,"1,178,518",81% bullish,of 262 ratings,$646
AMBA,$105.3,1439929214322,"857,707",83% bullish,of 12 ratings,$102.50
AMBC,$16.94,1439929214393,"215,177",100% bearish,of 1 rating,$16.50
AMBCW,$8.25,1439929214425,"2,300",100% bearish,of 1 rating,N/A
AMCX,$73.78,1439929214522,"585,860",67% bullish,of 3 ratings,$85.50
EPAX,$2.66,1439929214656,"515,108",100% bearish,of 1 rating,N/A
AMED,$45.51,1439929214678,"147,555",100% bearish,of 1 rating,$42
DOX,$60.47,1439929214762,"324,015",100% bullish,of 2 ratings,$60
AMDA,$0.495,1439929214822,"735,563",90% bullish,of 10 ratings,$1
AMOV,$18.84,1439929214952,"3,919",100% bearish,of 1 rating,N/A
UHAL,$382.9,1439929215002,"16,046",100% bullish,of 2 ratings,$393.50
ATAX,$5.29,1439929215039,"82,036",100% bullish,of 1 rating,$6.50
ASBI,$22.8,1439929215134,"4,007",Not yet rated,NULL,N/A
AGNC,$19.84,1439929215409,"1,896,365",75% bullish,of 28 ratings,$22
AGNCB,$24.19,1439929215440,"7,826",Not yet rated,NULL,N/A
AGNCP,$25.31,1439929215472,"11,446",Not yet rated,NULL,N/A
AAL,$43.63,1439929215501,"3,803,912",93% bullish,of 87 ratings,$57
MTGE,$15.99,1439929215577,"230,065",75% bullish,of 4 ratings,$19.50
MTGEP,$24.4,1439929215637,"2,305",Not yet rated,NULL,N/A
ACSF,$12.79,1439929215665,"28,999",100% bearish,of 1 rating,$15
ACAS,$14.25,1439929215998,"602,747",60% bullish,of 5 ratings,$16.75
AMNB,$23.29,1439929216131,"9,143",Not yet rated,NULL,$25.50
AMIC,NULL,1439929216158,0,Not yet rated,NULL,N/A
APEI,$22.17,1439929216180,"87,096",100% bearish,of 1 rating,$29
ANCI,$1.73,1439929216223,"1,318",100% bearish,of 1 rating,N/A
AETI,$3.76,1439929216245,5,67% bearish,of 3 ratings,N/A
ARII,$40.21,1439929216311,"101,854",67% bearish,of 3 ratings,$45
ANAT,$104.29,1439929216337,"9,604",100% bullish,of 1 rating,N/A
AMRB,$10.08,1439929216599,"1,304",Not yet rated,NULL,$11
AMSWA,$9.33,1439929216731,"16,834",100% bearish,of 2 ratings,$10.75
ASEI,$39.11,1439929216761,"51,215",100% bearish,of 1 rating,$52.50
AMWD,$65.58,1439929216866,"64,625",50% bullish,of 2 ratings,$58
CRMT,$44.98,1439929216895,"13,137",100% bearish,of 1 rating,$49
AMSC,$3.95,1439929216971,"39,687",50% bullish,of 4 ratings,N/A
ABCB,$28.31,1439929217029,"66,285",Not yet rated,NULL,$30.50
AMSF,$50.72,1439929217191,"40,927",Not yet rated,NULL,$57.50
ASRVP,NULL,1439929217257,0,Not yet rated,NULL,N/A
ATLO,$24.25,1439929217318,"3,880",Not yet rated,NULL,N/A
AMGN,$167.72,1439929217386,"1,610,360",89% bullish,of 19 ratings,$185
ASRV,$3.3,1439929217476,"1,169",100% bullish,of 2 ratings,N/A
AMPH,$14.61,1439929217517,"132,157",50% bullish,of 2 ratings,$20
FOLD,$16.31,1439929217559,"687,282",56% bullish,of 9 ratings,$21
AMKR,$4.28,1439929217585,"651,592",100% bearish,of 2 ratings,$5
AMSG,$85.04,1439929217810,"189,067",100% bearish,of 1 rating,$85.50
AMSGP,NULL,1439929218039,0,Not yet rated,NULL,N/A
AMRS,$1.64,1439929218110,"68,560",70% bullish,of 10 ratings,N/A
AFSI,$63.49,1439929218138,"408,995",60% bullish,of 5 ratings,$72
ASYS,$5.69,1439929218159,"22,218",67% bullish,of 3 ratings,$12
ANAD,$0.36,1439929218291,"603,753",100% bullish,of 2 ratings,$.50
ALOG,$83.72,1439929218339,"54,964",100% bearish,of 2 ratings,$100.50
ADI,$61.49,1439929218444,"2,254,456",67% bullish,of 3 ratings,$68
ANAC,$132.603,1439929218527,"309,523",80% bullish,of 5 ratings,$180.50
ANGO,$14.86,1439929218578,"52,275",67% bullish,of 3 ratings,$19
ABCW,$40.31,1439929218607,"7,455",67% bullish,of 3 ratings,N/A
ANCB,$22.48,1439929218636,100,Not yet rated,NULL,$23
AMCF,$0.27,1439929218658,"23,581",100% bullish,of 7 ratings,N/A
ANIK,$36.08,1439929218992,"65,858",60% bullish,of 5 ratings,$51.25
ANIP,$55.34,1439929219023,"201,270",89% bullish,of 19 ratings,$66
ANSS,$97.06,1439929219128,"265,515",100% bearish,of 1 rating,$100
ANGI,$4.45,1439929219213,"715,548",64% bullish,of 11 ratings,$5.50
ATRS,$1.88,1439929219398,"308,876",92% bullish,of 12 ratings,$4.50
ANTH,$9.21,1439929219433,"420,825",80% bullish,of 10 ratings,$13
ABAC,$0.9099,1439929219460,"3,000",100% bearish,of 1 rating,N/A
AINV,$6.65,1439929219531,"1,216,293",50% bullish,of 4 ratings,$8
ATNY,$2.36,1439929219552,"3,442",50% bullish,of 2 ratings,$3.75
APIC,$7.74,1439929219635,"52,033",100% bearish,of 1 rating,$19
APOL,$11.62,1439929219789,"546,160",87% bearish,of 68 ratings,$14
APOG,$54.08,1439929219855,"109,626",100% bullish,of 1 rating,$62
APDN,$3.3,1439929219929,"90,544",Not yet rated,NULL,$9
AAPL,$116.6,1439929220019,"20,714,947",86% bullish,of 2333 ratings,$150
APPF,$17.89,1439929220048,"49,495",50% bullish,of 2 ratings,$22
ARCI,$1.26,1439929220074,"10,564",Not yet rated,NULL,N/A
APDNW,$1.2,1439929220341,"7,500",Not yet rated,NULL,N/A
AMCC,$5.7,1439929220410,"691,396",80% bullish,of 5 ratings,$8
AMAT,$16.58,1439929220514,"8,868,769",82% bullish,of 11 ratings,$23
APRI,$1.14,1439929220544,"98,974",83% bullish,of 6 ratings,$4.86
AREX,$2.76,1439929220645,"379,611",100% bearish,of 1 rating,$3
AGTC,$15.8,1439929220713,"110,203",50% bullish,of 2 ratings,$33
AQMS,$5.5,1439929220739,"14,083",Not yet rated,NULL,N/A
APTO,$5.05,1439929220777,"6,227",Not yet rated,NULL,$17
AAOI,$21.83,1439929220917,"177,334",50% bullish,of 4 ratings,$26
AQXP,$18.12,1439929220945,"499,447",50% bullish,of 2 ratings,$2
AUMAU,$9.89,1439929221075,"1,124",Not yet rated,NULL,N/A
AUMAW,NULL,1439929221217,0,Not yet rated,NULL,N/A
AUMA,$9.8799,1439929221279,600,Not yet rated,NULL,N/A
ABUS,$8.23,1439929221413,"286,254",86% bullish,of 14 ratings,$23
ARDM,$7.365,1439929221446,"1,200",100% bullish,of 1 rating,$26
ABIO,$0.91,1439929221545,"96,046",50% bullish,of 2 ratings,$3.75
PETX,$17.05,1439929221571,"140,526",100% bearish,of 2 ratings,$26
ARCW,$3.775,1439929221597,"3,528",100% bearish,of 2 ratings,$10.50
RKDA,$5.72,1439929221797,"33,345",100% bearish,of 2 ratings,$10
ARCB,$32.28,1439929221866,"94,443",50% bullish,of 2 ratings,$39.50
ACAT,$29.54,1439929221930,"113,449",100% bearish,of 3 ratings,$33
ACGL,$73.89,1439929221956,"208,280",50% bullish,of 2 ratings,$72
ARNA,$3.22,1439929222022,"1,520,411",90% bullish,of 77 ratings,$5.50
ARDX,$19.36,1439929222094,"190,716",50% bullish,of 2 ratings,$22
ARCC,$16,1439929222123,"547,412",67% bearish,of 3 ratings,$17.875
AGII,$58.66,1439929222313,"71,566",Not yet rated,NULL,$58
AGIIL,$25.37,1439929222443,"13,743",Not yet rated,NULL,N/A
ARIS,$3.32,1439929222473,"6,466",Not yet rated,NULL,$4.50
ARIA,$7.33,1439929222524,"1,189,451",87% bullish,of 46 ratings,$9
ARKR,NULL,1439929222602,0,50% bullish,of 2 ratings,N/A
ARGS,$4.55,1439929222658,"9,294",50% bullish,of 2 ratings,$19.50
ARMH,$42.9,1439929222708,"1,951,213",54% bearish,of 13 ratings,$61
ARTX,$1.54,1439929222739,"76,707",88% bullish,of 16 ratings,$4.50
ARWA,NULL,1439929222872,0,Not yet rated,NULL,N/A
ARWAR,NULL,1439929222961,0,Not yet rated,NULL,N/A
ARWAU,NULL,1439929223011,0,100% bullish,of 1 rating,N/A
ARQL,$1.7,1439929223113,"29,538",75% bullish,of 4 ratings,$5
ARWAW,NULL,1439929223185,0,Not yet rated,NULL,N/A
ARRY,$5.67,1439929223246,"649,193",100% bullish,of 7 ratings,$10
ARRS,$27.54,1439929223278,"299,745",50% bullish,of 2 ratings,$38
DWAT,$10.5199,1439929223381,200,100% bearish,of 1 rating,N/A
AROW,$27.42,1439929223448,"10,657",Not yet rated,NULL,N/A
ARWR,$5.75,1439929223476,"790,013",75% bullish,of 4 ratings,$10.50
ARTNA,$22.37,1439929223609,"13,516",100% bearish,of 1 rating,$29
ARTW,$4.49,1439929223638,"2,800",75% bearish,of 4 ratings,N/A
ASBB,NULL,1439929223822,0,Not yet rated,NULL,N/A
ASCMA,$28.26,1439929223907,"87,936",100% bearish,of 1 rating,$45
ASNA,$12.33,1439929223952,"877,565",50% bullish,of 2 ratings,$18
ASND,$17.97,1439929224039,"23,324",100% bullish,of 1 rating,$30
ASTI,$0.1533,1439929224088,"1,326,263",83% bullish,of 6 ratings,$3
APWC,$2.07,1439929224193,200,100% bearish,of 1 rating,N/A
ASMI,$38.69,1439929224219,790,50% bullish,of 2 ratings,N/A
ASML,$92.89,1439929224273,"685,897",67% bullish,of 3 ratings,$127
AZPN,$39.21,1439929224402,"631,346",50% bullish,of 2 ratings,$42
ASTE,$37.92,1439929224511,"30,457",100% bearish,of 1 rating,$48
ASMB,$13.65,1439929224543,"47,014",67% bullish,of 3 ratings,N/A
ALOT,$13.89,1439929224579,103,100% bearish,of 1 rating,N/A
ASFI,$9.03,1439929224611,"3,275",100% bullish,of 1 rating,N/A
ATRO,$57.38,1439929224708,"82,450",100% bearish,of 2 ratings,$80
ASTC,$2.4,1439929224819,"13,690",100% bullish,of 5 ratings,N/A
ASUR,$5.88,1439929224884,"1,030",Not yet rated,NULL,$8
ATAI,$3.03,1439929225021,"2,360",100% bearish,of 1 rating,N/A
ATHN,$139.04,1439929225155,"152,935",67% bearish,of 3 ratings,$153
ATRA,$49.52,1439929225181,"115,225",50% bullish,of 2 ratings,$68
AFCB,NULL,1439929225207,0,Not yet rated,NULL,N/A
ATHX,$1.2,1439929225233,"109,905",89% bullish,of 9 ratings,$5
ATLC,$3.95,1439929225455,"6,082",67% bullish,of 3 ratings,N/A
AAPC,$10.18,1439929225482,28,Not yet rated,NULL,N/A
AAME,$3.53,1439929225511,"3,000",Not yet rated,NULL,N/A
ATNI,$74.52,1439929225553,"36,766",100% bearish,of 1 rating,$69.50
AFH,$17.1,1439929225646,"36,319",Not yet rated,NULL,$21.50
ACFC,$6.54,1439929225672,"48,096",Not yet rated,NULL,$6.50
AAWW,$45.2,1439929225694,"160,382",50% bullish,of 2 ratings,$65
ATOS,$0.948,1439929225863,"254,076",100% bullish,of 7 ratings,$7
ATML,$7.75,1439929225889,"4,973,571",78% bullish,of 9 ratings,$9.50
ATRI,$399.88,1439929226098,"2,111",Not yet rated,NULL,N/A
ATRC,$27.44,1439929226140,"63,688",100% bullish,of 1 rating,$30
ATTU,$15.38,1439929226194,"56,739",100% bearish,of 1 rating,$20.50
LIFE,$15.11,1439929226230,"33,914",86% bullish,of 7 ratings,$43
ATRM,$2.8501,1439929226294,600,50% bullish,of 2 ratings,N/A
AUBN,$27,1439929226488,250,Not yet rated,NULL,N/A
ABTL,$19,1439929226591,"46,887",100% bullish,of 4 ratings,$20.25
ADAT,$0.1201,1439929226620,"35,392",100% bullish,of 2 ratings,N/A
EARS,$5.02,1439929226654,"6,040",100% bearish,of 2 ratings,$12
AUDC,$3.34,1439929226749,"54,169",80% bullish,of 5 ratings,$5
AVGO,$122.76,1439929226784,"1,176,478",88% bullish,of 8 ratings,$160
AUPH,$3.5,1439929226816,"17,024",100% bearish,of 1 rating,$8
ADP,$84.69,1439929226883,"1,785,945",100% bearish,of 1 rating,$88
ADSK,$54.59,1439929227087,"718,902",83% bullish,of 6 ratings,$69.50
AAVL,$11.05,1439929227219,"429,820",100% bearish,of 1 rating,$20
AVNU,$13,1439929227351,"227,766",Not yet rated,NULL,$14
AVID,$8.61,1439929227542,"303,063",100% bearish,of 1 rating,$20
AVNW,$1.14,1439929227604,"14,863",50% bullish,of 2 ratings,$2.20
CAR,$46.51,1439929227676,"1,344,272",80% bullish,of 5 ratings,$60
AVEO,$1.6,1439929227703,"2,512,243",75% bullish,of 8 ratings,$3
ACLS,$3.18,1439929227734,"361,049",67% bullish,of 6 ratings,$4.75
AVGR,$15.5,1439929227772,"16,630",100% bearish,of 1 rating,$20
AWRE,$3.32,1439929227799,"7,944",67% bullish,of 3 ratings,N/A
AXPWW,NULL,1439929227835,0,Not yet rated,NULL,N/A
AXPW,$1.19,1439929227928,"141,212",83% bullish,of 6 ratings,N/A
BCOM,$20,1439929228166,157,100% bearish,of 1 rating,N/A
AXTI,$2.21,1439929228193,"46,442",50% bullish,of 2 ratings,$2.75
BIDU,$166.147,1439929228367,"2,363,364",81% bullish,of 88 ratings,$215
AXGN,$3.92,1439929228396,"15,325",Not yet rated,NULL,$5
RILY,$10,1439929228454,"3,498",Not yet rated,NULL,N/A
BEAV,$51.15,1439929228527,"391,307",67% bearish,of 3 ratings,$59
BOSC,$2.32,1439929228554,"2,180",50% bullish,of 2 ratings,N/A
BWINB,$23.17,1439929228692,"3,218",Not yet rated,NULL,N/A
BCPC,$60.7,1439929228719,"102,312",100% bearish,of 1 rating,$75
BWINA,$23.35,1439929228877,"1,421",Not yet rated,NULL,N/A
BANFP,NULL,1439929228970,0,Not yet rated,NULL,N/A
BANF,$63.48,1439929229030,"14,813",Not yet rated,NULL,$68
BLDP,$1.34,1439929229115,"97,195",91% bullish,of 22 ratings,$2.50
BMRC,$48.71,1439929229165,"6,645",Not yet rated,NULL,$52
BKMU,$7.25,1439929229191,"44,456",Not yet rated,NULL,$8
BOCH,$5.83,1439929229218,"20,054",Not yet rated,NULL,$6.50
BKSC,$16,1439929229426,"2,881",Not yet rated,NULL,N/A
BOTJ,$11.49,1439929229454,"1,315",Not yet rated,NULL,N/A
OZRK,$43.41,1439929229592,"229,528",67% bullish,of 3 ratings,$49.50
BWFG,NULL,1439929229691,0,100% bearish,of 1 rating,N/A
BFIN,$12.12,1439929229766,"17,211",Not yet rated,NULL,$13
BANR,$47.38,1439929229834,"32,469",100% bullish,of 3 ratings,$50
BZUN,$7.87,1439929229894,"160,967",50% bullish,of 2 ratings,$13.85
TAPR,$31.97,1439929229920,"3,387",100% bearish,of 1 rating,N/A
BHAC,NULL,1439929229991,0,Not yet rated,NULL,N/A
BHACR,NULL,1439929230148,0,Not yet rated,NULL,N/A
BHACU,$10.15,1439929230182,"3,591",Not yet rated,NULL,N/A
BHACW,$0.1208,1439929230278,800,Not yet rated,NULL,N/A
BYBK,$5,1439929230462,"33,405",100% bearish,of 1 rating,N/A
BSET,$31.23,1439929230493,"45,850",100% bearish,of 1 rating,$35
BYLK,$12.92,1439929230553,"42,964",Not yet rated,NULL,$14
BV,$5.3,1439929230595,"271,499",67% bullish,of 6 ratings,$9
BBSI,$37.23,1439929230625,"48,622",67% bearish,of 3 ratings,$62.50
BBCN,$15.64,1439929230724,"191,830",100% bearish,of 1 rating,$16
BDCV,$5,1439929230753,"23,780",100% bearish,of 1 rating,$10.19
BCBP,$11.74,1439929230784,"2,576",Not yet rated,NULL,N/A
BECN,$35.91,1439929230955,"153,003",50% bullish,of 2 ratings,$40
BEBE,$1.8,1439929231080,"49,110",75% bullish,of 4 ratings,$3.075
BBGI,$5,1439929231105,2,100% bearish,of 1 rating,N/A
BELFB,$20.04,1439929231286,"8,544",100% bearish,of 1 rating,N/A
BSF,$9.26,1439929231318,"12,366",Not yet rated,NULL,N/A
BBBY,$63.51,1439929231366,"866,874",71% bullish,of 7 ratings,$75
BELFA,$17.36,1439929231421,795,100% bearish,of 1 rating,N/A
BLPH,$4.88,1439929231467,"92,819",100% bearish,of 1 rating,$12.50
BNFT,$39.65,1439929231613,"63,286",67% bullish,of 3 ratings,$46
BLCM,$18.63,1439929231659,"170,273",50% bullish,of 4 ratings,$40
BNCL,$13.05,1439929231685,"214,338",100% bullish,of 3 ratings,$12.50
BGCP,$9.65,1439929231852,"877,302",88% bullish,of 8 ratings,$14
BGMD,$0.89,1439929231903,"182,944",100% bullish,of 10 ratings,N/A
BNTC,$7.97,1439929232047,"429,067",100% bullish,of 1 rating,N/A
BGFV,$11.18,1439929232094,"49,987",57% bullish,of 7 ratings,$12
BIND,$4.48,1439929232134,"24,828",67% bullish,of 3 ratings,$13.50
ORPN,$5.7,1439929232270,"17,780",100% bullish,of 1 rating,$28.50
BCDA,NULL,1439929232402,0,Not yet rated,NULL,N/A
BASI,$1.54,1439929232490,"21,301",Not yet rated,NULL,N/A
BIOD,$0.7,1439929232570,"176,807",80% bullish,of 5 ratings,$4
BIOC,$1.97,1439929232598,"215,141",83% bullish,of 6 ratings,$3.70
BIIB,$312.13,1439929232763,"664,882",88% bullish,of 16 ratings,$400
BDSI,$6.74,1439929232788,"585,564",88% bullish,of 8 ratings,$17
BCRX,$11.87,1439929232942,"403,283",63% bullish,of 8 ratings,$18
BIOL,$1.61,1439929232974,"33,890",Not yet rated,NULL,N/A
BLRX,$1.58,1439929232996,"116,850",100% bullish,of 12 ratings,$5
BLFS,$2.15,1439929233026,"69,292",100% bearish,of 1 rating,$4.75
BVXV,$4.1,1439929233172,"3,723",Not yet rated,NULL,N/A
BMRN,$137.23,1439929233215,"326,024",80% bullish,of 5 ratings,$160
BVXVW,NULL,1439929233302,0,100% bearish,of 1 rating,N/A
BRLI,$34.95,1439929233464,"208,974",83% bullish,of 6 ratings,N/A
BPTH,$1.13,1439929233490,"34,084",100% bullish,of 2 ratings,$5
BIOS,$1.54,1439929233527,"821,948",71% bullish,of 7 ratings,$4
BBC,$32.59,1439929233553,"38,710",Not yet rated,NULL,N/A
BBP,$34.49,1439929233721,"25,913",Not yet rated,NULL,N/A
BOTA,$2.31,1439929233781,"38,911",88% bullish,of 8 ratings,N/A
BSPM,$0.7,1439929233919,"16,193",50% bullish,of 2 ratings,N/A
BSTC,$53.05,1439929233948,"79,469",100% bearish,of 1 rating,$76
TECH,$105.79,1439929233998,"129,818",100% bullish,of 1 rating,$117
BEAT,$12.22,1439929234082,"162,349",67% bearish,of 3 ratings,$15
BITI,$19.15,1439929234110,"7,014",100% bullish,of 1 rating,$28
BDMS,NULL,1439929234257,0,100% bearish,of 1 rating,N/A
BJRI,$46.39,1439929234326,"165,799",50% bullish,of 2 ratings,$55
BBOX,$15.54,1439929234461,"43,349",100% bearish,of 1 rating,N/A
BBRY,$7.57,1439929234489,"1,844,905",61% bullish,of 330 ratings,$9
BLKB,$62.58,1439929234515,"86,397",100% bearish,of 2 ratings,$66
BDE,$7.5,1439929234545,"160,592",50% bullish,of 2 ratings,$9
ADRA,$28.66,1439929234648,700,Not yet rated,NULL,N/A
HAWK,$44.88,1439929234717,"329,647",90% bullish,of 10 ratings,$49
BKCC,$9.49,1439929234742,"138,852",100% bullish,of 2 ratings,$10
ADRU,NULL,1439929234969,0,100% bearish,of 1 rating,N/A
ADRE,$31.38,1439929234995,"4,618",Not yet rated,NULL,N/A
ADRD,$23.3701,1439929235124,"1,317",100% bearish,of 1 rating,N/A
BCOR,$13.73,1439929235187,"195,302",57% bullish,of 7 ratings,$15
BLMN,$21.73,1439929235220,"675,171",83% bullish,of 6 ratings,$27.50
BLBD,$12.96,1439929235384,"9,048",Not yet rated,NULL,N/A
BBLU,$0.825,1439929235448,"198,979",100% bullish,of 2 ratings,$4.43
BLUE,$129.61,1439929235524,"300,095",86% bullish,of 7 ratings,$217.50
BHBK,$14.37,1439929235550,"53,160",100% bullish,of 1 rating,$14.50
NILE,$34.91,1439929235685,"53,202",50% bullish,of 2 ratings,$34
BUFF,$27.22,1439929235750,"374,402",83% bullish,of 12 ratings,$33
BKEP,$6.99,1439929235816,"16,738",100% bearish,of 1 rating,$8.50
BKEPP,$7.88,1439929235906,"6,127",100% bearish,of 1 rating,N/A
BPMC,$28.62,1439929235932,"106,784",50% bullish,of 2 ratings,$47.50
BOBE,$45.92,1439929235959,"77,153",75% bullish,of 4 ratings,$57
WIFI,$8.76,1439929236261,"298,085",50% bullish,of 2 ratings,$13.50
BOJA,$22.15,1439929236368,"131,834",100% bullish,of 1 rating,$30
BNCN,$22,1439929236434,"53,167",Not yet rated,NULL,$23
BOKF,$65.97,1439929236496,"87,278",100% bearish,of 1 rating,$71
BOFI,$131.04,1439929236715,"81,166",100% bullish,of 6 ratings,$137.50
BAMM,$3.2,1439929236852,"20,088",60% bullish,of 5 ratings,N/A
EPAY,$26.62,1439929236961,"86,739",100% bearish,of 2 ratings,$30
BCLI,$3.14,1439929237178,"221,585",80% bullish,of 5 ratings,$12
BNSO,$1.35,1439929237338,"8,900",100% bearish,of 1 rating,N/A
BBEP,$2.54,1439929237367,"1,744,195",69% bullish,of 13 ratings,$5.625
BBRG,$13.22,1439929237398,"42,498",67% bullish,of 3 ratings,$14.50
BONA,$12.15,1439929237425,"228,376",75% bullish,of 4 ratings,$8.50
BPFH,$12.54,1439929237502,"179,516",100% bearish,of 1 rating,$14
BPFHP,$25.31,1439929237582,"2,050",100% bearish,of 1 rating,N/A
BDBD,$8.8,1439929237660,"489,272",60% bullish,of 5 ratings,$10
BBEPP,$13.89,1439929237686,"25,583",100% bearish,of 1 rating,N/A
BDGE,$27.93,1439929237865,"15,318",Not yet rated,NULL,$31.75
BLIN,$1.35,1439929237892,"8,040",50% bullish,of 2 ratings,$2.80
BPFHW,NULL,1439929237969,0,100% bearish,of 1 rating,N/A
BVSN,$5.98,1439929238379,"5,679",60% bearish,of 5 ratings,N/A
BRCM,$51.13,1439929238409,"1,310,575",75% bullish,of 12 ratings,$56
BSFT,$33.83,1439929238431,"96,211",57% bullish,of 7 ratings,$40.50
BRID,$8.84,1439929238668,"7,776",100% bearish,of 1 rating,N/A
BCOV,$5.52,1439929238750,"57,423",67% bullish,of 3 ratings,$10.20
BRCD,$10,1439929238826,"1,780,505",92% bullish,of 13 ratings,$12.50
BYFC,$1.45,1439929238853,320,50% bullish,of 2 ratings,N/A
BRKL,$10.9,1439929238875,"240,839",100% bearish,of 1 rating,$10.75
BRKS,$10.54,1439929238911,"148,106",67% bullish,of 3 ratings,$15.25
BWEN,$3.53,1439929239013,"29,061",100% bullish,of 3 ratings,$8
BRKR,$20.12,1439929239041,"249,908",100% bearish,of 2 ratings,$22
BMTC,$30.03,1439929239270,"41,101",Not yet rated,NULL,$34
BLMT,$21.18,1439929239297,"6,321",Not yet rated,NULL,N/A
BWLD,$196.02,1439929239349,"149,204",82% bullish,of 11 ratings,$205
BSQR,$6.86,1439929239606,"113,595",67% bullish,of 3 ratings,N/A
BLDR,$14.93,1439929239686,"937,898",50% bullish,of 2 ratings,$22
CFFI,NULL,1439929239738,0,100% bearish,of 1 rating,N/A
CCMP,$44.79,1439929239764,"74,206",50% bullish,of 2 ratings,$59
CA,$29.4702,1439929239816,"1,173,980",50% bullish,of 4 ratings,$33
BUR,$2,1439929239913,"2,700",100% bearish,of 1 rating,$8
CHRW,$69.9,1439929240007,"729,487",Not yet rated,NULL,$72
CSTE,$48.04,1439929240185,"688,642",100% bearish,of 1 rating,$65
CZR,$7.35,1439929240259,"808,919",60% bearish,of 5 ratings,$10.50
CDNS,$21.62,1439929240317,"1,216,929",75% bullish,of 4 ratings,$22.50
CDZI,$7.52,1439929240363,"18,445",100% bearish,of 1 rating,N/A
CACQ,$7.08,1439929240454,"24,685",100% bearish,of 1 rating,$12.25
CLBS,$1.4,1439929240593,"51,349",79% bullish,of 14 ratings,$4
CLMS,$11.84,1439929240684,"36,798",Not yet rated,NULL,$10.50
PRSS,$4.67,1439929240710,"4,756",80% bullish,of 5 ratings,$4.50
CFGE,$11.15,1439929240896,12,Not yet rated,NULL,N/A
CHI,$11.09,1439929240997,"201,041",100% bearish,of 1 rating,N/A
CHY,$11.97,1439929241054,"198,193",Not yet rated,NULL,N/A
CCD,$21.29,1439929241129,"89,283",Not yet rated,NULL,N/A
CAMP,$16.37,1439929241259,"166,243",86% bullish,of 7 ratings,$25
CHW,$8.07,1439929241290,"134,272",100% bearish,of 1 rating,N/A
CSQ,$10.57,1439929241365,"314,742",Not yet rated,NULL,N/A
CGO,$12.66,1439929241395,"13,648",100% bearish,of 1 rating,N/A
CVGW,$54.3,1439929241584,"30,248",50% bullish,of 2 ratings,$58.50
CALD,$16.17,1439929241617,"126,314",100% bearish,of 1 rating,$20.50
CFNB,NULL,1439929241775,0,100% bearish,of 1 rating,N/A
CLMT,$26.62,1439929241808,"100,487",75% bullish,of 8 ratings,$31
CALA,$5.58,1439929241836,"274,532",100% bullish,of 3 ratings,$19.50
CALM,$51.7,1439929241917,"286,202",80% bullish,of 5 ratings,$65
ABCD,$4.65,1439929242174,"44,053",83% bullish,of 6 ratings,N/A
CAC,$40.04,1439929242201,"4,304",Not yet rated,NULL,N/A
CAMBU,NULL,1439929242229,0,100% bearish,of 1 rating,N/A
CAMB,NULL,1439929242250,0,Not yet rated,NULL,N/A
CAMBW,NULL,1439929242413,0,Not yet rated,NULL,N/A
CGIX,$10.6,1439929242471,"16,555",67% bullish,of 3 ratings,$14.375
CPHC,$10.61,1439929242640,729,100% bearish,of 1 rating,N/A
CAMT,$2.91,1439929242721,"14,274",73% bullish,of 11 ratings,$4
CSIQ,$23.39,1439929242798,"1,636,007",86% bullish,of 28 ratings,$45
CBF,$30.58,1439929242824,"32,864",Not yet rated,NULL,$32
CBNJ,$10.96,1439929242846,"14,733",100% bullish,of 1 rating,N/A
CPLA,$49.27,1439929243107,"49,492",50% bullish,of 2 ratings,$65
CPLP,$7.1,1439929243292,"217,801",71% bullish,of 7 ratings,$11
CCBG,$15.01,1439929243321,"4,412",Not yet rated,NULL,$17.25
CSWC,$49.17,1439929243384,"4,954",Not yet rated,NULL,N/A
CAPNW,$0.7699,1439929243478,100,Not yet rated,NULL,N/A
CAPN,$2.63,1439929243803,"656,097",100% bullish,of 1 rating,$10.85
CFFN,$12.18,1439929243876,"369,682",Not yet rated,NULL,$12.75
CPTA,$14.88,1439929243961,"74,746",Not yet rated,NULL,$18.50
CPST,$0.403,1439929243988,"529,841",95% bullish,of 22 ratings,$1
CBYL,$6.53,1439929244314,"18,258",100% bearish,of 1 rating,$20
CARA,$21.49,1439929244379,"130,769",50% bullish,of 4 ratings,$27.50
CAPR,$4.28,1439929244406,"29,087",Not yet rated,NULL,$12
CRDC,$0.38,1439929244656,"103,481",100% bullish,of 1 rating,$1.25
CFNL,$23.55,1439929244681,"108,995",Not yet rated,NULL,$24
CRME,$9.78,1439929244732,"9,129",89% bullish,of 9 ratings,$11.25
CARB,$11.51,1439929244829,"91,043",75% bullish,of 4 ratings,$12
CSII,$24.15,1439929244860,"193,760",100% bearish,of 2 ratings,$42.125
CATM,$35.25,1439929244918,"238,958",100% bearish,of 1 rating,$44
CTRE,$11.75,1439929245219,"492,772",50% bullish,of 2 ratings,N/A
CARO,$15.45,1439929245359,"1,955",100% bearish,of 1 rating,$19
CECO,$3.75,1439929245533,"238,603",67% bearish,of 3 ratings,$6
CKEC,$23.4,1439929245616,"99,301",50% bullish,of 2 ratings,$35.915
TAST,$12.89,1439929245685,"125,229",Not yet rated,NULL,$14.25
CDNA,$6.35,1439929245712,"4,036",100% bearish,of 1 rating,$9
CRZO,$35.27,1439929245744,"526,252",67% bearish,of 3 ratings,$57
CLBH,NULL,1439929245773,0,Not yet rated,NULL,$16.50
CART,$5.49,1439929245843,500,100% bearish,of 1 rating,N/A
CRTN,$2.76,1439929245868,"2,059",100% bearish,of 1 rating,N/A
CARV,$5.99,1439929246065,100,50% bullish,of 2 ratings,N/A
CACB,$5.51,1439929246106,"33,473",Not yet rated,NULL,$5.50
CWST,$6.4,1439929246241,"119,663",50% bullish,of 2 ratings,$7
CASM,$1.11,1439929246406,"29,170",100% bullish,of 1 rating,$3.50
CSCD,$14.01,1439929246432,"92,520",100% bullish,of 2 ratings,$17
CASY,$107.62,1439929246461,"338,273",50% bullish,of 2 ratings,$99.50
CASI,$1.44,1439929246696,"2,400",100% bullish,of 1 rating,$3.50
CVCO,$74.39,1439929246887,"22,086",100% bearish,of 1 rating,N/A
CATYW,NULL,1439929246914,0,100% bearish,of 1 rating,N/A
CATY,$32.02,1439929247054,"272,125",100% bearish,of 1 rating,$33.50
CAVM,$72.46,1439929247090,"469,738",67% bearish,of 3 ratings,$72
CASS,$50.78,1439929247187,"10,862",100% bearish,of 1 rating,N/A
CATB,$11.89,1439929247233,"30,545",100% bearish,of 1 rating,$28
CNLMU,NULL,1439929247376,0,100% bullish,of 1 rating,N/A
CPRX,$4.07,1439929247402,"287,426",71% bullish,of 7 ratings,$7
CNLMR,NULL,1439929247450,0,Not yet rated,NULL,N/A
CBFV,NULL,1439929247479,0,Not yet rated,NULL,N/A
CNLM,NULL,1439929247582,0,Not yet rated,NULL,N/A
CNLMW,NULL,1439929247720,0,Not yet rated,NULL,N/A
CDW,$39.45,1439929247995,"512,115",75% bullish,of 4 ratings,$44
CDK,$49.89,1439929248020,"429,650",67% bearish,of 3 ratings,$50
CECE,$10.27,1439929248072,"43,277",50% bullish,of 2 ratings,$16
CBOE,$64.2,1439929248099,"234,084",Not yet rated,NULL,$60
CELGZ,$1.98,1439929248399,"15,391",80% bullish,of 5 ratings,N/A
CPXX,$2.2,1439929248445,"104,493",100% bullish,of 2 ratings,$7
CLDN,$1.08,1439929248534,"117,910",71% bullish,of 7 ratings,$3
CLRBW,NULL,1439929248556,0,Not yet rated,NULL,N/A
CLRB,$3.14,1439929248639,"7,596",100% bearish,of 1 rating,N/A
CELG,$130.2,1439929248691,"1,724,977",92% bullish,of 13 ratings,$155.50
CLDX,$15.71,1439929248919,"1,003,934",89% bullish,of 9 ratings,$36
CLSN,$2.19,1439929248986,"50,653",80% bullish,of 10 ratings,$7.50
CLLS,$32.77,1439929249012,"50,143",75% bullish,of 4 ratings,$51.50
CBMG,$22.46,1439929249155,"69,065",50% bullish,of 2 ratings,N/A
CLTX,$1.02,1439929249237,"2,210,395",100% bullish,of 2 ratings,N/A
CYAD,$57.26,1439929249263,119,100% bullish,of 1 rating,$87.50
CETX,$2.5,1439929249457,"11,700",Not yet rated,NULL,$5.60
CSFL,$14.25,1439929249514,"60,827",Not yet rated,NULL,$15
CEMP,$36.78,1439929249542,"307,898",71% bullish,of 7 ratings,$48.50
CFBK,NULL,1439929249597,0,Not yet rated,NULL,N/A
CENX,$5.32,1439929249836,"3,150,677",67% bullish,of 6 ratings,$9
CENTA,$12.58,1439929249910,"108,568",Not yet rated,NULL,N/A
CETV,$2.2,1439929249977,"43,206",67% bullish,of 3 ratings,$2.80
CENT,$11.98,1439929250067,"52,445",Not yet rated,NULL,$10
CNTY,$6.36,1439929250095,"17,541",80% bullish,of 5 ratings,$7.75
CVCY,$11.14,1439929250140,277,Not yet rated,NULL,$12
CNBKA,$41.38,1439929250293,"2,189",100% bullish,of 1 rating,N/A
CPHD,$51.35,1439929250488,"393,460",50% bullish,of 2 ratings,$66.50
KOOL,$0.7,1439929250598,"5,638",100% bullish,of 5 ratings,$7
CERN,$65.6,1439929250671,"1,542,599",67% bullish,of 3 ratings,$79
CERS,$5.09,1439929250697,"587,166",75% bullish,of 4 ratings,$7
CERU,$3.53,1439929250772,"27,390",75% bullish,of 4 ratings,$15
CERE,$1.52,1439929250854,"315,593",88% bullish,of 8 ratings,N/A
CRNT,$1.5,1439929250926,"253,915",50% bullish,of 2 ratings,$2
CEVA,$19.54,1439929251022,"86,307",100% bearish,of 1 rating,$25
CYOU,$20.14,1439929251179,"131,216",50% bullish,of 6 ratings,$24
HOTRW,NULL,1439929251230,0,Not yet rated,NULL,N/A
CTHR,$1.21,1439929251325,"1,202",50% bullish,of 2 ratings,$2.50
CHFN,$12.48,1439929251532,"14,939",Not yet rated,NULL,$14
GTLS,$24.54,1439929251559,"197,912",50% bullish,of 4 ratings,$40
CHTR,$188.81,1439929251619,"707,015",100% bearish,of 2 ratings,$196
HOTR,$1.48,1439929251645,"102,314",100% bullish,of 2 ratings,$5
CHEKW,NULL,1439929251721,0,Not yet rated,NULL,N/A
CHKP,$82.54,1439929251928,"773,449",50% bullish,of 4 ratings,$92
CHFC,$32.73,1439929251958,"26,351",100% bearish,of 1 rating,$36
CHEK,$3.11,1439929252065,"1,902",Not yet rated,NULL,$7.75
CHMG,$26.6,1439929252099,"5,140",Not yet rated,NULL,$30
CHKE,$27.3,1439929252229,"23,814",100% bearish,of 1 rating,$32.50
CHEV,$14.7,1439929252402,"8,759",Not yet rated,NULL,N/A
CCXI,$7.03,1439929252424,"89,583",67% bullish,of 3 ratings,$14
CEMI,$4.6,1439929252513,"8,704",50% bullish,of 2 ratings,$7.50
CBNK,NULL,1439929252647,0,100% bearish,of 1 rating,N/A
CAAS,$6.8,1439929252911,"12,921",93% bullish,of 14 ratings,$11.50
CBAK,$2.27,1439929252994,"12,404",67% bullish,of 9 ratings,N/A
CCCR,$0.69,1439929253186,"22,729",67% bearish,of 3 ratings,N/A
CHMA,$26.63,1439929253229,"98,506",Not yet rated,NULL,$40
CMRX,$52.51,1439929253316,"232,825",50% bullish,of 2 ratings,$57
JRJC,$4.41,1439929253364,"93,993",82% bullish,of 11 ratings,N/A
CADC,$3.4,1439929253405,"2,273",78% bullish,of 9 ratings,N/A
PLCE,$61.18,1439929253538,"197,141",100% bearish,of 1 rating,$71
CBPO,$110.18,1439929253571,"138,859",75% bullish,of 8 ratings,$140.50
CCCL,$0.96,1439929253592,"46,807",100% bullish,of 6 ratings,N/A
CALI,$0.99,1439929253625,"262,555",67% bullish,of 3 ratings,N/A
CHLN,$1.61,1439929253873,"5,645",67% bullish,of 3 ratings,N/A
CHOP,$1.28,1439929254003,"7,748",50% bullish,of 2 ratings,N/A
CHNR,$2.05,1439929254145,"2,766",100% bearish,of 1 rating,N/A
HGSH,$1.98,1439929254330,"3,100",67% bullish,of 3 ratings,N/A
CNIT,$1.73,1439929254399,"94,735",67% bullish,of 6 ratings,N/A
HTHT,$26.22,1439929254424,"228,871",50% bullish,of 2 ratings,$28
CJJD,$2.05,1439929254455,"169,493",100% bullish,of 1 rating,N/A
CNTF,$0.9301,1439929254555,"51,336",Not yet rated,NULL,N/A
CREG,$0.8,1439929254601,"10,301",100% bullish,of 3 ratings,N/A
CSUN,$1.53,1439929254781,681,80% bullish,of 5 ratings,N/A
CPGI,$6.77,1439929254855,"5,087",Not yet rated,NULL,N/A
CNYD,$3.16,1439929254940,"1,200",67% bullish,of 3 ratings,N/A
CCIH,$9.82,1439929254989,"66,490",67% bullish,of 6 ratings,$12.65
CXDC,$6.22,1439929255209,"25,260",67% bullish,of 3 ratings,N/A
CNET,$0.7901,1439929255308,"39,851",50% bullish,of 2 ratings,N/A
CHSCM,$26.25,1439929255384,"37,580",Not yet rated,NULL,N/A
IMOS,$15.77,1439929255410,"115,720",60% bullish,of 5 ratings,$21.50
CHSCN,$27.44,1439929255436,"11,971",Not yet rated,NULL,N/A
CHSCL,$27.1,1439929255573,"28,882",Not yet rated,NULL,N/A
CHSCO,$28.45,1439929255730,"7,853",Not yet rated,NULL,N/A
CDTX,$14.28,1439929255756,"25,711",Not yet rated,NULL,$22
CHDN,$138.56,1439929255787,"57,234",Not yet rated,NULL,$165
CHSCP,$30.53,1439929255914,"1,640",Not yet rated,NULL,N/A
CHUY,$32.54,1439929256007,"110,562",50% bullish,of 2 ratings,$34
CIFC,$7.27,1439929256034,"2,884",Not yet rated,NULL,N/A
CMCT,$15.175,1439929256211,"1,587",100% bearish,of 1 rating,N/A
CMPR,$70.87,1439929256391,"203,823",50% bullish,of 2 ratings,$72.50
CIDM,$0.6798,1439929256450,"141,264",50% bullish,of 2 ratings,$2.10
CRUS,$29.13,1439929256479,"730,953",75% bullish,of 12 ratings,$44.50
CSCO,$28.25,1439929256501,"23,301,109",84% bullish,of 208 ratings,$32
CPHR,$7,1439929256640,"4,336",100% bearish,of 1 rating,$16
CINF,$56.89,1439929256800,"285,240",50% bullish,of 4 ratings,$50.50
CTAS,$88.86,1439929256905,"344,835",100% bearish,of 1 rating,$91
CZNC,$20.03,1439929256966,"11,555",Not yet rated,NULL,N/A
CZFC,NULL,1439929257036,0,Not yet rated,NULL,N/A
CTRN,$22.74,1439929257099,"122,096",100% bearish,of 1 rating,$29.50
CIZN,$19.5001,1439929257136,201,Not yet rated,NULL,N/A
CZWI,$9.1,1439929257410,"1,200",Not yet rated,NULL,N/A
CIVB,$10.32,1439929257483,"1,450",Not yet rated,NULL,$11
CIVBP,NULL,1439929257611,0,Not yet rated,NULL,N/A
CTXS,$78.09,1439929257711,"859,429",86% bullish,of 7 ratings,$80
CLNT,$2.01,1439929257739,"1,299",75% bullish,of 8 ratings,N/A
CHCO,$48.25,1439929257876,"21,815",Not yet rated,NULL,$46
CSBK,$13.97,1439929258007,"38,368",Not yet rated,NULL,N/A
CLNE,$4.57,1439929258034,"849,430",80% bullish,of 15 ratings,$9
CDTI,$1.77,1439929258061,"93,314",75% bullish,of 4 ratings,$3.20
CLRO,$11.78,1439929258196,"7,460",50% bullish,of 2 ratings,$14.25
CLIR,$5.33,1439929258282,"40,661",100% bullish,of 3 ratings,N/A
CBLI,$3.72,1439929258308,"16,259",60% bullish,of 5 ratings,N/A
CMFN,$11.67,1439929258467,"18,158",100% bearish,of 1 rating,$15.50
CLFD,$18.16,1439929258493,"19,038",67% bullish,of 3 ratings,$18
CLVS,$79.56,1439929258682,"216,144",60% bullish,of 5 ratings,$101.50
CME,$98.29,1439929258708,"626,254",67% bullish,of 3 ratings,$102
CISG,$8.39,1439929258844,"82,877",100% bullish,of 5 ratings,$10
CCNE,$17.36,1439929258883,"10,045",50% bullish,of 2 ratings,$21.50
CNV,$4.79,1439929258982,"13,501",50% bullish,of 2 ratings,$7.15
COKE,$164.7,1439929259177,"22,020",79% bullish,of 19 ratings,N/A
CCOI,$29.18,1439929259384,"427,398",50% bullish,of 4 ratings,$35
CDXS,$4.04,1439929259423,"78,243",64% bullish,of 11 ratings,$6
CDRB,$12.98,1439929259487,"15,939",67% bullish,of 3 ratings,N/A
CWAY,$11.51,1439929259557,200,Not yet rated,NULL,N/A
COBZ,$13.13,1439929259714,"34,451",100% bullish,of 1 rating,$14
CGNT,$1.59,1439929259741,"37,640",100% bullish,of 2 ratings,$2
CVLY,$20.83,1439929259803,272,Not yet rated,NULL,N/A
CTSH,$67.84,1439929259876,"1,316,804",90% bullish,of 10 ratings,$74.50
JVA,$4.72,1439929259929,"11,260",83% bullish,of 6 ratings,$7
CGNX,$37.1,1439929259963,"456,898",50% bullish,of 2 ratings,$47
COHR,$58.02,1439929260062,"62,164",50% bullish,of 2 ratings,$72
COHU,$9.31,1439929260198,"77,196",100% bearish,of 1 rating,$14.25
CHRS,$31.99,1439929260289,"56,780",67% bearish,of 3 ratings,$37
CBAN,$8.76,1439929260521,"4,839",Not yet rated,NULL,N/A
CLCT,$19.76,1439929260556,"17,671",100% bearish,of 1 rating,N/A
CLCD,$7.66,1439929260625,"12,312",100% bearish,of 1 rating,$20.50
CLRX,$0.495,1439929260655,"14,752",50% bullish,of 2 ratings,$1.85
COLL,$15.67,1439929260677,"43,473",100% bearish,of 1 rating,$26
CIGI,$47.19,1439929260937,"3,094",100% bearish,of 1 rating,$52
COLM,$66.69,1439929260966,"109,839",100% bearish,of 1 rating,$71
COLB,$33.39,1439929261021,"140,102",Not yet rated,NULL,$36
CBMX,$1.24,1439929261099,"38,842",83% bullish,of 6 ratings,$3.15
CMCSK,$60.08,1439929261189,"1,766,536",Not yet rated,NULL,$84
CMCO,$21.36,1439929261264,"24,449",60% bullish,of 5 ratings,$28
CMCSA,$59.81,1439929261333,"6,153,497",66% bullish,of 35 ratings,$69.50
CBSH,$47.44,1439929261539,"128,835",50% bullish,of 2 ratings,$46
CBSHP,$25.36,1439929261566,"5,089",100% bearish,of 1 rating,N/A
COMM,$31.34,1439929261730,"338,403",67% bearish,of 3 ratings,$35
JCS,$9.71,1439929261756,"2,036",67% bullish,of 3 ratings,N/A
CUBN,$14.02,1439929261886,"4,278",Not yet rated,NULL,N/A
CSAL,$23.14,1439929261958,"359,294",75% bullish,of 4 ratings,$30
ESXB,$5.03,1439929262042,"3,200",Not yet rated,NULL,N/A
CYHHZ,$0.012,1439929262114,"443,661",100% bullish,of 1 rating,N/A
CWBC,$6.72,1439929262261,200,Not yet rated,NULL,N/A
COB,$10.67,1439929262293,"18,049",100% bullish,of 1 rating,$11.50
CTBI,$35.01,1439929262320,"38,733",Not yet rated,NULL,$36
CVGI,$4.56,1439929262369,"156,746",50% bullish,of 2 ratings,$6
CVLT,$37.31,1439929262529,"330,898",75% bullish,of 4 ratings,$44.50
CIL,NULL,1439929262712,0,Not yet rated,NULL,N/A
CIZ,$35.13,1439929262787,"2,656",100% bearish,of 1 rating,N/A
CFO,$37.68,1439929262893,"15,922",100% bearish,of 1 rating,N/A
CDL,NULL,1439929263130,0,Not yet rated,NULL,N/A
CID,NULL,1439929263191,0,Not yet rated,NULL,N/A
CSA,$34.56,1439929263218,"1,950",Not yet rated,NULL,N/A
CPSI,$46.06,1439929263247,"51,286",100% bearish,of 1 rating,$45.50
CDC,$36.66,1439929263275,"13,532",Not yet rated,NULL,N/A
CFA,NULL,1439929263300,0,100% bearish,of 1 rating,N/A
CSF,$38.5,1439929263350,"3,464",100% bearish,of 1 rating,N/A
CSB,$34.6299,1439929263521,225,Not yet rated,NULL,N/A
CTG,$6.92,1439929263591,"108,215",100% bearish,of 1 rating,$8.50
SCOR,$64.3,1439929263651,"173,743",100% bearish,of 1 rating,$66
CHCI,$0.55,1439929263677,"2,289",50% bullish,of 2 ratings,N/A
CGEN,$5.73,1439929263934,"80,345",50% bullish,of 2 ratings,$11
CNCE,$16.27,1439929264034,"278,986",75% bullish,of 4 ratings,$22
CNSI,$19.43,1439929264169,"51,533",100% bearish,of 2 ratings,$29
CXRX,$79,1439929264299,"5,953",Not yet rated,NULL,$90
CNAT,$4.49,1439929264370,"122,519",83% bullish,of 6 ratings,$13
CMTL,$27.66,1439929264440,"26,067",100% bearish,of 2 ratings,$37
CDOR,$1.42,1439929264503,"2,629",100% bullish,of 1 rating,N/A
CDORP,$6.52,1439929264573,202,100% bearish,of 1 rating,N/A
CCUR,$5.22,1439929264600,"10,615",75% bullish,of 4 ratings,N/A
CDORO,$18.8999,1439929264731,480,100% bearish,of 1 rating,N/A
CFMS,$22.99,1439929264768,"186,108",Not yet rated,NULL,$27
CONN,$33.88,1439929265185,"301,914",67% bullish,of 3 ratings,$48.50
CNMD,$56.87,1439929265250,"60,980",Not yet rated,NULL,$59
CNSL,$20.04,1439929265287,"124,313",100% bearish,of 1 rating,$23
CWCO,$11.74,1439929265317,"33,408",67% bullish,of 3 ratings,$14.50
CTWS,$34.77,1439929265343,"13,600",100% bearish,of 1 rating,$44
CNOB,$20.13,1439929265384,"45,723",100% bullish,of 1 rating,$23.50
CNFR,$10.45,1439929265516,"15,563",Not yet rated,NULL,N/A
CNXR,$6.69,1439929265567,"36,993",100% bearish,of 1 rating,$12
CPSS,$5.83,1439929265593,"26,602",100% bullish,of 1 rating,$10
CFRX,$5.4,1439929265733,"67,449",Not yet rated,NULL,$14
CTCT,$24.56,1439929265762,"190,347",67% bullish,of 3 ratings,$37
CFRXZ,$0.753,1439929265836,"2,901",Not yet rated,NULL,N/A
CFRXW,$2.205,1439929266051,"6,857",100% bearish,of 1 rating,N/A
CTRL,$8.24,1439929266095,"88,929",50% bullish,of 2 ratings,$11
CTRV,$4.51,1439929266124,"9,706",Not yet rated,NULL,$6.40
BVA,$3.8201,1439929266278,700,50% bullish,of 2 ratings,N/A
CPRT,$36.5,1439929266445,"107,778",67% bearish,of 3 ratings,$40
CORT,$5.34,1439929266471,"95,909",67% bullish,of 3 ratings,$12
COSI,$1.16,1439929266654,"54,306",100% bullish,of 1 rating,N/A
CSGP,$193.68,1439929266733,"55,401",50% bullish,of 2 ratings,$235
CRVL,$33.23,1439929266766,"12,112",100% bearish,of 1 rating,N/A
CORE,$64.18,1439929266821,"60,298",100% bearish,of 1 rating,$72
CSOD,$37.81,1439929266870,"279,691",50% bullish,of 2 ratings,$42
CRBP,$1.88,1439929266896,"66,572",100% bullish,of 1 rating,$6.25
CORI,$11.81,1439929267062,"47,106",100% bearish,of 1 rating,$18
CPAH,$0.45,1439929267225,"3,880",50% bullish,of 2 ratings,N/A
COST,$145.63,1439929267251,"691,060",83% bullish,of 24 ratings,$154.50
COVS,$2.84,1439929267408,"82,274",67% bullish,of 3 ratings,N/A
ICBK,$18.25,1439929267435,600,Not yet rated,NULL,$21
COWN,$5.46,1439929267513,"615,346",75% bullish,of 4 ratings,$7
CRAI,$22.79,1439929267841,"10,820",Not yet rated,NULL,$36
CACC,$202.52,1439929267870,"58,546",50% bullish,of 2 ratings,$158.50
BREW,$8.18,1439929267943,"35,390",67% bullish,of 6 ratings,$15
COWNL,$26.751,1439929268046,957,Not yet rated,NULL,N/A
CPSH,$2.45,1439929268115,"1,745",Not yet rated,NULL,N/A
CVTI,$25.26,1439929268179,"55,605",67% bearish,of 3 ratings,$39
CBRL,$149.98,1439929268264,"130,907",50% bullish,of 2 ratings,$155
CRAY,$22.49,1439929268434,"209,895",83% bullish,of 6 ratings,$38.50
GLDI,$10.92,1439929268498,"1,900",100% bearish,of 1 rating,N/A
SLVO,$10.26,1439929268523,"13,309",100% bearish,of 1 rating,N/A
CRESY,$11.47,1439929268716,"43,571",100% bearish,of 1 rating,$19
CRDS,$1.06,1439929268991,"13,574",50% bullish,of 4 ratings,$4.50
CREE,$27.14,1439929269042,"1,101,566",65% bullish,of 17 ratings,$28.50
CRWN,$4.79,1439929269129,"85,850",75% bullish,of 4 ratings,N/A
CCRN,$14.83,1439929269161,"288,285",100% bearish,of 1 rating,$14.25
CRTO,$47.64,1439929269188,"234,265",67% bullish,of 6 ratings,$64
CYRX,$2.97,1439929269232,"24,608",Not yet rated,NULL,$9
CROX,$14.66,1439929269262,"594,239",63% bullish,of 8 ratings,$16.50
CRWS,$8.1,1439929269325,"1,550",Not yet rated,NULL,$10
CSGS,$32.06,1439929269581,"54,654",Not yet rated,NULL,$40
CTCM,$1.78,1439929269952,"638,358",80% bearish,of 5 ratings,$3.90
CYRXW,$0.85,1439929269980,"18,841",Not yet rated,NULL,N/A
CTRP,$69.28,1439929270027,"1,329,527",75% bullish,of 8 ratings,$92
CCLP,$14.67,1439929270203,"49,518",67% bearish,of 3 ratings,$21
CSPI,$6.15,1439929270310,"2,445",67% bullish,of 3 ratings,N/A
CUNB,$22.18,1439929270353,"15,931",Not yet rated,NULL,$24.50
CTIB,NULL,1439929270442,0,100% bearish,of 1 rating,N/A
CUI,$5.44,1439929270484,"25,082",50% bullish,of 2 ratings,$10
CTIC,$1.83,1439929270510,"355,727",84% bullish,of 76 ratings,$5.75
CPIX,$6.07,1439929270541,"1,287",Not yet rated,NULL,N/A
CMLS,$1.27,1439929270671,"418,073",50% bullish,of 4 ratings,$6
CUTR,$14.92,1439929270863,"35,933",67% bearish,of 3 ratings,$18
CRIS,$2.76,1439929270891,"240,296",100% bullish,of 8 ratings,$6
CVBF,$17.52,1439929270957,"192,851",Not yet rated,NULL,$18
CYAN,NULL,1439929271233,0,100% bearish,of 1 rating,N/A
CYCC,$0.6,1439929271259,"29,024",73% bullish,of 11 ratings,N/A
CYBR,$59.5,1439929271289,"732,368",86% bullish,of 7 ratings,$66
CVV,$12.3,1439929271320,"17,722",100% bullish,of 5 ratings,N/A
CYBE,$5.9,1439929271342,"25,956",100% bearish,of 1 rating,N/A
CYBX,$59.6,1439929271532,"79,189",50% bullish,of 4 ratings,$70
CYCCP,NULL,1439929271605,0,100% bearish,of 1 rating,N/A
CY,$10.02,1439929271632,"3,764,069",80% bullish,of 10 ratings,$15.50
CYNA,$15.05,1439929271846,"9,791",100% bullish,of 1 rating,$33
CYNO,$34.15,1439929271911,"92,245",67% bearish,of 3 ratings,$45.50
CONE,$34.49,1439929271940,"212,901",67% bearish,of 3 ratings,$35
CYRN,$1.77,1439929271974,"219,063",67% bullish,of 3 ratings,$4
CBAY,$2.73,1439929272072,"97,166",100% bullish,of 1 rating,$4
CYTX,$0.3988,1439929272169,"385,625",83% bullish,of 12 ratings,$5.50
CTSO,$7.7,1439929272302,"69,790",Not yet rated,NULL,$15.625
CYTR,$2.32,1439929272540,"455,519",67% bullish,of 6 ratings,$10
ZIV,$49.68,1439929272637,"22,959",Not yet rated,NULL,N/A
TVIX,$5.66,1439929272667,"2,862,506",81% bullish,of 16 ratings,N/A
DAEG,$0.35,1439929272728,"33,200",100% bearish,of 1 rating,N/A
CYTK,$6.56,1439929272797,"100,748",71% bullish,of 14 ratings,$13.50
DJCO,$208.75,1439929272823,"1,376",Not yet rated,NULL,N/A
TVIZ,$12.97,1439929272857,200,100% bearish,of 1 rating,N/A
XIV,$47.74,1439929272952,"5,431,493",75% bearish,of 4 ratings,N/A
DAKT,$11.75,1439929273346,"108,057",50% bullish,of 2 ratings,$14
DARA,$0.923,1439929273480,"75,355",83% bullish,of 6 ratings,$1.50
DAIO,$2.62,1439929273552,272,Not yet rated,NULL,N/A
DTEA,$12.73,1439929273581,"62,932",100% bearish,of 2 ratings,$24
DWCH,$5.42,1439929273608,"17,182",75% bullish,of 4 ratings,$8.25
DRAM,$1.495,1439929273683,500,78% bullish,of 9 ratings,N/A
DTLK,$5.75,1439929273752,"53,295",100% bearish,of 1 rating,$9
PLAY,$36.26,1439929273854,"103,602",100% bullish,of 5 ratings,$42
DWSN,$5.09,1439929273911,"28,649",67% bullish,of 3 ratings,$6
TRAK,$62.25,1439929273987,"140,824",50% bullish,of 2 ratings,$62.50
DHRM,$1.81,1439929274013,"5,925",Not yet rated,NULL,N/A
DBVT,$43.69,1439929274067,"66,865",100% bearish,of 1 rating,$53
TACO,$13.51,1439929274524,"286,894",100% bullish,of 3 ratings,$20
DGAS,$20.32,1439929274569,"3,402",67% bearish,of 3 ratings,N/A
TACOW,$4.45,1439929274595,"11,310",100% bullish,of 1 rating,N/A
DENN,$12.35,1439929274654,"319,689",100% bullish,of 3 ratings,$15
DCTH,$0.49,1439929274682,"80,562",78% bullish,of 9 ratings,N/A
DFRG,$15.21,1439929274729,"104,392",100% bearish,of 1 rating,$20
DELTW,NULL,1439929274886,0,Not yet rated,NULL,N/A
DELT,$2.58,1439929274989,"1,900",Not yet rated,NULL,N/A
DEPO,$31.85,1439929275015,"417,408",80% bullish,of 5 ratings,$32
DEST,$12.38,1439929275073,"33,762",50% bullish,of 2 ratings,N/A
XRAY,$57.19,1439929275351,"630,249",100% bullish,of 1 rating,$58
DSWL,$1.76,1439929275378,"16,854",100% bullish,of 1 rating,N/A
DERM,$24.76,1439929275434,"42,614",100% bearish,of 1 rating,$33
DSCI,$6.53,1439929275512,"21,929",50% bullish,of 2 ratings,$16
DXLG,$4.9,1439929275570,"38,148",100% bearish,of 1 rating,$8
DXM,$0.3088,1439929275673,"277,751",50% bullish,of 2 ratings,N/A
DMND,$31.92,1439929275771,"91,910",75% bullish,of 12 ratings,$32
DHIL,$192.73,1439929275914,"1,616",Not yet rated,NULL,N/A
DHXM,$7.55,1439929276198,503,Not yet rated,NULL,N/A
DMRC,$37.21,1439929276232,"40,346",100% bearish,of 1 rating,$44
DXCM,$96.66,1439929276261,"380,108",57% bullish,of 7 ratings,$98
DRAD,$4.04,1439929276286,"8,565",100% bullish,of 1 rating,$5.25
FANG,$73.38,1439929276339,"381,699",50% bullish,of 2 ratings,$86
DCIX,$1.87,1439929276419,"10,950",50% bullish,of 4 ratings,$3.50
DGII,$9.94,1439929276473,"158,470",100% bearish,of 1 rating,$10
DRNA,$10.16,1439929276502,"85,612",67% bearish,of 3 ratings,$25
DGLY,$7.51,1439929276707,"180,944",50% bullish,of 6 ratings,$20
APPS,$2.29,1439929276766,"81,592",100% bearish,of 1 rating,$10.25
DCOM,$17.23,1439929276793,"35,022",100% bearish,of 2 ratings,$16.50
DISCA,$29.05,1439929276975,"925,749",67% bullish,of 3 ratings,$34
DIOD,$19.87,1439929277077,"161,194",75% bearish,of 4 ratings,$24
DISCB,NULL,1439929277151,0,100% bearish,of 1 rating,$35
DPRX,$13.5,1439929277213,"8,861",100% bullish,of 2 ratings,$27.75
BAGR,$2.98,1439929277246,"26,161",100% bearish,of 1 rating,$6
DISH,$66.68,1439929277272,"476,429",69% bullish,of 13 ratings,$73
DSCO,$0.4575,1439929277353,"184,904",83% bullish,of 6 ratings,$2.75
DVCR,$11.7,1439929277558,"2,875",100% bullish,of 1 rating,N/A
DLTR,$79.37,1439929277617,"699,139",82% bullish,of 11 ratings,$88
DISCK,$27.75,1439929277647,"1,507,889",100% bearish,of 1 rating,$40
DNBF,$26.5,1439929277747,302,Not yet rated,NULL,$27.50
DGICA,$14.58,1439929277905,"7,501",100% bearish,of 1 rating,$17
DLHC,$2.6,1439929277978,942,100% bearish,of 1 rating,N/A
DGICB,$20.05,1439929278006,4,100% bearish,of 1 rating,N/A
DRWI,$0.285,1439929278159,"99,467",60% bullish,of 5 ratings,$.45
DMLP,$14.71,1439929278184,"94,892",100% bearish,of 1 rating,N/A
DORM,$51.47,1439929278211,"150,131",100% bearish,of 1 rating,$56
DRWIW,$0.0695,1439929278340,"9,897",Not yet rated,NULL,N/A
HILL,$5.18,1439929278471,"374,983",60% bearish,of 5 ratings,$8
DWA,$19.44,1439929278577,"218,482",63% bullish,of 8 ratings,$26
DRYS,$0.34,1439929278605,"2,899,381",77% bullish,of 31 ratings,$.60
DSPG,$8.79,1439929278635,"59,325",100% bearish,of 1 rating,$13.50
DSKX,$3.41,1439929278663,"255,595",100% bullish,of 1 rating,N/A
CADTW,NULL,1439929279178,0,Not yet rated,NULL,N/A
DNKN,$51.37,1439929279272,"540,037",67% bullish,of 15 ratings,$56.50
CADT,NULL,1439929279303,0,Not yet rated,NULL,N/A
CADTR,NULL,1439929279369,0,Not yet rated,NULL,N/A
CADTU,NULL,1439929279398,0,Not yet rated,NULL,N/A
DTSI,$27.37,1439929279447,"74,065",100% bearish,of 2 ratings,$39.50
DRRX,$2.11,1439929279557,"225,202",50% bullish,of 6 ratings,$3
DYSL,$1.46,1439929279662,"52,136",100% bullish,of 2 ratings,N/A
BOOM,$10.09,1439929279688,"29,617",67% bullish,of 3 ratings,$12
DYAX,$23.17,1439929279724,"346,939",89% bullish,of 9 ratings,$30
DVAX,$29.8,1439929279831,"196,157",70% bullish,of 10 ratings,$40
DXPE,$29.92,1439929280037,"236,514",50% bullish,of 2 ratings,N/A
DYNT,$3.08,1439929280102,400,75% bullish,of 4 ratings,N/A
EGLE,$7.12,1439929280231,"22,006",60% bullish,of 5 ratings,N/A
ETFC,$28.18,1439929280334,"1,247,426",57% bullish,of 14 ratings,$33
EGRX,$68.44,1439929280361,"150,977",67% bullish,of 3 ratings,$97
EGBN,$44.84,1439929280405,"58,504",Not yet rated,NULL,$48
EROC,$1.42,1439929280431,"192,536",50% bullish,of 2 ratings,$3
EBMT,$11.4069,1439929280496,500,Not yet rated,NULL,$13.50
EWBC,$45.06,1439929280705,"285,793",100% bearish,of 1 rating,$50
EVBS,$6.46,1439929280762,"6,477",Not yet rated,NULL,$7
EACQU,$10.2,1439929280809,"3,627",Not yet rated,NULL,N/A
ELNK,$9.18,1439929280864,"617,361",80% bullish,of 5 ratings,$9.50
EBAY,$27.77,1439929280970,"6,416,213",81% bullish,of 117 ratings,$48
EBIX,$29.84,1439929280998,"141,864",69% bullish,of 13 ratings,$40
EML,$17.05,1439929281131,"1,849",Not yet rated,NULL,N/A
ELON,$0.55,1439929281164,"65,153",50% bullish,of 2 ratings,N/A
ECHO,$25.8,1439929281387,"382,928",67% bearish,of 3 ratings,$35.50
EEI,$11.17,1439929281493,911,67% bearish,of 3 ratings,N/A
EDGW,$7.17,1439929281723,300,100% bearish,of 1 rating,N/A
ECACU,NULL,1439929281770,0,Not yet rated,NULL,N/A
ECTE,$1.59,1439929281855,"15,543",75% bullish,of 4 ratings,N/A
EDAP,$3.53,1439929281902,"7,347",60% bullish,of 5 ratings,$4.50
SATS,$46.55,1439929281987,"66,588",50% bullish,of 2 ratings,$60
EDUC,$4.71,1439929282037,"4,559",100% bearish,of 1 rating,N/A
EGAN,$3.5,1439929282119,"3,750",50% bullish,of 2 ratings,$6.25
ESES,$3.35,1439929282145,"4,736",100% bearish,of 1 rating,$7
EFUT,$4.35,1439929282206,"16,007",Not yet rated,NULL,N/A
EHTH,$14.87,1439929282336,"87,199",50% bullish,of 4 ratings,$16.50
LOCO,$14.1,1439929282466,"854,140",69% bullish,of 13 ratings,$23
EMITF,$1.26,1439929282512,"6,773",75% bullish,of 4 ratings,N/A
EGLT,$12.29,1439929282543,"15,992",50% bullish,of 2 ratings,$21
ESIO,$4.59,1439929282825,"51,921",50% bullish,of 2 ratings,$10
ESLT,$82.67,1439929282852,"6,351",100% bullish,of 2 ratings,N/A
EA,$73.85,1439929282873,"1,679,325",77% bullish,of 35 ratings,$80
ERI,$9.72,1439929282906,"103,694",100% bearish,of 1 rating,$10
ELSE,$3.99,1439929282933,800,60% bullish,of 5 ratings,N/A
ELRC,$10.27,1439929283066,"18,509",100% bearish,of 1 rating,N/A
ELECW,NULL,1439929283247,0,Not yet rated,NULL,N/A
ELECU,NULL,1439929283277,0,Not yet rated,NULL,N/A
EBIO,$4.05,1439929283380,"735,047",100% bearish,of 2 ratings,$8.35
EFII,$45.49,1439929283411,"206,262",80% bullish,of 5 ratings,$55
ELEC,NULL,1439929283516,0,Not yet rated,NULL,N/A
CAPX,$23.93,1439929283622,104,Not yet rated,NULL,N/A
RDEN,$10.62,1439929283663,"127,645",100% bearish,of 4 ratings,$15
LONG,$17.18,1439929283709,"39,477",67% bullish,of 3 ratings,$15.75
ELTK,$1.04,1439929283910,"10,291",67% bearish,of 3 ratings,N/A
EMCI,$23.93,1439929284001,"12,854",Not yet rated,NULL,N/A
EMMSP,$3.4,1439929284278,300,100% bearish,of 1 rating,N/A
NYNY,$4.28,1439929284330,"23,137",50% bullish,of 2 ratings,N/A
EMKR,$7.2,1439929284357,"153,571",75% bullish,of 4 ratings,$8.50
EMMS,$1.23,1439929284434,"13,275",67% bullish,of 6 ratings,N/A
ENTA,$40.38,1439929284542,"95,333",50% bullish,of 2 ratings,$42
ESBK,$20.0578,1439929284575,"1,725",Not yet rated,NULL,N/A
ECPG,$40.43,1439929284675,"121,771",100% bullish,of 2 ratings,$52
EMCF,NULL,1439929284705,0,100% bearish,of 1 rating,N/A
ERS,$2.9,1439929284750,"12,800",Not yet rated,NULL,N/A
WIRE,$33.97,1439929284805,"101,771",100% bearish,of 1 rating,$37
ECYT,$5.28,1439929284952,"116,665",83% bullish,of 6 ratings,$12
ENDP,$85.41,1439929285004,"497,587",50% bullish,of 6 ratings,$104
ELGX,$13.14,1439929285142,"433,069",75% bullish,of 4 ratings,$17
EIGI,$15.97,1439929285226,"326,625",67% bearish,of 3 ratings,$20
EFOI,$15.31,1439929285359,"164,790",50% bullish,of 2 ratings,$17
ENG,$1.04,1439929285430,"21,129",100% bullish,of 3 ratings,N/A
WATT,$7.05,1439929285457,"79,195",50% bullish,of 2 ratings,$13
EXXI,$1.72,1439929285514,"887,039",86% bullish,of 7 ratings,$3.50
ENTG,$14.47,1439929285801,"350,926",100% bearish,of 1 rating,$18
ERII,$3.03,1439929285829,"104,136",80% bullish,of 5 ratings,$2.50
ENFC,$18.5,1439929285889,"2,500",Not yet rated,NULL,N/A
ESGR,$156.5,1439929285917,"120,632",100% bearish,of 1 rating,$185
ETRM,$0.28,1439929285966,"639,635",69% bearish,of 35 ratings,$1.625
ENOC,$8.62,1439929285992,"148,172",75% bullish,of 4 ratings,$18
ENPH,$5.01,1439929286054,"858,230",75% bullish,of 4 ratings,$11
ENTL,$23.11,1439929286224,"101,504",Not yet rated,NULL,$28
EFSC,$24.88,1439929286364,"236,234",Not yet rated,NULL,$27
EGT,$2.38,1439929286468,"7,205",100% bullish,of 1 rating,N/A
EBTC,$20.8,1439929286532,"2,122",Not yet rated,NULL,N/A
ENVI,$1.76,1439929286605,"19,694",67% bullish,of 3 ratings,N/A
ENZN,$1.07,1439929286657,"506,742",100% bullish,of 9 ratings,N/A
ENZY,$8.71,1439929286788,"7,112",67% bullish,of 3 ratings,$9.50
EPIQ,$14.1,1439929286884,"43,335",100% bearish,of 1 rating,$18
EPRS,$5,1439929286928,"56,134",82% bullish,of 11 ratings,$15
EQFN,$8.31,1439929287073,"1,406",Not yet rated,NULL,N/A
PLUS,$74.87,1439929287157,"23,891",50% bullish,of 2 ratings,$88
EQIX,$287.42,1439929287203,"178,570",67% bullish,of 3 ratings,$312.50
EPZM,$17.54,1439929287230,"250,045",60% bullish,of 5 ratings,$34
ERIC,$10.48,1439929287356,"1,038,227",63% bullish,of 8 ratings,$13.30
ERIE,$87.82,1439929287447,"14,822",Not yet rated,NULL,$73
EAC,$3.62,1439929287476,"41,560",100% bearish,of 1 rating,$8
ESCA,$18.04,1439929287651,"9,132",100% bearish,of 1 rating,$22
ESPR,$63.71,1439929287831,"3,548,419",67% bearish,of 9 ratings,$130
ESMC,NULL,1439929287867,0,Not yet rated,NULL,N/A
EPIX,$7,1439929287998,180,Not yet rated,NULL,N/A
ESCRP,$1.69,1439929288213,"2,463",100% bearish,of 1 rating,N/A
ESSX,$0.4501,1439929288267,"11,169",50% bullish,of 2 ratings,N/A
ETSY,$15.86,1439929288294,"484,293",80% bullish,of 5 ratings,$16
ESCR,$0.2099,1439929288352,"21,540",50% bullish,of 2 ratings,N/A
EEFT,$68.66,1439929288424,"143,372",100% bearish,of 1 rating,$67.50
ESSA,$12.86,1439929288488,"2,288",100% bearish,of 1 rating,N/A
ESND,$35.99,1439929288530,"102,124",100% bearish,of 1 rating,$40
ESEA,$6.26,1439929288562,"1,442",100% bullish,of 1 rating,$15
CLWT,$2.5501,1439929288755,"1,600",100% bearish,of 1 rating,N/A
EVK,$4.07,1439929288897,330,75% bearish,of 4 ratings,N/A
EVOK,$5.11,1439929288935,"1,480,628",100% bearish,of 1 rating,$13.75
EVEP,$8.65,1439929288986,"310,103",50% bullish,of 2 ratings,$15
EXA,$10.695,1439929289088,"25,052",100% bearish,of 1 rating,$13
EVLV,$2.24,1439929289114,"124,404",60% bullish,of 5 ratings,$6.50
EXAS,$23.04,1439929289257,"502,044",78% bullish,of 9 ratings,$31
EXAC,$18.51,1439929289306,"34,364",100% bearish,of 1 rating,$22.50
EXEL,$5.74,1439929289441,"2,099,438",81% bullish,of 16 ratings,$6
EXFO,$2.82,1439929289468,"6,591",67% bearish,of 3 ratings,$3.95
EVOL,$6.4,1439929289564,"20,863",75% bullish,of 4 ratings,$10
EXLS,$36.94,1439929289617,"70,492",100% bullish,of 1 rating,$41
EXPD,$49.66,1439929289751,"961,107",80% bullish,of 5 ratings,$50.50
EXPE,$123.32,1439929289852,"578,167",64% bullish,of 11 ratings,$130
EXPO,$43.85,1439929289878,"32,448",100% bearish,of 1 rating,$45.50
ESRX,$89.87,1439929289922,"3,662,621",67% bearish,of 6 ratings,$101
EXLP,$20.71,1439929290074,"26,120",100% bearish,of 1 rating,$27
EXTR,$3.01,1439929290134,"476,960",80% bullish,of 5 ratings,$3
FFIV,$133,1439929290376,"439,520",71% bullish,of 7 ratings,$132
EYEG,$4.57,1439929290408,"12,005",Not yet rated,NULL,N/A
FB,$95.2,1439929290539,"13,652,416",73% bullish,of 1064 ratings,$111
EYEGW,NULL,1439929290564,0,Not yet rated,NULL,N/A
FCS,$14.17,1439929290591,"381,182",67% bearish,of 3 ratings,$17
EZPW,$6.08,1439929290630,"117,341",50% bullish,of 4 ratings,$7.50
EZCH,$22.06,1439929290721,"175,493",75% bullish,of 8 ratings,$19.50
FWM,$2.29,1439929290761,"122,352",100% bearish,of 2 ratings,$3.20
FRP,$17.73,1439929290895,"72,035",100% bearish,of 1 rating,$18
DAVE,$14.95,1439929290973,"14,817",100% bearish,of 1 rating,$15.50
FALC,$1.65,1439929291059,"61,852",63% bearish,of 8 ratings,N/A
FARM,$22.4,1439929291305,"9,490",100% bearish,of 1 rating,$35
FATE,$7.75,1439929291340,"73,050",100% bearish,of 1 rating,$11
FFKT,$27.56,1439929291368,"10,659",Not yet rated,NULL,$29
FARO,$40.7,1439929291440,"86,918",50% bullish,of 2 ratings,$48
FMNB,$8.11,1439929291470,"12,642",Not yet rated,NULL,N/A
FAST,$40.72,1439929291576,"1,016,734",80% bullish,of 5 ratings,$46
FBSS,NULL,1439929291611,0,Not yet rated,NULL,N/A
FDML,$9.68,1439929291750,"123,004",50% bullish,of 4 ratings,$14
FBRC,$23.69,1439929291840,"38,972",100% bearish,of 1 rating,$29
FEIC,$81.46,1439929291884,"269,583",50% bullish,of 2 ratings,$95.50
FNHC,$23.16,1439929291917,"96,822",100% bearish,of 1 rating,$35
FHCO,$1.49,1439929292079,"22,719",50% bullish,of 4 ratings,N/A
FENX,$9.71,1439929292105,"31,934",100% bullish,of 1 rating,$14.25
FCSC,$6.26,1439929292161,"114,933",100% bearish,of 1 rating,$8.125
FGEN,$24.77,1439929292235,"351,327",100% bearish,of 1 rating,$39
ONEQ,$199.01,1439929292318,"50,084",100% bullish,of 1 rating,N/A
FDUS,$14.9,1439929292547,"47,456",100% bullish,of 1 rating,$18
FSC,$6.48,1439929292604,"508,206",75% bullish,of 4 ratings,$8
LION,$20.16,1439929292638,"77,255",100% bullish,of 1 rating,$20
FSAM,$8.78,1439929292664,"13,457",100% bearish,of 1 rating,$11
FSFR,$9.1,1439929292731,"92,362",100% bearish,of 1 rating,$11.50
FRGI,$54.48,1439929292958,"98,964",50% bullish,of 2 ratings,$70
FISI,$24.76,1439929293015,"14,068",100% bullish,of 2 ratings,$24.50
FSCFL,$25,1439929293040,"7,363",Not yet rated,NULL,N/A
FNJN,$1.685,1439929293173,"19,702",100% bearish,of 1 rating,$5
FNSR,$17.11,1439929293206,"972,894",86% bullish,of 7 ratings,$25
FITB,$21.16,1439929293236,"2,428,149",54% bullish,of 13 ratings,$22
FNGN,$35.7,1439929293305,"258,236",67% bullish,of 3 ratings,$47
FITBI,$27.77,1439929293380,"21,230",Not yet rated,NULL,N/A
FNTC,NULL,1439929293469,0,Not yet rated,NULL,N/A
FEYE,$43.25,1439929293709,"2,218,516",87% bullish,of 15 ratings,$55.50
FCVA,NULL,1439929293932,0,Not yet rated,NULL,N/A
BUSE,$6.44,1439929293963,"46,129",Not yet rated,NULL,$6.875
FNTCU,NULL,1439929293990,0,Not yet rated,NULL,N/A
FNTCW,NULL,1439929294068,0,Not yet rated,NULL,N/A
FBNC,$17.14,1439929294133,"11,344",100% bullish,of 1 rating,$20
FRBA,$6.04,1439929294214,895,Not yet rated,NULL,$8
FNLC,$18.82,1439929294282,"9,349",100% bullish,of 1 rating,N/A
FCAP,NULL,1439929294317,0,Not yet rated,NULL,N/A
FBIZ,$44.03,1439929294343,"9,070",100% bearish,of 2 ratings,$52
FCNCA,$249.29,1439929294418,"4,628",Not yet rated,NULL,N/A
FCFS,$38.29,1439929294478,"68,771",100% bearish,of 2 ratings,$48
FCLF,$9.48,1439929294713,"1,120",Not yet rated,NULL,N/A
FCBC,$18.03,1439929294800,"14,655",Not yet rated,NULL,$17
FCFP,$6.99,1439929294830,200,Not yet rated,NULL,N/A
FCCO,$12.02,1439929294861,"1,707",Not yet rated,NULL,$13.25
FDEF,$37.59,1439929294965,"25,519",Not yet rated,NULL,$38
FFNM,$6.34,1439929294992,57,Not yet rated,NULL,N/A
THFF,$33.78,1439929295205,"19,820",Not yet rated,NULL,$35
FBNK,$16.28,1439929295235,"10,319",100% bearish,of 1 rating,$17.50
FFWM,$21.4,1439929295256,"10,703",Not yet rated,NULL,$24
FFBC,$19.45,1439929295305,"122,990",67% bearish,of 3 ratings,$20.25
FFNW,$12.5,1439929295465,"3,992",Not yet rated,NULL,$14
INBK,$34.77,1439929295601,"12,312",50% bullish,of 2 ratings,$37
FFBCW,NULL,1439929295672,0,100% bearish,of 1 rating,N/A
FIBK,$28.06,1439929295739,"31,955",Not yet rated,NULL,$32
FFIN,$32.61,1439929295766,"94,973",50% bullish,of 2 ratings,$31.75
FRME,$26.08,1439929295792,"39,838",Not yet rated,NULL,$26.50
FNBC,$35.8,1439929296084,"83,955",Not yet rated,NULL,$41
FNFG,$9.79,1439929296251,"1,026,699",80% bullish,of 5 ratings,$9
FSGI,$2.47,1439929296339,"1,972",Not yet rated,NULL,N/A
FNWB,$12.24,1439929296542,"6,538",Not yet rated,NULL,N/A
FMBH,NULL,1439929296602,0,Not yet rated,NULL,N/A
FSBK,$7.85,1439929296674,"6,157",100% bullish,of 1 rating,N/A
FSFG,$31.2,1439929296704,103,Not yet rated,NULL,N/A
FSLR,$51.63,1439929296758,"1,001,866",74% bullish,of 39 ratings,$65
BICK,$20.655,1439929296789,306,100% bullish,of 1 rating,N/A
FBZ,NULL,1439929296817,0,Not yet rated,NULL,N/A
FMBI,$18.6,1439929296844,"220,669",Not yet rated,NULL,$20
FTCS,$38.74,1439929297023,"17,670",Not yet rated,NULL,N/A
FV,$24.81,1439929297117,"1,207,866",Not yet rated,NULL,N/A
FCAN,$25.6,1439929297322,315,Not yet rated,NULL,N/A
FCA,$22.43,1439929297392,"4,514",Not yet rated,NULL,N/A
FEMB,NULL,1439929297453,0,Not yet rated,NULL,N/A
IFV,$18.75,1439929297479,"404,983",100% bearish,of 1 rating,N/A
FEUZ,$32.79,1439929297506,"2,080",Not yet rated,NULL,N/A
FTSM,$59.94,1439929297639,"28,813",100% bearish,of 1 rating,N/A
TDIV,$25.92,1439929297664,"106,063",100% bearish,of 1 rating,N/A
HYLS,$49.79,1439929298041,"224,235",100% bearish,of 1 rating,N/A
FPXI,NULL,1439929298070,0,Not yet rated,NULL,N/A
FTHI,NULL,1439929298118,0,Not yet rated,NULL,N/A
FTGC,$22.64,1439929298252,"46,352",Not yet rated,NULL,N/A
FHK,$35.33,1439929298310,"33,035",Not yet rated,NULL,N/A
MDIV,$19.88,1439929298395,"126,817",Not yet rated,NULL,N/A
FGM,$37.2,1439929298488,"9,246",Not yet rated,NULL,N/A
CU,$12.99,1439929298619,"5,345",100% bearish,of 1 rating,N/A
FJP,$50.2,1439929298690,"10,545",Not yet rated,NULL,N/A
SKYY,$30.64,1439929298842,"48,763",100% bullish,of 1 rating,N/A
YDIV,NULL,1439929298977,0,Not yet rated,NULL,N/A
PLTM,$6.42,1439929299029,"2,900",100% bearish,of 1 rating,N/A
FTLB,NULL,1439929299110,0,100% bearish,of 1 rating,N/A
QABA,$39.64,1439929299148,"12,025",100% bearish,of 1 rating,N/A
FONE,$36.81,1439929299242,22,Not yet rated,NULL,N/A
CIBR,$19.58,1439929299270,"52,550",Not yet rated,NULL,N/A
LMBS,$50.49,1439929299292,500,Not yet rated,NULL,N/A
FMB,$50.76,1439929299321,"3,718",Not yet rated,NULL,N/A
GRID,$34.48,1439929299607,526,100% bearish,of 1 rating,N/A
QCLN,$16.09,1439929299634,"9,432",Not yet rated,NULL,N/A
CARZ,$36.71,1439929299686,"2,005",100% bearish,of 1 rating,N/A
RDVY,$22.57,1439929299711,"7,829",Not yet rated,NULL,N/A
FTSL,$48.97,1439929300152,"33,370",100% bearish,of 1 rating,N/A
QINC,$21.59,1439929300184,"1,702",Not yet rated,NULL,N/A
QTEC,$42.15,1439929300250,"20,954",Not yet rated,NULL,N/A
FTW,$31.43,1439929300282,"7,750",Not yet rated,NULL,N/A
QQEW,$44.17,1439929300311,"15,029",Not yet rated,NULL,N/A
AIRR,$17,1439929300397,"3,412",100% bearish,of 1 rating,N/A
QQXT,$42.93,1439929300467,"8,476",Not yet rated,NULL,N/A
FDIV,$48.35,1439929300499,"1,050",100% bearish,of 1 rating,N/A
FSZ,$40.45,1439929300528,"15,503",Not yet rated,NULL,N/A
FKO,$23.83,1439929300549,"1,950",Not yet rated,NULL,N/A
TUSA,$26.2754,1439929300693,490,Not yet rated,NULL,N/A
FMER,$18.79,1439929301043,"733,482",50% bullish,of 2 ratings,$20
FUNC,$8.28,1439929301127,"1,900",Not yet rated,NULL,N/A
FIVE,$37.74,1439929301174,"201,859",75% bearish,of 4 ratings,$44
SVVC,$10.86,1439929301201,"13,325",100% bullish,of 1 rating,$26
FKU,$43.98,1439929301261,"19,456",Not yet rated,NULL,N/A
FISV,$90.28,1439929301289,"343,939",100% bearish,of 3 ratings,$90
FSV,$32.63,1439929301334,"15,315",Not yet rated,NULL,$33.60
FPRX,$18.7,1439929301473,"262,113",50% bullish,of 2 ratings,$35
FLKS,$14.66,1439929301611,"35,258",50% bullish,of 2 ratings,$27
MBSD,$24.85,1439929301646,"1,080",Not yet rated,NULL,N/A
FIVN,$4.19,1439929301695,"190,872",100% bullish,of 1 rating,$8.50
FLML,$21.27,1439929301907,"71,073",50% bullish,of 2 ratings,$30
FLXN,$24.21,1439929301984,"73,552",100% bearish,of 1 rating,$39.50
SKOR,$50.01,1439929302044,704,Not yet rated,NULL,N/A
FLXS,$41.59,1439929302121,"15,452",100% bearish,of 2 ratings,N/A
FLIR,$30.37,1439929302266,"342,921",100% bearish,of 1 rating,$38.50
FLDM,$12.84,1439929302297,"251,789",67% bearish,of 3 ratings,$21.50
FLEX,$11.09,1439929302349,"1,071,684",63% bullish,of 8 ratings,$12
FFIC,$20.95,1439929302401,"33,544",Not yet rated,NULL,$21
FORM,$6.41,1439929302626,"307,339",67% bullish,of 3 ratings,$10.50
FOMX,$10.62,1439929302721,"167,381",50% bullish,of 2 ratings,$23.50
FOGO,$19.71,1439929302787,"100,060",50% bullish,of 2 ratings,$25.50
FES,$0.934,1439929302853,"3,000",50% bullish,of 2 ratings,$1
FORTY,NULL,1439929302884,0,Not yet rated,NULL,N/A
FORR,$32.33,1439929302906,"24,248",Not yet rated,NULL,N/A
FONR,$9.52,1439929302940,"6,961",100% bullish,of 1 rating,N/A
FBIO,$3.03,1439929303230,"92,644",83% bullish,of 6 ratings,N/A
FORD,$1.1,1439929303271,"137,873",50% bullish,of 2 ratings,N/A
FTNT,$47.75,1439929303334,"765,558",80% bullish,of 10 ratings,$52
FWRD,$49.11,1439929303405,"133,651",100% bearish,of 1 rating,$50
FWP,$27.23,1439929303576,"47,122",100% bearish,of 1 rating,$45
FOSL,$62.24,1439929303641,"565,604",50% bullish,of 4 ratings,$70
FOXF,$15.71,1439929303707,"49,101",100% bearish,of 1 rating,$19
FRAN,$10.31,1439929303776,"1,427,876",50% bullish,of 4 ratings,$15
FRED,$14.51,1439929303875,"100,117",50% bullish,of 2 ratings,$16.50
FXCB,$17.46,1439929303957,"6,066",Not yet rated,NULL,$19
FMI,$20.12,1439929304035,"202,981",100% bearish,of 2 ratings,$27.50
FELE,$29.82,1439929304190,"308,151",50% bullish,of 4 ratings,$33
RAIL,$21.8,1439929304222,"77,132",100% bearish,of 1 rating,$24.50
FEIM,$11,1439929304254,"2,668",100% bearish,of 1 rating,N/A
FREE,$0.511,1439929304284,"492,624",92% bullish,of 12 ratings,N/A
FRPT,$14.23,1439929304355,"193,074",67% bearish,of 3 ratings,$23.50
FTRPR,$105.74,1439929304688,"37,800",100% bearish,of 1 rating,N/A
FRPH,$31.39,1439929304714,"2,006",100% bearish,of 1 rating,N/A
FTR,$5.42,1439929304761,"11,554,707",78% bullish,of 27 ratings,$6.25
FCEL,$0.825,1439929304932,"529,745",88% bullish,of 40 ratings,$2.65
FTEK,$2.17,1439929305073,"19,506",75% bullish,of 4 ratings,N/A
FTD,$30.86,1439929305100,"129,198",100% bearish,of 1 rating,$40
FULL,$3.2,1439929305146,"27,407",67% bearish,of 3 ratings,$4.25
FSBW,$23.48,1439929305234,"1,753",Not yet rated,NULL,N/A
FSYS,$6.58,1439929305294,"21,723",67% bullish,of 3 ratings,$10
FLL,$1.55,1439929305320,"14,796",75% bullish,of 4 ratings,$2.825
FULLL,$25.6299,1439929305461,200,Not yet rated,NULL,N/A
FFHL,NULL,1439929305488,0,50% bullish,of 4 ratings,N/A
FULT,$13.13,1439929305516,"631,671",100% bearish,of 1 rating,$13
FXEN,$1.03,1439929305696,"99,072",75% bullish,of 4 ratings,$1.10
FSNN,$2.65,1439929305770,"1,150",67% bullish,of 3 ratings,$6
FXENP,$16.5,1439929305796,"1,355",100% bearish,of 1 rating,N/A
GK,$71.89,1439929306095,"53,053",Not yet rated,NULL,$78
WILC,$5.19,1439929306164,"3,566",100% bullish,of 2 ratings,N/A
GALE,$1.45,1439929306266,"761,562",89% bullish,of 47 ratings,$4
GAIA,$6.01,1439929306543,"40,817",50% bullish,of 2 ratings,$8.50
GALTU,NULL,1439929306570,0,100% bearish,of 1 rating,N/A
GALT,$2.17,1439929306592,"38,281",80% bullish,of 5 ratings,N/A
GLPG,$64.04,1439929306628,"41,716",100% bullish,of 1 rating,$75
GLPI,$33.46,1439929306721,"247,206",100% bearish,of 1 rating,$37.50
GLMD,$8.96,1439929306761,"3,890",67% bullish,of 3 ratings,$20.50
GALTW,$0.65,1439929306826,"18,100",100% bullish,of 1 rating,N/A
GPIC,$10.84,1439929306857,"1,255",100% bearish,of 1 rating,N/A
GGAC,$9.82,1439929306959,750,100% bearish,of 1 rating,N/A
GGACU,NULL,1439929307116,0,Not yet rated,NULL,N/A
GENC,$9.47,1439929307330,"1,100",100% bearish,of 1 rating,N/A
GGACW,$0.12,1439929307421,"11,870",Not yet rated,NULL,N/A
GGACR,$0.2,1439929307487,"8,200",100% bullish,of 1 rating,N/A
GARS,$14.78,1439929307549,"14,960",Not yet rated,NULL,$16
GFN,$3.98,1439929307630,"17,606",100% bearish,of 2 ratings,$8
GFNCP,$97.9999,1439929307657,310,Not yet rated,NULL,N/A
GRMN,$40.29,1439929307693,"461,323",50% bullish,of 6 ratings,$48
GNCMA,$17.83,1439929307787,"72,766",100% bearish,of 1 rating,$12
GFNSL,$25.8,1439929307814,"5,050",Not yet rated,NULL,N/A
GNMK,$9.45,1439929308046,"89,093",67% bullish,of 6 ratings,$14
GNCA,$12.86,1439929308076,"161,042",100% bearish,of 1 rating,$20
GENE,$2.72,1439929308147,"68,689",100% bullish,of 12 ratings,N/A
GHDX,$26.47,1439929308172,"179,121",50% bullish,of 2 ratings,$30
GNTX,$15.91,1439929308364,"1,392,190",Not yet rated,NULL,$20
THRM,$48.4,1439929308435,"151,372",75% bearish,of 4 ratings,$55.50
GABC,$29.48,1439929308568,"10,803",Not yet rated,NULL,$31.50
GTWN,$18.98,1439929308600,"3,815",Not yet rated,NULL,N/A
GEOS,$15.58,1439929308705,"75,077",100% bearish,of 3 ratings,$25.50
GERN,$3.36,1439929308734,"1,288,289",88% bullish,of 16 ratings,$5.25
GNVC,$2.41,1439929308761,"4,378",90% bullish,of 10 ratings,$8.50
ROCK,$18.6,1439929308927,"86,159",80% bullish,of 5 ratings,$24
GIGA,$1.44,1439929308984,"3,566",100% bearish,of 1 rating,N/A
GIII,$69.44,1439929309014,"112,540",67% bullish,of 3 ratings,$75
GIGM,$0.6533,1439929309083,"28,300",100% bullish,of 2 ratings,N/A
GEVO,$2.26,1439929309110,"420,016",75% bullish,of 12 ratings,N/A
GILD,$117.06,1439929309742,"3,617,740",91% bullish,of 86 ratings,$129
GILT,$4.56,1439929309812,"12,528",50% bullish,of 2 ratings,N/A
GBCI,$28.05,1439929309885,"118,370",50% bullish,of 2 ratings,$31
GLAD,$8.28,1439929309944,"46,543",50% bullish,of 2 ratings,$8.75
GLADO,$25.5,1439929310114,"2,150",Not yet rated,NULL,N/A
GOOD,$15.79,1439929310268,"29,694",Not yet rated,NULL,$19
GOODO,$25.25,1439929310294,404,Not yet rated,NULL,N/A
GAIN,$7.92,1439929310323,"85,937",100% bullish,of 2 ratings,$8.25
GOODN,$25.67,1439929310345,91,Not yet rated,NULL,N/A
LAND,$9.395,1439929310697,"27,447",50% bullish,of 2 ratings,$13.75
GAINO,$25.29,1439929310763,"2,735",Not yet rated,NULL,N/A
GLBZ,$12.12,1439929310797,376,Not yet rated,NULL,N/A
GAINN,$25.16,1439929310833,"4,450",Not yet rated,NULL,N/A
GAINP,$26.09,1439929310930,"1,562",Not yet rated,NULL,N/A
GOODP,$25.25,1439929310989,950,Not yet rated,NULL,N/A
GBT,$44.83,1439929311071,"418,401",Not yet rated,NULL,N/A
ENT,$12.71,1439929311149,"248,862",100% bearish,of 1 rating,$18
GDEF,NULL,1439929311174,0,Not yet rated,NULL,N/A
GBLI,$26.99,1439929311237,"18,474",Not yet rated,NULL,N/A
GSOL,$8.62,1439929311408,"15,851",100% bearish,of 1 rating,N/A
SOCL,$18.47,1439929311650,"46,386",100% bullish,of 2 ratings,N/A
SRET,$13.8973,1439929311733,840,Not yet rated,NULL,N/A
ACTX,$14.24,1439929311785,200,100% bullish,of 1 rating,N/A
QQQC,$21.13,1439929311832,"3,062",100% bearish,of 1 rating,N/A
GAI,$5.47,1439929311859,870,50% bullish,of 2 ratings,N/A
GPACU,$10.05,1439929311914,500,Not yet rated,NULL,N/A
ALTY,NULL,1439929311995,0,Not yet rated,NULL,N/A
GSM,$13.74,1439929312051,"236,012",50% bullish,of 2 ratings,$24.50
YLCO,$12.36,1439929312154,"2,202",Not yet rated,NULL,N/A
GBIM,$2.11,1439929312293,"28,299",50% bullish,of 2 ratings,N/A
GLYC,$7.4,1439929312324,"4,408",50% bullish,of 2 ratings,$14
GLUU,$4.7,1439929312455,"1,747,329",92% bullish,of 26 ratings,$9
GLRI,$1.22,1439929312593,"5,513",100% bearish,of 1 rating,$6
GLBS,$1.4,1439929312662,"8,900",67% bullish,of 3 ratings,N/A
GOGO,$16.29,1439929312742,"482,777",80% bullish,of 5 ratings,$25
GLNG,$39.37,1439929312792,"455,933",83% bullish,of 6 ratings,$58
GMLP,$20.09,1439929312896,"108,253",50% bullish,of 4 ratings,$32.50
GBDC,$16.63,1439929312959,"38,185",Not yet rated,NULL,$17.75
GDEN,$9.15,1439929313002,800,50% bullish,of 2 ratings,N/A
GLDC,NULL,1439929313148,0,50% bullish,of 2 ratings,N/A
GOOG,$656.13,1439929313180,"657,026",89% bullish,of 65 ratings,$795
GOOGL,$688.21,1439929313276,"709,418",88% bullish,of 1078 ratings,$747
GTIM,$7.02,1439929313309,"54,688",Not yet rated,NULL,$11.50
GPRO,$57.49,1439929313340,"2,695,258",79% bullish,of 58 ratings,$72
GOGL,$3.49,1439929313370,"143,359",75% bullish,of 4 ratings,$5
GMAN,$4.66,1439929313634,"26,917",60% bullish,of 5 ratings,$8
GPIAW,NULL,1439929313844,0,Not yet rated,NULL,N/A
GBSN,$2.25,1439929313944,"90,776",100% bearish,of 1 rating,$8.25
GBSNU,$16.79,1439929314031,"18,220",Not yet rated,NULL,N/A
LOPE,$38.6,1439929314077,"166,243",100% bearish,of 2 ratings,$50
GPIA,NULL,1439929314166,0,Not yet rated,NULL,N/A
GRVY,$3.57,1439929314208,511,50% bullish,of 2 ratings,N/A
GPIAU,$10.1,1439929314301,576,Not yet rated,NULL,N/A
GSBC,$41.94,1439929314362,"10,429",100% bullish,of 1 rating,$44
GRBK,$14.36,1439929314495,"192,343",77% bullish,of 13 ratings,N/A
GNBC,$13.16,1439929314524,"10,038",100% bearish,of 1 rating,$17
GLDD,$5.66,1439929314546,"182,837",100% bearish,of 4 ratings,$7.75
GPRE,$21.74,1439929314723,"462,078",67% bullish,of 6 ratings,$28.50
GPP,$14.77,1439929314791,"36,651",Not yet rated,NULL,$20.50
GCBC,$28.4999,1439929314936,100,100% bullish,of 1 rating,N/A
GLRE,$26.66,1439929315009,"61,753",100% bullish,of 1 rating,$41
GRFS,$32.62,1439929315144,"345,014",50% bullish,of 2 ratings,$35
GRPN,$4.24,1439929315203,"7,373,452",61% bullish,of 71 ratings,$6.75
OMAB,$42.32,1439929315241,"36,216",100% bullish,of 1 rating,$44
GRIF,NULL,1439929315266,0,100% bearish,of 1 rating,N/A
GSIG,$13.54,1439929315533,"23,705",100% bearish,of 2 ratings,N/A
GFED,$14.8,1439929315572,2,Not yet rated,NULL,$17
GTXI,$0.97,1439929315600,"23,938",100% bullish,of 5 ratings,$.75
GSVC,$9.65,1439929315623,"23,283",50% bullish,of 2 ratings,$14.50
GGAL,$20.75,1439929315660,"131,024",80% bullish,of 5 ratings,$40
GSIT,$5.02,1439929315688,"1,880",100% bearish,of 1 rating,N/A
GBNK,$16.03,1439929315826,"18,993",100% bearish,of 1 rating,$18
GUID,$8.97,1439929315979,"23,442",100% bearish,of 3 ratings,$10
GIFI,$12.86,1439929316080,"66,091",100% bearish,of 1 rating,$16
GULTU,$0.34,1439929316165,"90,985",100% bearish,of 1 rating,N/A
GWPH,$114.06,1439929316295,"110,150",78% bullish,of 9 ratings,$148.50
GYRO,$2.9,1439929316377,"6,370",100% bearish,of 1 rating,N/A
GWGH,$7.64,1439929316529,118,100% bearish,of 1 rating,$15.05
HLG,$9.49,1439929316561,314,100% bearish,of 1 rating,N/A
GPOR,$35.64,1439929316592,"797,178",75% bullish,of 4 ratings,$55.50
HEES,$17.11,1439929316659,"165,351",67% bearish,of 3 ratings,$31
HALL,$11.77,1439929316691,"12,696",Not yet rated,NULL,N/A
GURE,$1.83,1439929316721,"21,377",88% bullish,of 8 ratings,N/A
HNRG,$7.48,1439929316854,"69,374",100% bearish,of 1 rating,$10
HALO,$19.03,1439929316880,"754,478",67% bullish,of 3 ratings,$22.50
HBHCL,$24.6,1439929317232,"29,288",Not yet rated,NULL,N/A
HNH,$28.85,1439929317331,"4,658",100% bullish,of 1 rating,N/A
HDNG,$10.77,1439929317413,"39,940",50% bullish,of 4 ratings,N/A
HMPR,$1.94,1439929317439,"33,275",100% bullish,of 1 rating,N/A
HBHC,$28.63,1439929317500,"395,976",50% bullish,of 2 ratings,$30
HBK,$13.72,1439929317591,700,50% bullish,of 2 ratings,N/A
HNSN,$0.53,1439929317662,"41,203",88% bullish,of 8 ratings,$.40
HLIT,$5.86,1439929317739,"260,471",100% bearish,of 1 rating,$6.50
HQCL,$10.67,1439929317767,"13,034",67% bullish,of 3 ratings,N/A
HRMN,NULL,1439929317899,0,Not yet rated,NULL,N/A
HAFC,$25.63,1439929317927,"54,314",100% bullish,of 2 ratings,$28.50
HRMNU,NULL,1439929317985,0,Not yet rated,NULL,N/A
TINY,$2.48,1439929318144,"31,315",50% bullish,of 2 ratings,$5.26
HRMNW,NULL,1439929318292,0,Not yet rated,NULL,N/A
HART,$0.665,1439929318435,"184,827",100% bearish,of 1 rating,N/A
HCAPL,$25.6499,1439929318465,"3,200",Not yet rated,NULL,N/A
HBIO,$4.47,1439929318514,"67,923",Not yet rated,NULL,$10
HCAP,$12.23,1439929318568,"3,356",50% bullish,of 2 ratings,$15
HAS,$80.38,1439929318649,"454,615",63% bullish,of 8 ratings,$84.50
HA,$25.72,1439929318716,"395,657",67% bullish,of 9 ratings,$27
HAYN,$39.83,1439929318875,"27,116",100% bearish,of 1 rating,$59
HDS,$34.69,1439929318925,"478,438",100% bearish,of 2 ratings,$39.50
HWKN,$36.79,1439929318951,"18,398",Not yet rated,NULL,N/A
HCSG,$34.55,1439929319116,"111,357",50% bullish,of 4 ratings,$35
HIIQ,$4.7,1439929319248,"12,302",50% bullish,of 2 ratings,$7
HWBK,$13.64,1439929319318,300,100% bearish,of 1 rating,N/A
HCOM,$23.1,1439929319393,"9,416",100% bearish,of 1 rating,$28
HSTM,$25.66,1439929319490,"71,421",50% bullish,of 2 ratings,$33.75
HQY,$33.47,1439929319520,"94,999",67% bullish,of 3 ratings,$31
HWAY,$12.5,1439929319621,"161,432",100% bearish,of 1 rating,$15
HTLF,$37.53,1439929319983,"19,605",100% bullish,of 1 rating,$39.50
HTBX,$5.95,1439929320062,"45,005",50% bullish,of 2 ratings,$15.50
HMTV,$13.21,1439929320092,"10,917",100% bearish,of 1 rating,$16
HTWR,$88.32,1439929320119,"70,118",50% bullish,of 2 ratings,$103
HTLD,$21.25,1439929320195,"164,164",Not yet rated,NULL,$22.50
HSII,$20.07,1439929320254,"44,790",100% bullish,of 3 ratings,$25
HELE,$92.41,1439929320324,"102,203",67% bearish,of 3 ratings,$100
HMNY,$2.2801,1439929320556,"1,000",100% bearish,of 1 rating,N/A
HCACU,$9.98,1439929320607,"1,500",Not yet rated,NULL,N/A
HSIC,$147.31,1439929320633,"317,660",83% bullish,of 6 ratings,$146
HNNA,$22.99,1439929320655,"8,700",Not yet rated,NULL,N/A
HTBK,$11.02,1439929320844,"36,526",Not yet rated,NULL,$12
HERO,$0.072,1439929320997,"1,591,671",81% bullish,of 16 ratings,$.75
HCCI,$12.55,1439929321031,"14,040",100% bearish,of 1 rating,$16.50
HRTX,$32.24,1439929321058,"227,907",67% bullish,of 6 ratings,$41
HEOP,$8,1439929321091,"13,356",Not yet rated,NULL,$8.50
HFWA,$18.41,1439929321131,"29,013",100% bullish,of 1 rating,$20
MLHR,$29.57,1439929321330,"223,837",50% bullish,of 2 ratings,$33.50
HSKA,$34.05,1439929321420,"25,963",100% bearish,of 1 rating,$38
HFFC,$16.44,1439929321488,463,Not yet rated,NULL,N/A
HIBB,$40.39,1439929321621,"237,071",100% bearish,of 1 rating,$48.50
HPJ,$2.75,1439929321647,"21,800",75% bullish,of 4 ratings,$12.43
HIHO,$4.12,1439929321947,"11,042",Not yet rated,NULL,N/A
HIMX,$6.8,1439929321978,"1,067,981",85% bullish,of 20 ratings,$8.50
HSGX,$6.67,1439929322005,"1,810",100% bearish,of 1 rating,$17
HMNF,$11.4,1439929322082,"2,331",Not yet rated,NULL,N/A
HIFS,$117.46,1439929322143,"1,848",Not yet rated,NULL,N/A
HBCP,$24.29,1439929322184,472,Not yet rated,NULL,$29
HMSY,$9.42,1439929322275,"929,947",67% bullish,of 3 ratings,$19.35
HOLI,$17.81,1439929322347,"287,985",50% bullish,of 4 ratings,$27
HOMB,$40.98,1439929322411,"106,495",Not yet rated,NULL,$41
HOLX,$42.6,1439929322442,"1,251,347",67% bullish,of 3 ratings,$42
HFBL,$22,1439929322835,9,Not yet rated,NULL,N/A
HMST,$21.65,1439929322864,"64,586",100% bullish,of 2 ratings,$27
HMIN,$29.56,1439929322894,"39,663",100% bearish,of 2 ratings,$35
HTBI,$18.49,1439929323001,"22,205",67% bullish,of 3 ratings,$18.625
AWAY,$31.32,1439929323042,"529,492",67% bullish,of 3 ratings,$36
CETC,$0.8402,1439929323107,"101,918",86% bullish,of 7 ratings,N/A
HKTV,$5.19,1439929323138,"2,426",100% bearish,of 1 rating,N/A
HOFT,$25.17,1439929323239,"10,968",100% bearish,of 1 rating,N/A
HFBC,$11.54,1439929323335,"4,062",Not yet rated,NULL,N/A
HRZN,$11.04,1439929323466,"38,649",100% bearish,of 1 rating,$14.25
ZINC,$7.94,1439929323493,"679,482",100% bearish,of 1 rating,$17
HDP,$25.99,1439929323627,"130,890",67% bearish,of 3 ratings,$30.50
HBNC,$24.87,1439929323693,"20,733",100% bullish,of 1 rating,$27
HMHC,$22.86,1439929323724,"366,739",Not yet rated,NULL,$27
HZNP,$31.74,1439929323755,"1,002,395",85% bullish,of 20 ratings,$40
HWCC,$7.36,1439929323940,"187,766",100% bearish,of 1 rating,$9
HOVNP,$5.51,1439929324076,"6,482",100% bearish,of 1 rating,N/A
HSNI,$63.19,1439929324213,"130,334",Not yet rated,NULL,$80
HUBG,$41.29,1439929324482,"75,246",100% bearish,of 1 rating,$43
HDSN,$3.1,1439929324515,"8,228",100% bullish,of 1 rating,$6.25
HCBK,$10.36,1439929324537,"618,766",83% bullish,of 6 ratings,$8.61
HSON,$3,1439929324568,"18,951",100% bearish,of 1 rating,$5
HBAN,$11.84,1439929324598,"4,478,534",76% bullish,of 17 ratings,$12.50
HTGM,$5.76,1439929324625,"16,213",100% bearish,of 1 rating,$19.50
HBANP,$1358,1439929324700,601,100% bearish,of 1 rating,N/A
HBMD,$14.6,1439929324759,304,100% bearish,of 1 rating,N/A
HBP,$3.23,1439929324899,"6,915",100% bullish,of 1 rating,N/A
HURN,$75.4,1439929324928,"59,038",50% bullish,of 2 ratings,$80
HDRA,NULL,1439929324985,0,Not yet rated,NULL,N/A
HURC,$30.87,1439929325065,"12,823",100% bearish,of 1 rating,N/A
HTCH,$1.66,1439929325221,"54,692",100% bearish,of 1 rating,$3.50
HDRAW,NULL,1439929325389,0,Not yet rated,NULL,N/A
HYGS,$7.74,1439929325454,"14,621",50% bullish,of 2 ratings,$13
HDRAU,NULL,1439929325521,0,Not yet rated,NULL,N/A
IDSY,$4.01,1439929325554,"4,300",100% bearish,of 1 rating,$7
HDRAR,NULL,1439929325590,0,Not yet rated,NULL,N/A
IACI,$74.19,1439929325657,"374,981",75% bullish,of 4 ratings,$90
IEP,$72.85,1439929325766,"51,612",75% bullish,of 4 ratings,$99
IKGH,$1.86,1439929325871,"46,564",75% bullish,of 4 ratings,N/A
ICAD,$3.61,1439929325930,"60,800",50% bullish,of 2 ratings,$7.25
IBKC,$63.34,1439929326017,"88,327",100% bullish,of 1 rating,$70
ICON,$13.17,1439929326088,"913,335",50% bullish,of 2 ratings,$18.50
ICFI,$35.45,1439929326157,"61,778",50% bullish,of 2 ratings,$48.50
ICLR,$80.73,1439929326229,"593,500",100% bearish,of 3 ratings,$85
ICUI,$121.14,1439929326397,"142,495",Not yet rated,NULL,$122
IPWR,$7.68,1439929326594,"9,744",100% bullish,of 1 rating,$15
IDRA,$2.62,1439929326623,"758,903",89% bullish,of 9 ratings,$6.50
IDXX,$78.4,1439929326680,"329,705",100% bearish,of 1 rating,$77
IRG,$4.47,1439929326894,"11,703",100% bearish,of 1 rating,$4.50
IIVI,$17.72,1439929327027,"149,343",100% bearish,of 1 rating,$22
DSKY,$12.38,1439929327119,"86,950",67% bullish,of 6 ratings,$11.50
IKAN,$2.73,1439929327177,"18,944",83% bullish,of 6 ratings,$5
IROQ,$16.6,1439929327237,"2,500",100% bullish,of 1 rating,N/A
INVE,$5.03,1439929327264,"142,201",75% bullish,of 4 ratings,$4
RXDX,$13.47,1439929327339,"124,873",100% bullish,of 1 rating,$20
IKNX,NULL,1439929327369,0,100% bearish,of 1 rating,N/A
ILMN,$207,1439929327469,"592,237",80% bullish,of 5 ratings,$240
KANG,$17.04,1439929327498,"81,823",50% bullish,of 2 ratings,$22.55
IMMR,$12.31,1439929327730,"76,690",80% bullish,of 5 ratings,$15.50
ISNS,$4.18,1439929327757,"17,985",50% bullish,of 2 ratings,N/A
IMDZ,$16.86,1439929327897,"62,352",100% bearish,of 1 rating,$33
ICCC,$8.39,1439929327982,"4,483",100% bullish,of 1 rating,N/A
IMNP,$1.54,1439929328055,"130,621",50% bullish,of 2 ratings,$6
SAAS,$8.01,1439929328187,"239,902",50% bullish,of 2 ratings,$15
IMGN,$13.54,1439929328320,"600,913",75% bullish,of 4 ratings,$17.50
IPXL,$46.88,1439929328391,"516,003",67% bullish,of 3 ratings,$46.50
INCR,$44.42,1439929328418,"485,341",50% bullish,of 2 ratings,$53
IMMU,$1.91,1439929328457,"559,299",86% bullish,of 7 ratings,$2
IMMY,$7.78,1439929328550,"4,326",100% bearish,of 1 rating,$11
INCY,$113.97,1439929328587,"1,231,872",50% bullish,of 6 ratings,$125.50
INDB,$48.25,1439929328721,"36,481",Not yet rated,NULL,$44
IBCP,$14.61,1439929328747,"40,764",100% bullish,of 1 rating,$14.50
IBTX,$43.06,1439929328814,"20,346",100% bullish,of 2 ratings,$47.25
IDSA,$3.74,1439929329182,"3,300",Not yet rated,NULL,N/A
III,$4.2,1439929329760,"59,852",57% bullish,of 7 ratings,$6
IPCC,$80.48,1439929329786,"29,377",Not yet rated,NULL,$77
INFN,$24.48,1439929329812,"1,000,657",71% bullish,of 7 ratings,$27.50
INFI,$9.38,1439929329848,"263,291",50% bullish,of 4 ratings,$18
INOD,$2.54,1439929329940,"10,752",100% bearish,of 1 rating,N/A
IFON,$1.36,1439929330158,"32,769",75% bullish,of 4 ratings,N/A
INNL,NULL,1439929330190,0,100% bearish,of 1 rating,$16.50
IMKTA,$54.315,1439929330226,"109,340",100% bearish,of 1 rating,N/A
IPHS,$50.11,1439929330254,"63,734",100% bearish,of 1 rating,$60
INWK,$7.76,1439929330297,"85,067",50% bullish,of 2 ratings,$10
ISSC,$2.99,1439929330509,"5,421",67% bearish,of 3 ratings,N/A
INOV,$21.57,1439929330645,"295,896",100% bearish,of 1 rating,$33
IOSP,$46.74,1439929330731,"93,284",100% bearish,of 1 rating,N/A
ITEK,$15.8101,1439929330790,"644,102",67% bearish,of 3 ratings,$20
INGN,$50.28,1439929330872,"126,945",100% bearish,of 1 rating,$50.50
INO,$7.44,1439929331021,"623,540",89% bullish,of 18 ratings,$20
NSIT,$26.35,1439929331080,"86,443",50% bullish,of 2 ratings,N/A
ISIG,$2.58,1439929331126,"5,500",100% bearish,of 1 rating,N/A
IIIN,$17.71,1439929331159,"16,055",100% bearish,of 2 ratings,N/A
INSM,$27.43,1439929331188,"186,653",71% bullish,of 7 ratings,$32
NTEC,$6.09,1439929331379,"2,952",Not yet rated,NULL,N/A
INSY,$34.86,1439929331511,"378,698",75% bullish,of 4 ratings,$48
IART,$62.81,1439929331554,"93,669",100% bearish,of 1 rating,$71.50
IDTI,$18.04,1439929331649,"6,469,182",60% bullish,of 5 ratings,$25
ISSI,$22.34,1439929331726,"73,935",67% bullish,of 3 ratings,$19.75
IESC,$7.37,1439929331809,"13,530",100% bearish,of 1 rating,N/A
PODD,$30.62,1439929331894,"288,292",50% bullish,of 2 ratings,$35
INTC,$29.07,1439929332057,"11,837,769",82% bullish,of 238 ratings,$36
IQNT,$21.4,1439929332135,"1,396,994",86% bullish,of 7 ratings,$20
IPAR,$28.83,1439929332198,"83,251",67% bullish,of 3 ratings,$38
ININ,$39.99,1439929332267,"37,808",67% bearish,of 3 ratings,$57
IPCI,$2.19,1439929332332,"28,691",67% bullish,of 6 ratings,$7.75
ICLD,$1.86,1439929332398,"182,803",75% bullish,of 4 ratings,N/A
IBKR,$42.38,1439929332544,"187,159",100% bullish,of 1 rating,N/A
IDCC,$49.7,1439929332593,"152,372",80% bullish,of 5 ratings,$63
ICLDW,NULL,1439929332618,0,100% bearish,of 1 rating,N/A
ICPT,$211.22,1439929332644,"120,854",70% bullish,of 10 ratings,$363
IIJI,NULL,1439929333119,0,50% bullish,of 2 ratings,$11.50
INAP,$8.75,1439929333171,"124,494",75% bullish,of 4 ratings,$11
ISCA,$33.85,1439929333202,"79,449",100% bearish,of 1 rating,N/A
TILE,$26.13,1439929333251,"305,005",67% bearish,of 3 ratings,$27
IBOC,$27.52,1439929333303,"61,461",100% bearish,of 1 rating,N/A
IMI,$2.07,1439929333383,300,67% bullish,of 3 ratings,$2.22
PTNT,$3.09,1439929333408,575,Not yet rated,NULL,N/A
IGLD,$7.85,1439929333434,"3,085",50% bullish,of 2 ratings,N/A
INTX,$2.56,1439929333610,"26,512",67% bullish,of 3 ratings,N/A
XENT,$29.92,1439929333637,"158,920",50% bullish,of 2 ratings,$36.50
INTL,$28.42,1439929333901,"73,894",67% bearish,of 3 ratings,N/A
IILG,$21.47,1439929334036,"68,143",100% bearish,of 1 rating,$30.50
INPH,$0.35,1439929334094,"18,156",50% bullish,of 2 ratings,N/A
INTLL,$25.87,1439929334174,"15,128",Not yet rated,NULL,N/A
IVAC,$4.99,1439929334226,"13,630",Not yet rated,NULL,$6.625
ISIL,$10.8,1439929334306,"513,222",50% bullish,of 6 ratings,$15
ITCI,$30.23,1439929334336,"215,928",75% bearish,of 4 ratings,$40
INTU,$105.72,1439929334435,"539,408",100% bullish,of 7 ratings,$107.50
IIN,$6.47,1439929334462,110,100% bearish,of 1 rating,$12
ISRG,$529.7,1439929334595,"77,995",67% bullish,of 3 ratings,$600
ISBC,$12.3,1439929334736,"1,563,235",100% bullish,of 1 rating,$13.25
ITIC,$71.99,1439929334837,200,100% bearish,of 2 ratings,N/A
INVT,$0.2899,1439929334942,"80,832",67% bullish,of 3 ratings,N/A
SNAK,$8.75,1439929335003,"56,664",50% bullish,of 2 ratings,$14
ISTR,$15.75,1439929335081,"1,102",100% bearish,of 1 rating,$18.50
NVIV,$11.66,1439929335149,"193,193",50% bullish,of 4 ratings,$24.50
IVTY,$11.38,1439929335217,"17,432",Not yet rated,NULL,$18
DTUL,$64.46,1439929335350,300,Not yet rated,NULL,N/A
IPAS,$1.06,1439929335422,"27,886",67% bullish,of 3 ratings,N/A
IPCM,$79.56,1439929335451,"86,034",50% bullish,of 2 ratings,$80.125
DFVL,$65.55,1439929335614,"2,000",Not yet rated,NULL,N/A
IRMD,$26.28,1439929335770,"8,099",67% bearish,of 3 ratings,$25
IRDMB,$270,1439929335796,550,67% bearish,of 3 ratings,N/A
IPGP,$91.27,1439929335825,"132,441",100% bearish,of 2 ratings,$109.50
IRIX,$7.05,1439929335986,"6,956",100% bearish,of 1 rating,N/A
IRDM,$6.85,1439929336045,"212,456",60% bullish,of 5 ratings,$11.50
IRWD,$11.6,1439929336071,"585,068",100% bearish,of 1 rating,$13
IRBT,$31.21,1439929336115,"135,925",67% bullish,of 6 ratings,$37
COMT,$33.6,1439929336202,"8,476",100% bearish,of 1 rating,N/A
IRCP,$35,1439929336228,"2,608",100% bullish,of 2 ratings,N/A
GNMA,$50.1,1439929336362,"3,810",Not yet rated,NULL,N/A
IFEU,$40.0701,1439929336466,"1,399",Not yet rated,NULL,N/A
IFAS,NULL,1439929336601,0,Not yet rated,NULL,N/A
IFGL,$30.06,1439929336661,"100,752",Not yet rated,NULL,N/A
FCHI,$49.6,1439929336689,"3,661",Not yet rated,NULL,N/A
IFNA,$55.96,1439929336710,"1,500",Not yet rated,NULL,N/A
ACWI,$59.03,1439929337126,"326,951",Not yet rated,NULL,N/A
EMDI,NULL,1439929337190,0,Not yet rated,NULL,N/A
EEME,$39,1439929337243,32,100% bearish,of 1 rating,N/A
ACWX,$42.9,1439929337265,"192,838",100% bearish,of 1 rating,N/A
AAXJ,$55.67,1439929337300,"755,795",Not yet rated,NULL,N/A
AXJS,$52.38,1439929337346,128,Not yet rated,NULL,N/A
AAIT,$30.54,1439929337402,"2,999",100% bullish,of 1 rating,N/A
EEMA,$52.485,1439929337476,"31,290",Not yet rated,NULL,N/A
EMEY,NULL,1439929337619,0,Not yet rated,NULL,N/A
EGRW,$48.8812,1439929337680,512,Not yet rated,NULL,N/A
EEML,$28.75,1439929337707,178,Not yet rated,NULL,N/A
EVAL,$36.85,1439929337785,"220,260",Not yet rated,NULL,N/A
IEUS,$47.17,1439929337921,"6,704",100% bearish,of 1 rating,N/A
UAE,$18.51,1439929338023,"1,100",Not yet rated,NULL,N/A
EMIF,$30.01,1439929338158,"5,162",Not yet rated,NULL,N/A
ICLN,$10.24,1439929338235,"10,460",50% bullish,of 2 ratings,N/A
EUFN,$23.16,1439929338292,"142,246",100% bearish,of 1 rating,N/A
SOXX,$84.66,1439929338341,"169,990",50% bullish,of 2 ratings,N/A
QAT,$21.99,1439929338423,200,Not yet rated,NULL,N/A
IBB,$368.28,1439929338480,"332,435",63% bullish,of 8 ratings,N/A
WOOD,$51.54,1439929338627,"11,464",50% bullish,of 2 ratings,N/A
ISHG,$78.57,1439929338657,"5,394",100% bearish,of 1 rating,N/A
IGOV,$89.96,1439929338683,"23,279",100% bearish,of 1 rating,N/A
INDY,$29.54,1439929338722,"124,324",100% bullish,of 1 rating,N/A
ISIS,$51.33,1439929338904,"639,831",53% bullish,of 15 ratings,$67
ISLE,$19.19,1439929339064,"191,986",50% bullish,of 4 ratings,$16
ITRI,$33.78,1439929339120,"269,345",Not yet rated,NULL,$37
ITRN,$25.53,1439929339200,"1,426",50% bullish,of 2 ratings,N/A
ISRL,$138,1439929339279,278,100% bearish,of 1 rating,N/A
ITUS,$4.31,1439929339362,"2,466",Not yet rated,NULL,N/A
XXIA,$15.62,1439929339388,"258,549",71% bullish,of 7 ratings,$14.625
IXYS,$10.83,1439929339520,"127,539",50% bullish,of 4 ratings,N/A
JBHT,$79.95,1439929339603,"476,310",50% bullish,of 4 ratings,$89.50
JCOM,$73.06,1439929339665,"126,558",100% bullish,of 2 ratings,$77
JJSF,$118.8,1439929339738,"31,025",100% bearish,of 1 rating,N/A
MAYS,$57.05,1439929339797,"2,165",Not yet rated,NULL,N/A
JACK,$85.94,1439929339933,"428,635",83% bullish,of 6 ratings,$105
JASO,$8.3,1439929339960,"651,732",82% bullish,of 17 ratings,$10
JKHY,$71.59,1439929340091,"63,698",50% bullish,of 2 ratings,$72
JAGX,$2.93,1439929340181,"3,800",Not yet rated,NULL,N/A
JXSB,$24.21,1439929340246,200,Not yet rated,NULL,N/A
JAXB,$12.94,1439929340284,"13,000",100% bullish,of 1 rating,N/A
JAKK,$9.61,1439929340421,"211,449",60% bearish,of 5 ratings,$10.50
JRVR,$26.9,1439929340484,"11,699",Not yet rated,NULL,$27
JMBA,$13.78,1439929340695,"418,357",75% bullish,of 4 ratings,$18
JASN,$5.18,1439929340722,"18,584",50% bullish,of 2 ratings,$9.50
ERW,NULL,1439929340743,0,Not yet rated,NULL,N/A
JAZZ,$187.66,1439929340777,"164,630",80% bullish,of 15 ratings,$206.50
JASNW,NULL,1439929340977,0,50% bullish,of 2 ratings,N/A
JD,$26.62,1439929341037,"4,341,051",75% bullish,of 16 ratings,$36
JBLU,$24.04,1439929341078,"4,292,940",94% bullish,of 16 ratings,$27
JST,$4.35,1439929341338,"10,829",75% bullish,of 4 ratings,N/A
JCTCF,$9.54,1439929341391,40,100% bullish,of 1 rating,N/A
DATE,$6.49,1439929341471,"137,591",75% bullish,of 4 ratings,$9
WYIGU,$10.02,1439929341505,997,Not yet rated,NULL,N/A
JOEZ,$0.189,1439929341532,"128,218",92% bullish,of 12 ratings,N/A
JTPY,$2.96,1439929341605,200,100% bearish,of 1 rating,N/A
JIVE,$4.08,1439929341674,"579,283",75% bullish,of 4 ratings,$5
JOUT,$26.95,1439929341705,"11,158",100% bearish,of 1 rating,$34
JNP,$9.88,1439929341955,"9,860",100% bullish,of 3 ratings,$15
KBIO,$1.97,1439929342231,"117,878",50% bullish,of 4 ratings,N/A
JBSS,$48.23,1439929342271,"38,739",67% bearish,of 3 ratings,N/A
JUNO,$41.4999,1439929342334,"1,345,477",73% bullish,of 11 ratings,$71.50
KCLI,$47.74,1439929342405,"16,720",Not yet rated,NULL,N/A
KNDI,$7.7,1439929342436,"606,410",86% bullish,of 22 ratings,N/A
KALU,$85.42,1439929342458,"70,757",67% bearish,of 3 ratings,$91
KTWO,$22.12,1439929342492,"134,946",100% bearish,of 1 rating,$28.50
KMDA,$3.86,1439929342543,"15,221",50% bullish,of 2 ratings,$8
KBSF,$3.67,1439929342623,"4,000",100% bullish,of 1 rating,N/A
KRNY,$11.78,1439929342864,"380,688",100% bearish,of 1 rating,$12
KELYA,$14.91,1439929342891,"56,159",67% bullish,of 6 ratings,$20
KCAP,$4.82,1439929342917,"103,434",75% bullish,of 4 ratings,$6.75
