Symbol,Price,Date,Volume,Rating,RatingVoteCount,OneYearEstimate
FCCY,$11.72,1440699302937,310,100% bullish,of 1 rating,$13
FLWS,$8.41,1440699302975,"742,684",80% bullish,of 5 ratings,$15
TFSCW,NULL,1440699302996,0,100% bearish,of 1 rating,N/A
TFSC,NULL,1440699303018,0,100% bearish,of 1 rating,N/A
TFSCR,NULL,1440699303051,0,Not yet rated,NULL,N/A
FCTY,NULL,1440699303072,0,100% bullish,of 1 rating,$8.50
TFSCU,NULL,1440699303101,0,Not yet rated,NULL,N/A
PIH,$7.56,1440699303123,"7,700",100% bearish,of 1 rating,N/A
DSLV,$71.7028,1440699303345,"14,779",100% bearish,of 1 rating,N/A
DGLD,$83.65,1440699303373,"21,609",100% bullish,of 1 rating,N/A
USLV,$12.02,1440699303407,"288,822",86% bullish,of 7 ratings,N/A
SRCE,$29.5,1440699303440,"17,877",100% bullish,of 3 ratings,$33
VNET,$18.07,1440699303475,"680,588",60% bullish,of 5 ratings,$29.50
UGLD,$9.0299,1440699303507,"923,905",100% bearish,of 1 rating,N/A
TWOU,$35.05,1440699303533,"103,749",50% bullish,of 2 ratings,$39
JOBS,$27.38,1440699303583,"330,051",50% bullish,of 4 ratings,$36
SIXD,$2.85,1440699303969,"152,491",Not yet rated,NULL,N/A
AVHI,$14.09,1440699304020,"64,304",100% bearish,of 1 rating,$19
EGHT,$7.83,1440699304043,"189,442",82% bullish,of 17 ratings,$11
SHLM,$34.26,1440699304075,"39,054",100% bearish,of 1 rating,$47
CAFD,$14.69,1440699304104,"136,770",Not yet rated,NULL,$25
AAON,$20.54,1440699304172,"34,898",100% bearish,of 1 rating,$24
ABAX,$47.27,1440699304198,"62,124",100% bearish,of 1 rating,$60
ABGB,$5.83,1440699304333,"192,194",67% bullish,of 3 ratings,$5.50
ABY,$21.77,1440699304365,"219,823",100% bearish,of 2 ratings,$46
ABEO,$4.7,1440699304386,"41,065",50% bullish,of 4 ratings,$15.50
ABEOW,$1.655,1440699304426,"1,761",100% bullish,of 1 rating,N/A
ABMD,$98.51,1440699304519,"216,103",75% bullish,of 4 ratings,$100.50
AXAS,$1.8,1440699304548,"697,387",78% bullish,of 9 ratings,$3.50
ACHC,$74.1,1440699304580,"375,706",50% bullish,of 2 ratings,$92
ACTG,$9.21,1440699304685,"86,833",67% bullish,of 3 ratings,$18.50
ACAD,$37.62,1440699304826,"495,122",80% bullish,of 20 ratings,$48
XLRN,$28.46,1440699304922,"69,758",50% bullish,of 2 ratings,$57
ACST,$0.3351,1440699305008,"36,540",100% bullish,of 2 ratings,N/A
AXDX,$18.317,1440699305073,"78,714",100% bearish,of 1 rating,N/A
VXDN,$2.04,1440699305103,"51,600",100% bearish,of 1 rating,N/A
VXUP,$1.44,1440699305130,"41,227",100% bearish,of 1 rating,N/A
ARAY,$6.54,1440699305155,"481,951",100% bearish,of 1 rating,$10.50
ANCX,$19.81,1440699305208,"10,204",Not yet rated,NULL,$20
ACRX,$4.29,1440699305339,"131,370",67% bearish,of 6 ratings,$5.50
ACHN,$7.56,1440699305472,"776,476",90% bullish,of 21 ratings,$16
AKAO,$6.64,1440699305498,"31,701",75% bullish,of 4 ratings,$15
ACET,$22.42,1440699305534,"82,291",75% bullish,of 4 ratings,$30
ACIW,$20.93,1440699305572,"238,558",67% bearish,of 3 ratings,$24
ACNB,$20.2,1440699305634,726,Not yet rated,NULL,N/A
ACOR,$30.77,1440699305767,"358,548",67% bearish,of 3 ratings,$38.50
ATVI,$27.97,1440699305818,"2,553,958",68% bullish,of 84 ratings,$31.50
ACTS,$1.63,1440699305893,"44,841",100% bearish,of 1 rating,N/A
ACPW,$1.8215,1440699305928,"12,206",100% bullish,of 4 ratings,$3.50
ACUR,$0.5661,1440699305995,"62,578",100% bullish,of 5 ratings,$1
ACTA,$13.01,1440699306025,"60,563",67% bearish,of 3 ratings,$25
ACXM,$20.86,1440699306051,"134,361",67% bullish,of 3 ratings,N/A
ADMS,$19.98,1440699306077,"34,650",100% bearish,of 2 ratings,$36
ADMP,$3.75,1440699306259,"10,339",50% bullish,of 2 ratings,$10
ADAP,$11.49,1440699306334,"30,510",67% bullish,of 3 ratings,$22
ADUS,$29.0836,1440699306475,"20,594",100% bearish,of 1 rating,$31
ADBE,$78.93,1440699306500,"1,417,198",65% bullish,of 17 ratings,$90
ADEP,$6.75,1440699306527,"15,887",50% bullish,of 2 ratings,$10.75
ADMA,$9.33,1440699306555,"2,390",Not yet rated,NULL,$19
AEY,$2.3511,1440699306576,"4,549",100% bearish,of 2 ratings,N/A
ADTN,$15.66,1440699306706,"111,957",67% bullish,of 3 ratings,$17.125
ADRO,$21.89,1440699306743,"123,887",80% bullish,of 5 ratings,$45.50
AEIS,$24.73,1440699306837,"52,144",50% bullish,of 2 ratings,$32.50
AMD,$1.8,1440699306863,"3,980,441",83% bullish,of 103 ratings,$2
MULT,NULL,1440699306995,0,100% bearish,of 1 rating,N/A
ADXS,$15.01,1440699307021,"492,504",64% bullish,of 14 ratings,$27
ADXSW,$10.44,1440699307046,"6,250",100% bullish,of 1 rating,N/A
YPRO,NULL,1440699307094,0,100% bearish,of 1 rating,N/A
AEGR,$17.59,1440699307189,"226,773",50% bullish,of 6 ratings,$26
AEHR,$2.2501,1440699307326,"1,950",50% bullish,of 2 ratings,N/A
AEGN,$18.21,1440699307360,"50,291",100% bearish,of 2 ratings,$21
AMTX,$2.6448,1440699307466,"22,086",50% bullish,of 2 ratings,$26.11
AVAV,$23.98,1440699307499,"34,116",50% bullish,of 4 ratings,$31
AERI,$16.35,1440699307527,"302,730",75% bullish,of 4 ratings,$31.50
AEPI,$54.82,1440699307561,"6,188",100% bearish,of 1 rating,N/A
AEZS,$0.0828,1440699307586,"5,914,055",90% bullish,of 21 ratings,$1.50
AEMD,$7,1440699307798,"73,157",Not yet rated,NULL,$27.50
AFMD,$10.15,1440699307889,"66,843",50% bullish,of 4 ratings,$15
AFFX,$9.58,1440699307987,"214,227",80% bullish,of 5 ratings,$12
AGEN,$6.87,1440699308047,"373,324",85% bullish,of 13 ratings,$14
AGYS,$9.65,1440699308074,"7,992",100% bearish,of 1 rating,N/A
AGIO,$89.812,1440699308095,"208,850",88% bullish,of 8 ratings,$114
AGFS,$10.17,1440699308236,"20,334",100% bearish,of 1 rating,N/A
AGRX,$8.4,1440699308262,"6,264",100% bearish,of 1 rating,$17.50
AGFSW,$2.12,1440699308287,"15,800",100% bearish,of 2 ratings,N/A
AIMT,$22.6,1440699308319,"26,263",Not yet rated,NULL,N/A
AIRM,$36.83,1440699308413,"94,401",80% bearish,of 5 ratings,$53
ATSG,$8.88,1440699308563,"52,572",67% bullish,of 3 ratings,$13
AMCN,$4.59,1440699308589,"359,607",83% bullish,of 6 ratings,N/A
AIRT,$21.49,1440699308611,200,100% bullish,of 1 rating,N/A
AKAM,$70.68,1440699308749,"592,848",63% bullish,of 8 ratings,$77
AIXG,$6.1,1440699308774,"18,353",67% bearish,of 3 ratings,$5.25
AKBA,$6.37,1440699308904,"71,505",100% bearish,of 1 rating,$18
AKER,$2.8395,1440699308993,"3,542",Not yet rated,NULL,N/A
ALSK,$2.01,1440699309020,"140,994",78% bullish,of 18 ratings,$2
AKRX,$41.23,1440699309041,"411,142",78% bullish,of 9 ratings,$56
ALRM,$16.87,1440699309168,"43,293",100% bearish,of 1 rating,$22
AMRI,$19.8,1440699309218,"57,888",75% bearish,of 4 ratings,$24
ADHD,$7.68,1440699309248,"120,018",50% bullish,of 4 ratings,$18
ABDC,$12.1,1440699309274,"17,032",Not yet rated,NULL,$15
ALXN,$177.91,1440699309443,"532,843",88% bullish,of 8 ratings,$223
ALDR,$38.45,1440699309487,"139,899",67% bearish,of 3 ratings,$62
ALDX,$6.61,1440699309512,"6,860",100% bearish,of 1 rating,$14.50
ALXA,$1.19,1440699309655,"16,926",83% bullish,of 6 ratings,$2.125
ALGN,$56.85,1440699309787,"129,616",100% bearish,of 2 ratings,$73
ALIM,$3.35,1440699309836,"32,676",80% bullish,of 5 ratings,$10
ALCO,$42.12,1440699309865,"1,534",50% bullish,of 2 ratings,N/A
ALKS,$60.79,1440699309968,"202,333",67% bullish,of 3 ratings,$75
ALLB,$22.79,1440699310004,100,Not yet rated,NULL,N/A
ALGT,$209.34,1440699310034,"106,421",100% bearish,of 2 ratings,$235
AFOP,$18.79,1440699310135,"89,737",75% bullish,of 8 ratings,$21
AIQ,$13.69,1440699310337,"4,100",67% bullish,of 3 ratings,N/A
AHGP,$36.25,1440699310375,"104,026",67% bullish,of 3 ratings,N/A
AHPI,NULL,1440699310425,0,50% bullish,of 2 ratings,N/A
AMOT,$18.72,1440699310451,"47,993",100% bearish,of 1 rating,N/A
ARLP,$24.76,1440699310473,"181,001",67% bearish,of 3 ratings,$32
ALLT,$5.03,1440699310670,"42,509",75% bullish,of 4 ratings,$6.25
ALQA,$4.36,1440699310720,"4,550",75% bullish,of 4 ratings,$8.50
MDRX,$13.69,1440699310772,"593,078",60% bullish,of 5 ratings,$16
ALNY,$105.16,1440699310904,"204,562",67% bullish,of 3 ratings,$148.50
SMCP,NULL,1440699310932,0,Not yet rated,NULL,N/A
AOSL,$7.22,1440699310958,"29,353",67% bullish,of 3 ratings,$9
AFAM,$45.74,1440699310983,"29,432",50% bullish,of 2 ratings,$44
ATEC,$0.5748,1440699311115,"39,380",100% bullish,of 1 rating,$2
ALTR,$48.66,1440699311141,"1,197,166",80% bearish,of 5 ratings,$54
ASPS,$25.8,1440699311275,"107,652",67% bullish,of 3 ratings,$46.50
AMAG,$66.17,1440699311310,"191,730",100% bullish,of 2 ratings,$77.50
AIMC,$24.68,1440699311349,"19,096",100% bearish,of 2 ratings,$28.50
AMRN,$2.11,1440699311408,"1,282,495",85% bullish,of 39 ratings,$8
AMRK,NULL,1440699311436,0,50% bullish,of 2 ratings,$14
AMZN,$516.05,1440699311539,"1,952,385",81% bullish,of 264 ratings,$646
AYA,$20.86,1440699311576,"27,554",100% bearish,of 1 rating,$40
AMBCW,$7.6326,1440699311708,"5,880",100% bearish,of 1 rating,N/A
AMBA,$91.682,1440699311739,"1,379,370",83% bullish,of 12 ratings,$102.50
AMBC,$16.07,1440699311765,"120,603",100% bearish,of 1 rating,$16.50
AMCX,$72.67,1440699311796,"357,473",67% bullish,of 3 ratings,$87.50
EPAX,$2.7,1440699311897,"8,592",100% bearish,of 1 rating,N/A
DOX,$58.06,1440699311971,"189,885",67% bearish,of 3 ratings,$60
AMDA,$0.4821,1440699312029,"623,817",90% bullish,of 10 ratings,$1
ASBI,$22.5,1440699312196,"3,400",Not yet rated,NULL,N/A
ATAX,$5.1758,1440699312222,"40,925",100% bullish,of 1 rating,$6.50
AMED,$39.27,1440699312274,"90,131",100% bearish,of 1 rating,$42
UHAL,$376.04,1440699312303,"6,399",100% bullish,of 2 ratings,$393.50
AMOV,$18.305,1440699312407,"2,545",100% bearish,of 1 rating,N/A
AAL,$39.3299,1440699312442,"5,707,221",93% bullish,of 88 ratings,$57
AGNCP,$25.2351,1440699312652,"3,800",Not yet rated,NULL,N/A
AGNCB,$24.3191,1440699312674,"13,340",Not yet rated,NULL,N/A
AGNC,$19.63,1440699312707,"1,402,420",71% bullish,of 28 ratings,$22
MTGE,$15.66,1440699312728,"164,868",75% bullish,of 4 ratings,$19.50
MTGEP,$24.5,1440699312761,631,Not yet rated,NULL,N/A
ACAS,$13.66,1440699312860,"1,043,460",60% bullish,of 5 ratings,$16.75
ACSF,$12.07,1440699312935,"33,254",100% bearish,of 1 rating,$15
AETI,$3.81,1440699313084,"8,369",67% bearish,of 3 ratings,N/A
ANCI,$1.52,1440699313112,350,100% bearish,of 1 rating,N/A
APEI,$22.05,1440699313311,"35,347",100% bearish,of 1 rating,$25.50
AMIC,$9.62,1440699313341,200,Not yet rated,NULL,N/A
AMNB,$23,1440699313367,"4,374",Not yet rated,NULL,$25.50
AMRB,$9.8101,1440699313395,"1,379",Not yet rated,NULL,$11
ANAT,$101.58,1440699313423,"7,553",100% bullish,of 1 rating,N/A
ARII,$39.16,1440699313454,"263,943",67% bearish,of 3 ratings,$45
ASEI,$37.56,1440699313549,"19,026",100% bearish,of 1 rating,$52.50
AMSC,$4.37,1440699313585,"158,810",50% bullish,of 4 ratings,N/A
AMSWA,$8.46,1440699313735,"20,101",100% bearish,of 2 ratings,$10.75
CRMT,$36.37,1440699313903,"16,566",100% bearish,of 1 rating,$39
AMSF,$47.07,1440699313998,"26,259",Not yet rated,NULL,$57.50
ASRV,$3.29,1440699314034,600,100% bullish,of 2 ratings,N/A
ABCB,$27,1440699314067,"35,950",Not yet rated,NULL,$31
AMWD,$66.56,1440699314101,"47,624",50% bullish,of 2 ratings,$70
AMGN,$154.41,1440699314194,"1,504,305",89% bullish,of 19 ratings,$185
ASRVP,NULL,1440699314220,0,Not yet rated,NULL,N/A
ATLO,$23.8,1440699314246,"2,696",Not yet rated,NULL,N/A
AMPH,$13.76,1440699314382,"80,603",50% bullish,of 2 ratings,$20
FOLD,$14.79,1440699314413,"448,896",56% bullish,of 9 ratings,$21
AMKR,$5.04,1440699314445,"669,688",100% bearish,of 2 ratings,$5
AMSG,$80.4,1440699314549,"114,937",100% bearish,of 1 rating,$85.50
AMSGP,$141.83,1440699314579,12,Not yet rated,NULL,N/A
AFSI,$59.33,1440699314683,"171,035",60% bullish,of 5 ratings,$72
ASYS,$5.42,1440699314730,"34,583",67% bullish,of 3 ratings,$12
ANAC,$133.1108,1440699314887,"197,419",80% bullish,of 5 ratings,$180.50
ANAD,$0.3326,1440699314916,"205,526",100% bullish,of 2 ratings,$.50
AMRS,$1.69,1440699314942,"40,318",70% bullish,of 10 ratings,N/A
ADI,$56.31,1440699315080,"1,427,690",67% bullish,of 3 ratings,$69
AMCF,$0.2441,1440699315110,800,100% bullish,of 7 ratings,N/A
ANCB,$22.1,1440699315133,"1,100",Not yet rated,NULL,$23
ALOG,$79.15,1440699315159,"33,420",100% bearish,of 2 ratings,$100.50
ABCW,$40.2,1440699315189,"5,546",67% bullish,of 3 ratings,N/A
ANIP,$50.29,1440699315290,"85,109",89% bullish,of 19 ratings,$66
ANGI,$4.96,1440699315350,"184,870",64% bullish,of 11 ratings,$5.50
ANGO,$14.692,1440699315549,"82,457",67% bullish,of 3 ratings,$19
ANIK,$35.09,1440699315598,"50,975",60% bullish,of 5 ratings,$51.25
ATRS,$1.6821,1440699315630,"286,237",92% bullish,of 12 ratings,$4.50
ANSS,$89.65,1440699315768,"136,389",100% bearish,of 1 rating,$100
ABAC,$0.78,1440699315794,"8,027",100% bearish,of 1 rating,N/A
ANTH,$7.38,1440699315833,"330,999",80% bullish,of 10 ratings,$13
APOG,$50.33,1440699315859,"57,601",50% bullish,of 2 ratings,$67
APIC,$7.45,1440699315887,"91,892",100% bearish,of 1 rating,$19
ATNY,$2.34,1440699316019,"1,500",50% bullish,of 2 ratings,$3.75
APOL,$11.2,1440699316083,"483,731",87% bearish,of 68 ratings,$14
AINV,$6.6,1440699316188,"483,836",50% bullish,of 4 ratings,$8
APPF,$17.14,1440699316216,"39,470",50% bullish,of 2 ratings,$22
ARCI,NULL,1440699316248,0,Not yet rated,NULL,N/A
AAPL,$112.63,1440699316278,"30,340,260",86% bullish,of 2350 ratings,$150
APDN,$3.4599,1440699316375,"26,622",Not yet rated,NULL,$9
APDNW,$1.24,1440699316420,"5,200",Not yet rated,NULL,N/A
AGTC,$15.65,1440699316559,"52,537",50% bullish,of 2 ratings,$33
AMCC,$5.67,1440699316665,"205,287",80% bullish,of 5 ratings,$8
AMAT,$15.96,1440699316693,"6,796,108",82% bullish,of 11 ratings,$23
APRI,$1.22,1440699316726,"8,161",83% bullish,of 6 ratings,$4.86
AAOI,$20.23,1440699316747,"146,725",50% bullish,of 4 ratings,$26
AREX,$2.11,1440699316778,"545,714",100% bearish,of 1 rating,$3
APTO,$5.13,1440699316824,"8,801",Not yet rated,NULL,$17
AQXP,$17.8,1440699317071,"274,940",50% bullish,of 2 ratings,$2
AUMA,NULL,1440699317102,0,Not yet rated,NULL,N/A
AUMAW,NULL,1440699317127,0,Not yet rated,NULL,N/A
AQMS,$4.98,1440699317152,"7,410",Not yet rated,NULL,N/A
AUMAU,$9.95,1440699317203,"7,208",Not yet rated,NULL,N/A
ARDM,NULL,1440699317350,0,100% bullish,of 1 rating,$26
PETX,$17.49,1440699317429,"96,395",100% bearish,of 2 ratings,$26
ABIO,$0.8704,1440699317525,"67,294",50% bullish,of 2 ratings,$3.75
ARCW,$3.665,1440699317576,"8,035",100% bearish,of 2 ratings,$10.50
ARCB,$29.13,1440699317603,"71,570",67% bearish,of 3 ratings,$39.50
RKDA,$6.2,1440699317626,"12,564",100% bearish,of 2 ratings,$10
ABUS,$7.16,1440699317654,"216,202",86% bullish,of 14 ratings,$23
ACGL,$68.54,1440699317681,"140,235",50% bullish,of 2 ratings,$72
ACAT,$25.95,1440699317905,"61,904",100% bearish,of 3 ratings,$33
ARDX,$17.71,1440699317931,"66,746",50% bullish,of 2 ratings,$24.50
AGII,$55.41,1440699318078,"61,721",Not yet rated,NULL,$59.50
ARCC,$15.37,1440699318152,"764,405",67% bearish,of 3 ratings,$17.875
ARNA,$2.64,1440699318210,"1,658,430",90% bullish,of 77 ratings,$5.50
ARIS,$4.06,1440699318342,"48,529",Not yet rated,NULL,$4.50
AGIIL,$25.65,1440699318374,"1,487",Not yet rated,NULL,N/A
ARKR,$24.9,1440699318413,2,50% bullish,of 2 ratings,N/A
ARIA,$6.86,1440699318478,"1,210,427",87% bullish,of 46 ratings,$9
ARGS,$6.2,1440699318515,"24,028",50% bullish,of 2 ratings,$19.50
ARWA,NULL,1440699318609,0,Not yet rated,NULL,N/A
ARTX,$1.48,1440699318639,"45,507",88% bullish,of 16 ratings,$4.50
ARMH,$42.69,1440699318666,"1,522,022",54% bearish,of 13 ratings,$61
ARWAR,NULL,1440699318739,0,Not yet rated,NULL,N/A
ARWAU,NULL,1440699318798,0,100% bullish,of 1 rating,N/A
ARWAW,$0.125,1440699318966,"4,805",Not yet rated,NULL,N/A
ARRY,$5.83,1440699319069,"570,985",100% bullish,of 7 ratings,$10
ARQL,$1.75,1440699319133,"84,947",75% bullish,of 4 ratings,$5
ARRS,$26.3,1440699319198,"283,683",50% bullish,of 2 ratings,$38
DWAT,$9.9,1440699319303,"2,800",100% bearish,of 1 rating,N/A
AROW,$27.09,1440699319495,"5,185",Not yet rated,NULL,N/A
ARWR,$5.64,1440699319520,"353,153",75% bullish,of 4 ratings,$10.50
ARTNA,$22.03,1440699319548,"12,443",100% bearish,of 1 rating,$29
ASND,$20.5,1440699319712,"40,978",100% bullish,of 1 rating,$30
ASBB,$24.28,1440699319743,100,Not yet rated,NULL,N/A
ARTW,$4.33,1440699319771,593,75% bearish,of 4 ratings,N/A
ASNA,$11.65,1440699319797,"747,273",50% bullish,of 2 ratings,$18
ASCMA,$26.78,1440699319844,"43,736",100% bearish,of 1 rating,$45
ASTI,$0.1146,1440699320088,"1,278,401",83% bullish,of 6 ratings,$3
ASMI,NULL,1440699320111,0,NULL,NULL,NULL
APWC,$1.6,1440699320195,"6,462",100% bearish,of 1 rating,N/A
AZPN,$37.79,1440699320257,"215,482",50% bullish,of 2 ratings,$42
ASML,$91.44,1440699320324,"624,394",50% bullish,of 4 ratings,$127
ASMB,$13.12,1440699320350,"26,727",67% bullish,of 3 ratings,N/A
ASFI,$8.92,1440699320371,"3,034",100% bullish,of 1 rating,N/A
ASTE,$36.91,1440699320555,"44,004",100% bearish,of 1 rating,$48
ASUR,$6,1440699320685,"12,050",50% bullish,of 2 ratings,$8
ALOT,NULL,1440699320711,0,100% bearish,of 1 rating,N/A
ASTC,$1.97,1440699320733,"11,940",100% bullish,of 5 ratings,N/A
ATRO,$53.02,1440699320762,"72,165",100% bearish,of 2 ratings,$80
ATHN,$134.06,1440699320953,"112,993",67% bearish,of 3 ratings,$153
ATRA,$38.12,1440699320982,"66,592",50% bullish,of 2 ratings,$68
ATAI,$2.42,1440699321090,"2,022",100% bearish,of 1 rating,N/A
AFCB,$27.3,1440699321119,200,Not yet rated,NULL,N/A
AAME,$3.5899,1440699321223,998,Not yet rated,NULL,N/A
ATHX,$1.13,1440699321249,"100,545",89% bullish,of 9 ratings,$5
AAPC,$10.1,1440699321273,16,Not yet rated,NULL,N/A
ACFC,$5.46,1440699321409,"42,386",100% bearish,of 1 rating,$6.50
ATLC,$3.86,1440699321508,2,67% bullish,of 3 ratings,N/A
ATNI,$71.09,1440699321644,"31,158",100% bearish,of 1 rating,$69.50
AAWW,$40.91,1440699321702,"128,143",50% bullish,of 2 ratings,$65
AFH,$16.4,1440699321728,"33,591",Not yet rated,NULL,$21.50
ATOS,$0.74,1440699321790,"72,022",100% bullish,of 7 ratings,$7
ATRC,$25.44,1440699321863,"56,365",100% bullish,of 1 rating,$30
ATML,$7.91,1440699321919,"1,609,339",78% bullish,of 9 ratings,$9.50
ATRI,$388.01,1440699321970,"3,667",Not yet rated,NULL,N/A
ATRM,$2.8,1440699322192,"3,555",50% bullish,of 2 ratings,N/A
LIFE,$15.525,1440699322274,"14,447",86% bullish,of 7 ratings,$43
ATTU,$13.39,1440699322326,"17,221",100% bearish,of 1 rating,$20.50
AUBN,$26.96,1440699322359,550,Not yet rated,NULL,N/A
AUDC,$3.25,1440699322385,"65,691",80% bullish,of 5 ratings,$5
AUPH,$3.03,1440699322415,"13,450",100% bearish,of 1 rating,$8
ADAT,$0.3389,1440699322461,"367,836",100% bullish,of 2 ratings,N/A
EARS,$4.9,1440699322521,"3,750",100% bearish,of 2 ratings,$11.50
ABTL,$17.87,1440699322652,"92,916",100% bullish,of 4 ratings,$20.25
ADP,$78.38,1440699322796,"767,005",100% bearish,of 1 rating,$88
ADSK,$50.39,1440699322847,"2,476,754",67% bullish,of 6 ratings,$69.50
AAVL,$10.61,1440699322930,"189,245",100% bearish,of 1 rating,$20
AVGO,$125.26,1440699322976,"3,599,711",88% bullish,of 8 ratings,$165
AVNW,$1.16,1440699323062,"55,613",50% bullish,of 2 ratings,$2.20
AVNU,$12.41,1440699323088,"8,282",Not yet rated,NULL,$14
CAR,$43.65,1440699323130,"844,087",80% bullish,of 5 ratings,$60
AVEO,$1.4,1440699323231,"500,542",75% bullish,of 8 ratings,$3
AVGR,$14.28,1440699323542,"12,868",100% bearish,of 1 rating,$20
AVID,$8.11,1440699323579,"220,566",100% bearish,of 1 rating,$20
AXPW,$1.05,1440699323613,"75,882",83% bullish,of 6 ratings,N/A
AXPWW,NULL,1440699323672,0,Not yet rated,NULL,N/A
ACLS,$3.16,1440699323698,"177,614",67% bullish,of 6 ratings,$4.75
AWRE,$3.146,1440699323723,"8,677",67% bullish,of 3 ratings,N/A
AXGN,$4.25,1440699323767,"67,855",Not yet rated,NULL,$5
AXTI,$2.19,1440699324008,"9,601",50% bullish,of 2 ratings,$2.75
BCOM,$19.003,1440699324035,984,100% bearish,of 1 rating,N/A
RILY,$9.78,1440699324172,200,Not yet rated,NULL,N/A
BOSC,$2.24,1440699324205,"5,501",50% bullish,of 2 ratings,N/A
BCPC,$58.06,1440699324226,"41,926",100% bearish,of 1 rating,$75
BEAV,$49.09,1440699324258,"401,798",67% bearish,of 3 ratings,$59
BIDU,$151.58,1440699324302,"2,172,392",81% bullish,of 88 ratings,$210
BWINA,NULL,1440699324401,0,Not yet rated,NULL,N/A
BWINB,$22.76,1440699324463,"3,562",Not yet rated,NULL,N/A
BLDP,$1.2299,1440699324632,"289,184",91% bullish,of 22 ratings,$2.50
BANF,$59.61,1440699324659,"5,610",Not yet rated,NULL,$68
BANFP,NULL,1440699324690,0,Not yet rated,NULL,N/A
BOCH,$5.8,1440699324716,"8,961",Not yet rated,NULL,$6.50
BKMU,$6.97,1440699324797,"53,906",Not yet rated,NULL,$8
BKSC,$15.9,1440699324868,"4,556",Not yet rated,NULL,N/A
BMRC,$47.78,1440699324999,"6,792",Not yet rated,NULL,$52
OZRK,$41.97,1440699325054,"229,369",67% bullish,of 3 ratings,$49.50
BOTJ,$11.0785,1440699325075,717,Not yet rated,NULL,N/A
BFIN,$12.03,1440699325108,"10,631",Not yet rated,NULL,$13
BWFG,NULL,1440699325161,0,100% bearish,of 1 rating,N/A
BZUN,$5.15,1440699325242,"267,689",50% bullish,of 2 ratings,$11.50
BANR,$43.91,1440699325297,"18,621",100% bullish,of 3 ratings,$50
TAPR,$32.98,1440699325434,535,100% bearish,of 1 rating,N/A
BHACR,NULL,1440699325466,0,Not yet rated,NULL,N/A
BHAC,$9.81,1440699325570,"1,100",Not yet rated,NULL,N/A
BHACW,NULL,1440699325674,0,Not yet rated,NULL,N/A
BBSI,$34.74,1440699325704,"45,134",67% bearish,of 3 ratings,$62.50
BHACU,NULL,1440699325735,0,Not yet rated,NULL,N/A
BYBK,$4.88,1440699325806,100,100% bearish,of 1 rating,N/A
BSET,$28.79,1440699325834,"16,624",100% bearish,of 1 rating,$35
BV,$5.1,1440699325975,"164,579",67% bullish,of 6 ratings,$9
BYLK,$12.71,1440699326003,500,Not yet rated,NULL,$14
BCBP,$11.43,1440699326132,200,Not yet rated,NULL,N/A
BBCN,$14.48,1440699326165,"92,480",100% bearish,of 1 rating,$16
BDCV,$4.8025,1440699326264,"18,482",100% bearish,of 1 rating,$10.19
BSF,$8.64,1440699326395,"2,263",Not yet rated,NULL,N/A
BECN,$35.41,1440699326421,"166,147",50% bullish,of 2 ratings,$40
BEBE,$1.83,1440699326552,"86,947",75% bullish,of 4 ratings,$3.075
BELFA,NULL,1440699326593,0,100% bearish,of 1 rating,N/A
BBGI,$4.1616,1440699326618,300,100% bullish,of 1 rating,N/A
BBBY,$62.14,1440699326645,"1,100,338",71% bullish,of 7 ratings,$75
BELFB,$17.79,1440699326681,"12,699",100% bearish,of 1 rating,N/A
BLCM,$17.32,1440699326780,"99,790",50% bullish,of 4 ratings,$40
BLPH,$5.05,1440699326805,"12,282",100% bearish,of 1 rating,$12.50
BNCL,$12.495,1440699326862,"109,406",100% bullish,of 3 ratings,$12.50
BNTC,$8,1440699327043,"25,793",100% bullish,of 1 rating,N/A
BNFT,$34.55,1440699327075,"55,821",67% bullish,of 3 ratings,$46
BGMD,$0.7601,1440699327222,"137,076",100% bullish,of 10 ratings,N/A
BGCP,$8.82,1440699327355,"559,234",88% bullish,of 8 ratings,$14
ORPN,$5.5899,1440699327382,"26,550",100% bullish,of 1 rating,$28.50
BGFV,$10.94,1440699327403,"64,508",57% bullish,of 7 ratings,$12
BIOC,$1.95,1440699327438,"275,355",83% bullish,of 6 ratings,$3.85
BIND,$4.41,1440699327537,"45,897",75% bullish,of 4 ratings,$13.50
BASI,$1.6069,1440699327564,200,Not yet rated,NULL,N/A
BCDA,NULL,1440699327591,0,Not yet rated,NULL,N/A
BIIB,$304.28,1440699327909,"695,595",88% bullish,of 16 ratings,$400
BDSI,$6.59,1440699327984,"423,005",88% bullish,of 8 ratings,$17
BCRX,$11.15,1440699328012,"119,647",63% bullish,of 8 ratings,$18
BIOD,$0.685,1440699328033,"50,380",80% bullish,of 5 ratings,$4
BIOL,$1.4264,1440699328067,"26,611",Not yet rated,NULL,N/A
BLFS,$2.02,1440699328170,"14,385",100% bearish,of 1 rating,$4.75
BRLI,NULL,1440699328302,0,NULL,NULL,NULL
BLRX,$1.37,1440699328411,"52,190",100% bullish,of 12 ratings,$5
BMRN,$130.43,1440699328447,"319,955",80% bullish,of 5 ratings,$160
BIOS,$2.3,1440699328478,"491,963",71% bullish,of 7 ratings,$4
BVXV,$3.51,1440699328505,"1,450",Not yet rated,NULL,N/A
BPTH,$1.04,1440699328538,"35,052",100% bullish,of 2 ratings,$5
BVXVW,NULL,1440699328573,0,100% bearish,of 1 rating,N/A
BBP,$32.6514,1440699328636,"15,674",Not yet rated,NULL,N/A
BBC,$31.01,1440699328782,"7,762",Not yet rated,NULL,N/A
BSTC,$49.6318,1440699329002,"46,386",100% bearish,of 1 rating,$76
BSPM,$0.6603,1440699329045,"9,275",50% bullish,of 2 ratings,N/A
TECH,$96.21,1440699329106,"104,147",100% bullish,of 1 rating,$117
BITI,$17.14,1440699329191,"10,068",100% bullish,of 1 rating,$28
BOTA,$2.0701,1440699329274,"15,982",88% bullish,of 8 ratings,N/A
BDMS,$12.65,1440699329302,"3,375",100% bearish,of 1 rating,N/A
BBOX,$15.05,1440699329329,"65,848",100% bearish,of 1 rating,N/A
BEAT,$14.7,1440699329350,"579,646",67% bearish,of 3 ratings,$15
BBRY,$7.22,1440699329478,"2,843,539",61% bullish,of 330 ratings,$9
BDE,$7.36,1440699329561,"97,199",50% bullish,of 2 ratings,$9
BLKB,$57.85,1440699329615,"59,483",100% bearish,of 2 ratings,$66
HAWK,$40.09,1440699329661,"249,730",91% bullish,of 11 ratings,$49
BJRI,$44.6202,1440699329688,"87,350",50% bullish,of 2 ratings,$55
ADRA,$27.3825,1440699329743,398,100% bearish,of 1 rating,N/A
BKCC,$9.3,1440699329771,"198,033",50% bullish,of 2 ratings,$10
ADRD,$22.18,1440699330026,"6,560",100% bearish,of 1 rating,N/A
ADRE,$30.2,1440699330053,"175,580",100% bearish,of 1 rating,N/A
BLMN,$20.31,1440699330128,"451,633",83% bullish,of 6 ratings,$27.50
ADRU,$21.73,1440699330179,"3,618",100% bearish,of 1 rating,N/A
BLBD,$11.91,1440699330206,"14,425",Not yet rated,NULL,N/A
BCOR,$13.65,1440699330227,"77,771",57% bullish,of 7 ratings,$15
BBLU,$0.79,1440699330280,"68,154",100% bullish,of 2 ratings,$4.43
BUFF,$26.85,1440699330368,"96,132",83% bullish,of 12 ratings,$31.50
BHBK,$13.83,1440699330524,"32,842",100% bullish,of 1 rating,$14.50
BKEPP,$7.58,1440699330608,"5,223",100% bearish,of 1 rating,N/A
BLUE,$132,1440699330658,"235,003",71% bullish,of 7 ratings,$217.50
BKEP,$6.13,1440699330788,"22,999",100% bearish,of 1 rating,$8.50
NILE,$33.54,1440699330859,"89,846",50% bullish,of 2 ratings,$34
BPMC,$27.17,1440699330931,"36,508",50% bullish,of 2 ratings,$47.50
BNCN,$20.44,1440699330963,"49,753",Not yet rated,NULL,$24
WIFI,$7.5,1440699330994,"55,712",50% bullish,of 2 ratings,$13.50
BOBE,$43.67,1440699331019,"54,160",75% bullish,of 4 ratings,$57
BOFI,$121.77,1440699331060,"96,476",100% bullish,of 6 ratings,$144
BOKF,$61.95,1440699331162,"109,578",100% bearish,of 1 rating,$69
BONA,$11.8,1440699331293,"76,773",75% bullish,of 4 ratings,$8.50
BOJA,$21.56,1440699331322,"122,979",100% bullish,of 1 rating,$30
BNSO,$1.3,1440699331423,"2,400",100% bearish,of 1 rating,N/A
BAMM,$3.16,1440699331520,"8,560",60% bullish,of 5 ratings,N/A
BPFH,$11.93,1440699331557,"130,131",100% bearish,of 1 rating,$14
BPFHP,$25.1,1440699331704,"3,450",100% bearish,of 1 rating,N/A
BDBD,$8.18,1440699331735,"273,943",60% bullish,of 5 ratings,$10
BCLI,$2.9201,1440699331808,"26,757",80% bullish,of 5 ratings,$12
BPFHW,NULL,1440699331839,0,100% bearish,of 1 rating,N/A
EPAY,$26.61,1440699331867,"226,703",100% bearish,of 2 ratings,$30
BBRG,$12.4158,1440699331900,"22,034",67% bullish,of 3 ratings,$14.50
BBEP,$2.7,1440699331939,"1,502,691",69% bullish,of 13 ratings,$5.625
BBEPP,$13.72,1440699331997,"20,028",100% bearish,of 1 rating,N/A
BRID,$8.8,1440699332233,100,100% bearish,of 1 rating,N/A
BDGE,$26.48,1440699332260,"3,650",Not yet rated,NULL,$31.75
BLIN,$1.31,1440699332281,"4,295",100% bullish,of 2 ratings,$2.20
BCOV,$5.21,1440699332412,"55,701",67% bullish,of 3 ratings,$10.20
BRCM,$51.69,1440699332441,"2,666,299",75% bullish,of 12 ratings,$56
BVSN,$6,1440699332468,"34,015",60% bearish,of 5 ratings,N/A
BYFC,NULL,1440699332543,0,50% bullish,of 2 ratings,N/A
BSFT,$31.72,1440699332599,"223,190",57% bullish,of 7 ratings,$40.50
BRKS,$10.25,1440699332677,"45,475",67% bullish,of 3 ratings,$15.25
BWEN,$3.22,1440699332709,"9,861",100% bullish,of 3 ratings,$8
BRCD,$10.59,1440699332808,"1,571,090",92% bullish,of 13 ratings,$11.50
BRKR,$18.63,1440699332938,"175,602",100% bearish,of 2 ratings,$22
BMTC,$29.175,1440699333028,"29,789",Not yet rated,NULL,$34
BRKL,$10.61,1440699333069,"96,704",100% bearish,of 1 rating,$10.75
BLMT,$20.66,1440699333135,"4,044",Not yet rated,NULL,N/A
BSQR,$6.24,1440699333207,"32,241",67% bullish,of 3 ratings,N/A
BWLD,$195.36,1440699333267,"139,034",82% bullish,of 11 ratings,$205
CHRW,$67.66,1440699333401,"522,069",Not yet rated,NULL,$72
BUR,$1.83,1440699333429,"5,600",100% bearish,of 1 rating,$8
BLDR,$14.35,1440699333451,"385,813",67% bullish,of 3 ratings,$22
CCMP,$43.48,1440699333591,"35,248",50% bullish,of 2 ratings,$59
CFFI,$35.38,1440699333624,500,100% bearish,of 1 rating,N/A
CDNS,$19.9,1440699333662,"547,468",75% bullish,of 4 ratings,$22.50
CA,$27.06,1440699333719,"846,045",50% bullish,of 4 ratings,$33
CDZI,$7.85,1440699333823,"55,800",100% bearish,of 1 rating,N/A
CZR,$8.51,1440699333956,"1,917,387",60% bearish,of 5 ratings,$10.50
CACQ,$7.21,1440699333999,"38,479",100% bearish,of 1 rating,$12.25
CSTE,$41.01,1440699334025,"261,727",50% bullish,of 2 ratings,$65
CLBS,$1.36,1440699334088,"108,013",79% bullish,of 14 ratings,$4
PRSS,$4.45,1440699334156,"9,541",80% bullish,of 5 ratings,$4.50
CLMS,$10.56,1440699334237,"35,300",Not yet rated,NULL,$10.50
CHY,$11.42,1440699334329,"164,976",Not yet rated,NULL,N/A
CHI,$10.67,1440699334434,"139,016",100% bearish,of 1 rating,N/A
CCD,$18.985,1440699334462,"147,962",Not yet rated,NULL,N/A
CFGE,$10.57,1440699334518,810,Not yet rated,NULL,N/A
CSQ,$9.97,1440699334619,"201,414",Not yet rated,NULL,N/A
CGO,$12.2,1440699334646,"15,093",100% bearish,of 1 rating,N/A
CHW,$7.64,1440699334698,"120,459",100% bearish,of 1 rating,N/A
CAMP,$16.3,1440699334783,"163,659",88% bullish,of 8 ratings,$25
CVGW,$60.24,1440699335017,"107,865",50% bullish,of 2 ratings,$58.50
CFNB,$13.31,1440699335048,310,100% bearish,of 1 rating,N/A
CALD,$15.66,1440699335069,"159,085",100% bearish,of 1 rating,$21
CALA,$5.31,1440699335103,"393,601",100% bullish,of 3 ratings,$19.50
CALM,$50.31,1440699335148,"192,089",80% bullish,of 5 ratings,$65
CLMT,$26.04,1440699335204,"176,931",75% bullish,of 8 ratings,$31
ABCD,$5.15,1440699335230,"94,137",83% bullish,of 6 ratings,N/A
CAMB,$10.05,1440699335430,100,Not yet rated,NULL,N/A
CAMBU,NULL,1440699335456,0,100% bearish,of 1 rating,N/A
CAMBW,NULL,1440699335588,0,Not yet rated,NULL,N/A
CAC,$40.43,1440699335615,"2,156",Not yet rated,NULL,N/A
CAMT,$2.62,1440699335641,"27,887",73% bullish,of 11 ratings,$4
CSIQ,$18.1,1440699335666,"1,266,665",86% bullish,of 28 ratings,$42.50
CGIX,$9.95,1440699335814,"27,076",67% bullish,of 3 ratings,$14.375
CPHC,NULL,1440699335850,0,100% bearish,of 1 rating,N/A
CBNJ,$11,1440699335982,"13,969",100% bullish,of 1 rating,N/A
CBF,$28.86,1440699336014,"636,705",Not yet rated,NULL,$32
CCBG,$14.84,1440699336042,"4,282",Not yet rated,NULL,$17.25
CPLP,$6.885,1440699336110,"301,223",71% bullish,of 7 ratings,$11
CPTA,$13.87,1440699336175,"26,924",100% bearish,of 1 rating,$18.50
CSWC,$45.75,1440699336206,"4,307",Not yet rated,NULL,N/A
CFFN,$12.06,1440699336304,"187,821",Not yet rated,NULL,$12.75
CPLA,$48.31,1440699336410,"71,251",67% bearish,of 3 ratings,$65
CAPNW,$0.6969,1440699336540,100,Not yet rated,NULL,N/A
CAPN,$2.28,1440699336584,"257,844",100% bullish,of 1 rating,$10.85
CPST,$0.3699,1440699336631,"365,832",95% bullish,of 22 ratings,$1.25
CARA,$18.94,1440699336657,"81,290",50% bullish,of 4 ratings,$25
CAPR,$4.34,1440699336682,"10,164",Not yet rated,NULL,$12
CARB,$11.25,1440699336825,"54,623",75% bullish,of 4 ratings,$12
CBYL,$5.05,1440699336954,"33,864",100% bearish,of 1 rating,$20
CRDC,$0.3699,1440699336985,"39,643",100% bullish,of 1 rating,$1.25
CFNL,$22.12,1440699337006,"69,558",Not yet rated,NULL,$24
CRME,$8.87,1440699337042,"6,600",89% bullish,of 9 ratings,$11.25
CSII,$23.76,1440699337063,"251,217",100% bearish,of 2 ratings,$42.125
CDNA,$6.85,1440699337138,"3,600",100% bearish,of 1 rating,$9
CATM,$34.6,1440699337232,"82,396",100% bearish,of 1 rating,$44
CECO,$3.53,1440699337363,"172,414",67% bearish,of 3 ratings,$6
CTRE,$11.54,1440699337390,"129,903",50% bullish,of 2 ratings,$13.50
CKEC,$23.44,1440699337462,"78,691",50% bullish,of 2 ratings,$35.915
CARO,$15.5,1440699337565,802,100% bearish,of 1 rating,$19
TAST,$12.56,1440699337655,"239,092",Not yet rated,NULL,$14.25
CART,$5.35,1440699337722,100,100% bearish,of 1 rating,N/A
CRTN,$2.38,1440699337750,"3,360",100% bearish,of 1 rating,N/A
CRZO,$32.865,1440699337786,"746,742",67% bearish,of 3 ratings,$55.50
CARV,$7.06,1440699337878,464,50% bullish,of 2 ratings,N/A
CSCD,$14.97,1440699337911,"15,435",100% bullish,of 2 ratings,$17
CACB,$5.3,1440699338021,"16,743",Not yet rated,NULL,$5.50
CLBH,$12.75,1440699338095,100,Not yet rated,NULL,$16.50
CWST,$6.1399,1440699338180,"142,060",50% bullish,of 2 ratings,$7.25
CASM,$1.14,1440699338227,"10,933",100% bullish,of 1 rating,$3.50
CASY,$105.82,1440699338253,"158,232",50% bullish,of 2 ratings,$99.50
CASI,$1.4154,1440699338384,"3,348",100% bullish,of 1 rating,$3.50
CATB,$11.99,1440699338444,"5,487",100% bearish,of 1 rating,$28
CASS,$47.91,1440699338513,"7,708",100% bearish,of 1 rating,N/A
CATYW,NULL,1440699338611,0,100% bearish,of 1 rating,N/A
CATY,$29.59,1440699338666,"271,403",100% bearish,of 1 rating,$33.50
CAVM,$68.86,1440699338691,"174,025",67% bearish,of 3 ratings,$72
CVCO,$70.38,1440699338745,"14,099",100% bearish,of 1 rating,N/A
CPRX,$3.61,1440699338771,"550,807",71% bullish,of 7 ratings,$7
CBFV,$20.9399,1440699338908,"4,000",Not yet rated,NULL,$25
CNLM,NULL,1440699339054,0,Not yet rated,NULL,N/A
CNLMR,NULL,1440699339081,0,Not yet rated,NULL,N/A
CNLMU,NULL,1440699339116,0,100% bullish,of 1 rating,N/A
CNLMW,NULL,1440699339273,0,Not yet rated,NULL,N/A
CBOE,$63.02,1440699339295,"197,406",Not yet rated,NULL,$60
CDW,$39.93,1440699339354,"656,008",75% bullish,of 4 ratings,$44
CDK,$48.74,1440699339427,"136,391",67% bearish,of 3 ratings,$50
CPXX,$2.05,1440699339583,"66,034",100% bullish,of 2 ratings,$7
CECE,$9.35,1440699339634,"68,422",50% bullish,of 2 ratings,$16
CELGZ,$1.69,1440699339716,"12,100",80% bullish,of 5 ratings,N/A
CELG,$122.4561,1440699339743,"2,177,072",92% bullish,of 13 ratings,$155.50
CLDN,$1.06,1440699339772,"104,787",71% bullish,of 7 ratings,$3
CLDX,$15.02,1440699339793,"727,241",89% bullish,of 9 ratings,$36
CLRB,$3.1078,1440699339824,331,100% bearish,of 1 rating,N/A
CLRBW,NULL,1440699340026,0,Not yet rated,NULL,N/A
CLLS,$32.67,1440699340156,"62,448",75% bullish,of 4 ratings,$51.50
CLSN,$1.99,1440699340220,"63,592",80% bullish,of 10 ratings,$7.50
CLTX,$2.3,1440699340247,"473,118",100% bullish,of 2 ratings,N/A
CBMG,$22.75,1440699340316,"25,574",50% bullish,of 2 ratings,N/A
CEMP,$34.4399,1440699340345,"320,870",71% bullish,of 7 ratings,$52
CYAD,$49.01,1440699340447,"3,200",100% bullish,of 1 rating,$87.50
CFBK,$1.371,1440699340582,100,Not yet rated,NULL,N/A
CSFL,$13.7,1440699340615,"91,966",Not yet rated,NULL,$15
CETX,$2.3299,1440699340647,"9,017",Not yet rated,NULL,$5.60
CENT,$11.995,1440699340712,"98,999",Not yet rated,NULL,$10
CETV,$2.085,1440699340744,"55,648",67% bullish,of 3 ratings,$2.80
CVCY,$11.25,1440699340812,"2,000",Not yet rated,NULL,$12
CENTA,$12.42,1440699340915,"134,753",Not yet rated,NULL,N/A
CNBKA,$41.7,1440699341058,496,50% bullish,of 2 ratings,N/A
CENX,$5.4199,1440699341084,"1,891,183",67% bullish,of 6 ratings,$9
CNTY,$5.82,1440699341215,"25,266",80% bullish,of 5 ratings,$7.75
CPHD,$49.1453,1440699341345,"200,131",67% bearish,of 3 ratings,$66.50
CERE,$1.19,1440699341375,"131,141",88% bullish,of 8 ratings,N/A
CERN,$62.11,1440699341414,"667,807",67% bullish,of 3 ratings,$79
CRNT,$1.353,1440699341441,"47,180",50% bullish,of 2 ratings,$2
CERU,$3.5401,1440699341468,"15,407",75% bullish,of 4 ratings,$15
CERS,$4.9,1440699341498,"315,606",75% bullish,of 4 ratings,$7
KOOL,$0.625,1440699341606,"10,156",100% bullish,of 5 ratings,$7
CEVA,$18.39,1440699341685,"25,363",100% bearish,of 1 rating,$25
CYOU,$20.91,1440699341754,"67,568",50% bullish,of 6 ratings,$24
HOTR,$1.5201,1440699341782,"79,853",100% bullish,of 2 ratings,$5
CTHR,$1.26,1440699341911,"13,059",50% bullish,of 2 ratings,$2.50
HOTRW,NULL,1440699342006,0,Not yet rated,NULL,N/A
CHEK,$2.1001,1440699342175,"10,138",Not yet rated,NULL,$7.75
GTLS,$23.25,1440699342203,"145,926",50% bullish,of 4 ratings,$40
CHTR,$180.56,1440699342225,"306,459",100% bearish,of 2 ratings,$196
CHKP,$79.86,1440699342258,"599,016",50% bullish,of 4 ratings,$92
CHFN,$12.5,1440699342280,"9,514",Not yet rated,NULL,$14
CEMI,$4.02,1440699342301,"6,454",50% bullish,of 2 ratings,$7.50
CHFC,$31.49,1440699342446,"30,460",100% bearish,of 1 rating,$36
CHEKW,NULL,1440699342477,0,Not yet rated,NULL,N/A
CCXI,$6.8,1440699342582,"18,994",67% bullish,of 3 ratings,$14
CHMG,$26.07,1440699342631,100,Not yet rated,NULL,$30
CHKE,$25.92,1440699342656,"9,864",100% bearish,of 1 rating,$32.50
CHMA,$25.86,1440699342898,"47,929",Not yet rated,NULL,$40
CMRX,$50.09,1440699342961,"105,949",50% bullish,of 2 ratings,$57
CHEV,$14.5899,1440699342991,700,Not yet rated,NULL,N/A
PLCE,$59.54,1440699343012,"148,448",100% bearish,of 1 rating,$69
CBNK,NULL,1440699343033,0,100% bearish,of 1 rating,N/A
CADC,NULL,1440699343171,0,78% bullish,of 9 ratings,N/A
CBAK,$1.94,1440699343202,"17,494",67% bullish,of 9 ratings,N/A
CALI,$0.8982,1440699343268,"2,620",67% bullish,of 3 ratings,N/A
CAAS,$6.3089,1440699343301,"23,538",93% bullish,of 14 ratings,$11.50
CCCL,$0.7701,1440699343334,"27,015",100% bullish,of 6 ratings,N/A
CBPO,$99.89,1440699343400,"101,235",75% bullish,of 8 ratings,$140.50
CCCR,$0.7834,1440699343498,"16,369",67% bearish,of 3 ratings,N/A
JRJC,$3.56,1440699343542,"139,853",82% bullish,of 11 ratings,N/A
HGSH,$1.67,1440699343723,"19,458",67% bullish,of 3 ratings,N/A
CHOP,$1.28,1440699343777,"1,200",50% bullish,of 2 ratings,N/A
CHLN,$2.09,1440699343809,"7,041",67% bullish,of 3 ratings,N/A
CJJD,$1.88,1440699343837,"24,935",100% bullish,of 1 rating,N/A
CNIT,$1.4799,1440699343881,"59,056",67% bullish,of 6 ratings,N/A
CHNR,$1.68,1440699343906,"1,016",100% bearish,of 1 rating,N/A
HTHT,$25.82,1440699343936,"73,995",50% bullish,of 2 ratings,$28.40
CREG,$0.6996,1440699344107,"21,299",100% bullish,of 3 ratings,N/A
CSUN,$1.4853,1440699344180,"29,329",80% bullish,of 5 ratings,N/A
CNTF,$0.8002,1440699344206,"98,896",Not yet rated,NULL,N/A
CPGI,$6.861,1440699344276,"1,022",Not yet rated,NULL,N/A
CXDC,$5.88,1440699344336,"45,717",67% bearish,of 3 ratings,N/A
CCIH,$6.73,1440699344501,"162,420",67% bullish,of 6 ratings,$12.65
CNYD,$3.55,1440699344528,"20,486",67% bullish,of 3 ratings,N/A
CNET,$0.86,1440699344602,"192,366",50% bullish,of 2 ratings,N/A
IMOS,$17.06,1440699344627,"100,395",60% bullish,of 5 ratings,$21.50
CHSCL,$27.05,1440699344659,"6,295",Not yet rated,NULL,N/A
CHSCM,$26.15,1440699344765,"15,001",Not yet rated,NULL,N/A
CHSCO,$28.252,1440699344818,"5,220",Not yet rated,NULL,N/A
CHSCN,$27.0595,1440699344846,"5,811",Not yet rated,NULL,N/A
CHSCP,$30.4201,1440699344979,"3,325",Not yet rated,NULL,N/A
CHUY,$30.95,1440699345059,"99,300",50% bullish,of 2 ratings,$34
CHDN,$134.79,1440699345086,"14,711",Not yet rated,NULL,$165
CDTX,$14.32,1440699345271,"8,809",Not yet rated,NULL,$22
CINF,$53.26,1440699345302,"210,107",50% bullish,of 4 ratings,$50.50
CMCT,$15.551,1440699345323,142,100% bearish,of 1 rating,N/A
CIFC,$7.02,1440699345368,"1,192",100% bearish,of 1 rating,N/A
CMPR,$69.685,1440699345397,"148,883",50% bullish,of 2 ratings,$72.50
CIDM,$0.57,1440699345529,"14,112",50% bullish,of 2 ratings,$2.10
CTAS,$85.6,1440699345608,"179,216",100% bearish,of 1 rating,$91
CRUS,$30.19,1440699345642,"690,171",75% bullish,of 12 ratings,$44.50
CPHR,$5.5736,1440699345672,"5,861",100% bearish,of 1 rating,$17
CSCO,$26.045,1440699345739,"10,147,845",84% bullish,of 209 ratings,$32
CTRN,$26.93,1440699345771,"21,715",100% bearish,of 1 rating,$31.50
CZNC,$19.6,1440699345873,"6,800",Not yet rated,NULL,N/A
CZWI,$8.95,1440699345898,109,Not yet rated,NULL,N/A
CIZN,$19.274,1440699346076,370,Not yet rated,NULL,N/A
CZFC,$12.7001,1440699346125,800,Not yet rated,NULL,N/A
CTXS,$69.4,1440699346161,"718,931",86% bullish,of 7 ratings,$80
CHCO,$47.2,1440699346258,"11,579",Not yet rated,NULL,$46
CIVB,$10.25,1440699346288,"2,138",Not yet rated,NULL,$11
CIVBP,NULL,1440699346314,0,Not yet rated,NULL,N/A
CLNE,$4.73,1440699346336,"786,135",80% bullish,of 15 ratings,$9
CDTI,$1.59,1440699346367,"83,482",75% bullish,of 4 ratings,$3.20
CLNT,$1.3501,1440699346534,"11,702",75% bullish,of 8 ratings,N/A
CLFD,$16.8,1440699346578,"21,283",67% bullish,of 3 ratings,$18
CLIR,$4.55,1440699346682,"52,871",100% bullish,of 3 ratings,N/A
CLRO,$11.52,1440699346715,"5,428",50% bullish,of 2 ratings,$14.25
CSBK,$13.69,1440699346785,"42,452",Not yet rated,NULL,N/A
CLVS,$75.87,1440699346809,"218,275",60% bullish,of 5 ratings,$101.50
CBLI,$3.73,1440699346834,"13,306",60% bullish,of 5 ratings,N/A
CCNE,$16.8955,1440699347092,"2,610",50% bullish,of 2 ratings,$21.50
CMFN,$11.6399,1440699347121,"34,211",100% bearish,of 1 rating,$15.50
CISG,$7.63,1440699347178,"35,199",100% bullish,of 5 ratings,$10
CME,$93.26,1440699347219,"527,483",67% bullish,of 3 ratings,$102
CNV,$4.47,1440699347249,"33,168",50% bullish,of 2 ratings,$7.15
COBZ,$12.93,1440699347308,"26,399",100% bullish,of 1 rating,$14
COKE,$157.02,1440699347336,"10,634",79% bullish,of 19 ratings,N/A
CWAY,$11.2099,1440699347367,600,Not yet rated,NULL,N/A
CDRB,$12.79,1440699347731,"4,342",67% bullish,of 3 ratings,N/A
CVLY,$20.2,1440699347756,524,Not yet rated,NULL,N/A
CCOI,$27.48,1440699347900,"201,043",50% bullish,of 4 ratings,$35
CGNT,$1.455,1440699347929,"20,905",100% bullish,of 2 ratings,$2
JVA,$4.67,1440699347950,"13,033",83% bullish,of 6 ratings,$7
CGNX,$35.16,1440699347983,"226,465",50% bullish,of 2 ratings,$47
CTSH,$63.59,1440699348009,"1,339,910",90% bullish,of 10 ratings,$75
CDXS,$3.56,1440699348081,"11,475",64% bullish,of 11 ratings,$6
COHU,$9.46,1440699348178,"45,423",100% bearish,of 1 rating,$14.25
CHRS,$28.3,1440699348238,"102,234",67% bearish,of 3 ratings,$37
COHR,$56.73,1440699348315,"47,332",50% bullish,of 2 ratings,$72
COLL,$15.5,1440699348367,"22,754",100% bearish,of 1 rating,$26
CLCT,$18.36,1440699348392,"8,903",100% bearish,of 1 rating,N/A
CIGI,$43.15,1440699348422,"2,885",100% bearish,of 1 rating,$52
CLRX,$0.555,1440699348446,"27,805",50% bullish,of 2 ratings,N/A
CBAN,$9,1440699348579,400,Not yet rated,NULL,N/A
COLB,$30.28,1440699348862,"77,251",Not yet rated,NULL,$36
CMCO,$18.3,1440699348930,"44,148",60% bullish,of 5 ratings,$28
COLM,$61.66,1440699348963,"43,422",100% bearish,of 1 rating,$71
CBMX,$1.1491,1440699348991,"10,217",83% bullish,of 6 ratings,$3.15
CLCD,$6.37,1440699349016,"22,964",100% bearish,of 1 rating,$20.50
CBSHP,$25.45,1440699349149,222,100% bearish,of 1 rating,N/A
CBSH,$44.75,1440699349247,"83,894",50% bullish,of 2 ratings,$46
CMCSA,$56.34,1440699349315,"4,331,044",66% bullish,of 35 ratings,$69.50
CUBN,NULL,1440699349348,0,Not yet rated,NULL,N/A
CMCSK,$57.1,1440699349384,"1,233,731",Not yet rated,NULL,$84
CVGI,$4.89,1440699349448,"36,541",50% bullish,of 2 ratings,$6
COMM,$30.59,1440699349480,"501,051",67% bearish,of 3 ratings,$35
CSAL,$20.9924,1440699349505,"171,617",75% bullish,of 4 ratings,$30
JCS,NULL,1440699349615,0,67% bullish,of 3 ratings,N/A
ESXB,$5.0611,1440699349842,"1,400",Not yet rated,NULL,N/A
CYHHZ,$0.011,1440699349875,"22,172",100% bullish,of 1 rating,N/A
CWBC,$6.71,1440699349928,304,Not yet rated,NULL,N/A
CVLT,$36.13,1440699350009,"207,299",75% bullish,of 4 ratings,$44.50
CTBI,$34.65,1440699350057,"13,667",Not yet rated,NULL,$36
COB,$10.31,1440699350082,"6,357",100% bullish,of 1 rating,$11.75
CIZ,$33.6058,1440699350107,"1,368",100% bearish,of 1 rating,N/A
CIL,$33.77,1440699350244,200,Not yet rated,NULL,N/A
CSA,NULL,1440699350295,0,Not yet rated,NULL,N/A
CID,$33.74,1440699350326,200,Not yet rated,NULL,N/A
CDC,$34.798,1440699350356,"13,690",Not yet rated,NULL,N/A
CSF,$36.72,1440699350439,"3,169",100% bearish,of 1 rating,N/A
CFO,$35.6478,1440699350499,"8,988",100% bearish,of 1 rating,N/A
CFA,$35.71,1440699350573,"14,979",100% bearish,of 1 rating,N/A
CDL,NULL,1440699350597,0,Not yet rated,NULL,N/A
CGEN,$4.88,1440699350892,"49,080",50% bullish,of 2 ratings,$11
CPSI,$45.38,1440699350960,"29,144",100% bearish,of 1 rating,$45.50
CTG,$6.82,1440699351021,"21,320",100% bearish,of 1 rating,$8.50
CNSI,$18.83,1440699351047,"42,847",100% bearish,of 2 ratings,$29
CHCI,$0.7327,1440699351089,"6,530",50% bullish,of 2 ratings,N/A
CSB,NULL,1440699351116,0,Not yet rated,NULL,N/A
CMTL,$25.4,1440699351138,"51,252",100% bearish,of 2 ratings,$37
SCOR,$53.91,1440699351170,"124,946",100% bearish,of 1 rating,$66
CNAT,$3.68,1440699351367,"64,249",83% bullish,of 6 ratings,$13
CXRX,$74.51,1440699351413,"2,300",100% bearish,of 1 rating,$90
CNCE,$15.51,1440699351555,"88,791",75% bullish,of 4 ratings,$22
CDORO,$17,1440699351584,162,100% bearish,of 1 rating,N/A
CDOR,$1.36,1440699351605,900,100% bullish,of 1 rating,N/A
CCUR,$4.642,1440699351626,"34,357",75% bullish,of 4 ratings,N/A
CNFR,$10.2523,1440699351853,"1,612",Not yet rated,NULL,N/A
CDORP,NULL,1440699351878,0,100% bearish,of 1 rating,N/A
CTWS,$34.46,1440699351914,"8,766",100% bearish,of 1 rating,$44
CFMS,$19.82,1440699351944,"123,083",Not yet rated,NULL,$27
CNOB,$19.445,1440699352014,"18,349",100% bullish,of 1 rating,$23.50
CNXR,$6.51,1440699352106,"30,543",100% bearish,of 1 rating,$12
CNMD,$53.21,1440699352156,"58,865",Not yet rated,NULL,$59
CNSL,$19.27,1440699352420,"88,146",100% bearish,of 1 rating,$23
CONN,$30.82,1440699352456,"192,088",67% bullish,of 3 ratings,$48.50
CWCO,$10.45,1440699352486,"37,041",67% bullish,of 3 ratings,$14.50
CPSS,$5.67,1440699352514,"27,030",100% bullish,of 1 rating,$10
CTCT,$24.47,1440699352589,"93,131",67% bullish,of 3 ratings,$37
CFRXW,$1.64,1440699352660,"1,229",100% bearish,of 1 rating,N/A
CFRX,$5.09,1440699352687,"12,725",Not yet rated,NULL,$14
CFRXZ,NULL,1440699352819,0,Not yet rated,NULL,N/A
CTRV,$3.5501,1440699352862,"1,413",Not yet rated,NULL,$6.40
CPRT,$34.58,1440699352990,"94,403",67% bearish,of 3 ratings,$40
CTRL,$8.17,1440699353042,"84,406",50% bullish,of 2 ratings,$11
CORT,$5.01,1440699353074,"143,530",67% bullish,of 3 ratings,$12
CRBP,$1.95,1440699353100,"276,503",100% bullish,of 2 ratings,$6.25
BVA,NULL,1440699353173,0,50% bullish,of 2 ratings,N/A
CORE,$59.28,1440699353241,"31,697",100% bearish,of 1 rating,$72
CORI,$10.74,1440699353350,"33,461",100% bearish,of 1 rating,$18
CRVL,$31.43,1440699353483,"11,743",100% bearish,of 1 rating,N/A
CSOD,$36.1,1440699353615,"437,823",50% bullish,of 2 ratings,$42
COSI,$1.17,1440699353643,"90,470",100% bullish,of 1 rating,N/A
ICBK,$18.56,1440699353696,200,Not yet rated,NULL,$21
CSGP,$179.65,1440699353722,"46,343",50% bullish,of 2 ratings,$235
COST,$139.9561,1440699353779,"844,320",79% bullish,of 24 ratings,$154.50
CPAH,$0.47,1440699353852,"3,779",50% bullish,of 2 ratings,N/A
COVS,$2.615,1440699353914,"44,068",67% bullish,of 3 ratings,N/A
CVTI,$23,1440699353939,"43,202",67% bearish,of 3 ratings,$39
CRAI,$21.77,1440699354235,"16,533",100% bearish,of 1 rating,$36
COWNL,NULL,1440699354264,0,Not yet rated,NULL,N/A
CPSH,$2.24,1440699354286,"1,800",Not yet rated,NULL,N/A
COWN,$5.1,1440699354319,"387,035",75% bullish,of 4 ratings,$7
CBRL,$147.09,1440699354427,"109,500",50% bullish,of 2 ratings,$155
BREW,$7.61,1440699354452,"18,977",67% bullish,of 6 ratings,$15
CRAY,$20.47,1440699354610,"147,234",83% bullish,of 6 ratings,$38.50
CREE,$26.9701,1440699354654,"580,714",65% bullish,of 17 ratings,$29.50
GLDI,$10.95,1440699354687,"5,474",100% bearish,of 1 rating,N/A
CACC,$198.22,1440699354785,"41,832",50% bullish,of 2 ratings,$158.50
SLVO,$9.89,1440699354812,"14,533",100% bearish,of 1 rating,N/A
CROX,$14.03,1440699354845,"636,345",63% bullish,of 8 ratings,$16.50
CRESY,$10.31,1440699354880,"18,535",100% bearish,of 1 rating,$19
CRTO,$43.98,1440699354942,"152,399",67% bullish,of 6 ratings,$64
CRDS,$1,1440699355238,"69,500",75% bullish,of 4 ratings,$4.50
CCRN,$13.82,1440699355269,"75,382",100% bearish,of 1 rating,$14.25
CYRXW,$0.869,1440699355305,"2,900",Not yet rated,NULL,N/A
CRWS,$8.1,1440699355337,"5,223",Not yet rated,NULL,$10
CRWN,$4.44,1440699355366,"23,259",75% bullish,of 4 ratings,N/A
CYRX,$2.885,1440699355399,"14,864",Not yet rated,NULL,$9
CSGS,$30.45,1440699355428,"95,852",Not yet rated,NULL,$40
CCLP,$14.4901,1440699355629,"30,991",67% bearish,of 3 ratings,$20
CTIC,$1.6,1440699355686,"842,282",84% bullish,of 76 ratings,$5.75
CSPI,$5.7455,1440699355717,"10,812",67% bullish,of 3 ratings,N/A
CTCM,$1.74,1440699355779,"144,485",80% bearish,of 5 ratings,$3.90
CTRP,$69.55,1440699355930,"1,328,222",75% bullish,of 8 ratings,$92
CUNB,$21.16,1440699355957,"5,982",Not yet rated,NULL,$24.50
CTIB,$3.55,1440699355982,"3,299",100% bearish,of 1 rating,N/A
CUI,$5.06,1440699356033,"9,878",50% bullish,of 2 ratings,$10
CUTR,$14.41,1440699356216,"40,440",67% bearish,of 3 ratings,$18
CPIX,$6.02,1440699356247,"1,800",Not yet rated,NULL,N/A
CMLS,$1.44,1440699356268,"163,945",50% bullish,of 4 ratings,$6
CRIS,$2.5,1440699356399,"170,604",100% bullish,of 8 ratings,$6
CVV,$10.81,1440699356663,"3,761",100% bullish,of 5 ratings,N/A
CYBR,$51.56,1440699356689,"729,542",75% bullish,of 8 ratings,$66
CYAN,$7.7299,1440699356766,"8,351",100% bearish,of 1 rating,N/A
CVBF,$16.08,1440699356794,"122,937",Not yet rated,NULL,$18
CYBX,$66.65,1440699356924,"169,879",50% bullish,of 4 ratings,$71.50
CYCCP,NULL,1440699356954,0,100% bearish,of 1 rating,N/A
CYCC,$0.5249,1440699356994,"15,321",73% bullish,of 11 ratings,N/A
CBAY,$2.64,1440699357022,"27,606",100% bullish,of 1 rating,$4
CYNA,$16,1440699357055,"9,728",100% bullish,of 1 rating,$31.50
CYBE,$6.33,1440699357081,"16,065",100% bearish,of 1 rating,N/A
CYNO,$30.92,1440699357160,"168,039",67% bearish,of 3 ratings,$45.50
CY,$9.8301,1440699357307,"2,654,208",80% bullish,of 10 ratings,$15.50
CONE,$32.09,1440699357335,"185,152",67% bearish,of 3 ratings,$35.50
CYRN,$1.73,1440699357481,"14,775",67% bullish,of 3 ratings,$4
CYTK,$6.78,1440699357513,"67,197",71% bullish,of 14 ratings,$13.50
CYTX,$0.3,1440699357534,"1,714,902",83% bullish,of 12 ratings,$5.50
CTSO,$6.52,1440699357887,"18,290",Not yet rated,NULL,$15.625
TVIZ,$16.62,1440699357917,"6,942",100% bearish,of 1 rating,N/A
DAEG,$0.36,1440699357940,400,100% bearish,of 1 rating,N/A
ZIV,$42.42,1440699357973,"226,978",Not yet rated,NULL,N/A
TVIX,$11.96,1440699358005,"8,009,187",81% bullish,of 16 ratings,N/A
CYTR,$2.305,1440699358027,"268,006",67% bullish,of 6 ratings,$10
XIV,$28.69,1440699358070,"16,234,073",75% bearish,of 4 ratings,N/A
DJCO,$196.33,1440699358096,360,Not yet rated,NULL,N/A
DAKT,$8.32,1440699358316,"233,865",50% bullish,of 2 ratings,$14
DARA,$0.849,1440699358340,"42,990",83% bullish,of 6 ratings,$1.50
DAIO,$2.6393,1440699358398,"1,204",Not yet rated,NULL,N/A
DTLK,$5.725,1440699358484,"34,234",100% bearish,of 1 rating,$9
DRAM,$1.19,1440699358540,"22,528",78% bullish,of 9 ratings,N/A
PLAY,$34.93,1440699358616,"212,818",100% bullish,of 5 ratings,$42
DWCH,$4.9901,1440699358685,"17,079",75% bullish,of 4 ratings,$8.25
DTEA,$12.89,1440699358747,"25,032",100% bearish,of 2 ratings,$24
TRAK,$62.865,1440699358782,"175,704",50% bullish,of 2 ratings,$62.50
DWSN,$4.27,1440699358852,"12,090",67% bullish,of 3 ratings,N/A
DBVT,$41.1528,1440699358879,"105,021",100% bearish,of 1 rating,$53
DHRM,$1.5,1440699358912,"22,321",Not yet rated,NULL,N/A
TACO,$13.22,1440699359012,"69,185",75% bullish,of 4 ratings,$20
DFRG,$14.6,1440699359058,"48,599",100% bearish,of 1 rating,$20
DCTH,$0.4,1440699359226,"84,330",78% bullish,of 9 ratings,N/A
TACOW,$4,1440699359403,"11,228",100% bullish,of 1 rating,N/A
DGAS,$20.0974,1440699359431,"7,287",67% bearish,of 3 ratings,N/A
DELT,$2.68,1440699359461,"4,100",Not yet rated,NULL,N/A
DELTW,NULL,1440699359481,0,Not yet rated,NULL,N/A
DENN,$11.46,1440699359515,"151,308",100% bullish,of 3 ratings,$15
XRAY,$53.1425,1440699359562,"224,291",100% bullish,of 1 rating,$58
DEPO,$28.945,1440699359610,"243,007",60% bullish,of 5 ratings,$29
DSCI,$5.905,1440699359769,"40,980",50% bullish,of 2 ratings,$16
DERM,$25.7201,1440699359815,"54,789",100% bearish,of 1 rating,$33.50
DXLG,$5.25,1440699360044,"135,268",100% bearish,of 1 rating,$8
DEST,$11.34,1440699360110,"50,464",50% bullish,of 2 ratings,N/A
DSWL,$1.7399,1440699360210,500,100% bullish,of 1 rating,N/A
DXM,$0.2579,1440699360236,"211,004",50% bullish,of 2 ratings,N/A
DHXM,NULL,1440699360304,0,Not yet rated,NULL,N/A
DXCM,$94.57,1440699360337,"432,371",57% bullish,of 7 ratings,$98
DMND,$28.67,1440699360442,"173,191",75% bullish,of 12 ratings,$32
DHIL,$191.87,1440699360471,560,Not yet rated,NULL,N/A
FANG,$66.845,1440699360545,"436,735",50% bullish,of 2 ratings,$86.50
DCIX,$1.75,1440699360573,"77,310",50% bullish,of 4 ratings,$3.50
DRNA,$10.52,1440699360637,"27,888",67% bearish,of 3 ratings,$25
DGII,$9.71,1440699360768,"82,360",100% bearish,of 1 rating,$10
DMRC,$34.8,1440699360794,"22,779",100% bearish,of 1 rating,$44
DRAD,$3.69,1440699360847,"14,512",100% bullish,of 1 rating,$5.25
DGLY,$8.15,1440699360872,"137,553",50% bullish,of 6 ratings,$20
APPS,$2.3699,1440699361051,"56,716",100% bearish,of 1 rating,$10.25
DCOM,$16.85,1440699361231,"74,270",100% bearish,of 2 ratings,$16.50
DISCK,$25.5,1440699361274,"366,366",100% bearish,of 1 rating,$32
DISCA,$27.08,1440699361302,"894,747",67% bullish,of 3 ratings,$34
DIOD,$20.05,1440699361324,"54,155",75% bearish,of 4 ratings,$24
DISH,$59.38,1440699361360,"639,894",69% bullish,of 13 ratings,$73
DISCB,$27.0801,1440699361387,200,100% bearish,of 1 rating,$35
DPRX,$12.59,1440699361458,"3,406",100% bullish,of 2 ratings,$27.75
DSCO,$0.3726,1440699361661,"197,159",83% bullish,of 6 ratings,$2.75
DVCR,$10.8,1440699361737,"2,042",100% bullish,of 1 rating,N/A
DLHC,$2.4636,1440699361794,"2,034",100% bearish,of 1 rating,N/A
BAGR,$2.8,1440699361843,"25,082",100% bearish,of 1 rating,$6
DNBF,$26.3,1440699361927,200,Not yet rated,NULL,$27.50
DLTR,$76.51,1440699361979,"2,278,285",82% bullish,of 11 ratings,$88
DGICA,$14.295,1440699362059,"5,627",100% bearish,of 1 rating,$17
DMLP,$14.49,1440699362108,"24,625",100% bearish,of 1 rating,N/A
DGICB,NULL,1440699362144,0,100% bearish,of 1 rating,N/A
HILL,$9.67,1440699362382,"502,427",60% bearish,of 5 ratings,$9.75
DRWIW,$0.049,1440699362409,400,Not yet rated,NULL,N/A
DRWI,$0.2299,1440699362431,"71,390",60% bullish,of 5 ratings,$.45
DORM,$50.8,1440699362452,"45,860",100% bearish,of 1 rating,$56
DWA,$20.18,1440699362493,"404,448",63% bullish,of 8 ratings,$26
DSKX,$3.0999,1440699362626,"68,907",100% bullish,of 1 rating,N/A
DRYS,$0.4459,1440699362695,"4,481,517",77% bullish,of 31 ratings,$.60
CADTR,$0.2,1440699362911,"10,500",Not yet rated,NULL,N/A
DSPG,$8.73,1440699362949,"21,358",100% bearish,of 1 rating,$13.50
CADT,NULL,1440699362975,0,Not yet rated,NULL,N/A
DRRX,$2.02,1440699363105,"89,491",50% bullish,of 6 ratings,$3
DNKN,$51.52,1440699363139,"321,531",67% bullish,of 15 ratings,$56.50
CADTW,NULL,1440699363235,0,Not yet rated,NULL,N/A
CADTU,NULL,1440699363265,0,Not yet rated,NULL,N/A
DTSI,$26.59,1440699363290,"21,608",100% bearish,of 2 ratings,$39.50
DXPE,$26.505,1440699363319,"263,312",50% bullish,of 2 ratings,N/A
DYAX,$23.58,1440699363452,"392,603",89% bullish,of 9 ratings,$30
BOOM,$9.46,1440699363478,"52,931",67% bullish,of 3 ratings,$12
DYSL,$1.5317,1440699363499,"45,941",100% bullish,of 2 ratings,N/A
DYNT,$3,1440699363655,"7,747",75% bullish,of 4 ratings,N/A
DVAX,$28.17,1440699363680,"161,549",70% bullish,of 10 ratings,$40
ETFC,$26.535,1440699363890,"1,810,610",57% bullish,of 14 ratings,$32.50
EGRX,$80.55,1440699363921,"196,408",67% bullish,of 3 ratings,$97
EGBN,$41.98,1440699363991,"59,351",Not yet rated,NULL,$48
EGLE,$6.77,1440699364021,"6,464",60% bullish,of 5 ratings,N/A
EROC,$1.44,1440699364093,"238,290",50% bullish,of 2 ratings,$3
EBMT,$12.02,1440699364121,"2,597",Not yet rated,NULL,$13.50
ELNK,$8.48,1440699364158,"264,085",60% bullish,of 5 ratings,$9.50
EVBS,NULL,1440699364330,0,Not yet rated,NULL,$7
EWBC,$40.24,1440699364360,"386,645",100% bearish,of 1 rating,$50
EACQU,NULL,1440699364392,0,Not yet rated,NULL,N/A
EBAY,$27.01,1440699364465,"5,575,830",81% bullish,of 117 ratings,$48
EML,$16.79,1440699364497,"1,302",Not yet rated,NULL,N/A
EBIX,$28.56,1440699364601,"170,279",69% bullish,of 13 ratings,$40
ELON,$0.54,1440699364795,"38,407",50% bullish,of 2 ratings,N/A
ECHO,$23.5,1440699364825,"304,887",67% bearish,of 3 ratings,$35.50
ECTE,$1.5,1440699364847,"1,534",75% bullish,of 4 ratings,N/A
SATS,$44.84,1440699364921,"32,861",50% bullish,of 2 ratings,$60
EEI,$11.33,1440699365024,"6,741",67% bearish,of 3 ratings,N/A
ECACU,$10.06,1440699365091,100,Not yet rated,NULL,N/A
ESES,$3.43,1440699365182,500,100% bearish,of 1 rating,$7
EDGW,$7.01,1440699365217,"6,974",100% bearish,of 1 rating,N/A
EDAP,$3.545,1440699365244,"90,066",60% bullish,of 5 ratings,$4.50
EDUC,$5.24,1440699365284,"8,470",100% bearish,of 1 rating,N/A
EFUT,$4.4,1440699365309,"2,797",Not yet rated,NULL,N/A
EGAN,$3.53,1440699365467,"1,092,561",50% bullish,of 2 ratings,$6.25
EGLT,$10.5098,1440699365637,"19,689",50% bullish,of 2 ratings,$21
EHTH,$14.045,1440699365683,"40,300",50% bullish,of 4 ratings,$16.50
LOCO,$12.7164,1440699365780,"494,760",69% bullish,of 13 ratings,$20
EMITF,$1.2501,1440699365953,"6,994",75% bullish,of 4 ratings,N/A
ESLT,$77.084,1440699365982,"2,468",67% bullish,of 3 ratings,N/A
ELRC,$10.37,1440699366171,"15,786",100% bearish,of 1 rating,N/A
ERI,$9.65,1440699366198,"54,038",100% bearish,of 1 rating,$10
ESIO,$4.44,1440699366220,"64,100",50% bullish,of 2 ratings,$10
EFII,$43.89,1440699366271,"103,777",80% bullish,of 5 ratings,$55
EA,$66.62,1440699366358,"924,273",77% bullish,of 35 ratings,$80
ELSE,$3.8001,1440699366462,"1,247",60% bullish,of 5 ratings,N/A
ELEC,NULL,1440699366528,0,Not yet rated,NULL,N/A
ELECW,NULL,1440699366594,0,Not yet rated,NULL,N/A
ELECU,NULL,1440699366620,0,Not yet rated,NULL,N/A
EBIO,$3.525,1440699366667,"388,099",100% bearish,of 2 ratings,$8.35
CAPX,$22.83,1440699366803,"5,600",Not yet rated,NULL,N/A
RDEN,$10.53,1440699366856,"19,790",100% bearish,of 4 ratings,$15
ESBK,$19.62,1440699366935,340,Not yet rated,NULL,N/A
EMCI,$23.24,1440699366967,"8,582",Not yet rated,NULL,N/A
LONG,$17.09,1440699367072,"31,662",67% bullish,of 3 ratings,$15.75
ELTK,$1.2699,1440699367131,"87,166",67% bearish,of 3 ratings,N/A
EMKR,$6.95,1440699367266,"39,506",75% bullish,of 4 ratings,$8.50
EMMSP,NULL,1440699367392,0,100% bearish,of 1 rating,N/A
EMCF,$23.2999,1440699367418,300,100% bearish,of 1 rating,N/A
EMMS,$1.15,1440699367504,"32,650",83% bullish,of 6 ratings,N/A
ERS,$2.87,1440699367533,"2,300",Not yet rated,NULL,N/A
ENTA,$41.53,1440699367635,"75,709",50% bullish,of 2 ratings,$42
ENDP,$78.89,1440699367687,"460,053",50% bullish,of 6 ratings,$104
NYNY,$4.2455,1440699367714,"13,946",50% bullish,of 2 ratings,N/A
ECPG,$39.395,1440699367736,"62,838",100% bullish,of 2 ratings,$52
WIRE,$30.98,1440699367867,"44,695",100% bearish,of 1 rating,$37
ECYT,$5.14,1440699367892,"83,607",83% bullish,of 6 ratings,$12
ELGX,$13.04,1440699368048,"182,495",75% bullish,of 4 ratings,$17
EIGI,$15.5,1440699368083,"162,547",67% bearish,of 3 ratings,$22.50
ERII,$2.69,1440699368149,"20,664",80% bullish,of 5 ratings,$2.50
EFOI,$19.18,1440699368215,"976,093",50% bullish,of 2 ratings,$20.50
WATT,$6.41,1440699368279,"70,766",50% bullish,of 2 ratings,$13
ENG,$0.9993,1440699368374,"7,110",100% bullish,of 3 ratings,N/A
EXXI,$1.71,1440699368476,"1,348,136",86% bullish,of 7 ratings,$3.50
ENOC,$8.49,1440699368504,"66,250",75% bullish,of 4 ratings,$18
ESGR,$144.76,1440699368536,"4,845",100% bearish,of 1 rating,$185
ENFC,NULL,1440699368637,0,Not yet rated,NULL,N/A
ENPH,$4.7,1440699368707,"339,687",75% bullish,of 4 ratings,$11
ETRM,$0.2661,1440699368836,"623,502",69% bearish,of 35 ratings,$1.625
ENTG,$13.74,1440699368862,"178,998",100% bearish,of 1 rating,$18
ENTL,$22.16,1440699368990,"3,800",Not yet rated,NULL,$28
EBTC,$21.7,1440699369091,"2,980",Not yet rated,NULL,N/A
EFSC,$23.65,1440699369124,"26,924",Not yet rated,NULL,$27
ENZN,$1.06,1440699369225,"426,272",100% bullish,of 9 ratings,N/A
EGT,$2.12,1440699369260,706,100% bullish,of 1 rating,N/A
ENZY,$9.14,1440699369287,"3,852",67% bullish,of 3 ratings,$9.50
ENVI,$1.83,1440699369361,"43,534",67% bullish,of 3 ratings,N/A
EPRS,$4.95,1440699369388,"51,736",82% bullish,of 11 ratings,$15
EQIX,$267.78,1440699369467,"183,007",75% bullish,of 4 ratings,$312.50
EPZM,$17.37,1440699369519,"141,495",60% bullish,of 5 ratings,$34
EPIQ,$12.99,1440699369550,"24,556",100% bearish,of 1 rating,$18
PLUS,$75.3,1440699369654,"36,939",50% bullish,of 2 ratings,$88
EQFN,$8.03,1440699369738,200,100% bearish,of 1 rating,N/A
EAC,$3.23,1440699369837,"5,035",100% bearish,of 1 rating,$8
ERIC,$9.87,1440699370034,"740,314",67% bullish,of 9 ratings,$12.20
ERIE,$82.8,1440699370062,"4,660",Not yet rated,NULL,$73
ESCR,$0.13,1440699370087,"155,520",50% bullish,of 2 ratings,N/A
ESCA,$17.17,1440699370134,"3,206",100% bearish,of 1 rating,$22
ESCRP,$1.1501,1440699370375,"2,100",100% bearish,of 1 rating,N/A
ESND,$34.17,1440699370539,"34,114",100% bearish,of 2 ratings,$40
ESMC,$1.3,1440699370570,"2,406",Not yet rated,NULL,N/A
EPIX,NULL,1440699370597,0,Not yet rated,NULL,N/A
ESPR,$51.79,1440699370622,"314,642",70% bearish,of 10 ratings,$123
ESSX,$0.361,1440699370655,"64,438",50% bullish,of 2 ratings,N/A
ESSA,$12.7501,1440699370686,646,100% bearish,of 1 rating,N/A
ETSY,$13.92,1440699370790,"339,489",80% bullish,of 5 ratings,$16
CLWT,$2.41,1440699370827,200,100% bullish,of 1 rating,N/A
EEFT,$65.21,1440699370966,"123,683",100% bearish,of 1 rating,$67.50
ESEA,$5.55,1440699371070,401,100% bullish,of 1 rating,$15
EVOL,$6.1,1440699371289,"3,725",75% bullish,of 4 ratings,$10
EVEP,$8.26,1440699371318,"223,078",50% bullish,of 2 ratings,$15
EVK,$3.75,1440699371339,300,75% bearish,of 4 ratings,N/A
EVOK,$4.0201,1440699371395,"17,317",100% bearish,of 1 rating,$13.375
EXA,$11.21,1440699371466,"4,950",100% bearish,of 1 rating,$13
EVLV,$2.5,1440699371494,"103,484",60% bullish,of 5 ratings,$6
EXAC,$18.5,1440699371523,"64,408",100% bearish,of 1 rating,$22.50
EXEL,$5.95,1440699371549,"4,527,913",81% bullish,of 16 ratings,$6
EXAS,$22.1,1440699371769,"516,173",78% bullish,of 9 ratings,$31
EXLS,$35.99,1440699371800,"87,753",50% bullish,of 2 ratings,$41
EXPE,$117.1115,1440699371826,"445,626",64% bullish,of 11 ratings,$130
EXFO,$2.98,1440699371901,"19,552",67% bearish,of 3 ratings,$3.95
EXPD,$49.95,1440699372031,"618,707",80% bullish,of 5 ratings,$52
EXPO,$42.68,1440699372082,"46,101",100% bearish,of 1 rating,$45.50
EXTR,$2.775,1440699372246,"367,765",80% bullish,of 5 ratings,$3
EXLP,$19.075,1440699372272,"92,200",100% bearish,of 1 rating,$25
EYEG,$3.6724,1440699372307,"8,005",Not yet rated,NULL,N/A
ESRX,$85.06,1440699372328,"1,052,466",67% bearish,of 6 ratings,$101
EYEGW,$0.9024,1440699372402,172,Not yet rated,NULL,N/A
EZCH,$22.54,1440699372462,"127,197",75% bullish,of 8 ratings,$19.50
EZPW,$5.89,1440699372534,"108,181",50% bullish,of 4 ratings,$7.50
FB,$88.88,1440699372674,"16,175,067",73% bullish,of 1067 ratings,$111
FFIV,$122.8043,1440699372750,"419,794",63% bullish,of 8 ratings,$132
FCS,$13.54,1440699372776,"278,930",67% bearish,of 3 ratings,$17
FRP,$15.54,1440699372950,"75,079",100% bearish,of 1 rating,$18
FWM,$2.42,1440699372972,"77,170",100% bearish,of 2 ratings,$3.20
FALC,$1.66,1440699373013,"80,743",63% bearish,of 8 ratings,N/A
DAVE,$14.54,1440699373052,"2,857",100% bearish,of 1 rating,$15.50
FARM,$21.52,1440699373144,"33,037",100% bearish,of 1 rating,$35
FFKT,$25.89,1440699373173,"6,636",Not yet rated,NULL,$29
FMNB,$8.09,1440699373195,"10,772",Not yet rated,NULL,N/A
FARO,$37.78,1440699373327,"20,476",50% bullish,of 2 ratings,$48
FAST,$38.8699,1440699373353,"871,403",80% bullish,of 5 ratings,$45.50
FATE,$6.615,1440699373484,"10,504",50% bullish,of 2 ratings,$11
FBSS,NULL,1440699373515,0,Not yet rated,NULL,N/A
FBRC,$21.98,1440699373541,"39,188",100% bearish,of 1 rating,$29
FNHC,$21.835,1440699373721,"20,479",100% bearish,of 1 rating,$35
FDML,$8.4,1440699373751,"149,161",50% bullish,of 4 ratings,$14
FEIC,$75.19,1440699373851,"110,484",50% bullish,of 2 ratings,$95.50
FENX,$9.59,1440699373885,"12,192",100% bullish,of 1 rating,$14.25
FGEN,$23.74,1440699373948,"92,345",100% bearish,of 1 rating,$39
FHCO,$1.3598,1440699373978,"4,088",50% bullish,of 4 ratings,N/A
FCSC,$5.56,1440699374085,"46,063",100% bearish,of 1 rating,$8.125
LION,$18.9,1440699374155,"44,009",100% bullish,of 1 rating,$20
ONEQ,$189.195,1440699374215,"27,140",100% bullish,of 1 rating,N/A
FRGI,$52.0001,1440699374376,"64,374",50% bullish,of 2 ratings,$70
FDUS,$14.29,1440699374480,"21,563",50% bullish,of 2 ratings,$18
FSAM,$8.328,1440699374519,"4,734",100% bearish,of 1 rating,$10.25
FSC,$6.405,1440699374550,"481,094",60% bullish,of 5 ratings,$8
FITB,$19.92,1440699374631,"3,607,123",54% bullish,of 13 ratings,$22
FSCFL,$24.49,1440699374656,"7,056",Not yet rated,NULL,N/A
FSFR,$8.88,1440699374707,"37,945",100% bearish,of 1 rating,$11.50
FITBI,$27.5,1440699374862,"15,355",Not yet rated,NULL,N/A
FISI,$24.74,1440699374938,"60,880",100% bullish,of 2 ratings,$24.50
FNGN,$32.56,1440699374967,"115,533",67% bullish,of 3 ratings,$47
FNJN,$1.8999,1440699375007,"58,572",100% bearish,of 1 rating,$5
FNSR,$15.64,1440699375036,"364,080",71% bullish,of 7 ratings,$24.50
FNTCU,NULL,1440699375106,0,Not yet rated,NULL,N/A
FNTCW,NULL,1440699375208,0,Not yet rated,NULL,N/A
FNTC,$9.79,1440699375236,151,Not yet rated,NULL,N/A
FEYE,$39.36,1440699375454,"1,943,126",87% bullish,of 15 ratings,$55.50
FNLC,$18.8999,1440699375480,"12,026",100% bullish,of 1 rating,N/A
FRBA,$6.0773,1440699375532,"2,300",Not yet rated,NULL,$8
FBNC,$17.1,1440699375564,"6,710",100% bullish,of 1 rating,$20
FCVA,$4.6201,1440699375612,"1,932",Not yet rated,NULL,N/A
FBIZ,$44,1440699375670,"6,813",100% bearish,of 2 ratings,$52
BUSE,$6.36,1440699375699,"19,942",Not yet rated,NULL,$6.875
FCFS,$39.685,1440699375836,"52,099",100% bearish,of 3 ratings,$48
FCAP,$27.4,1440699375861,88,Not yet rated,NULL,N/A
FCBC,$17.64,1440699376008,"7,485",Not yet rated,NULL,$18
FCLF,NULL,1440699376037,0,Not yet rated,NULL,N/A
FCNCA,$238.12,1440699376058,"1,759",Not yet rated,NULL,N/A
FCCO,$12.05,1440699376194,"3,350",Not yet rated,NULL,$13.25
FCFP,$6.823,1440699376216,250,Not yet rated,NULL,N/A
FBNK,$17.12,1440699376293,"21,500",100% bearish,of 1 rating,$17.50
FDEF,$38,1440699376350,"17,512",Not yet rated,NULL,$38
FFBC,$18.35,1440699376376,"73,791",67% bearish,of 3 ratings,$20.25
FFNM,$6.2,1440699376406,"1,450",Not yet rated,NULL,N/A
FFBCW,NULL,1440699376505,0,100% bearish,of 1 rating,N/A
THFF,$32.9,1440699376533,"11,074",Not yet rated,NULL,$35
FFNW,$12.11,1440699376591,"9,785",Not yet rated,NULL,$14
FFIN,$30.75,1440699376620,"57,509",50% bullish,of 2 ratings,$31.75
FFWM,$21.25,1440699376854,"25,572",Not yet rated,NULL,$24
INBK,$30.291,1440699376880,"4,155",50% bullish,of 2 ratings,$37
FIBK,$26.54,1440699376935,"46,929",Not yet rated,NULL,$32
FMBH,NULL,1440699377067,0,Not yet rated,NULL,N/A
FRME,$25.78,1440699377105,"52,160",Not yet rated,NULL,$26.50
FMBI,$17.5,1440699377166,"118,372",Not yet rated,NULL,$20
FNBC,$34.58,1440699377214,"42,369",Not yet rated,NULL,$40
FNFG,$9.105,1440699377243,"834,359",80% bullish,of 5 ratings,$9
FSFG,NULL,1440699377345,0,Not yet rated,NULL,N/A
FNWB,NULL,1440699377371,0,Not yet rated,NULL,N/A
FSBK,$7.77,1440699377448,"2,549",100% bullish,of 1 rating,N/A
FSGI,$2.47,1440699377505,"1,275",Not yet rated,NULL,N/A
FBZ,NULL,1440699377635,0,Not yet rated,NULL,N/A
FSLR,$47.48,1440699377669,"731,696",72% bullish,of 39 ratings,$65
BICK,$19.87,1440699377694,"9,522",100% bullish,of 1 rating,N/A
FCAN,$24.3988,1440699377838,"3,151",Not yet rated,NULL,N/A
FCA,$20.2868,1440699378007,"1,377",Not yet rated,NULL,N/A
FV,$23.54,1440699378080,"2,821,075",100% bearish,of 1 rating,N/A
FEMB,NULL,1440699378114,0,Not yet rated,NULL,N/A
IFV,$17.95,1440699378144,"366,465",100% bearish,of 1 rating,N/A
FTCS,$36.69,1440699378174,"14,678",100% bearish,of 1 rating,N/A
FTSM,$59.8414,1440699378206,"12,410",100% bearish,of 1 rating,N/A
FEUZ,$31.452,1440699378243,318,Not yet rated,NULL,N/A
MDIV,$19.248,1440699378274,"98,784",Not yet rated,NULL,N/A
TDIV,$24.7,1440699378407,"69,501",100% bearish,of 1 rating,N/A
FGM,$35.978,1440699378486,"5,766",Not yet rated,NULL,N/A
FTGC,$22.1599,1440699378625,"24,992",Not yet rated,NULL,N/A
HYLS,$49.7286,1440699378726,"20,363",100% bearish,of 1 rating,N/A
FTHI,$19.375,1440699378859,"2,500",Not yet rated,NULL,N/A
YDIV,$16.4692,1440699378886,"5,194",Not yet rated,NULL,N/A
FHK,$33.971,1440699378913,"22,038",Not yet rated,NULL,N/A
SKYY,$28.9486,1440699378939,"38,588",100% bullish,of 1 rating,N/A
FPXI,$27.46,1440699378967,703,Not yet rated,NULL,N/A
CU,$13.0809,1440699378988,"3,448",100% bearish,of 1 rating,N/A
FJP,$47.735,1440699379121,"4,141",Not yet rated,NULL,N/A
PLTM,$6.22,1440699379209,"14,691",100% bearish,of 1 rating,N/A
LMBS,$50.0501,1440699379318,547,Not yet rated,NULL,N/A
FMB,$51.1425,1440699379362,165,Not yet rated,NULL,N/A
FTLB,$19.35,1440699379387,"1,447",100% bearish,of 1 rating,N/A
QABA,$37.52,1440699379604,"8,260",100% bearish,of 1 rating,N/A
FONE,$35.3724,1440699379651,"1,960",Not yet rated,NULL,N/A
CIBR,$18.07,1440699379676,"77,673",Not yet rated,NULL,N/A
RDVY,$21.24,1440699379806,"8,418",Not yet rated,NULL,N/A
QCLN,$14.93,1440699379833,"15,693",Not yet rated,NULL,N/A
GRID,NULL,1440699379865,0,100% bearish,of 1 rating,N/A
QQEW,$41.998,1440699379885,"59,745",Not yet rated,NULL,N/A
CARZ,$35.006,1440699379906,"3,853",100% bearish,of 1 rating,N/A
QTEC,$40.195,1440699380096,"56,093",Not yet rated,NULL,N/A
QQXT,$40.7499,1440699380123,"26,157",Not yet rated,NULL,N/A
QINC,NULL,1440699380256,0,Not yet rated,NULL,N/A
AIRR,$16.13,1440699380322,"11,524",100% bearish,of 1 rating,N/A
FTSL,$48.8075,1440699380467,"29,044",100% bearish,of 1 rating,N/A
FDIV,$44.8284,1440699380524,"6,205",100% bearish,of 1 rating,N/A
FKO,$23,1440699380554,147,Not yet rated,NULL,N/A
FTW,NULL,1440699380584,0,Not yet rated,NULL,N/A
FSZ,$39.349,1440699380605,"5,741",Not yet rated,NULL,N/A
TUSA,$24.8599,1440699380626,389,Not yet rated,NULL,N/A
FKU,$41.86,1440699380662,"7,392",Not yet rated,NULL,N/A
FUNC,$8.2,1440699380807,300,Not yet rated,NULL,N/A
SVVC,$9.4932,1440699380937,"13,274",50% bullish,of 2 ratings,$26
FMER,$17.85,1440699380963,"599,083",50% bullish,of 2 ratings,$20
FISV,$86.57,1440699380993,"633,981",100% bearish,of 3 ratings,$90
FSV,$31.32,1440699381093,"3,146",Not yet rated,NULL,$33.60
FIVE,$37.36,1440699381226,"294,962",75% bearish,of 4 ratings,$44
FPRX,$18.62,1440699381257,"100,676",50% bullish,of 2 ratings,$35
FLML,$22.65,1440699381379,"101,468",50% bullish,of 2 ratings,$30
FLKS,$12.28,1440699381423,"8,412",50% bullish,of 2 ratings,$27
FIVN,$4.11,1440699381451,"67,205",100% bullish,of 1 rating,$8.50
FLXN,$24.3916,1440699381485,"50,983",100% bearish,of 1 rating,$40
MBSD,NULL,1440699381584,0,Not yet rated,NULL,N/A
SKOR,NULL,1440699381612,0,Not yet rated,NULL,N/A
FLIR,$28.53,1440699381715,"612,227",100% bearish,of 1 rating,$38.50
FLXS,$31.79,1440699381743,"9,290",100% bearish,of 2 ratings,N/A
FLEX,$10.63,1440699381771,"881,263",63% bullish,of 8 ratings,$12
FLDM,$11.35,1440699381906,"319,877",67% bearish,of 3 ratings,$15
FFIC,$19.95,1440699382128,"27,679",Not yet rated,NULL,$21
FONR,$9.7301,1440699382155,"9,236",100% bullish,of 1 rating,N/A
FOMX,$10.08,1440699382188,"54,949",50% bullish,of 2 ratings,$23.50
FES,$0.886,1440699382215,"43,476",50% bullish,of 2 ratings,$1
FOGO,$18.32,1440699382290,"46,991",50% bullish,of 2 ratings,$25.50
FORR,$32.23,1440699382344,"17,008",Not yet rated,NULL,N/A
FORTY,NULL,1440699382374,0,100% bearish,of 1 rating,N/A
FORM,$6.32,1440699382395,"101,843",67% bullish,of 3 ratings,$10.50
FTNT,$43.0743,1440699382625,"407,059",80% bullish,of 10 ratings,$52
FBIO,$2.61,1440699382725,"29,785",83% bullish,of 6 ratings,N/A
FORD,$2.26,1440699382752,"7,272,019",67% bullish,of 3 ratings,N/A
FWRD,$45.47,1440699382773,"161,664",100% bearish,of 1 rating,$50
FMI,$22.005,1440699382903,"89,242",100% bearish,of 2 ratings,$27.50
FWP,$26.33,1440699382929,"28,169",100% bearish,of 1 rating,$45
FOSL,$60.93,1440699382956,"370,349",60% bearish,of 5 ratings,$80
FXCB,$17.1,1440699383117,"27,318",Not yet rated,NULL,$19
FRED,$12.86,1440699383180,"265,842",50% bullish,of 2 ratings,$16.50
FOXF,$15.5,1440699383215,"12,332",100% bearish,of 1 rating,$19
FRAN,$11.17,1440699383244,"203,098",50% bullish,of 4 ratings,$15
FELE,$28.47,1440699383312,"85,543",50% bullish,of 4 ratings,$33
FREE,$0.3692,1440699383377,"449,571",92% bullish,of 12 ratings,N/A
RAIL,$19.71,1440699383443,"37,565",100% bearish,of 1 rating,$24.50
FRPT,$12.72,1440699383580,"237,773",67% bearish,of 3 ratings,$23.50
FEIM,$11.2808,1440699383671,"1,108",100% bearish,of 1 rating,N/A
FRPH,$30.62,1440699383827,"1,869",100% bearish,of 1 rating,N/A
FTR,$4.95,1440699383853,"9,460,691",78% bullish,of 27 ratings,$6.25
FTRPR,$99.3,1440699383874,"3,020",100% bearish,of 1 rating,N/A
FTEK,$2.0291,1440699384007,"20,178",75% bullish,of 4 ratings,N/A
FSBW,$23.15,1440699384035,777,Not yet rated,NULL,N/A
FSYS,$6.46,1440699384066,"9,021",67% bullish,of 3 ratings,$10
FCEL,$0.7389,1440699384167,"947,890",88% bullish,of 41 ratings,$2.65
FTD,$29.86,1440699384194,"40,627",100% bearish,of 1 rating,$40
FLL,$1.4525,1440699384330,"7,648",75% bullish,of 4 ratings,$3.50
FULLL,NULL,1440699384358,0,Not yet rated,NULL,N/A
FULL,$3.089,1440699384390,"151,646",67% bearish,of 3 ratings,$4.25
FSNN,$2.28,1440699384490,100,67% bullish,of 3 ratings,$6
FULT,$12.14,1440699384521,"258,365",100% bearish,of 1 rating,$13
FFHL,NULL,1440699384621,0,50% bullish,of 4 ratings,N/A
FXEN,$0.8603,1440699384763,"25,788",75% bullish,of 4 ratings,$1.10
FXENP,NULL,1440699384796,0,100% bearish,of 1 rating,N/A
GK,$67.67,1440699384889,"21,489",Not yet rated,NULL,$78
GLPG,$61.557,1440699384921,"13,581",100% bullish,of 1 rating,$75
GAIA,$6,1440699385026,"15,896",50% bullish,of 2 ratings,$8.50
GALT,$1.93,1440699385089,"39,696",80% bullish,of 5 ratings,N/A
WILC,$4.85,1440699385118,970,100% bullish,of 2 ratings,N/A
GALTU,NULL,1440699385138,0,100% bearish,of 1 rating,N/A
GALTW,NULL,1440699385170,0,100% bullish,of 1 rating,N/A
GALE,$1.5,1440699385327,"473,858",89% bullish,of 47 ratings,$4
GLPI,$31.65,1440699385402,"300,619",100% bearish,of 1 rating,$37.50
GPIC,NULL,1440699385495,0,100% bearish,of 1 rating,N/A
GLMD,$8.86,1440699385529,"9,516",67% bullish,of 3 ratings,$20.50
GGAC,$9.88,1440699385562,"6,232",100% bearish,of 1 rating,N/A
GGACW,$0.1499,1440699385856,"301,600",Not yet rated,NULL,N/A
GRMN,$38.05,1440699385885,"388,070",50% bullish,of 6 ratings,$46.50
GGACR,$0.25,1440699385907,"310,354",100% bullish,of 1 rating,N/A
GGACU,$10.3,1440699385946,"12,700",Not yet rated,NULL,N/A
GNCMA,$17.0075,1440699386037,"160,272",100% bearish,of 1 rating,$12
GARS,$14.27,1440699386065,"24,100",Not yet rated,NULL,$16
GENC,$9.28,1440699386087,800,100% bearish,of 1 rating,N/A
GFN,$3.7,1440699386248,"5,368",100% bearish,of 2 ratings,$8
GFNCP,$95,1440699386279,260,Not yet rated,NULL,N/A
GFNSL,$25.7499,1440699386379,"2,900",Not yet rated,NULL,N/A
GENE,$2.133,1440699386405,"154,248",100% bullish,of 12 ratings,N/A
GNMK,$9.515,1440699386463,"34,975",67% bullish,of 6 ratings,$14
GNCA,$12.1,1440699386569,"47,138",100% bearish,of 1 rating,$20
GHDX,$26.29,1440699386633,"57,096",50% bullish,of 2 ratings,$30
GTWN,NULL,1440699386820,0,Not yet rated,NULL,N/A
THRM,$44.35,1440699386849,"92,027",75% bearish,of 4 ratings,$55.50
GNTX,$15.2,1440699386875,"943,893",Not yet rated,NULL,$20
GNVC,$2.48,1440699386910,"3,300",90% bullish,of 10 ratings,$8.50
GEOS,$15.83,1440699387043,"99,860",100% bearish,of 3 ratings,$21
GEVO,$2.36,1440699387072,"274,117",75% bullish,of 12 ratings,$5
GABC,$29.35,1440699387093,"9,578",Not yet rated,NULL,$31
GERN,$3.03,1440699387126,"688,810",88% bullish,of 16 ratings,$5.25
ROCK,$16.43,1440699387231,"41,999",80% bullish,of 5 ratings,$24
GIGM,$0.56,1440699387328,"19,049",100% bullish,of 2 ratings,N/A
GIGA,$1.44,1440699387431,"13,310",100% bearish,of 1 rating,N/A
GIII,$68.055,1440699387500,"107,624",67% bullish,of 3 ratings,$75
GILT,$4.3452,1440699387531,"8,527",50% bullish,of 2 ratings,N/A
GBCI,$25.72,1440699387632,"135,964",50% bullish,of 2 ratings,$31
GILD,$107.69,1440699387691,"4,154,823",91% bullish,of 87 ratings,$129
GLAD,$8.63,1440699387734,"212,581",50% bullish,of 2 ratings,$8.75
GLADO,$25.5899,1440699387824,"1,640",Not yet rated,NULL,N/A
GOOD,$14.67,1440699387881,"42,075",Not yet rated,NULL,$19
GOODO,$25.0601,1440699387908,"1,019",Not yet rated,NULL,N/A
GOODP,NULL,1440699387930,0,Not yet rated,NULL,N/A
GOODN,NULL,1440699387959,0,Not yet rated,NULL,N/A
GAINN,$25.118,1440699388145,"3,225",Not yet rated,NULL,N/A
GAINO,$25.2564,1440699388256,500,Not yet rated,NULL,N/A
GAIN,$7.385,1440699388322,"73,790",100% bullish,of 2 ratings,$8.25
GAINP,$25.9726,1440699388403,"2,029",Not yet rated,NULL,N/A
LAND,$9.4,1440699388457,"24,558",50% bullish,of 2 ratings,$13.75
GLBZ,NULL,1440699388507,0,Not yet rated,NULL,N/A
GDEF,NULL,1440699388598,0,Not yet rated,NULL,N/A
ENT,$11.51,1440699388630,"71,618",100% bearish,of 1 rating,$18
GSOL,$7.94,1440699388730,"11,220",100% bearish,of 1 rating,N/A
GBT,$41.9646,1440699388758,"36,160",100% bearish,of 1 rating,N/A
GPACU,NULL,1440699388791,0,Not yet rated,NULL,N/A
GBLI,$26.77,1440699388896,"4,442",Not yet rated,NULL,N/A
QQQC,$19.6325,1440699388926,"5,107",100% bearish,of 1 rating,N/A
ACTX,$13.2068,1440699388952,"4,251",100% bullish,of 1 rating,N/A
SOCL,$17.6999,1440699388980,"18,403",100% bullish,of 2 ratings,N/A
ALTY,$14.35,1440699389085,558,Not yet rated,NULL,N/A
SRET,$13.2725,1440699389283,"2,201",Not yet rated,NULL,N/A
YLCO,NULL,1440699389386,0,Not yet rated,NULL,N/A
GSM,$13.66,1440699389478,"161,149",50% bullish,of 2 ratings,$23
GAI,$5.93,1440699389562,10,50% bullish,of 2 ratings,N/A
GLBS,$1.011,1440699389590,"13,100",67% bullish,of 3 ratings,N/A
GLRI,$1.03,1440699389611,"7,899",100% bearish,of 1 rating,$4.25
GLUU,$4.375,1440699389632,"1,388,320",92% bullish,of 26 ratings,$9
GBIM,$2.22,1440699389766,"18,921",50% bullish,of 2 ratings,N/A
GOGO,$15.6,1440699389980,"313,132",80% bullish,of 5 ratings,$25
GLYC,$6.97,1440699390013,"3,720",50% bullish,of 2 ratings,$14
GMLP,$17.66,1440699390041,"219,619",50% bullish,of 4 ratings,$32.50
GLNG,$36.768,1440699390115,"391,841",83% bullish,of 6 ratings,$58
GLDC,$4.15,1440699390175,5,50% bullish,of 2 ratings,N/A
GDEN,$8.95,1440699390307,"1,600",50% bullish,of 2 ratings,N/A
GOGL,$2.82,1440699390367,"225,724",75% bullish,of 4 ratings,$5
GBDC,$16.735,1440699390434,"75,846",Not yet rated,NULL,$17.75
GOOG,$627.62,1440699390462,"892,159",89% bullish,of 70 ratings,$825
GTIM,$6.68,1440699390494,"27,224",Not yet rated,NULL,$11.50
GOOGL,$658.36,1440699390532,"835,511",88% bullish,of 1080 ratings,$749
GPRO,$47.7932,1440699390667,"3,935,302",78% bullish,of 58 ratings,$72
GMAN,$3.64,1440699390875,"59,001",60% bullish,of 5 ratings,$8.50
GPIAW,$0.975,1440699390924,"4,500",Not yet rated,NULL,N/A
GRVY,$3.1,1440699390977,"3,675",50% bullish,of 2 ratings,N/A
LOPE,$37.44,1440699391007,"90,258",100% bearish,of 2 ratings,$50
GBSN,$0.3956,1440699391035,"7,471,833",50% bullish,of 2 ratings,$8.25
GPIAU,NULL,1440699391137,0,Not yet rated,NULL,N/A
GBSNU,NULL,1440699391193,0,NULL,NULL,NULL
GPIA,NULL,1440699391323,0,Not yet rated,NULL,N/A
GLDD,$5.35,1440699391382,"71,037",100% bearish,of 4 ratings,$7.75
GNBC,$11.74,1440699391483,"6,985",100% bearish,of 1 rating,$16.50
GSBC,$39.97,1440699391509,"13,095",100% bullish,of 1 rating,$44
GRBK,$12.14,1440699391535,"121,024",77% bullish,of 13 ratings,N/A
GCBC,NULL,1440699391590,0,100% bullish,of 1 rating,N/A
GPP,$13.344,1440699391716,"38,791",Not yet rated,NULL,$20.50
GPRE,$19.59,1440699391773,"266,562",67% bullish,of 6 ratings,$28.50
GRPN,$4.3033,1440699391881,"4,389,708",61% bullish,of 71 ratings,$6.75
GRIF,$30.12,1440699391907,"1,088",100% bearish,of 1 rating,N/A
GRFS,$30.5,1440699391936,"206,107",50% bullish,of 2 ratings,$35
GLRE,$24.84,1440699392040,"89,577",50% bullish,of 2 ratings,$41
OMAB,$40.36,1440699392073,"20,780",100% bullish,of 1 rating,$44
GGAL,$19.71,1440699392098,"121,084",80% bullish,of 5 ratings,$40
GSIG,$12.87,1440699392298,"17,632",100% bearish,of 2 ratings,N/A
GTXI,$0.8013,1440699392346,"10,937",100% bullish,of 5 ratings,$.75
GSIT,$4.65,1440699392383,"9,394",100% bearish,of 1 rating,N/A
GFED,NULL,1440699392482,0,Not yet rated,NULL,$17
GUID,$7.21,1440699392538,"74,734",100% bearish,of 3 ratings,$10
GBNK,$15.48,1440699392613,"9,205",100% bearish,of 1 rating,$18
GSVC,$8.92,1440699392709,"40,225",50% bullish,of 2 ratings,$14.50
GULTU,$0.298,1440699392739,"264,971",100% bearish,of 1 rating,N/A
GIFI,$11.62,1440699392838,"13,807",100% bearish,of 1 rating,$16
GPOR,$35.63,1440699392938,"855,060",75% bullish,of 4 ratings,$55
GURE,$1.65,1440699393021,"16,935",88% bullish,of 8 ratings,N/A
GWGH,NULL,1440699393126,0,100% bearish,of 1 rating,$15.05
HNRG,$7.67,1440699393256,"83,968",100% bearish,of 1 rating,$10
HEES,$18.47,1440699393287,"340,652",67% bearish,of 3 ratings,$31
HLG,$8.0501,1440699393316,200,100% bearish,of 1 rating,N/A
GYRO,NULL,1440699393391,0,100% bearish,of 1 rating,N/A
GWPH,$108.03,1440699393417,"88,561",78% bullish,of 9 ratings,$148.50
HALO,$17.85,1440699393492,"446,183",67% bullish,of 3 ratings,$22.50
HALL,$11.36,1440699393565,"9,799",Not yet rated,NULL,N/A
HMPR,$1.88,1440699393705,"11,185",100% bullish,of 1 rating,N/A
HBK,$13.8,1440699393736,300,50% bullish,of 2 ratings,N/A
HBHC,$27.665,1440699393906,"228,938",50% bullish,of 2 ratings,$30
HAFC,$24.19,1440699393954,"81,450",100% bullish,of 2 ratings,$28.50
HNH,$25.95,1440699393979,"10,210",100% bullish,of 1 rating,N/A
HBHCL,$24.47,1440699394035,"10,177",Not yet rated,NULL,N/A
HNSN,$0.513,1440699394131,"59,230",88% bullish,of 8 ratings,$.40
HQCL,$12.31,1440699394186,"28,415",67% bullish,of 3 ratings,$14
HLIT,$5.76,1440699394212,"120,702",100% bearish,of 1 rating,$6.50
HRMN,NULL,1440699394238,0,Not yet rated,NULL,N/A
HDNG,$9.6002,1440699394446,"9,825",50% bullish,of 4 ratings,N/A
HRMNU,NULL,1440699394480,0,Not yet rated,NULL,N/A
HART,$0.89,1440699394697,"58,525",100% bearish,of 1 rating,N/A
HRMNW,NULL,1440699394732,0,Not yet rated,NULL,N/A
TINY,$2.4899,1440699394784,"20,093",50% bullish,of 2 ratings,$5.26
HBIO,$4.4,1440699394820,"25,298",Not yet rated,NULL,$10
HCAPL,$25.15,1440699394915,"1,800",Not yet rated,NULL,N/A
HCAP,$12.02,1440699394946,"15,195",50% bullish,of 2 ratings,$15
HA,$22.68,1440699394972,"438,814",67% bullish,of 9 ratings,$27
HAS,$75.1345,1440699395003,"330,243",63% bullish,of 8 ratings,$84.50
HCOM,$22.02,1440699395082,"4,552",100% bearish,of 1 rating,$28
HWKN,$36.84,1440699395161,"13,236",Not yet rated,NULL,N/A
HWBK,$13.63,1440699395262,800,100% bearish,of 1 rating,N/A
HDS,$32.77,1440699395335,"951,272",100% bearish,of 2 ratings,$39.50
HAYN,$37.75,1440699395395,"30,386",100% bearish,of 1 rating,$59
HIIQ,$4.68,1440699395477,"32,270",50% bullish,of 2 ratings,$7
HWAY,$12.04,1440699395688,"76,398",100% bearish,of 1 rating,$15
HCSG,$33.47,1440699395713,"69,429",50% bullish,of 4 ratings,$35
HQY,$29.23,1440699395780,"81,273",67% bullish,of 3 ratings,$31
HSTM,$24.91,1440699395882,"33,000",50% bullish,of 2 ratings,$33.75
HTLD,$20.41,1440699395930,"137,807",Not yet rated,NULL,$22.50
HTLF,$35.94,1440699395956,"21,492",100% bullish,of 1 rating,$39.50
HTWR,$84.62,1440699396138,"85,988",50% bullish,of 2 ratings,$103
HSII,$19.515,1440699396204,"24,114",100% bullish,of 3 ratings,$25
HELE,$85.2536,1440699396230,"67,464",67% bearish,of 3 ratings,$100
HTBX,$5.16,1440699396280,"5,675",50% bullish,of 2 ratings,$15.50
HMTV,$13.63,1440699396421,"16,614",100% bearish,of 1 rating,$16
HMNY,NULL,1440699396447,0,100% bearish,of 1 rating,N/A
HSIC,$138.41,1440699396622,"178,151",83% bullish,of 6 ratings,$146
HNNA,$24.64,1440699396677,"1,831",Not yet rated,NULL,N/A
HTBK,$10.602,1440699396750,"19,281",Not yet rated,NULL,$12
HFWA,$17.54,1440699396776,"16,759",100% bullish,of 1 rating,$20
HCACU,NULL,1440699396808,0,Not yet rated,NULL,N/A
HCCI,$11.13,1440699396849,"15,966",100% bearish,of 1 rating,$16.50
HEOP,$7.665,1440699396905,"5,718",Not yet rated,NULL,$8.50
HRTX,$34.28,1440699397008,"211,087",67% bullish,of 6 ratings,$41
MLHR,$27.06,1440699397029,"128,380",50% bullish,of 2 ratings,$33.50
HERO,NULL,1440699397112,0,NULL,NULL,NULL
HFFC,$16,1440699397255,"3,038",Not yet rated,NULL,N/A
HSKA,$33.5799,1440699397285,"22,128",100% bearish,of 1 rating,$38
HIBB,$38.35,1440699397311,"138,800",100% bearish,of 1 rating,$46.50
HPJ,$2.2001,1440699397518,"35,584",75% bullish,of 4 ratings,$12.43
HIHO,$3.89,1440699397565,"6,497",Not yet rated,NULL,N/A
HIMX,$6.72,1440699397620,"457,665",86% bullish,of 21 ratings,$8.50
HIFS,$117,1440699397647,"2,586",Not yet rated,NULL,N/A
HSGX,$5.91,1440699397677,700,100% bearish,of 1 rating,$17
HMSY,$10.02,1440699397703,"460,300",67% bullish,of 3 ratings,$19.35
HMNF,$11.13,1440699397733,"3,250",Not yet rated,NULL,N/A
HOLX,$39.28,1440699397835,"556,724",67% bullish,of 3 ratings,$42
HBCP,$24.85,1440699397999,281,Not yet rated,NULL,$29
AWAY,$28.57,1440699398139,"416,218",67% bullish,of 3 ratings,$36
HOLI,$17.74,1440699398175,"137,318",50% bullish,of 4 ratings,$27
HFBL,$21.54,1440699398228,200,Not yet rated,NULL,N/A
HOMB,$38,1440699398253,"83,569",Not yet rated,NULL,$42
HMIN,$27.5,1440699398492,"160,784",100% bearish,of 2 ratings,$35
HMST,$21.86,1440699398519,"80,246",100% bullish,of 2 ratings,$27
CETC,$0.7202,1440699398541,"56,719",86% bullish,of 7 ratings,N/A
HKTV,$4.66,1440699398579,"27,150",100% bearish,of 1 rating,N/A
HTBI,$18.29,1440699398672,"17,915",67% bullish,of 3 ratings,$18.625
HFBC,$11.28,1440699398697,"2,420",Not yet rated,NULL,N/A
HOFT,$23.49,1440699398767,"27,941",100% bearish,of 1 rating,N/A
HRZN,$10.28,1440699398922,"26,102",50% bullish,of 2 ratings,$14.25
HZNP,$30.2625,1440699398968,"1,008,291",85% bullish,of 20 ratings,$40
HBNC,$23.37,1440699399000,"3,610",100% bullish,of 1 rating,$27
ZINC,$7.47,1440699399139,"376,620",100% bearish,of 1 rating,$17
HDP,$24.31,1440699399272,"154,787",67% bearish,of 3 ratings,$30.50
HMHC,$22.77,1440699399301,"929,839",Not yet rated,NULL,$27
HWCC,$7.36,1440699399335,"49,654",100% bearish,of 1 rating,$9
HBMD,$14,1440699399361,350,100% bearish,of 1 rating,N/A
HOVNP,$4.4985,1440699399434,"3,113",100% bearish,of 1 rating,N/A
HTGM,$5.625,1440699399465,"35,077",100% bearish,of 1 rating,$19.50
HSNI,$62.15,1440699399565,"75,524",Not yet rated,NULL,$80
HCBK,$9.44,1440699399617,"740,058",83% bullish,of 6 ratings,$8.61
HSON,$2.62,1440699399700,"10,271",100% bearish,of 1 rating,$5
HUBG,$37.84,1440699399769,"105,099",100% bearish,of 1 rating,$43
HDSN,$3.05,1440699399935,"3,579",100% bullish,of 1 rating,$6.25
HBAN,$10.835,1440699399960,"3,486,441",76% bullish,of 17 ratings,$12.29
HURC,$30.44,1440699400209,"9,487",100% bearish,of 1 rating,N/A
HBANP,$1355,1440699400234,66,100% bearish,of 1 rating,N/A
HTCH,$1.45,1440699400266,"59,546",100% bearish,of 1 rating,$3.50
HURN,$73.45,1440699400293,"71,257",50% bullish,of 2 ratings,$80
HDRA,$9.69,1440699400315,"7,600",Not yet rated,NULL,N/A
HBP,$3.12,1440699400398,492,100% bullish,of 1 rating,N/A
HDRAR,NULL,1440699400471,0,Not yet rated,NULL,N/A
HDRAU,NULL,1440699400600,0,Not yet rated,NULL,N/A
IDSY,$3.73,1440699400627,"7,012",100% bearish,of 1 rating,$7
HYGS,$8.615,1440699400653,"20,555",50% bullish,of 2 ratings,$13
HDRAW,NULL,1440699400689,0,Not yet rated,NULL,N/A
IACI,$71.56,1440699400867,"272,600",75% bullish,of 4 ratings,$90
IEP,$73.5,1440699401002,"89,961",75% bullish,of 4 ratings,$99
IBKC,$60.32,1440699401026,"90,643",100% bullish,of 1 rating,$70
IKGH,$1.7,1440699401055,"151,969",75% bullish,of 4 ratings,N/A
ICAD,$3.89,1440699401081,"85,559",100% bullish,of 2 ratings,$7.25
ICON,$13.47,1440699401216,"373,629",50% bullish,of 2 ratings,$18.50
ICFI,$34.18,1440699401245,"20,618",50% bullish,of 2 ratings,$48.50
ICLR,$78.305,1440699401276,"268,043",100% bearish,of 3 ratings,$85
ICUI,$112.68,1440699401381,"33,796",Not yet rated,NULL,$122
IPWR,$7.325,1440699401540,"2,410",100% bullish,of 1 rating,$15
IDRA,$2.825,1440699401605,"789,649",89% bullish,of 9 ratings,$6.50
IDXX,$73.02,1440699401710,"120,612",100% bearish,of 1 rating,$77
DSKY,$10.98,1440699401766,"121,814",67% bullish,of 6 ratings,$11.50
IROQ,$17,1440699401792,204,100% bullish,of 1 rating,N/A
IRG,$4.55,1440699401843,"5,759",100% bearish,of 1 rating,$4.25
INVE,$4.091,1440699401923,"26,319",75% bullish,of 4 ratings,$4
RXDX,$13.38,1440699402086,"90,531",100% bullish,of 1 rating,$20
IIVI,$16.14,1440699402186,"361,432",100% bearish,of 1 rating,$22
IKAN,$2.731,1440699402211,"19,931",83% bullish,of 6 ratings,$5
IKNX,NULL,1440699402266,0,100% bearish,of 1 rating,N/A
KANG,$15.81,1440699402291,"105,855",50% bullish,of 2 ratings,$22.55
ILMN,$200.38,1440699402354,"566,798",80% bullish,of 5 ratings,$245
ISNS,$3.97,1440699402551,"2,409",50% bullish,of 2 ratings,N/A
IMMR,$11.85,1440699402584,"49,637",80% bullish,of 5 ratings,$15.50
IMNP,$1.34,1440699402643,"67,751",50% bullish,of 2 ratings,$6
ICCC,$7.4401,1440699402685,"8,988",100% bullish,of 1 rating,N/A
IMDZ,$16.37,1440699402711,"46,863",100% bearish,of 1 rating,$33
IMGN,$14.02,1440699402786,"288,414",75% bullish,of 4 ratings,$17.50
IMMU,$1.94,1440699402964,"369,157",86% bullish,of 7 ratings,$2
IPXL,$44.13,1440699402998,"216,231",67% bullish,of 3 ratings,$46.50
INCR,$42.03,1440699403062,"128,592",50% bullish,of 2 ratings,$53
IMMY,$7.659,1440699403084,"10,739",100% bearish,of 1 rating,$11
INCY,$113.0399,1440699403118,"534,242",50% bullish,of 6 ratings,$125.50
SAAS,$7.56,1440699403145,"155,604",50% bullish,of 2 ratings,$15
INDB,$44.71,1440699403180,"17,768",Not yet rated,NULL,$44
IBCP,$14.03,1440699403276,"33,680",100% bullish,of 1 rating,$14.50
IBTX,$40.855,1440699403330,"8,860",100% bullish,of 2 ratings,$47.25
IDSA,$3.38,1440699403554,"1,948",Not yet rated,NULL,N/A
INFN,$22.3,1440699403685,"992,945",71% bullish,of 7 ratings,$28
INFI,$9.01,1440699403770,"138,191",50% bullish,of 4 ratings,$18
IFON,$1.225,1440699403798,"73,879",75% bullish,of 4 ratings,N/A
III,$3.97,1440699403824,"42,790",57% bullish,of 7 ratings,$6
IPCC,$77.9,1440699403850,"9,977",Not yet rated,NULL,$77.50
IMKTA,$51.385,1440699403878,"23,451",100% bearish,of 1 rating,N/A
INWK,$6.9628,1440699404084,"37,143",50% bullish,of 2 ratings,$10
INNL,$11.67,1440699404109,3,100% bearish,of 1 rating,$16.50
INOD,$2.32,1440699404141,"35,870",100% bearish,of 1 rating,N/A
ISSC,$2.862,1440699404274,"1,452",67% bearish,of 3 ratings,N/A
IPHS,$47.91,1440699404300,"32,035",100% bearish,of 1 rating,$60
INGN,$46.98,1440699404329,"61,283",100% bearish,of 1 rating,$50.50
IOSP,$47.92,1440699404350,"144,721",100% bearish,of 1 rating,N/A
INOV,$21.295,1440699404655,"455,454",100% bearish,of 1 rating,$33
ITEK,$12.46,1440699404686,"331,695",100% bearish,of 3 ratings,$20
INO,$6.89,1440699404719,"566,552",89% bullish,of 18 ratings,$20
NSIT,$25.4799,1440699404746,"52,516",50% bullish,of 2 ratings,N/A
ISIG,$2.71,1440699404767,"265,442",100% bearish,of 1 rating,N/A
INSY,$32.97,1440699404802,"221,049",75% bullish,of 4 ratings,$48
IIIN,$16.9,1440699404827,"12,537",100% bearish,of 2 ratings,N/A
IDTI,$19.5,1440699405174,"2,288,425",60% bullish,of 5 ratings,$25
INSM,$24.655,1440699405200,"128,517",71% bullish,of 7 ratings,$31.50
PODD,$29.44,1440699405227,"85,615",67% bearish,of 3 ratings,$35
NTEC,$5.5508,1440699405248,"1,801",100% bearish,of 1 rating,N/A
IESC,$6.9434,1440699405380,"11,981",100% bearish,of 1 rating,N/A
ISSI,$21.86,1440699405407,"62,517",67% bullish,of 3 ratings,$19.75
IART,$60.67,1440699405428,"77,898",100% bearish,of 1 rating,$71.50
INTC,$27.55,1440699405562,"11,704,353",82% bullish,of 238 ratings,$36
ININ,$35.505,1440699405590,"41,904",67% bearish,of 3 ratings,$57
IQNT,$19.09,1440699405633,"111,939",86% bullish,of 7 ratings,$20
IPCI,$2.2002,1440699405717,"61,075",67% bullish,of 6 ratings,$8
IPAR,$25.735,1440699405848,"34,431",67% bullish,of 3 ratings,$38
IBKR,$39.58,1440699405875,"343,092",100% bullish,of 1 rating,N/A
ICPT,$187.11,1440699405901,"80,756",70% bullish,of 10 ratings,$359.50
ICLDW,NULL,1440699406147,0,100% bearish,of 1 rating,N/A
ICLD,$1.8599,1440699406285,"143,160",75% bullish,of 4 ratings,N/A
INAP,$7.89,1440699406321,"61,092",75% bullish,of 4 ratings,$11
IGLD,$6.855,1440699406353,"3,200",50% bullish,of 2 ratings,N/A
IMI,$1.995,1440699406379,"86,682",67% bullish,of 3 ratings,$2.22
IDCC,$49.2,1440699406407,"119,770",80% bullish,of 5 ratings,$63
TILE,$23.86,1440699406433,"279,438",100% bearish,of 3 ratings,$27
IBOC,$25.28,1440699406461,"29,837",100% bearish,of 1 rating,N/A
ISCA,$31.6,1440699406651,"22,708",100% bearish,of 1 rating,N/A
PTNT,$2.97,1440699406838,"1,000",Not yet rated,NULL,N/A
INPH,$0.28,1440699406890,"61,559",50% bullish,of 2 ratings,N/A
IIJI,$8.59,1440699406938,180,50% bullish,of 2 ratings,$11.50
XENT,$25.8,1440699406963,"74,199",50% bullish,of 2 ratings,$36.50
IILG,$19.99,1440699407123,"65,041",100% bearish,of 1 rating,$29
INTX,$1.9499,1440699407157,"41,536",67% bullish,of 3 ratings,N/A
ISIL,$10.54,1440699407255,"401,516",50% bullish,of 6 ratings,$15
INTL,$26.11,1440699407282,"29,369",67% bearish,of 3 ratings,N/A
IVAC,$4.77,1440699407312,"45,240",100% bearish,of 1 rating,$6.625
INTLL,NULL,1440699407409,0,Not yet rated,NULL,N/A
IIN,$6.24,1440699407440,"1,700",100% bearish,of 1 rating,$12
ITCI,$25.82,1440699407549,"175,526",75% bearish,of 4 ratings,$40
INTU,$85.96,1440699407577,"914,109",86% bullish,of 7 ratings,$107.50
ISRG,$514.7625,1440699407648,"63,351",67% bullish,of 3 ratings,$600
SNAK,$8.52,1440699407927,"45,022",50% bullish,of 2 ratings,$14
INVT,$0.2799,1440699408035,"9,797",67% bullish,of 3 ratings,N/A
ITIC,NULL,1440699408068,0,100% bearish,of 2 ratings,N/A
ISTR,$15.61,1440699408089,104,100% bearish,of 1 rating,$18.50
ISBC,$11.78,1440699408110,"1,254,956",100% bullish,of 1 rating,$13.25
IVTY,$13.93,1440699408144,"12,494",Not yet rated,NULL,$18
IPAS,$1.0799,1440699408175,"61,519",67% bullish,of 3 ratings,N/A
NVIV,$9.33,1440699408273,"118,577",50% bullish,of 4 ratings,$24.50
DFVL,NULL,1440699408503,0,Not yet rated,NULL,N/A
IPGP,$84.855,1440699408537,"362,214",100% bearish,of 2 ratings,$109.50
DTUL,NULL,1440699408606,0,Not yet rated,NULL,N/A
IPCM,$79.01,1440699408631,"94,547",50% bullish,of 2 ratings,$80.125
IRMD,$25.415,1440699408656,"5,813",67% bearish,of 3 ratings,$25
IRIX,$6.86,1440699408681,"7,900",100% bearish,of 1 rating,N/A
IRBT,$28.51,1440699408958,"98,266",67% bullish,of 6 ratings,$37
IRDM,$7.1,1440699408989,"263,169",60% bullish,of 5 ratings,$11.50
FCHI,NULL,1440699409020,0,NULL,NULL,NULL
GNMA,$50.1277,1440699409050,"3,483",Not yet rated,NULL,N/A
IRCP,NULL,1440699409095,0,100% bullish,of 2 ratings,N/A
IRDMB,$278.9,1440699409124,534,67% bearish,of 3 ratings,N/A
IRWD,$11,1440699409153,"368,335",100% bearish,of 1 rating,$13
COMT,$32.2074,1440699409178,"9,328",100% bearish,of 1 rating,N/A
IFAS,NULL,1440699409344,0,NULL,NULL,NULL
IFEU,$38.1844,1440699409545,"5,848",Not yet rated,NULL,N/A
IFNA,NULL,1440699409571,0,NULL,NULL,NULL
IFGL,$28.89,1440699409677,"53,336",Not yet rated,NULL,N/A
ACWX,$41.18,1440699409735,"635,900",100% bearish,of 1 rating,N/A
AXJS,NULL,1440699409776,0,NULL,NULL,NULL
AAXJ,$54.11,1440699409803,"680,676",Not yet rated,NULL,N/A
EEMA,$51.1201,1440699409830,"26,512",Not yet rated,NULL,N/A
EMDI,NULL,1440699409860,0,NULL,NULL,NULL
EEME,NULL,1440699410004,0,NULL,NULL,NULL
AAIT,NULL,1440699410030,0,NULL,NULL,NULL
ACWI,$56.2535,1440699410059,"1,350,842",Not yet rated,NULL,N/A
EGRW,NULL,1440699410186,0,NULL,NULL,NULL
EVAL,NULL,1440699410209,0,NULL,NULL,NULL
EMEY,NULL,1440699410227,0,NULL,NULL,NULL
EEML,$28.2,1440699410435,"8,606",Not yet rated,NULL,N/A
EUFN,$22.0401,1440699410512,"39,961",100% bearish,of 1 rating,N/A
IEUS,$45.71,1440699410544,"3,403",100% bearish,of 1 rating,N/A
QAT,$21.31,1440699410641,"9,124",Not yet rated,NULL,N/A
UAE,$18.68,1440699410670,"15,220",Not yet rated,NULL,N/A
SOXX,$82.4,1440699410694,"522,466",50% bullish,of 2 ratings,N/A
IBB,$347.82,1440699410742,"994,071",63% bullish,of 8 ratings,N/A
EMIF,$28.97,1440699410766,"3,233",Not yet rated,NULL,N/A
WOOD,$48.12,1440699411039,"8,062",50% bullish,of 2 ratings,N/A
ICLN,$9.6999,1440699411067,"18,405",50% bullish,of 2 ratings,N/A
INDY,$27.94,1440699411093,"145,902",50% bullish,of 2 ratings,N/A
ISIS,$50.92,1440699411141,"631,073",53% bullish,of 15 ratings,$67
IGOV,$90.9681,1440699411224,"6,170",100% bearish,of 1 rating,N/A
ISLE,$16.98,1440699411249,"144,152",50% bullish,of 4 ratings,$16
ISHG,$79.8899,1440699411276,"10,566",100% bearish,of 1 rating,N/A
ISRL,$129.36,1440699411316,100,100% bearish,of 1 rating,N/A
ITRN,$24.105,1440699411579,"16,322",50% bullish,of 2 ratings,N/A
ITRI,$29.74,1440699411610,"176,908",Not yet rated,NULL,$37
MAYS,NULL,1440699411742,0,Not yet rated,NULL,N/A
JJSF,$114.58,1440699411782,"10,310",100% bearish,of 1 rating,N/A
XXIA,$15.045,1440699411812,"145,811",71% bullish,of 7 ratings,$14.625
IXYS,$10.9,1440699411833,"48,678",50% bullish,of 4 ratings,N/A
ITUS,$4.09,1440699411922,"8,184",Not yet rated,NULL,N/A
JBHT,$73.84,1440699412097,"364,455",50% bullish,of 4 ratings,$89.50
JKHY,$68.43,1440699412202,"193,343",50% bullish,of 2 ratings,$72
JCOM,$69.05,1440699412229,"77,546",100% bullish,of 2 ratings,$77
JASO,$7.93,1440699412291,"547,043",82% bullish,of 17 ratings,$10
JACK,$81.38,1440699412363,"166,408",83% bullish,of 6 ratings,$105
JAXB,NULL,1440699412391,0,100% bullish,of 1 rating,N/A
JAGX,$4.16,1440699412461,"13,269",Not yet rated,NULL,N/A
JXSB,NULL,1440699412486,0,Not yet rated,NULL,N/A
JAKK,$9.3527,1440699412691,"111,564",60% bearish,of 5 ratings,$11
JRVR,$26.56,1440699412720,"28,407",Not yet rated,NULL,$32
JMBA,$13.76,1440699412821,"54,283",75% bullish,of 4 ratings,$18
ERW,NULL,1440699412852,0,Not yet rated,NULL,N/A
JASN,$4.895,1440699412952,"7,032",50% bullish,of 2 ratings,$9.50
JAZZ,$169.54,1440699413015,"166,869",80% bullish,of 15 ratings,$206.50
JASNW,NULL,1440699413042,0,50% bullish,of 2 ratings,N/A
JD,$26.78,1440699413064,"4,215,952",75% bullish,of 16 ratings,$36
JBLU,$22.33,1440699413093,"3,251,736",94% bullish,of 18 ratings,$27
JCTCF,$9.5,1440699413346,"1,800",100% bullish,of 1 rating,N/A
DATE,$6.14,1440699413384,"49,368",75% bullish,of 4 ratings,$9
JTPY,$2.95,1440699413416,100,100% bearish,of 1 rating,N/A
JIVE,$4.28,1440699413443,"207,034",75% bullish,of 4 ratings,$5
JST,$3.9156,1440699413575,"37,532",75% bullish,of 4 ratings,N/A
JOEZ,$0.1699,1440699413602,"91,774",92% bullish,of 12 ratings,N/A
WYIGU,NULL,1440699413628,0,Not yet rated,NULL,N/A
JOUT,$22.1145,1440699413778,"4,241",100% bearish,of 1 rating,$34
JBSS,$53.49,1440699413908,"18,290",67% bearish,of 3 ratings,N/A
KTWO,$21.57,1440699413943,"39,351",100% bearish,of 1 rating,$28.50
JNP,$11.05,1440699413986,"47,480",100% bullish,of 3 ratings,$15
JUNO,$37.1092,1440699414042,"622,612",73% bullish,of 11 ratings,$71.50
KALU,$81.87,1440699414069,"64,563",67% bearish,of 3 ratings,$91
KBIO,$2.02,1440699414150,"25,204",50% bullish,of 4 ratings,N/A
KMDA,$3.42,1440699414197,100,50% bullish,of 2 ratings,$8
KNDI,$6.65,1440699414364,"312,500",86% bullish,of 22 ratings,N/A
KCLI,$46.1,1440699414462,"14,164",Not yet rated,NULL,N/A
KBSF,NULL,1440699414489,0,100% bullish,of 1 rating,N/A
KCAP,$4.6901,1440699414559,"53,578",75% bullish,of 4 ratings,$6
KPTI,$13.72,1440699414587,"107,464",67% bearish,of 3 ratings,$39
KELYA,$13.92,1440699414715,"88,269",67% bullish,of 6 ratings,$20
