Symbol,Price,Date,Volume,Rating,RatingVoteCount,OneYearEstimate
TFSCU,NULL,1441722003037,0,Not yet rated,NULL,N/A
FCTY,$7.99,1441722003063,10,100% bullish,of 1 rating,$8.50
TFSCR,NULL,1441722003088,0,Not yet rated,NULL,N/A
FCCY,$11.56,1441722003145,100,100% bullish,of 1 rating,$13
TFSC,NULL,1441722003244,0,100% bearish,of 1 rating,N/A
PIH,$7.54,1441722003304,303,100% bearish,of 1 rating,N/A
FLWS,$8.61,1441722003378,"30,659",80% bullish,of 5 ratings,$15
TFSCW,$0.3,1441722003472,"4,500",100% bearish,of 1 rating,N/A
SRCE,$30.47,1441722003532,"3,052",100% bullish,of 3 ratings,$33
UGLD,$8.955,1441722003563,"14,424",100% bearish,of 1 rating,N/A
TWOU,$35.86,1441722003591,"35,124",50% bullish,of 2 ratings,$39
VNET,$18.04,1441722003668,"53,659",60% bullish,of 5 ratings,$35
USLV,$12.6281,1441722003758,"34,119",86% bullish,of 7 ratings,N/A
DGLD,$83.6731,1441722003939,"2,537",100% bullish,of 1 rating,N/A
JOBS,$26.24,1441722004214,"12,499",50% bullish,of 4 ratings,$36
SIXD,$2.89,1441722004245,"4,065",Not yet rated,NULL,N/A
CAFD,$14.56,1441722004299,"5,047",Not yet rated,NULL,$24.50
DSLV,$67.99,1441722004324,"8,602",100% bearish,of 1 rating,N/A
EGHT,$7.85,1441722004353,"24,834",82% bullish,of 17 ratings,$11
AVHI,$13.97,1441722004383,"1,484",100% bearish,of 1 rating,$19
AAON,$19.77,1441722004455,"6,891",100% bearish,of 1 rating,$24
SHLM,$32.29,1441722004479,"5,074",100% bearish,of 1 rating,$47
ABAX,$47.6,1441722004696,"5,365",100% bearish,of 1 rating,$60
ABY,$20.5,1441722004740,"200,683",100% bearish,of 2 ratings,$46
ABGB,$5.7701,1441722004875,"21,403",67% bullish,of 3 ratings,$5.50
ABEOW,$1.7101,1441722004927,100,100% bullish,of 1 rating,N/A
ABMD,$94.23,1441722004949,"57,530",75% bullish,of 4 ratings,$100.50
ABEO,$4.7701,1441722005031,"5,755",50% bullish,of 4 ratings,$15.50
AXAS,$1.6299,1441722005082,"122,628",78% bullish,of 9 ratings,$3.50
ACHC,$73.67,1441722005354,"57,114",50% bullish,of 2 ratings,$92
ACTG,$9.28,1441722005498,"31,081",67% bullish,of 3 ratings,$18.50
AXDX,$19.04,1441722005630,"13,486",100% bearish,of 1 rating,N/A
ACAD,$39.6804,1441722005665,"114,376",80% bullish,of 20 ratings,$48
XLRN,$28.73,1441722005691,"20,022",50% bullish,of 2 ratings,$57
ACST,$0.3141,1441722005716,100,100% bullish,of 2 ratings,N/A
ACRX,$3.9801,1441722005763,"170,824",67% bearish,of 6 ratings,$7
ANCX,$20.03,1441722005788,"9,581",Not yet rated,NULL,$20
VXDN,$1.8601,1441722005978,"3,469",100% bearish,of 1 rating,N/A
VXUP,$1.5956,1441722006048,"20,524",100% bearish,of 1 rating,N/A
ACET,$22.79,1441722006148,"6,096",75% bullish,of 4 ratings,$30
ARAY,$6.62,1441722006278,"59,193",100% bearish,of 1 rating,$10.50
ACIW,$21.38,1441722006465,"26,917",67% bearish,of 3 ratings,$24
ACOR,$32.3,1441722006530,"22,014",67% bearish,of 3 ratings,$38.50
AKAO,$6.9,1441722006556,"5,511",75% bullish,of 4 ratings,$15
ACHN,$7.85,1441722006596,"1,645,561",90% bullish,of 21 ratings,$16
ACNB,$20.12,1441722006622,300,Not yet rated,NULL,N/A
ACPW,$1.95,1441722006687,"11,000",100% bullish,of 4 ratings,$3.25
ACTS,$1.58,1441722006753,200,100% bearish,of 1 rating,N/A
ATVI,$28.545,1441722006778,"940,367",67% bullish,of 84 ratings,$31.50
ACTA,$13.98,1441722007035,"6,426",67% bearish,of 3 ratings,$25
ACXM,$20.66,1441722007064,"13,287",67% bullish,of 3 ratings,N/A
ACUR,$2.8814,1441722007125,"1,700",100% bullish,of 5 ratings,$5
ADMS,$19.42,1441722007164,"15,588",100% bearish,of 2 ratings,$36
ADMP,$3.7,1441722007191,900,50% bullish,of 2 ratings,$10
ADAP,$11.2,1441722007323,"1,145",67% bullish,of 3 ratings,$22
ADUS,$29.17,1441722007355,"9,240",100% bearish,of 1 rating,$31
ADEP,$7.6,1441722007560,"17,620",50% bullish,of 2 ratings,$10.75
AEY,$2.39,1441722007627,100,100% bearish,of 2 ratings,N/A
ADBE,$78.72,1441722007729,"221,167",61% bullish,of 18 ratings,$90
ADMA,$8.85,1441722007801,270,Not yet rated,NULL,$19
ADRO,$18.75,1441722007832,"25,587",80% bullish,of 5 ratings,$45.50
ADTN,$15.72,1441722007859,"16,695",67% bullish,of 3 ratings,$17.125
AMD,$1.8379,1441722007928,"738,267",83% bullish,of 103 ratings,$2
ADXS,$13.65,1441722007998,"109,724",64% bullish,of 14 ratings,$27
AEIS,$24.21,1441722008029,"20,683",50% bullish,of 2 ratings,$32.50
ADXSW,NULL,1441722008158,0,100% bullish,of 1 rating,N/A
MULT,NULL,1441722008291,0,100% bearish,of 1 rating,N/A
YPRO,NULL,1441722008316,0,100% bearish,of 1 rating,N/A
AEGN,$17.91,1441722008351,"15,114",100% bearish,of 2 ratings,$21
AEHR,NULL,1441722008521,0,50% bullish,of 2 ratings,N/A
AEGR,$17.94,1441722008553,"13,689",50% bullish,of 6 ratings,$26
AMTX,$3,1441722008657,"2,228",50% bullish,of 2 ratings,N/A
AEPI,$59.96,1441722008686,"6,168",100% bearish,of 1 rating,N/A
AERI,$16.465,1441722008844,"156,633",75% bullish,of 4 ratings,$31.50
AEZS,$0.076,1441722008876,"3,852,091",90% bullish,of 21 ratings,$1.50
AVAV,$20.56,1441722008904,"17,444",50% bullish,of 4 ratings,$28
AEMD,$7.3,1441722008947,"35,231",Not yet rated,NULL,$27.50
AFMD,$9.48,1441722008979,"13,215",50% bullish,of 4 ratings,$15
AGRX,$8.27,1441722009150,"1,535",100% bearish,of 1 rating,$17.50
AGEN,$6.8906,1441722009207,"26,556",85% bullish,of 13 ratings,$14
AFFX,$9.35,1441722009283,"121,195",80% bullish,of 5 ratings,$12.50
AGYS,$9.62,1441722009351,"1,105",100% bearish,of 1 rating,N/A
AGFSW,$2,1441722009476,"1,500",100% bearish,of 2 ratings,N/A
AGIO,$87.185,1441722009578,"29,749",88% bullish,of 8 ratings,$114
AIMT,$23.82,1441722009617,"28,544",Not yet rated,NULL,$35.50
AIRT,$22.53,1441722009840,935,100% bullish,of 1 rating,N/A
ATSG,$8.86,1441722009867,"13,838",67% bullish,of 3 ratings,$13
AIRM,$36.75,1441722009888,"24,783",80% bearish,of 5 ratings,$53
AMCN,$4.63,1441722009943,"76,051",83% bullish,of 6 ratings,N/A
AKAM,$73.255,1441722010031,"118,031",63% bullish,of 8 ratings,$77.50
AIXG,$6.82,1441722010084,"2,632",67% bearish,of 3 ratings,$5.25
AKBA,$7.48,1441722010130,"104,223",100% bearish,of 1 rating,$18
AKER,$2.78,1441722010287,520,Not yet rated,NULL,N/A
AKRX,$38.92,1441722010319,"49,649",78% bullish,of 9 ratings,$56
ALRM,$16.45,1441722010346,"3,208",100% bearish,of 1 rating,$22
AGFS,$10.05,1441722010524,"3,299",100% bearish,of 1 rating,N/A
AMRI,$20.02,1441722010575,"13,573",75% bearish,of 4 ratings,$24
ALSK,$2.24,1441722010624,"7,018",78% bullish,of 18 ratings,$2
ADHD,$7.72,1441722010868,"5,692",50% bullish,of 4 ratings,$18
ABDC,$12.82,1441722010901,"7,328",Not yet rated,NULL,$15
ALXA,$1.3063,1441722010931,"2,500",83% bullish,of 6 ratings,$2.125
ALXN,$173.64,1441722011032,"98,055",88% bullish,of 8 ratings,$223.50
ALDX,$7.42,1441722011060,"3,137",100% bearish,of 1 rating,$14.50
ALDR,$41.89,1441722011089,"53,158",67% bearish,of 3 ratings,$62
ALCO,$42.03,1441722011192,"2,433",50% bullish,of 2 ratings,N/A
ALGN,$54.975,1441722011216,"26,435",100% bearish,of 2 ratings,$73
ALKS,$65.68,1441722011440,"58,707",67% bullish,of 3 ratings,$75
ALLB,$23.31,1441722011577,100,Not yet rated,NULL,N/A
AFOP,$19.13,1441722011632,"15,403",75% bullish,of 8 ratings,$21
ALIM,$2.93,1441722011730,"7,823",80% bullish,of 5 ratings,$10
AIQ,$14.84,1441722011811,"3,802",67% bullish,of 3 ratings,N/A
ALGT,$208.83,1441722011835,"10,960",100% bearish,of 2 ratings,$235
ARLP,$24.773,1441722012003,"21,772",67% bearish,of 3 ratings,$32
AMOT,$17.52,1441722012088,"6,825",100% bearish,of 1 rating,N/A
ALQA,$4.55,1441722012135,"2,977",75% bullish,of 4 ratings,$8.50
AHPI,NULL,1441722012165,0,50% bullish,of 2 ratings,N/A
AFAM,$45.33,1441722012231,"3,279",50% bullish,of 2 ratings,$44
AHGP,$35.57,1441722012259,"4,364",67% bullish,of 3 ratings,N/A
ALLT,$5.14,1441722012287,"4,698",75% bullish,of 4 ratings,$6.25
MDRX,$13.17,1441722012422,"220,277",60% bullish,of 5 ratings,$16
ALNY,$100,1441722012586,"61,543",67% bullish,of 3 ratings,$151.50
SMCP,$23.66,1441722012623,475,Not yet rated,NULL,N/A
AOSL,$8.18,1441722012676,"1,144",67% bullish,of 3 ratings,$9
ALTR,$50.46,1441722012768,"1,290,769",67% bearish,of 6 ratings,$54
ATEC,$0.57,1441722012804,"7,450",100% bullish,of 1 rating,$2
AMRN,$2.37,1441722013038,"79,225",85% bullish,of 40 ratings,$8
AMRK,$10.62,1441722013086,302,50% bullish,of 2 ratings,$14
AMAG,$61.41,1441722013138,"37,522",100% bullish,of 2 ratings,$75
AYA,$20.7868,1441722013196,"1,961",100% bearish,of 1 rating,$40
AMBC,$16.49,1441722013228,"20,565",100% bearish,of 1 rating,$16.50
ASPS,$26.4,1441722013250,"9,364",67% bullish,of 3 ratings,$46.50
AIMC,$23.9,1441722013282,"20,417",100% bearish,of 2 ratings,$28.50
AMZN,$511.25,1441722013313,"670,109",81% bullish,of 269 ratings,$646
AMBA,$72.5,1441722013447,"546,509",77% bullish,of 13 ratings,$102.50
AMBCW,NULL,1441722013595,0,100% bearish,of 1 rating,N/A
UHAL,$373.805,1441722013923,"4,188",100% bullish,of 2 ratings,$393.50
AAL,$41.1499,1441722013949,"1,145,745",93% bullish,of 88 ratings,$57
AMED,$40.7,1441722013978,"19,612",100% bearish,of 1 rating,$42
EPAX,$2.7,1441722014010,"10,426",100% bearish,of 1 rating,N/A
AMCX,$73,1441722014080,"56,631",67% bullish,of 3 ratings,$87.50
ASBI,$22.98,1441722014105,"2,700",Not yet rated,NULL,N/A
DOX,$56.69,1441722014140,"66,543",67% bearish,of 3 ratings,$60
AMOV,$17.79,1441722014370,760,100% bearish,of 1 rating,N/A
AGNC,$19.04,1441722014415,"430,294",71% bullish,of 28 ratings,$22
AGNCB,$24.2575,1441722014576,"4,254",Not yet rated,NULL,N/A
MTGE,$15.14,1441722014616,"40,434",75% bullish,of 4 ratings,$19.50
AGNCP,$25.4,1441722014674,"1,200",Not yet rated,NULL,N/A
ATAX,$5.3301,1441722014708,"13,238",100% bullish,of 1 rating,$6.50
ACSF,$12.3001,1441722015014,"1,365",100% bearish,of 1 rating,$15
MTGEP,NULL,1441722015038,0,Not yet rated,NULL,N/A
ACAS,$13.885,1441722015109,"179,781",60% bullish,of 5 ratings,$16.75
AMDA,$0.4148,1441722015187,"2,046,092",90% bullish,of 10 ratings,$1
AETI,$3.4594,1441722015214,"1,600",67% bearish,of 3 ratings,N/A
ANCI,NULL,1441722015240,0,100% bearish,of 1 rating,N/A
AMIC,NULL,1441722015264,0,100% bearish,of 1 rating,N/A
AMNB,$23.2,1441722015293,"1,888",Not yet rated,NULL,$25.50
ANAT,$97.9,1441722015460,"11,464",100% bullish,of 1 rating,N/A
APEI,$22.1,1441722015588,"3,507",100% bearish,of 1 rating,$25.50
ARII,$40.73,1441722015682,"23,228",67% bearish,of 3 ratings,$45
AMRB,$10.13,1441722015746,"1,159",Not yet rated,NULL,$11
ASEI,$38.81,1441722015952,"2,230",100% bearish,of 1 rating,$52.50
AMSC,$5.1125,1441722016108,"16,490",50% bullish,of 4 ratings,N/A
AMWD,$67.9127,1441722016155,"12,885",50% bullish,of 2 ratings,$70
ABCB,$27.74,1441722016207,"4,499",Not yet rated,NULL,$31
ASRV,$3.23,1441722016245,"3,500",100% bullish,of 2 ratings,N/A
ASRVP,NULL,1441722016272,0,Not yet rated,NULL,N/A
CRMT,$35.42,1441722016299,"2,002",100% bearish,of 1 rating,$38
AMSF,$46.84,1441722016451,"1,799",Not yet rated,NULL,$57.50
AMGN,$151.9313,1441722016530,"604,187",89% bullish,of 19 ratings,$185
FOLD,$16.46,1441722016665,"302,247",56% bullish,of 9 ratings,$21
AMKR,$5.275,1441722016719,"134,965",100% bearish,of 2 ratings,$5
ATLO,$22.77,1441722016746,394,Not yet rated,NULL,N/A
AMPH,$13.7,1441722016981,"16,573",50% bullish,of 2 ratings,$20
AMSG,$79.871,1441722017006,"29,243",100% bearish,of 1 rating,$85.50
ASYS,$5.3699,1441722017068,"3,804",67% bullish,of 3 ratings,$12
AFSI,$58.35,1441722017199,"28,116",60% bullish,of 5 ratings,$72
AMSGP,$140.51,1441722017259,46,Not yet rated,NULL,N/A
ANAC,$133.75,1441722017331,"27,100",80% bullish,of 5 ratings,$180.50
AMRS,$1.76,1441722017393,"42,936",70% bullish,of 10 ratings,N/A
ADI,$55.58,1441722017463,"224,412",75% bullish,of 4 ratings,$69
ANAD,$0.3275,1441722017521,"7,632",100% bullish,of 2 ratings,$.50
ALOG,$81.38,1441722017606,"9,935",100% bearish,of 2 ratings,$100.50
ANCB,$21.5,1441722017754,"2,269",Not yet rated,NULL,$23
ABCW,$41.6457,1441722017920,951,67% bullish,of 3 ratings,N/A
AMCF,NULL,1441722017950,0,NULL,NULL,NULL
ANGI,$5.12,1441722017980,"31,658",64% bullish,of 11 ratings,$5.50
ANGO,$14.51,1441722018086,"4,903",67% bullish,of 3 ratings,$19
ANIP,$52,1441722018132,"13,816",89% bullish,of 19 ratings,$66
ANSS,$91.145,1441722018160,"29,111",100% bearish,of 1 rating,$100
ANIK,$36.4743,1441722018230,"6,597",60% bullish,of 5 ratings,$51.25
ATRS,$1.815,1441722018399,"37,917",92% bullish,of 12 ratings,$4.50
ANTH,$7.32,1441722018427,"71,517",80% bullish,of 10 ratings,$13
ABAC,$0.79,1441722018558,40,100% bearish,of 1 rating,N/A
APIC,$7.3199,1441722018690,"18,765",100% bearish,of 1 rating,$19
ATNY,$2.409,1441722018716,"1,502",50% bullish,of 2 ratings,$3.75
AMSWA,$9.06,1441722018845,"8,226",100% bearish,of 2 ratings,$10.75
APOL,$11.19,1441722018913,"75,509",87% bearish,of 68 ratings,$14
AAPL,$112.0799,1441722019067,"7,625,852",86% bullish,of 2367 ratings,$150
AINV,$6.46,1441722019095,"102,322",50% bullish,of 4 ratings,$8
APPF,$17.42,1441722019120,"6,115",50% bullish,of 2 ratings,$22
ARCI,$1.278,1441722019165,320,Not yet rated,NULL,N/A
APDN,$3.585,1441722019248,"15,342",Not yet rated,NULL,$9
APDNW,NULL,1441722019293,0,Not yet rated,NULL,N/A
AMCC,$5.77,1441722019503,"23,430",80% bullish,of 5 ratings,$8
AMAT,$15.7,1441722019532,"2,005,918",82% bullish,of 11 ratings,$23
AGTC,$16.34,1441722019556,"2,764",50% bullish,of 2 ratings,$33
APRI,$1.68,1441722019861,"102,998",83% bullish,of 6 ratings,$4.86
AREX,$2.48,1441722019946,"118,525",50% bullish,of 2 ratings,$3
AAOI,$21.08,1441722020021,"27,061",50% bullish,of 4 ratings,$26
APTO,$5.25,1441722020079,154,Not yet rated,NULL,$17
AQXP,$15.56,1441722020122,"44,826",67% bearish,of 3 ratings,$2
AQMS,$4.9988,1441722020307,"3,491",Not yet rated,NULL,N/A
AUMAU,NULL,1441722020332,0,Not yet rated,NULL,N/A
AUMAW,NULL,1441722020490,0,Not yet rated,NULL,N/A
AUMA,NULL,1441722020517,0,Not yet rated,NULL,N/A
PETX,$17.5,1441722020582,"11,508",100% bearish,of 2 ratings,$26
ARDM,$7.33,1441722020726,200,100% bullish,of 1 rating,$26
ABUS,$7.03,1441722020761,"19,159",86% bullish,of 14 ratings,$21.50
ARCW,$3.25,1441722020920,"10,154",100% bearish,of 2 ratings,$10.50
RKDA,$5.52,1441722021052,"1,622",100% bearish,of 2 ratings,$10
ABIO,$7.7202,1441722021112,"71,458",50% bullish,of 2 ratings,$26.242
ARCB,$29.18,1441722021183,"11,576",67% bearish,of 3 ratings,$39.50
ACGL,$68.98,1441722021253,"48,853",50% bullish,of 2 ratings,$72
ARNA,$2.74,1441722021278,"173,239",90% bullish,of 78 ratings,$5.50
ARCC,$15.56,1441722021429,"97,487",67% bearish,of 3 ratings,$17.75
ARDX,$19.1,1441722021459,"7,695",50% bullish,of 2 ratings,$24.50
ACAT,$24.57,1441722021484,"23,533",100% bearish,of 3 ratings,$33
ARGS,$6.276,1441722021696,"1,506",50% bullish,of 2 ratings,$19.50
ARIS,$3.74,1441722021721,"3,836",Not yet rated,NULL,$4.50
AGIIL,$25.325,1441722021793,"1,312",Not yet rated,NULL,N/A
APOG,$53.06,1441722021867,"14,807",50% bullish,of 2 ratings,$67
ARKR,$25,1441722022022,"2,300",50% bullish,of 2 ratings,N/A
ARIA,$8.015,1441722022099,"910,997",87% bullish,of 46 ratings,$9
ARMH,$44.04,1441722022208,"373,553",54% bearish,of 13 ratings,$60
ARTX,$1.33,1441722022336,"18,491",88% bullish,of 16 ratings,$4.50
ARWA,NULL,1441722022362,0,Not yet rated,NULL,N/A
ARWAR,NULL,1441722022421,0,Not yet rated,NULL,N/A
ARWAU,NULL,1441722022491,0,100% bullish,of 1 rating,N/A
ARWAW,NULL,1441722022647,0,Not yet rated,NULL,N/A
ARQL,$1.71,1441722022830,"18,974",75% bullish,of 4 ratings,$5
ARRS,$26.54,1441722022887,"42,403",50% bullish,of 2 ratings,$38
ARRY,$5.65,1441722022959,"143,262",100% bullish,of 7 ratings,$10
DWAT,$9.77,1441722023019,5,100% bearish,of 1 rating,N/A
ARWR,$5.47,1441722023094,"114,004",75% bullish,of 4 ratings,$10.50
ARTNA,$21.77,1441722023161,"1,358",100% bearish,of 1 rating,$29
AROW,$27.26,1441722023343,970,Not yet rated,NULL,N/A
ASNA,$12.08,1441722023492,"308,451",50% bullish,of 2 ratings,$17.50
ASND,$20.02,1441722023563,"7,350",50% bullish,of 2 ratings,$30
ASCMA,$27.72,1441722023614,"6,587",100% bearish,of 1 rating,$45
ASBB,$25.23,1441722023642,6,Not yet rated,NULL,N/A
ARTW,$4.02,1441722023671,390,75% bearish,of 4 ratings,N/A
ASTI,$0.2222,1441722023775,"1,611,922",83% bullish,of 6 ratings,$3
APWC,$1.75,1441722023931,204,100% bearish,of 1 rating,N/A
ASMI,NULL,1441722023987,0,NULL,NULL,NULL
AZPN,$39.179,1441722024160,"98,492",50% bullish,of 2 ratings,$42
ASMB,$13.24,1441722024185,"2,266",67% bullish,of 3 ratings,N/A
ASML,$93.425,1441722024238,"163,563",50% bullish,of 4 ratings,$127
ASFI,$8.74,1441722024365,800,100% bullish,of 1 rating,N/A
ALOT,$13.95,1441722024450,522,100% bearish,of 1 rating,N/A
ATRO,$49.2,1441722024477,"25,850",100% bearish,of 2 ratings,$80
ASTE,$37.84,1441722024502,"6,049",100% bearish,of 1 rating,$49
ATAI,$2.35,1441722024641,"6,742",100% bearish,of 1 rating,N/A
ASUR,NULL,1441722024750,0,50% bullish,of 2 ratings,$8
ASTC,$2.2101,1441722024830,"3,085",100% bullish,of 5 ratings,N/A
ATHN,$134.47,1441722025011,"16,651",67% bearish,of 3 ratings,$153
ATRA,$42.98,1441722025040,"37,838",50% bullish,of 2 ratings,$68
AFCB,NULL,1441722025081,0,Not yet rated,NULL,N/A
ATHX,$1.141,1441722025182,"21,490",89% bullish,of 9 ratings,$5
ACFC,$5.56,1441722025324,900,100% bearish,of 1 rating,$6.50
ATLC,$3.85,1441722025473,200,67% bullish,of 3 ratings,N/A
AAPC,$10.1,1441722025505,200,Not yet rated,NULL,N/A
AGII,$54.99,1441722025535,"4,253",Not yet rated,NULL,$59.50
AAWW,$38.63,1441722025570,"25,710",50% bullish,of 2 ratings,$65
AAME,$3.433,1441722025598,"1,000",Not yet rated,NULL,N/A
ATNI,$73.47,1441722025625,"6,521",100% bearish,of 1 rating,$69.50
AFH,$16.285,1441722025780,"10,034",Not yet rated,NULL,$21.50
ATML,$7.94,1441722025826,"758,721",78% bullish,of 9 ratings,$9.50
ATOS,$0.8611,1441722026022,"22,098",100% bullish,of 7 ratings,$7
ATRI,$379.2,1441722026098,236,Not yet rated,NULL,N/A
ATRC,$23.89,1441722026124,"10,124",100% bullish,of 1 rating,$30
ATRM,NULL,1441722026208,0,50% bullish,of 2 ratings,N/A
AUBN,$26.8,1441722026342,402,Not yet rated,NULL,N/A
ATTU,$13.02,1441722026368,"2,775",100% bearish,of 1 rating,$20.50
AUPH,$3.473,1441722026499,"1,400",100% bearish,of 1 rating,$8
AUDC,$3.26,1441722026525,"1,631",80% bullish,of 5 ratings,$5
ADAT,$0.35,1441722026897,"130,510",100% bullish,of 2 ratings,N/A
EARS,$4.41,1441722026992,8,100% bearish,of 2 ratings,$8.49
ADP,$77.295,1441722027022,"181,511",100% bearish,of 1 rating,$88
ABTL,$19.2093,1441722027044,"10,799",100% bullish,of 4 ratings,$20.25
ADSK,$46.24,1441722027073,"167,496",67% bullish,of 6 ratings,$66
AAVL,$10.55,1441722027268,"22,810",100% bearish,of 1 rating,$20
AVGO,$125.66,1441722027349,"372,658",88% bullish,of 8 ratings,$165
AVEO,$1.3799,1441722027568,"78,454",75% bullish,of 8 ratings,$3
AVNU,$13.09,1441722027594,800,Not yet rated,NULL,$14
AVNW,$1.2199,1441722027623,"8,516",50% bullish,of 2 ratings,N/A
AVID,$8.72,1441722027757,"51,722",100% bearish,of 1 rating,$20
AVGR,$15.23,1441722027782,"1,733",100% bearish,of 1 rating,$20
AWRE,$3.2,1441722027829,"2,368",67% bullish,of 3 ratings,N/A
AXPWW,$0.95,1441722028016,30,Not yet rated,NULL,N/A
ACLS,$3.34,1441722028072,"286,578",67% bullish,of 6 ratings,$4.75
AXGN,$4.74,1441722028248,"5,748",Not yet rated,NULL,$5
BCOM,$19.52,1441722028275,109,100% bearish,of 1 rating,N/A
AXTI,$2.16,1441722028308,"6,012",50% bullish,of 2 ratings,$2.75
AXPW,$1.94,1441722028343,"241,793",86% bullish,of 7 ratings,N/A
CAR,$43.06,1441722028414,"112,877",67% bullish,of 6 ratings,$60
BIDU,$150.25,1441722028720,"491,364",81% bullish,of 88 ratings,$210
RILY,NULL,1441722028747,0,Not yet rated,NULL,N/A
BOSC,$2.2631,1441722028768,"24,748",50% bullish,of 2 ratings,N/A
BWINA,$23.31,1441722028899,6,Not yet rated,NULL,N/A
BCPC,$57.59,1441722028928,"16,295",100% bearish,of 1 rating,$75
BLDP,$1.3563,1441722029122,"42,051",91% bullish,of 22 ratings,$2.50
BEAV,$49.53,1441722029180,"28,876",67% bearish,of 3 ratings,$59
BWINB,$22.49,1441722029206,"2,289",Not yet rated,NULL,N/A
BANFP,NULL,1441722029236,0,Not yet rated,NULL,N/A
BANF,$59.89,1441722029332,209,Not yet rated,NULL,$68
BKMU,$7.03,1441722029379,"12,245",Not yet rated,NULL,$8
BOCH,$5.78,1441722029581,"7,391",Not yet rated,NULL,$6.50
BMRC,$49,1441722029642,536,Not yet rated,NULL,$52
BKSC,$17.27,1441722029775,"3,330",Not yet rated,NULL,N/A
BOTJ,$10.95,1441722029801,366,Not yet rated,NULL,N/A
BANR,$43.96,1441722029937,"4,053",100% bullish,of 3 ratings,$50
OZRK,$41.26,1441722030040,"46,022",67% bullish,of 3 ratings,$49.50
BFIN,$12.07,1441722030085,"3,724",Not yet rated,NULL,$13
BWFG,$18.37,1441722030112,645,100% bearish,of 1 rating,N/A
TAPR,$33.01,1441722030276,165,100% bearish,of 1 rating,N/A
BZUN,$5.33,1441722030313,"17,619",50% bullish,of 2 ratings,$11.50
LIFE,$14.7,1441722030365,"2,146",86% bullish,of 7 ratings,$43
BHAC,NULL,1441722030496,0,Not yet rated,NULL,N/A
BBSI,$34.58,1441722030735,"8,475",67% bearish,of 3 ratings,$62.50
BHACW,NULL,1441722030760,0,Not yet rated,NULL,N/A
BHACU,NULL,1441722030817,0,Not yet rated,NULL,N/A
BSET,$29.85,1441722030948,"8,511",100% bearish,of 1 rating,$35
BYBK,$5.04,1441722030973,200,100% bearish,of 1 rating,N/A
BYLK,$12.914,1441722031007,"5,972",Not yet rated,NULL,$14
BV,$5.12,1441722031154,"43,622",67% bullish,of 6 ratings,$8.75
BBCN,$14.43,1441722031203,"14,840",100% bearish,of 1 rating,$16
BECN,$36.02,1441722031383,"82,946",50% bullish,of 2 ratings,$40
BSF,$8.65,1441722031515,800,Not yet rated,NULL,N/A
BDCV,$4.8469,1441722031543,"2,592",100% bearish,of 1 rating,$10.19
BBGI,NULL,1441722031572,0,100% bearish,of 1 rating,N/A
BEBE,$1.215,1441722031593,"81,902",75% bullish,of 4 ratings,$2.125
BCBP,NULL,1441722031623,0,Not yet rated,NULL,N/A
BELFA,$15.98,1441722031983,8,100% bearish,of 1 rating,N/A
BELFB,$18.62,1441722032062,"2,803",100% bearish,of 1 rating,N/A
BLPH,$3.85,1441722032114,970,100% bearish,of 1 rating,$12.50
BLCM,$16.1701,1441722032140,"23,970",50% bullish,of 4 ratings,$40
BBBY,$62.625,1441722032165,"310,057",71% bullish,of 7 ratings,$75
BNCL,$12.63,1441722032354,"42,964",100% bullish,of 3 ratings,$12.50
BNTC,NULL,1441722032464,0,100% bullish,of 1 rating,N/A
BGCP,$8.95,1441722032501,"122,892",88% bullish,of 8 ratings,$14
BNFT,$35.94,1441722032526,"3,460",67% bullish,of 3 ratings,$46
BGMD,$0.6194,1441722032566,"32,732",100% bullish,of 10 ratings,N/A
BGFV,$11.51,1441722032597,"15,333",57% bullish,of 7 ratings,$12
BIND,$4.94,1441722032699,"6,949",75% bullish,of 4 ratings,$13.50
ORPN,$5.85,1441722032845,300,100% bullish,of 1 rating,$28.50
BASI,$1.65,1441722032991,5,Not yet rated,NULL,N/A
BCDA,NULL,1441722033074,0,Not yet rated,NULL,N/A
BIOC,$2.2,1441722033160,"185,455",83% bullish,of 6 ratings,$3.85
BCRX,$11.74,1441722033231,"32,062",63% bullish,of 8 ratings,$18
BIOD,$0.69,1441722033260,"6,900",80% bullish,of 5 ratings,$4
BIIB,$306.33,1441722033300,"204,320",88% bullish,of 16 ratings,$400
BDSI,$6.57,1441722033363,"115,541",88% bullish,of 8 ratings,$17
BIOL,$1.59,1441722033557,"5,391",Not yet rated,NULL,N/A
BLRX,$1.75,1441722033592,"33,281",100% bullish,of 12 ratings,$5
BLFS,$2.4999,1441722033618,"16,239",50% bullish,of 2 ratings,$4.75
BVXV,$3.96,1441722033696,"10,388",Not yet rated,NULL,N/A
BMRN,$127.21,1441722033757,"75,626",80% bullish,of 5 ratings,$160
BVXVW,NULL,1441722033781,0,100% bearish,of 1 rating,N/A
BPTH,$1.18,1441722034023,"8,975",100% bullish,of 2 ratings,$5
BRLI,NULL,1441722034045,0,NULL,NULL,NULL
BIOS,$2.49,1441722034225,"57,827",71% bullish,of 7 ratings,$4
BBC,$31.75,1441722034255,"8,368",Not yet rated,NULL,N/A
BSTC,$48.86,1441722034331,"6,683",100% bearish,of 1 rating,$76
BBP,$32.39,1441722034357,735,Not yet rated,NULL,N/A
BSPM,$0.703,1441722034430,770,50% bullish,of 2 ratings,N/A
TECH,$93.59,1441722034491,"38,833",100% bullish,of 1 rating,$117
BOTA,$2.17,1441722034523,"5,902",88% bullish,of 8 ratings,N/A
BEAT,$15.92,1441722034620,"146,843",67% bearish,of 3 ratings,$15
BDMS,$13.1,1441722034815,100,100% bearish,of 1 rating,N/A
BITI,$16.92,1441722034845,"10,045",100% bullish,of 1 rating,$28
BJRI,$45,1441722034872,"21,468",50% bullish,of 2 ratings,$55
BBOX,$14.77,1441722034947,"6,774",100% bearish,of 1 rating,N/A
BDE,$7.42,1441722035103,"8,406",50% bullish,of 2 ratings,$9
BLKB,$57.69,1441722035248,"5,123",100% bearish,of 2 ratings,$66
BBRY,$7.425,1441722035273,"753,991",61% bullish,of 331 ratings,$9
BKCC,$9.495,1441722035302,"64,299",50% bullish,of 2 ratings,$10
HAWK,$39.64,1441722035331,"21,560",91% bullish,of 11 ratings,$49
ADRD,$21.83,1441722035413,700,100% bearish,of 1 rating,N/A
ADRA,$26.76,1441722035463,"1,221",100% bearish,of 1 rating,N/A
ADRE,$29.15,1441722035777,866,100% bearish,of 1 rating,N/A
ADRU,$21.52,1441722035805,"1,708",100% bearish,of 1 rating,N/A
BLMN,$20.685,1441722035827,"114,985",83% bullish,of 6 ratings,$27.50
BCOR,$13.38,1441722035886,"22,571",57% bullish,of 7 ratings,$15
BLBD,$11.535,1441722035966,"1,717",Not yet rated,NULL,N/A
BUFF,$23.805,1441722036091,"129,835",77% bullish,of 13 ratings,$31.50
BHBK,$14.1,1441722036195,"1,507",100% bullish,of 1 rating,$14.50
BLUE,$133.3,1441722036228,"206,832",71% bullish,of 7 ratings,$217.50
BBLU,$0.8646,1441722036279,"11,157",100% bullish,of 2 ratings,$4.43
BKEPP,$7.81,1441722036330,"2,000",100% bearish,of 1 rating,N/A
NILE,$33.658,1441722036358,"3,582",50% bullish,of 2 ratings,$34
BPMC,$28.6,1441722036408,"2,802",50% bullish,of 2 ratings,$47.50
BOBE,$45.68,1441722036714,"46,458",75% bullish,of 4 ratings,$57
BHACR,NULL,1441722036740,0,Not yet rated,NULL,N/A
BNCN,$21.2799,1441722036820,"3,853",Not yet rated,NULL,$24
WIFI,$7.78,1441722036897,"14,230",50% bullish,of 2 ratings,$13.50
BOJA,$20.945,1441722037033,"14,580",100% bullish,of 1 rating,$30
BOFI,$116.485,1441722037059,"28,928",100% bullish,of 6 ratings,$144
BNSO,$1.2699,1441722037191,563,100% bearish,of 1 rating,N/A
BONA,$11.2963,1441722037264,"66,617",75% bullish,of 4 ratings,$8.50
BAMM,$3.21,1441722037395,"1,866",60% bullish,of 5 ratings,N/A
BPFH,$11.95,1441722037426,"37,248",100% bearish,of 1 rating,$14
BOKF,$62.96,1441722037463,"5,692",100% bearish,of 1 rating,$69
BPFHP,$24.9,1441722037524,"1,300",100% bearish,of 1 rating,N/A
BPFHW,NULL,1441722037625,0,100% bearish,of 1 rating,N/A
EPAY,$26.5401,1441722037672,"10,413",100% bearish,of 2 ratings,$30
BDBD,$8.185,1441722037754,"43,994",60% bullish,of 5 ratings,$10
BCLI,$3.1601,1441722038006,"27,913",80% bullish,of 5 ratings,$12
BBRG,$12.53,1441722038091,"2,457",67% bullish,of 3 ratings,$14.50
BCOV,$5.28,1441722038226,"3,498",67% bullish,of 3 ratings,$10.20
BRID,NULL,1441722038256,0,100% bearish,of 1 rating,N/A
BBEPP,$14.368,1441722038286,"2,249",50% bullish,of 2 ratings,N/A
BLIN,$1.56,1441722038360,"27,250",50% bullish,of 2 ratings,$2.20
BBEP,$2.69,1441722038385,"153,261",69% bullish,of 13 ratings,$5.625
BDGE,$26.55,1441722038450,"2,052",Not yet rated,NULL,$31.75
BRCM,$51.62,1441722038603,"168,580",69% bullish,of 13 ratings,$56
BSFT,$32.43,1441722038734,"6,708",57% bullish,of 7 ratings,$40.50
BVSN,$5.86,1441722038766,331,60% bearish,of 5 ratings,N/A
BYFC,$1.43,1441722038862,200,50% bullish,of 2 ratings,N/A
BWEN,$3.2,1441722038992,"8,350",75% bullish,of 4 ratings,$8
BRCD,$10.3,1441722039239,"401,277",92% bullish,of 13 ratings,$12
BRKL,$10.54,1441722039326,"13,130",100% bearish,of 1 rating,$12
BRKR,$17.98,1441722039387,"12,619",100% bearish,of 2 ratings,$22
BMTC,$29.6,1441722039412,"4,666",Not yet rated,NULL,$34
BSQR,$6.06,1441722039602,"8,670",67% bullish,of 3 ratings,N/A
BRKS,$10.39,1441722039645,"3,749",67% bullish,of 3 ratings,$15.25
BLMT,$21.25,1441722039687,"2,700",Not yet rated,NULL,N/A
BLDR,$15.62,1441722039732,"122,248",67% bullish,of 3 ratings,$22
BWLD,$198.37,1441722039819,"37,330",82% bullish,of 11 ratings,$205
CFFI,$35.7,1441722039879,100,100% bearish,of 1 rating,N/A
BUR,$1.78,1441722039907,"6,626",100% bearish,of 1 rating,$8
CA,$27.79,1441722040073,"328,493",50% bullish,of 4 ratings,$33
CCMP,$42.59,1441722040238,"8,038",50% bullish,of 2 ratings,$59
CHRW,$68.39,1441722040296,"115,880",Not yet rated,NULL,$72
CDZI,$7.6,1441722040442,"3,025",100% bearish,of 1 rating,N/A
CDNS,$20.65,1441722040516,"162,369",75% bullish,of 4 ratings,$22.50
CZR,$9.72,1441722040546,"207,857",60% bearish,of 5 ratings,$10.50
CACQ,$7.26,1441722040567,"102,412",100% bearish,of 1 rating,$12.25
CSTE,$39.88,1441722040647,"53,251",50% bullish,of 2 ratings,$65
PRSS,$4.25,1441722040701,"23,152",80% bullish,of 5 ratings,$4.50
CLMS,$9.85,1441722040892,"14,778",Not yet rated,NULL,$10.50
CLBS,$1.725,1441722040997,"6,951",79% bullish,of 14 ratings,$4
CHI,$10.35,1441722041055,"39,657",100% bearish,of 1 rating,N/A
CCD,$19.36,1441722041076,"9,507",Not yet rated,NULL,N/A
CHY,$10.99,1441722041107,"86,912",Not yet rated,NULL,N/A
CFGE,$10.52,1441722041162,12,Not yet rated,NULL,N/A
CHW,$7.425,1441722041401,"72,659",100% bearish,of 1 rating,N/A
CSQ,$9.7327,1441722041475,"67,328",Not yet rated,NULL,N/A
CGO,$12.02,1441722041504,"3,675",100% bearish,of 1 rating,N/A
CVGW,$49.14,1441722041608,"14,459",50% bullish,of 2 ratings,$58
CAMP,$16.07,1441722041746,"32,119",88% bullish,of 8 ratings,$25
CFNB,NULL,1441722041775,0,100% bearish,of 1 rating,N/A
CALA,$6.28,1441722041814,"82,217",67% bullish,of 3 ratings,$19.50
CALM,$54.4501,1441722041944,"90,504",80% bullish,of 5 ratings,$63.50
CLMT,$25.645,1441722041977,"17,835",75% bullish,of 8 ratings,$31
BKEP,$6.3701,1441722042003,"3,240",100% bearish,of 1 rating,$8.50
CALD,$16.27,1441722042140,"37,692",100% bearish,of 1 rating,$21
ABCD,$5.1,1441722042179,"24,148",83% bullish,of 6 ratings,N/A
CAMB,$10.1,1441722042242,"17,100",Not yet rated,NULL,N/A
CAMBW,$0.25,1441722042310,"67,474",Not yet rated,NULL,N/A
CAC,$40.45,1441722042451,801,Not yet rated,NULL,N/A
CAMBU,NULL,1441722042480,0,100% bearish,of 1 rating,N/A
CAMT,$2.63,1441722042554,"16,858",73% bullish,of 11 ratings,$4
CSIQ,$19.03,1441722042636,"269,382",86% bullish,of 28 ratings,$42.50
CGIX,$10.11,1441722042699,"10,640",67% bullish,of 3 ratings,$14.375
CPHC,$10.47,1441722042933,110,100% bearish,of 1 rating,N/A
CPLA,$48.93,1441722042958,"9,493",67% bearish,of 3 ratings,$65
CBF,$30.725,1441722043143,"4,354",Not yet rated,NULL,$32
CPLP,$6.97,1441722043174,"18,666",71% bullish,of 7 ratings,$11
CPTA,$14.14,1441722043310,"11,461",100% bearish,of 1 rating,$18.25
CSWC,$43.77,1441722043475,"3,189",Not yet rated,NULL,N/A
CCBG,$15.135,1441722043534,926,Not yet rated,NULL,$17.25
CFFN,$11.94,1441722043561,"38,006",Not yet rated,NULL,$12.75
CAPNW,$0.8298,1441722043691,"10,139",Not yet rated,NULL,N/A
CAPN,$2.68,1441722043717,"2,400,738",100% bullish,of 1 rating,$10.85
CPST,$0.3964,1441722043852,"68,210",95% bullish,of 22 ratings,$1.25
CAPR,$4.42,1441722043878,700,Not yet rated,NULL,$12
CARA,$19.11,1441722043948,"24,945",50% bullish,of 4 ratings,$25
CFNL,$22.33,1441722044300,"4,132",Not yet rated,NULL,$24
CARB,$11.07,1441722044329,"4,300",75% bullish,of 4 ratings,$12
CRDC,$0.3301,1441722044350,"39,300",100% bullish,of 1 rating,$1.25
CBYL,$5.4,1441722044379,"1,236",100% bearish,of 1 rating,$20
CRME,$9.4,1441722044410,600,89% bullish,of 9 ratings,$11.25
CDNA,$7.05,1441722044511,"1,890",100% bearish,of 1 rating,$9
CATM,$33.78,1441722044536,"23,458",100% bearish,of 1 rating,$44
CSII,$22.965,1441722044703,"16,435",100% bearish,of 2 ratings,$42.125
CTRE,$11.01,1441722044782,"8,741",50% bullish,of 2 ratings,$13.50
CKEC,$23.11,1441722044990,"32,934",50% bullish,of 2 ratings,$35.915
CLBH,$12.95,1441722045015,693,Not yet rated,NULL,$16.50
CECO,$3.85,1441722045063,"43,829",67% bearish,of 3 ratings,$6
CART,NULL,1441722045229,0,100% bearish,of 1 rating,N/A
CARO,$15.31,1441722045255,100,100% bearish,of 1 rating,$19
CRZO,$35.4386,1441722045331,"183,328",67% bearish,of 3 ratings,$54.50
CARV,$6.9501,1441722045434,"5,801",50% bullish,of 2 ratings,N/A
CASM,$1.2,1441722045478,237,100% bullish,of 1 rating,$3.50
TAST,$12.79,1441722045573,"32,690",Not yet rated,NULL,$14.25
CACB,$5.34,1441722045632,"5,013",Not yet rated,NULL,$5.50
CSCD,$15.26,1441722045762,"2,941",100% bullish,of 2 ratings,$17
CRTN,NULL,1441722045788,0,100% bearish,of 1 rating,N/A
CASY,$107.75,1441722046024,"32,028",50% bullish,of 2 ratings,$99.50
CWST,$6.43,1441722046084,"25,356",50% bullish,of 2 ratings,$7.25
CASI,$1.25,1441722046167,"1,600",100% bullish,of 1 rating,$3.50
CATB,$11.48,1441722046228,"3,764",100% bearish,of 1 rating,$28
CPRX,$3.84,1441722046325,"43,360",71% bullish,of 7 ratings,$7
CASS,$49.06,1441722046350,826,100% bearish,of 1 rating,N/A
CATY,$29.375,1441722046425,"42,064",100% bearish,of 1 rating,$33.50
CATYW,NULL,1441722046490,0,100% bearish,of 1 rating,N/A
CVCO,$70.235,1441722046659,"1,864",100% bearish,of 1 rating,N/A
CAVM,$70.63,1441722046707,"45,430",67% bearish,of 3 ratings,$72
CBFV,$20.56,1441722046731,104,Not yet rated,NULL,$25
CNLMR,NULL,1441722046874,0,Not yet rated,NULL,N/A
CNLM,NULL,1441722046919,0,Not yet rated,NULL,N/A
CNLMU,NULL,1441722047079,0,100% bullish,of 1 rating,N/A
CNLMW,NULL,1441722047126,0,Not yet rated,NULL,N/A
CBOE,$63.755,1441722047256,"35,744",Not yet rated,NULL,$63
CDK,$49.176,1441722047306,"42,996",67% bearish,of 3 ratings,$50
CECE,$9.26,1441722047344,"17,496",50% bullish,of 2 ratings,$16
CBNJ,$11.2001,1441722047386,"15,651",100% bearish,of 1 rating,N/A
CDW,$39.63,1441722047441,"82,203",75% bullish,of 4 ratings,$44
CELGZ,$1.79,1441722047655,"1,931",80% bullish,of 5 ratings,N/A
CELG,$119.105,1441722047681,"469,888",92% bullish,of 13 ratings,$156
CLDN,$1.23,1441722047809,"57,541",63% bullish,of 8 ratings,$3
CLRB,NULL,1441722047902,0,100% bearish,of 1 rating,N/A
CLDX,$14.1788,1441722047954,"72,214",89% bullish,of 9 ratings,$36
CLRBW,NULL,1441722047991,0,Not yet rated,NULL,N/A
CLLS,$32.06,1441722048034,"14,093",75% bullish,of 4 ratings,$51.50
CBMG,$23.338,1441722048123,"20,165",50% bullish,of 2 ratings,N/A
CLSN,$2.0301,1441722048254,"51,845",80% bullish,of 10 ratings,$7.50
CLTX,$1.9501,1441722048279,"30,542",100% bullish,of 2 ratings,N/A
CYAD,$45.77,1441722048338,270,100% bullish,of 1 rating,$87.50
CETX,$2.46,1441722048478,"3,868",Not yet rated,NULL,$5.60
CEMP,$34.575,1441722048584,"188,343",71% bullish,of 7 ratings,$52
CETV,$2.12,1441722048610,"4,237",67% bullish,of 3 ratings,$2.80
CSFL,$13.9,1441722048635,"5,458",Not yet rated,NULL,$15
CFBK,NULL,1441722048866,0,Not yet rated,NULL,N/A
CENT,$14.92,1441722048892,"101,217",Not yet rated,NULL,$10
CNTY,$5.88,1441722049072,"3,034",80% bullish,of 5 ratings,$7.75
CVCY,$11.75,1441722049098,400,Not yet rated,NULL,$12
CENTA,$15.255,1441722049156,"50,273",Not yet rated,NULL,N/A
CNBKA,$40,1441722049227,500,50% bullish,of 2 ratings,N/A
CENX,$5.49,1441722049255,"273,535",67% bullish,of 6 ratings,$9
CRNT,$1.395,1441722049396,"54,030",50% bullish,of 2 ratings,$2
CPHD,$50,1441722049458,"44,209",67% bearish,of 3 ratings,$66
CERS,$5.3,1441722049866,"99,439",75% bullish,of 4 ratings,$7
CERN,$62.05,1441722049888,"235,117",67% bullish,of 3 ratings,$79
CERU,$4.21,1441722049920,"8,482",75% bullish,of 4 ratings,$14
CERE,$1.111,1441722049949,"24,821",88% bullish,of 8 ratings,N/A
KOOL,$0.6469,1441722049996,910,100% bullish,of 5 ratings,$7
CEVA,$19.3,1441722050022,"5,249",100% bearish,of 1 rating,$25
HOTR,$1.3141,1441722050152,"13,092",100% bullish,of 2 ratings,$5
CYOU,$19.11,1441722050262,"21,133",50% bullish,of 6 ratings,$24
GTLS,$23.12,1441722050367,"25,516",50% bullish,of 4 ratings,$40
HOTRW,$0.1201,1441722050434,"6,500",Not yet rated,NULL,N/A
CHTR,$183.94,1441722050465,"56,937",67% bearish,of 3 ratings,$202
CTHR,$1.2699,1441722050493,"1,430",50% bullish,of 2 ratings,$2.50
CHFN,$12.27,1441722050621,"2,602",Not yet rated,NULL,$14
CHKP,$77.96,1441722050778,"74,551",50% bullish,of 4 ratings,$92
CHEK,$2.5,1441722050944,400,Not yet rated,NULL,$7.75
CHEKW,NULL,1441722050972,0,Not yet rated,NULL,N/A
CHFC,$30.8,1441722051010,"8,226",100% bearish,of 1 rating,$36
CEMI,$4.22,1441722051075,265,50% bullish,of 2 ratings,$7.50
CCXI,$6.1787,1441722051151,"5,186",67% bullish,of 3 ratings,$14
CHMG,$26.41,1441722051214,676,Not yet rated,NULL,$30
CHEV,$14.65,1441722051292,560,Not yet rated,NULL,N/A
CHKE,$25.66,1441722051468,976,100% bearish,of 1 rating,$32.50
CHMA,$28.48,1441722051496,"18,781",Not yet rated,NULL,$40
CMRX,$49.78,1441722051630,"13,808",50% bullish,of 2 ratings,$57
CPXX,$2.375,1441722051659,"18,374",100% bullish,of 2 ratings,$7
PLCE,$58.72,1441722051685,"13,658",100% bearish,of 1 rating,$69
CADC,NULL,1441722051760,0,78% bullish,of 9 ratings,N/A
CALI,$0.82,1441722052011,6,67% bullish,of 3 ratings,N/A
CAAS,$6.04,1441722052049,"3,750",93% bullish,of 14 ratings,$11.50
CBAK,$2.0401,1441722052197,"24,996",67% bullish,of 9 ratings,N/A
CBPO,$97.1,1441722052225,"17,021",75% bullish,of 8 ratings,$140.50
CCCL,$0.75,1441722052269,"1,003",100% bullish,of 6 ratings,N/A
CCCR,NULL,1441722052296,0,67% bearish,of 3 ratings,N/A
JRJC,$3.55,1441722052369,"32,450",82% bullish,of 11 ratings,N/A
HGSH,$1.77,1441722052502,"1,000",67% bullish,of 3 ratings,N/A
CHOP,$1.1233,1441722052530,"1,623",50% bullish,of 2 ratings,N/A
CNIT,$1.1699,1441722052768,"11,555",67% bullish,of 6 ratings,N/A
CHLN,$1.88,1441722052793,"1,426",67% bullish,of 3 ratings,N/A
CHNR,$1.71,1441722053034,"2,203",100% bearish,of 1 rating,N/A
CJJD,$1.793,1441722053063,"2,700",100% bullish,of 1 rating,N/A
CPGI,NULL,1441722053164,0,Not yet rated,NULL,N/A
HTHT,$25.5,1441722053207,"7,134",50% bullish,of 2 ratings,$28.40
CNTF,$0.8139,1441722053233,200,Not yet rated,NULL,N/A
CXDC,$6.13,1441722053258,"4,758",67% bearish,of 3 ratings,N/A
CSUN,$1.376,1441722053303,743,80% bullish,of 5 ratings,N/A
CREG,$0.6501,1441722053438,"4,500",100% bullish,of 3 ratings,N/A
CCIH,$7.76,1441722053613,"30,781",67% bullish,of 6 ratings,$12.65
CNET,$0.82,1441722053638,"1,148",50% bullish,of 2 ratings,N/A
CNYD,NULL,1441722053702,0,67% bullish,of 3 ratings,N/A
CHSCM,$26.2899,1441722053859,"2,305",Not yet rated,NULL,N/A
CHSCL,$27.2275,1441722053886,"4,305",Not yet rated,NULL,N/A
IMOS,$19.55,1441722053908,"35,188",60% bullish,of 5 ratings,$21.50
CHSCN,NULL,1441722054041,0,Not yet rated,NULL,N/A
CHSCO,$28.4,1441722054173,"3,787",Not yet rated,NULL,N/A
CHSCP,$30.33,1441722054203,"10,169",Not yet rated,NULL,N/A
CHUY,$31.13,1441722054337,"21,604",50% bullish,of 2 ratings,$34
CHDN,$135.06,1441722054368,"4,832",Not yet rated,NULL,$165
CDTX,$14.49,1441722054438,"8,500",Not yet rated,NULL,$22
CIFC,$7.1477,1441722054463,789,100% bearish,of 1 rating,N/A
CMCT,$15.9999,1441722054639,822,100% bearish,of 1 rating,N/A
CMPR,$72.705,1441722054805,"15,796",50% bullish,of 2 ratings,$72.50
CBNK,$16.66,1441722054842,300,100% bearish,of 1 rating,N/A
CPHR,$5.1317,1441722054936,"2,200",100% bearish,of 1 rating,$17
CINF,$52.53,1441722054967,"67,591",50% bullish,of 4 ratings,$50.50
CTAS,$85.045,1441722054998,"27,898",100% bearish,of 1 rating,$91
CRUS,$30.38,1441722055107,"101,864",75% bullish,of 12 ratings,$44.50
CSCO,$26.0242,1441722055158,"3,092,918",83% bullish,of 210 ratings,$32
CZWI,NULL,1441722055410,0,Not yet rated,NULL,N/A
CZNC,$19.59,1441722055437,"2,232",Not yet rated,NULL,N/A
CTRN,$25.35,1441722055473,"10,941",100% bearish,of 1 rating,$31.50
CIZN,NULL,1441722055570,0,Not yet rated,NULL,N/A
CTXS,$68.93,1441722055661,"136,605",86% bullish,of 7 ratings,$80
CZFC,$12.75,1441722055765,200,Not yet rated,NULL,N/A
CIVB,$10.04,1441722055869,100,Not yet rated,NULL,$11
CIVBP,NULL,1441722055923,0,Not yet rated,NULL,N/A
CHCO,$47.48,1441722055951,"2,754",Not yet rated,NULL,$46
CLNE,$5.095,1441722056114,"137,859",80% bullish,of 15 ratings,$9
CDTI,$1.61,1441722056140,"5,920",75% bullish,of 4 ratings,$3.20
CLNT,$1.535,1441722056283,397,75% bullish,of 8 ratings,N/A
CLFD,$17.07,1441722056367,"1,500",67% bullish,of 3 ratings,$18
CLIR,$5.3175,1441722056516,"30,074",100% bullish,of 3 ratings,N/A
CLRO,$11.35,1441722056537,"2,660",50% bullish,of 2 ratings,$14.25
CBLI,$4.3899,1441722056618,"6,962",60% bullish,of 5 ratings,N/A
CSBK,$13.99,1441722056752,"8,122",Not yet rated,NULL,N/A
CMFN,$11.55,1441722056847,"2,641",100% bearish,of 1 rating,$15.50
CLVS,$83.69,1441722056894,"41,955",60% bullish,of 5 ratings,$101.50
CNV,$4.31,1441722057068,"3,264",50% bullish,of 2 ratings,$7.15
CCNE,$17.03,1441722057111,910,50% bullish,of 2 ratings,$21.50
CISG,$7.78,1441722057173,"17,914",100% bullish,of 5 ratings,$10
CME,$93.08,1441722057204,"117,984",67% bullish,of 3 ratings,$102
CWAY,$11.16,1441722057301,200,Not yet rated,NULL,N/A
COBZ,$12.95,1441722057398,"2,105",100% bullish,of 1 rating,$14
CDRB,$10.02,1441722057687,"7,718",67% bullish,of 3 ratings,N/A
COKE,$158.64,1441722057757,"3,155",79% bullish,of 19 ratings,N/A
JVA,$4.8,1441722057843,"4,524",83% bullish,of 6 ratings,$7
CIDM,$0.5401,1441722057872,"10,700",50% bullish,of 2 ratings,$2.10
CDXS,$3.49,1441722057893,751,64% bullish,of 11 ratings,$6
CVLY,NULL,1441722057925,0,Not yet rated,NULL,N/A
CCOI,$27.09,1441722057950,"46,750",50% bullish,of 4 ratings,$35
CTSH,$62.83,1441722058279,"367,140",90% bullish,of 10 ratings,$75
CGNX,$35.32,1441722058305,"58,506",50% bullish,of 2 ratings,$47
CHRS,$25.442,1441722058386,"39,293",67% bearish,of 3 ratings,$37
COHU,$9.58,1441722058440,"6,328",100% bearish,of 1 rating,$14.25
COHR,$55.73,1441722058464,"3,636",50% bullish,of 2 ratings,$72
CLRX,$0.7,1441722058671,"10,339",50% bullish,of 2 ratings,N/A
CLCT,$17.9,1441722058847,"6,279",100% bearish,of 1 rating,N/A
CBAN,$8.75,1441722058877,"1,200",Not yet rated,NULL,N/A
COLL,$16.095,1441722058902,"11,232",100% bearish,of 1 rating,$26
COLB,$29.76,1441722058978,"7,308",Not yet rated,NULL,$36
CIGI,$42.11,1441722059032,"3,700",100% bearish,of 1 rating,$52
CLCD,$5.98,1441722059080,"1,200",100% bearish,of 1 rating,$20.50
COLM,$61.92,1441722059117,"3,674",100% bearish,of 1 rating,$71
CMCO,$18.98,1441722059342,"5,285",60% bullish,of 5 ratings,$28
CBMX,$1.15,1441722059370,"6,782",83% bullish,of 6 ratings,$3.15
CMCSA,$56.75,1441722059559,"1,333,663",66% bullish,of 35 ratings,$69.50
CVGI,$4.97,1441722059729,"17,275",50% bullish,of 2 ratings,$6
CMCSK,$57.74,1441722059754,"316,948",Not yet rated,NULL,$84
CUBN,NULL,1441722059778,0,Not yet rated,NULL,N/A
CBSH,$44.085,1441722059911,"24,607",50% bullish,of 2 ratings,$46
CBSHP,NULL,1441722059967,0,100% bearish,of 1 rating,N/A
CSAL,$20.45,1441722059995,"84,463",75% bullish,of 4 ratings,$30
COMM,$33.32,1441722060099,"83,410",67% bearish,of 3 ratings,$35
JCS,$8.72,1441722060230,200,67% bullish,of 3 ratings,N/A
CYHHZ,$0.012,1441722060257,"4,000",100% bullish,of 1 rating,N/A
ESXB,$5.08,1441722060314,910,Not yet rated,NULL,N/A
CTBI,$35.0699,1441722060399,"1,027",Not yet rated,NULL,$36
CWBC,NULL,1441722060615,0,Not yet rated,NULL,N/A
CVLT,$35.6,1441722060699,"21,186",75% bullish,of 4 ratings,$44.50
CIZ,$32.73,1441722060748,100,100% bearish,of 1 rating,N/A
COB,$10.37,1441722060879,"2,358",100% bullish,of 1 rating,$11.75
CID,NULL,1441722060945,0,Not yet rated,NULL,N/A
CIL,NULL,1441722061032,0,Not yet rated,NULL,N/A
CSF,NULL,1441722061200,0,100% bearish,of 1 rating,N/A
CDC,NULL,1441722061227,0,Not yet rated,NULL,N/A
CSA,NULL,1441722061281,0,Not yet rated,NULL,N/A
CFO,$35.24,1441722061445,50,100% bearish,of 1 rating,N/A
CFA,NULL,1441722061571,0,100% bearish,of 1 rating,N/A
CPSI,$45.27,1441722061897,"6,531",100% bearish,of 1 rating,$45.50
CGNT,$1.57,1441722061925,"1,201",100% bullish,of 2 ratings,$2
CGEN,$5.12,1441722061946,"59,065",50% bullish,of 2 ratings,$11
CDL,NULL,1441722061981,0,Not yet rated,NULL,N/A
CTG,$6.58,1441722062006,800,100% bearish,of 1 rating,$8.50
SCOR,$47.37,1441722062078,"34,457",100% bearish,of 1 rating,$66
CMTL,$25.98,1441722062280,"5,000",100% bearish,of 2 ratings,$37
CHCI,$0.67,1441722062361,"16,941",50% bullish,of 2 ratings,N/A
CNAT,$3.86,1441722062414,"15,090",83% bullish,of 6 ratings,$13
CNCE,$16.33,1441722062598,"24,261",75% bullish,of 4 ratings,$22
CXRX,$76.5,1441722062665,"10,426",100% bearish,of 1 rating,$90
CNSI,$18.75,1441722062690,"16,505",100% bearish,of 2 ratings,$29
CCUR,$5.24,1441722062714,"3,113",75% bullish,of 4 ratings,N/A
CDOR,$1.28,1441722062883,"1,600",100% bullish,of 1 rating,N/A
CDORO,NULL,1441722063039,0,100% bearish,of 1 rating,N/A
CDORP,NULL,1441722063081,0,100% bearish,of 1 rating,N/A
CFMS,$14.4599,1441722063267,"86,883",100% bearish,of 1 rating,$26.50
CTWS,$34.58,1441722063294,896,100% bearish,of 1 rating,$44
CNFR,$9.8,1441722063335,107,Not yet rated,NULL,N/A
CNMD,$51.23,1441722063363,"3,274",Not yet rated,NULL,$59
CNOB,$19.21,1441722063495,"3,043",100% bullish,of 1 rating,$23.50
CONN,$29.09,1441722063716,"87,619",67% bullish,of 3 ratings,$48.50
CNXR,$6.75,1441722063745,"4,560",100% bearish,of 1 rating,$12
CNSL,$19.86,1441722063770,"10,944",100% bearish,of 1 rating,$23
CWCO,$10.47,1441722063815,"10,020",67% bullish,of 3 ratings,$14.50
CFRX,$4.86,1441722063946,"7,963",Not yet rated,NULL,$14
CTCT,$25,1441722063973,"17,564",67% bullish,of 3 ratings,$37
CPSS,$5.44,1441722064001,"8,360",100% bullish,of 1 rating,$10
CFRXW,NULL,1441722064316,0,100% bearish,of 1 rating,N/A
CFRXZ,NULL,1441722064343,0,Not yet rated,NULL,N/A
CTRV,$3.47,1441722064369,443,Not yet rated,NULL,$6.40
CTRL,$8.53,1441722064527,"20,263",50% bullish,of 2 ratings,$11
CORT,$4.94,1441722064552,"29,980",67% bullish,of 3 ratings,$12
CRBP,$1.9,1441722064599,"16,555",100% bullish,of 2 ratings,$6.25
CPRT,$34.88,1441722064624,"38,517",67% bearish,of 3 ratings,$40
BVA,NULL,1441722064871,0,50% bullish,of 2 ratings,N/A
CORE,$59.51,1441722064896,"4,930",100% bearish,of 1 rating,$72
CORI,$10.302,1441722065051,"2,998",100% bearish,of 1 rating,$18
CRVL,$31.53,1441722065088,"2,435",100% bearish,of 1 rating,N/A
COSI,$1.07,1441722065147,"37,540",100% bullish,of 1 rating,N/A
CSOD,$37.04,1441722065171,"23,921",50% bullish,of 2 ratings,$42
CSGP,$176.05,1441722065199,"6,196",50% bullish,of 2 ratings,$235
COST,$139.87,1441722065427,"149,224",79% bullish,of 24 ratings,$154.50
CVTI,$23.07,1441722065584,"6,472",67% bearish,of 3 ratings,$39
CPAH,NULL,1441722065608,0,50% bullish,of 2 ratings,N/A
ICBK,$19,1441722065635,200,Not yet rated,NULL,$21
COWNL,NULL,1441722065768,0,Not yet rated,NULL,N/A
COVS,$2.43,1441722065833,"28,634",67% bullish,of 3 ratings,N/A
COWN,$5.08,1441722065896,"111,599",75% bullish,of 4 ratings,$7
BREW,$7.8129,1441722066100,"1,877",67% bullish,of 6 ratings,$15
CRAI,$23.18,1441722066134,947,100% bearish,of 1 rating,$36
CPSH,$2.35,1441722066160,200,Not yet rated,NULL,N/A
CBRL,$148.3,1441722066231,"22,850",50% bullish,of 2 ratings,$155
CRAY,$21.08,1441722066294,"10,422",83% bullish,of 6 ratings,$38.50
CACC,$199.87,1441722066399,"6,678",50% bullish,of 2 ratings,$158.50
SLVO,$10.0401,1441722066566,"1,603",100% bearish,of 1 rating,N/A
CREE,$26.38,1441722066735,"79,594",65% bullish,of 17 ratings,$29.50
GLDI,$10.94,1441722066760,12,100% bearish,of 1 rating,N/A
CRESY,$10.19,1441722066786,"3,068",100% bearish,of 1 rating,$19
CRTO,$36.44,1441722066815,"52,761",67% bullish,of 6 ratings,$64
CROX,$13.83,1441722066915,"88,430",63% bullish,of 8 ratings,$16.50
CRDS,$1.175,1441722066972,"10,137",50% bullish,of 4 ratings,$3.375
CRWS,$8.1001,1441722067180,"5,596",Not yet rated,NULL,$10
CCRN,$14.24,1441722067225,"26,249",100% bearish,of 1 rating,$14.25
CRWN,$5.3,1441722067252,"44,296",75% bullish,of 4 ratings,N/A
CYRX,$3.06,1441722067279,"8,690",Not yet rated,NULL,$9
CSGS,$30.065,1441722067409,"12,068",Not yet rated,NULL,$40
CYRXW,NULL,1441722067434,0,Not yet rated,NULL,N/A
CCLP,$13.62,1441722067512,"5,082",67% bearish,of 3 ratings,$20
CSPI,$5.78,1441722067719,200,67% bullish,of 3 ratings,N/A
CTIC,$1.5525,1441722067894,"235,811",84% bullish,of 76 ratings,$5.75
CTCM,$1.705,1441722067929,"35,383",80% bearish,of 5 ratings,$3.90
CUNB,$21.8832,1441722068030,"1,627",Not yet rated,NULL,$24.50
CTIB,NULL,1441722068073,0,100% bearish,of 1 rating,N/A
CTRP,$67.21,1441722068098,"228,618",75% bullish,of 8 ratings,$92.50
CUI,$5.3,1441722068163,400,50% bullish,of 2 ratings,$10
CMLS,$1.29,1441722068329,"23,707",50% bullish,of 4 ratings,$6
CUTR,$15.03,1441722068400,"1,448",67% bearish,of 3 ratings,$18
CPIX,$6.05,1441722068459,"4,186",Not yet rated,NULL,N/A
CRIS,$2.53,1441722068484,"28,187",100% bullish,of 8 ratings,$6
CVV,$11.661,1441722068653,"3,055",100% bullish,of 5 ratings,N/A
CVBF,$16.21,1441722068682,"58,209",Not yet rated,NULL,$18
CYAN,$6.3138,1441722068869,626,100% bearish,of 1 rating,N/A
CYBR,$46.25,1441722069041,"301,357",75% bullish,of 8 ratings,$68.50
CYBE,NULL,1441722069142,0,100% bearish,of 1 rating,N/A
CYBX,$66.88,1441722069177,"71,220",50% bullish,of 4 ratings,$71.50
CYCC,$0.565,1441722069278,"18,450",73% bullish,of 11 ratings,N/A
CYCCP,$5.5,1441722069307,564,100% bearish,of 1 rating,N/A
CYNA,$16.07,1441722069333,120,50% bullish,of 2 ratings,$31.50
CBAY,$2.9571,1441722069408,"159,521",100% bullish,of 1 rating,$4
CYNO,$33.77,1441722069495,"13,599",67% bearish,of 3 ratings,$45.50
CONE,$32.3,1441722069713,"18,997",67% bearish,of 3 ratings,$35.50
CYRN,$1.7952,1441722069743,"1,231",67% bullish,of 3 ratings,$4
CYTK,$7.48,1441722069844,"54,032",71% bullish,of 14 ratings,$13.50
CY,$10.0782,1441722069871,"316,760",80% bullish,of 10 ratings,$15.50
CYTX,$0.3782,1441722069906,"207,516",83% bullish,of 12 ratings,$5.50
CTSO,$7.4,1441722070047,"5,436",Not yet rated,NULL,$15.625
CYTR,$2.435,1441722070197,"124,346",67% bullish,of 6 ratings,$10
TVIX,$15.34,1441722070252,"2,195,702",81% bullish,of 16 ratings,N/A
ZIV,$35.917,1441722070323,"29,528",Not yet rated,NULL,N/A
DAEG,NULL,1441722070415,0,100% bearish,of 1 rating,N/A
TVIZ,$22.45,1441722070465,"1,007",100% bearish,of 1 rating,N/A
DJCO,$201.83,1441722070513,100,Not yet rated,NULL,N/A
XIV,$23.8371,1441722070569,"4,254,614",75% bearish,of 4 ratings,N/A
DAKT,$8.52,1441722070732,"17,115",50% bullish,of 2 ratings,$12
DARA,$0.8281,1441722070944,"3,480",83% bullish,of 6 ratings,$1.50
DAIO,$2.54,1441722070993,525,Not yet rated,NULL,N/A
DRAM,$1.23,1441722071033,"2,936",78% bullish,of 9 ratings,N/A
DTLK,$5.57,1441722071075,"17,021",100% bearish,of 1 rating,$9
DWCH,$4.9,1441722071099,"8,002",75% bullish,of 4 ratings,$8.25
PLAY,$36.93,1441722071164,"40,832",100% bullish,of 5 ratings,$42
DBVT,$36.38,1441722071553,"14,616",100% bearish,of 1 rating,$53
DTEA,$13.28,1441722071582,"16,650",100% bearish,of 2 ratings,$24
DWSN,$4.4,1441722071650,769,67% bullish,of 3 ratings,N/A
DHRM,$1.6,1441722071680,100,Not yet rated,NULL,N/A
TRAK,$62.87,1441722071711,"34,507",50% bullish,of 2 ratings,$62.50
DFRG,$14.2,1441722071744,"23,882",100% bearish,of 1 rating,$20
TACO,$13.845,1441722071806,"56,482",75% bullish,of 4 ratings,$20
TACOW,$4.5638,1441722072112,"8,100",100% bullish,of 1 rating,N/A
DCTH,$0.4799,1441722072142,"277,814",78% bullish,of 9 ratings,N/A
DELT,NULL,1441722072242,0,Not yet rated,NULL,N/A
DENN,$11.4301,1441722072306,"22,949",100% bullish,of 3 ratings,$15
DGAS,$20.6,1441722072387,416,67% bearish,of 3 ratings,N/A
DELTW,$0.18,1441722072431,200,Not yet rated,NULL,N/A
XRAY,$51.84,1441722072468,"46,804",100% bullish,of 1 rating,$58
DEPO,$27.11,1441722072602,"160,109",60% bullish,of 5 ratings,$29
DERM,$25.529,1441722072687,"3,522",100% bearish,of 1 rating,$33.50
DSCI,$6.21,1441722072742,"7,361",50% bullish,of 2 ratings,$16
DEST,$10.24,1441722072767,"2,031",50% bullish,of 2 ratings,N/A
DSWL,$1.4699,1441722072894,"3,633",100% bullish,of 1 rating,N/A
DXLG,$6.45,1441722072919,"24,052",100% bearish,of 1 rating,$8
DXM,$0.3136,1441722072946,"177,709",50% bullish,of 2 ratings,N/A
DXCM,$89.2,1441722073302,"61,215",57% bullish,of 7 ratings,$98
DMND,$30.78,1441722073431,"5,765",75% bullish,of 12 ratings,$32
DHIL,$190.55,1441722073460,133,100% bearish,of 1 rating,N/A
DHXM,$6.09,1441722073487,"1,400",100% bearish,of 1 rating,N/A
DCIX,$1.55,1441722073508,"1,914",50% bullish,of 4 ratings,$3.50
FANG,$66.26,1441722073542,"68,493",50% bullish,of 2 ratings,$86
DMRC,$38.83,1441722073641,"8,326",100% bearish,of 1 rating,$44
DGII,$10.31,1441722073809,"4,160",100% bearish,of 1 rating,$11
DRNA,$11.18,1441722074055,"24,844",67% bearish,of 3 ratings,$25
DRAD,$3.8,1441722074106,"2,153",100% bullish,of 1 rating,$5.25
DGLY,$7.32,1441722074133,"20,365",50% bullish,of 6 ratings,$20
APPS,$2.19,1441722074154,"17,360",100% bearish,of 1 rating,$10.25
DCOM,$16.78,1441722074284,"4,003",100% bearish,of 2 ratings,$16
DPRX,$14.93,1441722074341,"6,806",100% bullish,of 2 ratings,$27.75
DIOD,$22.96,1441722074488,"44,002",75% bearish,of 4 ratings,$28
DISCA,$27.54,1441722074790,"289,536",67% bullish,of 3 ratings,$34
DISCB,$27.35,1441722074853,200,100% bearish,of 1 rating,$35
DVCR,$10.508,1441722074933,400,100% bullish,of 1 rating,N/A
DSCO,$0.44,1441722074983,"18,648",83% bullish,of 6 ratings,$2.75
DISH,$59.51,1441722075010,"93,371",69% bullish,of 13 ratings,$73
DISCK,$26.02,1441722075038,"148,240",100% bearish,of 1 rating,$32
DLHC,NULL,1441722075314,0,100% bearish,of 1 rating,N/A
BAGR,$2.65,1441722075387,300,100% bearish,of 1 rating,$6
DNBF,$26.3,1441722075459,200,Not yet rated,NULL,$27.50
DGICA,$13.695,1441722075542,"2,035",100% bearish,of 1 rating,$17
DLTR,$68.02,1441722075591,"587,096",82% bullish,of 11 ratings,$85
DGICB,NULL,1441722075619,0,100% bearish,of 1 rating,N/A
DORM,$50.425,1441722075723,"13,498",100% bearish,of 1 rating,$56
DMLP,$14.4201,1441722075868,"3,396",100% bearish,of 1 rating,N/A
DWA,$20.95,1441722076042,"31,409",63% bullish,of 8 ratings,$26
DRWI,$0.1822,1441722076070,"219,063",60% bullish,of 5 ratings,$.45
HILL,$9.68,1441722076104,"444,044",60% bearish,of 5 ratings,$9.75
DRYS,$0.4482,1441722076125,"593,558",77% bullish,of 31 ratings,$.60
DRWIW,$0.06,1441722076199,"12,100",Not yet rated,NULL,N/A
DSKX,$3.54,1441722076264,"27,479",100% bullish,of 1 rating,N/A
DSPG,$8.94,1441722076289,"1,408",100% bearish,of 1 rating,$13.50
CADT,NULL,1441722076509,0,Not yet rated,NULL,N/A
CADTR,NULL,1441722076686,0,Not yet rated,NULL,N/A
DNKN,$49.11,1441722076737,"55,690",67% bullish,of 15 ratings,$56.50
DRRX,$2.125,1441722076817,"8,477",50% bullish,of 6 ratings,$3
CADTU,$10.26,1441722076842,201,Not yet rated,NULL,N/A
CSB,NULL,1441722076871,0,Not yet rated,NULL,N/A
CADTW,NULL,1441722076899,0,Not yet rated,NULL,N/A
DTSI,$27.06,1441722076925,"15,288",100% bearish,of 2 ratings,$39.50
DYAX,$22.06,1441722077006,"46,595",89% bullish,of 9 ratings,$30
DXPE,$30.45,1441722077174,"10,655",50% bullish,of 2 ratings,N/A
DVAX,$28.83,1441722077318,"25,258",70% bullish,of 10 ratings,$40
BOOM,$9.99,1441722077343,"10,938",67% bullish,of 3 ratings,$12
DYSL,$1.4501,1441722077372,545,100% bullish,of 2 ratings,N/A
ETFC,$26.935,1441722077475,"1,237,370",57% bullish,of 14 ratings,$32.50
EBMT,$11.63,1441722077667,100,Not yet rated,NULL,$13.50
EGBN,$41.46,1441722077770,"3,565",Not yet rated,NULL,$48
EGLE,$6.6,1441722077797,"2,818",60% bullish,of 5 ratings,N/A
EGRX,$83,1441722077824,"53,862",67% bullish,of 3 ratings,$97
EWBC,$39.3801,1441722077851,"53,043",100% bearish,of 1 rating,$50
EROC,$1.465,1441722077983,"20,376",50% bullish,of 2 ratings,$3
ELNK,$8.575,1441722078050,"29,022",60% bullish,of 5 ratings,$9.50
EACQU,$10.15,1441722078194,"1,100",Not yet rated,NULL,N/A
EML,$16.4,1441722078266,20,Not yet rated,NULL,N/A
EVBS,$6.79,1441722078323,300,Not yet rated,NULL,$7
EBAY,$26.595,1441722078455,"2,135,941",81% bullish,of 117 ratings,$33
ELON,$0.58,1441722078557,"14,335",50% bullish,of 2 ratings,N/A
EBIX,$27.86,1441722078639,"12,861",69% bullish,of 13 ratings,$40
SATS,$43.84,1441722078764,"3,952",50% bullish,of 2 ratings,$60
ECTE,$1.49,1441722078817,200,75% bullish,of 4 ratings,N/A
ECACU,$10.06,1441722078894,500,Not yet rated,NULL,N/A
ECHO,$23.12,1441722078921,"14,452",67% bearish,of 3 ratings,$34.50
EEI,$11.75,1441722078988,300,67% bearish,of 3 ratings,N/A
ESES,$3.39,1441722079051,100,100% bearish,of 1 rating,$7
EDAP,$3.62,1441722079131,"3,644",60% bullish,of 5 ratings,$4.50
EDGW,$7.002,1441722079359,600,100% bearish,of 1 rating,N/A
EDUC,$7.35,1441722079418,"16,763",100% bearish,of 1 rating,N/A
EFUT,$4.68,1441722079550,500,Not yet rated,NULL,N/A
EGAN,$3.79,1441722079683,493,50% bullish,of 2 ratings,$6.25
EGLT,$13.31,1441722079708,"7,508",50% bullish,of 2 ratings,$21
LOCO,$12.53,1441722079729,"108,745",69% bullish,of 13 ratings,$19.50
DYNT,NULL,1441722079759,0,75% bullish,of 4 ratings,N/A
EHTH,$14.215,1441722079786,"14,712",50% bullish,of 4 ratings,$17
ERI,$9.35,1441722079968,"6,746",100% bearish,of 1 rating,$10
ESLT,$79.25,1441722079996,"1,823",67% bullish,of 3 ratings,N/A
EMITF,$1.27,1441722080021,"51,150",75% bullish,of 4 ratings,N/A
ELRC,$10.6,1441722080163,"2,482",100% bearish,of 1 rating,N/A
ESIO,$4.66,1441722080295,"4,715",50% bullish,of 2 ratings,$10
EFII,$43.61,1441722080320,"18,316",80% bullish,of 5 ratings,$55
ELEC,NULL,1441722080500,0,Not yet rated,NULL,N/A
ELECU,NULL,1441722080545,0,Not yet rated,NULL,N/A
ELSE,NULL,1441722080571,0,60% bullish,of 5 ratings,N/A
ELECW,NULL,1441722080735,0,Not yet rated,NULL,N/A
CAPX,NULL,1441722080831,0,Not yet rated,NULL,N/A
EBIO,$3.3175,1441722080858,"43,864",100% bearish,of 2 ratings,$8.35
RDEN,$11.465,1441722080891,"8,489",100% bearish,of 4 ratings,$15
ESBK,NULL,1441722081170,0,Not yet rated,NULL,N/A
ELTK,$1.28,1441722081196,"12,680",67% bearish,of 3 ratings,N/A
LONG,$16.885,1441722081218,"3,700",67% bullish,of 3 ratings,$15.75
EA,$67.25,1441722081252,"436,036",78% bullish,of 36 ratings,$80
EMCI,$22.1,1441722081357,800,Not yet rated,NULL,N/A
EMCF,$22.8,1441722081459,100,100% bearish,of 1 rating,N/A
EMKR,$6.785,1441722081508,"9,072",75% bullish,of 4 ratings,$8.50
EMMS,$1.25,1441722081592,"4,900",67% bullish,of 6 ratings,N/A
NYNY,$4.584,1441722081734,"3,622",50% bullish,of 2 ratings,N/A
ERS,NULL,1441722081830,0,Not yet rated,NULL,N/A
EMMSP,NULL,1441722081879,0,100% bearish,of 1 rating,N/A
ENTA,$39.29,1441722081986,"23,824",50% bullish,of 2 ratings,$42
ECPG,$37.41,1441722082038,"20,896",100% bullish,of 2 ratings,$52
ENDP,$74.585,1441722082126,"125,468",50% bullish,of 6 ratings,$101.50
WIRE,$32.81,1441722082226,"8,066",100% bearish,of 1 rating,$37
ELGX,$13.335,1441722082356,"73,868",75% bullish,of 4 ratings,$17
ECYT,$5.05,1441722082386,"61,197",83% bullish,of 6 ratings,$12
EIGI,$14.85,1441722082407,"22,891",67% bearish,of 3 ratings,$22.50
EFOI,$27.47,1441722082439,"281,505",67% bullish,of 3 ratings,$24.50
WATT,$6.85,1441722082490,"6,051",50% bullish,of 2 ratings,$13
ERII,$2.64,1441722082623,"5,660",80% bullish,of 5 ratings,$2.50
EXXI,$1.71,1441722082663,"321,804",86% bullish,of 7 ratings,$3.50
ENOC,$8.84,1441722082894,"35,243",75% bullish,of 4 ratings,$18
ENG,$1.04,1441722082919,"1,000",100% bullish,of 3 ratings,N/A
ESGR,$150,1441722082945,"12,640",100% bearish,of 1 rating,$185
ENPH,$4.71,1441722082969,"92,680",75% bullish,of 4 ratings,$10
ENFC,$17.58,1441722083417,100,Not yet rated,NULL,N/A
ENTG,$13.5,1441722083548,"99,219",100% bearish,of 1 rating,$18
ETRM,$0.2776,1441722083578,"91,476",69% bearish,of 35 ratings,$1.625
ENTL,$21.62,1441722083604,"1,992",Not yet rated,NULL,$28
EBTC,$21.25,1441722083632,800,Not yet rated,NULL,N/A
EGT,$2.11,1441722083677,"6,900",100% bullish,of 1 rating,N/A
EFSC,$24.02,1441722083738,"2,265",Not yet rated,NULL,$27
ENZY,$10.36,1441722083882,"16,262",67% bullish,of 3 ratings,$9.50
ENZN,$1.02,1441722083944,"37,499",100% bullish,of 9 ratings,N/A
ENVI,$1.91,1441722083971,"29,604",67% bullish,of 3 ratings,N/A
EPIQ,$12.4,1441722084027,"4,012",100% bearish,of 1 rating,$18
EPZM,$19.47,1441722084063,"20,717",60% bullish,of 5 ratings,$34
EPRS,$5.27,1441722084156,"4,100",82% bullish,of 11 ratings,$15
PLUS,$75.02,1441722084181,"1,819",50% bullish,of 2 ratings,$88
EQIX,$274.165,1441722084312,"66,031",75% bullish,of 4 ratings,$312.50
EQFN,$8.37,1441722084388,100,100% bearish,of 1 rating,N/A
ERIC,$9.745,1441722084567,"481,550",67% bullish,of 9 ratings,$12.20
EAC,$3.5,1441722084631,"2,243",100% bearish,of 1 rating,$8
ESCR,$0.3098,1441722084660,"242,526",50% bullish,of 2 ratings,N/A
ESPR,$45.25,1441722084763,"58,399",70% bearish,of 10 ratings,$115
ERIE,$79.99,1441722084792,"1,363",Not yet rated,NULL,$73
ESCA,$17.96,1441722084853,848,100% bearish,of 1 rating,$22
ESCRP,$1.55,1441722084891,636,100% bearish,of 1 rating,N/A
ESSA,$12.96,1441722084992,400,100% bearish,of 1 rating,N/A
ESMC,$1.29,1441722085019,400,Not yet rated,NULL,N/A
ESND,$34.17,1441722085091,"5,168",100% bearish,of 2 ratings,$40
ESSX,$0.47,1441722085190,100,50% bullish,of 2 ratings,N/A
EPIX,$6.07,1441722085330,"1,250",Not yet rated,NULL,N/A
ETSY,$14.37,1441722085402,"33,637",80% bullish,of 5 ratings,$16
CLWT,NULL,1441722085461,0,100% bearish,of 1 rating,N/A
ESEA,$4.5,1441722085537,499,100% bullish,of 1 rating,$15
EVLV,$2.53,1441722085671,"27,414",60% bullish,of 5 ratings,$4.625
EVEP,$8.053,1441722085703,"32,376",50% bullish,of 2 ratings,$14
EEFT,$66.64,1441722085730,"16,472",100% bearish,of 1 rating,$67.50
EVK,NULL,1441722085751,0,75% bearish,of 4 ratings,N/A
EVOK,$3.58,1441722085803,650,100% bearish,of 1 rating,$13.375
EXA,$10.76,1441722085935,166,100% bearish,of 1 rating,$13
EXAS,$20.83,1441722085980,"67,450",78% bullish,of 9 ratings,$31
EVOL,$5.58,1441722086005,"7,654",75% bullish,of 4 ratings,$10
EXEL,$5.67,1441722086159,"507,903",81% bullish,of 16 ratings,$6
EXAC,$19.24,1441722086186,"1,030",100% bearish,of 1 rating,$22.50
EXFO,$3.0001,1441722086211,"1,740",67% bearish,of 3 ratings,$3.95
EXLS,$36.87,1441722086367,"5,026",50% bullish,of 2 ratings,$41
EXPE,$113.05,1441722086442,"99,997",64% bullish,of 11 ratings,$130
EXPD,$48.04,1441722086463,"109,062",80% bullish,of 5 ratings,$52
EXPO,$42.895,1441722086546,"2,812",100% bearish,of 1 rating,$45.50
EXLP,$18.13,1441722086629,"3,041",100% bearish,of 1 rating,$25
EXTR,$3.15,1441722086728,"56,425",80% bullish,of 5 ratings,$3
EYEG,$4.2565,1441722086762,"14,345",Not yet rated,NULL,N/A
ESRX,$84.02,1441722086787,"712,380",67% bearish,of 6 ratings,$101
EYEGW,NULL,1441722086918,0,Not yet rated,NULL,N/A
EZCH,$22.97,1441722086947,"16,692",75% bullish,of 8 ratings,$19
EZPW,$5.99,1441722087100,"19,458",50% bullish,of 4 ratings,$7
FFIV,$120.34,1441722087125,"36,961",63% bullish,of 8 ratings,$132
FCS,$13.74,1441722087257,"199,684",67% bearish,of 3 ratings,$17
FB,$89.56,1441722087339,"3,960,710",74% bullish,of 1078 ratings,$111
FWM,$2.295,1441722087385,"34,744",100% bearish,of 2 ratings,$3.20
FRP,$15.6192,1441722087511,"5,666",100% bearish,of 1 rating,$18
DAVE,$15.0412,1441722087590,"2,232",100% bearish,of 1 rating,$15.50
FARM,$22.11,1441722087615,"2,538",100% bearish,of 1 rating,$35
FALC,$1.75,1441722087652,"9,325",63% bearish,of 8 ratings,N/A
FARO,$37.17,1441722087750,"11,705",50% bullish,of 2 ratings,$48
FFKT,$25.76,1441722087805,309,Not yet rated,NULL,$29
FMNB,$8.28,1441722087947,500,Not yet rated,NULL,N/A
FAST,$38.43,1441722087998,"210,014",80% bullish,of 5 ratings,$43
FBSS,NULL,1441722088041,0,Not yet rated,NULL,N/A
FATE,$6.27,1441722088142,"1,355",50% bullish,of 2 ratings,$11
FBRC,$21.98,1441722088167,"1,111",100% bearish,of 1 rating,$29
FNHC,$22.01,1441722088311,"4,733",100% bearish,of 1 rating,$35
FDML,$8.16,1441722088335,"34,537",50% bullish,of 4 ratings,$14
FCSC,$5.7,1441722088530,"7,397",100% bearish,of 1 rating,$8.125
FHCO,$1.39,1441722088558,971,50% bullish,of 4 ratings,N/A
FEIC,$75.955,1441722088579,"23,628",50% bullish,of 2 ratings,$95.50
FGEN,$24.47,1441722088792,"70,634",100% bearish,of 1 rating,$39
FENX,$9.9,1441722088825,"2,900",100% bullish,of 1 rating,$14.25
FDUS,$14.5732,1441722088958,"1,980",50% bullish,of 2 ratings,$18
LION,$19.6,1441722088984,"3,662",100% bullish,of 1 rating,$20
ONEQ,$187.6388,1441722089012,"3,325",100% bullish,of 1 rating,N/A
FSAM,$7.48,1441722089115,"1,257",100% bearish,of 1 rating,$10.25
FRGI,$51.8,1441722089259,"4,698",50% bullish,of 2 ratings,$70
FSC,$6.54,1441722089287,"85,652",60% bullish,of 5 ratings,$8
FSCFL,$24.75,1441722089352,100,Not yet rated,NULL,N/A
FITB,$19.49,1441722089419,"432,903",54% bullish,of 13 ratings,$22
FNGN,$29.85,1441722089498,"38,290",67% bullish,of 3 ratings,$47
FSFR,$8.86,1441722089548,"5,170",100% bearish,of 1 rating,$11.50
FITBI,$27.5,1441722089573,656,Not yet rated,NULL,N/A
FISI,$24.28,1441722089794,"1,478",100% bullish,of 2 ratings,$24.50
FNJN,$1.64,1441722089851,"1,068",100% bearish,of 1 rating,$5
FNTC,NULL,1441722089888,0,Not yet rated,NULL,N/A
FEYE,$37.59,1441722089941,"598,351",88% bullish,of 16 ratings,$55.50
FNTCU,NULL,1441722089978,0,Not yet rated,NULL,N/A
FNSR,$15.34,1441722090016,"52,734",71% bullish,of 7 ratings,$24
FNTCW,NULL,1441722090074,0,Not yet rated,NULL,N/A
FBNC,$17.03,1441722090158,243,100% bullish,of 1 rating,$20
FNLC,$18.9499,1441722090339,"1,390",100% bullish,of 1 rating,N/A
BUSE,$19.11,1441722090371,"4,100",Not yet rated,NULL,$6.875
FRBA,$6.13,1441722090471,200,Not yet rated,NULL,$8
FBIZ,$22.96,1441722090496,"5,775",100% bearish,of 2 ratings,$26
FCFS,$39.05,1441722090638,"2,106",100% bearish,of 3 ratings,$47
FCAP,$26.1,1441722090667,480,Not yet rated,NULL,N/A
FCVA,$4.63,1441722090693,200,Not yet rated,NULL,N/A
FCLF,$9.19,1441722090766,200,Not yet rated,NULL,N/A
FCNCA,$230,1441722090833,"1,027",Not yet rated,NULL,N/A
FCCO,NULL,1441722090937,0,Not yet rated,NULL,$13.25
FCBC,$17.23,1441722090961,"3,311",Not yet rated,NULL,$18
FCFP,$6.89,1441722090987,200,Not yet rated,NULL,N/A
FBNK,$16.7425,1441722091206,"20,785",100% bearish,of 1 rating,$17.50
FFNM,$6.4,1441722091262,100,Not yet rated,NULL,N/A
FDEF,$36.757,1441722091337,"3,816",Not yet rated,NULL,$38
FFIN,$30,1441722091404,"5,745",50% bullish,of 2 ratings,$31.75
FFBC,$18.35,1441722091429,"5,857",67% bearish,of 3 ratings,$20.25
FFBCW,NULL,1441722091503,0,100% bearish,of 1 rating,N/A
THFF,$32.75,1441722091646,"5,674",Not yet rated,NULL,$35
FFWM,$21.58,1441722091694,"4,302",Not yet rated,NULL,$24
FFNW,$12.3,1441722091722,578,Not yet rated,NULL,$14
FMBH,NULL,1441722091867,0,Not yet rated,NULL,N/A
INBK,$29.27,1441722091892,"6,358",50% bullish,of 2 ratings,$37
FIBK,$26.35,1441722091925,"4,688",Not yet rated,NULL,$32
FRME,$26.26,1441722091966,"7,975",Not yet rated,NULL,$26.50
FMBI,$17.53,1441722092144,"13,367",Not yet rated,NULL,$20
FNFG,$9.14,1441722092169,"238,307",80% bullish,of 5 ratings,$9
FNBC,$34.79,1441722092354,"5,421",Not yet rated,NULL,$40
FSFG,$31.2,1441722092417,666,Not yet rated,NULL,N/A
FNWB,$12.23,1441722092445,"3,892",Not yet rated,NULL,N/A
FSGI,$2.46,1441722092483,"1,570",Not yet rated,NULL,N/A
FSBK,NULL,1441722092626,0,100% bullish,of 1 rating,N/A
FSLR,$47.99,1441722092682,"147,967",72% bullish,of 39 ratings,$65
FBZ,NULL,1441722092756,0,Not yet rated,NULL,N/A
BICK,NULL,1441722092787,0,100% bullish,of 1 rating,N/A
FCAN,NULL,1441722092821,0,Not yet rated,NULL,N/A
FTCS,$36.2499,1441722092847,745,100% bearish,of 1 rating,N/A
FCA,$19.77,1441722092886,415,Not yet rated,NULL,N/A
IFV,$17.7,1441722093069,"29,949",100% bearish,of 1 rating,N/A
FV,$23.18,1441722093171,"123,616",100% bearish,of 1 rating,N/A
FEMB,$41.09,1441722093216,"3,600",Not yet rated,NULL,N/A
FEUZ,$30.89,1441722093350,100,Not yet rated,NULL,N/A
FTSM,$59.9301,1441722093377,822,100% bearish,of 1 rating,N/A
TDIV,$24.89,1441722093406,"16,309",100% bearish,of 1 rating,N/A
MDIV,$18.9746,1441722093431,"12,615",Not yet rated,NULL,N/A
FGM,$36.03,1441722093508,"6,400",Not yet rated,NULL,N/A
FTHI,$19.27,1441722093639,100,Not yet rated,NULL,N/A
FTGC,$22.3499,1441722093714,"13,134",Not yet rated,NULL,N/A
HYLS,$49.6584,1441722093768,"3,096",100% bearish,of 1 rating,N/A
FPXI,$26.86,1441722093819,200,Not yet rated,NULL,N/A
YDIV,NULL,1441722093919,0,Not yet rated,NULL,N/A
FHK,$33.68,1441722093949,"1,300",Not yet rated,NULL,N/A
SKYY,$28.5815,1441722094051,"5,732",100% bullish,of 1 rating,N/A
CU,$12.82,1441722094142,700,100% bearish,of 1 rating,N/A
PLTM,$6.18,1441722094369,220,100% bearish,of 1 rating,N/A
FJP,$44.95,1441722094416,"42,934",Not yet rated,NULL,N/A
FMB,NULL,1441722094517,0,Not yet rated,NULL,N/A
CIBR,$17.54,1441722094571,"3,470",Not yet rated,NULL,N/A
LMBS,NULL,1441722094625,0,Not yet rated,NULL,N/A
FTLB,NULL,1441722094705,0,100% bearish,of 1 rating,N/A
QCLN,$15.22,1441722094734,"7,610",Not yet rated,NULL,N/A
QABA,$37.36,1441722094759,"1,572",100% bearish,of 1 rating,N/A
FONE,$35.21,1441722094789,137,Not yet rated,NULL,N/A
GRID,$31.11,1441722094866,35,100% bearish,of 1 rating,N/A
RDVY,$20.8999,1441722094954,366,Not yet rated,NULL,N/A
CARZ,$34.71,1441722095006,885,100% bearish,of 1 rating,N/A
QQEW,$41.8497,1441722095152,"6,674",Not yet rated,NULL,N/A
QQXT,$40.39,1441722095244,49,Not yet rated,NULL,N/A
QTEC,$40.09,1441722095406,"1,383",Not yet rated,NULL,N/A
QINC,NULL,1441722095437,0,Not yet rated,NULL,N/A
FTSL,$48.8298,1441722095510,"1,972",100% bearish,of 1 rating,N/A
AIRR,$16.55,1441722095536,"1,120",100% bearish,of 1 rating,N/A
FKO,NULL,1441722095562,0,Not yet rated,NULL,N/A
FDIV,$47.4,1441722095690,300,100% bearish,of 1 rating,N/A
FTW,NULL,1441722095773,0,Not yet rated,NULL,N/A
FSZ,$38.63,1441722095801,300,Not yet rated,NULL,N/A
TUSA,$24.83,1441722095981,508,Not yet rated,NULL,N/A
FUNC,$8.06,1441722096011,"1,800",Not yet rated,NULL,N/A
FKU,$41.6601,1441722096036,"1,773",Not yet rated,NULL,N/A
SVVC,$9.387,1441722096057,"1,150",50% bullish,of 2 ratings,$26
FMER,$17.5,1441722096243,"45,695",50% bullish,of 2 ratings,$20
FSV,$32.17,1441722096314,900,Not yet rated,NULL,$33.60
FIVN,$3.81,1441722096389,"11,921",100% bullish,of 1 rating,$8.50
FIVE,$34.0101,1441722096450,"196,318",75% bearish,of 4 ratings,$43.50
FPRX,$19.9101,1441722096520,"28,063",50% bullish,of 2 ratings,$35
FISV,$85.4425,1441722096555,"101,342",100% bearish,of 3 ratings,$90
FLML,$22.17,1441722096584,"34,462",50% bullish,of 2 ratings,$30
FLKS,$11.6,1441722096651,"5,929",50% bullish,of 2 ratings,$27
FLXN,$27.1411,1441722096681,"11,175",100% bearish,of 1 rating,$40
MBSD,$24.93,1441722096926,"2,400",Not yet rated,NULL,N/A
FLXS,$30.88,1441722096988,824,100% bearish,of 2 ratings,N/A
FLEX,$10.5,1441722097016,"308,292",63% bullish,of 8 ratings,$12
SKOR,$50.47,1441722097055,"4,200",Not yet rated,NULL,N/A
FFIC,$19.6,1441722097079,"3,558",Not yet rated,NULL,$20.50
FLDM,$10.94,1441722097118,"22,328",67% bearish,of 3 ratings,$15
FLIR,$28.56,1441722097226,"89,608",100% bearish,of 2 ratings,$38.50
FOGO,$19.42,1441722097255,"2,804",50% bullish,of 2 ratings,$25.50
FONR,$10.15,1441722097422,"7,875",100% bullish,of 1 rating,N/A
FOMX,$9.75,1441722097447,"7,253",50% bullish,of 2 ratings,$23.50
FORR,$31,1441722097648,"2,080",Not yet rated,NULL,N/A
FORM,$6.75,1441722097672,"16,731",67% bullish,of 3 ratings,$10.50
FORTY,NULL,1441722097699,0,100% bearish,of 1 rating,N/A
FES,$0.8601,1441722097724,"22,200",50% bullish,of 2 ratings,$1
FTNT,$42.1201,1441722097875,"103,670",80% bullish,of 10 ratings,$52
FBIO,$2.63,1441722097901,"8,901",83% bullish,of 6 ratings,N/A
FOXF,$15.26,1441722098155,"1,497",100% bearish,of 1 rating,$19
FORD,$1.6501,1441722098189,"697,223",67% bullish,of 3 ratings,N/A
FWP,$24.98,1441722098210,"4,380",100% bearish,of 1 rating,$45
FMI,$23.07,1441722098254,"8,407",100% bearish,of 2 ratings,$27.50
FOSL,$61.03,1441722098282,"113,656",60% bearish,of 5 ratings,$80
FWRD,$44.63,1441722098346,"5,756",100% bearish,of 1 rating,$50
FXCB,$17.23,1441722098373,435,Not yet rated,NULL,$19
FRAN,$12.4511,1441722098413,"138,386",50% bullish,of 4 ratings,$15
FRED,$12.85,1441722098750,"8,273",50% bullish,of 2 ratings,$15.50
FELE,$27.64,1441722098776,"14,173",50% bullish,of 4 ratings,$33
FRPT,$12.54,1441722098917,"34,423",67% bearish,of 3 ratings,$23.50
FREE,$0.35,1441722098942,"77,437",92% bullish,of 12 ratings,N/A
FEIM,$10.76,1441722098970,"1,400",100% bearish,of 1 rating,N/A
RAIL,$20.329,1441722098995,"8,200",100% bearish,of 1 rating,$24.50
FTR,$5.38,1441722099024,"1,896,734",78% bullish,of 27 ratings,$6.25
FTRPR,$105.25,1441722099123,"1,114",100% bearish,of 1 rating,N/A
FRPH,$30.63,1441722099264,224,100% bearish,of 1 rating,N/A
FSYS,$6.265,1441722099401,"11,770",67% bullish,of 3 ratings,$8.50
FTEK,$1.999,1441722099439,"1,200",75% bullish,of 4 ratings,N/A
FTD,$29.66,1441722099467,"2,940",100% bearish,of 1 rating,$40
FULL,$3.12,1441722099530,"3,949",67% bearish,of 3 ratings,$4.25
FCEL,$0.8941,1441722099558,"476,984",88% bullish,of 41 ratings,$2.65
FSBW,$23.29,1441722099579,300,Not yet rated,NULL,N/A
FULLL,$25.2999,1441722099713,900,Not yet rated,NULL,N/A
FSNN,$2.1499,1441722099966,"3,700",67% bullish,of 3 ratings,$6
FLL,$1.5,1441722099995,962,75% bullish,of 4 ratings,$3.50
FULT,$11.88,1441722100071,"48,365",100% bearish,of 1 rating,$13
FFHL,NULL,1441722100129,0,50% bullish,of 4 ratings,N/A
FXENP,NULL,1441722100156,0,100% bearish,of 1 rating,N/A
FXEN,$0.9879,1441722100178,"8,604",75% bullish,of 4 ratings,$1.10
GK,$67.83,1441722100205,"2,928",Not yet rated,NULL,$78
GAIA,$5.96,1441722100418,528,50% bullish,of 2 ratings,$8.50
WILC,NULL,1441722100467,0,100% bullish,of 2 ratings,N/A
GLPG,$59.3,1441722100550,"2,733",100% bullish,of 1 rating,$75
GALTW,NULL,1441722100679,0,100% bullish,of 1 rating,N/A
GALTU,NULL,1441722100740,0,100% bearish,of 1 rating,N/A
GALE,$1.57,1441722100767,"85,078",89% bullish,of 47 ratings,$4
GALT,$2.08,1441722100838,"32,034",80% bullish,of 5 ratings,N/A
GLMD,$8.39,1441722100862,910,67% bullish,of 3 ratings,$20.50
GPIC,$9.94,1441722101105,500,100% bearish,of 1 rating,N/A
GLPI,$30.82,1441722101130,"27,733",100% bearish,of 1 rating,$37.50
GGAC,$9.92,1441722101260,81,100% bearish,of 1 rating,N/A
GRMN,$37.0102,1441722101352,"81,218",50% bullish,of 6 ratings,$46.50
GARS,$14.66,1441722101391,"11,927",Not yet rated,NULL,$16
GGACR,$0.24,1441722101424,"9,000",100% bullish,of 1 rating,N/A
GGACW,$0.1471,1441722101472,200,Not yet rated,NULL,N/A
GGACU,NULL,1441722101521,0,Not yet rated,NULL,N/A
GNCMA,$17.16,1441722101690,"7,062",100% bearish,of 1 rating,$12
GENC,$9.17,1441722101715,100,100% bearish,of 1 rating,N/A
GFN,$3.755,1441722101849,400,100% bearish,of 2 ratings,$8
GENE,$2.378,1441722101920,"17,431",100% bullish,of 12 ratings,N/A
GFNCP,$88.5,1441722101952,70,Not yet rated,NULL,N/A
GFNSL,NULL,1441722102053,0,Not yet rated,NULL,N/A
GNCA,$11.14,1441722102081,"2,100",100% bearish,of 1 rating,$20
GNTX,$15.99,1441722102109,"267,805",Not yet rated,NULL,$20
GNMK,$9.74,1441722102268,"2,117",67% bullish,of 6 ratings,$14
GHDX,$25.23,1441722102303,"6,335",50% bullish,of 2 ratings,$30
GNVC,$2.65,1441722102399,"7,133",90% bullish,of 10 ratings,$8.50
THRM,$45.88,1441722102426,"26,806",75% bearish,of 4 ratings,$55.50
GTWN,NULL,1441722102470,0,Not yet rated,NULL,N/A
GABC,$28.69,1441722102578,649,Not yet rated,NULL,$31.50
GEOS,$16.25,1441722102604,"5,835",100% bearish,of 3 ratings,$21
GERN,$3.34,1441722102735,"408,382",88% bullish,of 17 ratings,$5.25
GEVO,$2.42,1441722102811,"159,890",75% bullish,of 12 ratings,$5
ROCK,$16.615,1441722102841,"7,112",80% bullish,of 5 ratings,$24
GIGM,$0.54,1441722102868,"9,700",100% bullish,of 2 ratings,N/A
GIII,$69.63,1441722102950,"12,552",67% bullish,of 3 ratings,$79
GIGA,$1.37,1441722103080,"50,716",100% bearish,of 1 rating,N/A
GILT,$4.12,1441722103133,"2,000",50% bullish,of 2 ratings,N/A
GLADO,$25.59,1441722103322,800,Not yet rated,NULL,N/A
GILD,$103.3401,1441722103350,"1,115,419",91% bullish,of 89 ratings,$129
GLAD,$8.8062,1441722103390,"25,488",50% bullish,of 2 ratings,$8.75
GBCI,$25.96,1441722103479,"14,028",50% bullish,of 2 ratings,$31
GOODN,$25.61,1441722103533,39,Not yet rated,NULL,N/A
GOOD,$14.0099,1441722103691,"4,460",Not yet rated,NULL,$19
GOODO,NULL,1441722103716,0,Not yet rated,NULL,N/A
GAIN,$7.475,1441722103763,"19,220",100% bullish,of 2 ratings,$8.25
GOODP,$25.2,1441722103850,400,Not yet rated,NULL,N/A
GAINO,NULL,1441722103883,0,Not yet rated,NULL,N/A
GAINN,$25.3306,1441722103910,"26,511",Not yet rated,NULL,N/A
GAINP,$25.79,1441722103983,900,Not yet rated,NULL,N/A
LAND,$9.08,1441722104054,"2,704",50% bullish,of 2 ratings,$13.75
GBT,$52.6,1441722104198,"38,870",100% bearish,of 1 rating,N/A
GLBZ,NULL,1441722104223,0,Not yet rated,NULL,N/A
GDEF,$10.65,1441722104272,400,Not yet rated,NULL,N/A
ENT,$11.2,1441722104366,"7,596",100% bearish,of 1 rating,$18
GBLI,$27.29,1441722104499,"1,232",Not yet rated,NULL,N/A
GPACU,NULL,1441722104523,0,Not yet rated,NULL,N/A
QQQC,$18.65,1441722104691,505,100% bearish,of 1 rating,N/A
GSOL,$8.41,1441722104720,700,100% bearish,of 1 rating,N/A
SOCL,$17.41,1441722104747,"8,454",100% bullish,of 2 ratings,N/A
ALTY,$14.43,1441722104778,1,Not yet rated,NULL,N/A
ACTX,NULL,1441722104798,0,100% bullish,of 1 rating,N/A
SRET,$12.96,1441722104885,11,Not yet rated,NULL,N/A
GAI,$6.16,1441722104930,500,50% bullish,of 2 ratings,N/A
YLCO,NULL,1441722104988,0,Not yet rated,NULL,N/A
GBIM,$2.65,1441722105190,244,50% bullish,of 2 ratings,N/A
GSM,$14.32,1441722105216,"29,355",50% bullish,of 2 ratings,$22
GLBS,$1.24,1441722105350,"3,818",67% bullish,of 3 ratings,N/A
GOGO,$15.64,1441722105423,"72,518",80% bullish,of 5 ratings,$25
GLUU,$4.57,1441722105495,"353,638",92% bullish,of 26 ratings,$9
GLNG,$39.19,1441722105555,"55,699",83% bullish,of 6 ratings,$55.50
GLRI,$1.08,1441722105583,"7,300",100% bearish,of 1 rating,$4.25
GLYC,$6.85,1441722105622,"24,070",50% bullish,of 2 ratings,$14
GMLP,$20.91,1441722105721,"10,171",50% bullish,of 4 ratings,$29
GLDC,$4.0196,1441722105818,712,50% bullish,of 2 ratings,N/A
GOGL,$2.91,1441722105925,"22,697",75% bullish,of 4 ratings,$5
GDEN,$9.05,1441722106106,500,50% bullish,of 2 ratings,N/A
GBDC,$17,1441722106138,"49,310",Not yet rated,NULL,$17.75
GTIM,$7.27,1441722106239,"6,058",Not yet rated,NULL,$11.50
GPRO,$36.933,1441722106264,"2,114,371",78% bullish,of 59 ratings,$71
GOOG,$606.8675,1441722106296,"227,341",87% bullish,of 75 ratings,$787.50
GMAN,$3.71,1441722106406,512,60% bullish,of 5 ratings,$8.50
GOOGL,$636.045,1441722106430,"245,621",88% bullish,of 1083 ratings,$749
GPIA,NULL,1441722106489,0,100% bearish,of 1 rating,N/A
GPIAU,$9.95,1441722106563,600,Not yet rated,NULL,N/A
GPIAW,NULL,1441722106646,0,Not yet rated,NULL,N/A
LOPE,$37.42,1441722106694,"5,571",100% bearish,of 2 ratings,$50
GBSNU,NULL,1441722106725,0,NULL,NULL,NULL
GBSN,$0.1698,1441722106776,"2,383,618",50% bullish,of 2 ratings,$8.25
GRVY,$3.52,1441722106800,100,50% bullish,of 2 ratings,N/A
GLDD,$5.354,1441722107047,"6,434",100% bearish,of 4 ratings,$7.75
GSBC,$41.05,1441722107113,"2,241",100% bullish,of 1 rating,$44
GNBC,$11.75,1441722107258,"13,200",100% bearish,of 1 rating,$16.50
GCBC,$29,1441722107466,27,100% bullish,of 1 rating,N/A
GRBK,$11.68,1441722107494,"13,285",77% bullish,of 13 ratings,N/A
GPP,$14.3388,1441722107519,660,Not yet rated,NULL,$20.50
GRFS,$31.74,1441722107547,"96,454",50% bullish,of 2 ratings,$35
GPRE,$19.78,1441722107568,"35,374",67% bullish,of 6 ratings,$28.50
GLRE,$24.72,1441722107707,"23,020",50% bullish,of 2 ratings,$34
GRIF,$32.08,1441722107737,"1,400",100% bearish,of 1 rating,N/A
OMAB,$40.88,1441722107808,"12,648",100% bullish,of 1 rating,$44
GRPN,$4.28,1441722107833,"733,190",61% bullish,of 71 ratings,$6.75
GSIG,$12.81,1441722107974,"1,344",100% bearish,of 2 ratings,N/A
GGAL,$19.51,1441722108006,"36,740",80% bullish,of 5 ratings,$40
GSIT,$4.61,1441722108106,"1,500",100% bearish,of 1 rating,N/A
GSVC,$8.8587,1441722108234,"6,090",50% bullish,of 2 ratings,$15.75
GBNK,$15.85,1441722108330,"1,508",100% bearish,of 1 rating,$18
GFED,$14.86,1441722108356,32,Not yet rated,NULL,$17
GTXI,$0.8708,1441722108408,"2,700",100% bullish,of 5 ratings,$.75
GUID,$6.76,1441722108438,"5,580",100% bearish,of 3 ratings,$10
GULTU,$0.32,1441722108536,"3,526",100% bearish,of 1 rating,N/A
GPOR,$32.38,1441722108564,"161,705",75% bullish,of 4 ratings,$54
GURE,$1.61,1441722108602,"2,790",88% bullish,of 8 ratings,N/A
GYRO,$31.4,1441722108799,221,100% bearish,of 1 rating,N/A
GIFI,$11.97,1441722108829,"8,054",100% bearish,of 1 rating,$16
GWPH,$103.406,1441722108851,"15,945",78% bullish,of 9 ratings,$148.50
GWGH,NULL,1441722108928,0,100% bearish,of 1 rating,$15.05
HEES,$19.18,1441722109086,"32,660",67% bearish,of 3 ratings,$31
HLG,$9.1,1441722109138,300,100% bearish,of 1 rating,N/A
HNRG,$7.19,1441722109170,"7,339",100% bearish,of 1 rating,$10
HALL,$11.41,1441722109221,"14,766",Not yet rated,NULL,N/A
HBK,NULL,1441722109269,0,50% bullish,of 2 ratings,N/A
HBHC,$27.515,1441722109354,"61,592",50% bullish,of 2 ratings,$30
HALO,$17.08,1441722109382,"56,044",67% bullish,of 3 ratings,$22.50
HMPR,$1.8636,1441722109407,654,100% bullish,of 1 rating,N/A
HBHCL,$24.1974,1441722109578,"19,800",Not yet rated,NULL,N/A
HNH,$25.725,1441722109630,778,100% bullish,of 1 rating,N/A
HNSN,$0.569,1441722109683,"18,637",88% bullish,of 8 ratings,$.40
HAFC,$24.151,1441722109707,"10,909",100% bullish,of 2 ratings,$28.50
HDNG,$10.39,1441722109880,"3,363",50% bullish,of 4 ratings,N/A
HQCL,$12.61,1441722109907,"1,507",67% bullish,of 3 ratings,$14
HRMN,NULL,1441722110050,0,Not yet rated,NULL,N/A
HLIT,$5.68,1441722110086,"18,730",100% bearish,of 1 rating,$6.50
TINY,$2.46,1441722110140,"3,608",50% bullish,of 2 ratings,$5.26
HRMNU,NULL,1441722110180,0,Not yet rated,NULL,N/A
HRMNW,NULL,1441722110208,0,Not yet rated,NULL,N/A
HART,$1.279,1441722110233,"26,747",100% bearish,of 1 rating,N/A
HBIO,$4.29,1441722110389,"7,349",100% bearish,of 1 rating,$10
HCAPL,$25.41,1441722110462,772,Not yet rated,NULL,N/A
HCAP,$12.08,1441722110487,"1,330",50% bullish,of 2 ratings,$15
HAS,$75.602,1441722110661,"126,147",63% bullish,of 8 ratings,$84.50
HA,$24.15,1441722110697,"62,803",67% bullish,of 9 ratings,$27
HCOM,$21.67,1441722110723,383,100% bearish,of 1 rating,$28
HWKN,$38.44,1441722110858,168,Not yet rated,NULL,N/A
HDS,$32.68,1441722110987,"413,399",100% bearish,of 2 ratings,$39.50
HIIQ,$4.849,1441722111037,338,50% bullish,of 2 ratings,$7
HWBK,$13.34,1441722111077,100,100% bearish,of 1 rating,N/A
HCSG,$32.66,1441722111183,"17,425",50% bullish,of 4 ratings,$35
HAYN,$37.83,1441722111231,"3,872",100% bearish,of 1 rating,$59
HQY,$29.8,1441722111278,"16,631",67% bullish,of 3 ratings,$35
HSTM,$24.46,1441722111303,"5,657",50% bullish,of 2 ratings,$33.75
HWAY,$11.7,1441722111510,"31,885",100% bearish,of 1 rating,$15
HTLD,$20.61,1441722111615,"15,822",Not yet rated,NULL,$22.50
HTLF,$35.86,1441722111640,"6,039",100% bullish,of 1 rating,$39.50
HTWR,$65.83,1441722111664,"42,556",50% bullish,of 2 ratings,$97.50
HELE,$85.16,1441722111880,"5,691",67% bearish,of 3 ratings,$100
HSII,$20.365,1441722111907,"2,440",100% bullish,of 3 ratings,$25
HTBX,$3.8835,1441722111934,"8,210",50% bullish,of 2 ratings,$15.50
HNNA,$24.58,1441722112068,"7,552",100% bearish,of 1 rating,N/A
HSIC,$134.73,1441722112099,"16,046",83% bullish,of 6 ratings,$146
HMTV,$13.46,1441722112127,453,100% bearish,of 1 rating,$16
HCACU,$9.95,1441722112148,"106,018",Not yet rated,NULL,N/A
HMNY,$2.1475,1441722112181,"8,687",100% bearish,of 1 rating,N/A
HERO,NULL,1441722112231,0,NULL,NULL,NULL
HTBK,$10.6928,1441722112328,"7,809",Not yet rated,NULL,$12
HFWA,$17.903,1441722112432,"2,317",100% bullish,of 1 rating,$20
HEOP,$7.87,1441722112503,986,Not yet rated,NULL,$8.50
HPJ,$2.19,1441722112902,"7,986",75% bullish,of 4 ratings,$12.43
HSKA,$32.53,1441722112932,"3,200",100% bearish,of 1 rating,$38
MLHR,$27.52,1441722112962,"20,073",50% bullish,of 2 ratings,$33.50
HFFC,$16.05,1441722113010,"3,400",Not yet rated,NULL,N/A
HCCI,$11.74,1441722113039,857,100% bearish,of 1 rating,$16.50
HRTX,$38.51,1441722113065,"89,822",57% bullish,of 7 ratings,$41
HIBB,$39.04,1441722113090,"23,505",100% bearish,of 1 rating,$46.50
HIFS,$112.6,1441722113138,"1,905",Not yet rated,NULL,N/A
HIMX,$7.36,1441722113296,"213,657",86% bullish,of 21 ratings,$8.25
HSGX,$6.19,1441722113345,415,100% bearish,of 1 rating,$17
HIHO,$4.67,1441722113428,"30,038",Not yet rated,NULL,N/A
HMSY,$10.125,1441722113630,"51,575",67% bullish,of 3 ratings,$19.35
HOLI,$16.7,1441722113703,"77,042",50% bullish,of 4 ratings,$27
HMNF,$11.42,1441722113730,418,Not yet rated,NULL,N/A
HOLX,$38.76,1441722113751,"136,071",50% bullish,of 4 ratings,$42
HBCP,$24.89,1441722113890,524,Not yet rated,NULL,$29
HFBL,$22,1441722113991,"7,200",Not yet rated,NULL,N/A
AWAY,$28.48,1441722114019,"60,997",75% bullish,of 4 ratings,$36
HOMB,$38.08,1441722114040,"6,493",Not yet rated,NULL,$42
HMST,$22.34,1441722114208,"7,427",100% bullish,of 2 ratings,$27
HMIN,$25.47,1441722114242,"6,786",100% bearish,of 2 ratings,$35
CETC,$0.7403,1441722114263,"13,012",86% bullish,of 7 ratings,N/A
HTBI,$18.13,1441722114347,"2,969",67% bullish,of 3 ratings,$18.625
HKTV,$4.18,1441722114393,"42,592",100% bearish,of 1 rating,N/A
HOFT,$23.78,1441722114529,"4,952",100% bearish,of 1 rating,N/A
HBNC,$23.55,1441722114663,"3,337",100% bullish,of 1 rating,$27
HFBC,$11.23,1441722114695,"1,000",Not yet rated,NULL,N/A
HZNP,$29.38,1441722114798,"202,709",85% bullish,of 20 ratings,$40
ZINC,$7.43,1441722114829,"55,560",100% bearish,of 1 rating,$17
HDP,$23.76,1441722114902,"42,507",67% bearish,of 3 ratings,$30.50
HRZN,$10.3367,1441722114935,"5,982",50% bullish,of 2 ratings,$14.25
HMHC,$22.84,1441722115034,"67,592",Not yet rated,NULL,$27
HWCC,$7.57,1441722115092,"1,522",100% bearish,of 1 rating,$9
HBMD,$13.71,1441722115198,120,100% bearish,of 1 rating,N/A
HOVNP,NULL,1441722115361,0,100% bearish,of 1 rating,N/A
HSNI,$59.8,1441722115391,"11,842",Not yet rated,NULL,$80
HTGM,$6.05,1441722115492,139,100% bearish,of 1 rating,$19.50
HUBG,$37.75,1441722115523,"28,490",100% bearish,of 1 rating,$43
HSON,$2.8,1441722115623,"27,744",100% bearish,of 1 rating,$5
HCBK,$9.41,1441722115651,"178,602",83% bullish,of 6 ratings,$8.61
HBAN,$10.67,1441722115755,"654,128",76% bullish,of 17 ratings,$12.29
HDSN,$3.03,1441722115825,802,100% bullish,of 1 rating,$6.25
HBANP,NULL,1441722115971,0,100% bearish,of 1 rating,N/A
HURN,$73.36,1441722116003,"4,493",50% bullish,of 2 ratings,$80
HTCH,$1.495,1441722116029,"14,505",100% bearish,of 1 rating,$3.50
HURC,$29.1,1441722116050,200,100% bearish,of 1 rating,N/A
HBP,$3.06,1441722116105,200,100% bullish,of 1 rating,N/A
HDRA,NULL,1441722116210,0,Not yet rated,NULL,N/A
HDRAR,NULL,1441722116357,0,Not yet rated,NULL,N/A
HYGS,$8.52,1441722116466,"5,019",50% bullish,of 2 ratings,$13
IDSY,$3.75,1441722116514,"7,918",100% bearish,of 1 rating,$7
HDRAU,NULL,1441722116536,0,Not yet rated,NULL,N/A
IACI,$70.45,1441722116564,"122,906",80% bullish,of 5 ratings,$90
HDRAW,NULL,1441722116591,0,Not yet rated,NULL,N/A
IKGH,$1.62,1441722116702,300,75% bullish,of 4 ratings,N/A
ICAD,$3.82,1441722116954,"4,549",50% bullish,of 2 ratings,$7.25
ICLR,$76.59,1441722116984,"30,562",100% bearish,of 3 ratings,$85
IEP,$68.275,1441722117012,"19,632",75% bullish,of 4 ratings,$99
ICFI,$33.61,1441722117037,"1,935",50% bullish,of 2 ratings,$48.50
ICON,$13.22,1441722117084,"97,341",50% bullish,of 2 ratings,$18.50
IBKC,$60.56,1441722117170,"3,861",100% bullish,of 1 rating,$70
ICUI,$110.48,1441722117194,"6,368",Not yet rated,NULL,$122
IDRA,$2.845,1441722117461,"95,388",89% bullish,of 9 ratings,$6.50
INVE,$4.44,1441722117560,"2,070",75% bullish,of 4 ratings,$4
DSKY,$10.84,1441722117587,"14,578",67% bullish,of 6 ratings,$11.50
IDXX,$73.54,1441722117611,"33,851",100% bearish,of 1 rating,$76
IPWR,$7.7,1441722117637,"1,250",100% bullish,of 1 rating,$15
IROQ,$16.725,1441722117853,200,100% bullish,of 1 rating,N/A
RXDX,$16.19,1441722117987,"36,415",100% bullish,of 1 rating,$20
KANG,$15.0805,1441722118071,"116,606",50% bullish,of 2 ratings,$23.10
IRG,$5.09,1441722118117,"4,116",100% bearish,of 1 rating,$4.25
IIVI,$16.95,1441722118143,"21,161",100% bearish,of 1 rating,$22
IKNX,NULL,1441722118201,0,100% bearish,of 1 rating,N/A
ILMN,$193.72,1441722118228,"78,872",80% bullish,of 5 ratings,$245
IKAN,$2.73,1441722118249,"1,400",83% bullish,of 6 ratings,$5
ISNS,$4.17,1441722118443,"2,854",50% bullish,of 2 ratings,N/A
IMNP,$1.4,1441722118625,"74,857",50% bullish,of 2 ratings,$6
ICCC,$7.09,1441722118654,"1,250",100% bullish,of 1 rating,N/A
IMDZ,$15.07,1441722118675,"52,842",100% bearish,of 1 rating,$33
IMGN,$13.2747,1441722118707,"112,801",75% bullish,of 4 ratings,$17.50
IMMR,$12.35,1441722118730,"11,624",80% bullish,of 5 ratings,$15.50
IMMU,$2.32,1441722118751,"1,472,289",86% bullish,of 7 ratings,$2
IPXL,$43.37,1441722119029,"285,144",67% bullish,of 3 ratings,$46.50
IMMY,$7.53,1441722119125,445,100% bearish,of 1 rating,$11
INCY,$116.75,1441722119155,"72,265",50% bullish,of 6 ratings,$125.50
INDB,$44.355,1441722119211,"2,187",Not yet rated,NULL,$44
INCR,$41.92,1441722119256,"21,253",50% bullish,of 2 ratings,$53
SAAS,$7.2975,1441722119280,"16,390",50% bullish,of 2 ratings,$15
IDSA,NULL,1441722119461,0,Not yet rated,NULL,N/A
IBTX,$40.805,1441722119538,"1,259",100% bullish,of 2 ratings,$47.25
IBCP,$14.1,1441722119590,"9,927",100% bullish,of 1 rating,$14.50
IPCC,$75.77,1441722119666,"2,006",Not yet rated,NULL,$77.50
INFI,$8.76,1441722119694,"23,707",50% bullish,of 4 ratings,$16.50
IFON,$1.253,1441722119748,"7,786",75% bullish,of 4 ratings,N/A
INFN,$20.33,1441722119827,"811,561",71% bullish,of 7 ratings,$28
III,$3.755,1441722119936,"6,776",57% bullish,of 7 ratings,$6
IMKTA,$50.2999,1441722120001,"4,297",100% bearish,of 1 rating,N/A
INWK,$7.02,1441722120076,"10,250",50% bullish,of 2 ratings,$10
INNL,NULL,1441722120255,0,100% bearish,of 1 rating,$16.50
INOD,NULL,1441722120303,0,100% bearish,of 1 rating,N/A
IPHS,$46,1441722120331,"3,386",100% bearish,of 1 rating,$60
IOSP,$49.01,1441722120363,"20,838",100% bearish,of 1 rating,N/A
ISSC,$2.83,1441722120434,10,67% bearish,of 3 ratings,N/A
INGN,$51.83,1441722120459,"22,995",100% bearish,of 1 rating,$50.50
INOV,$21.01,1441722120686,"37,390",100% bearish,of 1 rating,$33
ITEK,$12.93,1441722120738,"56,141",100% bearish,of 3 ratings,$20
NSIT,$24.56,1441722120789,"11,252",50% bullish,of 2 ratings,N/A
INO,$7.03,1441722120815,"139,733",89% bullish,of 18 ratings,$20
ISIG,$2.65,1441722120841,167,100% bearish,of 1 rating,N/A
IIIN,$17.527,1441722120970,"2,207",100% bearish,of 2 ratings,N/A
INSM,$24.58,1441722120996,"16,324",71% bullish,of 7 ratings,$31.50
INSY,$33.37,1441722121226,"77,129",75% bullish,of 4 ratings,$48
NTEC,NULL,1441722121256,0,100% bearish,of 1 rating,N/A
PODD,$28.5,1441722121282,"7,553",67% bearish,of 3 ratings,$35
IDTI,$19.45,1441722121322,"252,673",60% bullish,of 5 ratings,$25
IART,$62.57,1441722121353,"18,760",100% bearish,of 2 ratings,$71.50
IESC,$7.08,1441722121489,448,100% bearish,of 1 rating,N/A
ISSI,$21.98,1441722121524,"18,804",67% bullish,of 3 ratings,$19.75
INTC,$29.3,1441722121737,"3,887,118",82% bullish,of 238 ratings,$36
IQNT,$18.88,1441722121775,"19,581",86% bullish,of 7 ratings,$20
IPAR,$25.25,1441722121822,"2,528",67% bullish,of 3 ratings,$38
IPCI,$2.2,1441722121852,"3,427",67% bullish,of 6 ratings,$8
IBKR,$37.8,1441722121882,"47,488",100% bullish,of 1 rating,N/A
ININ,$36.02,1441722121919,"1,321",67% bearish,of 3 ratings,$57
ICPT,$188.505,1441722121983,"16,914",70% bullish,of 10 ratings,$359.50
ICLDW,NULL,1441722122358,0,100% bearish,of 1 rating,N/A
ICLD,$2.0638,1441722122378,"129,789",75% bullish,of 4 ratings,N/A
TILE,$24.4,1441722122459,"27,444",100% bearish,of 3 ratings,$27
IDCC,$48.5,1441722122534,"10,962",80% bullish,of 5 ratings,$63
IBOC,$25.05,1441722122604,"12,184",100% bearish,of 1 rating,N/A
IMI,$2.04,1441722122630,"1,200",67% bullish,of 3 ratings,$2.22
INAP,$9.37,1441722122675,"13,125",75% bullish,of 4 ratings,$11
IGLD,$7.38,1441722122805,"1,075",50% bullish,of 2 ratings,N/A
ISCA,$32.49,1441722122947,"2,051",100% bearish,of 1 rating,N/A
PTNT,$3.02,1441722122999,100,Not yet rated,NULL,N/A
XENT,$25.29,1441722123048,"16,300",50% bullish,of 2 ratings,$36.50
IIJI,$8.24,1441722123076,20,50% bullish,of 2 ratings,$12.50
INPH,$0.29,1441722123146,145,50% bullish,of 2 ratings,N/A
INTX,$2.03,1441722123207,"1,690",67% bullish,of 3 ratings,N/A
ISIL,$10.58,1441722123278,"93,177",50% bullish,of 6 ratings,$15
IILG,$19.43,1441722123472,"4,265",100% bearish,of 1 rating,$29
INTL,$26.01,1441722123602,"1,311",67% bearish,of 3 ratings,N/A
IVAC,$4.75,1441722123631,"5,484",100% bearish,of 1 rating,$6.625
IIN,$6.91,1441722123652,600,100% bearish,of 1 rating,$12
INTU,$86.4,1441722123688,"135,390",86% bullish,of 7 ratings,$107.50
INTLL,$26.09,1441722123783,100,Not yet rated,NULL,N/A
ISRG,$514.36,1441722123810,"9,410",67% bullish,of 3 ratings,$600
ITCI,$26.67,1441722123851,"74,627",75% bearish,of 4 ratings,$40
ISBC,$11.815,1441722124071,"190,219",100% bullish,of 1 rating,$13.25
INVT,$0.34,1441722124107,"10,100",67% bullish,of 3 ratings,N/A
SNAK,$8.28,1441722124155,"5,696",50% bullish,of 2 ratings,$14
ISTR,$15.8,1441722124180,602,100% bearish,of 1 rating,$18.50
ITIC,$70.95,1441722124208,100,100% bearish,of 2 ratings,N/A
NVIV,$11,1441722124229,"164,123",50% bullish,of 4 ratings,$24.50
IVTY,$14.29,1441722124426,"5,559",Not yet rated,NULL,$18
IPAS,$1.08,1441722124560,"1,050",67% bullish,of 3 ratings,N/A
DTUL,NULL,1441722124656,0,Not yet rated,NULL,N/A
IPCM,$79.26,1441722124753,"14,331",50% bullish,of 2 ratings,$80.125
IRMD,$24.31,1441722124779,"1,527",67% bearish,of 3 ratings,$25
DFVL,NULL,1441722124800,0,Not yet rated,NULL,N/A
IPGP,$81.6599,1441722124834,"18,402",67% bearish,of 3 ratings,$109.50
IRIX,$7.12,1441722124935,653,100% bearish,of 1 rating,N/A
IRDMB,NULL,1441722125038,0,67% bearish,of 3 ratings,N/A
IRDM,$7,1441722125114,"50,033",60% bullish,of 5 ratings,$11.50
COMT,$33.03,1441722125214,"1,028",100% bearish,of 1 rating,N/A
IRBT,$30.09,1441722125240,"23,719",67% bullish,of 6 ratings,$37
IRCP,NULL,1441722125268,0,100% bullish,of 2 ratings,N/A
IRWD,$11.13,1441722125299,"217,488",100% bearish,of 1 rating,$13
FCHI,NULL,1441722125370,0,NULL,NULL,NULL
GNMA,$50.03,1441722125401,"2,416",Not yet rated,NULL,N/A
IFEU,$38.06,1441722125614,100,Not yet rated,NULL,N/A
IFNA,NULL,1441722125639,0,NULL,NULL,NULL
IFAS,NULL,1441722125658,0,NULL,NULL,NULL
IFGL,$28.01,1441722125714,"13,029",Not yet rated,NULL,N/A
ACWX,$40.05,1441722125787,"90,322",100% bearish,of 1 rating,N/A
ACWI,$55.07,1441722125812,"155,063",Not yet rated,NULL,N/A
AAXJ,$52.55,1441722125853,"172,148",Not yet rated,NULL,N/A
AAIT,NULL,1441722125943,0,NULL,NULL,NULL
AXJS,NULL,1441722126045,0,NULL,NULL,NULL
EMDI,NULL,1441722126090,0,NULL,NULL,NULL
EEMA,$49.28,1441722126150,"5,479",Not yet rated,NULL,N/A
EMEY,NULL,1441722126176,0,NULL,NULL,NULL
EEME,NULL,1441722126214,0,NULL,NULL,NULL
EGRW,NULL,1441722126276,0,NULL,NULL,NULL
EVAL,NULL,1441722126359,0,NULL,NULL,NULL
EEML,NULL,1441722126422,0,Not yet rated,NULL,N/A
IEUS,$45.53,1441722126565,"1,015",100% bearish,of 1 rating,N/A
QAT,$21.16,1441722126592,"1,500",Not yet rated,NULL,N/A
EUFN,$21.544,1441722126649,"24,378",100% bearish,of 1 rating,N/A
UAE,$17.64,1441722126673,"1,100",Not yet rated,NULL,N/A
IBB,$343.6,1441722126723,"156,794",67% bullish,of 9 ratings,N/A
SOXX,$83.33,1441722126979,"31,272",50% bullish,of 2 ratings,N/A
ICLN,$9.33,1441722127008,"10,342",50% bullish,of 2 ratings,N/A
WOOD,$48.38,1441722127029,"1,300",50% bullish,of 2 ratings,N/A
EMIF,$28.07,1441722127060,40,Not yet rated,NULL,N/A
INDY,$26.445,1441722127080,"13,274",50% bullish,of 2 ratings,N/A
ISHG,$79.48,1441722127258,89,100% bearish,of 1 rating,N/A
IGOV,$91.344,1441722127308,"7,036",100% bearish,of 1 rating,N/A
ISIS,$53.1652,1441722127352,"135,621",53% bullish,of 15 ratings,$67
ISLE,$19.62,1441722127480,"62,457",50% bullish,of 4 ratings,$17
ITRI,$29.12,1441722127562,"6,112",100% bearish,of 1 rating,$37
ISRL,$125.71,1441722127614,103,100% bearish,of 1 rating,N/A
XXIA,$15.1,1441722127744,"45,299",71% bullish,of 7 ratings,$14.625
ITUS,$4.02,1441722127770,700,Not yet rated,NULL,N/A
MAYS,$58.8,1441722127913,121,Not yet rated,NULL,N/A
JJSF,$115.4,1441722127941,"3,652",100% bearish,of 1 rating,N/A
ITRN,$23.98,1441722127962,57,50% bullish,of 2 ratings,N/A
IXYS,$11.42,1441722127994,"7,164",50% bullish,of 4 ratings,N/A
JCOM,$67.53,1441722128124,"9,396",100% bullish,of 2 ratings,$77
JBHT,$75.82,1441722128152,"77,638",50% bullish,of 4 ratings,$89.50
JKHY,$67.435,1441722128177,"19,949",67% bearish,of 3 ratings,$72
JASO,$7.97,1441722128414,"131,742",82% bullish,of 17 ratings,$10
JXSB,NULL,1441722128461,0,Not yet rated,NULL,N/A
JACK,$78.95,1441722128490,"36,129",71% bullish,of 7 ratings,$105
JAXB,$13.15,1441722128546,222,100% bullish,of 1 rating,N/A
JMBA,$14.24,1441722128619,"7,162",75% bullish,of 4 ratings,$18
JAGX,$3.485,1441722128646,"2,100",Not yet rated,NULL,$10.50
JAKK,$9.77,1441722128667,"112,554",60% bearish,of 5 ratings,$11
JRVR,$28.11,1441722128698,"2,210",Not yet rated,NULL,$32
ERW,NULL,1441722128901,0,Not yet rated,NULL,N/A
JASNW,NULL,1441722129316,0,50% bullish,of 2 ratings,N/A
JCTCF,NULL,1441722129386,0,100% bullish,of 1 rating,N/A
JAZZ,$163.99,1441722129411,"23,535",80% bullish,of 15 ratings,$206.50
JTPY,$3.02,1441722129439,"10,500",100% bearish,of 1 rating,N/A
JBLU,$24.24,1441722129465,"1,235,085",94% bullish,of 18 ratings,$27
JD,$25.05,1441722129485,"3,538,056",75% bullish,of 16 ratings,$36
JASN,$4.85,1441722129513,"1,754",50% bullish,of 2 ratings,$9.50
DATE,$5.97,1441722129721,"19,780",75% bullish,of 4 ratings,$9
JST,$3.55,1441722129806,"2,706",75% bullish,of 4 ratings,N/A
JBSS,$51.27,1441722129897,"5,130",67% bearish,of 3 ratings,N/A
JIVE,$4.62,1441722129929,"25,688",75% bullish,of 4 ratings,$5
JOEZ,$0.17,1441722129951,"6,161",92% bullish,of 12 ratings,N/A
WYIGU,NULL,1441722129982,0,100% bearish,of 1 rating,N/A
JOUT,$24.66,1441722130016,488,100% bearish,of 1 rating,$34
JNP,$13.9,1441722130114,"46,081",100% bullish,of 3 ratings,$15
KBIO,$3.66,1441722130480,"377,377",50% bullish,of 4 ratings,N/A
KTWO,$20.89,1441722130615,"1,620",100% bearish,of 1 rating,$28.50
KNDI,$6.48,1441722130636,"77,059",86% bullish,of 22 ratings,N/A
KMDA,$3.53,1441722130668,"1,640",50% bullish,of 2 ratings,$8
KCLI,$46.44,1441722130689,523,Not yet rated,NULL,N/A
KALU,$83.125,1441722130710,"13,177",67% bearish,of 3 ratings,$91
JUNO,$37.36,1441722130742,"140,576",73% bullish,of 11 ratings,$67
KBSF,NULL,1441722130877,0,100% bullish,of 1 rating,N/A
KPTI,$14.07,1441722130994,"8,164",67% bearish,of 3 ratings,$35.50
KMPH,$21.27,1441722131060,"3,341",100% bearish,of 2 ratings,$22
KCAP,$4.71,1441722131090,"12,965",75% bullish,of 4 ratings,$6
KELYB,NULL,1441722131119,0,50% bullish,of 2 ratings,N/A
KRNY,$11.25,1441722131173,"108,549",100% bearish,of 1 rating,$12.50
KELYA,$14.29,1441722131198,"3,636",67% bullish,of 6 ratings,$20
KFFB,NULL,1441722131225,0,100% bearish,of 1 rating,N/A
KERX,$4.625,1441722131486,"249,349",82% bullish,of 11 ratings,$12
GMCR,$57.65,1441722131519,"536,978",71% bullish,of 42 ratings,$64
KEQU,$16.77,1441722131622,610,100% bullish,of 1 rating,N/A
KTCC,$10.01,1441722131728,"9,734",100% bearish,of 1 rating,$16
KTEC,NULL,1441722131784,0,Not yet rated,NULL,N/A
KE,$11.34,1441722131810,"1,730",67% bearish,of 3 ratings,$16
KFRC,$26.81,1441722131856,"13,360",100% bullish,of 2 ratings,$29
KIN,$6.04,1441722131881,869,50% bullish,of 2 ratings,$6.25
KINS,$9.0871,1441722131955,"11,849",100% bullish,of 1 rating,N/A
KBAL,$10.85,1441722132013,"11,662",50% bullish,of 2 ratings,N/A
KGJI,$0.652,1441722132038,"2,050",89% bullish,of 9 ratings,N/A
KONE,$3.92,1441722132210,"1,350",Not yet rated,NULL,N/A
KITE,$55.735,1441722132238,"82,028",89% bullish,of 9 ratings,$83
KLAC,$48.73,1441722132399,"84,987",100% bearish,of 1 rating,$61.50
KLXI,$38.78,1441722132429,"17,644",100% bearish,of 1 rating,$48.50
KIRK,$23.05,1441722132532,"18,340",50% bullish,of 2 ratings,$32
KZ,$6.51,1441722132574,"54,896",60% bearish,of 5 ratings,N/A
KOPN,$3.119,1441722132709,"11,900",50% bullish,of 2 ratings,$4.50
KONA,$18.75,1441722132738,"3,738",50% bullish,of 2 ratings,$28
KRNT,$12.34,1441722132758,"2,852",50% bullish,of 2 ratings,$18
KWEB,$30.36,1441722132793,"5,183",Not yet rated,NULL,N/A
KOSS,$2.35,1441722132891,"4,236",100% bearish,of 2 ratings,N/A
