Symbol,Price,Date,Volume,Rating,RatingVoteCount,OneYearEstimate
TFSCU,NULL,1440267002179,0,Not yet rated,NULL,N/A
FCTY,$7.63,1440267002207,300,100% bullish,of 1 rating,$8.50
TFSCW,NULL,1440267002228,0,100% bearish,of 1 rating,N/A
TFSC,NULL,1440267002257,0,100% bearish,of 1 rating,N/A
PIH,$7.2,1440267002278,"15,400",100% bearish,of 1 rating,N/A
FCCY,$11.6,1440267002521,354,100% bullish,of 1 rating,$13
TFSCR,NULL,1440267002549,0,Not yet rated,NULL,N/A
DSLV,$61.29,1440267002578,"22,007",100% bearish,of 1 rating,N/A
SRCE,$30.03,1440267002614,"55,334",100% bullish,of 3 ratings,$33
FLWS,$9.36,1440267002639,"220,692",100% bullish,of 5 ratings,$15
VNET,$19.27,1440267002666,"733,790",60% bullish,of 5 ratings,$29.50
UGLD,$9.99,1440267002694,"253,649",100% bearish,of 1 rating,N/A
USLV,$14.59,1440267002823,"218,982",86% bullish,of 7 ratings,N/A
TWOU,$34.02,1440267002913,"673,961",50% bullish,of 2 ratings,$39
JOBS,$25.35,1440267003121,"172,084",50% bullish,of 4 ratings,$36
DGLD,$76.08,1440267003225,"21,135",100% bullish,of 1 rating,N/A
SIXD,$1.47,1440267003261,"250,988",Not yet rated,NULL,N/A
EGHT,$8.215,1440267003356,"436,691",82% bullish,of 17 ratings,$11
AVHI,$13.95,1440267003384,"37,920",100% bearish,of 1 rating,$19
SHLM,$34.05,1440267003405,"123,800",100% bearish,of 1 rating,$50
ABMD,$97.08,1440267003737,"831,796",75% bullish,of 4 ratings,$100.50
ABEOW,$1.76,1440267003797,"2,525",100% bullish,of 1 rating,N/A
ABGB,$4.09,1440267003830,"34,916",67% bullish,of 3 ratings,$5.50
CAFD,$15.52,1440267003854,"330,925",Not yet rated,NULL,$25
ABEO,$4.83,1440267003888,"140,862",67% bullish,of 3 ratings,$15.50
ABAX,$47.54,1440267003912,"139,615",100% bearish,of 1 rating,$60
AAON,$21.67,1440267003940,"166,594",100% bearish,of 1 rating,$24
ABY,$20,1440267003986,"1,100,886",100% bearish,of 2 ratings,$46
AXAS,$1.56,1440267004171,"860,487",78% bullish,of 9 ratings,$3.50
ACHC,$73.6762,1440267004272,"815,815",50% bullish,of 2 ratings,$92
ACTG,$8.87,1440267004441,"323,174",67% bullish,of 3 ratings,$18.50
ACST,$0.361,1440267004470,"71,223",100% bullish,of 2 ratings,N/A
ACAD,$38.13,1440267004503,"928,540",80% bullish,of 20 ratings,$48
XLRN,$28.36,1440267004573,"111,031",50% bullish,of 2 ratings,$57
ANCX,$18.76,1440267004650,"31,836",Not yet rated,NULL,$19
VXUP,$27,1440267004791,"49,956",Not yet rated,NULL,N/A
ARAY,$6.53,1440267004946,"3,387,732",100% bearish,of 1 rating,$10.50
VXDN,$5.5,1440267004977,"50,671",100% bearish,of 1 rating,N/A
AKAO,$6.9457,1440267005006,"55,800",75% bullish,of 4 ratings,$15
AXDX,$17.93,1440267005037,"220,988",100% bearish,of 1 rating,N/A
ACET,$24.41,1440267005105,"127,207",75% bullish,of 4 ratings,$30
ACRX,$4.05,1440267005180,"360,315",67% bearish,of 6 ratings,$5.50
ACHN,$7.75,1440267005207,"1,754,841",90% bullish,of 21 ratings,$16
ACIW,$21.89,1440267005249,"571,274",50% bullish,of 2 ratings,$24
ACNB,$20.33,1440267005430,"1,376",Not yet rated,NULL,N/A
ACPW,$1.856,1440267005586,"65,399",100% bullish,of 4 ratings,$3.50
ACOR,$29.75,1440267005659,"642,828",67% bearish,of 3 ratings,$38.50
ATVI,$27.2167,1440267005744,"5,132,751",68% bullish,of 84 ratings,$31.50
ACTA,$13.89,1440267005788,"113,227",67% bearish,of 3 ratings,$25
ADMS,$20.07,1440267005886,"78,833",100% bearish,of 2 ratings,$36
ACUR,$0.6182,1440267005913,"65,134",100% bullish,of 5 ratings,$1
ACTS,$1.3,1440267005969,"51,585",100% bearish,of 1 rating,N/A
AEY,$2.29,1440267006150,"39,023",100% bearish,of 2 ratings,N/A
ADAP,$12.53,1440267006199,"216,853",67% bullish,of 3 ratings,$22
ADMP,$3.65,1440267006713,"21,417",50% bullish,of 2 ratings,$10
ADUS,$29.83,1440267006746,"59,827",100% bearish,of 1 rating,$31
ADRO,$19.44,1440267006798,"252,323",80% bullish,of 5 ratings,$45.50
ADTN,$15.59,1440267006842,"349,681",67% bullish,of 3 ratings,$17.125
AMD,$1.76,1440267006867,"7,935,981",83% bullish,of 103 ratings,$2
ADMA,$9.3,1440267006931,"3,500",Not yet rated,NULL,$19
ACXM,$20.1276,1440267007002,"350,940",67% bullish,of 3 ratings,N/A
ADEP,$6.75,1440267007070,"33,889",50% bullish,of 2 ratings,$10.75
ADBE,$78.87,1440267007098,"4,323,734",65% bullish,of 17 ratings,$90
AEIS,$25.055,1440267007140,"198,884",50% bullish,of 2 ratings,$32.50
MULT,NULL,1440267007229,0,100% bearish,of 1 rating,N/A
ADXSW,$10.15,1440267007270,"5,206",100% bullish,of 1 rating,N/A
AEGN,$18.24,1440267007448,"212,917",100% bearish,of 1 rating,$21
ADXS,$14.5,1440267007477,"919,015",64% bullish,of 14 ratings,$27
YPRO,$23.29,1440267007533,"4,120",100% bearish,of 1 rating,N/A
AEGR,$18.26,1440267007580,"394,681",50% bullish,of 6 ratings,$26
AEHR,$2.24,1440267007711,"7,972",50% bullish,of 2 ratings,N/A
AERI,$15.92,1440267007840,"361,223",75% bullish,of 4 ratings,$31.50
AEPI,$57.13,1440267007867,"21,960",100% bearish,of 1 rating,N/A
AMTX,$3.09,1440267007887,"17,253",50% bullish,of 2 ratings,$26.11
AEZS,$0.1005,1440267007919,"5,371,374",90% bullish,of 21 ratings,$1.50
AEMD,$7.22,1440267008078,"187,619",Not yet rated,NULL,$27.50
AGEN,$7.04,1440267008103,"940,432",85% bullish,of 13 ratings,$14
AVAV,$24.38,1440267008234,"143,405",50% bullish,of 4 ratings,$31
AGRX,$8.17,1440267008259,"49,951",100% bearish,of 1 rating,$17.50
AFMD,$9.78,1440267008298,"174,087",50% bullish,of 4 ratings,$15
AFFX,$9.4,1440267008438,"587,032",80% bullish,of 5 ratings,$12
AGYS,$9.63,1440267008478,"33,010",100% bearish,of 1 rating,N/A
AGFS,$9.8121,1440267008502,"73,206",100% bearish,of 1 rating,N/A
AGFSW,$1.79,1440267008679,"28,997",100% bearish,of 2 ratings,N/A
AGIO,$85.65,1440267008756,"509,530",88% bullish,of 8 ratings,$114
AIRM,$36.55,1440267008781,"309,312",80% bearish,of 5 ratings,$53
AIMT,$21.1,1440267008835,"120,787",Not yet rated,NULL,N/A
ATSG,$9.1,1440267008967,"264,911",67% bullish,of 3 ratings,$13
AIRT,$22.94,1440267009028,51,100% bullish,of 1 rating,N/A
AIXG,$5.98,1440267009055,"34,571",67% bearish,of 3 ratings,$5.25
AKAM,$68.463,1440267009133,"1,585,448",63% bullish,of 8 ratings,$77
AMCN,$4.9,1440267009193,"424,894",83% bullish,of 6 ratings,N/A
AKBA,$6.65,1440267009325,"184,781",100% bearish,of 1 rating,$18
ALRM,$16.46,1440267009455,"358,434",100% bearish,of 1 rating,$22
AKRX,$40.2552,1440267009528,"930,040",78% bullish,of 9 ratings,$56
ALSK,$2.11,1440267009554,"112,029",78% bullish,of 18 ratings,$2
ABDC,$12.7,1440267009629,"21,785",Not yet rated,NULL,$15
AMRI,$19.73,1440267009660,"245,268",75% bearish,of 4 ratings,$24
ADHD,$8.31,1440267009689,"220,062",50% bullish,of 4 ratings,$18
AKER,$2.62,1440267009762,"93,096",Not yet rated,NULL,N/A
ALDR,$36.64,1440267009908,"474,720",67% bearish,of 3 ratings,$62
ALDX,$7.62,1440267009934,"6,759",100% bearish,of 1 rating,$14.50
ALXN,$173.81,1440267009955,"1,548,456",88% bullish,of 8 ratings,$223
ALXA,$1.07,1440267010084,"26,737",83% bullish,of 6 ratings,$2.125
ALGN,$56.4432,1440267010175,"422,327",100% bearish,of 2 ratings,$73
ALIM,$3.15,1440267010268,"169,442",80% bullish,of 5 ratings,$10
ALGT,$216.09,1440267010305,"164,611",100% bearish,of 1 rating,$235
ALCO,$42.36,1440267010332,"24,127",50% bullish,of 2 ratings,N/A
ALLB,$23.48,1440267010460,"1,820",Not yet rated,NULL,N/A
ALKS,$60.35,1440267010491,"705,866",67% bullish,of 3 ratings,$75
AFOP,$17.51,1440267010594,"139,898",75% bullish,of 8 ratings,$21
AHPI,$1.46,1440267010664,435,50% bullish,of 2 ratings,N/A
AHGP,$36.6344,1440267010724,"31,919",67% bullish,of 3 ratings,N/A
AMOT,$17.09,1440267010756,"80,719",100% bearish,of 1 rating,N/A
ARLP,$24.94,1440267010853,"151,729",67% bearish,of 3 ratings,$32
AIQ,$14.7,1440267010934,"29,906",67% bullish,of 3 ratings,N/A
ALQA,$4.43,1440267010961,"36,237",75% bullish,of 4 ratings,$8.50
ALLT,$5.04,1440267010990,"71,089",75% bullish,of 4 ratings,$6.25
AFAM,$46.84,1440267011096,"72,495",50% bullish,of 2 ratings,$44
MDRX,$13.52,1440267011127,"1,235,763",60% bullish,of 5 ratings,$16
ALNY,$100.3178,1440267011225,"414,351",67% bullish,of 3 ratings,$148.50
AOSL,$7.21,1440267011300,"45,497",67% bullish,of 3 ratings,$9
SMCP,$22.56,1440267011383,"1,500",Not yet rated,NULL,N/A
ATEC,$0.5768,1440267011437,"46,618",100% bullish,of 1 rating,$2
ASPS,$29.2565,1440267011540,"228,767",67% bullish,of 3 ratings,$46.50
AMRK,$10.57,1440267011747,"4,627",50% bullish,of 2 ratings,$14
AMRN,$2.03,1440267011775,"741,425",85% bullish,of 39 ratings,$8
ALTR,$48.17,1440267011812,"2,956,121",80% bearish,of 5 ratings,$54
AYA,$21.62,1440267011853,"63,923",100% bearish,of 1 rating,$40
AMZN,$495.5,1440267011929,"3,790,755",81% bullish,of 263 ratings,$646
AIMC,$25.28,1440267011958,"92,117",100% bearish,of 1 rating,$28.50
AMAG,$59.95,1440267011995,"476,323",100% bullish,of 2 ratings,$77.50
AMBCW,$7.0532,1440267012219,"1,178",100% bearish,of 1 rating,N/A
EPAX,$2.69,1440267012280,"74,357",100% bearish,of 1 rating,N/A
AMBC,$15.6,1440267012317,"245,406",100% bearish,of 1 rating,$16.50
AMBA,$89,1440267012345,"5,366,218",83% bullish,of 12 ratings,$102.50
DOX,$59,1440267012416,"282,272",50% bullish,of 2 ratings,$60
AMDA,$0.463,1440267012448,"1,233,767",90% bullish,of 10 ratings,$1
AMCX,$67.7119,1440267012546,"687,069",67% bullish,of 3 ratings,$85.50
AMED,$40.5,1440267012747,"290,278",100% bearish,of 1 rating,$42
UHAL,$363.52,1440267012777,"15,187",100% bullish,of 2 ratings,$393.50
AAL,$39.75,1440267012804,"11,179,538",93% bullish,of 88 ratings,$57
ATAX,$5.23,1440267012825,"155,087",100% bullish,of 1 rating,$6.50
ASBI,$22.55,1440267012853,154,Not yet rated,NULL,N/A
AMOV,$17.65,1440267012984,"5,863",100% bearish,of 1 rating,N/A
AGNCB,$24.23,1440267013023,"21,668",Not yet rated,NULL,N/A
AGNC,$19.553,1440267013083,"3,952,543",75% bullish,of 28 ratings,$22
AGNCP,$25.34,1440267013126,"7,150",Not yet rated,NULL,N/A
MTGE,$15.7,1440267013218,"402,399",75% bullish,of 4 ratings,$19.50
MTGEP,$24.12,1440267013348,"1,127",Not yet rated,NULL,N/A
ACSF,$12.225,1440267013434,"33,060",100% bearish,of 1 rating,$15
ACAS,$13.74,1440267013589,"1,556,266",60% bullish,of 5 ratings,$16.75
AETI,$4.28,1440267013616,2,67% bearish,of 3 ratings,N/A
AMNB,$22.8,1440267013638,"22,976",Not yet rated,NULL,$25.50
ANCI,$1.59,1440267013673,"10,070",100% bearish,of 1 rating,N/A
ANAT,$100,1440267013765,"19,158",100% bullish,of 1 rating,N/A
AMIC,$10.21,1440267013802,8,Not yet rated,NULL,N/A
APEI,$21.26,1440267013829,"155,037",100% bearish,of 1 rating,$25.50
ARII,$38.75,1440267013864,"183,877",67% bearish,of 3 ratings,$45
ASEI,$39.68,1440267013995,"53,467",100% bearish,of 1 rating,$52.50
AMRB,$10,1440267014131,"2,054",Not yet rated,NULL,$11
AMWD,$67.8,1440267014160,"272,213",50% bullish,of 2 ratings,$58
AMSWA,$9.06,1440267014186,"86,700",100% bearish,of 2 ratings,$10.75
AMSC,$3.48,1440267014212,"36,442",50% bullish,of 4 ratings,N/A
CRMT,$37.91,1440267014372,"120,497",100% bearish,of 1 rating,$49
ASRV,$3.27,1440267014503,840,100% bullish,of 2 ratings,N/A
ABCB,$27.64,1440267014586,"189,477",Not yet rated,NULL,$31
ATLO,$23.31,1440267014661,"15,885",Not yet rated,NULL,N/A
ASRVP,NULL,1440267014730,0,Not yet rated,NULL,N/A
AMGN,$155.9,1440267014761,"4,702,712",89% bullish,of 19 ratings,$185
FOLD,$14.05,1440267014793,"2,614,067",56% bullish,of 9 ratings,$21
AMSF,$49.68,1440267014859,"122,373",Not yet rated,NULL,$57.50
AMSG,$81.5,1440267014939,"320,262",100% bearish,of 1 rating,$85.50
AMSGP,NULL,1440267014993,0,Not yet rated,NULL,N/A
AMPH,$13.79,1440267015023,"166,636",50% bullish,of 2 ratings,$20
AMKR,$4.39,1440267015048,"1,544,185",100% bearish,of 2 ratings,$5
AMRS,$1.63,1440267015353,"53,848",70% bullish,of 10 ratings,N/A
ANAC,$129.49,1440267015378,"607,726",80% bullish,of 5 ratings,$180.50
ASYS,$5.18,1440267015425,"35,518",67% bullish,of 3 ratings,$12
AFSI,$58.44,1440267015458,"1,008,977",60% bullish,of 5 ratings,$72
ADI,$53.78,1440267015558,"3,922,593",67% bullish,of 3 ratings,$69
ANAD,$0.333,1440267015583,"132,364",100% bullish,of 2 ratings,$.50
ALOG,$83.13,1440267015609,"75,588",100% bearish,of 2 ratings,$100.50
ABCW,$39.96,1440267015741,"10,347",67% bullish,of 3 ratings,N/A
AMCF,$0.26,1440267015885,"9,494",100% bullish,of 7 ratings,N/A
ANGI,$4.64,1440267015918,"919,270",64% bullish,of 11 ratings,$5.50
ANIP,$49.38,1440267015949,"250,484",89% bullish,of 19 ratings,$66
ANGO,$14.71,1440267015978,"99,313",67% bullish,of 3 ratings,$19
ANCB,$22.3001,1440267016005,500,Not yet rated,NULL,$23
ANIK,$34.88,1440267016033,"106,488",60% bullish,of 5 ratings,$51.25
ANSS,$90.92,1440267016064,"391,059",100% bearish,of 1 rating,$100
ATRS,$1.81,1440267016326,"537,668",92% bullish,of 12 ratings,$4.50
ANTH,$7.04,1440267016391,"1,783,771",80% bullish,of 10 ratings,$13
ABAC,$0.73,1440267016495,"36,221",100% bearish,of 1 rating,N/A
APOL,$10.9787,1440267016626,"992,661",87% bearish,of 68 ratings,$14
APIC,$6.49,1440267016656,"180,683",100% bearish,of 1 rating,$19
ATNY,$2.37,1440267016711,"2,775",50% bullish,of 2 ratings,$3.75
AINV,$6.4767,1440267016758,"1,117,263",50% bullish,of 4 ratings,$8
ARCI,$1.33,1440267016842,"3,906",Not yet rated,NULL,N/A
APPF,$16.84,1440267016902,"52,701",50% bullish,of 2 ratings,$22
APOG,$51.6,1440267016927,"212,697",100% bullish,of 1 rating,$67
AAPL,$105.9,1440267016971,"82,174,464",86% bullish,of 2338 ratings,$150
APDN,$3.22,1440267016996,"61,834",Not yet rated,NULL,$9
AGTC,$15.74,1440267017127,"119,853",50% bullish,of 2 ratings,$33
AMAT,$15.497,1440267017261,"12,956,491",82% bullish,of 11 ratings,$23
APDNW,$1.15,1440267017310,"2,800",Not yet rated,NULL,N/A
AMCC,$5.35,1440267017394,"963,117",80% bullish,of 5 ratings,$8
AAOI,$19.89,1440267017527,"285,163",50% bullish,of 4 ratings,$26
AREX,$2.03,1440267017558,"890,815",100% bearish,of 1 rating,$3
APRI,$1.33,1440267017693,"155,441",83% bullish,of 6 ratings,$4.86
AQMS,$5,1440267017753,"19,025",Not yet rated,NULL,N/A
APTO,$5.09,1440267017778,"8,208",Not yet rated,NULL,$17
AQXP,$18.2999,1440267017810,"469,595",50% bullish,of 2 ratings,$2
AUMAU,$9.94,1440267017845,"1,200",Not yet rated,NULL,N/A
PETX,$17.4,1440267017910,"307,971",100% bearish,of 2 ratings,$26
ABUS,$7.21,1440267017944,"502,243",86% bullish,of 14 ratings,$23
AUMAW,NULL,1440267017965,0,Not yet rated,NULL,N/A
AUMA,NULL,1440267018163,0,Not yet rated,NULL,N/A
ARCW,$3.48,1440267018197,"25,137",100% bearish,of 2 ratings,$10.50
ARDM,$7.03,1440267018299,"4,358",100% bullish,of 1 rating,$26
ABIO,$0.9,1440267018403,"131,271",50% bullish,of 2 ratings,$3.75
ARCB,$29.47,1440267018432,"211,071",50% bullish,of 2 ratings,$39.50
RKDA,$5.76,1440267018540,"19,343",100% bearish,of 2 ratings,$10
ARDX,$17.41,1440267018570,"91,948",50% bullish,of 2 ratings,$24.50
ARCC,$15.47,1440267018603,"1,615,433",67% bearish,of 3 ratings,$17.875
ACGL,$70.5015,1440267018640,"414,489",50% bullish,of 2 ratings,$72
ACAT,$26.89,1440267018670,"260,125",100% bearish,of 3 ratings,$33
AGIIL,$25.45,1440267018804,"5,893",Not yet rated,NULL,N/A
ARGS,$6.17,1440267018868,"116,903",50% bullish,of 2 ratings,$19.50
ARNA,$2.97,1440267019029,"4,127,037",90% bullish,of 77 ratings,$5.50
ARIS,$3.3,1440267019098,"8,290",Not yet rated,NULL,$4.50
ARIA,$6.7,1440267019149,"3,153,702",87% bullish,of 46 ratings,$9
AGII,$57.69,1440267019170,"141,575",Not yet rated,NULL,$59.50
ARMH,$40.1,1440267019346,"1,339,073",54% bearish,of 13 ratings,$61
ARWA,NULL,1440267019374,0,Not yet rated,NULL,N/A
ARKR,$25.36,1440267019481,552,50% bullish,of 2 ratings,N/A
ARWAU,NULL,1440267019524,0,100% bullish,of 1 rating,N/A
ARWAR,NULL,1440267019550,0,Not yet rated,NULL,N/A
ARQL,$1.67,1440267019572,"200,267",75% bullish,of 4 ratings,$5
ARTX,$1.48,1440267019626,"105,854",88% bullish,of 16 ratings,$4.50
ARWAW,NULL,1440267019758,0,Not yet rated,NULL,N/A
ARRY,$5.45,1440267019783,"1,219,732",100% bullish,of 7 ratings,$10
ARRS,$26.44,1440267019839,"1,060,211",50% bullish,of 2 ratings,$38
DWAT,$9.92,1440267020021,"46,463",100% bearish,of 1 rating,N/A
ARWR,$5.57,1440267020109,"814,360",75% bullish,of 4 ratings,$10.50
ARTW,$4.45,1440267020217,"3,048",75% bearish,of 4 ratings,N/A
ASNA,$11.2187,1440267020246,"8,984,030",50% bullish,of 2 ratings,$18
ARTNA,$22.48,1440267020273,"42,576",100% bearish,of 1 rating,$29
ASBB,$25.05,1440267020297,372,Not yet rated,NULL,N/A
ASND,$18.23,1440267020325,"38,275",100% bullish,of 1 rating,$30
AROW,$27.24,1440267020349,"41,580",Not yet rated,NULL,N/A
ASCMA,$28.6,1440267020480,"180,787",100% bearish,of 1 rating,$45
ASTI,$0.13,1440267020620,"1,817,223",83% bullish,of 6 ratings,$3
ASMI,NULL,1440267020681,0,NULL,NULL,NULL
AZPN,$38.4,1440267020754,"991,920",50% bullish,of 2 ratings,$42
ASML,$85.91,1440267020779,"1,134,628",67% bullish,of 3 ratings,$127
APWC,$1.9,1440267020806,406,100% bearish,of 1 rating,N/A
ASMB,$12.44,1440267020937,"80,806",67% bullish,of 3 ratings,N/A
ASFI,$8.95,1440267021001,"3,732",100% bullish,of 1 rating,N/A
ALOT,$13.51,1440267021065,"1,011",100% bearish,of 1 rating,N/A
ATRO,$52.77,1440267021098,"98,668",100% bearish,of 2 ratings,$80
ASTE,$36.28,1440267021119,"88,638",100% bearish,of 1 rating,$48
ASTC,$2.2,1440267021151,"39,970",100% bullish,of 5 ratings,N/A
ATAI,$2.78,1440267021194,"31,993",100% bearish,of 1 rating,N/A
ASUR,$5.76,1440267021281,"10,939",100% bearish,of 1 rating,$8
ATRA,$42.01,1440267021325,"183,569",50% bullish,of 2 ratings,$68
ATHN,$135.79,1440267021378,"193,647",67% bearish,of 3 ratings,$153
AFCB,$28.01,1440267021529,249,Not yet rated,NULL,N/A
ATHX,$1.17,1440267021660,"238,940",89% bullish,of 9 ratings,$5
ATLC,$3.9,1440267021687,"17,113",67% bullish,of 3 ratings,N/A
ACFC,$6.11,1440267021717,"95,163",Not yet rated,NULL,$6.50
AAPC,$10.21,1440267021821,394,Not yet rated,NULL,N/A
AAWW,$41.78,1440267021852,"365,924",50% bullish,of 2 ratings,$65
AAME,$3.58,1440267021894,"1,190",Not yet rated,NULL,N/A
ATNI,$73.68,1440267021952,"66,107",100% bearish,of 1 rating,$69.50
AFH,$16.545,1440267022020,"75,284",Not yet rated,NULL,$21.50
ATOS,$0.85,1440267022090,"182,378",100% bullish,of 7 ratings,$7
ATML,$6.95,1440267022120,"2,918,067",78% bullish,of 9 ratings,$9.50
ATRC,$25.67,1440267022226,"198,665",100% bullish,of 1 rating,$30
ATRI,$389.5,1440267022251,"4,458",Not yet rated,NULL,N/A
ATTU,$13.55,1440267022382,"51,302",100% bearish,of 1 rating,$20.50
ATRM,$2.89,1440267022448,"1,200",50% bullish,of 2 ratings,N/A
LIFE,$14.04,1440267022474,"32,217",86% bullish,of 7 ratings,$43
AUBN,$27.68,1440267022509,948,Not yet rated,NULL,N/A
AUDC,$3.18,1440267022604,"55,482",80% bullish,of 5 ratings,$5
EARS,$4.845,1440267022629,"14,045",100% bearish,of 2 ratings,$11.50
ADSK,$51.76,1440267022820,"2,339,645",83% bullish,of 6 ratings,$69.50
ABTL,$18.05,1440267022858,"70,992",100% bullish,of 4 ratings,$20.25
AUPH,$3.19,1440267022884,"14,987",100% bearish,of 1 rating,$8
ADAT,$0.12,1440267022923,"123,764",100% bullish,of 2 ratings,N/A
AVGO,$112.787,1440267023012,"3,328,073",88% bullish,of 8 ratings,$160
ADP,$79.23,1440267023093,"2,485,062",100% bearish,of 1 rating,$88
AAVL,$10.62,1440267023181,"258,588",100% bearish,of 1 rating,$20
AVNW,$1.24,1440267023288,"161,594",50% bullish,of 2 ratings,$2.20
AVNU,$12.7,1440267023358,506,Not yet rated,NULL,$14
AVEO,$1.38,1440267023490,"1,367,791",75% bullish,of 8 ratings,$3
CAR,$42.2749,1440267023529,"1,835,525",80% bullish,of 5 ratings,$60
AVGR,$14.23,1440267023672,"21,077",100% bearish,of 1 rating,$20
AVID,$8.01,1440267023702,"539,251",100% bearish,of 1 rating,$20
ACLS,$3.29,1440267023807,"557,776",67% bullish,of 6 ratings,$4.75
AXPW,$1.1,1440267023874,"56,422",83% bullish,of 6 ratings,N/A
AXPWW,NULL,1440267023901,0,Not yet rated,NULL,N/A
AWRE,$3.14,1440267023938,"21,064",67% bullish,of 3 ratings,N/A
AXTI,$2.15,1440267024104,"35,695",50% bullish,of 2 ratings,$2.75
AXGN,$3.94,1440267024182,"27,034",Not yet rated,NULL,$5
BCOM,NULL,1440267024213,0,100% bearish,of 1 rating,N/A
RILY,$10,1440267024241,600,Not yet rated,NULL,N/A
BEAV,$48.57,1440267024282,"742,264",67% bearish,of 3 ratings,$59
BOSC,$2.37,1440267024311,"1,297",50% bullish,of 2 ratings,N/A
BIDU,$152.9,1440267024413,"3,843,564",81% bullish,of 88 ratings,$210
BCPC,$57.76,1440267024494,"128,021",100% bearish,of 1 rating,$75
BWINB,$23.01,1440267024601,"25,265",Not yet rated,NULL,N/A
BWINA,NULL,1440267024705,0,Not yet rated,NULL,N/A
BANF,$60.97,1440267024774,"18,077",Not yet rated,NULL,$68
BLDP,$1.24,1440267024800,"470,551",91% bullish,of 22 ratings,$2.50
BANFP,NULL,1440267024935,0,Not yet rated,NULL,N/A
BMRC,$48.75,1440267025027,"17,961",Not yet rated,NULL,$52
BKMU,$7.19,1440267025062,"511,937",Not yet rated,NULL,$8
BOCH,$5.76,1440267025363,"16,932",Not yet rated,NULL,$6.50
BOTJ,$11.15,1440267025392,"3,090",Not yet rated,NULL,N/A
BKSC,$15.6,1440267025413,705,Not yet rated,NULL,N/A
BWFG,$18.03,1440267025456,"3,688",100% bearish,of 1 rating,N/A
BFIN,$12.01,1440267025477,"29,911",Not yet rated,NULL,$13
BANR,$45.64,1440267025542,"84,960",100% bullish,of 3 ratings,$50
OZRK,$40.71,1440267025570,"553,107",67% bullish,of 3 ratings,$49.50
BZUN,$5.65,1440267025606,"399,133",50% bullish,of 2 ratings,$12.60
TAPR,$29.38,1440267025798,"4,550",100% bearish,of 1 rating,N/A
BHAC,NULL,1440267025903,0,Not yet rated,NULL,N/A
BHACU,NULL,1440267025928,0,Not yet rated,NULL,N/A
BBSI,$34.87,1440267026060,"71,494",67% bearish,of 3 ratings,$62.50
BHACR,$0.25,1440267026110,700,Not yet rated,NULL,N/A
BHACW,NULL,1440267026130,0,Not yet rated,NULL,N/A
BSET,$29.1,1440267026160,"49,205",100% bearish,of 1 rating,$35
BYBK,$5.02,1440267026181,"1,546",100% bearish,of 1 rating,N/A
BYLK,$12.95,1440267026313,"4,701",Not yet rated,NULL,$14
BV,$5.08,1440267026342,"375,082",67% bullish,of 6 ratings,$9
BECN,$35.48,1440267026478,"294,756",50% bullish,of 2 ratings,$40
BDCV,$4.84,1440267026503,"9,821",100% bearish,of 1 rating,$10.19
BCBP,$11.73,1440267026530,"8,625",Not yet rated,NULL,N/A
BBCN,$14.81,1440267026668,"308,877",100% bearish,of 1 rating,$16
BSF,$8.62,1440267026729,"18,869",Not yet rated,NULL,N/A
BBGI,$4.68,1440267026759,2,100% bearish,of 1 rating,N/A
BEBE,$1.81,1440267027078,"150,846",75% bullish,of 4 ratings,$3.075
BNCL,$12.64,1440267027164,"393,855",100% bullish,of 3 ratings,$12.50
BBBY,$61.8626,1440267027210,"2,676,226",71% bullish,of 7 ratings,$75
BLPH,$5.01,1440267027235,"26,371",100% bearish,of 1 rating,$12.50
BELFA,$15.5,1440267027262,100,100% bearish,of 1 rating,N/A
BNFT,$36.3,1440267027285,"94,715",67% bullish,of 3 ratings,$46
BNTC,$8.6562,1440267027315,"29,198",100% bullish,of 1 rating,N/A
BELFB,$17.92,1440267027336,"70,318",100% bearish,of 1 rating,N/A
BLCM,$17.46,1440267027479,"701,289",50% bullish,of 4 ratings,$40
BIND,$4.56,1440267027612,"42,392",67% bullish,of 3 ratings,$13.50
BGFV,$10.86,1440267027645,"167,409",57% bullish,of 7 ratings,$12
BGMD,$0.8536,1440267027666,"210,316",100% bullish,of 10 ratings,N/A
BGCP,$8.8,1440267027687,"2,203,135",88% bullish,of 8 ratings,$14
ORPN,$5.34,1440267027726,"18,329",100% bullish,of 1 rating,$28.50
BASI,$1.39,1440267027751,"12,876",Not yet rated,NULL,N/A
BCDA,NULL,1440267027922,0,Not yet rated,NULL,N/A
BIOC,$2.08,1440267028018,"466,899",83% bullish,of 6 ratings,$3.85
BCRX,$11.99,1440267028057,"637,416",63% bullish,of 8 ratings,$18
BIOD,$0.6899,1440267028148,"144,374",80% bullish,of 5 ratings,$4
BDSI,$6.52,1440267028194,"1,009,736",88% bullish,of 8 ratings,$17
BLFS,$2.03,1440267028328,"86,446",100% bearish,of 1 rating,$4.75
BIOL,$1.46,1440267028357,"36,518",Not yet rated,NULL,N/A
BLRX,$1.42,1440267028390,"228,173",100% bullish,of 12 ratings,$5
BIIB,$298,1440267028420,"2,250,449",88% bullish,of 16 ratings,$400
BVXV,$3.86,1440267028495,"7,057",Not yet rated,NULL,N/A
BMRN,$130,1440267028522,"823,308",80% bullish,of 5 ratings,$160
BVXVW,$0.77,1440267028677,"1,008",100% bearish,of 1 rating,N/A
BRLI,NULL,1440267028700,0,NULL,NULL,NULL
BPTH,$1.13,1440267028726,"64,428",100% bullish,of 2 ratings,$5
BIOS,$1.84,1440267028856,"1,061,659",71% bullish,of 7 ratings,$4
BBC,$30.48,1440267028886,"62,013",Not yet rated,NULL,N/A
BSPM,$0.72,1440267028988,"10,225",50% bullish,of 2 ratings,N/A
BBP,$32.07,1440267029013,"91,659",Not yet rated,NULL,N/A
BOTA,$2.2,1440267029191,"47,009",88% bullish,of 8 ratings,N/A
BSTC,$49.71,1440267029224,"66,008",100% bearish,of 1 rating,$76
TECH,$101.4978,1440267029250,"129,987",100% bullish,of 1 rating,$117
BEAT,$13.69,1440267029283,"339,071",67% bearish,of 3 ratings,$15
BJRI,$44.71,1440267029310,"215,274",50% bullish,of 2 ratings,$55
BITI,$17.33,1440267029339,"31,694",100% bullish,of 1 rating,$28
BDMS,NULL,1440267029360,0,100% bearish,of 1 rating,N/A
BDE,$7.5,1440267029572,"220,690",50% bullish,of 2 ratings,$9
BBOX,$15.44,1440267029814,"68,675",100% bearish,of 1 rating,N/A
HAWK,$42,1440267029846,"525,334",91% bullish,of 11 ratings,$49
BLKB,$58.91,1440267029868,"225,935",100% bearish,of 2 ratings,$66
BBRY,$7.15,1440267029897,"5,450,296",61% bullish,of 330 ratings,$9
BKCC,$9.118,1440267029944,"334,015",100% bullish,of 2 ratings,$10
ADRA,$27.52,1440267030032,"1,065",Not yet rated,NULL,N/A
ADRD,$22.12,1440267030057,"8,231",100% bearish,of 1 rating,N/A
ADRE,$29.55,1440267030128,"44,928",Not yet rated,NULL,N/A
BCOR,$13.4,1440267030259,"257,015",57% bullish,of 7 ratings,$15
BUFF,$26.91,1440267030284,"472,572",83% bullish,of 12 ratings,$31.50
ADRU,$21.85,1440267030438,"2,468",100% bearish,of 1 rating,N/A
BLBD,$11.53,1440267030465,"7,869",Not yet rated,NULL,N/A
BBLU,$0.89,1440267030492,"120,329",100% bullish,of 2 ratings,$4.43
BLMN,$20.36,1440267030518,"1,559,840",83% bullish,of 6 ratings,$27.50
BHBK,$14.06,1440267030872,"103,355",100% bullish,of 1 rating,$14.50
NILE,$34.29,1440267030918,"91,641",50% bullish,of 2 ratings,$34
BKEPP,$7.773,1440267031014,"1,100",100% bearish,of 1 rating,N/A
BLUE,$124.9,1440267031193,"511,022",71% bullish,of 7 ratings,$217.50
BOFI,$123.99,1440267031218,"365,678",100% bullish,of 6 ratings,$144
BPMC,$25.74,1440267031246,"43,864",50% bullish,of 2 ratings,$47.50
BKEP,$6.6,1440267031269,"42,067",100% bearish,of 1 rating,$8.50
BNCN,$21.26,1440267031301,"105,692",Not yet rated,NULL,$23
BOBE,$44.5,1440267031403,"144,944",75% bullish,of 4 ratings,$57
WIFI,$7.83,1440267031482,"402,837",50% bullish,of 2 ratings,$13.50
BOKF,$61.8126,1440267031511,"136,973",100% bearish,of 1 rating,$70.50
BNSO,$1.38,1440267031615,"6,280",100% bearish,of 1 rating,N/A
BONA,$11.82,1440267031673,"182,491",75% bullish,of 4 ratings,$8.50
BOJA,$20.83,1440267031701,"194,845",100% bullish,of 1 rating,$30
BAMM,$3.21,1440267031831,"12,873",60% bullish,of 5 ratings,N/A
BPFH,$12.155,1440267031857,"304,942",100% bearish,of 1 rating,$14
BPFHP,$25,1440267031985,"1,571",100% bearish,of 1 rating,N/A
BPFHW,$5.5,1440267032047,837,100% bearish,of 1 rating,N/A
BBEPP,$13.24,1440267032432,"73,231",100% bearish,of 1 rating,N/A
BBEP,$2.26,1440267032462,"2,113,660",69% bullish,of 13 ratings,$5.625
EPAY,$25.46,1440267032500,"155,496",100% bearish,of 2 ratings,$30
BRID,$8.62,1440267032563,86,100% bearish,of 1 rating,N/A
BCLI,$2.92,1440267032593,"80,439",80% bullish,of 5 ratings,$12
BBRG,$12.58,1440267032630,"83,065",67% bullish,of 3 ratings,$14.50
BDBD,$8.43,1440267032761,"500,690",60% bullish,of 5 ratings,$10
BLIN,$1.15,1440267032787,"21,500",50% bullish,of 2 ratings,$2.20
BDGE,$27.4,1440267032808,"33,067",Not yet rated,NULL,$31.75
BCOV,$5.22,1440267032972,"120,648",67% bullish,of 3 ratings,$10.20
BRCM,$48.57,1440267033038,"5,158,085",75% bullish,of 12 ratings,$56
BSFT,$30.87,1440267033093,"134,160",57% bullish,of 7 ratings,$40.50
BVSN,$5.54,1440267033169,"12,787",60% bearish,of 5 ratings,N/A
BRCD,$10.6,1440267033196,"10,780,307",92% bullish,of 13 ratings,$12.50
BWEN,$3.26,1440267033258,"21,709",100% bullish,of 3 ratings,$8
BYFC,$1.37,1440267033330,200,50% bullish,of 2 ratings,N/A
BRKR,$19.0677,1440267033640,"233,562",100% bearish,of 2 ratings,$22
BSQR,$6.03,1440267033670,"89,784",67% bullish,of 3 ratings,N/A
BRKL,$10.765,1440267033691,"389,012",100% bearish,of 1 rating,$10.75
BRKS,$10.37,1440267033714,"191,066",67% bullish,of 3 ratings,$15.25
BLDR,$14.9615,1440267033758,"1,078,324",50% bullish,of 2 ratings,$22
BWLD,$189.5073,1440267033780,"260,082",82% bullish,of 11 ratings,$205
BMTC,$29.46,1440267033801,"89,269",Not yet rated,NULL,$34
BLMT,$20.8,1440267033852,"14,194",Not yet rated,NULL,N/A
BUR,$1.85,1440267034038,"2,443",100% bearish,of 1 rating,$8
CFFI,$36,1440267034065,"6,616",100% bearish,of 1 rating,N/A
CHRW,$67.24,1440267034110,"1,128,419",Not yet rated,NULL,$72
CDNS,$19.8,1440267034386,"1,519,633",75% bullish,of 4 ratings,$22.50
CDZI,$7.53,1440267034417,"30,147",100% bearish,of 1 rating,N/A
CCMP,$44.25,1440267034443,"90,039",50% bullish,of 2 ratings,$59
CZR,$8.02,1440267034472,"1,345,062",60% bearish,of 5 ratings,$10.50
CACQ,$7.1,1440267034517,"100,797",100% bearish,of 1 rating,$12.25
CA,$27.33,1440267034575,"2,905,194",50% bullish,of 4 ratings,$33
CSTE,$45,1440267034662,"526,244",100% bearish,of 1 rating,$65
PRSS,$4.42,1440267034691,"18,224",80% bullish,of 5 ratings,$4.50
CLMS,$11.43,1440267034823,"84,354",Not yet rated,NULL,$10.50
CHY,$11.51,1440267034859,"256,541",Not yet rated,NULL,N/A
CHI,$10.67,1440267034952,"301,618",100% bearish,of 1 rating,N/A
CLBS,$1.33,1440267034977,"263,782",79% bullish,of 14 ratings,$4
CCD,$19.57,1440267035035,"275,211",Not yet rated,NULL,N/A
CHW,$7.59,1440267035108,"273,520",100% bearish,of 1 rating,N/A
CFGE,NULL,1440267035132,0,Not yet rated,NULL,N/A
CGO,$11.92,1440267035204,"30,892",100% bearish,of 1 rating,N/A
CVGW,$54.49,1440267035303,"146,768",50% bullish,of 2 ratings,$58.50
CSQ,$9.88,1440267035329,"547,189",Not yet rated,NULL,N/A
CAMP,$15.71,1440267035568,"335,596",88% bullish,of 8 ratings,$25
CALA,$5.13,1440267035601,"381,343",100% bullish,of 3 ratings,$19.50
CALD,$15.56,1440267035629,"396,608",100% bearish,of 1 rating,$20.50
CFNB,$13.73,1440267035657,143,100% bearish,of 1 rating,N/A
CALM,$49.67,1440267035699,"539,610",80% bullish,of 5 ratings,$65
CLMT,$25.21,1440267035727,"367,348",75% bullish,of 8 ratings,$31
ABCD,$4.64,1440267035802,"122,674",83% bullish,of 6 ratings,N/A
CAMT,$2.76,1440267036030,"17,958",73% bullish,of 11 ratings,$4
CAMBU,NULL,1440267036058,0,100% bearish,of 1 rating,N/A
CAC,$40.79,1440267036091,"25,045",Not yet rated,NULL,N/A
CSIQ,$17.5,1440267036121,"3,511,125",86% bullish,of 28 ratings,$45
CAMB,NULL,1440267036221,0,Not yet rated,NULL,N/A
CGIX,$9.21,1440267036253,"38,415",67% bullish,of 3 ratings,$14.375
CAMBW,$0.14,1440267036279,200,Not yet rated,NULL,N/A
CPLA,$48.57,1440267036496,"84,854",50% bullish,of 2 ratings,$65
CCBG,$15.17,1440267036531,"20,399",Not yet rated,NULL,$17.25
CPHC,$10.66,1440267036557,"2,320",100% bearish,of 1 rating,N/A
CBF,$30.13,1440267036584,"102,306",Not yet rated,NULL,$32
CBNJ,$10.65,1440267036626,"60,681",100% bullish,of 1 rating,N/A
CPLP,$7.07,1440267036712,"470,786",71% bullish,of 7 ratings,$11
CSWC,$46.68,1440267036806,"16,339",Not yet rated,NULL,N/A
CPTA,$14.22,1440267037188,"52,411",Not yet rated,NULL,$18.50
CFFN,$12.0086,1440267037254,"689,306",Not yet rated,NULL,$12.75
CAPNW,$0.6199,1440267037278,615,Not yet rated,NULL,N/A
CAPR,$3.95,1440267037303,"6,718",Not yet rated,NULL,$12
CPST,$0.3777,1440267037328,"956,493",95% bullish,of 22 ratings,$1.25
CAPN,$1.99,1440267037354,"269,769",100% bullish,of 1 rating,$10.85
CARA,$21.01,1440267037518,"286,045",50% bullish,of 4 ratings,$25
CBYL,$6.29,1440267037543,"38,631",100% bearish,of 1 rating,$20
CSII,$24.6527,1440267037709,"477,244",100% bearish,of 2 ratings,$42.125
CRME,$9.535,1440267037748,"32,837",89% bullish,of 9 ratings,$11.25
CARB,$11.43,1440267037776,"85,069",75% bullish,of 4 ratings,$12
CDNA,$6.47,1440267037843,"6,286",100% bearish,of 1 rating,$9
CFNL,$22.47,1440267037874,"122,419",Not yet rated,NULL,$24
CATM,$34.54,1440267037899,"283,184",100% bearish,of 1 rating,$44
CECO,$3.63,1440267037930,"476,999",67% bearish,of 3 ratings,$6
CRDC,$0.38,1440267037951,"10,734",100% bullish,of 1 rating,$1.25
CTRE,$12.03,1440267038285,"422,076",50% bullish,of 2 ratings,N/A
CKEC,$21.84,1440267038387,"283,627",50% bullish,of 2 ratings,$35.915
CART,NULL,1440267038417,0,100% bearish,of 1 rating,N/A
TAST,$11.91,1440267038452,"220,515",Not yet rated,NULL,$14.25
CRTN,$2.66,1440267038480,103,100% bearish,of 1 rating,N/A
CLBH,$12.79,1440267038501,288,Not yet rated,NULL,$16.50
CARO,$15.35,1440267038529,"1,700",100% bearish,of 1 rating,$19
CARV,$5.51,1440267038554,"1,650",50% bullish,of 2 ratings,N/A
CRZO,$32,1440267038700,"968,169",67% bearish,of 3 ratings,$57
CSCD,$14.23,1440267038780,"100,500",100% bullish,of 2 ratings,$17
CWST,$6.2,1440267038831,"271,280",50% bullish,of 2 ratings,$7
CACB,$5.43,1440267038911,"111,472",Not yet rated,NULL,$5.50
CASM,$1.09,1440267038945,"4,748",100% bullish,of 1 rating,$3.50
CASS,$47.46,1440267038974,"46,174",100% bearish,of 1 rating,N/A
CASY,$104.8974,1440267038995,"370,086",50% bullish,of 2 ratings,$99.50
CASI,$1.42,1440267039029,"13,082",100% bullish,of 1 rating,$3.50
CPRX,$3.66,1440267039334,"846,503",71% bullish,of 7 ratings,$7
CATYW,$10.54,1440267039413,100,100% bearish,of 1 rating,N/A
CATY,$30.2864,1440267039442,"491,578",100% bearish,of 1 rating,$33.50
CBFV,$20.75,1440267039550,"4,266",Not yet rated,NULL,N/A
CATB,$11.26,1440267039608,"70,464",100% bearish,of 1 rating,$28
CAVM,$66.14,1440267039633,"458,453",67% bearish,of 3 ratings,$72
CNLM,$9.97,1440267039663,"1,883",Not yet rated,NULL,N/A
CVCO,$73.17,1440267039690,"73,964",100% bearish,of 1 rating,N/A
CNLMR,NULL,1440267039740,0,Not yet rated,NULL,N/A
CNLMW,NULL,1440267039771,0,Not yet rated,NULL,N/A
CNLMU,NULL,1440267039868,0,100% bullish,of 1 rating,N/A
CECE,$9.45,1440267040062,"124,266",50% bullish,of 2 ratings,$16
CPXX,$2.13,1440267040094,"85,814",100% bullish,of 2 ratings,$7
CBOE,$61.4126,1440267040120,"495,206",Not yet rated,NULL,$60
CDW,$38.25,1440267040194,"1,490,342",75% bullish,of 4 ratings,$44
CDK,$48.5,1440267040220,"517,921",67% bearish,of 3 ratings,$50
CELG,$119.5,1440267040352,"5,582,818",92% bullish,of 13 ratings,$155.50
CLDX,$13.53,1440267040423,"2,065,127",89% bullish,of 9 ratings,$36
CELGZ,$1.81,1440267040482,"14,200",80% bullish,of 5 ratings,N/A
CLDN,$1.05,1440267040508,"324,992",71% bullish,of 7 ratings,$3
CLRBW,$0.94,1440267040535,300,Not yet rated,NULL,N/A
CLLS,$30.45,1440267040720,"113,250",75% bullish,of 4 ratings,$51.50
CLRB,$3.05,1440267040754,"5,111",100% bearish,of 1 rating,N/A
CLSN,$2,1440267040823,"140,086",80% bullish,of 10 ratings,$7.50
CLTX,$3,1440267040856,"2,660,088",100% bullish,of 2 ratings,N/A
CBMG,$22.63,1440267040887,"40,791",50% bullish,of 2 ratings,N/A
CYAD,$50.47,1440267040988,"5,476",100% bullish,of 1 rating,$87.50
CSFL,$14.06,1440267041246,"147,356",Not yet rated,NULL,$15
CEMP,$35.5,1440267041271,"686,260",71% bullish,of 7 ratings,$52
CFBK,$1.38,1440267041298,"6,308",Not yet rated,NULL,N/A
CETX,$2.47,1440267041332,"12,950",Not yet rated,NULL,$5.60
CVCY,$11.19,1440267041488,675,Not yet rated,NULL,$12
CENX,$5.17,1440267041523,"1,660,584",67% bullish,of 6 ratings,$9
CENT,$11.93,1440267041569,"28,453",Not yet rated,NULL,$10
CETV,$2.02,1440267041625,"177,717",67% bullish,of 3 ratings,$2.80
CNTY,$6.02,1440267041650,"6,571",80% bullish,of 5 ratings,$7.75
CENTA,$12.57,1440267041679,"238,725",Not yet rated,NULL,N/A
CNBKA,$40.33,1440267041812,"9,839",100% bullish,of 1 rating,N/A
CPHD,$47.8043,1440267041898,"535,219",50% bullish,of 2 ratings,$66.50
CRNT,$1.37,1440267041924,"280,066",50% bullish,of 2 ratings,$2
CERN,$61.72,1440267042055,"1,895,743",67% bullish,of 3 ratings,$79
CERE,$1.1,1440267042126,"479,152",88% bullish,of 8 ratings,N/A
CERU,$3.42,1440267042151,"35,413",75% bullish,of 4 ratings,$15
CEVA,$18.37,1440267042366,"70,931",100% bearish,of 1 rating,$25
KOOL,$0.6998,1440267042392,"19,783",100% bullish,of 5 ratings,$7
HOTR,$1.5,1440267042437,"212,526",100% bullish,of 2 ratings,$5
HOTRW,NULL,1440267042467,0,Not yet rated,NULL,N/A
CERS,$4.73,1440267042489,"650,339",75% bullish,of 4 ratings,$7
CTHR,$1.23,1440267042544,"48,304",50% bullish,of 2 ratings,$2.50
CYOU,$20.0874,1440267042569,"457,679",50% bullish,of 6 ratings,$24
GTLS,$22.3973,1440267042741,"330,795",50% bullish,of 4 ratings,$40
CHTR,$177.5087,1440267042779,"962,693",100% bearish,of 2 ratings,$196
CHFC,$31.81,1440267043054,"100,386",100% bearish,of 1 rating,$36
CHFN,$12.45,1440267043080,"35,096",Not yet rated,NULL,$14
CEMI,$4.25,1440267043145,"5,139",50% bullish,of 2 ratings,$7.50
CHEKW,NULL,1440267043214,0,Not yet rated,NULL,N/A
CHKP,$76.9,1440267043240,"1,048,652",50% bullish,of 4 ratings,$92
CHEK,$3.16,1440267043298,"1,665",Not yet rated,NULL,$7.75
CHMG,$26.6,1440267043369,700,Not yet rated,NULL,$30
CHKE,$25.42,1440267043433,"26,595",100% bearish,of 1 rating,$32.50
CCXI,$6.66,1440267043462,"125,627",67% bullish,of 3 ratings,$14
CHEV,$14.63,1440267043513,"8,266",Not yet rated,NULL,N/A
CHMA,$24.05,1440267043724,"123,730",Not yet rated,NULL,$40
CMRX,$46.44,1440267043767,"341,351",50% bullish,of 2 ratings,$57
PLCE,$58.5,1440267043809,"386,298",100% bearish,of 1 rating,$71
CBNK,$16.48,1440267043851,297,100% bearish,of 1 rating,N/A
CALI,$0.87,1440267043950,"7,037",67% bullish,of 3 ratings,N/A
CADC,NULL,1440267044082,0,78% bullish,of 9 ratings,N/A
CBAK,$1.8,1440267044156,"39,266",67% bullish,of 9 ratings,N/A
CCCL,$0.85,1440267044184,"10,030",100% bullish,of 6 ratings,N/A
CAAS,$6.48,1440267044205,"52,022",93% bullish,of 14 ratings,$11.50
JRJC,$3.88,1440267044248,"166,421",82% bullish,of 11 ratings,N/A
HGSH,$1.89,1440267044344,"13,900",67% bullish,of 3 ratings,N/A
CCCR,$0.89,1440267044446,"36,866",67% bearish,of 3 ratings,N/A
CHLN,$2.05,1440267044527,"8,803",67% bullish,of 3 ratings,N/A
CBPO,$97.5633,1440267044593,"275,264",75% bullish,of 8 ratings,$140.50
CHOP,$1.2,1440267044659,"146,084",50% bullish,of 2 ratings,N/A
HTHT,$24.5,1440267044791,"81,284",50% bullish,of 2 ratings,$28
CHNR,$2.01,1440267044960,"1,911",100% bearish,of 1 rating,N/A
CREG,$0.7,1440267045010,"109,561",100% bullish,of 3 ratings,N/A
CNTF,$0.85,1440267045042,"130,860",Not yet rated,NULL,N/A
CNIT,$1.54,1440267045063,"31,123",67% bullish,of 6 ratings,N/A
CSUN,$1.38,1440267045143,"19,180",80% bullish,of 5 ratings,N/A
CPGI,$6.94,1440267045195,"2,888",Not yet rated,NULL,N/A
CXDC,$6.21,1440267045221,"128,308",67% bullish,of 3 ratings,N/A
CJJD,$1.9,1440267045242,"52,186",100% bullish,of 1 rating,N/A
CNYD,$3.17,1440267045378,"7,840",67% bullish,of 3 ratings,N/A
CCIH,$6.0688,1440267045418,"995,724",67% bullish,of 6 ratings,$12.65
CHSCL,$27.06,1440267045595,"26,654",Not yet rated,NULL,N/A
CNET,$0.8899,1440267045627,"36,501",50% bullish,of 2 ratings,N/A
CHSCN,$27.02,1440267045760,"3,839",Not yet rated,NULL,N/A
CHDN,$134.37,1440267045814,"57,359",Not yet rated,NULL,$165
CHSCO,$28.32,1440267045840,"9,147",Not yet rated,NULL,N/A
CDTX,$14.04,1440267045920,"21,619",Not yet rated,NULL,$22
IMOS,$16.0456,1440267045977,"208,767",60% bullish,of 5 ratings,$21.50
CHUY,$31.27,1440267046215,"229,822",50% bullish,of 2 ratings,$34
CHSCP,$30.29,1440267046245,"3,905",Not yet rated,NULL,N/A
CMCT,$15,1440267046266,"2,992",100% bearish,of 1 rating,N/A
CINF,$53.8535,1440267046306,"1,065,857",50% bullish,of 4 ratings,$50.50
CMPR,$67.75,1440267046327,"558,567",50% bullish,of 2 ratings,$72.50
CHSCM,$25.86,1440267046359,"33,418",Not yet rated,NULL,N/A
CIFC,$6.85,1440267046399,"10,311",Not yet rated,NULL,N/A
CIDM,$0.62,1440267046614,"87,510",50% bullish,of 2 ratings,$2.10
CTAS,$84.87,1440267046672,"522,195",100% bearish,of 1 rating,$91
CSCO,$26.48,1440267046949,"34,066,946",84% bullish,of 208 ratings,$32
CTRN,$27.92,1440267046978,"144,202",100% bearish,of 1 rating,$31.50
CIZN,$19.55,1440267047036,"1,220",Not yet rated,NULL,N/A
CPHR,$6.2,1440267047092,"1,500",100% bearish,of 1 rating,$16
CZNC,$19.63,1440267047117,"13,840",Not yet rated,NULL,N/A
CZFC,$12.7201,1440267047169,700,Not yet rated,NULL,N/A
CRUS,$27.46,1440267047200,"973,633",75% bullish,of 12 ratings,$44.50
CHCO,$47.47,1440267047317,"74,330",Not yet rated,NULL,$46
CTXS,$73.91,1440267047386,"1,231,547",86% bullish,of 7 ratings,$80
CIVB,$10.29,1440267047412,"5,841",Not yet rated,NULL,$11
CDTI,$1.56,1440267047437,"65,316",75% bullish,of 4 ratings,$3.20
CZWI,$9.09,1440267047461,10,Not yet rated,NULL,N/A
CIVBP,NULL,1440267047599,0,Not yet rated,NULL,N/A
CLNE,$4.02,1440267047875,"1,114,136",80% bullish,of 15 ratings,$9
CLNT,$1.69,1440267048028,"56,834",75% bullish,of 8 ratings,N/A
CLRO,$11.74,1440267048116,"4,663",50% bullish,of 2 ratings,$14.25
CLIR,$5.07,1440267048161,"32,472",100% bullish,of 3 ratings,N/A
CLFD,$16.89,1440267048186,"50,082",67% bullish,of 3 ratings,$18
CBLI,$3.82,1440267048329,"47,562",60% bullish,of 5 ratings,N/A
CLVS,$72.68,1440267048358,"346,682",60% bullish,of 5 ratings,$101.50
CME,$91.629,1440267048463,"3,306,208",67% bullish,of 3 ratings,$102
CMFN,$11.79,1440267048524,"14,093",100% bearish,of 1 rating,$15.50
CSBK,$13.76,1440267048549,"62,601",Not yet rated,NULL,N/A
CNV,$4.72,1440267048570,"20,202",50% bullish,of 2 ratings,$7.15
CISG,$7.78,1440267048604,"151,935",100% bullish,of 5 ratings,$10
CCNE,$17.08,1440267048631,"21,997",50% bullish,of 2 ratings,$21.50
CWAY,$11.36,1440267048773,502,Not yet rated,NULL,N/A
COBZ,$13,1440267048817,"155,494",100% bullish,of 1 rating,$14
COKE,$154.15,1440267048950,"30,930",79% bullish,of 19 ratings,N/A
CDRB,$11.18,1440267049085,"11,033",67% bullish,of 3 ratings,N/A
JVA,$4.57,1440267049258,"28,204",83% bullish,of 6 ratings,$7
CDXS,$3.96,1440267049305,"51,237",64% bullish,of 11 ratings,$6
CTSH,$62.85,1440267049354,"3,763,692",90% bullish,of 10 ratings,$75
CGNT,$1.66,1440267049386,"34,162",100% bullish,of 2 ratings,$2
CCOI,$28.31,1440267049518,"322,021",50% bullish,of 4 ratings,$35
CGNX,$35.7,1440267049590,"695,000",50% bullish,of 2 ratings,$47
CHRS,$29.87,1440267049620,"170,994",67% bearish,of 3 ratings,$37
COHR,$57.2,1440267049645,"130,953",50% bullish,of 2 ratings,$72
CLRX,$0.4901,1440267049671,"59,544",50% bullish,of 2 ratings,N/A
CVLY,$20.55,1440267049722,"8,047",Not yet rated,NULL,N/A
COHU,$9.89,1440267049879,"271,999",100% bearish,of 1 rating,$14.25
CLCT,$18.06,1440267049961,"74,153",100% bearish,of 1 rating,N/A
COLL,$15.25,1440267049989,"33,838",100% bearish,of 1 rating,$26
CIGI,$44.35,1440267050010,"9,835",100% bearish,of 1 rating,$52
COLM,$62.63,1440267050230,"170,550",100% bearish,of 1 rating,$71
CLCD,$6.91,1440267050300,"23,570",100% bearish,of 1 rating,$20.50
CMCSA,$56.78,1440267050364,"15,010,891",66% bullish,of 35 ratings,$69.50
CBAN,$8.95,1440267050390,520,Not yet rated,NULL,N/A
COLB,$31.17,1440267050429,"236,131",Not yet rated,NULL,$36
CBMX,$1.21,1440267050466,"39,549",83% bullish,of 6 ratings,$3.15
CMCO,$19.42,1440267050653,"118,644",60% bullish,of 5 ratings,$28
CBSHP,$25.25,1440267050720,"1,462",100% bearish,of 1 rating,N/A
CUBN,$13.6,1440267050756,"2,416",Not yet rated,NULL,N/A
CMCSK,$57.64,1440267050783,"4,128,285",Not yet rated,NULL,$84
CVGI,$4.69,1440267050950,"105,073",50% bullish,of 2 ratings,$6
CBSH,$45.3446,1440267050977,"380,222",50% bullish,of 2 ratings,$46
CSAL,$20.6075,1440267051006,"718,045",75% bullish,of 4 ratings,$30
COMM,$29.31,1440267051058,"1,032,402",67% bearish,of 3 ratings,$35
JCS,$9.21,1440267051140,626,67% bullish,of 3 ratings,N/A
ESXB,$5.12,1440267051237,"12,099",Not yet rated,NULL,N/A
CTBI,$34.8,1440267051466,"47,075",Not yet rated,NULL,$36
COB,$10.42,1440267051495,"21,470",100% bullish,of 1 rating,$11.75
CWBC,$6.78,1440267051523,"5,828",Not yet rated,NULL,N/A
CIZ,$33.33,1440267051554,"5,278",100% bearish,of 1 rating,N/A
CVLT,$36.34,1440267051598,"370,999",75% bullish,of 4 ratings,$44.50
CYHHZ,$0.011,1440267051655,"5,341",100% bullish,of 1 rating,N/A
CIL,$33.53,1440267051727,500,Not yet rated,NULL,N/A
CSA,$33.32,1440267051882,"2,560",Not yet rated,NULL,N/A
CID,$33.93,1440267051910,300,Not yet rated,NULL,N/A
CDC,$35.22,1440267051950,"23,106",Not yet rated,NULL,N/A
CSF,$36.84,1440267052042,"5,120",100% bearish,of 1 rating,N/A
CFO,$35.7,1440267052172,"16,998",100% bearish,of 1 rating,N/A
CFA,$35.77,1440267052256,"2,458",100% bearish,of 1 rating,N/A
CGEN,$5.15,1440267052302,"114,352",50% bullish,of 2 ratings,$11
CSB,NULL,1440267052327,0,Not yet rated,NULL,N/A
CPSI,$45.08,1440267052459,"89,664",100% bearish,of 1 rating,$45.50
SCOR,$56.5,1440267052489,"463,584",100% bearish,of 1 rating,$66
CDL,$34.42,1440267052517,"7,600",Not yet rated,NULL,N/A
CTG,$6.63,1440267052537,"46,409",100% bearish,of 1 rating,$8.50
CMTL,$26.49,1440267052675,"90,800",100% bearish,of 2 ratings,$37
CNSI,$18.79,1440267052774,"160,869",100% bearish,of 2 ratings,$29
CNAT,$4,1440267052816,"134,269",83% bullish,of 6 ratings,$13
CNCE,$15.39,1440267052879,"221,475",75% bullish,of 4 ratings,$22
CHCI,$0.6,1440267052904,"23,882",50% bullish,of 2 ratings,N/A
CXRX,$71.01,1440267053057,"3,584",Not yet rated,NULL,$90
CCUR,$5.18,1440267053156,"18,754",75% bullish,of 4 ratings,N/A
CDORO,NULL,1440267053183,0,100% bearish,of 1 rating,N/A
CDOR,$1.47,1440267053346,"5,359",100% bullish,of 1 rating,N/A
CNFR,$10.42,1440267053403,"16,866",Not yet rated,NULL,N/A
CDORP,$6.7921,1440267053440,800,100% bearish,of 1 rating,N/A
CNMD,$54.8,1440267053461,"186,789",Not yet rated,NULL,$59
CFMS,$21.32,1440267053538,"241,608",Not yet rated,NULL,$27
CTWS,$35.1,1440267053570,"49,177",100% bearish,of 1 rating,$44
CNOB,$19.5,1440267053593,"153,863",100% bullish,of 1 rating,$23.50
CONN,$31.23,1440267053671,"383,835",67% bullish,of 3 ratings,$48.50
CPSS,$5.64,1440267053896,"88,625",100% bullish,of 1 rating,$10
CWCO,$10.65,1440267053921,"129,607",67% bullish,of 3 ratings,$14.50
CNXR,$6.26,1440267053987,"22,458",100% bearish,of 1 rating,$12
CNSL,$20.06,1440267054016,"235,939",100% bearish,of 1 rating,$23
CFRXW,$1.87,1440267054046,"4,588",100% bearish,of 1 rating,N/A
CFRX,$5.14,1440267054124,"29,285",Not yet rated,NULL,$14
CFRXZ,$0.531,1440267054185,"2,550",Not yet rated,NULL,N/A
CTCT,$24.27,1440267054227,"286,115",67% bullish,of 3 ratings,$37
CRBP,$2.13,1440267054464,"925,466",100% bullish,of 2 ratings,$6.25
CPRT,$34.5858,1440267054490,"275,415",67% bearish,of 3 ratings,$40
CTRV,$3.55,1440267054511,"57,680",Not yet rated,NULL,$6.40
CTRL,$7.91,1440267054571,"125,610",50% bullish,of 2 ratings,$11
BVA,$3.75,1440267054656,"3,794",50% bullish,of 2 ratings,N/A
CORT,$4.57,1440267054707,"394,867",67% bullish,of 3 ratings,$12
CORI,$10.8,1440267054814,"63,491",100% bearish,of 1 rating,$18
CORE,$59.8,1440267054894,"94,606",100% bearish,of 1 rating,$72
CSOD,$36.95,1440267054953,"368,582",50% bullish,of 2 ratings,$42
COSI,$1.11,1440267054977,"87,642",100% bullish,of 1 rating,N/A
CRVL,$32.1,1440267055026,"47,501",100% bearish,of 1 rating,N/A
CSGP,$181.61,1440267055051,"73,784",50% bullish,of 2 ratings,$235
COST,$139.357,1440267055186,"2,522,098",79% bullish,of 24 ratings,$154.50
ICBK,$18.6,1440267055216,402,Not yet rated,NULL,$21
CPAH,$0.4625,1440267055316,"11,752",50% bullish,of 2 ratings,N/A
CVTI,$22.53,1440267055643,"149,049",67% bearish,of 3 ratings,$39
CPSH,$2.36,1440267055669,300,Not yet rated,NULL,N/A
COVS,$2.56,1440267055702,"72,882",67% bullish,of 3 ratings,N/A
COWNL,$27.19,1440267055722,"3,700",Not yet rated,NULL,N/A
CBRL,$143.9027,1440267055752,"281,725",50% bullish,of 2 ratings,$155
COWN,$5.1,1440267055800,"839,094",75% bullish,of 4 ratings,$7
CRAI,$22.39,1440267055824,"55,819",Not yet rated,NULL,$36
CRAY,$20.49,1440267055967,"284,812",83% bullish,of 6 ratings,$38.50
BREW,$7.3,1440267056099,"59,792",67% bullish,of 6 ratings,$15
SLVO,$10.46,1440267056145,"9,370",100% bearish,of 1 rating,N/A
CRESY,$10.29,1440267056175,"38,860",100% bearish,of 1 rating,$19
CACC,$192.85,1440267056202,"121,732",50% bullish,of 2 ratings,$158.50
GLDI,$11.09,1440267056281,"41,785",100% bearish,of 1 rating,N/A
CRTO,$43.49,1440267056383,"541,309",67% bullish,of 6 ratings,$64
CREE,$25.45,1440267056454,"1,082,980",65% bullish,of 17 ratings,$29.50
CROX,$14.19,1440267056538,"1,360,754",63% bullish,of 8 ratings,$16.50
CCRN,$14.41,1440267056582,"188,998",100% bearish,of 1 rating,$14.25
CRDS,$1.05,1440267056608,"13,476",50% bullish,of 4 ratings,$4.50
CRWN,$4.56,1440267056738,"130,545",75% bullish,of 4 ratings,N/A
CYRXW,$0.86,1440267056828,"41,500",Not yet rated,NULL,N/A
CRWS,$8.03,1440267056918,"2,485",Not yet rated,NULL,$10
CCLP,$13.8063,1440267056958,"64,248",67% bearish,of 3 ratings,$21
CTCM,$1.71,1440267056987,"372,018",80% bearish,of 5 ratings,$3.90
CSGS,$31.06,1440267057015,"172,648",Not yet rated,NULL,$40
CSPI,$6.18,1440267057039,"3,803",67% bullish,of 3 ratings,N/A
CYRX,$2.88,1440267057066,"35,137",Not yet rated,NULL,$9
CTIC,$1.68,1440267057307,"1,708,372",84% bullish,of 76 ratings,$5.75
CTIB,NULL,1440267057355,0,100% bearish,of 1 rating,N/A
CUNB,$22.03,1440267057402,"49,607",Not yet rated,NULL,$24.50
CTRP,$64.2374,1440267057434,"1,571,691",75% bullish,of 8 ratings,$92
CPIX,$5.87,1440267057703,"3,515",Not yet rated,NULL,N/A
CUI,$4.8908,1440267057734,"121,551",50% bullish,of 2 ratings,$10
CMLS,$1.3,1440267057760,"970,308",50% bullish,of 4 ratings,$6
CVBF,$16.66,1440267057787,"658,942",Not yet rated,NULL,$18
CRIS,$2.57,1440267057808,"442,411",100% bullish,of 8 ratings,$6
CUTR,$14.4,1440267057840,"57,497",67% bearish,of 3 ratings,$18
CYBR,$51.5,1440267058003,"2,002,023",86% bullish,of 7 ratings,$66
CVV,$11.44,1440267058076,"25,260",100% bullish,of 5 ratings,N/A
CYBE,$5.96,1440267058146,"9,802",100% bearish,of 1 rating,N/A
CYAN,$7.3,1440267058172,"5,900",100% bearish,of 1 rating,N/A
CYCC,$0.5699,1440267058201,"125,541",73% bullish,of 11 ratings,N/A
CYBX,$66.48,1440267058252,"561,566",50% bullish,of 4 ratings,$70
CYCCP,NULL,1440267058535,0,100% bearish,of 1 rating,N/A
CBAY,$2.69,1440267058562,"42,788",100% bullish,of 1 rating,$4
CYNA,$16.08,1440267058595,"23,175",100% bullish,of 1 rating,$31.50
CY,$9.447,1440267058623,"3,384,357",80% bullish,of 10 ratings,$15.50
CYNO,$31.99,1440267058651,"242,311",67% bearish,of 3 ratings,$45.50
CYTK,$6.54,1440267058758,"193,233",71% bullish,of 14 ratings,$13.50
CONE,$32.98,1440267058807,"454,437",67% bearish,of 3 ratings,$35
CYRN,$1.64,1440267058835,"253,906",67% bullish,of 3 ratings,$4
CYTX,$0.375,1440267058891,"766,187",83% bullish,of 12 ratings,$5.50
CYTR,$2.18,1440267059023,"755,510",67% bullish,of 6 ratings,$10
TVIZ,$14.69,1440267059089,"3,240",100% bearish,of 1 rating,N/A
DAEG,$0.3443,1440267059114,"4,306",100% bearish,of 1 rating,N/A
CTSO,$6.95,1440267059151,"54,249",Not yet rated,NULL,$15.625
TVIX,$8.99,1440267059281,"19,877,376",81% bullish,of 16 ratings,N/A
XIV,$36.2,1440267059361,"25,218,869",75% bearish,of 4 ratings,N/A
ZIV,$46.57,1440267059415,"149,070",Not yet rated,NULL,N/A
DJCO,$197.2,1440267059441,"1,966",Not yet rated,NULL,N/A
DAKT,$11.7,1440267059576,"198,964",50% bullish,of 2 ratings,$14
DARA,$0.9,1440267059607,"39,987",83% bullish,of 6 ratings,$1.50
DAIO,$2.55,1440267059627,"4,354",Not yet rated,NULL,N/A
DTLK,$5.5,1440267059657,"91,469",100% bearish,of 1 rating,$9
DRAM,$1.4,1440267059783,"5,900",78% bullish,of 9 ratings,N/A
PLAY,$34.47,1440267059810,"228,236",100% bullish,of 5 ratings,$42
DTEA,$13.49,1440267059958,"126,308",100% bearish,of 2 ratings,$24
DWSN,$4.02,1440267060026,"44,331",67% bullish,of 3 ratings,$6
DWCH,$4.97,1440267060084,"77,045",75% bullish,of 4 ratings,$8.25
DBVT,$39.13,1440267060112,"112,606",100% bearish,of 1 rating,$53
TRAK,$62.93,1440267060188,"1,034,755",50% bullish,of 2 ratings,$62.50
DFRG,$14.75,1440267060240,"199,012",100% bearish,of 1 rating,$20
TACO,$13.13,1440267060313,"216,919",100% bullish,of 3 ratings,$20
DHRM,$1.68,1440267060338,"4,586",Not yet rated,NULL,N/A
TACOW,$4.01,1440267060413,"3,651",100% bullish,of 1 rating,N/A
DCTH,$0.48,1440267060491,"110,038",78% bullish,of 9 ratings,N/A
DELT,$2.59,1440267060545,"2,349",Not yet rated,NULL,N/A
DELTW,NULL,1440267060680,0,Not yet rated,NULL,N/A
DENN,$11.6,1440267060706,"551,633",100% bullish,of 3 ratings,$15
DGAS,$20.24,1440267060788,"1,955",67% bearish,of 3 ratings,N/A
XRAY,$53.63,1440267060834,"910,051",100% bullish,of 1 rating,$58
DEPO,$28.75,1440267060990,"1,112,213",60% bullish,of 5 ratings,$29
DSCI,$6.45,1440267061068,"49,351",50% bullish,of 2 ratings,$16
DERM,$24.15,1440267061119,"253,637",100% bearish,of 1 rating,$33.50
DXLG,$4.5,1440267061168,"65,758",100% bearish,of 1 rating,$8
DSWL,$1.75,1440267061193,"10,432",100% bullish,of 1 rating,N/A
DEST,$11.83,1440267061358,"39,808",50% bullish,of 2 ratings,N/A
DXM,$0.32,1440267061396,"22,270",50% bullish,of 2 ratings,N/A
DHXM,NULL,1440267061421,0,Not yet rated,NULL,N/A
DXCM,$89.9992,1440267061446,"957,976",57% bullish,of 7 ratings,$98
DMND,$30.41,1440267061499,"181,308",75% bullish,of 12 ratings,$32
FANG,$66.542,1440267061585,"1,043,554",50% bullish,of 2 ratings,$86
DHIL,$190.8,1440267061614,"18,491",Not yet rated,NULL,N/A
DCIX,$1.74,1440267061795,"92,529",50% bullish,of 4 ratings,$3.50
DMRC,$36.52,1440267061952,"70,922",100% bearish,of 1 rating,$44
DRNA,$10.34,1440267061984,"90,197",67% bearish,of 3 ratings,$25
DRAD,$3.88,1440267062033,"12,681",100% bullish,of 1 rating,$5.25
APPS,$2.36,1440267062083,"204,374",100% bearish,of 1 rating,$10.25
DGLY,$6.75,1440267062107,"241,709",50% bullish,of 6 ratings,$20
DGII,$9.95,1440267062132,"78,052",100% bearish,of 1 rating,$10
DCOM,$16.82,1440267062347,"156,270",100% bearish,of 2 ratings,$16.50
DPRX,$11.95,1440267062374,"18,525",100% bullish,of 2 ratings,$27.75
DIOD,$19.31,1440267062409,"281,801",75% bearish,of 4 ratings,$24
DISCK,$25.9869,1440267062435,"2,884,033",100% bearish,of 1 rating,$32
DISCB,NULL,1440267062504,0,100% bearish,of 1 rating,$35
DISH,$60.9427,1440267062567,"1,735,171",69% bullish,of 13 ratings,$73
DISCA,$27.1,1440267062595,"3,037,195",67% bullish,of 3 ratings,$34
DSCO,$0.4055,1440267062674,"156,711",83% bullish,of 6 ratings,$2.75
DVCR,$10.25,1440267062804,"18,982",100% bullish,of 1 rating,N/A
BAGR,$3.01,1440267062931,"16,511",100% bearish,of 1 rating,$6
DNBF,$27.15,1440267062957,"8,727",Not yet rated,NULL,$27.50
DGICA,$14.4,1440267063030,"16,557",100% bearish,of 1 rating,$17
DLHC,$2.5,1440267063059,"6,270",100% bearish,of 1 rating,N/A
DLTR,$76.3408,1440267063080,"2,448,980",82% bullish,of 11 ratings,$88
DGICB,NULL,1440267063166,0,100% bearish,of 1 rating,N/A
DMLP,$13.9,1440267063272,"47,201",100% bearish,of 1 rating,N/A
DORM,$49.7,1440267063299,"307,182",100% bearish,of 1 rating,$56
HILL,$9.69,1440267063334,"2,314,246",60% bearish,of 5 ratings,$9.75
DWA,$19.0777,1440267063478,"879,680",63% bullish,of 8 ratings,$26
DRWIW,$0.0589,1440267063504,"1,581",Not yet rated,NULL,N/A
DRWI,$0.2625,1440267063525,"193,656",60% bullish,of 5 ratings,$.45
DRYS,$0.357,1440267063582,"1,482,398",77% bullish,of 31 ratings,$.60
DSPG,$8.595,1440267063713,"67,339",100% bearish,of 1 rating,$13.50
CADTR,NULL,1440267063855,0,Not yet rated,NULL,N/A
CADT,$10.02,1440267063920,206,Not yet rated,NULL,N/A
DNKN,$49.874,1440267063947,"1,291,182",67% bullish,of 15 ratings,$56.50
CADTU,NULL,1440267063983,0,Not yet rated,NULL,N/A
CADTW,NULL,1440267064012,0,Not yet rated,NULL,N/A
DTSI,$26.055,1440267064077,"125,141",100% bearish,of 2 ratings,$39.50
DSKX,$3.44,1440267064114,"117,971",100% bullish,of 1 rating,N/A
DYAX,$22.55,1440267064294,"854,965",89% bullish,of 9 ratings,$30
DRRX,$1.99,1440267064337,"346,049",50% bullish,of 6 ratings,$3
BOOM,$9.64,1440267064367,"57,962",67% bullish,of 3 ratings,$12
DXPE,$28.59,1440267064392,"166,279",50% bullish,of 2 ratings,N/A
DYNT,$2.86,1440267064442,"3,600",75% bullish,of 4 ratings,N/A
DYSL,$1.55,1440267064468,"180,829",100% bullish,of 2 ratings,N/A
DVAX,$27.73,1440267064627,"350,077",70% bullish,of 10 ratings,$40
EBMT,$11.53,1440267064683,"19,207",Not yet rated,NULL,$13.50
EGLE,$6,1440267064812,"60,394",60% bullish,of 5 ratings,N/A
EGBN,$42.84,1440267064854,"89,593",Not yet rated,NULL,$48
EGRX,$65.38,1440267064881,"389,557",67% bullish,of 3 ratings,$97
EROC,$1.1,1440267064905,"356,235",50% bullish,of 2 ratings,$3
ETFC,$25.3,1440267064937,"2,489,422",57% bullish,of 14 ratings,$33
ELNK,$8.58,1440267065041,"814,740",60% bullish,of 5 ratings,$9.50
EWBC,$41.405,1440267065108,"1,077,281",100% bearish,of 1 rating,$50
EML,$16.81,1440267065246,"6,029",Not yet rated,NULL,N/A
EBAY,$25.613,1440267065271,"13,096,604",81% bullish,of 117 ratings,$48
EACQU,NULL,1440267065346,0,Not yet rated,NULL,N/A
EBIX,$28.05,1440267065407,"477,773",69% bullish,of 13 ratings,$40
EVBS,$6.45,1440267065432,"6,522",Not yet rated,NULL,$7
ELON,$0.545,1440267065479,"64,729",50% bullish,of 2 ratings,N/A
ECHO,$24.82,1440267065574,"412,036",67% bearish,of 3 ratings,$35.50
SATS,$45.42,1440267065658,"155,588",50% bullish,of 2 ratings,$60
ECTE,$1.63,1440267065705,"78,541",75% bullish,of 4 ratings,N/A
EEI,$11.09,1440267065795,"4,741",67% bearish,of 3 ratings,N/A
EDGW,$7.14,1440267065832,"35,959",100% bearish,of 1 rating,N/A
ECACU,$10.1,1440267065858,"1,738",Not yet rated,NULL,N/A
EDAP,$3.085,1440267065934,"136,353",60% bullish,of 5 ratings,$4.50
EDUC,$4.59,1440267066110,"7,183",100% bearish,of 1 rating,N/A
ESES,$3.45,1440267066138,"8,309",100% bearish,of 1 rating,$7
EFUT,NULL,1440267066187,0,Not yet rated,NULL,N/A
EGAN,$3.47,1440267066245,"10,092",50% bullish,of 2 ratings,$6.25
EHTH,$14.08,1440267066269,"414,120",50% bullish,of 4 ratings,$16.50
EMITF,$1.29,1440267066436,"7,100",75% bullish,of 4 ratings,N/A
EGLT,$11.42,1440267066511,"23,570",50% bullish,of 2 ratings,$21
LOCO,$12.26,1440267066542,"1,085,303",69% bullish,of 13 ratings,$20
ESLT,$80.34,1440267066572,"5,018",100% bullish,of 2 ratings,N/A
ERI,$9.6,1440267066593,"124,258",100% bearish,of 1 rating,$10
ELRC,$10.65,1440267066623,"75,948",100% bearish,of 1 rating,N/A
EFII,$43.93,1440267066650,"255,202",80% bullish,of 5 ratings,$55
ESIO,$4.58,1440267066679,"42,139",50% bullish,of 2 ratings,$10
EA,$66.47,1440267066823,"3,731,767",77% bullish,of 35 ratings,$80
ELEC,NULL,1440267066956,0,Not yet rated,NULL,N/A
ELSE,$4.02,1440267066981,"1,000",60% bullish,of 5 ratings,N/A
ELECW,NULL,1440267067108,0,Not yet rated,NULL,N/A
EBIO,$3.39,1440267067207,"858,193",100% bearish,of 2 ratings,$8.35
CAPX,$22.63,1440267067422,"1,168",Not yet rated,NULL,N/A
EMCI,$23,1440267067480,"15,824",Not yet rated,NULL,N/A
LONG,$17.39,1440267067505,"18,568",67% bullish,of 3 ratings,$15.75
ESBK,$19.8,1440267067533,879,Not yet rated,NULL,N/A
EMCF,NULL,1440267067563,0,100% bearish,of 1 rating,N/A
RDEN,$10.38,1440267067590,"93,838",100% bearish,of 4 ratings,$15
EMKR,$7.16,1440267067662,"129,455",75% bullish,of 4 ratings,$8.50
EMMS,$1.28,1440267067848,"12,299",67% bullish,of 6 ratings,N/A
ELTK,$1.04,1440267067873,"51,304",67% bearish,of 3 ratings,N/A
EMMSP,$3.25,1440267067897,400,100% bearish,of 1 rating,N/A
ELECU,NULL,1440267067921,0,Not yet rated,NULL,N/A
NYNY,$4.06,1440267068069,"74,163",50% bullish,of 2 ratings,N/A
WIRE,$32.7,1440267068236,"124,660",100% bearish,of 1 rating,$37
ERS,$2.86,1440267068271,"1,336",Not yet rated,NULL,N/A
ENTA,$40.22,1440267068292,"172,455",50% bullish,of 2 ratings,$42
ECPG,$39.21,1440267068330,"126,955",100% bullish,of 2 ratings,$52
ENDP,$76.6008,1440267068352,"2,114,082",50% bullish,of 6 ratings,$104
ECYT,$5.2,1440267068384,"252,908",83% bullish,of 6 ratings,$12
ELGX,$13.15,1440267068406,"557,451",75% bullish,of 4 ratings,$17
EIGI,$15.18,1440267068440,"788,018",67% bearish,of 3 ratings,$22.50
WATT,$6.74,1440267068617,"109,967",50% bullish,of 2 ratings,$13
ERII,$2.89,1440267068681,"84,939",80% bullish,of 5 ratings,$2.50
EFOI,$15.8,1440267068707,"328,386",50% bullish,of 2 ratings,$20.50
ENOC,$8.08,1440267068880,"211,114",75% bullish,of 4 ratings,$18
ENPH,$4.42,1440267068982,"567,322",75% bullish,of 4 ratings,$11
ENTL,$21.44,1440267069023,"15,857",Not yet rated,NULL,$28
ESGR,$151,1440267069047,"69,547",100% bearish,of 1 rating,$185
ENFC,$18.34,1440267069073,"2,236",Not yet rated,NULL,N/A
ENG,$1.02,1440267069095,"5,407",100% bullish,of 3 ratings,N/A
ENTG,$13.72,1440267069227,"439,650",100% bearish,of 1 rating,$18
ETRM,$0.2331,1440267069317,"441,727",69% bearish,of 35 ratings,$1.625
EXXI,$1.44,1440267069350,"1,757,742",86% bullish,of 7 ratings,$3.50
EBTC,$20.07,1440267069397,"8,123",Not yet rated,NULL,N/A
EFSC,$24.75,1440267069426,"69,838",Not yet rated,NULL,$27
ENVI,$1.85,1440267069451,"15,528",67% bullish,of 3 ratings,N/A
EGT,$2.09,1440267069582,"1,500",100% bullish,of 1 rating,N/A
ENZN,$1,1440267069722,"766,555",100% bullish,of 9 ratings,N/A
ENZY,$8.98,1440267069755,"9,946",67% bullish,of 3 ratings,$9.50
EPIQ,$13.87,1440267069781,"92,324",100% bearish,of 1 rating,$18
EPZM,$15.93,1440267069852,"285,509",60% bullish,of 5 ratings,$34
EPRS,$4.76,1440267069881,"74,298",82% bullish,of 11 ratings,$15
PLUS,$77.81,1440267069955,"952,339",50% bullish,of 2 ratings,$88
EQIX,$273,1440267069980,"589,444",75% bullish,of 4 ratings,$312.50
EQFN,$8.3,1440267070110,300,Not yet rated,NULL,N/A
EAC,$3.67,1440267070135,"15,388",100% bearish,of 1 rating,$8
ERIC,$9.83,1440267070166,"2,368,815",63% bullish,of 8 ratings,$12.20
ERIE,$84.5099,1440267070205,"26,146",Not yet rated,NULL,$73
ESCA,$18.35,1440267070233,"25,641",100% bearish,of 1 rating,$22
ESCRP,$1.65,1440267070306,"5,017",100% bearish,of 1 rating,N/A
ESCR,$0.14,1440267070367,"63,314",50% bullish,of 2 ratings,N/A
ESMC,$1.33,1440267070519,502,Not yet rated,NULL,N/A
ESSA,$12.45,1440267070608,"16,679",100% bearish,of 1 rating,N/A
ESPR,$54.47,1440267070648,"1,355,738",67% bearish,of 9 ratings,$123
ESND,$35.095,1440267070710,"147,368",100% bearish,of 2 ratings,$40
ESSX,$0.5249,1440267070734,"6,504",50% bullish,of 2 ratings,N/A
EPIX,$6.1,1440267070781,"1,200",Not yet rated,NULL,N/A
ETSY,$13.46,1440267070805,"796,058",80% bullish,of 5 ratings,$16
CLWT,NULL,1440267070962,0,100% bearish,of 1 rating,N/A
EEFT,$64.81,1440267071009,"236,603",100% bearish,of 1 rating,$67.50
ESEA,$6.15,1440267071033,"3,082",100% bullish,of 1 rating,$15
EVK,$3.74,1440267071064,982,75% bearish,of 4 ratings,N/A
EVLV,$2.14,1440267071167,"85,207",60% bullish,of 5 ratings,$6.50
EVEP,$7.26,1440267071192,"294,425",50% bullish,of 2 ratings,$15
EVOK,$4,1440267071251,"114,285",100% bearish,of 1 rating,$13.375
EVOL,$5.85,1440267071383,"13,690",75% bullish,of 4 ratings,$10
EXA,$10.73,1440267071470,"22,120",100% bearish,of 1 rating,$13
EXAS,$20.31,1440267071647,"1,234,918",78% bullish,of 9 ratings,$31
EXAC,$18.17,1440267071674,"136,951",100% bearish,of 1 rating,$22.50
EXFO,$2.9,1440267071824,"3,300",67% bearish,of 3 ratings,$3.95
EXEL,$5.25,1440267071848,"5,463,517",81% bullish,of 16 ratings,$6
EXLS,$36.55,1440267071900,"207,530",100% bullish,of 1 rating,$41
EXPE,$114.6,1440267071925,"1,238,899",64% bullish,of 11 ratings,$130
EXPO,$42.83,1440267072054,"146,412",100% bearish,of 1 rating,$45.50
EXPD,$48.2,1440267072081,"1,810,722",80% bullish,of 5 ratings,$51.50
ESRX,$84.81,1440267072132,"5,163,905",67% bearish,of 6 ratings,$101
EXTR,$2.85,1440267072277,"805,798",80% bullish,of 5 ratings,$3
EYEG,$4.17,1440267072307,"19,980",Not yet rated,NULL,N/A
EYEGW,$1.24,1440267072327,800,Not yet rated,NULL,N/A
EZCH,$21.4963,1440267072359,"127,057",75% bullish,of 8 ratings,$19.50
EXLP,$18.2,1440267072379,"94,863",100% bearish,of 1 rating,$27
EZPW,$6.08,1440267072520,"351,949",50% bullish,of 4 ratings,$7.50
FFIV,$122.51,1440267072545,"846,241",63% bullish,of 8 ratings,$132
FB,$85.88,1440267072726,"39,696,768",73% bullish,of 1066 ratings,$111
FCS,$13.14,1440267072758,"1,086,086",67% bearish,of 3 ratings,$17
FRP,$16.9,1440267072779,"50,706",100% bearish,of 1 rating,$18
FWM,$2.25,1440267072864,"178,419",100% bearish,of 2 ratings,$3.20
FFKT,$26.79,1440267072907,"20,439",Not yet rated,NULL,$29
FALC,$1.65,1440267072931,"10,845",63% bearish,of 8 ratings,N/A
FARM,$22.62,1440267072964,"21,053",100% bearish,of 1 rating,$35
FAST,$39.1,1440267073093,"3,000,801",80% bullish,of 5 ratings,$46
FARO,$38.92,1440267073120,"118,530",50% bullish,of 2 ratings,$48
DAVE,$14.36,1440267073150,"19,659",100% bearish,of 1 rating,$15.50
FMNB,$8.03,1440267073252,"3,562",Not yet rated,NULL,N/A
FBRC,$22.24,1440267073390,"44,108",100% bearish,of 1 rating,$29
FATE,$6.24,1440267073416,"82,980",50% bullish,of 2 ratings,$11
FBSS,NULL,1440267073465,0,Not yet rated,NULL,N/A
FNHC,$21.92,1440267073560,"80,132",100% bearish,of 1 rating,$35
FDML,$8.96,1440267073627,"230,349",50% bullish,of 4 ratings,$14
FEIC,$77.57,1440267073776,"344,496",50% bullish,of 2 ratings,$95.50
FHCO,$1.43,1440267073817,"18,402",50% bullish,of 4 ratings,N/A
FGEN,$22.96,1440267073904,"374,029",100% bearish,of 1 rating,$39
FCSC,$5.86,1440267073945,"212,270",100% bearish,of 1 rating,$8.125
ONEQ,$185.63,1440267073997,"41,902",100% bullish,of 1 rating,N/A
LION,$19.31,1440267074018,"108,630",100% bullish,of 1 rating,$20
FENX,$9.84,1440267074049,"59,141",100% bullish,of 1 rating,$14.25
FRGI,$51.57,1440267074179,"149,676",50% bullish,of 2 ratings,$70
FSAM,$8.56,1440267074206,"20,457",100% bearish,of 1 rating,$11
FDUS,$14.42,1440267074237,"64,363",100% bullish,of 1 rating,$18
FSC,$6.42,1440267074346,"839,385",75% bullish,of 4 ratings,$8
FSCFL,$24.7,1440267074377,"11,419",Not yet rated,NULL,N/A
FSFR,$8.92,1440267074402,"131,626",100% bearish,of 1 rating,$11.50
FITBI,$27.68,1440267074609,"5,800",Not yet rated,NULL,N/A
FITB,$19.7,1440267074635,"7,100,591",54% bullish,of 13 ratings,$22
FNGN,$33.616,1440267074698,"485,960",67% bullish,of 3 ratings,$47
FNSR,$15.33,1440267074776,"1,137,273",71% bullish,of 7 ratings,$24.50
FISI,$24.77,1440267074805,"41,074",100% bullish,of 2 ratings,$24.50
FNJN,$1.66,1440267074862,"15,161",100% bearish,of 1 rating,$5
FNTCW,NULL,1440267074902,0,Not yet rated,NULL,N/A
FNTC,NULL,1440267074957,0,Not yet rated,NULL,N/A
FEYE,$37,1440267075009,"7,331,774",87% bullish,of 15 ratings,$55.50
FNTCU,NULL,1440267075114,0,Not yet rated,NULL,N/A
FRBA,$6.02,1440267075167,611,Not yet rated,NULL,$8
FBNC,$16.81,1440267075196,"59,972",100% bullish,of 1 rating,$20
FNLC,$18.46,1440267075217,"17,421",100% bullish,of 1 rating,N/A
BUSE,$6.37,1440267075352,"197,401",Not yet rated,NULL,$6.875
FBIZ,$44.04,1440267075377,"28,467",100% bearish,of 2 ratings,$52
FCVA,$4.75,1440267075401,"1,132",Not yet rated,NULL,N/A
FCNCA,$241.45,1440267075536,"17,885",Not yet rated,NULL,N/A
FCFS,$38.15,1440267075565,"157,660",100% bearish,of 2 ratings,$48
FCAP,$26.55,1440267075596,226,Not yet rated,NULL,N/A
FCLF,$9.08,1440267075668,55,Not yet rated,NULL,N/A
FCFP,$6.9,1440267076054,"2,500",Not yet rated,NULL,N/A
FCCO,$12.11,1440267076079,202,Not yet rated,NULL,$13.25
FBNK,$16.65,1440267076103,"60,146",100% bearish,of 1 rating,$17.50
FCBC,$17.88,1440267076128,"60,860",Not yet rated,NULL,$18
FDEF,$38.3,1440267076258,"42,408",Not yet rated,NULL,$38
FFNM,$6.32,1440267076318,"3,040",Not yet rated,NULL,N/A
FFBC,$18.76,1440267076345,"176,775",67% bearish,of 3 ratings,$20.25
FFIN,$31.1263,1440267076421,"286,801",50% bullish,of 2 ratings,$31.75
FFWM,$21.44,1440267076474,"10,014",Not yet rated,NULL,$24
FFNW,$12.46,1440267076502,"21,487",Not yet rated,NULL,$14
FFBCW,NULL,1440267076530,0,100% bearish,of 1 rating,N/A
THFF,$33.27,1440267076554,"47,577",Not yet rated,NULL,$35
FIBK,$26.83,1440267076722,"83,623",Not yet rated,NULL,$32
FRME,$25.47,1440267076747,"199,009",Not yet rated,NULL,$26.50
INBK,$32.43,1440267076779,"13,595",50% bullish,of 2 ratings,$37
FMBH,NULL,1440267076803,0,Not yet rated,NULL,N/A
FMBI,$17.84,1440267077076,"374,767",Not yet rated,NULL,$20
FNBC,$34.45,1440267077112,"116,074",Not yet rated,NULL,$41.50
FSLR,$45.5,1440267077141,"2,207,203",74% bullish,of 39 ratings,$65
FNFG,$9.2289,1440267077171,"1,658,831",80% bullish,of 5 ratings,$9
FSBK,$7.93,1440267077199,"1,441",100% bullish,of 1 rating,N/A
FNWB,$12.08,1440267077227,"8,662",Not yet rated,NULL,N/A
FSGI,$2.45,1440267077254,"4,889",Not yet rated,NULL,N/A
FSFG,$30.1754,1440267077303,729,Not yet rated,NULL,N/A
BICK,$19.6,1440267077442,"1,801",100% bullish,of 1 rating,N/A
FBZ,NULL,1440267077574,0,Not yet rated,NULL,N/A
FTCS,$36.65,1440267077599,"33,745",Not yet rated,NULL,N/A
FCAN,$24.47,1440267077624,964,Not yet rated,NULL,N/A
IFV,$17.6,1440267077788,"2,040,199",100% bearish,of 1 rating,N/A
FV,$23.23,1440267077847,"4,139,653",Not yet rated,NULL,N/A
FCA,$20,1440267077875,"2,607",Not yet rated,NULL,N/A
FEMB,NULL,1440267077917,0,Not yet rated,NULL,N/A
FEUZ,$30.69,1440267077973,"5,731",Not yet rated,NULL,N/A
FTSM,$59.9,1440267078002,"20,701",100% bearish,of 1 rating,N/A
MDIV,$19.22,1440267078075,"565,706",Not yet rated,NULL,N/A
TDIV,$24.46,1440267078131,"449,109",100% bearish,of 1 rating,N/A
FGM,$35.03,1440267078164,"69,317",Not yet rated,NULL,N/A
FTGC,$22.05,1440267078260,"122,767",Not yet rated,NULL,N/A
FTHI,$19.4,1440267078286,"10,468",Not yet rated,NULL,N/A
HYLS,$49.21,1440267078450,"102,494",100% bearish,of 1 rating,N/A
FHK,$32.72,1440267078478,"128,700",Not yet rated,NULL,N/A
SKYY,$28.68,1440267078582,"76,557",100% bullish,of 1 rating,N/A
PLTM,$6.66,1440267078655,"3,862",100% bearish,of 1 rating,N/A
CU,$12.76,1440267078688,"13,066",100% bearish,of 1 rating,N/A
YDIV,$16.62,1440267078709,"2,670",Not yet rated,NULL,N/A
FPXI,$27.51,1440267078788,"1,318",Not yet rated,NULL,N/A
FTLB,$19.28,1440267078836,"2,451",100% bearish,of 1 rating,N/A
FJP,$46.13,1440267078863,"49,025",Not yet rated,NULL,N/A
LMBS,$50.49,1440267078925,862,Not yet rated,NULL,N/A
FMB,$51.195,1440267078958,"1,778",Not yet rated,NULL,N/A
QABA,$38.13,1440267079056,"44,503",100% bearish,of 1 rating,N/A
CIBR,$18.04,1440267079106,"162,032",Not yet rated,NULL,N/A
FONE,$34.05,1440267079242,"1,800",Not yet rated,NULL,N/A
QCLN,$14.54,1440267079327,"17,473",Not yet rated,NULL,N/A
GRID,$33.62,1440267079374,834,100% bearish,of 1 rating,N/A
CARZ,$34.42,1440267079457,"11,011",100% bearish,of 1 rating,N/A
QQEW,$41.94,1440267079505,"313,108",Not yet rated,NULL,N/A
RDVY,$21.64,1440267079554,"318,269",Not yet rated,NULL,N/A
AIRR,$16.37,1440267079588,"9,058",100% bearish,of 1 rating,N/A
QQXT,$40.09,1440267079636,"60,503",Not yet rated,NULL,N/A
QTEC,$39.35,1440267079685,"147,804",Not yet rated,NULL,N/A
QINC,$20.71,1440267079709,"1,700",Not yet rated,NULL,N/A
FTSL,$48.8,1440267079844,"33,452",100% bearish,of 1 rating,N/A
FKO,$22.32,1440267079871,"3,700",Not yet rated,NULL,N/A
FDIV,$47.59,1440267079951,"6,143",100% bearish,of 1 rating,N/A
FSZ,$38.85,1440267079997,"76,690",Not yet rated,NULL,N/A
FTW,$29.425,1440267080129,"1,534",Not yet rated,NULL,N/A
TUSA,$25.08,1440267080199,"4,920",Not yet rated,NULL,N/A
FKU,$41.6,1440267080229,"86,339",Not yet rated,NULL,N/A
SVVC,$10.15,1440267080298,"36,001",100% bullish,of 1 rating,$26
FIVE,$35.34,1440267080333,"409,909",75% bearish,of 4 ratings,$44
FMER,$17.6579,1440267080358,"1,802,777",50% bullish,of 2 ratings,$20
FUNC,$8.33,1440267080386,"3,636",Not yet rated,NULL,N/A
FSV,$31.87,1440267080426,"12,538",Not yet rated,NULL,$33.60
FISV,$84.87,1440267080505,"1,522,717",100% bearish,of 3 ratings,$90
FIVN,$4.11,1440267080654,"185,266",100% bullish,of 1 rating,$8.50
FPRX,$18.26,1440267080684,"303,751",50% bullish,of 2 ratings,$35
FLML,$21.11,1440267080705,"134,027",50% bullish,of 2 ratings,$30
FLXN,$24.39,1440267080790,"86,363",100% bearish,of 1 rating,$40
FLKS,$13.13,1440267080845,"55,627",50% bullish,of 2 ratings,$27
SKOR,$50.52,1440267080975,"1,000",Not yet rated,NULL,N/A
FLXS,$30.45,1440267081008,"36,609",100% bearish,of 2 ratings,N/A
MBSD,NULL,1440267081030,0,Not yet rated,NULL,N/A
FLEX,$10.51,1440267081062,"2,454,407",63% bullish,of 8 ratings,$12
FLDM,$12.54,1440267081090,"686,894",67% bearish,of 3 ratings,$21.50
FLIR,$28.75,1440267081123,"720,631",100% bearish,of 1 rating,$38.50
FFIC,$20.38,1440267081164,"69,120",Not yet rated,NULL,$21
FOGO,$18.84,1440267081223,"114,696",50% bullish,of 2 ratings,$25.50
FOMX,$9.79,1440267081358,"135,576",50% bullish,of 2 ratings,$23.50
FES,$0.92,1440267081415,"4,841",50% bullish,of 2 ratings,$1
FONR,$9.54,1440267081461,"18,526",100% bullish,of 1 rating,N/A
FORTY,$32.4,1440267081594,"4,710",Not yet rated,NULL,N/A
FORR,$32.21,1440267081623,"52,356",Not yet rated,NULL,N/A
FORM,$6,1440267081657,"267,226",67% bullish,of 3 ratings,$10.50
FWRD,$46.8,1440267081726,"307,366",100% bearish,of 1 rating,$50
FTNT,$42.98,1440267081753,"1,928,364",80% bullish,of 10 ratings,$52
FBIO,$2.51,1440267081797,"188,268",83% bullish,of 6 ratings,N/A
FORD,$1.04,1440267081931,"120,974",50% bullish,of 2 ratings,N/A
FOSL,$59.15,1440267081979,"1,014,809",50% bullish,of 4 ratings,$80
FWP,$25.67,1440267082010,"46,088",100% bearish,of 1 rating,$45
FMI,$21.61,1440267082031,"391,770",100% bearish,of 2 ratings,$27.50
FXCB,$17.3,1440267082113,"17,445",Not yet rated,NULL,$19
FOXF,$15.28,1440267082220,"65,653",100% bearish,of 1 rating,$19
FRAN,$10.24,1440267082346,"689,114",50% bullish,of 4 ratings,$15
FELE,$28.92,1440267082374,"341,251",50% bullish,of 4 ratings,$33
FREE,$0.43,1440267082442,"823,292",92% bullish,of 12 ratings,N/A
FRED,$14.505,1440267082473,"342,264",50% bullish,of 2 ratings,$16.50
FEIM,$11.17,1440267082542,"8,777",100% bearish,of 1 rating,N/A
FTR,$5.2,1440267082602,"19,477,135",78% bullish,of 27 ratings,$6.25
RAIL,$20.87,1440267082677,"125,948",100% bearish,of 1 rating,$24.50
FRPT,$13,1440267082702,"495,123",67% bearish,of 3 ratings,$23.50
FTRPR,$102.05,1440267082744,"61,829",100% bearish,of 1 rating,N/A
FRPH,$30.33,1440267082832,"14,572",100% bearish,of 1 rating,N/A
FTD,$29.45,1440267082870,"149,230",100% bearish,of 1 rating,$40
FSYS,$6.38,1440267082963,"45,792",67% bullish,of 3 ratings,$10
FSBW,$23.34,1440267082991,"2,300",Not yet rated,NULL,N/A
FTEK,$2.16,1440267083017,"40,018",75% bullish,of 4 ratings,N/A
FCEL,$0.7366,1440267083221,"1,658,337",88% bullish,of 40 ratings,$2.65
FULL,$3.14,1440267083280,"56,049",67% bearish,of 3 ratings,$4.25
FLL,$1.58,1440267083357,"14,473",75% bullish,of 4 ratings,$2.825
FULT,$12.4385,1440267083390,"1,361,369",100% bearish,of 1 rating,$13
FSNN,$2.61,1440267083411,"1,800",67% bullish,of 3 ratings,$6
FULLL,$25.3,1440267083492,"2,099",Not yet rated,NULL,N/A
FXEN,$0.82,1440267083516,"170,889",75% bullish,of 4 ratings,$1.10
FXENP,$15.9,1440267083561,"2,740",100% bearish,of 1 rating,N/A
WILC,$5.06,1440267083989,"5,946",100% bullish,of 2 ratings,N/A
GK,$70.3,1440267084020,"83,887",Not yet rated,NULL,$78
GALTU,NULL,1440267084091,0,100% bearish,of 1 rating,N/A
GLPG,$61.54,1440267084117,"27,887",100% bullish,of 1 rating,$75
GAIA,$5.86,1440267084146,"23,978",50% bullish,of 2 ratings,$8.50
FFHL,NULL,1440267084171,0,50% bullish,of 4 ratings,N/A
GALT,$1.99,1440267084248,"104,198",80% bullish,of 5 ratings,N/A
GALE,$1.34,1440267084379,"1,297,229",89% bullish,of 47 ratings,$4
GALTW,NULL,1440267084407,0,100% bullish,of 1 rating,N/A
GLMD,$8.52,1440267084474,"7,887",67% bullish,of 3 ratings,$20.50
GLPI,$31.6262,1440267084503,"495,016",100% bearish,of 1 rating,$37.50
GPIC,$11.09,1440267084536,8,100% bearish,of 1 rating,N/A
GRMN,$38.26,1440267084561,"1,619,493",50% bullish,of 6 ratings,$48
GGAC,NULL,1440267084632,0,100% bearish,of 1 rating,N/A
GGACU,NULL,1440267084703,0,Not yet rated,NULL,N/A
GGACR,NULL,1440267084729,0,100% bullish,of 1 rating,N/A
GENC,$9.48,1440267084975,"1,326",100% bearish,of 1 rating,N/A
GGACW,$0.12,1440267085020,438,Not yet rated,NULL,N/A
GARS,$14.82,1440267085046,"25,735",Not yet rated,NULL,$16
GNCMA,$16.75,1440267085085,"180,927",100% bearish,of 1 rating,$12
GFNCP,NULL,1440267085111,0,Not yet rated,NULL,N/A
GFNSL,$25.8,1440267085179,"1,200",Not yet rated,NULL,N/A
GFN,$3.59,1440267085206,"35,382",100% bearish,of 2 ratings,$8
GENE,$2.36,1440267085228,"148,645",100% bullish,of 12 ratings,N/A
GNMK,$9.4,1440267085429,"146,170",67% bullish,of 6 ratings,$14
GNCA,$12.48,1440267085477,"168,679",100% bearish,of 1 rating,$20
GHDX,$25.37,1440267085565,"139,056",50% bullish,of 2 ratings,$30
THRM,$44.01,1440267085593,"309,602",75% bearish,of 4 ratings,$55.50
GNTX,$15.0882,1440267085673,"1,731,017",Not yet rated,NULL,$20
GTWN,NULL,1440267085720,0,Not yet rated,NULL,N/A
GNVC,$2.24,1440267085751,"34,502",90% bullish,of 10 ratings,$8.50
GEOS,$15.3,1440267085854,"116,850",100% bearish,of 3 ratings,$25.50
GABC,$29.73,1440267085893,"47,076",Not yet rated,NULL,$31.50
GEVO,$2.29,1440267085990,"240,735",75% bullish,of 12 ratings,$5
GERN,$3.08,1440267086018,"2,161,517",88% bullish,of 16 ratings,$5.25
ROCK,$17.57,1440267086098,"235,847",80% bullish,of 5 ratings,$24
GIGM,$0.6,1440267086148,"112,719",100% bullish,of 2 ratings,N/A
GIGA,$1.42,1440267086233,"46,287",100% bearish,of 1 rating,N/A
GIII,$64.77,1440267086287,"271,077",67% bullish,of 3 ratings,$75
GILT,$4.47,1440267086369,"2,023",50% bullish,of 2 ratings,N/A
GBCI,$26.4218,1440267086418,"334,049",50% bullish,of 2 ratings,$31
GILD,$105.383,1440267086450,"15,611,252",91% bullish,of 87 ratings,$129
GLADO,$25.59,1440267086552,"3,000",Not yet rated,NULL,N/A
GLAD,$8.51,1440267086579,"155,251",50% bullish,of 2 ratings,$8.75
GOODN,$25.64,1440267086713,426,Not yet rated,NULL,N/A
GOODO,$25.1,1440267086771,"1,266",Not yet rated,NULL,N/A
GOOD,$15.44,1440267086824,"98,286",Not yet rated,NULL,$19
GOODP,$25.14,1440267086845,"1,250",Not yet rated,NULL,N/A
GAIN,$7.47,1440267086865,"246,309",100% bullish,of 2 ratings,$8.25
GAINN,$25.2379,1440267086996,150,Not yet rated,NULL,N/A
GAINO,$25.31,1440267087026,"1,726",Not yet rated,NULL,N/A
GAINP,$25.85,1440267087056,"3,950",Not yet rated,NULL,N/A
GLBZ,NULL,1440267087162,0,Not yet rated,NULL,N/A
LAND,$9.5,1440267087215,"16,439",50% bullish,of 2 ratings,$13.75
GBT,$45.75,1440267087299,"252,564",100% bearish,of 1 rating,N/A
GPACU,$10.1,1440267087431,"2,854",Not yet rated,NULL,N/A
GDEF,$10.5401,1440267087457,100,Not yet rated,NULL,N/A
GBLI,$26.25,1440267087488,"16,164",Not yet rated,NULL,N/A
GSOL,$8.26,1440267087517,"15,789",100% bearish,of 1 rating,N/A
ENT,$11.73,1440267087593,"196,363",100% bearish,of 1 rating,$18
ACTX,$13.25,1440267087620,600,100% bullish,of 1 rating,N/A
QQQC,$19.26,1440267087751,"4,950",100% bearish,of 1 rating,N/A
SOCL,$17.18,1440267087784,"100,120",100% bullish,of 2 ratings,N/A
SRET,$13.6,1440267087820,"4,194",Not yet rated,NULL,N/A
YLCO,$11.75,1440267087853,"1,235",Not yet rated,NULL,N/A
ALTY,$14.587,1440267087884,700,Not yet rated,NULL,N/A
GAI,$5.27,1440267087950,"3,415",50% bullish,of 2 ratings,N/A
GSM,$13.26,1440267087981,"403,098",50% bullish,of 2 ratings,$24.50
GBIM,$2.26,1440267088243,"43,964",50% bullish,of 2 ratings,N/A
GLRI,$1.1,1440267088272,"80,101",100% bearish,of 1 rating,$6
GLUU,$4.37,1440267088307,"2,317,587",92% bullish,of 26 ratings,$9
GOGO,$15.48,1440267088405,"479,979",80% bullish,of 5 ratings,$25
GLBS,$1.06,1440267088434,"10,500",67% bullish,of 3 ratings,N/A
GLYC,$7.26,1440267088460,"7,663",50% bullish,of 2 ratings,$14
GLNG,$35.44,1440267088481,"792,592",83% bullish,of 6 ratings,$58
GLDC,$4.13,1440267088656,"3,480",50% bullish,of 2 ratings,N/A
GMLP,$19.13,1440267088684,"137,734",50% bullish,of 4 ratings,$32.50
GOGL,$2.92,1440267088741,"540,722",75% bullish,of 4 ratings,$5
GDEN,$8.88,1440267088821,"11,961",50% bullish,of 2 ratings,N/A
GBDC,$16.5151,1440267088879,"145,009",Not yet rated,NULL,$17.75
GTIM,$6.47,1440267088919,"80,995",Not yet rated,NULL,$11.50
GOOG,$616,1440267088945,"2,256,491",90% bullish,of 68 ratings,$825
GOOGL,$647,1440267089126,"2,533,646",88% bullish,of 1079 ratings,$749
GPIAU,NULL,1440267089193,0,Not yet rated,NULL,N/A
GPRO,$48.84,1440267089222,"5,811,963",78% bullish,of 58 ratings,$72
GPIA,NULL,1440267089255,0,Not yet rated,NULL,N/A
GMAN,$4.4,1440267089295,"71,999",60% bullish,of 5 ratings,$8
GPIAW,NULL,1440267089395,0,Not yet rated,NULL,N/A
GRVY,$3.43,1440267089457,"1,202",50% bullish,of 2 ratings,N/A
LOPE,$37.1955,1440267089482,"420,323",100% bearish,of 2 ratings,$50
GBSN,$1.46,1440267089563,"747,556",100% bearish,of 1 rating,$8.25
GLDD,$5.39,1440267089692,"288,709",100% bearish,of 4 ratings,$7.75
GSBC,$40.6,1440267089740,"36,220",100% bullish,of 1 rating,$44
GNBC,$12.08,1440267089776,"33,737",100% bearish,of 1 rating,$17
GBSNU,$16,1440267089803,"22,548",Not yet rated,NULL,N/A
GRBK,$13.35,1440267089935,"154,269",77% bullish,of 13 ratings,N/A
GPRE,$18.8277,1440267089962,"832,352",67% bullish,of 6 ratings,$28.50
GRIF,$30.945,1440267090095,209,100% bearish,of 1 rating,N/A
GCBC,NULL,1440267090122,0,100% bullish,of 1 rating,N/A
GLRE,$24.86,1440267090143,"262,384",50% bullish,of 2 ratings,$41
GRFS,$30.3,1440267090179,"180,141",50% bullish,of 2 ratings,$35
GPP,$14.94,1440267090275,"24,630",Not yet rated,NULL,$20.50
GRPN,$4.077,1440267090304,"7,070,465",61% bullish,of 71 ratings,$6.75
OMAB,$39.57,1440267090341,"24,030",100% bullish,of 1 rating,$44
GSIG,$13.11,1440267090514,"71,415",100% bearish,of 2 ratings,N/A
GSIT,$4.97,1440267090543,"9,824",100% bearish,of 1 rating,N/A
GGAL,$18.96,1440267090569,"423,209",80% bullish,of 5 ratings,$40
GSVC,$8.56,1440267090649,"118,374",50% bullish,of 2 ratings,$14.50
GBNK,$15.76,1440267090718,"43,034",100% bearish,of 1 rating,$18
GFED,$14.94,1440267090794,10,Not yet rated,NULL,$17
GUID,$7.29,1440267090820,"187,217",100% bearish,of 3 ratings,$10
GTXI,$0.83,1440267090895,"67,416",100% bullish,of 5 ratings,$.75
GULTU,$0.2905,1440267090921,"102,116",100% bearish,of 1 rating,N/A
GIFI,$11.97,1440267090951,"46,892",100% bearish,of 1 rating,$16
GPOR,$33.8159,1440267091057,"937,085",75% bullish,of 4 ratings,$55
GWPH,$104.03,1440267091092,"200,237",78% bullish,of 9 ratings,$148.50
GURE,$1.62,1440267091243,"151,052",88% bullish,of 8 ratings,N/A
GWGH,$7.35,1440267091308,"1,284",100% bearish,of 1 rating,$15.05
GYRO,$2.85,1440267091484,"76,416",100% bearish,of 1 rating,N/A
HLG,$9.64,1440267091516,"5,100",100% bearish,of 1 rating,N/A
HEES,$16.51,1440267091565,"306,657",67% bearish,of 3 ratings,$31
HALL,$11.67,1440267091590,"28,021",Not yet rated,NULL,N/A
HALO,$17.33,1440267091617,"1,204,693",67% bullish,of 3 ratings,$22.50
HNRG,$7.22,1440267091643,"124,047",100% bearish,of 1 rating,$10
HBHC,$26.8668,1440267091771,"451,705",50% bullish,of 2 ratings,$30
HMPR,$1.89,1440267091795,"118,740",100% bullish,of 1 rating,N/A
HBHCL,$24.49,1440267091948,"18,426",Not yet rated,NULL,N/A
HBK,$13.8,1440267091972,8,50% bullish,of 2 ratings,N/A
HAFC,$24.565,1440267092017,"117,041",100% bullish,of 2 ratings,$28.50
HNH,$27.82,1440267092042,"21,502",100% bullish,of 1 rating,N/A
HQCL,$8.63,1440267092063,"24,293",67% bullish,of 3 ratings,N/A
HNSN,$0.501,1440267092192,"78,898",88% bullish,of 8 ratings,$.40
HRMNU,NULL,1440267092602,0,Not yet rated,NULL,N/A
HRMN,NULL,1440267092626,0,Not yet rated,NULL,N/A
HDNG,$9.98,1440267092707,"11,225",50% bullish,of 4 ratings,N/A
HBIO,$4.39,1440267092764,"81,394",Not yet rated,NULL,$10
HCAP,$12.17,1440267092789,"24,008",50% bullish,of 2 ratings,$15
HLIT,$5.58,1440267092814,"331,156",100% bearish,of 1 rating,$6.50
HRMNW,NULL,1440267092842,0,Not yet rated,NULL,N/A
TINY,$2.45,1440267092950,"20,315",50% bullish,of 2 ratings,$5.26
HART,$0.775,1440267092977,"213,330",100% bearish,of 1 rating,N/A
HCAPL,$25.4,1440267093006,"1,773",Not yet rated,NULL,N/A
HCOM,$22.51,1440267093109,"37,331",100% bearish,of 1 rating,$28
HAS,$75.171,1440267093140,"1,049,605",63% bullish,of 8 ratings,$84.50
HWKN,$36.84,1440267093167,"29,157",Not yet rated,NULL,N/A
HWBK,$13.8,1440267093262,674,100% bearish,of 1 rating,N/A
HA,$23.05,1440267093304,"931,944",67% bullish,of 9 ratings,$27
HAYN,$37.88,1440267093367,"48,863",100% bearish,of 1 rating,$59
HDS,$33.08,1440267093611,"1,295,702",100% bearish,of 2 ratings,$39.50
HIIQ,$4.48,1440267093637,"28,731",50% bullish,of 2 ratings,$7
HWAY,$12.48,1440267093667,"386,123",100% bearish,of 1 rating,$15
HSTM,$24.87,1440267093764,"220,098",50% bullish,of 2 ratings,$33.75
HTLD,$20.165,1440267093800,"492,188",Not yet rated,NULL,$22.50
HQY,$29.27,1440267093829,"394,569",67% bullish,of 3 ratings,$31
HCSG,$33.546,1440267093857,"309,474",50% bullish,of 4 ratings,$35
HTWR,$83.28,1440267093885,"239,502",50% bullish,of 2 ratings,$103
HTBX,$5.31,1440267093986,"21,712",50% bullish,of 2 ratings,$15.50
HTLF,$36.24,1440267094073,"48,371",100% bullish,of 1 rating,$39.50
HMNY,$2.2261,1440267094159,"2,878",100% bearish,of 1 rating,N/A
HELE,$87.93,1440267094216,"151,548",67% bearish,of 3 ratings,$100
HSII,$20.17,1440267094291,"59,389",100% bullish,of 3 ratings,$25
HMTV,$12.84,1440267094315,"12,852",100% bearish,of 1 rating,$16
HERO,$0.06,1440267094496,"5,839,839",81% bullish,of 16 ratings,$.75
HCACU,$10.0043,1440267094531,"2,000",Not yet rated,NULL,N/A
HNNA,$24.57,1440267094556,"15,081",Not yet rated,NULL,N/A
HSIC,$138.0834,1440267094577,"512,882",83% bullish,of 6 ratings,$146
HTBK,$11.04,1440267094711,"93,871",Not yet rated,NULL,$12
HFWA,$17.74,1440267094746,"62,742",100% bullish,of 1 rating,$20
HEOP,$7.68,1440267094776,"27,087",Not yet rated,NULL,$8.50
HCCI,$11.65,1440267094846,"27,277",100% bearish,of 1 rating,$16.50
MLHR,$28.1966,1440267094871,"238,584",50% bullish,of 2 ratings,$33.50
HRTX,$35.05,1440267094903,"839,423",67% bullish,of 6 ratings,$41
HFFC,$16.27,1440267095088,946,Not yet rated,NULL,N/A
HSKA,$33.2,1440267095115,"28,561",100% bearish,of 1 rating,$38
HIBB,$37.37,1440267095176,"1,128,881",100% bearish,of 1 rating,$48.50
HIMX,$6.29,1440267095278,"1,170,901",86% bullish,of 21 ratings,$8.50
HPJ,$2.25,1440267095383,"130,395",75% bullish,of 4 ratings,$12.43
HMNF,$11.42,1440267095410,"2,480",Not yet rated,NULL,N/A
HIFS,$118.11,1440267095437,"8,734",Not yet rated,NULL,N/A
HSGX,$5.92,1440267095568,"24,278",100% bearish,of 1 rating,$17
HMSY,$8.8389,1440267095636,"1,363,874",67% bullish,of 3 ratings,$19.35
HOLI,$16.9527,1440267095663,"228,631",50% bullish,of 4 ratings,$27
HOLX,$39.74,1440267095684,"2,134,552",67% bullish,of 3 ratings,$42
HIHO,$4,1440267095718,"9,057",Not yet rated,NULL,N/A
HBCP,$24.4,1440267095816,"41,618",Not yet rated,NULL,$29
HOMB,$39.23,1440267095946,"321,450",Not yet rated,NULL,$41
HFBL,$21.69,1440267095972,"1,800",Not yet rated,NULL,N/A
HMST,$21.57,1440267096151,"119,006",100% bullish,of 2 ratings,$27
HMIN,$29.096,1440267096184,"61,111",100% bearish,of 2 ratings,$35
AWAY,$29.3662,1440267096213,"943,583",67% bullish,of 3 ratings,$36
HTBI,$18.39,1440267096277,"70,970",67% bullish,of 3 ratings,$18.625
HOFT,$24.43,1440267096302,"62,910",100% bearish,of 1 rating,N/A
CETC,$0.77,1440267096342,"45,584",86% bullish,of 7 ratings,N/A
HKTV,$4.68,1440267096371,"7,455",100% bearish,of 1 rating,N/A
HFBC,$11.61,1440267096549,"2,835",Not yet rated,NULL,N/A
HBNC,$24.3,1440267096652,"31,745",100% bullish,of 1 rating,$27
HZNP,$29.2,1440267096677,"2,449,005",85% bullish,of 20 ratings,$40
HRZN,$10.59,1440267096716,"54,947",100% bearish,of 1 rating,$14.25
HDP,$25.5,1440267096810,"235,894",67% bearish,of 3 ratings,$30.50
ZINC,$7.25,1440267096835,"624,456",100% bearish,of 1 rating,$17
HMHC,$22.4,1440267096883,"923,176",Not yet rated,NULL,$27
HWCC,$7.22,1440267097015,"136,206",100% bearish,of 1 rating,$9
HOVNP,NULL,1440267097043,0,100% bearish,of 1 rating,N/A
HBMD,$14.95,1440267097149,502,100% bearish,of 1 rating,N/A
HTGM,$5.59,1440267097185,"9,721",100% bearish,of 1 rating,$19.50
HCBK,$9.5789,1440267097213,"2,422,499",83% bullish,of 6 ratings,$8.61
HSNI,$60.9227,1440267097234,"239,269",Not yet rated,NULL,$80
HSON,$2.8,1440267097361,"20,391",100% bearish,of 1 rating,$5
HUBG,$39.18,1440267097450,"205,184",100% bearish,of 1 rating,$43
HDSN,$2.81,1440267097542,"30,286",100% bullish,of 1 rating,$6.25
HBAN,$11.11,1440267097621,"6,980,840",76% bullish,of 17 ratings,$12.29
HBANP,$1337,1440267097722,12,100% bearish,of 1 rating,N/A
HBP,$3.09,1440267097856,"1,457",100% bullish,of 1 rating,N/A
HDRAR,NULL,1440267097886,0,Not yet rated,NULL,N/A
HDRA,NULL,1440267097912,0,Not yet rated,NULL,N/A
HTCH,$1.58,1440267097938,"60,402",100% bearish,of 1 rating,$3.50
HURN,$73.02,1440267097997,"109,473",50% bullish,of 2 ratings,$80
HURC,$29.88,1440267098067,"26,946",100% bearish,of 1 rating,N/A
HDRAW,NULL,1440267098160,0,Not yet rated,NULL,N/A
HDRAU,$10.06,1440267098191,100,Not yet rated,NULL,N/A
HYGS,$7.48,1440267098248,"42,666",50% bullish,of 2 ratings,$13
IACI,$71.15,1440267098278,"768,044",75% bullish,of 4 ratings,$90
IDSY,$3.85,1440267098382,"6,888",100% bearish,of 1 rating,$7
IKGH,$1.81,1440267098516,"12,492",75% bullish,of 4 ratings,N/A
ICAD,$3.54,1440267098588,"22,041",50% bullish,of 2 ratings,$7.25
IEP,$67.43,1440267098647,"123,610",75% bullish,of 4 ratings,$99
IBKC,$60.3428,1440267098672,"191,218",100% bullish,of 1 rating,$70
ICLR,$77.7434,1440267098693,"297,930",100% bearish,of 3 ratings,$85
ICFI,$35.71,1440267098723,"104,061",50% bullish,of 2 ratings,$48.50
ICON,$12.25,1440267098910,"780,798",50% bullish,of 2 ratings,$18.50
ICUI,$115.51,1440267099000,"147,406",Not yet rated,NULL,$122
IDXX,$74.1911,1440267099038,"439,447",100% bearish,of 1 rating,$77
IPWR,$7.36,1440267099065,"3,392",100% bullish,of 1 rating,$15
IDRA,$2.52,1440267099089,"1,118,091",89% bullish,of 9 ratings,$6.50
INVE,$4.66,1440267099127,"109,550",75% bullish,of 4 ratings,$4
DSKY,$12.1367,1440267099153,"291,194",67% bullish,of 6 ratings,$11.50
IROQ,$16.68,1440267099283,502,100% bullish,of 1 rating,N/A
IRG,$4.73,1440267099474,"29,774",100% bearish,of 1 rating,$4.50
KANG,$15,1440267099501,"344,010",50% bullish,of 2 ratings,$22.55
IIVI,$17.63,1440267099528,"240,082",100% bearish,of 1 rating,$22
RXDX,$12.57,1440267099580,"107,394",100% bullish,of 1 rating,$20
IKAN,$2.73,1440267099655,"14,561",83% bullish,of 6 ratings,$5
ISNS,$3.82,1440267099681,"67,780",50% bullish,of 2 ratings,N/A
IKNX,$11.46,1440267099724,722,100% bearish,of 1 rating,N/A
ILMN,$199.29,1440267099754,"1,014,627",80% bullish,of 5 ratings,$240
IMNP,$1.38,1440267100144,"103,462",50% bullish,of 2 ratings,$6
IMDZ,$15.49,1440267100170,"55,028",100% bearish,of 1 rating,$33
IMGN,$13.07,1440267100244,"1,107,990",75% bullish,of 4 ratings,$17.50
IMMU,$1.87,1440267100306,"975,603",86% bullish,of 7 ratings,$2
ICCC,$8.05,1440267100331,"7,929",100% bullish,of 1 rating,N/A
IMMR,$11.38,1440267100387,"215,531",80% bullish,of 5 ratings,$15.50
IPXL,$43.4148,1440267100411,"694,109",67% bullish,of 3 ratings,$46.50
SAAS,$7.7296,1440267100624,"487,787",50% bullish,of 2 ratings,$15
INCR,$42.36,1440267100655,"1,097,736",50% bullish,of 2 ratings,$53
INDB,$46.44,1440267100680,"91,428",Not yet rated,NULL,$44
INCY,$104.2975,1440267100758,"711,350",50% bullish,of 6 ratings,$125.50
IMMY,$7.49,1440267100824,"6,448",100% bearish,of 1 rating,$11
INFN,$21.08,1440267100852,"2,781,964",71% bullish,of 7 ratings,$28
IBCP,$14.21,1440267100886,"66,760",100% bullish,of 1 rating,$14.50
IBTX,$42.68,1440267101020,"39,240",100% bullish,of 2 ratings,$47.25
IDSA,$3.64,1440267101045,174,Not yet rated,NULL,N/A
INFI,$9.44,1440267101203,"820,535",50% bullish,of 4 ratings,$18
INNL,NULL,1440267101344,0,100% bearish,of 1 rating,$16.50
IFON,$1.23,1440267101403,"45,196",75% bullish,of 4 ratings,N/A
III,$4.14,1440267101428,"158,901",57% bullish,of 7 ratings,$6
IMKTA,$52.89,1440267101490,"113,692",100% bearish,of 1 rating,N/A
IPCC,$79.97,1440267101517,"44,593",Not yet rated,NULL,$77.50
INWK,$7.33,1440267101557,"164,366",50% bullish,of 2 ratings,$10
INOD,$2.48,1440267101582,"19,784",100% bearish,of 1 rating,N/A
IOSP,$46.19,1440267101717,"4,359,888",100% bearish,of 1 rating,N/A
IPHS,$47.91,1440267101744,"90,391",100% bearish,of 1 rating,$60
ISSC,$2.92,1440267101875,"8,615",67% bearish,of 3 ratings,N/A
INGN,$49.39,1440267102152,"168,397",100% bearish,of 1 rating,$50.50
INOV,$20.95,1440267102210,"349,429",100% bearish,of 1 rating,$33
NSIT,$25.94,1440267102240,"161,989",50% bullish,of 2 ratings,N/A
ITEK,$13.7368,1440267102267,"780,060",100% bearish,of 3 ratings,$20
IIIN,$18,1440267102293,"160,188",100% bearish,of 2 ratings,N/A
ISIG,$2.58,1440267102314,"12,103",100% bearish,of 1 rating,N/A
INO,$7.07,1440267102346,"991,184",89% bullish,of 18 ratings,$20
INSM,$24.29,1440267102448,"376,220",71% bullish,of 7 ratings,$31.50
NTEC,$5.94,1440267102639,"22,000",Not yet rated,NULL,N/A
IDTI,$17.29,1440267102677,"2,463,021",60% bullish,of 5 ratings,$25
INSY,$32.5,1440267102708,"744,412",75% bullish,of 4 ratings,$48
PODD,$28.7,1440267102815,"377,984",50% bullish,of 2 ratings,$35
ISSI,$22.3,1440267102843,"296,636",67% bullish,of 3 ratings,$19.75
IESC,$7.27,1440267102868,"1,500",100% bearish,of 1 rating,N/A
IART,$60.71,1440267102914,"233,404",100% bearish,of 1 rating,$71.50
IPCI,$2.12,1440267103147,"35,773",67% bullish,of 6 ratings,$7.75
IQNT,$19.28,1440267103175,"257,467",86% bullish,of 7 ratings,$20
IPAR,$27.27,1440267103204,"59,510",67% bullish,of 3 ratings,$38
INTC,$26.7,1440267103253,"36,675,246",82% bullish,of 238 ratings,$36
IBKR,$38.66,1440267103303,"576,484",100% bullish,of 1 rating,N/A
ICLD,$1.87,1440267103435,"413,066",75% bullish,of 4 ratings,N/A
ICPT,$190.6771,1440267103464,"265,072",70% bullish,of 10 ratings,$359.50
ININ,$37,1440267103492,"115,076",67% bearish,of 3 ratings,$57
ICLDW,$0.9601,1440267103601,"1,250",100% bearish,of 1 rating,N/A
IDCC,$47.38,1440267103680,"294,240",80% bullish,of 5 ratings,$63
IMI,$2.13,1440267103815,"9,131",67% bullish,of 3 ratings,$2.22
IBOC,$26.0269,1440267103849,"200,228",100% bearish,of 1 rating,N/A
INAP,$8.27,1440267103955,"157,177",75% bullish,of 4 ratings,$11
ISCA,$31.76,1440267103985,"75,500",100% bearish,of 1 rating,N/A
TILE,$24.33,1440267104012,"583,565",67% bearish,of 3 ratings,$27
IIJI,$8.9299,1440267104033,"1,000",50% bullish,of 2 ratings,$11.50
IGLD,$7.15,1440267104061,"2,377",50% bullish,of 2 ratings,N/A
PTNT,$3.05,1440267104191,"4,282",Not yet rated,NULL,N/A
XENT,$27.72,1440267104275,"196,800",50% bullish,of 2 ratings,$36.50
INPH,$0.3099,1440267104411,"9,140",50% bullish,of 2 ratings,N/A
ISIL,$10.2,1440267104440,"911,504",50% bullish,of 6 ratings,$15
INTX,$2.44,1440267104469,"40,947",67% bullish,of 3 ratings,N/A
IILG,$20.03,1440267104549,"307,013",100% bearish,of 1 rating,$30.50
IVAC,$4.89,1440267104602,"16,408",Not yet rated,NULL,$6.625
IIN,$6.38,1440267104710,"6,399",100% bearish,of 1 rating,$12
INTL,$25.88,1440267104737,"119,017",67% bearish,of 3 ratings,N/A
INTLL,$25.77,1440267104758,"1,100",Not yet rated,NULL,N/A
ITCI,$28.5,1440267104908,"400,140",75% bearish,of 4 ratings,$40
ISRG,$506.65,1440267104964,"238,287",67% bullish,of 3 ratings,$600
INTU,$89.98,1440267104991,"5,254,872",86% bullish,of 7 ratings,$110.50
SNAK,$8.47,1440267105016,"286,014",50% bullish,of 2 ratings,$14
INVT,$0.2713,1440267105042,"28,221",67% bullish,of 3 ratings,N/A
ISTR,$15.85,1440267105180,"2,506",100% bearish,of 1 rating,$18.50
ISBC,$11.8686,1440267105258,"2,158,729",100% bullish,of 1 rating,$13.25
IPAS,$1.01,1440267105394,"153,876",67% bullish,of 3 ratings,N/A
DTUL,NULL,1440267105420,0,Not yet rated,NULL,N/A
ITIC,$71.35,1440267105481,16,100% bearish,of 2 ratings,N/A
NVIV,$9.83,1440267105506,"458,296",50% bullish,of 4 ratings,$24.50
IVTY,$12.69,1440267105549,"13,088",Not yet rated,NULL,$18
DFVL,NULL,1440267105643,0,Not yet rated,NULL,N/A
IPCM,$79.5,1440267105727,"605,193",50% bullish,of 2 ratings,$80.125
IRMD,$25.1,1440267105759,"16,337",67% bearish,of 3 ratings,$25
IPGP,$84.18,1440267105864,"196,618",100% bearish,of 2 ratings,$109.50
IRDMB,$266.65,1440267105893,"1,378",67% bearish,of 3 ratings,N/A
IRDM,$6.69,1440267105929,"599,667",60% bullish,of 5 ratings,$11.50
IRIX,$7.16,1440267105958,"14,066",100% bearish,of 1 rating,N/A
IRWD,$10.95,1440267106063,"1,059,107",100% bearish,of 1 rating,$13
IRBT,$29.9,1440267106090,"240,464",67% bullish,of 6 ratings,$37
COMT,$32.24,1440267106242,"20,256",100% bearish,of 1 rating,N/A
IRCP,$32,1440267106336,651,100% bullish,of 2 ratings,N/A
GNMA,$50.25,1440267106410,"2,022",Not yet rated,NULL,N/A
IFAS,$28.76,1440267106487,"9,892",Not yet rated,NULL,N/A
IFEU,$39.05,1440267106515,"52,081",Not yet rated,NULL,N/A
IFNA,$56.26,1440267106536,2,Not yet rated,NULL,N/A
FCHI,$47.8,1440267106556,"4,334",Not yet rated,NULL,N/A
ACWX,$40.41,1440267106688,"332,696",100% bearish,of 1 rating,N/A
IFGL,$28.84,1440267106713,"124,298",Not yet rated,NULL,N/A
ACWI,$55.66,1440267106878,"1,415,661",Not yet rated,NULL,N/A
AAIT,$30.53,1440267106902,"1,424",100% bullish,of 1 rating,N/A
AAXJ,$52.27,1440267106926,"1,955,125",Not yet rated,NULL,N/A
AXJS,NULL,1440267106953,0,Not yet rated,NULL,N/A
EEMA,$48.76,1440267106977,"380,775",Not yet rated,NULL,N/A
EMDI,$46.16,1440267107153,300,Not yet rated,NULL,N/A
EMEY,$24.77,1440267107285,200,Not yet rated,NULL,N/A
EUFN,$21.91,1440267107322,"205,824",100% bearish,of 1 rating,N/A
EEML,$27.35,1440267107417,700,Not yet rated,NULL,N/A
EGRW,$47,1440267107443,"2,678",Not yet rated,NULL,N/A
QAT,$20.45,1440267107463,"23,345",Not yet rated,NULL,N/A
EVAL,$36.84,1440267107492,"4,617",Not yet rated,NULL,N/A
EEME,$38.47,1440267107519,"1,248",100% bearish,of 1 rating,N/A
IEUS,$45.52,1440267107623,"8,328",100% bearish,of 1 rating,N/A
UAE,$17.61,1440267107706,"11,802",Not yet rated,NULL,N/A
WOOD,$49.3,1440267108076,"53,527",50% bullish,of 2 ratings,N/A
IBB,$340.47,1440267108108,"2,475,808",63% bullish,of 8 ratings,N/A
SOXX,$78.63,1440267108133,"710,879",50% bullish,of 2 ratings,N/A
EMIF,$28.27,1440267108158,"15,998",Not yet rated,NULL,N/A
INDY,$27.85,1440267108212,"903,318",50% bullish,of 2 ratings,N/A
ICLN,$9.42,1440267108314,"40,619",50% bullish,of 2 ratings,N/A
ISHG,$80.2,1440267108351,"83,600",100% bearish,of 1 rating,N/A
IGOV,$92.1372,1440267108449,"25,494",100% bearish,of 1 rating,N/A
ISIS,$47.09,1440267108477,"1,346,021",53% bullish,of 15 ratings,$67
ISRL,$128.55,1440267108503,"1,003",100% bearish,of 1 rating,N/A
XXIA,$15.37,1440267108692,"314,105",71% bullish,of 7 ratings,$14.625
ITRN,$24.7,1440267108720,"30,305",50% bullish,of 2 ratings,N/A
ITUS,$4.16,1440267108755,"6,967",Not yet rated,NULL,N/A
ITRI,$31.94,1440267108823,"253,746",Not yet rated,NULL,$37
IXYS,$10.57,1440267108884,"247,242",50% bullish,of 4 ratings,N/A
ISLE,$16.59,1440267108909,"295,431",50% bullish,of 4 ratings,$16
JJSF,$113.14,1440267109080,"100,391",100% bearish,of 1 rating,N/A
MAYS,NULL,1440267109123,0,Not yet rated,NULL,N/A
JBHT,$76.18,1440267109174,"901,669",50% bullish,of 4 ratings,$89.50
JCOM,$69.56,1440267109248,"218,346",100% bullish,of 2 ratings,$77
JKHY,$68.27,1440267109355,"285,534",50% bullish,of 2 ratings,$72
JACK,$81.43,1440267109381,"546,557",83% bullish,of 6 ratings,$105
JAXB,$12.76,1440267109430,"1,300",100% bullish,of 1 rating,N/A
JASO,$7,1440267109459,"1,435,775",82% bullish,of 17 ratings,$10
JXSB,$24.05,1440267109564,742,Not yet rated,NULL,N/A
JAGX,$2.5784,1440267109592,"18,491",Not yet rated,NULL,N/A
JAKK,$9.07,1440267109698,"491,312",60% bearish,of 5 ratings,$11
JMBA,$13.18,1440267109762,"107,503",75% bullish,of 4 ratings,$18
ERW,NULL,1440267109829,0,Not yet rated,NULL,N/A
JRVR,$26.32,1440267109857,"51,011",Not yet rated,NULL,$32
JASN,$4.81,1440267109882,"34,092",50% bullish,of 2 ratings,$9.50
JASNW,$0.18,1440267110026,"12,833",50% bullish,of 2 ratings,N/A
JTPY,$3.02,1440267110083,"5,165",100% bearish,of 1 rating,N/A
JAZZ,$170.2996,1440267110128,"486,735",80% bullish,of 15 ratings,$206.50
JD,$25.2,1440267110158,"9,448,374",75% bullish,of 16 ratings,$36
JBLU,$21.8,1440267110215,"7,445,018",94% bullish,of 17 ratings,$27
JCTCF,NULL,1440267110253,0,100% bullish,of 1 rating,N/A
JST,$4,1440267110347,"43,984",75% bullish,of 4 ratings,N/A
DATE,$6.47,1440267110378,"197,033",75% bullish,of 4 ratings,$9
JIVE,$4.1,1440267110478,"633,964",75% bullish,of 4 ratings,$5
JBSS,$48.96,1440267110615,"138,677",67% bearish,of 3 ratings,N/A
JOEZ,$0.185,1440267110642,"70,020",92% bullish,of 12 ratings,N/A
WYIGU,$10.0227,1440267110666,100,Not yet rated,NULL,N/A
JNP,$9.63,1440267110832,"10,574",100% bullish,of 3 ratings,$15
