Symbol,Price,Date,Volume,Rating,RatingVoteCount,OneYearEstimate
TFSCW,NULL,1440447402332,0,100% bearish,of 1 rating,N/A
TFSC,NULL,1440447402393,0,100% bearish,of 1 rating,N/A
PIH,$6.99,1440447402499,"10,700",100% bearish,of 1 rating,N/A
FCCY,$11.5,1440447402524,"1,100",100% bullish,of 1 rating,$13
TFSCR,NULL,1440447402967,0,Not yet rated,NULL,N/A
TFSCU,$10.14,1440447403424,"1,100",Not yet rated,NULL,N/A
FCTY,$7.6,1440447426139,700,100% bullish,of 1 rating,$8.50
FLWS,$9.31,1440447426164,"213,231",100% bullish,of 5 ratings,$15
DGLD,$77.4427,1440447436433,"20,148",100% bearish,of 1 rating,N/A
JOBS,$24.6115,1440447439508,"315,316",50% bullish,of 4 ratings,$36
VNET,$17.8,1440447439539,"1,376,498",60% bullish,of 5 ratings,$29.50
SRCE,$28.98,1440447439927,"22,588",100% bullish,of 3 ratings,$33
TWOU,$33.25,1440447439972,"231,557",50% bullish,of 2 ratings,$39
USLV,$13.11,1440447440120,"491,263",86% bullish,of 7 ratings,N/A
DSLV,$67.0501,1440447481868,"37,753",100% bearish,of 1 rating,N/A
UGLD,$9.76,1440447482083,"399,065",100% bearish,of 1 rating,N/A
SIXD,$1.25,1440447492670,"107,416",Not yet rated,NULL,N/A
EGHT,$7.9976,1440447492696,"455,762",82% bullish,of 17 ratings,$11
CAFD,$14.49,1440447492774,"300,379",Not yet rated,NULL,$25
SHLM,$33.2466,1440447493377,"75,003",100% bearish,of 1 rating,$50
AVHI,$13.64,1440447493402,"15,271",100% bearish,of 1 rating,$19
AAON,$20.55,1440447493480,"79,276",100% bearish,of 1 rating,$24
ABAX,$45.99,1440447499964,"98,954",100% bearish,of 1 rating,$60
ABY,$19.27,1440447500130,"572,131",100% bearish,of 2 ratings,$46
ABGB,$4.4,1440447500636,"65,045",67% bullish,of 3 ratings,$5.50
ABEO,$4.31,1440447501230,"171,238",67% bullish,of 3 ratings,$15.50
ABMD,$94.91,1440447501256,"751,628",75% bullish,of 4 ratings,$100.50
ABEOW,$1.28,1440447501277,"2,320",100% bullish,of 1 rating,N/A
ACTG,$8.71,1440447506407,"249,709",67% bullish,of 3 ratings,$18.50
AXAS,$1.505,1440447506825,"902,266",78% bullish,of 9 ratings,$3.50
XLRN,$27.2,1440447515000,"164,215",50% bullish,of 2 ratings,$57
AXDX,$17.8751,1440447515396,"148,756",100% bearish,of 1 rating,N/A
ACST,$0.3412,1440447515425,"18,515",100% bullish,of 2 ratings,N/A
ANCX,$18.46,1440447515779,"24,208",Not yet rated,NULL,$19
ACET,$23.02,1440447519361,"87,527",75% bullish,of 4 ratings,$30
ARAY,$6.3349,1440447519404,"1,160,929",100% bearish,of 1 rating,$10.50
VXDN,$2.15,1440447519429,"634,220",100% bearish,of 1 rating,N/A
ACRX,$3.82,1440447519775,"235,785",67% bearish,of 6 ratings,$5.50
VXUP,$1.99,1440447520290,"746,990",100% bearish,of 1 rating,N/A
AKAO,$6.1038,1440447520628,"165,443",75% bullish,of 4 ratings,$15
ACHN,$7.3892,1440447526699,"2,671,409",90% bullish,of 21 ratings,$16
ACIW,$21.09,1440447526784,"300,635",50% bullish,of 2 ratings,$24
ACNB,$20,1440447530192,"18,344",Not yet rated,NULL,N/A
ACOR,$29.21,1440447530227,"296,598",67% bearish,of 3 ratings,$38.50
ACTS,$1.53,1440447533647,"73,099",100% bearish,of 1 rating,N/A
ACPW,$1.8,1440447533779,"72,094",100% bullish,of 4 ratings,$3.50
ATVI,$26.31,1440447534367,"4,377,985",68% bullish,of 84 ratings,$31.50
ACTA,$13.5,1440447534559,"116,595",67% bearish,of 3 ratings,$25
ADMS,$19.06,1440447537247,"77,063",100% bearish,of 2 ratings,$36
ACXM,$19.66,1440447537775,"400,483",67% bullish,of 3 ratings,N/A
ADAP,$11.155,1440447537956,"132,653",67% bullish,of 3 ratings,$22
ADMP,$3.3294,1440447537981,"36,971",50% bullish,of 2 ratings,$10
ADUS,$28.73,1440447539214,"30,783",100% bearish,of 1 rating,$31
ACUR,$0.6,1440447542468,"51,331",100% bullish,of 5 ratings,$1
AEY,$2.265,1440447542671,"7,500",100% bearish,of 2 ratings,N/A
ADEP,$6.62,1440447542948,"46,689",50% bullish,of 2 ratings,$10.75
ADMA,$9.19,1440447545432,"17,534",Not yet rated,NULL,$19
ADBE,$74.77,1440447549342,"3,138,039",65% bullish,of 17 ratings,$90
ADTN,$15.19,1440447549823,"253,375",67% bullish,of 3 ratings,$17.125
ADRO,$18.96,1440447550290,"328,801",80% bullish,of 5 ratings,$45.50
AEIS,$23.68,1440447550676,"219,798",50% bullish,of 2 ratings,$32.50
AMD,$1.76,1440447551780,"9,320,240",83% bullish,of 103 ratings,$2
ADXS,$13.275,1440447552227,"756,183",64% bullish,of 14 ratings,$27
ADXSW,$8.74,1440447552330,"8,578",100% bullish,of 1 rating,N/A
MULT,NULL,1440447553493,0,100% bearish,of 1 rating,N/A
YPRO,$23.21,1440447554178,"1,358",100% bearish,of 1 rating,N/A
AEGN,$17.81,1440447554888,"133,978",100% bearish,of 1 rating,$21
ACAD,$33.89,1440447555127,"786,071",80% bullish,of 20 ratings,$48
ACHC,$70.11,1440447555152,"970,665",50% bullish,of 2 ratings,$92
AEGR,$17.17,1440447557011,"259,547",50% bullish,of 6 ratings,$26
AEHR,$2.06,1440447558186,"20,300",50% bullish,of 2 ratings,N/A
AMTX,$2.61,1440447558800,"19,538",50% bullish,of 2 ratings,$26.11
AEPI,$53.63,1440447559723,"16,407",100% bearish,of 1 rating,N/A
AERI,$15.51,1440447562640,"420,620",75% bullish,of 4 ratings,$31.50
AVAV,$23.37,1440447563684,"142,837",50% bullish,of 4 ratings,$31
AEZS,$0.0875,1440447565532,"9,672,861",90% bullish,of 21 ratings,$1.50
AEMD,$6.87,1440447565698,"44,643",Not yet rated,NULL,$27.50
AFMD,$9.78,1440447567200,"166,772",50% bullish,of 4 ratings,$15
AFFX,$8.845,1440447567942,"595,464",80% bullish,of 5 ratings,$12
AGEN,$6.5838,1440447568938,"971,752",85% bullish,of 13 ratings,$14
AGRX,$8.16,1440447569023,"37,564",100% bearish,of 1 rating,$17.50
AGYS,$9.26,1440447570416,"20,036",100% bearish,of 1 rating,N/A
AGIO,$81.77,1440447571015,"561,791",88% bullish,of 8 ratings,$114
AIMT,$20.25,1440447571364,"117,851",Not yet rated,NULL,N/A
AIRM,$35.39,1440447572336,"181,766",80% bearish,of 5 ratings,$53
AIRT,$21.8,1440447575035,"1,613",100% bullish,of 1 rating,N/A
ATSG,$8.76,1440447575060,"161,774",67% bullish,of 3 ratings,$13
AMCN,$4.35,1440447577688,"1,043,155",83% bullish,of 6 ratings,N/A
AIXG,$5.64,1440447578972,"17,224",67% bearish,of 3 ratings,$5.25
AKAM,$66.91,1440447578997,"2,005,513",63% bullish,of 8 ratings,$77
AKBA,$6.28,1440447580388,"199,646",100% bearish,of 1 rating,$18
AKER,$2.76,1440447580664,"23,498",Not yet rated,NULL,N/A
AKRX,$39.4,1440447580689,"981,039",78% bullish,of 9 ratings,$56
ALRM,$15.9,1440447580892,"175,734",100% bearish,of 1 rating,$22
ALSK,$2.05,1440447583448,"146,454",78% bullish,of 18 ratings,$2
ABDC,$11.78,1440447583831,"111,824",Not yet rated,NULL,$15
AMRI,$19.1,1440447584370,"332,900",75% bearish,of 4 ratings,$24
ADHD,$7.92,1440447584672,"178,708",50% bullish,of 4 ratings,$18
ALDR,$36.07,1440447586350,"480,082",67% bearish,of 3 ratings,$62
ALXN,$168.8,1440447586375,"1,581,694",88% bullish,of 8 ratings,$223
ALDX,$7.06,1440447586783,"16,847",100% bearish,of 1 rating,$14.50
ALXA,$1.0897,1440447587526,"16,116",83% bullish,of 6 ratings,$2.125
ALCO,$40.54,1440447587683,"12,606",50% bullish,of 2 ratings,N/A
ALIM,$3.02,1440447589664,"101,268",80% bullish,of 5 ratings,$10
ALGN,$54.95,1440447589819,"355,054",100% bearish,of 2 ratings,$73
ALKS,$56.65,1440447589975,"600,809",67% bullish,of 3 ratings,$75
ALGT,$210.825,1440447590444,"78,710",100% bearish,of 1 rating,$235
ALLB,$22.4299,1440447590743,"2,595",Not yet rated,NULL,N/A
AGFSW,$1.85,1440447591487,"30,528",100% bearish,of 2 ratings,N/A
AGFS,$9.87,1440447591514,"153,133",100% bearish,of 1 rating,N/A
AFOP,$16.25,1440447591742,"213,927",75% bullish,of 8 ratings,$21
AIQ,$13.8,1440447591767,"9,140",67% bullish,of 3 ratings,N/A
AHGP,$35.33,1440447592040,"65,273",67% bullish,of 3 ratings,N/A
ARLP,$23.61,1440447592195,"327,116",67% bearish,of 3 ratings,$32
AHPI,$1.4526,1440447592440,"1,189",50% bullish,of 2 ratings,N/A
AMOT,$17.84,1440447592468,"72,129",100% bearish,of 1 rating,N/A
ALQA,$4.23,1440447593084,"37,649",75% bullish,of 4 ratings,$8.50
ALLT,$5,1440447593557,"80,331",75% bullish,of 4 ratings,$6.25
MDRX,$13.21,1440447593694,"1,757,496",60% bullish,of 5 ratings,$16
ALNY,$93.45,1440447594421,"505,690",67% bullish,of 3 ratings,$148.50
AFAM,$43.88,1440447594522,"62,190",50% bullish,of 2 ratings,$44
SMCP,$21.8,1440447594918,400,Not yet rated,NULL,N/A
ATEC,$0.5797,1440447594943,"163,314",100% bullish,of 1 rating,$2
AOSL,$7.32,1440447594978,"53,192",67% bullish,of 3 ratings,$9
AMRN,$1.97,1440447595077,"1,106,339",85% bullish,of 39 ratings,$8
AMRK,$10.53,1440447595103,"4,029",50% bullish,of 2 ratings,$14
AIMC,$24.75,1440447595182,"55,840",100% bearish,of 2 ratings,$28.50
AMZN,$462.01,1440447595855,"4,664,642",81% bullish,of 263 ratings,$646
AYA,$21.14,1440447595886,"99,314",100% bearish,of 1 rating,$40
AMBC,$15.31,1440447595944,"236,659",100% bearish,of 1 rating,$16.50
ALTR,$47,1440447595989,"2,821,140",80% bearish,of 5 ratings,$54
AMAG,$57.95,1440447596267,"492,437",100% bullish,of 2 ratings,$77.50
ASPS,$25.99,1440447596396,"313,647",67% bullish,of 3 ratings,$46.50
AMBCW,NULL,1440447596575,0,100% bearish,of 1 rating,N/A
AMBA,$87.94,1440447597306,"3,543,201",83% bullish,of 12 ratings,$102.50
EPAX,$2.66,1440447597353,"35,750",100% bearish,of 1 rating,N/A
AMCX,$66.02,1440447597381,"495,742",67% bullish,of 3 ratings,$87.50
AMDA,$0.4199,1440447597883,"1,403,094",90% bullish,of 10 ratings,$1
DOX,$55.9,1440447597909,"457,939",50% bullish,of 2 ratings,$60
AMED,$37.17,1440447597957,"348,494",100% bearish,of 1 rating,$42
UHAL,$351.9377,1440447598183,"23,454",100% bullish,of 2 ratings,$393.50
ASBI,$22.2,1440447598352,950,Not yet rated,NULL,N/A
AMOV,$17.19,1440447598515,"8,319",100% bearish,of 1 rating,N/A
ATAX,$5.16,1440447598648,"234,357",100% bullish,of 1 rating,$6.50
AGNC,$19.285,1440447598676,"3,563,538",71% bullish,of 28 ratings,$22
AAL,$37.62,1440447598782,"11,637,949",93% bullish,of 88 ratings,$57
MTGE,$15.31,1440447599888,"413,683",75% bullish,of 4 ratings,$19.50
MTGEP,$24.04,1440447599916,"8,890",Not yet rated,NULL,N/A
AGNCB,$24,1440447601340,"13,076",Not yet rated,NULL,N/A
ACAS,$13.175,1440447603294,"1,542,642",60% bullish,of 5 ratings,$16.75
ACSF,$11.8501,1440447603895,"20,435",100% bearish,of 1 rating,$15
ANCI,$1.5179,1440447603920,"3,230",100% bearish,of 1 rating,N/A
AETI,$4.06,1440447604088,"2,639",67% bearish,of 3 ratings,N/A
AMNB,$22.29,1440447604113,"12,268",Not yet rated,NULL,$25.50
AMIC,$9.9739,1440447604143,594,Not yet rated,NULL,N/A
ANAT,$96.82,1440447604544,"33,329",100% bullish,of 1 rating,N/A
APEI,$21.203,1440447605125,"48,753",100% bearish,of 1 rating,$25.50
AGNCP,$25.111,1440447605152,"13,823",Not yet rated,NULL,N/A
ARII,$37.35,1440447605173,"246,981",67% bearish,of 3 ratings,$45
AMRB,$9.95,1440447605201,"7,930",Not yet rated,NULL,$11
AMSWA,$8.67,1440447605405,"53,577",100% bearish,of 2 ratings,$10.75
ASEI,$38.28,1440447605430,"32,010",100% bearish,of 1 rating,$52.50
AMSC,$3.48,1440447606125,"78,864",50% bullish,of 4 ratings,N/A
AMWD,$65.92,1440447606391,"165,116",50% bullish,of 2 ratings,$53
ABCB,$26.8,1440447606571,"123,311",Not yet rated,NULL,$31
ASRV,$3.22,1440447606966,800,100% bullish,of 2 ratings,N/A
AMSF,$47.7793,1440447606992,"51,109",Not yet rated,NULL,$57.50
ASRVP,$27.5,1440447607181,400,Not yet rated,NULL,N/A
AMGN,$149.37,1440447607254,"4,131,937",89% bullish,of 19 ratings,$185
FOLD,$13.505,1440447607619,"1,440,378",56% bullish,of 9 ratings,$21
ATLO,$22.01,1440447607644,"7,165",Not yet rated,NULL,N/A
AMKR,$4.8,1440447607722,"2,564,339",100% bearish,of 2 ratings,$5
AMPH,$13.09,1440447607818,"115,028",50% bullish,of 2 ratings,$20
AMSG,$78.94,1440447607953,"362,732",100% bearish,of 1 rating,$85.50
AMSGP,$148.67,1440447608021,200,Not yet rated,NULL,N/A
AFSI,$57.605,1440447608360,"629,278",60% bullish,of 5 ratings,$72
ASYS,$4.99,1440447608386,"50,236",67% bullish,of 3 ratings,$12
ANAC,$123.01,1440447609259,"453,931",80% bullish,of 5 ratings,$180.50
AMRS,$1.56,1440447609284,"148,102",70% bullish,of 10 ratings,N/A
ADI,$52.23,1440447609440,"3,047,447",67% bullish,of 3 ratings,$69
ALOG,$79.3191,1440447609579,"51,834",100% bearish,of 2 ratings,$100.50
ANCB,$22.15,1440447609666,"1,548",Not yet rated,NULL,$23
ANAD,$0.3091,1440447609692,"191,764",100% bullish,of 2 ratings,$.50
ABCW,$39.25,1440447610267,"8,971",67% bullish,of 3 ratings,N/A
AMCF,$0.22,1440447610475,"37,705",100% bullish,of 7 ratings,N/A
ANGO,$14.36,1440447610712,"45,801",67% bullish,of 3 ratings,$19
ANGI,$4.75,1440447610741,"1,069,283",64% bullish,of 11 ratings,$5.50
ANSS,$86.29,1440447610845,"501,442",100% bearish,of 1 rating,$100
ANIK,$33.2852,1440447610894,"123,447",60% bullish,of 5 ratings,$51.25
ANIP,$48.6094,1440447610974,"174,496",89% bullish,of 19 ratings,$66
ATRS,$1.7206,1440447611226,"808,008",92% bullish,of 12 ratings,$4.50
ANTH,$7.05,1440447611918,"1,138,506",80% bullish,of 10 ratings,$13
CRMT,$37.2257,1440447612367,"50,410",100% bearish,of 1 rating,$39
ABAC,$0.6501,1440447613194,"29,863",100% bearish,of 1 rating,N/A
ATNY,$2.3404,1440447613623,"3,801",50% bullish,of 2 ratings,$3.75
APOG,$49.7764,1440447613685,"156,303",100% bullish,of 1 rating,$67
APIC,$6.07,1440447613721,"127,637",100% bearish,of 1 rating,$19
APOL,$10.755,1440447613759,"992,931",87% bearish,of 68 ratings,$14
AINV,$6.325,1440447613891,"2,296,152",50% bullish,of 4 ratings,$8
APPF,$15.6,1440447614189,"64,437",50% bullish,of 2 ratings,$22
ARCI,$1.3,1440447614430,362,Not yet rated,NULL,N/A
AAPL,$103.34,1440447614455,"92,600,412",86% bullish,of 2342 ratings,$150
APDN,$3.01,1440447614589,"54,224",Not yet rated,NULL,$9
APDNW,$1.1442,1440447614614,"6,573",Not yet rated,NULL,N/A
AGTC,$15.12,1440447614672,"47,454",50% bullish,of 2 ratings,$33
AMAT,$15.215,1440447614698,"17,388,776",82% bullish,of 11 ratings,$23
AMCC,$5.26,1440447615161,"835,272",80% bullish,of 5 ratings,$8
AAOI,$19.15,1440447615325,"404,276",50% bullish,of 4 ratings,$26
APRI,$1.209,1440447616062,"117,299",83% bullish,of 6 ratings,$4.86
APTO,$4.6806,1440447616194,"6,588",Not yet rated,NULL,$17
AUMA,$9.81,1440447616247,500,Not yet rated,NULL,N/A
AQMS,$4.66,1440447616268,"16,886",Not yet rated,NULL,N/A
AUMAU,$9.97,1440447616297,600,Not yet rated,NULL,N/A
AQXP,$17.78,1440447616349,"438,888",50% bullish,of 2 ratings,$2
AUMAW,NULL,1440447616494,0,Not yet rated,NULL,N/A
ARDM,$6.94,1440447616646,250,100% bullish,of 1 rating,$26
PETX,$16.7991,1440447617047,"277,710",100% bearish,of 2 ratings,$26
ABUS,$7,1440447617077,"303,286",86% bullish,of 14 ratings,$23
ARCW,$3.24,1440447617225,"16,689",100% bearish,of 2 ratings,$10.50
RKDA,$5.46,1440447617432,"24,132",100% bearish,of 2 ratings,$10
ABIO,$0.85,1440447617563,"308,670",50% bullish,of 2 ratings,$3.75
AREX,$1.94,1440447618308,"1,026,404",100% bearish,of 1 rating,$3
ARCB,$28.49,1440447618609,"239,700",67% bearish,of 3 ratings,$39.50
ACGL,$67.68,1440447618716,"342,770",50% bullish,of 2 ratings,$72
ARDX,$16.96,1440447618859,"68,849",50% bullish,of 2 ratings,$24.50
ACAT,$25.17,1440447618907,"157,873",100% bearish,of 3 ratings,$33
ARCC,$14.84,1440447619079,"3,124,364",67% bearish,of 3 ratings,$17.875
ARNA,$2.725,1440447619117,"1,926,433",90% bullish,of 77 ratings,$5.50
ARGS,$6.1,1440447619249,"86,479",50% bullish,of 2 ratings,$19.50
AGII,$55.55,1440447619274,"119,795",Not yet rated,NULL,$59.50
ARIA,$6.425,1440447619477,"2,308,880",87% bullish,of 46 ratings,$9
ARIS,$3.19,1440447619687,"52,055",Not yet rated,NULL,$4.50
AGIIL,$25,1440447619713,"9,307",Not yet rated,NULL,N/A
ARKR,$24.56,1440447619974,"2,800",50% bullish,of 2 ratings,N/A
ARMH,$40.24,1440447620215,"2,176,775",54% bearish,of 13 ratings,$61
ARTX,$1.43,1440447620402,"176,553",88% bullish,of 16 ratings,$4.50
ARWA,NULL,1440447620431,0,Not yet rated,NULL,N/A
ARWAU,$10.2,1440447621043,400,100% bullish,of 1 rating,N/A
ARRY,$5.28,1440447621296,"1,469,299",100% bullish,of 7 ratings,$10
ARRS,$25.51,1440447621334,"834,356",50% bullish,of 2 ratings,$38
DWAT,$9.7899,1440447621360,"4,713",100% bearish,of 1 rating,N/A
ARQL,$1.63,1440447621381,"193,154",75% bullish,of 4 ratings,$5
ARWAW,$0.1051,1440447621402,"1,436",Not yet rated,NULL,N/A
ARWAR,NULL,1440447621529,0,Not yet rated,NULL,N/A
AROW,$27.15,1440447621649,"25,979",Not yet rated,NULL,N/A
ARWR,$5.0457,1440447621786,"1,421,195",75% bullish,of 4 ratings,$10.50
ARTNA,$22.31,1440447622327,"18,753",100% bearish,of 1 rating,$29
ARTW,$4.38,1440447622352,"4,159",75% bearish,of 4 ratings,N/A
ASBB,$23.75,1440447622993,900,Not yet rated,NULL,N/A
ASNA,$10.96,1440447623129,"2,615,986",50% bullish,of 2 ratings,$18
ASCMA,$26.94,1440447623600,"74,601",100% bearish,of 1 rating,$45
ASMI,NULL,1440447623643,0,NULL,NULL,NULL
ASTI,$0.1025,1440447623733,"1,704,807",83% bullish,of 6 ratings,$3
APWC,$1.8001,1440447623778,"1,602",100% bearish,of 1 rating,N/A
ASND,$17.88,1440447623836,"79,839",100% bullish,of 1 rating,$30
ASML,$86.09,1440447623911,"1,592,674",50% bullish,of 4 ratings,$127
ASMB,$12.73,1440447624050,"48,526",67% bullish,of 3 ratings,N/A
ASFI,$8.91,1440447624153,"12,035",100% bullish,of 1 rating,N/A
AZPN,$37.33,1440447624178,"924,526",50% bullish,of 2 ratings,$42
ALOT,$13.45,1440447624229,322,100% bearish,of 1 rating,N/A
ASTC,$1.9,1440447624357,"59,472",100% bullish,of 5 ratings,N/A
ATAI,$2.4,1440447624572,"20,200",100% bearish,of 1 rating,N/A
ATRO,$51.49,1440447624620,"102,703",100% bearish,of 2 ratings,$80
ASUR,$5.452,1440447624646,"4,670",100% bearish,of 2 ratings,$8
ATRA,$40.0973,1440447624875,"169,566",50% bullish,of 2 ratings,$68
AFCB,$28.75,1440447625008,300,Not yet rated,NULL,N/A
ATHN,$127.79,1440447625049,"288,861",67% bearish,of 3 ratings,$153
ASTE,$35.39,1440447625078,"51,715",100% bearish,of 1 rating,$48
ATHX,$1.1201,1440447625110,"228,167",89% bullish,of 9 ratings,$5
AAME,$3.4884,1440447625132,"1,069",Not yet rated,NULL,N/A
ACFC,$6.02,1440447625213,"57,603",Not yet rated,NULL,$6.50
AAPC,$10.1,1440447625613,"1,713",Not yet rated,NULL,N/A
ATLC,$3.75,1440447625712,"19,620",67% bullish,of 3 ratings,N/A
ATNI,$71.7637,1440447625868,"54,953",100% bearish,of 1 rating,$69.50
AAWW,$39.75,1440447625912,"358,293",50% bullish,of 2 ratings,$65
AFH,$16.35,1440447625998,"27,602",Not yet rated,NULL,$21.50
ATML,$6.65,1440447626457,"3,842,050",78% bullish,of 9 ratings,$9.50
ATOS,$0.786,1440447626900,"224,496",100% bullish,of 7 ratings,$7
ATRM,$2.87,1440447627059,605,50% bullish,of 2 ratings,N/A
AUBN,$26.49,1440447627080,"2,546",Not yet rated,NULL,N/A
ATRC,$24.61,1440447627163,"202,860",100% bullish,of 1 rating,$30
LIFE,$13.7,1440447627217,"45,918",86% bullish,of 7 ratings,$43
ATTU,$12.88,1440447627350,"114,227",100% bearish,of 1 rating,$20.50
ATRI,$375.08,1440447627376,"1,692",Not yet rated,NULL,N/A
AUPH,$3.02,1440447627398,"41,651",100% bearish,of 1 rating,$8
AUDC,$3.0497,1440447627545,"73,221",80% bullish,of 5 ratings,$5
ADAT,$0.122,1440447627595,"12,609",100% bullish,of 2 ratings,N/A
ADSK,$49.72,1440447627907,"2,541,110",67% bullish,of 6 ratings,$69.50
EARS,$4.33,1440447627934,"63,483",100% bearish,of 2 ratings,$11.50
ABTL,$16.71,1440447627967,"235,282",100% bullish,of 4 ratings,$20.25
ADP,$76.89,1440447628084,"3,272,184",100% bearish,of 1 rating,$88
AVGO,$110.04,1440447628210,"3,395,314",88% bullish,of 8 ratings,$160
AAVL,$10.23,1440447628307,"430,969",100% bearish,of 1 rating,$20
AVEO,$1.2694,1440447628409,"1,218,942",75% bullish,of 8 ratings,$3
AVNU,$12.5,1440447628448,"10,630",Not yet rated,NULL,$14
AVID,$7.66,1440447628506,"496,091",100% bearish,of 1 rating,$20
CAR,$40.91,1440447628682,"2,095,891",80% bullish,of 5 ratings,$60
AVGR,$13.9799,1440447628782,"31,521",100% bearish,of 1 rating,$20
AWRE,$3.1399,1440447629014,"17,104",67% bullish,of 3 ratings,N/A
ACLS,$3.1,1440447629144,"543,884",67% bullish,of 6 ratings,$4.75
AXPWW,NULL,1440447629406,0,Not yet rated,NULL,N/A
AXPW,$1.1099,1440447629433,"47,742",83% bullish,of 6 ratings,N/A
AVNW,$1.16,1440447629835,"90,534",50% bullish,of 2 ratings,$2.20
AXTI,$2.13,1440447630244,"65,167",50% bullish,of 2 ratings,$2.75
RILY,$9.66,1440447630427,405,Not yet rated,NULL,N/A
BOSC,$2.296,1440447630454,"8,066",50% bullish,of 2 ratings,N/A
AXGN,$3.9,1440447630475,"28,372",Not yet rated,NULL,$5
BIDU,$141.81,1440447630610,"6,173,432",81% bullish,of 88 ratings,$210
BCOM,$17.29,1440447630690,"1,000",100% bearish,of 1 rating,N/A
BCPC,$57.1739,1440447631380,"105,231",100% bearish,of 1 rating,$75
BWINA,NULL,1440447631415,0,Not yet rated,NULL,N/A
BEAV,$46.38,1440447631440,"1,234,529",67% bearish,of 3 ratings,$59
BWINB,$23.03,1440447631484,"60,328",Not yet rated,NULL,N/A
BLDP,$1.165,1440447631510,"631,022",91% bullish,of 22 ratings,$2.50
BANF,$59.11,1440447631538,"14,755",Not yet rated,NULL,$68
BANFP,$27.38,1440447632275,603,Not yet rated,NULL,N/A
BMRC,$47.75,1440447632937,"5,522",Not yet rated,NULL,$52
BKMU,$6.81,1440447633282,"91,503",Not yet rated,NULL,$8
BKSC,$15.1,1440447633560,"5,753",Not yet rated,NULL,N/A
BOTJ,$10.9501,1440447633657,"2,263",Not yet rated,NULL,N/A
BOCH,$5.68,1440447633786,"18,771",Not yet rated,NULL,$6.50
BWFG,$17.9,1440447633835,972,100% bearish,of 1 rating,N/A
OZRK,$39.61,1440447633882,"532,483",67% bullish,of 3 ratings,$49.50
BZUN,$4.76,1440447633917,"615,736",50% bullish,of 2 ratings,$12.60
BFIN,$11.79,1440447634017,"25,810",Not yet rated,NULL,$13
BHAC,NULL,1440447634487,0,Not yet rated,NULL,N/A
TAPR,$29.0007,1440447634514,"3,934",100% bearish,of 1 rating,N/A
BHACW,NULL,1440447634534,0,Not yet rated,NULL,N/A
BHACR,NULL,1440447634564,0,Not yet rated,NULL,N/A
BHACU,NULL,1440447634589,0,Not yet rated,NULL,N/A
BBSI,$33.38,1440447634884,"77,831",67% bearish,of 3 ratings,$62.50
BANR,$44.08,1440447635336,"66,847",100% bullish,of 3 ratings,$50
BYLK,$12.52,1440447635858,"12,127",Not yet rated,NULL,$14
BV,$5.0291,1440447636112,"250,718",67% bullish,of 6 ratings,$9
BCBP,$11.46,1440447636271,"10,899",Not yet rated,NULL,N/A
BYBK,$4.88,1440447636296,"1,000",100% bearish,of 1 rating,N/A
BSF,$8.3,1440447636579,"16,139",Not yet rated,NULL,N/A
BBCN,$14.13,1440447636679,"240,798",100% bearish,of 1 rating,$16
BBGI,$4.24,1440447636775,"1,190",100% bearish,of 1 rating,N/A
BEBE,$1.78,1440447636825,"119,654",75% bullish,of 4 ratings,$3.075
BECN,$34.27,1440447636851,"291,401",50% bullish,of 2 ratings,$40
BBBY,$60.27,1440447637172,"2,181,086",71% bullish,of 7 ratings,$75
BELFB,$17.94,1440447637202,"19,628",100% bearish,of 1 rating,N/A
BSET,$27.64,1440447637304,"47,443",100% bearish,of 1 rating,$35
BELFA,$14.19,1440447637466,"1,210",100% bearish,of 1 rating,N/A
BDCV,$4.7401,1440447637568,"9,844",100% bearish,of 1 rating,$10.19
BLPH,$4.91,1440447637934,"15,852",100% bearish,of 1 rating,$12.50
BNFT,$34.51,1440447638193,"71,246",67% bullish,of 3 ratings,$46
BNTC,$7.8601,1440447638320,"6,710",100% bullish,of 1 rating,N/A
BLCM,$16.52,1440447638411,"238,751",50% bullish,of 4 ratings,$40
BNCL,$12.29,1440447638461,"377,223",100% bullish,of 3 ratings,$12.50
BGMD,$0.82,1440447638482,"185,593",100% bullish,of 10 ratings,N/A
BGCP,$8.4,1440447638670,"1,120,764",88% bullish,of 8 ratings,$14
ORPN,$5.03,1440447638862,"31,707",100% bullish,of 1 rating,$28.50
BASI,$1.45,1440447639040,"5,770",Not yet rated,NULL,N/A
BIND,$4.25,1440447639404,"93,141",75% bullish,of 4 ratings,$13.50
BIOC,$1.94,1440447639639,"311,115",83% bullish,of 6 ratings,$3.85
BCDA,NULL,1440447639666,0,Not yet rated,NULL,N/A
BGFV,$10.49,1440447639691,"116,075",57% bullish,of 7 ratings,$12
BDSI,$6.255,1440447639919,"697,141",88% bullish,of 8 ratings,$17
BIOD,$0.64,1440447639965,"110,822",80% bullish,of 5 ratings,$4
BIIB,$280.69,1440447639990,"2,853,674",88% bullish,of 16 ratings,$400
BCRX,$11.55,1440447640506,"541,855",63% bullish,of 8 ratings,$18
BIOL,$1.37,1440447640775,"77,697",Not yet rated,NULL,N/A
BLFS,$2.13,1440447640854,"55,868",100% bearish,of 1 rating,$4.75
BVXVW,$0.72,1440447641080,"24,842",100% bearish,of 1 rating,N/A
BMRN,$120.46,1440447641129,"996,778",80% bullish,of 5 ratings,$160
BVXV,$3.41,1440447641270,"42,494",Not yet rated,NULL,N/A
BPTH,$1.1,1440447641427,"170,541",100% bullish,of 2 ratings,$5
BIOS,$1.945,1440447641695,"1,070,586",71% bullish,of 7 ratings,$4
BBC,$29.0815,1440447641777,"37,990",Not yet rated,NULL,N/A
BBP,$30.35,1440447642511,"94,255",Not yet rated,NULL,N/A
BSPM,$0.6324,1440447642614,"56,381",50% bullish,of 2 ratings,N/A
BSTC,$47.04,1440447642639,"44,662",100% bearish,of 1 rating,$76
TECH,$95,1440447642669,"129,463",100% bullish,of 1 rating,$117
BITI,$16.24,1440447642694,"21,820",100% bullish,of 1 rating,$28
BRLI,NULL,1440447642719,0,NULL,NULL,NULL
BOTA,$2.1,1440447642740,"65,340",88% bullish,of 8 ratings,N/A
BJRI,$43.7573,1440447643387,"245,729",50% bullish,of 2 ratings,$55
BDE,$7.16,1440447643447,"504,031",50% bullish,of 2 ratings,$9
BDMS,$12.693,1440447643472,100,100% bearish,of 1 rating,N/A
BLKB,$57.59,1440447643497,"125,142",100% bearish,of 2 ratings,$66
BLRX,$1.225,1440447643868,"405,309",100% bullish,of 12 ratings,$5
BEAT,$14.11,1440447644780,"465,176",67% bearish,of 3 ratings,$15
HAWK,$40.095,1440447644986,"604,157",91% bullish,of 11 ratings,$49
ADRA,$25.7988,1440447645091,"6,085",100% bearish,of 1 rating,N/A
ADRU,$21.65,1440447645116,"12,288",100% bearish,of 1 rating,N/A
BKCC,$8.78,1440447645194,"844,626",100% bullish,of 2 ratings,$10
ADRE,$28.35,1440447645643,"68,975",100% bearish,of 1 rating,N/A
BLMN,$19.46,1440447645674,"1,009,762",83% bullish,of 6 ratings,$27.50
ADRD,$21.1608,1440447645702,"24,781",100% bearish,of 1 rating,N/A
BCOR,$13.15,1440447645733,"285,392",57% bullish,of 7 ratings,$15
BUFF,$26.27,1440447645778,"407,681",83% bullish,of 12 ratings,$31.50
BLBD,$11.4,1440447645832,"10,191",Not yet rated,NULL,N/A
BBRY,$6.985,1440447646199,"7,487,560",61% bullish,of 330 ratings,$9
BBOX,$14.99,1440447646242,"48,618",100% bearish,of 1 rating,N/A
BBLU,$0.7601,1440447646330,"131,007",100% bullish,of 2 ratings,$4.43
BHBK,$13.925,1440447646418,"66,595",100% bullish,of 1 rating,$14.50
BKEPP,$7.6,1440447646845,"4,450",100% bearish,of 1 rating,N/A
BPMC,$24.7098,1440447646916,"181,395",50% bullish,of 2 ratings,$47.50
NILE,$32.29,1440447647213,"98,720",50% bullish,of 2 ratings,$34
BNCN,$20.43,1440447647243,"40,562",Not yet rated,NULL,$23
BKEP,$6.11,1440447647291,"87,204",100% bearish,of 1 rating,$8.50
BLUE,$120.31,1440447647343,"602,627",71% bullish,of 7 ratings,$217.50
BOBE,$43.19,1440447647394,"143,670",75% bullish,of 4 ratings,$57
BOFI,$120.95,1440447647811,"325,965",100% bullish,of 6 ratings,$144
BOKF,$59.06,1440447648331,"190,522",100% bearish,of 1 rating,$70.50
WIFI,$7.42,1440447648357,"320,357",50% bullish,of 2 ratings,$13.50
BNSO,$1.25,1440447648584,"10,326",100% bearish,of 1 rating,N/A
BOJA,$20.42,1440447648610,"320,882",100% bullish,of 1 rating,$30
BPFHP,$25,1440447648740,100,100% bearish,of 1 rating,N/A
BPFH,$11.53,1440447648807,"403,617",100% bearish,of 1 rating,$14
EPAY,$25.1316,1440447648913,"61,316",100% bearish,of 2 ratings,$30
BPFHW,NULL,1440447648942,0,100% bearish,of 1 rating,N/A
BAMM,$3.18,1440447648964,"45,902",60% bullish,of 5 ratings,N/A
BBRG,$12.44,1440447649136,"82,721",67% bullish,of 3 ratings,$14.50
BCLI,$2.7,1440447649213,"211,389",80% bullish,of 5 ratings,$12
BBEPP,$12.52,1440447649270,"65,054",100% bearish,of 1 rating,N/A
BDBD,$8.255,1440447649375,"1,008,282",60% bullish,of 5 ratings,$10
BBEP,$2.2,1440447649505,"1,544,948",69% bullish,of 13 ratings,$5.625
BDGE,$26.75,1440447649746,"16,764",Not yet rated,NULL,$31.75
BRCM,$47.81,1440447650261,"3,916,074",75% bullish,of 12 ratings,$56
BRID,NULL,1440447650310,0,100% bearish,of 1 rating,N/A
BLIN,$1.25,1440447650388,"8,057",50% bullish,of 2 ratings,$2.20
BSFT,$30.16,1440447650492,"105,607",57% bullish,of 7 ratings,$40.50
BVSN,$5.65,1440447650529,"4,912",60% bearish,of 5 ratings,N/A
BCOV,$5.08,1440447650568,"156,136",67% bullish,of 3 ratings,$10.20
BONA,$10.99,1440447650595,"839,647",75% bullish,of 4 ratings,$8.50
BYFC,$1.47,1440447650665,"1,100",50% bullish,of 2 ratings,N/A
BRCD,$10.07,1440447650977,"4,448,902",92% bullish,of 13 ratings,$12
BWEN,$3.15,1440447651005,"29,500",100% bullish,of 3 ratings,$8
BRKL,$10.38,1440447651134,"236,688",100% bearish,of 1 rating,$10.75
BRKS,$10.11,1440447651234,"96,891",67% bullish,of 3 ratings,$15.25
BRKR,$18.42,1440447651360,"403,092",100% bearish,of 2 ratings,$22
BWLD,$187.87,1440447651724,"261,535",82% bullish,of 11 ratings,$205
BLDR,$14.16,1440447651750,"1,026,259",50% bullish,of 2 ratings,$22
CFFI,$34.625,1440447651797,"2,088",100% bearish,of 1 rating,N/A
BUR,$1.86,1440447651886,"30,156",100% bearish,of 1 rating,$8
CA,$26.65,1440447651994,"3,848,355",50% bullish,of 4 ratings,$33
CCMP,$42.66,1440447652364,"55,914",50% bullish,of 2 ratings,$59
CDNS,$19.13,1440447652398,"1,526,543",75% bullish,of 4 ratings,$22.50
CHRW,$65.6,1440447652496,"1,800,997",Not yet rated,NULL,$72
BMTC,$28.69,1440447652521,"44,199",Not yet rated,NULL,$34
CACQ,$6.92,1440447652927,"50,324",100% bearish,of 1 rating,$12.25
BSQR,$5.78,1440447653136,"73,221",67% bullish,of 3 ratings,N/A
CZR,$9.21,1440447653238,"1,949,334",60% bearish,of 5 ratings,$10.50
CLBS,$1.28,1440447653268,"232,461",79% bullish,of 14 ratings,$4
PRSS,$4.35,1440447653329,"27,092",80% bullish,of 5 ratings,$4.50
CSTE,$42.57,1440447653368,"448,919",100% bearish,of 1 rating,$65
CLMS,$10.66,1440447653550,"90,659",Not yet rated,NULL,$10.50
CHY,$10.9,1440447653788,"635,168",Not yet rated,NULL,N/A
BLMT,$20.48,1440447653922,"5,772",Not yet rated,NULL,N/A
CHI,$10.11,1440447653948,"538,484",100% bearish,of 1 rating,N/A
CGO,$11.33,1440447654809,"49,883",100% bearish,of 1 rating,N/A
CSQ,$9.3997,1440447654835,"868,817",Not yet rated,NULL,N/A
CFGE,$10.2,1440447655014,"1,826",Not yet rated,NULL,N/A
CHW,$7.09,1440447655087,"417,176",100% bearish,of 1 rating,N/A
CVGW,$55.44,1440447655215,"109,051",50% bullish,of 2 ratings,$58.50
CAMP,$15.26,1440447655263,"293,934",88% bullish,of 8 ratings,$25
CALA,$4.7,1440447655543,"429,659",100% bullish,of 3 ratings,$19.50
CALD,$15.02,1440447655568,"232,897",100% bearish,of 1 rating,$20.50
CALM,$47.7,1440447655793,"493,126",80% bullish,of 5 ratings,$65
CCD,$18.69,1440447655862,"115,169",Not yet rated,NULL,N/A
CLMT,$24,1440447655887,"683,481",75% bullish,of 8 ratings,$31
CFNB,$13.45,1440447656404,141,100% bearish,of 1 rating,N/A
ABCD,$4.71,1440447656535,"99,576",83% bullish,of 6 ratings,N/A
CAMBU,NULL,1440447656599,0,100% bearish,of 1 rating,N/A
CAC,$39.9,1440447656863,"6,225",Not yet rated,NULL,N/A
CAMBW,$0.1499,1440447656994,"4,360",Not yet rated,NULL,N/A
CAMB,$10.0499,1440447657062,400,Not yet rated,NULL,N/A
CAMT,$2.62,1440447657120,"107,221",73% bullish,of 11 ratings,$4
CSIQ,$16.42,1440447657151,"2,806,353",86% bullish,of 28 ratings,$45
CDZI,$7.42,1440447657172,"23,645",100% bearish,of 1 rating,N/A
CGIX,$8.98,1440447657835,"38,903",67% bullish,of 3 ratings,$14.375
CPHC,$10.23,1440447657917,"4,511",100% bearish,of 1 rating,N/A
CPLP,$6.79,1440447658316,"636,963",71% bullish,of 7 ratings,$11
CCBG,$14.73,1440447658521,"19,582",Not yet rated,NULL,$17.25
CBNJ,$10.7,1440447658547,"65,263",100% bullish,of 1 rating,N/A
CPLA,$47.5,1440447658568,"55,792",67% bearish,of 3 ratings,$65
CBF,$28.7157,1440447658597,"52,042",Not yet rated,NULL,$32
CAPN,$1.79,1440447659620,"159,548",100% bullish,of 1 rating,$10.85
CAPR,$3.9742,1440447659719,"22,787",Not yet rated,NULL,$12
CAPNW,$0.65,1440447659778,900,Not yet rated,NULL,N/A
CFFN,$11.82,1440447660084,"721,941",Not yet rated,NULL,$12.75
CPTA,$13.36,1440447660171,"160,499",100% bearish,of 1 rating,$18.50
CSWC,$44.49,1440447660271,"42,254",Not yet rated,NULL,N/A
CARA,$19.0615,1440447661003,"329,784",50% bullish,of 4 ratings,$25
CARB,$11.015,1440447661376,"93,812",75% bullish,of 4 ratings,$12
CRDC,$0.38,1440447661841,"115,567",100% bullish,of 1 rating,$1.25
CBYL,$5.59,1440447661919,"50,726",100% bearish,of 1 rating,$20
CFNL,$21.7,1440447662021,"73,535",Not yet rated,NULL,$24
CRME,$8.92,1440447662263,"30,616",89% bullish,of 9 ratings,$11.25
CSII,$23.62,1440447662307,"154,712",100% bearish,of 2 ratings,$42.125
CPST,$0.3603,1440447662404,"749,873",95% bullish,of 22 ratings,$1.25
CDNA,$6.33,1440447662435,"9,787",100% bearish,of 1 rating,$9
CATM,$33.78,1440447662463,"308,807",100% bearish,of 1 rating,$44
CECO,$3.56,1440447662629,"251,994",67% bearish,of 3 ratings,$6
CKEC,$22.02,1440447662656,"203,733",50% bullish,of 2 ratings,$35.915
CTRE,$11.65,1440447662682,"307,840",50% bullish,of 2 ratings,N/A
CLBH,$12.605,1440447663727,"1,056",Not yet rated,NULL,$16.50
CARO,$15,1440447664085,"6,865",100% bearish,of 1 rating,$19
CART,$5.3999,1440447664110,"4,660",100% bearish,of 1 rating,N/A
CRZO,$28.4,1440447664558,"977,128",67% bearish,of 3 ratings,$57
CARV,$5.8,1440447664661,"1,400",50% bullish,of 2 ratings,N/A
CRTN,$2.47,1440447664689,"3,050",100% bearish,of 1 rating,N/A
TAST,$11.44,1440447664720,"174,707",Not yet rated,NULL,$14.25
CSCD,$14.94,1440447665001,"54,413",100% bullish,of 2 ratings,$17
CWST,$6.01,1440447665054,"295,759",50% bullish,of 2 ratings,$7.25
CACB,$5.27,1440447665136,"54,939",Not yet rated,NULL,$5.50
CASM,$1.1,1440447665204,"25,445",100% bullish,of 1 rating,$3.50
CASI,$1.4751,1440447665304,"17,479",100% bullish,of 1 rating,$3.50
CASY,$103.22,1440447665444,"244,642",50% bullish,of 2 ratings,$99.50
CASS,$45.458,1440447665465,"17,041",100% bearish,of 1 rating,N/A
CATB,$10.89,1440447665494,"23,544",100% bearish,of 1 rating,$28
CPRX,$3.25,1440447665671,"719,606",71% bullish,of 7 ratings,$7
CATY,$28.4,1440447665952,"588,039",100% bearish,of 1 rating,$33.50
CVCO,$71.4547,1440447665982,"33,572",100% bearish,of 1 rating,N/A
CATYW,$8.92,1440447666080,700,100% bearish,of 1 rating,N/A
CAVM,$63.27,1440447666414,"452,464",67% bearish,of 3 ratings,$72
CNLMR,NULL,1440447666441,0,Not yet rated,NULL,N/A
CNLMW,NULL,1440447666571,0,Not yet rated,NULL,N/A
CBOE,$60.64,1440447666632,"560,361",Not yet rated,NULL,$60
CNLMU,$10.37,1440447666931,200,100% bullish,of 1 rating,N/A
CPXX,$2.035,1440447667124,"306,696",100% bullish,of 2 ratings,$7
CBFV,$20.28,1440447667261,"2,500",Not yet rated,NULL,N/A
CDK,$47,1440447667299,"1,242,957",67% bearish,of 3 ratings,$50
CECE,$9.29,1440447667357,"105,625",50% bullish,of 2 ratings,$16
CDW,$37.54,1440447667394,"925,302",75% bullish,of 4 ratings,$44
CELG,$114.61,1440447667429,"6,142,707",92% bullish,of 13 ratings,$155.50
CLDN,$1.03,1440447667759,"190,568",71% bullish,of 7 ratings,$3
CNLM,NULL,1440447667784,0,Not yet rated,NULL,N/A
CLRBW,NULL,1440447667841,0,Not yet rated,NULL,N/A
CLDX,$13,1440447668005,"1,424,997",89% bullish,of 9 ratings,$36
CELGZ,$1.51,1440447668170,"22,257",80% bullish,of 5 ratings,N/A
CLLS,$27.84,1440447668527,"89,864",75% bullish,of 4 ratings,$51.50
CLSN,$1.8717,1440447668598,"127,999",80% bullish,of 10 ratings,$7.50
CEMP,$33.8,1440447668816,"563,970",71% bullish,of 7 ratings,$52
CLTX,$2.78,1440447668857,"992,600",100% bullish,of 2 ratings,N/A
CETX,$2.2299,1440447668883,"9,132",Not yet rated,NULL,$5.60
CLRB,$3.15,1440447668904,"7,340",100% bearish,of 1 rating,N/A
CYAD,$47.5597,1440447669140,"1,950",100% bullish,of 1 rating,$87.50
CSFL,$13.68,1440447669570,"173,396",Not yet rated,NULL,$15
CBMG,$21.81,1440447669597,"92,291",50% bullish,of 2 ratings,N/A
CVCY,$11.05,1440447669848,375,Not yet rated,NULL,$12
CENX,$4.6,1440447669916,"1,491,462",67% bullish,of 6 ratings,$9
CETV,$1.91,1440447669945,"109,567",67% bullish,of 3 ratings,$2.80
CENT,$11.49,1440447670145,"191,935",Not yet rated,NULL,$10
CENTA,$12.5,1440447670276,"170,658",Not yet rated,NULL,N/A
CPHD,$47.515,1440447670460,"639,703",50% bullish,of 2 ratings,$66.50
CNTY,$5.77,1440447670525,"26,014",80% bullish,of 5 ratings,$7.75
CRNT,$1.29,1440447670587,"355,878",50% bullish,of 2 ratings,$2
CNBKA,$39,1440447670849,"5,020",50% bullish,of 2 ratings,N/A
CERU,$3.3601,1440447671000,"68,469",75% bullish,of 4 ratings,$15
CERN,$60.63,1440447671192,"2,737,839",67% bullish,of 3 ratings,$79
CERE,$1.04,1440447671262,"295,608",88% bullish,of 8 ratings,N/A
KOOL,$0.64,1440447671454,"91,976",100% bullish,of 5 ratings,$7
CYOU,$19.37,1440447671645,"263,567",50% bullish,of 6 ratings,$24
CFBK,$1.37,1440447671683,"5,501",Not yet rated,NULL,N/A
HOTR,$1.4,1440447671815,"136,857",100% bullish,of 2 ratings,$5
CEVA,$17.82,1440447671973,"73,729",100% bearish,of 1 rating,$25
HOTRW,NULL,1440447672208,0,Not yet rated,NULL,N/A
CHTR,$172.65,1440447672449,"1,336,341",100% bearish,of 2 ratings,$196
CHKP,$75.13,1440447672549,"1,319,898",50% bullish,of 4 ratings,$92
CHFN,$12.32,1440447672814,"17,094",Not yet rated,NULL,$14
CHEKW,$1.0687,1440447673123,500,Not yet rated,NULL,N/A
CERS,$4.48,1440447674214,"534,251",75% bullish,of 4 ratings,$7
CEMI,$3.89,1440447674345,"25,274",50% bullish,of 2 ratings,$7.50
GTLS,$21.84,1440447674451,"276,058",50% bullish,of 4 ratings,$40
CCXI,$6.48,1440447674483,"84,195",67% bullish,of 3 ratings,$14
CTHR,$1.3,1440447674576,"56,268",50% bullish,of 2 ratings,$2.50
CHEK,$3,1440447674614,"3,008",Not yet rated,NULL,$7.75
CHFC,$30.63,1440447674744,"39,823",100% bearish,of 1 rating,$36
CHMA,$24,1440447675290,"125,045",Not yet rated,NULL,$40
CHEV,$14.3501,1440447675339,"7,487",Not yet rated,NULL,N/A
CBNK,$16.5,1440447675428,"1,434",100% bearish,of 1 rating,N/A
CHMG,$26.59,1440447675750,560,Not yet rated,NULL,$30
CHKE,$25.4,1440447675824,"27,491",100% bearish,of 1 rating,$32.50
CMRX,$45.325,1440447676147,"242,049",50% bullish,of 2 ratings,$57
CALI,$0.82,1440447676457,"10,726",67% bullish,of 3 ratings,N/A
CBAK,$1.6063,1440447676484,"64,475",67% bullish,of 9 ratings,N/A
PLCE,$57.18,1440447676531,"427,397",100% bearish,of 1 rating,$71
CCCL,$0.7614,1440447676626,"10,154",100% bullish,of 6 ratings,N/A
CCCR,$0.8,1440447676673,"1,500",67% bearish,of 3 ratings,N/A
CADC,$3.11,1440447676699,"6,345",78% bullish,of 9 ratings,N/A
CHOP,$1.18,1440447676720,"43,026",50% bullish,of 2 ratings,N/A
CAAS,$5.81,1440447677102,"50,155",93% bullish,of 14 ratings,$11.50
HGSH,$1.72,1440447677198,"16,270",67% bullish,of 3 ratings,N/A
CHLN,$1.7001,1440447677467,"8,033",67% bullish,of 3 ratings,N/A
CNIT,$1.29,1440447677524,"219,175",67% bullish,of 6 ratings,N/A
CBPO,$89.89,1440447677940,"412,852",75% bullish,of 8 ratings,$140.50
JRJC,$3.01,1440447678034,"413,292",82% bullish,of 11 ratings,N/A
CJJD,$1.83,1440447678066,"59,056",100% bullish,of 1 rating,N/A
CSUN,$1.2942,1440447678140,"43,794",80% bullish,of 5 ratings,N/A
CNTF,$0.825,1440447678165,"216,557",Not yet rated,NULL,N/A
CREG,$0.6521,1440447678343,"43,769",100% bullish,of 3 ratings,N/A
CPGI,$6.9,1440447678372,"3,572",Not yet rated,NULL,N/A
CCIH,$5.97,1440447678501,"462,721",67% bullish,of 6 ratings,$12.65
HTHT,$23.8,1440447678641,"91,193",50% bullish,of 2 ratings,$28.40
CNYD,$3,1440447678670,"11,368",67% bullish,of 3 ratings,N/A
CNET,$0.788,1440447678697,"82,457",50% bullish,of 2 ratings,N/A
IMOS,$16.1316,1440447678718,"188,458",60% bullish,of 5 ratings,$21.50
CHNR,$1.665,1440447678775,"7,883",100% bearish,of 1 rating,N/A
CXDC,$5.96,1440447679093,"142,497",67% bullish,of 3 ratings,N/A
CHSCM,$25.45,1440447679616,"66,832",Not yet rated,NULL,N/A
CHDN,$130.5323,1440447680083,"45,647",Not yet rated,NULL,$165
CHSCP,$30.01,1440447680114,"9,033",Not yet rated,NULL,N/A
CHUY,$30.51,1440447680135,"214,512",50% bullish,of 2 ratings,$34
CHSCL,$26.73,1440447680164,"48,750",Not yet rated,NULL,N/A
CHSCN,$26.18,1440447680215,"14,084",Not yet rated,NULL,N/A
CIFC,$6.61,1440447680720,"5,634",100% bearish,of 1 rating,N/A
CMCT,$15.35,1440447680778,"2,116",100% bearish,of 1 rating,N/A
CPHR,$5.75,1440447681210,"16,945",100% bearish,of 1 rating,$17
CDTX,$14.09,1440447681388,"19,393",Not yet rated,NULL,$22
CHSCO,$27.88,1440447681824,"15,814",Not yet rated,NULL,N/A
CTAS,$81.53,1440447681851,"453,040",100% bearish,of 1 rating,$91
CMPR,$66.8,1440447681872,"497,206",50% bullish,of 2 ratings,$72.50
CRUS,$27.28,1440447682003,"1,149,055",75% bullish,of 12 ratings,$44.50
CSCO,$25.31,1440447682134,"29,717,310",84% bullish,of 208 ratings,$32
CIDM,$0.595,1440447682278,"106,877",50% bullish,of 2 ratings,$2.10
CINF,$51.27,1440447682372,"728,873",50% bullish,of 4 ratings,$50.50
CZWI,$9,1440447682546,"11,000",Not yet rated,NULL,N/A
CZFC,NULL,1440447682769,0,Not yet rated,NULL,N/A
CHCO,$45.75,1440447682867,"35,093",Not yet rated,NULL,$46
CTRN,$27.0869,1440447682894,"123,264",100% bearish,of 1 rating,$31.50
CIVB,$10.066,1440447683202,700,Not yet rated,NULL,$11
CIZN,$19.01,1440447683456,"1,873",Not yet rated,NULL,N/A
CTXS,$67.02,1440447683503,"2,058,352",86% bullish,of 7 ratings,$80
CZNC,$19.58,1440447683735,"9,088",Not yet rated,NULL,N/A
CLFD,$16.8,1440447684136,"52,523",67% bullish,of 3 ratings,$18
CIVBP,$32.84,1440447684453,"1,300",Not yet rated,NULL,N/A
CLNE,$4.05,1440447684479,"1,201,981",80% bullish,of 15 ratings,$9
CLIR,$4.56,1440447684526,"88,694",100% bullish,of 3 ratings,N/A
CLNT,$1.51,1440447684551,"5,425",75% bullish,of 8 ratings,N/A
CSBK,$13.49,1440447684785,"74,707",Not yet rated,NULL,N/A
CMFN,$11.6611,1440447684884,"35,821",100% bearish,of 1 rating,$15.50
CLRO,$11.52,1440447684911,"13,502",50% bullish,of 2 ratings,$14.25
CDTI,$1.49,1440447684967,"145,261",75% bullish,of 4 ratings,$3.20
CME,$89.24,1440447685051,"1,961,894",67% bullish,of 3 ratings,$102
CLVS,$67.8,1440447685206,"437,100",60% bullish,of 5 ratings,$101.50
CBLI,$3.53,1440447685280,"63,533",60% bullish,of 5 ratings,N/A
CCNE,$16.51,1440447685412,"17,557",50% bullish,of 2 ratings,$21.50
CISG,$7.01,1440447685799,"187,423",100% bullish,of 5 ratings,$10
CWAY,$11.21,1440447685902,"3,154",Not yet rated,NULL,N/A
CDRB,$10.36,1440447685976,"26,145",67% bullish,of 3 ratings,N/A
CNV,$4.35,1440447686032,"62,562",50% bullish,of 2 ratings,$7.15
CDXS,$3.7,1440447686057,"59,589",64% bullish,of 11 ratings,$6
CVLY,$20.56,1440447686220,"11,348",Not yet rated,NULL,N/A
CCOI,$27.71,1440447686323,"421,704",50% bullish,of 4 ratings,$35
JVA,$4.49,1440447686490,"37,659",83% bullish,of 6 ratings,$7
COBZ,$12.64,1440447686541,"81,196",100% bullish,of 1 rating,$14
CGNT,$1.53,1440447686569,"211,692",100% bullish,of 2 ratings,$2
COKE,$155.24,1440447686707,"54,396",79% bullish,of 19 ratings,N/A
CGNX,$34.52,1440447686741,"757,844",50% bullish,of 2 ratings,$47
CTSH,$59.83,1440447686808,"3,569,125",90% bullish,of 10 ratings,$75
COHU,$9.46,1440447687198,"126,919",100% bearish,of 1 rating,$14.25
CLCT,$17.87,1440447687367,"48,597",100% bearish,of 1 rating,N/A
CHRS,$28.21,1440447687393,"100,169",67% bearish,of 3 ratings,$37
COHR,$55.74,1440447687421,"89,879",50% bullish,of 2 ratings,$72
COLL,$14.51,1440447687451,"68,123",100% bearish,of 1 rating,$26
CIGI,$41.85,1440447687558,"10,742",100% bearish,of 1 rating,$52
COLM,$58.34,1440447687858,"142,804",100% bearish,of 1 rating,$71
CLRX,$0.58,1440447687936,"311,003",50% bullish,of 2 ratings,N/A
CLCD,$6.88,1440447687965,"47,996",100% bearish,of 1 rating,$20.50
CMCO,$18.81,1440447687991,"62,965",60% bullish,of 5 ratings,$28
COLB,$29.26,1440447688039,"250,033",Not yet rated,NULL,$36
CBAN,$8.76,1440447688302,"4,173",Not yet rated,NULL,N/A
CBSH,$43.79,1440447688631,"476,620",50% bullish,of 2 ratings,$46
CMCSA,$54.77,1440447688727,"12,011,980",66% bullish,of 35 ratings,$69.50
CBMX,$1.1289,1440447688904,"72,426",83% bullish,of 6 ratings,$3.15
CMCSK,$55.575,1440447688930,"3,678,925",Not yet rated,NULL,$84
CBSHP,$25.04,1440447689415,"10,681",100% bearish,of 1 rating,N/A
COMM,$27.81,1440447689720,"1,340,230",67% bearish,of 3 ratings,$35
ESXB,$5.05,1440447689778,"11,150",Not yet rated,NULL,N/A
JCS,$8.51,1440447689912,"15,954",67% bullish,of 3 ratings,N/A
CYHHZ,$0.01,1440447690048,"230,689",100% bullish,of 1 rating,N/A
CWBC,NULL,1440447690074,0,Not yet rated,NULL,N/A
CUBN,$13.55,1440447690156,"12,687",Not yet rated,NULL,N/A
CVGI,$4.57,1440447690236,"39,983",50% bullish,of 2 ratings,$6
COB,$10.43,1440447690288,"7,032",100% bullish,of 1 rating,$11.75
CSAL,$19.71,1440447690338,"616,948",75% bullish,of 4 ratings,$30
CTBI,$34.25,1440447690900,"54,067",Not yet rated,NULL,$36
CIL,$33.0699,1440447690929,100,Not yet rated,NULL,N/A
CIZ,$32.193,1440447690999,"5,946",100% bearish,of 1 rating,N/A
CVLT,$35.38,1440447691026,"455,394",75% bullish,of 4 ratings,$44.50
CSA,$31.94,1440447691266,"1,900",Not yet rated,NULL,N/A
CSB,NULL,1440447691662,0,Not yet rated,NULL,N/A
CID,$33.1399,1440447691691,150,Not yet rated,NULL,N/A
CFO,$34.52,1440447691753,"39,770",100% bearish,of 1 rating,N/A
CDC,$33.98,1440447691782,"16,602",Not yet rated,NULL,N/A
CDL,$32.55,1440447691821,300,Not yet rated,NULL,N/A
CSF,$35.5601,1440447691890,"4,475",100% bearish,of 1 rating,N/A
CFA,$34.23,1440447692023,"4,881",100% bearish,of 1 rating,N/A
CGEN,$4.8,1440447692398,"280,291",50% bullish,of 2 ratings,$11
CPSI,$44.75,1440447692528,"83,222",100% bearish,of 1 rating,$45.50
SCOR,$53.43,1440447692911,"274,281",100% bearish,of 1 rating,$66
CTG,$6.59,1440447692993,"33,936",100% bearish,of 1 rating,$8.50
CMTL,$25.97,1440447693043,"39,281",100% bearish,of 2 ratings,$37
CHCI,$0.5899,1440447693414,"14,965",50% bullish,of 2 ratings,N/A
CNCE,$14.95,1440447693611,"126,048",75% bullish,of 4 ratings,$22
CNSI,$18.2481,1440447693679,"89,904",100% bearish,of 2 ratings,$29
CDOR,$1.28,1440447693705,"19,623",100% bullish,of 1 rating,N/A
CXRX,$68.43,1440447693991,"5,830",100% bearish,of 1 rating,$90
CFMS,$19.68,1440447694211,"241,548",Not yet rated,NULL,$27
CNAT,$3.6,1440447694241,"235,223",83% bullish,of 6 ratings,$13
CDORO,$16.2,1440447694496,"1,624",100% bearish,of 1 rating,N/A
CCUR,$5.12,1440447694523,"33,780",75% bullish,of 4 ratings,N/A
CNFR,$10.24,1440447694585,"21,834",Not yet rated,NULL,N/A
CDORP,$6.6,1440447694611,"1,443",100% bearish,of 1 rating,N/A
CNOB,$18.95,1440447695190,"55,229",100% bullish,of 1 rating,$23.50
CNMD,$51.91,1440447695216,"295,285",Not yet rated,NULL,$59
CTWS,$34.7,1440447695245,"16,923",100% bearish,of 1 rating,$44
CNXR,$6.75,1440447695455,"62,010",100% bearish,of 1 rating,$12
CONN,$29.93,1440447695498,"482,917",67% bullish,of 3 ratings,$48.50
CWCO,$10.26,1440447695754,"91,795",67% bullish,of 3 ratings,$14.50
CNSL,$19.24,1440447695935,"222,525",100% bearish,of 1 rating,$23
CFRXW,$1.7,1440447696066,"3,109",100% bearish,of 1 rating,N/A
CFRX,$5.03,1440447696115,"36,453",Not yet rated,NULL,$14
CPSS,$5.6371,1440447696140,"54,165",100% bullish,of 1 rating,$10
CTCT,$23.78,1440447696343,"295,880",67% bullish,of 3 ratings,$37
CFRXZ,$0.53,1440447696687,"10,025",Not yet rated,NULL,N/A
CTRV,$3.86,1440447696953,"24,667",Not yet rated,NULL,$6.40
CRBP,$1.93,1440447696980,"515,970",100% bullish,of 2 ratings,$6.25
CPRT,$33.47,1440447697109,"199,764",67% bearish,of 3 ratings,$40
CORE,$59.9,1440447697351,"107,085",100% bearish,of 1 rating,$72
CORT,$4.5,1440447697377,"267,498",67% bullish,of 3 ratings,$12
BVA,$3.5101,1440447697625,"1,100",50% bullish,of 2 ratings,N/A
CTRL,$7.82,1440447697900,"116,825",50% bullish,of 2 ratings,$11
CRVL,$31.26,1440447697926,"30,804",100% bearish,of 1 rating,N/A
CORI,$9.72,1440447697951,"55,803",100% bearish,of 1 rating,$18
COST,$133.53,1440447698209,"2,612,941",79% bullish,of 24 ratings,$154.50
CSGP,$170,1440447698251,"224,952",50% bullish,of 2 ratings,$235
CSOD,$35.3,1440447698394,"531,950",50% bullish,of 2 ratings,$42
CPAH,$0.4899,1440447699086,"9,000",50% bullish,of 2 ratings,N/A
ICBK,$18,1440447699111,"1,100",Not yet rated,NULL,$21
COVS,$2.59,1440447700246,"181,598",67% bullish,of 3 ratings,N/A
CVTI,$21.71,1440447700349,"106,234",67% bearish,of 3 ratings,$39
COWN,$5.0593,1440447700379,"872,313",75% bullish,of 4 ratings,$7
CBRL,$139.01,1440447700480,"229,049",50% bullish,of 2 ratings,$155
CRAI,$21.87,1440447700782,"24,114",100% bearish,of 1 rating,$36
CPSH,$2.15,1440447700811,"1,070",Not yet rated,NULL,N/A
BREW,$7.25,1440447700847,"52,596",67% bullish,of 6 ratings,$15
COSI,$1.0808,1440447700944,"94,539",100% bullish,of 1 rating,N/A
COWNL,$27.15,1440447701562,"4,148",Not yet rated,NULL,N/A
GLDI,$11.06,1440447701598,"32,236",100% bearish,of 1 rating,N/A
CREE,$26.58,1440447701888,"1,632,959",65% bullish,of 17 ratings,$29.50
SLVO,$10.1005,1440447702304,"30,577",100% bearish,of 1 rating,N/A
CRESY,$9.5,1440447702680,"62,695",100% bearish,of 1 rating,$19
CRDS,$1.01,1440447702733,"25,731",50% bullish,of 4 ratings,$4.50
CACC,$192.0486,1440447702925,"118,392",50% bullish,of 2 ratings,$158.50
CROX,$13.36,1440447702952,"1,399,054",63% bullish,of 8 ratings,$16.50
CRTO,$42.03,1440447702980,"509,152",67% bullish,of 6 ratings,$64
CRAY,$19.76,1440447703280,"248,182",83% bullish,of 6 ratings,$38.50
CYRX,$2.75,1440447704791,"24,850",Not yet rated,NULL,$9
CRWN,$4.52,1440447704816,"96,486",75% bullish,of 4 ratings,N/A
CCLP,$12.995,1440447704948,"137,699",67% bearish,of 3 ratings,$21
CSGS,$30.4,1440447705030,"148,240",Not yet rated,NULL,$40
CSPI,$5.86,1440447705348,"11,150",67% bullish,of 3 ratings,N/A
CTIC,$1.61,1440447705602,"926,978",84% bullish,of 76 ratings,$5.75
CRWS,$7.9478,1440447705730,"7,283",Not yet rated,NULL,$10
CCRN,$13.41,1440447706025,"210,553",100% bearish,of 1 rating,$14.25
CYRXW,$0.81,1440447706050,"11,500",Not yet rated,NULL,N/A
CTCM,$1.71,1440447706098,"201,618",80% bearish,of 5 ratings,$3.90
CPIX,$5.81,1440447707094,"6,433",Not yet rated,NULL,N/A
CUI,$4.88,1440447707131,"42,596",50% bullish,of 2 ratings,$10
CTIB,$3.557,1440447707425,"4,775",100% bearish,of 1 rating,N/A
CTRP,$60.5,1440447707463,"2,148,531",75% bullish,of 8 ratings,$92
CMLS,$1.265,1440447707529,"606,642",50% bullish,of 4 ratings,$6
CRIS,$2.35,1440447707887,"430,662",100% bullish,of 8 ratings,$6
CYAN,$6.9265,1440447708301,"3,553",100% bearish,of 1 rating,N/A
CVBF,$15.71,1440447708368,"291,430",Not yet rated,NULL,$18
CUNB,$21.11,1440447708444,"10,957",Not yet rated,NULL,$24.50
CYBX,$64.28,1440447708469,"302,679",50% bullish,of 4 ratings,$71.50
CYBR,$48.7,1440447708839,"2,223,715",86% bullish,of 7 ratings,$66
CYCC,$0.53,1440447708886,"59,039",73% bullish,of 11 ratings,N/A
CYBE,$5.865,1440447708910,"16,045",100% bearish,of 1 rating,N/A
CBAY,$2.55,1440447709303,"57,049",100% bullish,of 1 rating,$4
CYNA,$15.89,1440447709331,"49,964",100% bullish,of 1 rating,$31.50
CVV,$11,1440447709519,"26,491",100% bullish,of 5 ratings,N/A
CY,$9.265,1440447709916,"6,239,010",80% bullish,of 10 ratings,$15.50
CYCCP,NULL,1440447709942,0,100% bearish,of 1 rating,N/A
CYRN,$1.58,1440447710279,"139,762",67% bullish,of 3 ratings,$4
CYTK,$6.4,1440447710306,"204,075",71% bullish,of 14 ratings,$13.50
CONE,$31.39,1440447710384,"263,955",67% bearish,of 3 ratings,$35
CYTX,$0.3462,1440447710533,"1,158,818",83% bullish,of 12 ratings,$5.50
CTSO,$6.36,1440447710708,"161,728",Not yet rated,NULL,$15.625
CYNO,$30.81,1440447710755,"152,496",67% bearish,of 3 ratings,$45.50
DAEG,$0.27,1440447710968,"6,148",100% bearish,of 1 rating,N/A
CYTR,$2.06,1440447711071,"746,468",67% bullish,of 6 ratings,$10
XIV,$27.78,1440447711759,"35,995,786",75% bearish,of 4 ratings,N/A
TVIX,$12.17,1440447711780,"27,356,080",81% bullish,of 16 ratings,N/A
CUTR,$13.5,1440447711859,"286,944",67% bearish,of 3 ratings,$18
ZIV,$42.77,1440447711930,"252,110",Not yet rated,NULL,N/A
DAKT,$11.05,1440447712649,"160,365",50% bullish,of 2 ratings,$14
DRAM,$1.2699,1440447712678,"8,281",78% bullish,of 9 ratings,N/A
DARA,$0.8515,1440447712705,"90,761",83% bullish,of 6 ratings,$1.50
TVIZ,$17.18,1440447712751,"24,680",100% bearish,of 1 rating,N/A
DWCH,$4.89,1440447712778,"76,713",75% bullish,of 4 ratings,$8.25
DWSN,$4.2499,1440447713214,"49,086",67% bullish,of 3 ratings,$6
DJCO,$191.41,1440447713478,"1,033",Not yet rated,NULL,N/A
DAIO,$2.63,1440447713563,"18,755",Not yet rated,NULL,N/A
PLAY,$32.86,1440447713866,"112,521",100% bullish,of 5 ratings,$42
DTEA,$12.94,1440447713892,"141,445",100% bearish,of 2 ratings,$24
DBVT,$37.1564,1440447714033,"97,820",100% bearish,of 1 rating,$53
TRAK,$62.81,1440447714462,"445,279",50% bullish,of 2 ratings,$62.50
TACOW,$4,1440447714679,"44,913",100% bullish,of 1 rating,N/A
DFRG,$14.39,1440447714811,"186,511",100% bearish,of 1 rating,$20
TACO,$12.5,1440447714837,"203,131",75% bullish,of 4 ratings,$20
DGAS,$20.16,1440447714968,"6,036",67% bearish,of 3 ratings,N/A
XRAY,$51.55,1440447715412,"551,055",100% bullish,of 1 rating,$58
DENN,$11.2,1440447715438,"616,369",100% bullish,of 3 ratings,$15
DELT,$2.6,1440447715687,"1,385",Not yet rated,NULL,N/A
DELTW,$0.1708,1440447715712,600,Not yet rated,NULL,N/A
DCTH,$0.4351,1440447715740,"133,185",78% bullish,of 9 ratings,N/A
DEPO,$27.4,1440447716299,"1,139,744",60% bullish,of 5 ratings,$29
DERM,$23.37,1440447716756,"132,225",100% bearish,of 1 rating,$33.50
DSCI,$6,1440447716781,"99,451",50% bullish,of 2 ratings,$16
DEST,$11.3,1440447716939,"31,459",50% bullish,of 2 ratings,N/A
DXLG,$4.39,1440447717107,"79,964",100% bearish,of 1 rating,$8
DMND,$29.06,1440447717491,"165,602",75% bullish,of 12 ratings,$32
DHIL,$184.47,1440447717620,"2,817",Not yet rated,NULL,N/A
DSWL,$1.79,1440447718290,"21,640",100% bullish,of 1 rating,N/A
DXCM,$85.49,1440447718453,"1,040,690",57% bullish,of 7 ratings,$98
DHXM,NULL,1440447718480,0,Not yet rated,NULL,N/A
DXM,$0.2952,1440447719238,"156,684",50% bullish,of 2 ratings,N/A
DRNA,$10.4125,1440447719793,"101,095",67% bearish,of 3 ratings,$25
DCIX,$1.63,1440447719854,"60,041",50% bullish,of 4 ratings,$3.50
FANG,$61.75,1440447719889,"1,032,355",50% bullish,of 2 ratings,$86
DGII,$9.62,1440447719989,"44,243",100% bearish,of 1 rating,$10
DMRC,$35.26,1440447720162,"100,635",100% bearish,of 1 rating,$44
DRAD,$3.61,1440447720460,"56,804",100% bullish,of 1 rating,$5.25
DCOM,$16.15,1440447720486,"71,793",100% bearish,of 2 ratings,$16.50
DIOD,$18.88,1440447720546,"182,898",75% bearish,of 4 ratings,$24
APPS,$2.26,1440447720991,"133,267",100% bearish,of 1 rating,$10.25
DGLY,$6.08,1440447721035,"287,043",50% bullish,of 6 ratings,$20
DPRX,$12.31,1440447721061,"17,455",100% bullish,of 2 ratings,$27.75
DISCB,$26.08,1440447721315,298,100% bearish,of 1 rating,$35
DISCA,$26.19,1440447721544,"2,732,120",67% bullish,of 3 ratings,$34
DSCO,$0.371,1440447722118,"217,088",83% bullish,of 6 ratings,$2.75
DISH,$58.23,1440447722252,"1,678,830",69% bullish,of 13 ratings,$73
DISCK,$24.86,1440447722381,"3,562,862",100% bearish,of 1 rating,$32
DVCR,$10.16,1440447722480,"18,425",100% bullish,of 1 rating,N/A
BAGR,$2.75,1440447722535,"37,362",100% bearish,of 1 rating,$6
DNBF,$26.45,1440447722670,"13,530",Not yet rated,NULL,$27.50
DLTR,$73.71,1440447722802,"1,929,361",82% bullish,of 11 ratings,$88
DGICA,$14.18,1440447722852,"13,360",100% bearish,of 1 rating,$17
DLHC,$2.3599,1440447723247,"11,831",100% bearish,of 1 rating,N/A
DGICB,NULL,1440447723318,0,100% bearish,of 1 rating,N/A
DORM,$48.51,1440447723453,"244,206",100% bearish,of 1 rating,$56
DMLP,$13.1,1440447723595,"78,392",100% bearish,of 1 rating,N/A
HILL,$9.65,1440447723931,"3,301,354",60% bearish,of 5 ratings,$9.75
DRWI,$0.2431,1440447723988,"131,125",60% bullish,of 5 ratings,$.45
DRYS,$0.336,1440447724687,"4,140,873",77% bullish,of 31 ratings,$.60
DWA,$19.08,1440447724712,"793,072",63% bullish,of 8 ratings,$26
DRWIW,NULL,1440447724738,0,Not yet rated,NULL,N/A
DSPG,$8.14,1440447724965,"49,513",100% bearish,of 1 rating,$13.50
DSKX,$3.03,1440447725143,"162,196",100% bullish,of 1 rating,N/A
CADTR,$0.2,1440447725286,"24,465",Not yet rated,NULL,N/A
CADTU,NULL,1440447725311,0,Not yet rated,NULL,N/A
CADT,$10.02,1440447725339,300,Not yet rated,NULL,N/A
DTSI,$25.18,1440447725798,"71,645",100% bearish,of 2 ratings,$39.50
DNKN,$49.51,1440447725934,"2,319,632",67% bullish,of 15 ratings,$56.50
DRRX,$1.93,1440447725970,"261,557",50% bullish,of 6 ratings,$3
CADTW,NULL,1440447726002,0,Not yet rated,NULL,N/A
DYAX,$21.43,1440447726103,"663,121",89% bullish,of 9 ratings,$30
DXPE,$27.86,1440447726513,"121,256",50% bullish,of 2 ratings,N/A
BOOM,$9.66,1440447726545,"53,971",67% bullish,of 3 ratings,$12
DVAX,$25.7,1440447726644,"262,211",70% bullish,of 10 ratings,$40
DYNT,$2.85,1440447726677,"11,228",75% bullish,of 4 ratings,N/A
ETFC,$24.12,1440447726733,"2,871,449",57% bullish,of 14 ratings,$33
DYSL,$1.4,1440447726773,"34,194",100% bullish,of 2 ratings,N/A
EGRX,$65.47,1440447727291,"290,107",67% bullish,of 3 ratings,$97
EGBN,$41.27,1440447727317,"94,503",Not yet rated,NULL,$48
EGLE,$5.92,1440447727520,"15,661",60% bullish,of 5 ratings,N/A
EBMT,$11.4011,1440447727747,"41,237",Not yet rated,NULL,$13.50
EACQU,$10.1999,1440447728000,956,Not yet rated,NULL,N/A
EML,$16.2501,1440447728032,"30,235",Not yet rated,NULL,N/A
ELNK,$7.86,1440447728059,"553,579",60% bullish,of 5 ratings,$9.50
EWBC,$38.68,1440447728085,"1,813,446",100% bearish,of 1 rating,$50
EVBS,$6.42,1440447728286,"6,562",Not yet rated,NULL,$7
EROC,$1.135,1440447728311,"437,932",50% bullish,of 2 ratings,$3
EBAY,$25.1,1440447729041,"10,895,891",81% bullish,of 117 ratings,$48
ELON,$0.535,1440447729140,"62,072",50% bullish,of 2 ratings,N/A
ECHO,$23.71,1440447729330,"434,507",67% bearish,of 3 ratings,$35.50
EBIX,$26,1440447729488,"705,843",69% bullish,of 13 ratings,$40
ECTE,$1.39,1440447729670,"20,994",75% bullish,of 4 ratings,N/A
ECACU,$10.048,1440447729799,"22,600",Not yet rated,NULL,N/A
SATS,$42,1440447729826,"137,750",50% bullish,of 2 ratings,$60
ESES,$3.06,1440447730523,"4,949",100% bearish,of 1 rating,$7
EEI,$10.7801,1440447730854,"1,831",67% bearish,of 3 ratings,N/A
EDGW,$6.63,1440447731048,"104,984",100% bearish,of 1 rating,N/A
EFUT,$4.07,1440447731084,"5,346",Not yet rated,NULL,N/A
EDUC,$4.7575,1440447731109,"2,270",100% bearish,of 1 rating,N/A
EGAN,$3.28,1440447731275,"15,493",50% bullish,of 2 ratings,$6.25
EDAP,$3.0427,1440447731720,"63,834",60% bullish,of 5 ratings,$4.50
ERI,$9.11,1440447732863,"54,785",100% bearish,of 1 rating,$10
ELRC,$10.3,1440447733412,"45,490",100% bearish,of 1 rating,N/A
ESLT,$73.2463,1440447733460,"23,787",67% bullish,of 3 ratings,N/A
EGLT,$10.33,1440447734106,"51,668",50% bullish,of 2 ratings,$21
EHTH,$13.21,1440447734211,"108,156",50% bullish,of 4 ratings,$16.50
ESIO,$4.38,1440447735348,"71,227",50% bullish,of 2 ratings,$10
EMITF,$1.18,1440447735936,"41,944",75% bullish,of 4 ratings,N/A
LOCO,$11.435,1440447735961,"1,178,763",69% bullish,of 13 ratings,$20
EFII,$42.46,1440447736301,"305,711",80% bullish,of 5 ratings,$55
EA,$63.96,1440447736545,"3,478,738",77% bullish,of 35 ratings,$80
ELSE,$3.63,1440447736573,400,60% bullish,of 5 ratings,N/A
ELECU,$10,1440447736986,"10,499",Not yet rated,NULL,N/A
ELEC,NULL,1440447737014,0,Not yet rated,NULL,N/A
ELECW,NULL,1440447737076,0,Not yet rated,NULL,N/A
RDEN,$10.14,1440447737824,"93,760",100% bearish,of 4 ratings,$15
CAPX,$22.0099,1440447737959,"2,600",Not yet rated,NULL,N/A
EBIO,$3.29,1440447738140,"266,876",100% bearish,of 2 ratings,$8.35
ESBK,NULL,1440447738289,0,Not yet rated,NULL,N/A
ELTK,$1.0699,1440447738364,"9,291",67% bearish,of 3 ratings,N/A
LONG,$16.86,1440447738390,"61,490",67% bullish,of 3 ratings,$15.75
EMCI,$22.085,1440447738607,"17,005",Not yet rated,NULL,N/A
EMCF,NULL,1440447739495,0,100% bearish,of 1 rating,N/A
EMMS,$1.18,1440447739625,"195,148",67% bullish,of 6 ratings,N/A
EMKR,$6.968,1440447739698,"116,143",75% bullish,of 4 ratings,$8.50
EMMSP,NULL,1440447739723,0,100% bearish,of 1 rating,N/A
ENTA,$38.92,1440447740046,"251,979",50% bullish,of 2 ratings,$42
NYNY,$4.1,1440447740093,"80,635",50% bullish,of 2 ratings,N/A
WIRE,$31.66,1440447740318,"133,672",100% bearish,of 1 rating,$37
ECPG,$38.93,1440447740404,"133,235",100% bullish,of 2 ratings,$52
ENDP,$73.76,1440447740433,"2,116,681",50% bullish,of 6 ratings,$104
ERS,$2.8197,1440447740484,"4,002",Not yet rated,NULL,N/A
ECYT,$5.03,1440447740538,"230,856",83% bullish,of 6 ratings,$12
ELGX,$12.647,1440447741250,"571,760",75% bullish,of 4 ratings,$17
EIGI,$14.83,1440447741355,"664,098",67% bearish,of 3 ratings,$22.50
WATT,$6.13,1440447741823,"221,915",50% bullish,of 2 ratings,$13
EFOI,$15.75,1440447742925,"354,504",50% bullish,of 2 ratings,$20.50
EXXI,$1.29,1440447743504,"2,097,200",86% bullish,of 7 ratings,$3.50
ENOC,$8.38,1440447743696,"291,585",75% bullish,of 4 ratings,$18
ERII,$2.9,1440447744088,"87,289",80% bullish,of 5 ratings,$2.50
ENTL,$21,1440447745122,"16,196",Not yet rated,NULL,$28
ENPH,$4.7891,1440447745175,"1,052,516",75% bullish,of 4 ratings,$11
ENG,$0.99,1440447745207,"38,250",100% bullish,of 3 ratings,N/A
ETRM,$0.2331,1440447745410,"924,376",69% bearish,of 35 ratings,$1.625
ENTG,$13.32,1440447746059,"532,373",100% bearish,of 1 rating,$18
ESGR,$148.3328,1440447746098,"36,754",100% bearish,of 1 rating,$185
ENFC,$18.19,1440447746647,"5,525",Not yet rated,NULL,N/A
EFSC,$23.85,1440447749394,"39,436",Not yet rated,NULL,$27
EBTC,$20.33,1440447749419,"5,905",Not yet rated,NULL,N/A
EGT,$2.04,1440447753631,405,100% bullish,of 1 rating,N/A
ENVI,$1.74,1440447795274,"32,378",67% bullish,of 3 ratings,N/A
ENZY,$9.05,1440447800824,"14,638",67% bullish,of 3 ratings,$9.50
ENZN,$0.9242,1440447800908,"1,029,662",100% bullish,of 9 ratings,N/A
EPIQ,$13.25,1440447854120,"80,344",100% bearish,of 1 rating,$18
EPRS,$4.76,1440447854955,"72,645",82% bullish,of 11 ratings,$15
EPZM,$17.5,1440447856747,"550,938",60% bullish,of 5 ratings,$34
EQFN,$8.2,1440447868055,100,100% bearish,of 1 rating,N/A
EAC,$3.45,1440447868735,"30,937",100% bearish,of 1 rating,$8
ERIC,$9.53,1440447869515,"2,846,280",63% bullish,of 8 ratings,$12.20
PLUS,$74.56,1440447872611,"70,368",50% bullish,of 2 ratings,$88
EQIX,$257.29,1440447872657,"561,304",75% bullish,of 4 ratings,$312.50
ESCR,$0.1599,1440447889052,"12,717",50% bullish,of 2 ratings,N/A
ERIE,$81.56,1440447889123,"20,793",Not yet rated,NULL,$73
DHRM,$1.571,1440447889230,"14,593",Not yet rated,NULL,N/A
DTLK,$5.43,1440447889273,"59,228",100% bearish,of 1 rating,$9
ESCA,$17.74,1440447889374,"19,360",100% bearish,of 1 rating,$22
ESSX,$0.48,1440447890610,"20,791",50% bullish,of 2 ratings,N/A
CLWT,$2.35,1440447890636,"15,577",100% bearish,of 1 rating,N/A
ESCRP,$1.54,1440447891161,"4,079",100% bearish,of 1 rating,N/A
EPIX,$5.94,1440447891215,600,Not yet rated,NULL,N/A
ESSA,$12.6,1440447891241,"17,164",100% bearish,of 1 rating,N/A
ESMC,NULL,1440447891262,0,Not yet rated,NULL,N/A
ESPR,$52.31,1440447891290,"856,397",70% bearish,of 10 ratings,$123
ESND,$34.04,1440447891522,"109,508",100% bearish,of 2 ratings,$40
ETSY,$12.93,1440447891742,"607,891",80% bullish,of 5 ratings,$16
EEFT,$62.38,1440447891847,"202,920",100% bearish,of 1 rating,$67.50
EXA,$10.63,1440447892929,"23,624",100% bearish,of 1 rating,$13
EVOK,$3.6715,1440447893060,"88,820",100% bearish,of 1 rating,$13.375
ESEA,$5.501,1440447893093,"3,342",100% bullish,of 1 rating,$15
EXAS,$19.75,1440447893118,"1,193,400",78% bullish,of 9 ratings,$31
EVEP,$7.07,1440447893262,"411,145",50% bullish,of 2 ratings,$15
EVLV,$2.05,1440447893430,"141,120",60% bullish,of 5 ratings,$6.50
EVK,$3.9,1440447893598,"9,600",75% bearish,of 4 ratings,N/A
EVOL,$5.76,1440447893624,"10,232",75% bullish,of 4 ratings,$10
EXPE,$109.05,1440447893975,"1,801,853",64% bullish,of 11 ratings,$130
EXPO,$41.56,1440447894830,"49,176",100% bearish,of 1 rating,$45.50
EXLP,$17.72,1440447894925,"281,890",100% bearish,of 1 rating,$27
EXEL,$5.12,1440447895384,"4,569,317",81% bullish,of 16 ratings,$6
EXFO,$2.46,1440447895614,"60,020",67% bearish,of 3 ratings,$3.95
EXLS,$35.65,1440447895650,"153,040",100% bullish,of 1 rating,$41
EYEGW,NULL,1440447895757,0,Not yet rated,NULL,N/A
EXAC,$18.07,1440447895844,"24,437",100% bearish,of 1 rating,$22.50
EXPD,$47.01,1440447896101,"1,375,619",80% bullish,of 5 ratings,$51.50
ESRX,$82.19,1440447896490,"4,978,909",67% bearish,of 6 ratings,$101
EXTR,$2.795,1440447896549,"547,646",80% bullish,of 5 ratings,$3
EYEG,$3.93,1440447897042,"15,253",Not yet rated,NULL,N/A
FFIV,$117.99,1440447897330,"892,614",63% bullish,of 8 ratings,$132
EZCH,$20.73,1440447897361,"193,514",75% bullish,of 8 ratings,$19.50
EZPW,$6.2,1440447897387,"268,419",50% bullish,of 4 ratings,$7.50
FB,$82.5,1440447897569,"48,295,903",73% bullish,of 1066 ratings,$111
FCS,$12.87,1440447898052,"703,989",67% bearish,of 3 ratings,$17
FALC,$1.551,1440447898078,"30,785",63% bearish,of 8 ratings,N/A
FRP,$16.25,1440447898111,"56,416",100% bearish,of 1 rating,$18
FARM,$21.92,1440447898214,"26,874",100% bearish,of 1 rating,$35
DAVE,$14.06,1440447898246,"34,822",100% bearish,of 1 rating,$15.50
FWM,$2.25,1440447898274,"226,102",100% bearish,of 2 ratings,$3.20
FFKT,$25.96,1440447898348,"7,824",Not yet rated,NULL,$29
FMNB,$7.96,1440447898807,"10,366",Not yet rated,NULL,N/A
FARO,$37.86,1440447899388,"121,605",50% bullish,of 2 ratings,$48
FATE,$5.91,1440447899488,"100,465",50% bullish,of 2 ratings,$11
FBRC,$21.56,1440447899579,"22,826",100% bearish,of 1 rating,$29
FHCO,$1.4289,1440447899611,"203,077",50% bullish,of 4 ratings,N/A
FBSS,$15.3467,1440447899692,300,Not yet rated,NULL,N/A
FAST,$37.61,1440447899722,"3,597,466",80% bullish,of 5 ratings,$46
FDML,$8.67,1440447899794,"196,654",50% bullish,of 4 ratings,$14
FNHC,$21.19,1440447899823,"50,629",100% bearish,of 1 rating,$35
FCSC,$5.27,1440447900069,"199,478",100% bearish,of 1 rating,$8.125
LION,$18.41,1440447900327,"98,719",100% bullish,of 1 rating,$20
FEIC,$74.14,1440447900353,"241,333",50% bullish,of 2 ratings,$95.50
FENX,$9.61,1440447900375,"42,722",100% bullish,of 1 rating,$14.25
FGEN,$21.96,1440447900404,"397,869",100% bearish,of 1 rating,$39
ONEQ,$180,1440447900537,"153,746",100% bullish,of 1 rating,N/A
FRGI,$50.69,1440447900747,"163,529",50% bullish,of 2 ratings,$70
FDUS,$13.7003,1440447900773,"152,090",50% bullish,of 2 ratings,$18
FSFR,$8.58,1440447900805,"221,814",100% bearish,of 1 rating,$11.50
FSCFL,$24.5,1440447900833,"1,554",Not yet rated,NULL,N/A
FSAM,$8.385,1440447901003,"25,702",100% bearish,of 1 rating,$11
FSC,$6.19,1440447901075,"1,051,184",75% bullish,of 4 ratings,$8
FITB,$18.795,1440447901133,"6,691,596",54% bullish,of 13 ratings,$22
FITBI,$26.9599,1440447901398,"26,620",Not yet rated,NULL,N/A
FISI,$24.23,1440447901578,"35,333",100% bullish,of 2 ratings,$24.50
FNJN,$1.55,1440447901608,"46,153",100% bearish,of 1 rating,$5
FNGN,$31.44,1440447901663,"412,486",67% bullish,of 3 ratings,$47
FNTC,NULL,1440447901711,0,Not yet rated,NULL,N/A
FNTCU,NULL,1440447901744,0,Not yet rated,NULL,N/A
FEYE,$36.2,1440447901845,"5,633,410",87% bullish,of 15 ratings,$55.50
FNSR,$14.84,1440447901871,"946,130",71% bullish,of 7 ratings,$24.50
FNTCW,$0.32,1440447901910,"17,600",Not yet rated,NULL,N/A
FBNC,$16.46,1440447902168,"22,233",100% bullish,of 1 rating,$20
FRBA,$5.97,1440447902214,"3,378",Not yet rated,NULL,$8
BUSE,$6.2,1440447902240,"59,554",Not yet rated,NULL,$6.875
FBIZ,$43.88,1440447902503,"12,473",100% bearish,of 2 ratings,$52
FNLC,$18.17,1440447902556,"19,193",100% bullish,of 1 rating,N/A
FCAP,$26.5,1440447902632,601,Not yet rated,NULL,N/A
FCVA,$4.61,1440447902658,"5,105",Not yet rated,NULL,N/A
FCFS,$38.25,1440447902858,"187,038",100% bearish,of 3 ratings,$48
FCNCA,$229.78,1440447902890,"5,439",Not yet rated,NULL,N/A
FCLF,$9.41,1440447902988,525,Not yet rated,NULL,N/A
FCBC,$17.25,1440447903121,"15,546",Not yet rated,NULL,$18
FCFP,$6.85,1440447903249,"6,514",Not yet rated,NULL,N/A
FCCO,$11.53,1440447903276,"2,048",Not yet rated,NULL,$13.25
FBNK,$16.22,1440447903349,"21,693",100% bearish,of 1 rating,$17.50
FFNM,$6.24,1440447903415,"3,400",Not yet rated,NULL,N/A
FFBC,$18.07,1440447903640,"212,840",67% bearish,of 3 ratings,$20.25
FFBCW,NULL,1440447903671,0,100% bearish,of 1 rating,N/A
FDEF,$36.56,1440447903692,"26,429",Not yet rated,NULL,$38
THFF,$32.6,1440447903822,"17,043",Not yet rated,NULL,$35
FFNW,$12.18,1440447903854,"38,175",Not yet rated,NULL,$14
FFIN,$29.54,1440447903876,"162,378",50% bullish,of 2 ratings,$31.75
FFWM,$21,1440447903959,"44,058",Not yet rated,NULL,$24
INBK,$29.43,1440447904065,"37,604",50% bullish,of 2 ratings,$37
FIBK,$26,1440447904196,"124,734",Not yet rated,NULL,$32
FMBH,$22,1440447904400,646,Not yet rated,NULL,N/A
FMBI,$17.06,1440447904436,"482,025",Not yet rated,NULL,$20
FRME,$24.9,1440447904466,"132,178",Not yet rated,NULL,$26.50
FNBC,$33.17,1440447904570,"50,382",Not yet rated,NULL,$41.50
FNFG,$8.795,1440447904643,"2,010,862",80% bullish,of 5 ratings,$9
FSGI,$2.46,1440447904774,"8,850",Not yet rated,NULL,N/A
FSLR,$44.06,1440447904810,"2,203,553",74% bullish,of 39 ratings,$65
FNWB,$11.88,1440447904832,"22,661",Not yet rated,NULL,N/A
FSFG,$30,1440447904913,"4,050",Not yet rated,NULL,N/A
FSBK,$7.57,1440447904942,"1,145",100% bullish,of 1 rating,N/A
BICK,$17.84,1440447905075,250,100% bullish,of 1 rating,N/A
FCAN,$22.9,1440447905103,"6,013",Not yet rated,NULL,N/A
FBZ,$9.75,1440447905136,200,Not yet rated,NULL,N/A
FTCS,$35.338,1440447905240,"242,391",100% bearish,of 1 rating,N/A
FV,$22.35,1440447905335,"8,514,076",100% bearish,of 1 rating,N/A
FCA,$18,1440447905383,"1,402",Not yet rated,NULL,N/A
FTSM,$59.9145,1440447905659,"42,853",100% bearish,of 1 rating,N/A
FEUZ,$30.26,1440447905814,"2,764",Not yet rated,NULL,N/A
MDIV,$18.9,1440447905863,"852,660",Not yet rated,NULL,N/A
IFV,$17.0101,1440447905894,"1,894,693",100% bearish,of 1 rating,N/A
FTGC,$21.6701,1440447905922,"99,611",Not yet rated,NULL,N/A
FEMB,$41.51,1440447905951,"1,213",Not yet rated,NULL,N/A
FGM,$34.63,1440447905997,"57,114",Not yet rated,NULL,N/A
TDIV,$23.6499,1440447906087,"413,536",100% bearish,of 1 rating,N/A
FTHI,$18.93,1440447906113,48,Not yet rated,NULL,N/A
FPXI,$26.07,1440447906355,40,Not yet rated,NULL,N/A
HYLS,$48.9267,1440447906428,"57,145",100% bearish,of 1 rating,N/A
PLTM,$6.2466,1440447906632,"43,932",100% bearish,of 1 rating,N/A
YDIV,$16.04,1440447906657,"6,879",Not yet rated,NULL,N/A
SKYY,$27.6899,1440447906683,"161,958",100% bullish,of 1 rating,N/A
FHK,$31.3401,1440447906859,"50,276",Not yet rated,NULL,N/A
FMB,$51.185,1440447906930,946,Not yet rated,NULL,N/A
CU,$11.79,1440447906958,"17,598",100% bearish,of 1 rating,N/A
FJP,$44.51,1440447906985,"45,949",Not yet rated,NULL,N/A
FTLB,$18.9828,1440447907166,"4,210",100% bearish,of 1 rating,N/A
CIBR,$17.349,1440447907202,"229,397",Not yet rated,NULL,N/A
QABA,$36.58,1440447907232,"57,894",100% bearish,of 1 rating,N/A
FONE,$32.63,1440447907338,"2,050",Not yet rated,NULL,N/A
QCLN,$14.31,1440447907489,"74,666",Not yet rated,NULL,N/A
GRID,$28.87,1440447907515,"2,115",100% bearish,of 1 rating,N/A
LMBS,$50.48,1440447907591,"1,000",Not yet rated,NULL,N/A
QQEW,$39.7099,1440447907867,"305,756",Not yet rated,NULL,N/A
QTEC,$38.02,1440447907928,"201,721",Not yet rated,NULL,N/A
CARZ,$33.19,1440447907953,"10,288",100% bearish,of 1 rating,N/A
QQXT,$38.84,1440447908018,"139,545",Not yet rated,NULL,N/A
RDVY,$20.4901,1440447908047,"19,855",Not yet rated,NULL,N/A
AIRR,$15.8,1440447908118,"9,659",100% bearish,of 1 rating,N/A
FTSL,$48.4694,1440447908143,"53,722",100% bearish,of 1 rating,N/A
QINC,$19.8606,1440447908311,"3,335",Not yet rated,NULL,N/A
FKO,$19.5,1440447908533,100,Not yet rated,NULL,N/A
FSZ,$38.15,1440447908587,"51,597",Not yet rated,NULL,N/A
FDIV,$47.17,1440447908669,"2,865",100% bearish,of 1 rating,N/A
FTW,$28.25,1440447908694,"12,497",Not yet rated,NULL,N/A
TUSA,$24.039,1440447908748,"1,500",Not yet rated,NULL,N/A
FUNC,$8.1501,1440447909002,"1,858",Not yet rated,NULL,N/A
FKU,$40.34,1440447909097,"107,886",Not yet rated,NULL,N/A
FISV,$81.96,1440447909283,"1,531,130",100% bearish,of 3 ratings,$90
SVVC,$9.23,1440447909311,"30,620",50% bullish,of 2 ratings,$26
FSV,$30.54,1440447909339,"14,433",Not yet rated,NULL,$33.60
FMER,$17.35,1440447909514,"1,629,390",50% bullish,of 2 ratings,$20
FLML,$20,1440447910968,"226,678",50% bullish,of 2 ratings,$30
MBSD,$25.37,1440447911077,400,Not yet rated,NULL,N/A
SKOR,$50.399,1440447911109,500,Not yet rated,NULL,N/A
FPRX,$19.15,1440447911131,"257,747",50% bullish,of 2 ratings,$35
FLXN,$23.07,1440447911170,"53,944",100% bearish,of 1 rating,$40
FIVN,$4.18,1440447911193,"183,691",100% bullish,of 1 rating,$8.50
FIVE,$34.84,1440447911263,"511,350",75% bearish,of 4 ratings,$44
FLKS,$13.31,1440447911290,"37,688",50% bullish,of 2 ratings,$27
FLXS,$29.53,1440447911496,"32,851",100% bearish,of 2 ratings,N/A
FLDM,$12.28,1440447911561,"261,656",67% bearish,of 3 ratings,$21.50
FLEX,$10.11,1440447911588,"1,978,139",63% bullish,of 8 ratings,$12
FLIR,$27.59,1440447911662,"986,898",100% bearish,of 1 rating,$38.50
FOGO,$18,1440447911765,"146,850",50% bullish,of 2 ratings,$25.50
FFIC,$19.63,1440447911946,"56,736",Not yet rated,NULL,$21
FOMX,$9.5422,1440447912086,"143,714",50% bullish,of 2 ratings,$23.50
FONR,$9.15,1440447912215,"17,076",100% bullish,of 1 rating,N/A
FES,$0.86,1440447912256,"38,423",50% bullish,of 2 ratings,$1
FORM,$5.97,1440447912429,"328,775",67% bullish,of 3 ratings,$10.50
FORTY,$29.01,1440447912560,"3,592",100% bearish,of 1 rating,N/A
FORR,$31.7,1440447912586,"40,407",Not yet rated,NULL,N/A
FORD,$1.03,1440447912665,"110,905",50% bullish,of 2 ratings,N/A
FWP,$24.94,1440447912773,"50,193",100% bearish,of 1 rating,$45
FBIO,$2.26,1440447912928,"271,904",83% bullish,of 6 ratings,N/A
FTNT,$41.25,1440447912963,"1,836,109",80% bullish,of 10 ratings,$52
FWRD,$45.23,1440447912993,"134,728",100% bearish,of 1 rating,$50
FMI,$20.71,1440447913063,"170,991",100% bearish,of 2 ratings,$27.50
FOSL,$59.52,1440447913093,"1,089,438",50% bullish,of 4 ratings,$80
FXCB,$16.86,1440447913136,"17,044",Not yet rated,NULL,$19
FOXF,$15.23,1440447913398,"50,651",100% bearish,of 1 rating,$19
FRAN,$10.17,1440447913525,"362,173",50% bullish,of 4 ratings,$15
FRED,$13.24,1440447913580,"163,065",50% bullish,of 2 ratings,$16.50
FREE,$0.36,1440447913611,"626,731",92% bullish,of 12 ratings,N/A
FRPT,$12.94,1440447913684,"328,355",67% bearish,of 3 ratings,$23.50
FELE,$28.22,1440447913710,"267,910",50% bullish,of 4 ratings,$33
FTR,$4.945,1440447913873,"13,471,867",78% bullish,of 27 ratings,$6.25
RAIL,$19.61,1440447914048,"108,203",100% bearish,of 1 rating,$24.50
FTRPR,$99.17,1440447914091,"13,012",100% bearish,of 1 rating,N/A
FRPH,$29.99,1440447914234,"1,733",100% bearish,of 1 rating,N/A
FTD,$28.66,1440447914288,"69,255",100% bearish,of 1 rating,$40
FSBW,$22.51,1440447914316,500,Not yet rated,NULL,N/A
FSYS,$6.25,1440447914348,"65,164",67% bullish,of 3 ratings,$10
FEIM,$10.78,1440447914370,"2,375",100% bearish,of 1 rating,N/A
FTEK,$2,1440447914501,"55,712",75% bullish,of 4 ratings,N/A
FCEL,$0.7041,1440447914787,"1,455,772",88% bullish,of 40 ratings,$2.65
FULL,$3.05,1440447914832,"106,285",67% bearish,of 3 ratings,$4.25
FLL,$1.45,1440447914857,"33,480",75% bullish,of 4 ratings,$2.825
FFHL,$0.88,1440447915138,"2,720",50% bullish,of 4 ratings,N/A
FULT,$11.91,1440447915165,"963,567",100% bearish,of 1 rating,$13
FSNN,$2.42,1440447915196,"1,700",67% bullish,of 3 ratings,$6
FXEN,$0.8101,1440447915224,"158,047",75% bullish,of 4 ratings,$1.10
WILC,$5,1440447915293,"15,112",100% bullish,of 2 ratings,N/A
FULLL,$25.04,1440447915395,"4,485",Not yet rated,NULL,N/A
GK,$68.53,1440447915480,"84,779",Not yet rated,NULL,$78
GAIA,$5.85,1440447915526,"34,075",50% bullish,of 2 ratings,$8.50
GLPG,$59.81,1440447915773,"43,115",100% bullish,of 1 rating,$75
GALTW,NULL,1440447915909,0,100% bullish,of 1 rating,N/A
GALE,$1.5,1440447916076,"2,560,467",89% bullish,of 47 ratings,$4
FXENP,$16.4,1440447916207,"3,800",100% bearish,of 1 rating,N/A
GLMD,$7.6899,1440447916240,"30,527",67% bullish,of 3 ratings,$20.50
GALTU,NULL,1440447916262,0,100% bearish,of 1 rating,N/A
GALT,$1.8401,1440447916295,"168,585",80% bullish,of 5 ratings,N/A
GLPI,$30.75,1440447916394,"619,322",100% bearish,of 1 rating,$37.50
GGAC,NULL,1440447916524,0,100% bearish,of 1 rating,N/A
GPIC,$9.93,1440447916584,"1,850",100% bearish,of 1 rating,N/A
GGACR,NULL,1440447916721,0,100% bullish,of 1 rating,N/A
GGACW,$0.0514,1440447916747,800,Not yet rated,NULL,N/A
GRMN,$37.16,1440447916775,"2,044,217",50% bullish,of 6 ratings,$48
GGACU,NULL,1440447916795,0,Not yet rated,NULL,N/A
GARS,$14.29,1440447916827,"86,381",Not yet rated,NULL,$16
GENC,$9.3484,1440447917393,"5,609",100% bearish,of 1 rating,N/A
GFNSL,$25.3,1440447917422,"1,900",Not yet rated,NULL,N/A
GFNCP,$85.05,1440447917448,448,Not yet rated,NULL,N/A
GFN,$3.335,1440447917478,"27,306",100% bearish,of 2 ratings,$8
GNCMA,$16.22,1440447917581,"194,418",100% bearish,of 1 rating,$12
GENE,$2.1201,1440447917634,"154,531",100% bullish,of 12 ratings,N/A
GNMK,$9.15,1440447917792,"181,369",67% bullish,of 6 ratings,$14
GHDX,$24.36,1440447918029,"175,956",50% bullish,of 2 ratings,$30
THRM,$42.1,1440447918059,"300,934",75% bearish,of 4 ratings,$55.50
GNVC,$2.03,1440447918163,"39,580",90% bullish,of 10 ratings,$8.50
GTWN,NULL,1440447918196,0,Not yet rated,NULL,N/A
GABC,$29.01,1440447918349,"28,175",Not yet rated,NULL,$31.50
GNTX,$14.98,1440447918596,"2,603,641",Not yet rated,NULL,$20
GERN,$3,1440447918654,"1,926,954",88% bullish,of 16 ratings,$5.25
GEVO,$2.39,1440447918811,"1,427,907",75% bullish,of 12 ratings,$5
GEOS,$14.51,1440447918839,"146,745",100% bearish,of 3 ratings,$25.50
GNCA,$12.03,1440447918865,"87,340",100% bearish,of 1 rating,$20
GIII,$62.4,1440447919015,"239,818",67% bullish,of 3 ratings,$75
GIGM,$0.5451,1440447919045,"161,629",100% bullish,of 2 ratings,N/A
GIGA,$1.37,1440447919143,"203,590",100% bearish,of 1 rating,N/A
GILT,$4.24,1440447919274,"24,498",50% bullish,of 2 ratings,N/A
GLADO,$25.25,1440447919588,"3,417",Not yet rated,NULL,N/A
GBCI,$25.01,1440447919657,"191,818",50% bullish,of 2 ratings,$31
GOOD,$14.5,1440447919724,"191,775",Not yet rated,NULL,$19
GLAD,$7.89,1440447919751,"272,071",50% bullish,of 2 ratings,$8.75
GOODN,$25.3372,1440447919831,"2,100",Not yet rated,NULL,N/A
ROCK,$16.53,1440447919881,"153,357",80% bullish,of 5 ratings,$24
GOODP,$25.073,1440447920200,"1,600",Not yet rated,NULL,N/A
GAIN,$7.26,1440447920251,"404,409",100% bullish,of 2 ratings,$8.25
GILD,$101.63,1440447920273,"14,022,755",91% bullish,of 87 ratings,$129
GLBZ,$12.12,1440447920502,315,Not yet rated,NULL,N/A
LAND,$9.0425,1440447920528,"43,994",50% bullish,of 2 ratings,$13.75
GAINP,$25.71,1440447920779,"13,728",Not yet rated,NULL,N/A
GBT,$39.5001,1440447920809,"150,836",100% bearish,of 1 rating,N/A
ENT,$11.17,1440447920915,"310,030",100% bearish,of 1 rating,$18
GDEF,NULL,1440447921079,0,Not yet rated,NULL,N/A
GAINO,$25.2,1440447921238,"2,730",Not yet rated,NULL,N/A
GOODO,$25.11,1440447921340,300,Not yet rated,NULL,N/A
GPACU,$10,1440447921392,400,Not yet rated,NULL,N/A
GAINN,$24.96,1440447921419,"38,300",Not yet rated,NULL,N/A
GBLI,$26.05,1440447921440,"12,468",Not yet rated,NULL,N/A
GSOL,$8.25,1440447921478,"35,918",100% bearish,of 1 rating,N/A
QQQC,$17.91,1440447921570,"21,412",100% bearish,of 1 rating,N/A
SOCL,$16.35,1440447921851,"137,865",100% bullish,of 2 ratings,N/A
SRET,$13.44,1440447921943,"3,966",Not yet rated,NULL,N/A
YLCO,$11.52,1440447922002,"2,345",Not yet rated,NULL,N/A
GAI,$5.67,1440447922163,"12,663",50% bullish,of 2 ratings,N/A
GLBS,$1.0825,1440447922381,100,67% bullish,of 3 ratings,N/A
GSM,$12.48,1440447922417,"332,709",50% bullish,of 2 ratings,$23
GOGO,$15.495,1440447922446,"977,234",80% bullish,of 5 ratings,$25
GBIM,$2.18,1440447922510,"48,861",50% bullish,of 2 ratings,N/A
GLYC,$6.81,1440447922547,"19,025",50% bullish,of 2 ratings,$14
ACTX,$13,1440447922826,"3,025",100% bullish,of 1 rating,N/A
GMLP,$17.87,1440447922933,"234,444",50% bullish,of 4 ratings,$32.50
GLNG,$33.45,1440447922958,"959,402",83% bullish,of 6 ratings,$58
GLDC,$4.07,1440447923227,800,50% bullish,of 2 ratings,N/A
ALTY,$14.13,1440447923359,"6,000",Not yet rated,NULL,N/A
GOGL,$2.59,1440447923561,"351,318",75% bullish,of 4 ratings,$5
GDEN,$8.84,1440447923692,"7,100",50% bullish,of 2 ratings,N/A
GBDC,$16.49,1440447923720,"220,456",Not yet rated,NULL,$17.75
GTIM,$6.27,1440447923752,"34,836",Not yet rated,NULL,$11.50
GOOG,$593.65,1440447924044,"2,464,497",89% bullish,of 70 ratings,$825
GOOGL,$621.88,1440447924091,"2,736,113",88% bullish,of 1080 ratings,$749
GLUU,$4.08,1440447924123,"2,534,761",92% bullish,of 26 ratings,$9
GLRI,$1.05,1440447924219,"89,740",100% bearish,of 1 rating,$6
GMAN,$4.2,1440447924308,"37,043",60% bullish,of 5 ratings,$8
GPRO,$48.03,1440447924337,"8,020,939",78% bullish,of 58 ratings,$72
GPIA,$9.75,1440447924364,20,Not yet rated,NULL,N/A
LOPE,$36.68,1440447924718,"265,179",100% bearish,of 2 ratings,$50
GRVY,$3.29,1440447924900,"2,845",50% bullish,of 2 ratings,N/A
GPIAW,NULL,1440447924925,0,Not yet rated,NULL,N/A
GLDD,$5.21,1440447925123,"245,029",100% bearish,of 4 ratings,$7.75
GSBC,$39.07,1440447925187,"22,742",100% bullish,of 1 rating,$44
GBSNU,$16.49,1440447925258,"27,283",Not yet rated,NULL,N/A
GPP,$14.48,1440447925316,"100,504",Not yet rated,NULL,$20.50
GRBK,$12.28,1440447925364,"221,686",77% bullish,of 13 ratings,N/A
GPIAU,$9.92,1440447925812,"48,401",Not yet rated,NULL,N/A
GLRE,$24.32,1440447925841,"167,441",50% bullish,of 2 ratings,$41
GRIF,$30.04,1440447925869,747,100% bearish,of 1 rating,N/A
GNBC,$11.23,1440447925896,"44,068",100% bearish,of 1 rating,$17
GRFS,$30.03,1440447925950,"217,639",50% bullish,of 2 ratings,$35
GRPN,$4.01,1440447926557,"7,223,300",61% bullish,of 71 ratings,$6.75
GGAL,$17.37,1440447926589,"354,780",80% bullish,of 5 ratings,$40
OMAB,$37.96,1440447926662,"73,335",100% bullish,of 1 rating,$44
GSIT,$4.8864,1440447926694,"1,163",100% bearish,of 1 rating,N/A
GBSN,$1.03,1440447926797,"584,919",100% bearish,of 1 rating,$8.25
GSIG,$12.4,1440447926855,"63,077",100% bearish,of 2 ratings,N/A
GPRE,$18.28,1440447926931,"658,245",67% bullish,of 6 ratings,$28.50
GSVC,$8.36,1440447927247,"212,070",50% bullish,of 2 ratings,$14.50
GTXI,$0.7198,1440447927273,"124,899",100% bullish,of 5 ratings,$.75
GCBC,$27.51,1440447927295,190,100% bullish,of 1 rating,N/A
GBNK,$15.53,1440447927328,"24,045",100% bearish,of 1 rating,$18
GUID,$6.94,1440447927477,"122,614",100% bearish,of 3 ratings,$10
GULTU,$0.275,1440447927504,"175,030",100% bearish,of 1 rating,N/A
GFED,$14.6,1440447927928,"1,271",Not yet rated,NULL,$17
GIFI,$11.91,1440447928016,"58,371",100% bearish,of 1 rating,$16
GWPH,$100.79,1440447928044,"273,514",78% bullish,of 9 ratings,$148.50
GURE,$1.53,1440447928066,"96,765",88% bullish,of 8 ratings,N/A
GPOR,$32.77,1440447928212,"1,437,013",75% bullish,of 4 ratings,$55
GWGH,NULL,1440447928242,0,100% bearish,of 1 rating,$15.05
GYRO,$2.85,1440447928350,400,100% bearish,of 1 rating,N/A
HALL,$11.18,1440447928530,"18,602",Not yet rated,NULL,N/A
HMPR,$1.81,1440447928746,"128,329",100% bullish,of 1 rating,N/A
HNRG,$6.98,1440447928958,"99,438",100% bearish,of 1 rating,$10
HBHC,$25.65,1440447929086,"579,562",50% bullish,of 2 ratings,$30
HBHCL,$24.09,1440447929112,"54,907",Not yet rated,NULL,N/A
HALO,$16.93,1440447929244,"1,046,287",67% bullish,of 3 ratings,$22.50
HLG,$9,1440447929281,"1,534",100% bearish,of 1 rating,N/A
HBK,$13.8,1440447929309,200,50% bullish,of 2 ratings,N/A
HEES,$16.105,1440447929388,"281,357",67% bearish,of 3 ratings,$31
HNH,$26.11,1440447929517,"11,009",100% bullish,of 1 rating,N/A
HQCL,$8.215,1440447929546,"23,419",67% bullish,of 3 ratings,$14
HNSN,$0.4712,1440447929682,"132,694",88% bullish,of 8 ratings,$.40
HAFC,$23.58,1440447929710,"217,481",100% bullish,of 2 ratings,$28.50
HDNG,$9.75,1440447930009,"32,852",50% bullish,of 4 ratings,N/A
HRMNU,$10.19,1440447930089,300,Not yet rated,NULL,N/A
HLIT,$5.47,1440447930114,"305,819",100% bearish,of 1 rating,$6.50
TINY,$2.42,1440447930186,"40,329",50% bullish,of 2 ratings,$5.26
HRMNW,NULL,1440447930244,0,Not yet rated,NULL,N/A
HART,$0.7793,1440447930390,"147,551",100% bearish,of 1 rating,N/A
HBIO,$4.355,1440447930421,"98,989",Not yet rated,NULL,$10
HRMN,NULL,1440447930447,0,Not yet rated,NULL,N/A
HCAPL,$25.1,1440447930620,"8,127",Not yet rated,NULL,N/A
HCAP,$12.25,1440447930646,"32,957",50% bullish,of 2 ratings,$15
HA,$22.06,1440447930798,"1,023,094",67% bullish,of 9 ratings,$27
HAS,$71.47,1440447930824,"1,288,310",63% bullish,of 8 ratings,$84.50
HWKN,$36.48,1440447930851,"12,324",Not yet rated,NULL,N/A
HAYN,$36,1440447931098,"55,549",100% bearish,of 1 rating,$59
HCOM,$22.1,1440447931127,"21,683",100% bearish,of 1 rating,$28
HWBK,$13.117,1440447931260,660,100% bearish,of 1 rating,N/A
HCSG,$32.84,1440447931316,"291,275",50% bullish,of 4 ratings,$35
HSTM,$24.34,1440447931346,"58,247",50% bullish,of 2 ratings,$33.75
HDS,$31.28,1440447931373,"1,520,625",100% bearish,of 2 ratings,$39.50
HIIQ,$4.26,1440447931405,"30,000",50% bullish,of 2 ratings,$7
HQY,$28.265,1440447931448,"237,954",67% bullish,of 3 ratings,$31
HTBX,$5.1599,1440447931999,"15,914",50% bullish,of 2 ratings,$15.50
HTWR,$79.99,1440447932025,"91,783",50% bullish,of 2 ratings,$103
HELE,$83.94,1440447932504,"208,506",67% bearish,of 3 ratings,$100
HSII,$20,1440447932548,"51,658",100% bullish,of 3 ratings,$25
HWAY,$12.01,1440447932575,"271,662",100% bearish,of 1 rating,$15
HNNA,$24.47,1440447932779,"14,997",Not yet rated,NULL,N/A
HMTV,$12.75,1440447932813,"13,105",100% bearish,of 1 rating,$16
HCACU,$10.008,1440447932914,"1,500",Not yet rated,NULL,N/A
HTLD,$20.15,1440447932942,"497,612",Not yet rated,NULL,$22.50
HTLF,$35.09,1440447932970,"35,214",100% bullish,of 1 rating,$39.50
HMNY,$2.54,1440447933100,"2,730",100% bearish,of 1 rating,N/A
HFWA,$17.35,1440447933231,"53,934",100% bullish,of 1 rating,$20
HSIC,$133.31,1440447933296,"461,666",83% bullish,of 6 ratings,$146
HERO,NULL,1440447933321,0,NULL,NULL,NULL
HEOP,$7.5,1440447933500,"13,831",Not yet rated,NULL,$8.50
HTBK,$10.7,1440447933530,"33,651",Not yet rated,NULL,$12
HCCI,$11.06,1440447933634,"19,822",100% bearish,of 1 rating,$16.50
HSKA,$31.7,1440447933839,"34,387",100% bearish,of 1 rating,$38
MLHR,$27.4,1440447933864,"176,684",50% bullish,of 2 ratings,$33.50
HFFC,$15.86,1440447933889,657,Not yet rated,NULL,N/A
HRTX,$34.05,1440447933936,"952,389",67% bullish,of 6 ratings,$41
HPJ,$2.16,1440447934023,"64,706",75% bullish,of 4 ratings,$12.43
HIBB,$37.745,1440447934092,"589,412",100% bearish,of 1 rating,$48.50
HIMX,$6.09,1440447934122,"1,328,010",86% bullish,of 21 ratings,$8.50
HIHO,$3.96,1440447934144,"32,837",Not yet rated,NULL,N/A
HIFS,$115,1440447934350,"2,372",Not yet rated,NULL,N/A
HMNF,$11.14,1440447934411,"2,493",Not yet rated,NULL,N/A
HSGX,$5.5101,1440447934437,"13,300",100% bearish,of 1 rating,$17
HOLI,$16.85,1440447934694,"438,226",50% bullish,of 4 ratings,$27
HMSY,$10.04,1440447934731,"3,309,509",67% bullish,of 3 ratings,$19.35
HOLX,$38.03,1440447934914,"4,221,198",67% bullish,of 3 ratings,$42
HBCP,$24,1440447935071,400,Not yet rated,NULL,$29
HOMB,$37.15,1440447935156,"194,446",Not yet rated,NULL,$41
HTBI,$17.925,1440447935228,"47,728",67% bullish,of 3 ratings,$18.625
HFBL,$21.61,1440447935256,200,Not yet rated,NULL,N/A
HMIN,$26.45,1440447935291,"317,756",100% bearish,of 2 ratings,$35
AWAY,$27.36,1440447935319,"1,040,491",67% bullish,of 3 ratings,$36
HMST,$21.5,1440447935388,"88,630",100% bullish,of 2 ratings,$27
HKTV,$4.43,1440447935490,"30,854",100% bearish,of 1 rating,N/A
CETC,$0.758,1440447935663,"106,479",86% bullish,of 7 ratings,N/A
HOFT,$23.02,1440447935711,"47,745",100% bearish,of 1 rating,N/A
HZNP,$27.5,1440447935841,"2,256,339",85% bullish,of 20 ratings,$40
HFBC,$11.3,1440447935870,"8,025",Not yet rated,NULL,N/A
ZINC,$6.83,1440447935897,"792,785",100% bearish,of 1 rating,$17
HMHC,$22.07,1440447936031,"556,774",Not yet rated,NULL,$27
HRZN,$10.33,1440447936161,"78,390",100% bearish,of 1 rating,$14.25
HBNC,$23.17,1440447936203,"22,172",100% bullish,of 1 rating,$27
HDP,$24.27,1440447936255,"418,501",67% bearish,of 3 ratings,$30.50
HWCC,$7.27,1440447936281,"120,706",100% bearish,of 1 rating,$9
HOVNP,$4.726,1440447936339,"2,518",100% bearish,of 1 rating,N/A
HBMD,$13.45,1440447936376,"1,767",100% bearish,of 1 rating,N/A
HSNI,$57.93,1440447936476,"206,242",Not yet rated,NULL,$80
HTGM,$5.25,1440447936614,"17,960",100% bearish,of 1 rating,$19.50
HCBK,$9.07,1440447936943,"2,297,999",83% bullish,of 6 ratings,$8.61
HUBG,$37.84,1440447936970,"145,611",100% bearish,of 1 rating,$43
HSON,$2.56,1440447936997,"8,389",100% bearish,of 1 rating,$5
HBAN,$10.49,1440447937130,"7,608,670",76% bullish,of 17 ratings,$12.29
HDSN,$2.93,1440447937198,"105,996",100% bullish,of 1 rating,$6.25
HTCH,$1.52,1440447937228,"49,844",100% bearish,of 1 rating,$3.50
HURN,$72.525,1440447937250,"142,311",50% bullish,of 2 ratings,$80
HURC,$28.96,1440447937448,"8,091",100% bearish,of 1 rating,N/A
HBANP,$1340,1440447937542,156,100% bearish,of 1 rating,N/A
HDRAU,$10.2,1440447937652,200,Not yet rated,NULL,N/A
HBP,$3.04,1440447937708,"5,708",100% bullish,of 1 rating,N/A
HDRAW,$0.25,1440447937733,11,Not yet rated,NULL,N/A
HDRA,NULL,1440447937807,0,Not yet rated,NULL,N/A
IDSY,$3.68,1440447938093,"19,554",100% bearish,of 1 rating,$7
IACI,$67.6,1440447938153,"664,381",75% bullish,of 4 ratings,$90
HYGS,$7.43,1440447938180,"45,374",50% bullish,of 2 ratings,$13
IKGH,$1.53,1440447938224,"19,214",75% bullish,of 4 ratings,N/A
IBKC,$57.19,1440447938312,"172,492",100% bullish,of 1 rating,$70
ICAD,$3.45,1440447938407,"71,081",50% bullish,of 2 ratings,$7.25
IEP,$66.21,1440447938438,"150,004",75% bullish,of 4 ratings,$99
HDRAR,NULL,1440447938469,0,Not yet rated,NULL,N/A
ICFI,$33.78,1440447938659,"61,998",50% bullish,of 2 ratings,$48.50
ICON,$12.14,1440447938750,"943,713",50% bullish,of 2 ratings,$18.50
ICUI,$109.81,1440447938831,"108,282",Not yet rated,NULL,$122
ICLR,$74.53,1440447938857,"390,280",100% bearish,of 3 ratings,$85
IPWR,$7.1,1440447938983,"18,067",100% bullish,of 1 rating,$15
INVE,$4.505,1440447939016,"53,591",75% bullish,of 4 ratings,$4
IDXX,$71.27,1440447939111,"620,211",100% bearish,of 1 rating,$77
IDRA,$2.525,1440447939212,"955,622",89% bullish,of 9 ratings,$6.50
IROQ,$16.5,1440447939465,"6,392",100% bullish,of 1 rating,N/A
DSKY,$11.58,1440447939512,"512,304",67% bullish,of 6 ratings,$11.50
IRG,$4.75,1440447939540,"42,727",100% bearish,of 1 rating,$4.50
RXDX,$12.54,1440447939572,"223,760",100% bullish,of 1 rating,$20
IIVI,$16.69,1440447939603,"172,152",100% bearish,of 1 rating,$22
KANG,$14,1440447939629,"580,008",50% bullish,of 2 ratings,$22.55
IKAN,$2.7214,1440447939674,"20,200",83% bullish,of 6 ratings,$5
IKNX,$11.7468,1440447939872,900,100% bearish,of 1 rating,N/A
ILMN,$193.25,1440447939922,"1,063,756",80% bullish,of 5 ratings,$240
ISNS,$3.68,1440447940028,"58,422",50% bullish,of 2 ratings,N/A
IMMR,$11.33,1440447940218,"119,583",80% bullish,of 5 ratings,$15.50
IMDZ,$15.0958,1440447940351,"62,172",100% bearish,of 1 rating,$33
IMMU,$1.78,1440447940405,"501,718",86% bullish,of 7 ratings,$2
IMNP,$1.1635,1440447940427,"232,963",50% bullish,of 2 ratings,$6
IMGN,$13.015,1440447940449,"1,214,401",75% bullish,of 4 ratings,$17.50
ICCC,$7.67,1440447940486,"4,795",100% bullish,of 1 rating,N/A
IMMY,$7.2,1440447940634,"15,102",100% bearish,of 1 rating,$11
INCY,$98.6,1440447940905,"977,681",50% bullish,of 6 ratings,$125.50
IPXL,$41.89,1440447940932,"631,456",67% bullish,of 3 ratings,$46.50
SAAS,$7.34,1440447940965,"347,021",50% bullish,of 2 ratings,$15
INCR,$40.01,1440447940988,"338,727",50% bullish,of 2 ratings,$53
IBCP,$13.68,1440447941070,"81,703",100% bullish,of 1 rating,$14.50
INDB,$44.19,1440447941316,"60,168",Not yet rated,NULL,$44
INFN,$19.815,1440447941496,"1,898,051",71% bullish,of 7 ratings,$28
III,$3.99,1440447941625,"46,380",57% bullish,of 7 ratings,$6
IBTX,$39.86,1440447942236,"28,149",100% bullish,of 2 ratings,$47.25
IDSA,$3.5,1440447942266,"5,410",Not yet rated,NULL,N/A
INFI,$8.61,1440447942481,"638,716",50% bullish,of 4 ratings,$18
INNL,$12.22,1440447942514,955,100% bearish,of 1 rating,$16.50
IPCC,$79,1440447942541,"35,682",Not yet rated,NULL,$77.50
IFON,$1.16,1440447942618,"55,734",75% bullish,of 4 ratings,N/A
INWK,$7.43,1440447942908,"122,549",50% bullish,of 2 ratings,$10
INOD,$2.48,1440447942970,"5,600",100% bearish,of 1 rating,N/A
IMKTA,$49.97,1440447942996,"100,142",100% bearish,of 1 rating,N/A
IOSP,$46.66,1440447943039,"278,300",100% bearish,of 1 rating,N/A
IPHS,$45.48,1440447943132,"82,204",100% bearish,of 1 rating,$60
ISSC,$2.8,1440447943208,"5,739",67% bearish,of 3 ratings,N/A
ITEK,$12.61,1440447943399,"583,889",100% bearish,of 3 ratings,$20
INGN,$46.66,1440447943451,"183,585",100% bearish,of 1 rating,$50.50
INO,$6.535,1440447943538,"1,230,705",89% bullish,of 18 ratings,$20
INOV,$20.62,1440447943623,"183,166",100% bearish,of 1 rating,$33
INSM,$22.66,1440447943890,"622,471",71% bullish,of 7 ratings,$31.50
NSIT,$24.9,1440447944040,"75,179",50% bullish,of 2 ratings,N/A
ISIG,$2.6,1440447944209,"24,857",100% bearish,of 1 rating,N/A
PODD,$28,1440447944238,"288,461",50% bullish,of 2 ratings,$35
IIIN,$16.76,1440447944260,"41,439",100% bearish,of 2 ratings,N/A
NTEC,$5.67,1440447944292,"19,300",100% bearish,of 1 rating,N/A
IART,$59.11,1440447944318,"170,882",100% bearish,of 1 rating,$71.50
IESC,$7.25,1440447944448,"3,765",100% bearish,of 1 rating,N/A
INSY,$31.32,1440447944552,"496,914",75% bullish,of 4 ratings,$48
IDTI,$17.22,1440447944584,"2,192,564",60% bullish,of 5 ratings,$25
INTC,$26.53,1440447944864,"39,604,781",82% bullish,of 238 ratings,$36
IPCI,$2.05,1440447945073,"91,625",67% bullish,of 6 ratings,$7.75
IQNT,$18.38,1440447945104,"237,802",86% bullish,of 7 ratings,$20
ISSI,$22.1,1440447945126,"502,515",67% bullish,of 3 ratings,$19.75
IBKR,$37,1440447945268,"878,453",100% bullish,of 1 rating,N/A
ICPT,$180.35,1440447945330,"264,738",70% bullish,of 10 ratings,$359.50
ININ,$35.75,1440447945423,"57,240",67% bearish,of 3 ratings,$57
IPAR,$25.19,1440447945457,"67,086",67% bullish,of 3 ratings,$38
ICLD,$1.76,1440447945507,"248,138",75% bullish,of 4 ratings,N/A
ICLDW,NULL,1440447945554,0,100% bearish,of 1 rating,N/A
IDCC,$46.51,1440447945689,"314,163",80% bullish,of 5 ratings,$63
IMI,$2.01,1440447945872,"17,104",67% bullish,of 3 ratings,$2.22
TILE,$24.15,1440447945897,"370,786",67% bearish,of 3 ratings,$27
IBOC,$24.82,1440447946183,"137,193",100% bearish,of 1 rating,N/A
ISCA,$30.71,1440447946210,"51,114",100% bearish,of 1 rating,N/A
IIJI,$9.2799,1440447946340,500,50% bullish,of 2 ratings,$11.50
IGLD,$6.7999,1440447946381,"5,025",50% bullish,of 2 ratings,N/A
INTX,$2.27,1440447946476,"23,712",67% bullish,of 3 ratings,N/A
XENT,$25.39,1440447946688,"197,009",50% bullish,of 2 ratings,$36.50
INAP,$7.63,1440447946883,"148,289",75% bullish,of 4 ratings,$11
IVAC,$4.79,1440447947231,"13,786",100% bearish,of 1 rating,$6.625
INPH,$0.3,1440447947264,"32,615",50% bullish,of 2 ratings,N/A
PTNT,$3,1440447947294,"1,965",Not yet rated,NULL,N/A
INTLL,$26.13,1440447947328,"12,446",Not yet rated,NULL,N/A
IILG,$19.25,1440447947357,"100,431",100% bearish,of 1 rating,$29
INTL,$26.11,1440447947383,"91,371",67% bearish,of 3 ratings,N/A
ISIL,$10.12,1440447947425,"926,063",50% bullish,of 6 ratings,$15
ITCI,$26.09,1440447947757,"343,849",75% bearish,of 4 ratings,$40
ISRG,$492.79,1440447947803,"198,768",67% bullish,of 3 ratings,$600
IIN,$6.22,1440447947867,"3,804",100% bearish,of 1 rating,$12
SNAK,$8.36,1440447947996,"107,710",50% bullish,of 2 ratings,$14
INVT,$0.2601,1440447948089,"180,466",67% bullish,of 3 ratings,N/A
ISTR,$15.7,1440447948162,"2,303",100% bearish,of 1 rating,$18.50
INTU,$85.135,1440447948223,"3,220,036",86% bullish,of 7 ratings,$107.50
ISBC,$11.48,1440447948250,"2,641,921",100% bullish,of 1 rating,$13.25
ITIC,$71,1440447948380,200,100% bearish,of 2 ratings,N/A
IPAS,$1.01,1440447948591,"87,771",67% bullish,of 3 ratings,N/A
IVTY,$11.83,1440447948638,"14,563",Not yet rated,NULL,$18
IPGP,$81.81,1440447948664,"295,887",100% bearish,of 2 ratings,$109.50
NVIV,$9.38,1440447948691,"511,191",50% bullish,of 4 ratings,$24.50
IPCM,$79.25,1440447948865,"209,159",50% bullish,of 2 ratings,$80.125
DTUL,$66.22,1440447948943,200,Not yet rated,NULL,N/A
IRMD,$24.62,1440447949008,"10,971",67% bearish,of 3 ratings,$25
DFVL,$67.82,1440447949038,101,Not yet rated,NULL,N/A
IRDM,$6.75,1440447949141,"810,902",60% bullish,of 5 ratings,$11.50
IRIX,$6.91,1440447949301,"5,739",100% bearish,of 1 rating,N/A
IRBT,$28.45,1440447949357,"289,519",67% bullish,of 6 ratings,$37
IRDMB,$267.4354,1440447949650,304,67% bearish,of 3 ratings,N/A
IRWD,$10.81,1440447949681,"1,010,952",100% bearish,of 1 rating,$13
IRCP,$24.75,1440447949780,"13,435",100% bullish,of 2 ratings,N/A
COMT,$30.96,1440447949808,"38,431",100% bearish,of 1 rating,N/A
IFEU,$37.6192,1440447949877,"24,658",Not yet rated,NULL,N/A
IFAS,NULL,1440447949932,0,NULL,NULL,NULL
GNMA,$50.44,1440447949963,"11,218",Not yet rated,NULL,N/A
IFGL,$27.7,1440447950068,"111,716",Not yet rated,NULL,N/A
IFNA,NULL,1440447950097,0,NULL,NULL,NULL
FCHI,NULL,1440447950199,0,NULL,NULL,NULL
ACWI,$53.78,1440447950372,"2,579,479",Not yet rated,NULL,N/A
ACWX,$39.19,1440447950398,"1,279,925",100% bearish,of 1 rating,N/A
AXJS,NULL,1440447950447,0,NULL,NULL,NULL
AAXJ,$49.81,1440447950476,"2,101,001",Not yet rated,NULL,N/A
AAIT,NULL,1440447950524,0,NULL,NULL,NULL
EMDI,NULL,1440447950623,0,NULL,NULL,NULL
EEME,NULL,1440447950726,0,NULL,NULL,NULL
EEMA,$46.54,1440447950785,"45,141",Not yet rated,NULL,N/A
EMEY,NULL,1440447950831,0,NULL,NULL,NULL
EVAL,NULL,1440447950932,0,NULL,NULL,NULL
EGRW,NULL,1440447950980,0,NULL,NULL,NULL
EEML,$27.13,1440447951006,836,Not yet rated,NULL,N/A
IEUS,$45.34,1440447951064,"10,597",100% bearish,of 1 rating,N/A
EUFN,$21.15,1440447951170,"366,795",100% bearish,of 1 rating,N/A
UAE,$16.37,1440447951323,"19,328",Not yet rated,NULL,N/A
QAT,$19.96,1440447951428,35,Not yet rated,NULL,N/A
IBB,$326.28,1440447951475,"2,455,182",63% bullish,of 8 ratings,N/A
ICLN,$9,1440447951656,"106,590",50% bullish,of 2 ratings,N/A
SOXX,$77.37,1440447951681,"780,234",50% bullish,of 2 ratings,N/A
ISIS,$44.43,1440447951854,"1,665,287",53% bullish,of 15 ratings,$67
INDY,$26.21,1440447951887,"831,842",50% bullish,of 2 ratings,N/A
IGOV,$93.335,1440447951909,"60,856",100% bearish,of 1 rating,N/A
EMIF,$26.99,1440447951943,"8,675",Not yet rated,NULL,N/A
ISHG,$81.472,1440447951965,"18,368",100% bearish,of 1 rating,N/A
WOOD,$46.88,1440447951997,"79,195",50% bullish,of 2 ratings,N/A
ISLE,$15.9296,1440447952133,"346,642",50% bullish,of 4 ratings,$16
ITRN,$23.55,1440447952314,"18,157",50% bullish,of 2 ratings,N/A
ISRL,$119.31,1440447952354,200,100% bearish,of 1 rating,N/A
ITRI,$30.51,1440447952411,"307,596",Not yet rated,NULL,$37
ITUS,$3.97,1440447952615,"2,109",Not yet rated,NULL,N/A
XXIA,$14.74,1440447952747,"270,576",71% bullish,of 7 ratings,$14.625
JBHT,$74.98,1440447952887,"941,194",50% bullish,of 4 ratings,$89.50
IXYS,$10.23,1440447952982,"214,981",50% bullish,of 4 ratings,N/A
JKHY,$66.3,1440447953017,"322,719",50% bullish,of 2 ratings,$72
MAYS,$56,1440447953038,810,Not yet rated,NULL,N/A
JCOM,$66.64,1440447953070,"214,323",100% bullish,of 2 ratings,$77
JJSF,$111.99,1440447953116,"63,294",100% bearish,of 1 rating,N/A
JASO,$6.77,1440447953321,"1,239,251",82% bullish,of 17 ratings,$10
JACK,$78.72,1440447953349,"743,546",83% bullish,of 6 ratings,$105
JAXB,NULL,1440447953717,0,100% bullish,of 1 rating,N/A
JXSB,$23.75,1440447953743,"3,392",Not yet rated,NULL,N/A
JAGX,$2.5989,1440447953770,"1,106",Not yet rated,NULL,N/A
JAKK,$9.26,1440447953795,"578,144",60% bearish,of 5 ratings,$11
JMBA,$12.99,1440447953993,"132,088",75% bullish,of 4 ratings,$18
JASN,$4.75,1440447954464,"23,640",50% bullish,of 2 ratings,$9.50
ERW,$48.996,1440447954495,410,Not yet rated,NULL,N/A
JRVR,$26.17,1440447954534,"45,447",Not yet rated,NULL,$32
JAZZ,$161.96,1440447954596,"397,592",80% bullish,of 15 ratings,$206.50
JD,$24.005,1440447954624,"10,619,477",75% bullish,of 16 ratings,$36
JASNW,NULL,1440447954652,0,50% bullish,of 2 ratings,N/A
JBLU,$21.28,1440447954679,"8,120,717",94% bullish,of 18 ratings,$27
JTPY,$3.02,1440447954905,"2,421",100% bearish,of 1 rating,N/A
JCTCF,$9.514,1440447954932,100,100% bullish,of 1 rating,N/A
JST,$3.74,1440447955195,"30,778",75% bullish,of 4 ratings,N/A
DATE,$5.5,1440447955223,"211,235",75% bullish,of 4 ratings,$9
JIVE,$4.105,1440447955271,"710,322",75% bullish,of 4 ratings,$5
