Symbol,Price,Date,Volume,Rating,RatingVoteCount,OneYearEstimate
FCTY,$7.98,1441304102591,100,100% bullish,of 1 rating,$8.50
FCCY,NULL,1441304102693,0,100% bullish,of 1 rating,$13
TFSCU,$10.23,1441304102728,"2,300",Not yet rated,NULL,N/A
TFSCR,NULL,1441304102758,0,Not yet rated,NULL,N/A
TFSC,NULL,1441304102780,0,100% bearish,of 1 rating,N/A
FLWS,$8.645,1441304102812,"133,147",80% bullish,of 5 ratings,$15
TFSCW,NULL,1441304102862,0,100% bearish,of 1 rating,N/A
PIH,$7.62,1441304102914,"2,535",100% bearish,of 1 rating,N/A
SRCE,$29.74,1441304102994,"20,685",100% bullish,of 3 ratings,$33
TWOU,$34.7975,1441304103152,"157,827",50% bullish,of 2 ratings,$39
USLV,$12.71,1441304103283,"221,043",86% bullish,of 7 ratings,N/A
VNET,$17.44,1441304103311,"245,703",60% bullish,of 5 ratings,$35
UGLD,$9.0298,1441304103341,"114,135",100% bearish,of 1 rating,N/A
DGLD,$83.3599,1441304103474,"3,707",100% bullish,of 1 rating,N/A
DSLV,$67.7601,1441304103507,"14,004",100% bearish,of 1 rating,N/A
JOBS,$26.52,1441304103642,"29,926",50% bullish,of 4 ratings,$36
EGHT,$7.82,1441304103862,"102,457",82% bullish,of 17 ratings,$11
CAFD,$15.02,1441304103888,"194,175",Not yet rated,NULL,$24.50
AVHI,$13.83,1441304103944,"12,514",100% bearish,of 1 rating,$19
SIXD,$2.73,1441304103975,"29,565",Not yet rated,NULL,N/A
SHLM,$33,1441304104071,"74,511",100% bearish,of 1 rating,$47
ABGB,$4.78,1441304104171,"43,638",67% bullish,of 3 ratings,$5.50
ABAX,$47.39,1441304104225,"14,087",100% bearish,of 1 rating,$60
ABY,$22.295,1441304104307,"207,288",100% bearish,of 2 ratings,$46
ABEO,$4.63,1441304104355,"19,410",50% bullish,of 4 ratings,$15.50
AAON,$20.095,1441304104430,"24,080",100% bearish,of 1 rating,$24
ABEOW,$1.77,1441304104485,"6,540",100% bullish,of 1 rating,N/A
ABMD,$94.751,1441304104697,"160,267",75% bullish,of 4 ratings,$100.50
AXAS,$1.6801,1441304104737,"465,262",78% bullish,of 9 ratings,$3.50
ACAD,$39.42,1441304104883,"1,689,428",80% bullish,of 20 ratings,$48
ACHC,$73.25,1441304104976,"214,585",50% bullish,of 2 ratings,$92
ACST,$0.32,1441304105016,"42,503",100% bullish,of 2 ratings,N/A
AXDX,$19.02,1441304105072,"25,814",100% bearish,of 1 rating,N/A
ACTG,$9.12,1441304105106,"103,322",67% bullish,of 3 ratings,$18.50
XLRN,$28.2749,1441304105200,"64,108",50% bullish,of 2 ratings,$57
ARAY,$6.63,1441304105232,"300,209",100% bearish,of 1 rating,$10.50
ANCX,$19.62,1441304105334,"5,052",Not yet rated,NULL,$20
VXUP,$1.5,1441304105383,"31,613",100% bearish,of 1 rating,N/A
ACRX,$4.2201,1441304105419,"176,075",67% bearish,of 6 ratings,$7
ACET,$22.165,1441304105515,"43,442",75% bullish,of 4 ratings,$30
VXDN,$1.9,1441304105539,"49,636",100% bearish,of 1 rating,N/A
AKAO,$6.915,1441304105708,"20,146",75% bullish,of 4 ratings,$15
ACHN,$7.47,1441304105754,"1,100,448",90% bullish,of 21 ratings,$16
ACIW,$21.45,1441304105912,"152,864",67% bearish,of 3 ratings,$24
ACOR,$32.1,1441304105937,"201,345",67% bearish,of 3 ratings,$38.50
ACTA,$13.92,1441304105996,"28,505",67% bearish,of 3 ratings,$25
ACNB,NULL,1441304106065,0,Not yet rated,NULL,N/A
ATVI,$28.535,1441304106163,"3,775,041",67% bullish,of 84 ratings,$31.50
ACTS,$1.58,1441304106210,"32,656",100% bearish,of 1 rating,N/A
ACPW,$1.9625,1441304106237,"12,666",100% bullish,of 4 ratings,$3.25
ADMS,$19,1441304106389,"36,470",100% bearish,of 2 ratings,$36
ACXM,$20.67,1441304106446,"56,443",67% bullish,of 3 ratings,N/A
ADAP,$10.99,1441304106550,"11,967",67% bullish,of 3 ratings,$22
ACUR,$2.87,1441304106582,"13,493",100% bullish,of 5 ratings,$5
ADMP,$3.57,1441304106609,"30,471",50% bullish,of 2 ratings,$10
ADUS,$29.56,1441304106685,"22,214",100% bearish,of 1 rating,$31
AEY,$2.3305,1441304106812,"2,450",100% bearish,of 2 ratings,N/A
ADEP,$7.25,1441304106990,"53,289",50% bullish,of 2 ratings,$10.75
ADTN,$15.81,1441304107052,"44,950",67% bullish,of 3 ratings,$17.125
ADMA,$8.92,1441304107183,"1,816",Not yet rated,NULL,$19
ADRO,$18.5,1441304107209,"50,389",80% bullish,of 5 ratings,$45.50
ADBE,$77.98,1441304107230,"949,050",65% bullish,of 17 ratings,$90
AMD,$1.7899,1441304107363,"3,378,641",83% bullish,of 103 ratings,$2
AEIS,$24.52,1441304107388,"35,578",50% bullish,of 2 ratings,$32.50
AEGN,$18.09,1441304107880,"22,788",100% bearish,of 2 ratings,$21
ADXS,$13.29,1441304108191,"229,848",64% bullish,of 14 ratings,$27
ADXSW,$9.58,1441304108260,"32,944",100% bullish,of 1 rating,N/A
MULT,NULL,1441304108422,0,100% bearish,of 1 rating,N/A
AEHR,$2.25,1441304108605,"3,330",50% bullish,of 2 ratings,N/A
YPRO,$22.98,1441304108657,382,100% bearish,of 1 rating,N/A
AEGR,$17.76,1441304108682,"131,270",50% bullish,of 6 ratings,$26
AVAV,$20.8536,1441304108971,"156,907",50% bullish,of 4 ratings,$30
AMTX,$2.87,1441304109002,"18,439",50% bullish,of 2 ratings,$26.11
AGEN,$6.6661,1441304109138,"326,928",85% bullish,of 13 ratings,$14
AFFX,$8.985,1441304109174,"436,523",80% bullish,of 5 ratings,$12.50
AERI,$15.75,1441304109196,"195,669",75% bullish,of 4 ratings,$31.50
AEPI,$56.19,1441304109271,"10,576",100% bearish,of 1 rating,N/A
AEZS,$0.0885,1441304109298,"10,543,242",90% bullish,of 21 ratings,$1.50
AEMD,$7.738,1441304109324,"160,283",Not yet rated,NULL,$27.50
AFMD,$9.5,1441304109452,"38,542",50% bullish,of 4 ratings,$15
AGRX,$8.46,1441304109482,"8,948",100% bearish,of 1 rating,$17.50
AGYS,$9.56,1441304109630,"3,231",100% bearish,of 1 rating,N/A
AGIO,$83.815,1441304109670,"116,333",88% bullish,of 8 ratings,$114
AGFS,$9.715,1441304109840,"24,351",100% bearish,of 1 rating,N/A
AGFSW,NULL,1441304110043,0,100% bearish,of 2 ratings,N/A
AIMT,$23.54,1441304110106,"109,020",Not yet rated,NULL,$35.50
AIRT,NULL,1441304110135,0,100% bullish,of 1 rating,N/A
AMCN,$4.57,1441304110174,"33,521",83% bullish,of 6 ratings,N/A
AIRM,$36.39,1441304110199,"51,440",80% bearish,of 5 ratings,$53
ATSG,$8.87,1441304110233,"39,966",67% bullish,of 3 ratings,$13
AKAM,$72.815,1441304110336,"914,010",63% bullish,of 8 ratings,$77.50
AIXG,$6.485,1441304110387,"5,039",67% bearish,of 3 ratings,$5.25
AKBA,$6.72,1441304110521,"405,214",100% bearish,of 1 rating,$18
AKER,$2.79,1441304110709,"4,950",Not yet rated,NULL,N/A
ALSK,$2.2135,1441304110758,"35,241",78% bullish,of 18 ratings,$2
ALRM,$16.572,1441304110800,"133,205",100% bearish,of 1 rating,$22
AKRX,$38.75,1441304110843,"210,759",78% bullish,of 9 ratings,$56
AMRI,$20.04,1441304111060,"59,603",75% bearish,of 4 ratings,$24
ABDC,$12.8925,1441304111161,"15,037",Not yet rated,NULL,$15
ADHD,$7.728,1441304111206,"59,028",50% bullish,of 4 ratings,$18
ALXN,$174.85,1441304111230,"406,349",88% bullish,of 8 ratings,$223.50
ALCO,$42.17,1441304111255,"11,391",50% bullish,of 2 ratings,N/A
ALDR,$39.71,1441304111310,"205,867",67% bearish,of 3 ratings,$62
ALXA,$1.2,1441304111411,"8,646",83% bullish,of 6 ratings,$2.125
ALDX,$7.31,1441304111437,"1,401",100% bearish,of 1 rating,$14.50
ALGN,$55.18,1441304111572,"351,031",100% bearish,of 2 ratings,$73
ALKS,$62.9475,1441304111715,"409,331",67% bullish,of 3 ratings,$75
ALIM,$3.06,1441304111736,"12,450",80% bullish,of 5 ratings,$10
ALGT,$204.95,1441304111814,"66,357",100% bearish,of 2 ratings,$235
ALLB,$23.03,1441304111886,601,Not yet rated,NULL,N/A
AIQ,$15.17,1441304111971,"3,206",67% bullish,of 3 ratings,N/A
AMOT,$18.16,1441304112131,"53,072",100% bearish,of 1 rating,N/A
AHPI,$1.5,1441304112159,625,50% bullish,of 2 ratings,N/A
AHGP,$35.92,1441304112186,"9,179",67% bullish,of 3 ratings,N/A
ARLP,$25.16,1441304112213,"49,692",67% bearish,of 3 ratings,$32
AFOP,$19.11,1441304112238,"153,253",75% bullish,of 8 ratings,$21
ALLT,$5.03,1441304112463,"10,676",75% bullish,of 4 ratings,$6.25
MDRX,$13.14,1441304112595,"3,449,798",60% bullish,of 5 ratings,$16
ALQA,$4.65,1441304112624,"19,153",75% bullish,of 4 ratings,$8.50
ALNY,$97.5,1441304112650,"192,975",67% bullish,of 3 ratings,$151.50
AFAM,$45.41,1441304112727,"43,037",50% bullish,of 2 ratings,$44
SMCP,$23.3,1441304112858,700,Not yet rated,NULL,N/A
AIMC,$23.6,1441304113076,"43,783",100% bearish,of 2 ratings,$28.50
ATEC,$0.5992,1441304113113,"36,359",100% bullish,of 1 rating,$2
AMRN,$2.25,1441304113147,"411,669",85% bullish,of 40 ratings,$8
AOSL,$7.95,1441304113179,"18,533",67% bullish,of 3 ratings,$9
ASPS,$26.19,1441304113208,"62,397",67% bullish,of 3 ratings,$46.50
ALTR,$48.87,1441304113229,"564,514",80% bearish,of 5 ratings,$54
AMAG,$61.54,1441304113260,"246,018",100% bullish,of 2 ratings,$75
AMZN,$502.7925,1441304113513,"993,356",81% bullish,of 267 ratings,$646
AYA,$20.69,1441304113589,"2,483",100% bearish,of 1 rating,$40
AMRK,$10.48,1441304113619,"1,500",50% bullish,of 2 ratings,$14
AMBC,$16.54,1441304113722,"93,977",100% bearish,of 1 rating,$16.50
AMBA,$75.78,1441304113765,"1,671,584",83% bullish,of 12 ratings,$95
AMBCW,$8.54,1441304113854,725,100% bearish,of 1 rating,N/A
EPAX,$2.69,1441304113895,"29,576",100% bearish,of 1 rating,N/A
AMCX,$71.29,1441304113921,"183,068",67% bullish,of 3 ratings,$87.50
DOX,$56.86,1441304113999,"176,473",67% bearish,of 3 ratings,$60
ASBI,$22.81,1441304114049,"2,979",Not yet rated,NULL,N/A
AMDA,$0.4876,1441304114078,"206,054",90% bullish,of 10 ratings,$1
UHAL,$373.8,1441304114186,"12,811",100% bullish,of 2 ratings,$393.50
AMED,$40.6,1441304114248,"90,367",100% bearish,of 1 rating,$42
AMOV,$17.99,1441304114291,285,100% bearish,of 1 rating,N/A
AAL,$40.94,1441304114355,"3,887,556",93% bullish,of 88 ratings,$57
ATAX,$5.2901,1441304114551,"31,453",100% bullish,of 1 rating,$6.50
AGNC,$19.18,1441304114576,"628,959",71% bullish,of 28 ratings,$22
MTGEP,$24.23,1441304114720,"3,500",Not yet rated,NULL,N/A
AGNCB,$24.2157,1441304114752,"1,820",Not yet rated,NULL,N/A
MTGE,$15.27,1441304114803,"129,315",75% bullish,of 4 ratings,$19.50
ACSF,$12.286,1441304114886,"10,602",100% bearish,of 1 rating,$15
AGNCP,$25.3066,1441304115019,"5,007",Not yet rated,NULL,N/A
ANCI,$1.55,1441304115055,1,100% bearish,of 1 rating,N/A
ACAS,$13.705,1441304115083,"577,270",60% bullish,of 5 ratings,$16.75
AETI,$3.28,1441304115111,"1,320",67% bearish,of 3 ratings,N/A
AMNB,$23.3501,1441304115155,"9,557",Not yet rated,NULL,$25.50
AMIC,NULL,1441304115220,0,100% bearish,of 1 rating,N/A
APEI,$21.82,1441304115326,"36,859",100% bearish,of 1 rating,$25.50
ANAT,$99.01,1441304115415,"11,677",100% bullish,of 1 rating,N/A
ARII,$40.0845,1441304115557,"71,154",67% bearish,of 3 ratings,$45
AMRB,$10.15,1441304115690,"2,713",Not yet rated,NULL,$11
AMSWA,$8.93,1441304115719,"7,293",100% bearish,of 2 ratings,$10.75
AMSC,$4.8439,1441304115822,"51,503",50% bullish,of 4 ratings,N/A
ASEI,$39.23,1441304115889,"21,196",100% bearish,of 1 rating,$52.50
AMWD,$66.5,1441304115914,"43,717",50% bullish,of 2 ratings,$70
CRMT,$35.95,1441304115965,"29,043",100% bearish,of 1 rating,$38
ABCB,$27.24,1441304115992,"112,211",Not yet rated,NULL,$31
ASRV,$3.25,1441304116191,"2,801",100% bullish,of 2 ratings,N/A
ATLO,$23.33,1441304116245,"4,300",Not yet rated,NULL,N/A
AMSF,$46.4175,1441304116289,"7,086",Not yet rated,NULL,$57.50
AMGN,$150.01,1441304116318,"923,141",89% bullish,of 19 ratings,$185
ASRVP,NULL,1441304116450,0,Not yet rated,NULL,N/A
FOLD,$14.89,1441304116518,"584,488",56% bullish,of 9 ratings,$21
AMKR,$5.355,1441304116643,"375,979",100% bearish,of 2 ratings,$5
AMPH,$13.2,1441304116678,"89,597",50% bullish,of 2 ratings,$20
AMSGP,NULL,1441304116818,0,Not yet rated,NULL,N/A
AMSG,$78.17,1441304116843,"85,459",100% bearish,of 1 rating,$85.50
ASYS,$5.49,1441304116975,"17,973",67% bullish,of 3 ratings,$12
AFSI,$57.7544,1441304117036,"105,025",60% bullish,of 5 ratings,$72
ANAC,$133,1441304117100,"201,073",80% bullish,of 5 ratings,$180.50
ADI,$55.24,1441304117130,"770,505",75% bullish,of 4 ratings,$69
ANAD,$0.3134,1441304117198,"132,997",100% bullish,of 2 ratings,$.50
AMRS,$1.7101,1441304117229,"51,698",70% bullish,of 10 ratings,N/A
ALOG,$81.18,1441304117299,"60,100",100% bearish,of 2 ratings,$100.50
ANCB,$21.47,1441304117359,870,Not yet rated,NULL,$23
ABCW,$41,1441304117444,"1,554",67% bullish,of 3 ratings,N/A
AMCF,NULL,1441304117585,0,NULL,NULL,NULL
ANGI,$5.05,1441304117718,"67,891",64% bullish,of 11 ratings,$5.50
ANIP,$51.71,1441304118066,"129,066",89% bullish,of 19 ratings,$66
ANSS,$89.64,1441304118390,"144,258",100% bearish,of 1 rating,$100
ANGO,$14.57,1441304118623,"30,404",67% bullish,of 3 ratings,$19
ATRS,$1.82,1441304118648,"255,867",92% bullish,of 12 ratings,$4.50
ANIK,$35.62,1441304118797,"48,679",60% bullish,of 5 ratings,$51.25
ANTH,$6.93,1441304118844,"348,372",80% bullish,of 10 ratings,$13
ABAC,$0.8,1441304118940,"12,718",100% bearish,of 1 rating,N/A
APIC,$6.525,1441304118972,"52,672",100% bearish,of 1 rating,$19
AAPL,$110.23,1441304119011,"19,664,137",86% bullish,of 2363 ratings,$150
APPF,$16.752,1441304119037,"29,392",50% bullish,of 2 ratings,$22
APOG,$52.035,1441304119110,"62,862",50% bullish,of 2 ratings,$67
ATNY,$2.41,1441304119317,"1,566",50% bullish,of 2 ratings,$3.75
ARCI,NULL,1441304119466,0,Not yet rated,NULL,N/A
APDNW,$1.42,1441304119503,"3,280",Not yet rated,NULL,N/A
AINV,$6.455,1441304119531,"564,181",50% bullish,of 4 ratings,$8
APDN,$3.4028,1441304119602,"8,785",Not yet rated,NULL,$9
AGTC,$16.24,1441304119663,"25,185",50% bullish,of 2 ratings,$33
APOL,$10.99,1441304119734,"325,933",87% bearish,of 68 ratings,$14
AMAT,$15.7725,1441304119831,"4,062,337",82% bullish,of 11 ratings,$23
AMCC,$5.71,1441304119916,"175,797",80% bullish,of 5 ratings,$8
AREX,$2.37,1441304119997,"406,886",50% bullish,of 2 ratings,$3
APRI,$1.61,1441304120130,"194,011",83% bullish,of 6 ratings,$4.86
AQMS,$4.9999,1441304120202,"9,113",Not yet rated,NULL,N/A
AAOI,$20.49,1441304120229,"68,494",50% bullish,of 4 ratings,$26
APTO,$5.298,1441304120257,"1,314",Not yet rated,NULL,$17
AQXP,$16.2931,1441304120286,"64,646",50% bullish,of 2 ratings,$2
AUMA,NULL,1441304120388,0,Not yet rated,NULL,N/A
AUMAW,NULL,1441304120535,0,Not yet rated,NULL,N/A
AUMAU,NULL,1441304120640,0,Not yet rated,NULL,N/A
ARDM,NULL,1441304120667,0,100% bullish,of 1 rating,$26
ARCW,$3.2299,1441304120692,"6,368",100% bearish,of 2 ratings,$10.50
ABIO,$0.9098,1441304120838,"42,297",50% bullish,of 2 ratings,$3.75
PETX,$17.59,1441304120966,"75,636",100% bearish,of 2 ratings,$26
ARCB,$28.315,1441304121058,"49,313",67% bearish,of 3 ratings,$39.50
ACGL,$68.84,1441304121096,"62,477",50% bullish,of 2 ratings,$72
RKDA,$5.53,1441304121125,"2,800",100% bearish,of 2 ratings,$10
ABUS,$7.01,1441304121231,"307,997",86% bullish,of 14 ratings,$21.50
ARDX,$18.46,1441304121260,"54,310",50% bullish,of 2 ratings,$24.50
ACAT,$25.9,1441304121285,"27,321",100% bearish,of 3 ratings,$33
ARNA,$2.76,1441304121418,"1,079,498",90% bullish,of 78 ratings,$5.50
ARCC,$15.49,1441304121486,"519,865",67% bearish,of 3 ratings,$17.75
AGIIL,$25.257,1441304121511,"1,544",Not yet rated,NULL,N/A
AGII,$55.18,1441304121673,"26,767",Not yet rated,NULL,$59.50
ARGS,$6.205,1441304121728,"31,136",50% bullish,of 2 ratings,$19.50
ARIS,$3.8286,1441304121772,596,Not yet rated,NULL,$4.50
ARIA,$7.675,1441304121865,"2,621,922",89% bullish,of 46 ratings,$9
ARKR,$25.083,1441304121890,"1,061",50% bullish,of 2 ratings,N/A
ARMH,$43.02,1441304121955,"471,759",54% bearish,of 13 ratings,$60
ARWA,NULL,1441304121984,0,Not yet rated,NULL,N/A
ARTX,$1.4001,1441304122087,"29,811",88% bullish,of 16 ratings,$4.50
ARWAR,$0.2436,1441304122145,200,Not yet rated,NULL,N/A
ARWAW,NULL,1441304122296,0,Not yet rated,NULL,N/A
ARQL,$1.67,1441304122373,"15,016",75% bullish,of 4 ratings,$5
ARWAU,NULL,1441304122427,0,100% bullish,of 1 rating,N/A
ARRS,$26.045,1441304122504,"476,223",50% bullish,of 2 ratings,$38
ARRY,$5.8,1441304122529,"472,633",100% bullish,of 7 ratings,$10
DWAT,NULL,1441304122580,0,100% bearish,of 1 rating,N/A
ARWR,$5.4099,1441304122665,"556,513",75% bullish,of 4 ratings,$10.50
AROW,$27.26,1441304122722,"2,545",Not yet rated,NULL,N/A
ARTNA,$21.86,1441304122770,"4,188",100% bearish,of 1 rating,$29
ASND,$19.64,1441304122904,"18,344",50% bullish,of 2 ratings,$30
ASNA,$12.2873,1441304122931,"625,488",50% bullish,of 2 ratings,$18
ARTW,$4.0096,1441304122962,"2,467",75% bearish,of 4 ratings,N/A
ASBB,$24,1441304123060,125,Not yet rated,NULL,N/A
ASCMA,$27.2,1441304123095,"17,211",100% bearish,of 1 rating,$45
APWC,$1.65,1441304123131,"1,000",100% bearish,of 1 rating,N/A
ASTI,$0.2607,1441304123200,"4,328,792",83% bullish,of 6 ratings,$3
ASMI,NULL,1441304123375,0,NULL,NULL,NULL
AZPN,$37.975,1441304123505,"151,799",50% bullish,of 2 ratings,$42
ASML,$92.585,1441304123586,"306,423",50% bullish,of 4 ratings,$127
ASMB,$13.485,1441304123611,"20,601",67% bullish,of 3 ratings,N/A
ASTE,$38.28,1441304123741,"39,435",100% bearish,of 1 rating,$49
ALOT,$13.98,1441304123780,"1,508",100% bearish,of 1 rating,N/A
ASFI,$8.8599,1441304123829,"2,868",100% bullish,of 1 rating,N/A
ATRO,$50.751,1441304123882,"80,199",100% bearish,of 2 ratings,$80
ASUR,$5.36,1441304123907,"6,946",50% bullish,of 2 ratings,$8
ATAI,$2.31,1441304124073,"11,398",100% bearish,of 1 rating,N/A
ASTC,$2.19,1441304124101,"8,659",100% bullish,of 5 ratings,N/A
AFCB,$25.64,1441304124235,101,Not yet rated,NULL,N/A
ATHN,$131.485,1441304124294,"64,133",67% bearish,of 3 ratings,$153
ATRA,$42.21,1441304124368,"90,020",50% bullish,of 2 ratings,$68
ATHX,$1.12,1441304124427,"143,672",89% bullish,of 9 ratings,$5
AAPC,$10.1,1441304124451,8,Not yet rated,NULL,N/A
ACFC,$5.483,1441304124633,"21,614",100% bearish,of 1 rating,$6.50
ATLC,$3.85,1441304124658,"3,554",67% bullish,of 3 ratings,N/A
AAME,$3.57,1441304124685,"3,753",Not yet rated,NULL,N/A
ATML,$7.9599,1441304124828,"1,685,754",78% bullish,of 9 ratings,$9.50
ATNI,$73.375,1441304124917,"8,168",100% bearish,of 1 rating,$69.50
AFH,$16.25,1441304124958,"37,702",Not yet rated,NULL,$21.50
AAWW,$38.7,1441304124985,"93,691",50% bullish,of 2 ratings,$65
ATRC,$24.26,1441304125013,"43,354",100% bullish,of 1 rating,$30
ATOS,$0.83,1441304125149,"98,163",100% bullish,of 7 ratings,$7
ATRM,$2.74,1441304125244,307,50% bullish,of 2 ratings,N/A
ATRI,$382.42,1441304125272,"3,637",Not yet rated,NULL,N/A
AUBN,$26.8499,1441304125377,300,Not yet rated,NULL,N/A
LIFE,$14.61,1441304125409,"18,732",86% bullish,of 7 ratings,$43
ATTU,$13.19,1441304125447,"6,269",100% bearish,of 1 rating,$20.50
AUPH,$3.4,1441304125508,"6,709",100% bearish,of 1 rating,$8
AUDC,$3.28,1441304125645,"49,578",80% bullish,of 5 ratings,$5
ADAT,$0.2601,1441304125715,"217,699",100% bullish,of 2 ratings,N/A
EARS,$4.31,1441304125740,"4,157",100% bearish,of 2 ratings,$11
ADSK,$45.77,1441304125766,"2,083,170",67% bullish,of 6 ratings,$66
ADP,$77.45,1441304125953,"589,264",100% bearish,of 1 rating,$88
ABTL,$18.27,1441304126012,"31,665",100% bullish,of 4 ratings,$20.25
AAVL,$10.098,1441304126038,"122,388",100% bearish,of 1 rating,$20
AVGO,$124.08,1441304126173,"933,869",88% bullish,of 8 ratings,$165
AVEO,$1.35,1441304126198,"126,759",75% bullish,of 8 ratings,$3
AVNU,$12.91,1441304126236,626,Not yet rated,NULL,$14
AVNW,$1.21,1441304126333,"51,687",50% bullish,of 2 ratings,N/A
AVID,$8.465,1441304126362,"156,882",100% bearish,of 1 rating,$20
AVGR,$14.7701,1441304126547,"11,606",100% bearish,of 1 rating,$20
AXPW,$2.0602,1441304126633,"1,042,360",86% bullish,of 7 ratings,N/A
AWRE,$3.22,1441304126660,"11,510",67% bullish,of 3 ratings,N/A
ACLS,$3.235,1441304126710,"199,214",67% bullish,of 6 ratings,$4.75
CAR,$43.69,1441304126735,"579,242",80% bullish,of 5 ratings,$60
AXGN,$4.6377,1441304126955,"114,784",Not yet rated,NULL,$5
AXPWW,NULL,1441304127027,0,Not yet rated,NULL,N/A
AXTI,$2.14,1441304127052,"11,800",50% bullish,of 2 ratings,$2.75
RILY,NULL,1441304127125,0,Not yet rated,NULL,N/A
BCOM,$19.31,1441304127259,610,100% bearish,of 1 rating,N/A
BEAV,$49.28,1441304127286,"188,071",67% bearish,of 3 ratings,$59
BOSC,$2.11,1441304127311,"1,594",50% bullish,of 2 ratings,N/A
BIDU,$148.245,1441304127440,"907,864",81% bullish,of 88 ratings,$210
BWINA,NULL,1441304127465,0,Not yet rated,NULL,N/A
BWINB,$22.52,1441304127632,"2,884",Not yet rated,NULL,N/A
BCPC,$57.56,1441304127675,"41,877",100% bearish,of 1 rating,$75
BLDP,$1.34,1441304127764,"252,424",91% bullish,of 22 ratings,$2.50
BANF,$60.09,1441304127815,"6,137",Not yet rated,NULL,$68
BOCH,$5.8,1441304127844,"3,898",Not yet rated,NULL,$6.50
BKMU,$6.95,1441304127868,"18,514",Not yet rated,NULL,$8
BANFP,NULL,1441304127895,0,Not yet rated,NULL,N/A
BMRC,$47.77,1441304128162,"1,037",Not yet rated,NULL,$52
OZRK,$40.85,1441304128254,"124,345",67% bullish,of 3 ratings,$49.50
BFIN,$12.17,1441304128304,"3,893",Not yet rated,NULL,$13
BKSC,$16.79,1441304128330,"4,495",Not yet rated,NULL,N/A
BWFG,$18.2,1441304128355,"6,251",100% bearish,of 1 rating,N/A
BOTJ,$10.85,1441304128411,222,Not yet rated,NULL,N/A
BZUN,$5.2301,1441304128543,"287,617",50% bullish,of 2 ratings,$11.50
BANR,$44.09,1441304128570,"11,681",100% bullish,of 3 ratings,$50
BHAC,NULL,1441304128710,0,Not yet rated,NULL,N/A
BHACR,NULL,1441304128788,0,Not yet rated,NULL,N/A
TAPR,$33.25,1441304128815,100,100% bearish,of 1 rating,N/A
BHACW,NULL,1441304129022,0,Not yet rated,NULL,N/A
BBSI,$34.2,1441304129066,"32,300",67% bearish,of 3 ratings,$62.50
BSET,$28.37,1441304129154,"34,633",100% bearish,of 1 rating,$35
BYBK,$5.03,1441304129299,500,100% bearish,of 1 rating,N/A
BYLK,$12.9963,1441304129353,"2,100",Not yet rated,NULL,$14
BHACU,NULL,1441304129378,0,Not yet rated,NULL,N/A
BV,$5.04,1441304129403,"198,324",67% bullish,of 6 ratings,$8.75
BBCN,$14.29,1441304129452,"66,574",100% bearish,of 1 rating,$16
BDCV,$4.92,1441304129545,"9,741",100% bearish,of 1 rating,$10.19
BCBP,$11.4001,1441304129681,435,Not yet rated,NULL,N/A
BSF,$8.38,1441304129858,"2,613",Not yet rated,NULL,N/A
BECN,$36.02,1441304129889,"114,207",50% bullish,of 2 ratings,$40
BEBE,$1.225,1441304129944,"229,843",75% bullish,of 4 ratings,$2.125
BBGI,$4.23,1441304129971,1,100% bearish,of 1 rating,N/A
BELFA,$15.5,1441304129994,"1,107",100% bearish,of 1 rating,N/A
BBBY,$62.35,1441304130025,"428,756",71% bullish,of 7 ratings,$75
BELFB,$18.18,1441304130321,"4,993",100% bearish,of 1 rating,N/A
BLPH,$4.2,1441304130350,"7,984",100% bearish,of 1 rating,$12.50
BNCL,$12.38,1441304130457,"56,048",100% bullish,of 3 ratings,$12.50
BNFT,$36.21,1441304130489,"31,525",67% bullish,of 3 ratings,$46
BLCM,$15.81,1441304130517,"83,642",50% bullish,of 4 ratings,$40
BGMD,$0.665,1441304130589,"137,524",100% bullish,of 10 ratings,N/A
BNTC,$7.47,1441304130614,"14,117",100% bullish,of 1 rating,N/A
BGCP,$8.875,1441304130743,"198,834",88% bullish,of 8 ratings,$14
BGFV,$11.14,1441304130847,"27,432",57% bullish,of 7 ratings,$12
BIND,$4.8,1441304130939,"66,672",75% bullish,of 4 ratings,$13.50
ORPN,$5.76,1441304131004,"7,410",100% bullish,of 1 rating,$28.50
BASI,$1.65,1441304131072,1,Not yet rated,NULL,N/A
BCDA,NULL,1441304131165,0,Not yet rated,NULL,N/A
BIOC,$1.9524,1441304131195,"91,235",83% bullish,of 6 ratings,$3.85
BIOD,$0.6972,1441304131293,"42,899",80% bullish,of 5 ratings,$4
BCRX,$11.27,1441304131334,"149,458",63% bullish,of 8 ratings,$18
BDSI,$6.23,1441304131428,"424,313",88% bullish,of 8 ratings,$17
BIIB,$303.12,1441304131556,"540,308",88% bullish,of 16 ratings,$400
BLFS,$2.18,1441304131582,"81,756",100% bearish,of 1 rating,$4.75
BLRX,$1.6511,1441304131615,"233,609",100% bullish,of 12 ratings,$5
BIOL,$1.54,1441304131712,"3,549",Not yet rated,NULL,N/A
BVXV,$3.83,1441304131741,"99,207",Not yet rated,NULL,N/A
BMRN,$126.455,1441304131779,"220,088",80% bullish,of 5 ratings,$160
BVXVW,$0.82,1441304131959,"9,691",100% bearish,of 1 rating,N/A
BRLI,NULL,1441304132055,0,NULL,NULL,NULL
BBC,$31.0001,1441304132116,"11,389",Not yet rated,NULL,N/A
BPTH,$1.144,1441304132144,"23,006",100% bullish,of 2 ratings,$5
BIOS,$2.41,1441304132191,"301,852",71% bullish,of 7 ratings,$4
BBP,$32.5,1441304132286,"5,434",Not yet rated,NULL,N/A
BOTA,$2.1801,1441304132317,"16,180",88% bullish,of 8 ratings,N/A
BSTC,$47.88,1441304132361,"27,906",100% bearish,of 1 rating,$76
BSPM,$0.6599,1441304132501,"11,913",50% bullish,of 2 ratings,N/A
BEAT,$15.2516,1441304132573,"216,400",67% bearish,of 3 ratings,$15
TECH,$92.43,1441304132655,"32,988",100% bullish,of 1 rating,$117
BITI,$16.93,1441304132706,"2,800",100% bullish,of 1 rating,$28
BDMS,NULL,1441304132745,0,100% bearish,of 1 rating,N/A
BDE,$7.43,1441304132836,"56,416",50% bullish,of 2 ratings,$9
BBOX,$15.01,1441304132900,"11,849",100% bearish,of 1 rating,N/A
BJRI,$44.3499,1441304132977,"89,039",50% bullish,of 2 ratings,$55
BLKB,$57.14,1441304133053,"33,271",100% bearish,of 2 ratings,$66
BKCC,$9.48,1441304133084,"170,088",50% bullish,of 2 ratings,$10
HAWK,$39.7599,1441304133193,"155,014",91% bullish,of 11 ratings,$49
BBRY,$7.39,1441304133269,"1,087,467",61% bullish,of 330 ratings,$9
ADRA,$26.86,1441304133328,150,100% bearish,of 1 rating,N/A
ADRE,$29.665,1441304133404,"1,285",100% bearish,of 1 rating,N/A
ADRU,NULL,1441304133433,0,100% bearish,of 1 rating,N/A
ADRD,$21.7179,1441304133471,"54,158",100% bearish,of 1 rating,N/A
BLBD,$11.75,1441304133711,"2,550",Not yet rated,NULL,N/A
BLMN,$20.64,1441304133784,"235,716",83% bullish,of 6 ratings,$27.50
BBLU,$0.8603,1441304133812,"109,621",100% bullish,of 2 ratings,$4.43
BHBK,$13.98,1441304133871,"7,566",100% bullish,of 1 rating,$14.50
BCOR,$13.39,1441304133896,"34,087",57% bullish,of 7 ratings,$15
BUFF,$24.02,1441304133943,"197,036",77% bullish,of 13 ratings,$31.50
NILE,$34.04,1441304134124,"38,098",50% bullish,of 2 ratings,$34
BLUE,$127.88,1441304134257,"152,667",71% bullish,of 7 ratings,$217.50
BPMC,$28.24,1441304134327,"33,266",50% bullish,of 2 ratings,$47.50
BKEP,$6.4,1441304134360,"24,002",100% bearish,of 1 rating,$8.50
BKEPP,$7.86,1441304134385,"1,004",100% bearish,of 1 rating,N/A
BOBE,$44.65,1441304134464,"253,792",75% bullish,of 4 ratings,$57
BNCN,$21.06,1441304134546,"11,395",Not yet rated,NULL,$24
BOFI,$109.4,1441304134604,"211,114",100% bullish,of 6 ratings,$144
WIFI,$7.66,1441304134735,"88,735",50% bullish,of 2 ratings,$13.50
BOJA,$20.875,1441304134767,"32,174",100% bullish,of 1 rating,$30
BOKF,$62.63,1441304134874,"79,883",100% bearish,of 1 rating,$69
BONA,$11.4,1441304134956,"21,054",75% bullish,of 4 ratings,$8.50
BNSO,$1.274,1441304135022,"2,222",100% bearish,of 1 rating,N/A
BPFH,$11.81,1441304135097,"74,229",100% bearish,of 1 rating,$14
BAMM,$3.18,1441304135180,"2,486",60% bullish,of 5 ratings,N/A
BPFHW,NULL,1441304135225,0,100% bearish,of 1 rating,N/A
BPFHP,$24.91,1441304135252,"3,150",100% bearish,of 1 rating,N/A
EPAY,$26.87,1441304135321,"66,987",100% bearish,of 2 ratings,$30
BDBD,$8.4,1441304135455,"181,008",60% bullish,of 5 ratings,$10
BCLI,$3.1245,1441304135589,"17,327",80% bullish,of 5 ratings,$12
BBRG,$12.48,1441304135616,"15,294",67% bullish,of 3 ratings,$14.50
BBEPP,$14.6,1441304135643,"12,027",100% bearish,of 1 rating,N/A
BLIN,NULL,1441304135778,0,50% bullish,of 2 ratings,$2.20
BBEP,$2.689,1441304135805,"725,671",69% bullish,of 13 ratings,$5.625
BDGE,$26.2,1441304135827,"2,780",Not yet rated,NULL,$31.75
BRID,$8.4,1441304135959,1,100% bearish,of 1 rating,N/A
BRCM,$51.18,1441304136032,"976,238",69% bullish,of 13 ratings,$56
BCOV,$5.26,1441304136095,"32,887",67% bullish,of 3 ratings,$10.20
BYFC,$1.35,1441304136233,"2,144",50% bullish,of 2 ratings,N/A
BSFT,$31.99,1441304136264,"45,841",57% bullish,of 7 ratings,$40.50
BWEN,$3.13,1441304136290,"9,102",75% bullish,of 4 ratings,$8
BVSN,$5.9501,1441304136333,"1,300",60% bearish,of 5 ratings,N/A
BRKL,$10.48,1441304136370,"138,966",100% bearish,of 1 rating,$10.75
BRCD,$10.32,1441304136522,"1,071,740",92% bullish,of 13 ratings,$12
BRKR,$18,1441304136647,"368,711",100% bearish,of 2 ratings,$22
BRKS,$10.36,1441304136776,"73,464",67% bullish,of 3 ratings,$15.25
BWLD,$196.58,1441304136800,"83,827",82% bullish,of 11 ratings,$205
BSQR,$6.134,1441304136826,"22,894",67% bullish,of 3 ratings,N/A
BMTC,$29.33,1441304136856,"24,867",Not yet rated,NULL,$34
BLMT,$20.96,1441304136958,841,Not yet rated,NULL,N/A
BLDR,$15.315,1441304137012,"764,883",67% bullish,of 3 ratings,$22
BUR,$1.78,1441304137205,"10,000",100% bearish,of 1 rating,$8
CHRW,$68.18,1441304137262,"569,946",Not yet rated,NULL,$72
CA,$27.29,1441304137291,"820,185",50% bullish,of 4 ratings,$33
CCMP,$43.03,1441304137319,"15,754",50% bullish,of 2 ratings,$59
CFFI,$36.76,1441304137356,101,100% bearish,of 1 rating,N/A
CDZI,$7.43,1441304137448,"17,321",100% bearish,of 1 rating,N/A
CDNS,$20.48,1441304137480,"1,294,987",75% bullish,of 4 ratings,$22.50
CACQ,$7.15,1441304137580,"46,216",100% bearish,of 1 rating,$12.25
CZR,$9.28,1441304137738,"222,330",60% bearish,of 5 ratings,$10.50
CSTE,$38.84,1441304137844,"78,498",50% bullish,of 2 ratings,$65
PRSS,$4.2615,1441304137869,"6,743",80% bullish,of 5 ratings,$4.50
CLBS,$1.72,1441304137911,"201,031",79% bullish,of 14 ratings,$4
CLMS,$9.7099,1441304137999,"52,767",Not yet rated,NULL,$10.50
CHY,$11.2,1441304138131,"106,033",Not yet rated,NULL,N/A
CCD,$19.495,1441304138268,"49,253",Not yet rated,NULL,N/A
CHI,$10.4575,1441304138301,"105,255",100% bearish,of 1 rating,N/A
CFGE,$10.53,1441304138331,"1,100",Not yet rated,NULL,N/A
CGO,$12.0533,1441304138403,"7,943",100% bearish,of 1 rating,N/A
CHW,$7.465,1441304138428,"107,685",100% bearish,of 1 rating,N/A
CAMP,$15.97,1441304138461,"55,207",88% bullish,of 8 ratings,$25
CSQ,$9.81,1441304138486,"131,467",Not yet rated,NULL,N/A
CVGW,$50.51,1441304138701,"283,728",50% bullish,of 2 ratings,$62
CALA,$5.895,1441304138861,"121,972",67% bullish,of 3 ratings,$19.50
CFNB,NULL,1441304138887,0,100% bearish,of 1 rating,N/A
CLMT,$25.6999,1441304138960,"111,686",75% bullish,of 8 ratings,$31
CALD,$16.1049,1441304139019,"196,716",100% bearish,of 1 rating,$21
ABCD,$5.17,1441304139097,"22,718",83% bullish,of 6 ratings,N/A
CALM,$52.9599,1441304139200,"194,903",80% bullish,of 5 ratings,$63.50
CAMBU,NULL,1441304139256,0,100% bearish,of 1 rating,N/A
CAC,$40,1441304139305,"1,537",Not yet rated,NULL,N/A
CAMBW,NULL,1441304139335,0,Not yet rated,NULL,N/A
CAMB,NULL,1441304139355,0,Not yet rated,NULL,N/A
CSIQ,$18.46,1441304139438,"686,662",86% bullish,of 28 ratings,$42.50
CAMT,$2.6,1441304139490,"8,516",73% bullish,of 11 ratings,$4
CPHC,$10.25,1441304139518,"2,353",100% bearish,of 1 rating,N/A
CGIX,$9.5741,1441304139750,"7,948",67% bullish,of 3 ratings,$14.375
CBNJ,$11.1,1441304139822,"373,866",100% bearish,of 1 rating,N/A
CPLA,$47.81,1441304139953,"26,702",67% bearish,of 3 ratings,$65
CBF,$30.25,1441304140003,"59,294",Not yet rated,NULL,$32
CCBG,$15.12,1441304140053,"2,455",Not yet rated,NULL,$17.25
CSWC,$44.8647,1441304140159,"9,966",Not yet rated,NULL,N/A
CPTA,$13.99,1441304140184,"30,193",100% bearish,of 1 rating,$18.50
CPLP,$7.09,1441304140209,"117,854",71% bullish,of 7 ratings,$11
CAPN,$2.22,1441304140340,"97,660",100% bullish,of 1 rating,$10.85
CFFN,$11.9,1441304140376,"191,253",Not yet rated,NULL,$12.75
CAPNW,$0.6789,1441304140403,"2,792",Not yet rated,NULL,N/A
CPST,$0.3939,1441304140429,"290,762",95% bullish,of 22 ratings,$1.25
CAPR,$4.515,1441304140475,"16,412",Not yet rated,NULL,$12
CARB,$11.1,1441304140689,"16,034",75% bullish,of 4 ratings,$12
CARA,$18.92,1441304140825,"128,095",50% bullish,of 4 ratings,$25
CBYL,$4.51,1441304140864,"121,454",100% bearish,of 1 rating,$20
CRDC,$0.3279,1441304140925,"65,238",100% bullish,of 1 rating,$1.25
CFNL,$22.06,1441304141059,"19,093",Not yet rated,NULL,$24
CSII,$23.22,1441304141090,"85,606",100% bearish,of 2 ratings,$42.125
CDNA,$7.1,1441304141111,"18,053",100% bearish,of 1 rating,$9
CRME,$9.1,1441304141197,"6,612",89% bullish,of 9 ratings,$11.25
CKEC,$22.87,1441304141261,"63,079",50% bullish,of 2 ratings,$35.915
CECO,$3.605,1441304141294,"135,936",67% bearish,of 3 ratings,$6
CATM,$33.75,1441304141352,"50,697",100% bearish,of 1 rating,$44
CLBH,$12.625,1441304141387,409,Not yet rated,NULL,$16.50
CART,$5.382,1441304141457,"1,100",100% bearish,of 1 rating,N/A
CTRE,$11.15,1441304141484,"94,944",50% bullish,of 2 ratings,$13.50
CARO,$15.2701,1441304141513,"1,315",100% bearish,of 1 rating,$19
CRZO,$35.15,1441304141767,"550,023",67% bearish,of 3 ratings,$54.50
CARV,$6.4,1441304142008,"30,111",50% bullish,of 2 ratings,N/A
CACB,$5.36,1441304142039,"6,227",Not yet rated,NULL,$5.50
CRTN,NULL,1441304142103,0,100% bearish,of 1 rating,N/A
CWST,$6.195,1441304142138,"51,142",50% bullish,of 2 ratings,$7.25
TAST,$12.75,1441304142164,"76,480",Not yet rated,NULL,$14.25
CASM,$1.183,1441304142193,"8,002",100% bullish,of 1 rating,$3.50
CSCD,$15.25,1441304142232,"5,856",100% bullish,of 2 ratings,$17
CASY,$104.76,1441304142304,"127,725",50% bullish,of 2 ratings,$99.50
CPRX,$3.7,1441304142597,"190,182",71% bullish,of 7 ratings,$7
CASS,$48.64,1441304142636,"3,367",100% bearish,of 1 rating,N/A
CATB,$11.48,1441304142728,"9,896",100% bearish,of 1 rating,$28
CATY,$29.34,1441304142758,"243,177",100% bearish,of 1 rating,$33.50
CASI,$1.356,1441304142854,"1,955",100% bullish,of 1 rating,$3.50
CVCO,$71.01,1441304142886,"5,745",100% bearish,of 1 rating,N/A
CATYW,NULL,1441304142910,0,100% bearish,of 1 rating,N/A
CAVM,$68.54,1441304143147,"170,464",67% bearish,of 3 ratings,$72
CNLM,NULL,1441304143241,0,Not yet rated,NULL,N/A
CNLMR,NULL,1441304143289,0,Not yet rated,NULL,N/A
CNLMU,NULL,1441304143375,0,100% bullish,of 1 rating,N/A
CDK,$48.5,1441304143421,"106,785",67% bearish,of 3 ratings,$50
CBOE,$63.905,1441304143566,"124,399",Not yet rated,NULL,$63
CBFV,$20.9,1441304143593,"10,282",Not yet rated,NULL,$25
CNLMW,NULL,1441304143618,0,Not yet rated,NULL,N/A
CDW,$39.11,1441304143829,"146,342",75% bullish,of 4 ratings,$44
CECE,$9.415,1441304143858,"64,378",50% bullish,of 2 ratings,$16
CELG,$117.6931,1441304143928,"1,319,070",100% bullish,of 13 ratings,$156
CPXX,$2.2542,1441304143955,"51,284",100% bullish,of 2 ratings,$7
CELGZ,$1.7,1441304144023,"30,364",80% bullish,of 5 ratings,N/A
CLDN,$1.15,1441304144083,"78,244",71% bullish,of 7 ratings,$3
CLDX,$13.96,1441304144109,"381,342",89% bullish,of 9 ratings,$36
CLRB,$3.09,1441304144287,1,100% bearish,of 1 rating,N/A
CLLS,$32.21,1441304144312,"30,536",75% bullish,of 4 ratings,$51.50
CLRBW,NULL,1441304144370,0,Not yet rated,NULL,N/A
CBMG,$23.09,1441304144534,"18,184",50% bullish,of 2 ratings,N/A
CLTX,$1.903,1441304144672,"100,457",100% bullish,of 2 ratings,N/A
CYAD,NULL,1441304144698,0,100% bullish,of 1 rating,$87.50
CLSN,$1.993,1441304144730,"16,600",80% bullish,of 10 ratings,$7.50
CSFL,$13.81,1441304144860,"31,563",Not yet rated,NULL,$15
CETX,$2.4539,1441304144886,"16,700",Not yet rated,NULL,$5.60
CEMP,$33.86,1441304144919,"188,356",71% bullish,of 7 ratings,$52
CETV,$2.08,1441304144946,"6,909",67% bullish,of 3 ratings,$2.80
CFBK,$1.37,1441304145126,226,Not yet rated,NULL,N/A
CENTA,$14.46,1441304145255,"122,664",Not yet rated,NULL,N/A
CENX,$5.16,1441304145310,"662,823",67% bullish,of 6 ratings,$9
CENT,$14.06,1441304145385,"264,049",Not yet rated,NULL,$10
CVCY,$11.71,1441304145411,"5,308",Not yet rated,NULL,$12
CNTY,$5.925,1441304145432,"4,048",80% bullish,of 5 ratings,$7.75
CNBKA,$40,1441304145476,"2,967",50% bullish,of 2 ratings,N/A
CPHD,$47.9714,1441304145618,"183,667",67% bearish,of 3 ratings,$66
CRNT,$1.38,1441304145869,"48,117",50% bullish,of 2 ratings,$2
CERN,$60.8399,1441304145974,"375,253",67% bullish,of 3 ratings,$79
KOOL,$0.6799,1441304146000,"4,511",100% bullish,of 5 ratings,$7
CERU,$4.2001,1441304146131,"12,768",75% bullish,of 4 ratings,$14
CERE,$1.18,1441304146162,"1,437,494",88% bullish,of 8 ratings,N/A
CEVA,$19.19,1441304146187,"40,162",100% bearish,of 1 rating,$25
CERS,$4.98,1441304146214,"315,704",75% bullish,of 4 ratings,$7
CYOU,$18.5449,1441304146242,"43,486",50% bullish,of 6 ratings,$24
HOTR,$1.36,1441304146269,"49,615",100% bullish,of 2 ratings,$5
CTHR,$1.29,1441304146448,"1,255",50% bullish,of 2 ratings,$2.50
HOTRW,$0.1501,1441304146477,"5,100",Not yet rated,NULL,N/A
CHFN,$12.24,1441304146615,"1,284",Not yet rated,NULL,$14
GTLS,$23.1,1441304146746,"95,635",50% bullish,of 4 ratings,$40
CHTR,$181.76,1441304146775,"323,318",100% bearish,of 2 ratings,$202
CHKP,$78.12,1441304146841,"383,699",50% bullish,of 4 ratings,$92
CHEK,$2.34,1441304146873,"1,482",Not yet rated,NULL,$7.75
CHFC,$30.84,1441304146981,"21,716",100% bearish,of 1 rating,$36
CHEKW,NULL,1441304147044,0,Not yet rated,NULL,N/A
CEMI,$4.1152,1441304147144,"2,723",50% bullish,of 2 ratings,$7.50
CCXI,$6.37,1441304147321,"6,639",67% bullish,of 3 ratings,$14
CHEV,$14.533,1441304147350,301,Not yet rated,NULL,N/A
CHKE,$25.6511,1441304147379,"8,154",100% bearish,of 1 rating,$32.50
CHMG,$26.49,1441304147406,"1,120",Not yet rated,NULL,$30
CBNK,$16.65,1441304147426,"1,867",100% bearish,of 1 rating,N/A
CHMA,$28.39,1441304147458,"66,794",Not yet rated,NULL,$40
PLCE,$58.72,1441304147696,"58,710",100% bearish,of 1 rating,$69
CADC,NULL,1441304147764,0,78% bullish,of 9 ratings,N/A
CMRX,$49.18,1441304147906,"192,717",50% bullish,of 2 ratings,$57
CALI,$0.8201,1441304147954,720,67% bullish,of 3 ratings,N/A
CBPO,$94.078,1441304147979,"46,731",75% bullish,of 8 ratings,$140.50
CAAS,$6.09,1441304148004,"7,471",93% bullish,of 14 ratings,$11.50
CCCL,$0.7763,1441304148132,"17,940",100% bullish,of 6 ratings,N/A
CBAK,$2.188,1441304148157,"27,040",67% bullish,of 9 ratings,N/A
CCCR,$0.67,1441304148196,"1,200",67% bearish,of 3 ratings,N/A
JRJC,$3.35,1441304148236,"57,777",82% bullish,of 11 ratings,N/A
CHOP,$1.08,1441304148329,"1,447",50% bullish,of 2 ratings,N/A
CHLN,$1.88,1441304148403,"2,660",67% bullish,of 3 ratings,N/A
CNIT,$1.16,1441304148459,"42,948",67% bullish,of 6 ratings,N/A
HGSH,$1.7737,1441304148486,"5,219",67% bullish,of 3 ratings,N/A
CJJD,$1.85,1441304148546,"1,600",100% bullish,of 1 rating,N/A
HTHT,$25.54,1441304148631,"23,019",50% bullish,of 2 ratings,$28.40
CREG,$0.65,1441304148999,"10,075",100% bullish,of 3 ratings,N/A
CPGI,$6.79,1441304149064,"5,800",Not yet rated,NULL,N/A
CXDC,$5.92,1441304149096,"20,074",67% bearish,of 3 ratings,N/A
CSUN,$1.35,1441304149130,"5,856",80% bullish,of 5 ratings,N/A
CHNR,$1.5899,1441304149160,"3,168",100% bearish,of 1 rating,N/A
CNYD,$3.16,1441304149232,"4,590",67% bullish,of 3 ratings,N/A
CNET,$0.82,1441304149257,"15,859",50% bullish,of 2 ratings,N/A
CNTF,$0.7699,1441304149300,"51,481",Not yet rated,NULL,N/A
CCIH,$6.99,1441304149399,"62,036",67% bullish,of 6 ratings,$12.65
IMOS,$19.0201,1441304149531,"123,746",60% bullish,of 5 ratings,$21.50
CHSCL,$27.15,1441304149578,"14,975",Not yet rated,NULL,N/A
CHSCM,$26.1692,1441304149711,"23,802",Not yet rated,NULL,N/A
CHSCN,$26.9964,1441304149850,"1,913",Not yet rated,NULL,N/A
CHSCP,$30.52,1441304149876,"2,265",Not yet rated,NULL,N/A
CHSCO,$28.36,1441304149902,"3,152",Not yet rated,NULL,N/A
CHUY,$30.975,1441304149951,"102,995",50% bullish,of 2 ratings,$34
CDTX,$14.13,1441304150118,"5,302",Not yet rated,NULL,$22
CMCT,NULL,1441304150145,0,100% bearish,of 1 rating,N/A
CHDN,$132.22,1441304150172,"75,053",Not yet rated,NULL,$165
CMPR,$70.87,1441304150199,"124,110",50% bullish,of 2 ratings,$72.50
CIDM,$0.576,1441304150345,"27,070",50% bullish,of 2 ratings,$2.10
CIFC,$7.05,1441304150373,30,100% bearish,of 1 rating,N/A
CINF,$52.84,1441304150409,"276,851",50% bullish,of 4 ratings,$50.50
CTAS,$85.08,1441304150434,"131,109",100% bearish,of 1 rating,$91
CSCO,$25.95,1441304150647,"8,495,775",83% bullish,of 210 ratings,$32
CRUS,$30.17,1441304150695,"339,412",75% bullish,of 12 ratings,$44.50
CPHR,$4.9899,1441304150779,"2,819",100% bearish,of 1 rating,$17
CZWI,$8.91,1441304150837,101,Not yet rated,NULL,N/A
CTRN,$26.38,1441304150919,"30,140",100% bearish,of 1 rating,$31.50
CZFC,$12.82,1441304150998,100,Not yet rated,NULL,N/A
CZNC,$19.4,1441304151027,"5,020",Not yet rated,NULL,N/A
CIZN,NULL,1441304151137,0,Not yet rated,NULL,N/A
CTXS,$67.83,1441304151199,"652,411",86% bullish,of 7 ratings,$80
CIVBP,NULL,1441304151306,0,Not yet rated,NULL,N/A
CHCO,$47.221,1441304151372,"7,684",Not yet rated,NULL,$46
CIVB,$10.1999,1441304151402,"1,237",Not yet rated,NULL,$11
CDTI,$1.58,1441304151458,"32,222",75% bullish,of 4 ratings,$3.20
CLNE,$5.195,1441304151511,"545,156",80% bullish,of 15 ratings,$9
CLNT,$1.5,1441304151565,"1,850",75% bullish,of 8 ratings,N/A
CLFD,$17.18,1441304151618,"28,386",67% bullish,of 3 ratings,$18
CLRO,$11.3025,1441304151786,"1,208",50% bullish,of 2 ratings,$14.25
CLIR,$4.9472,1441304151825,"11,579",100% bullish,of 3 ratings,N/A
CBLI,$4.09,1441304152026,"40,844",60% bullish,of 5 ratings,N/A
CMFN,$11.5742,1441304152053,"4,318",100% bearish,of 1 rating,$15.50
CSBK,$13.91,1441304152080,"12,578",Not yet rated,NULL,N/A
CLVS,$81.07,1441304152129,"133,039",60% bullish,of 5 ratings,$101.50
CME,$93.61,1441304152208,"374,748",67% bullish,of 3 ratings,$102
CISG,$7.89,1441304152265,"12,645",100% bullish,of 5 ratings,$10
CCNE,$17.01,1441304152340,"1,145",50% bullish,of 2 ratings,$21.50
CWAY,NULL,1441304152422,0,Not yet rated,NULL,N/A
CNV,$4.53,1441304152664,"4,800",50% bullish,of 2 ratings,$7.15
COBZ,$12.86,1441304152727,"23,029",100% bullish,of 1 rating,$14
COKE,$162.78,1441304152832,"8,021",79% bullish,of 19 ratings,N/A
CDRB,$8.97,1441304152862,"30,207",67% bullish,of 3 ratings,N/A
CDXS,$3.48,1441304152969,"65,604",64% bullish,of 11 ratings,$6
CVLY,$20.5,1441304153004,"1,000",Not yet rated,NULL,N/A
CCOI,$27.18,1441304153187,"104,832",50% bullish,of 4 ratings,$35
CTSH,$62.67,1441304153252,"618,628",90% bullish,of 10 ratings,$75
CGNT,$1.49,1441304153278,"3,816",100% bullish,of 2 ratings,$2
JVA,$4.69,1441304153313,"2,921",83% bullish,of 6 ratings,$7
COHR,$56.07,1441304153408,"20,713",50% bullish,of 2 ratings,$72
CGNX,$35.04,1441304153441,"144,890",50% bullish,of 2 ratings,$47
CHRS,$26.79,1441304153578,"67,786",67% bearish,of 3 ratings,$37
CLRX,$0.6801,1441304153711,"39,373",50% bullish,of 2 ratings,N/A
COHU,$9.67,1441304153738,"27,218",100% bearish,of 1 rating,$14.25
COLL,$15,1441304153790,"45,606",100% bearish,of 1 rating,$26
CLCT,$17.9001,1441304153815,"12,882",100% bearish,of 1 rating,N/A
CIGI,$44.01,1441304153874,"19,176",100% bearish,of 1 rating,$52
CLCD,$6.03,1441304154020,"30,122",100% bearish,of 1 rating,$20.50
COLM,$62.165,1441304154076,"45,080",100% bearish,of 1 rating,$71
COLB,$29.67,1441304154126,"26,298",Not yet rated,NULL,$36
CBAN,$8.9,1441304154210,100,Not yet rated,NULL,N/A
CMCO,$19.0699,1441304154309,"21,186",60% bullish,of 5 ratings,$28
CBMX,$1.14,1441304154380,685,83% bullish,of 6 ratings,$3.15
CMCSK,$57.3,1441304154408,"1,139,904",Not yet rated,NULL,$84
CBSH,$43.83,1441304154546,"78,789",50% bullish,of 2 ratings,$46
CBSHP,$25.3865,1441304154607,"4,483",100% bearish,of 1 rating,N/A
CUBN,$13.4,1441304154773,"1,700",Not yet rated,NULL,N/A
COMM,$32.77,1441304154872,"211,874",67% bearish,of 3 ratings,$35
CSAL,$20.57,1441304154905,"433,035",75% bullish,of 4 ratings,$30
JCS,$9.26,1441304155003,600,67% bullish,of 3 ratings,N/A
CMCSA,$56.105,1441304155036,"4,161,624",66% bullish,of 35 ratings,$69.50
CVGI,$4.9101,1441304155063,"13,457",50% bullish,of 2 ratings,$6
ESXB,$5.1,1441304155134,"3,100",Not yet rated,NULL,N/A
CWBC,$6.9,1441304155307,"26,721",Not yet rated,NULL,N/A
CTBI,$34.35,1441304155333,"4,974",Not yet rated,NULL,$36
CYHHZ,$0.01,1441304155360,"10,551",100% bullish,of 1 rating,N/A
COB,$10.36,1441304155416,"5,530",100% bullish,of 1 rating,$11.75
CVLT,$34.99,1441304155521,"54,895",75% bullish,of 4 ratings,$44.50
CIZ,$32.7266,1441304155584,816,100% bearish,of 1 rating,N/A
CIL,NULL,1441304155611,0,Not yet rated,NULL,N/A
CID,NULL,1441304155739,0,Not yet rated,NULL,N/A
CSA,NULL,1441304155764,0,Not yet rated,NULL,N/A
CDC,$34.2366,1441304155903,"7,749",Not yet rated,NULL,N/A
CSF,$36.3549,1441304156032,"1,919",100% bearish,of 1 rating,N/A
CFA,$35.31,1441304156107,"1,800",100% bearish,of 1 rating,N/A
CFO,$35.17,1441304156132,"15,471",100% bearish,of 1 rating,N/A
CDL,NULL,1441304156156,0,Not yet rated,NULL,N/A
CSB,NULL,1441304156286,0,Not yet rated,NULL,N/A
CGEN,$4.99,1441304156350,"49,141",50% bullish,of 2 ratings,$11
CTG,$6.7,1441304156381,"8,885",100% bearish,of 1 rating,$8.50
CPSI,$45.56,1441304156402,"15,264",100% bearish,of 1 rating,$45.50
SCOR,$47.3,1441304156480,"626,040",100% bearish,of 1 rating,$66
CHCI,$0.68,1441304156611,"3,388",50% bullish,of 2 ratings,N/A
CMTL,$26.18,1441304156778,"6,803",100% bearish,of 2 ratings,$37
CXRX,$82.0831,1441304157043,"3,420",100% bearish,of 1 rating,$90
CNSI,$18.175,1441304157180,"43,083",100% bearish,of 2 ratings,$29
CCUR,$5.35,1441304157209,"5,317",75% bullish,of 4 ratings,N/A
CNAT,$3.9164,1441304157239,"34,740",83% bullish,of 6 ratings,$13
CDOR,$1.26,1441304157262,300,100% bullish,of 1 rating,N/A
CNCE,$15.985,1441304157294,"66,593",75% bullish,of 4 ratings,$22
CDORO,$16.95,1441304157315,"2,150",100% bearish,of 1 rating,N/A
CDORP,$6.62,1441304157343,"4,838",100% bearish,of 1 rating,N/A
CNFR,$9.73,1441304157642,"4,200",Not yet rated,NULL,N/A
CNMD,$51.46,1441304157687,"63,195",Not yet rated,NULL,$59
CTWS,$34.94,1441304157776,"4,961",100% bearish,of 1 rating,$44
CNOB,$18.944,1441304157818,"4,027",100% bullish,of 1 rating,$23.50
CNXR,$6.95,1441304157843,"27,345",100% bearish,of 1 rating,$12
CFMS,$14.4,1441304157907,"215,836",100% bearish,of 1 rating,$26.50
CNSL,$19.6396,1441304158148,"33,690",100% bearish,of 1 rating,$23
CONN,$28.03,1441304158249,"111,968",67% bullish,of 3 ratings,$48.50
CWCO,$10.26,1441304158292,"9,860",67% bullish,of 3 ratings,$14.50
CTCT,$24.65,1441304158322,"65,152",67% bullish,of 3 ratings,$37
CPSS,$5.6,1441304158352,"3,011",100% bullish,of 1 rating,$10
CFRXW,NULL,1441304158376,0,100% bearish,of 1 rating,N/A
CFRXZ,NULL,1441304158428,0,Not yet rated,NULL,N/A
CFRX,$4.8363,1441304158507,"7,891",Not yet rated,NULL,$14
CTRV,$3.59,1441304158735,"2,709",Not yet rated,NULL,$6.40
CTRL,$8.605,1441304158871,"81,667",50% bullish,of 2 ratings,$11
CPRT,$35.02,1441304158902,"55,288",67% bearish,of 3 ratings,$40
CORT,$4.9,1441304158933,"128,084",67% bullish,of 3 ratings,$12
CRBP,$1.8401,1441304158975,"108,367",100% bullish,of 2 ratings,$6.25
BVA,$3.83,1441304159045,1,50% bullish,of 2 ratings,N/A
CORE,$59.94,1441304159106,"37,797",100% bearish,of 1 rating,$72
CRVL,$30.66,1441304159283,"10,228",100% bearish,of 1 rating,N/A
CORI,$10.65,1441304159347,"27,219",100% bearish,of 1 rating,$18
CSOD,$36.51,1441304159415,"153,052",50% bullish,of 2 ratings,$42
CSGP,$176.74,1441304159442,"45,977",50% bullish,of 2 ratings,$235
COST,$140.56,1441304159468,"544,804",79% bullish,of 24 ratings,$154.50
COSI,$1.1,1441304159489,"36,922",100% bullish,of 1 rating,N/A
CPAH,$0.42,1441304159624,"2,500",50% bullish,of 2 ratings,N/A
ICBK,$18.7,1441304159649,101,Not yet rated,NULL,$21
CVTI,$22.579,1441304159947,"22,065",67% bearish,of 3 ratings,$39
CBRL,$146.42,1441304160091,"93,516",50% bullish,of 2 ratings,$155
BREW,$7.696,1441304160171,"10,536",67% bullish,of 6 ratings,$15
CPSH,$2.3799,1441304160225,200,Not yet rated,NULL,N/A
COWNL,$26.45,1441304160256,"3,800",Not yet rated,NULL,N/A
COVS,$2.525,1441304160283,"18,126",67% bullish,of 3 ratings,N/A
COWN,$5.065,1441304160309,"382,026",75% bullish,of 4 ratings,$7
GLDI,$11,1441304160360,"1,475",100% bearish,of 1 rating,N/A
CACC,$201.49,1441304160631,"30,030",50% bullish,of 2 ratings,$158.50
CRAI,$23.5,1441304160672,"9,715",100% bearish,of 1 rating,$36
CREE,$26.49,1441304160700,"324,783",65% bullish,of 17 ratings,$29.50
CRAY,$21.26,1441304160721,"93,365",83% bullish,of 6 ratings,$38.50
SLVO,$10.0001,1441304160754,350,100% bearish,of 1 rating,N/A
CRESY,$10.3,1441304160857,"9,592",100% bearish,of 1 rating,$19
CROX,$14.045,1441304161097,"193,509",63% bullish,of 8 ratings,$16.50
CRWS,$8.07,1441304161183,"3,793",Not yet rated,NULL,$10
CRTO,$37.62,1441304161212,"177,143",67% bullish,of 6 ratings,$64
CRDS,$1.07,1441304161238,"163,327",75% bullish,of 4 ratings,$3.50
CCRN,$14.2,1441304161294,"94,939",100% bearish,of 1 rating,$14.25
CYRX,$2.95,1441304161392,"5,400",Not yet rated,NULL,$9
CRWN,$5.16,1441304161417,"42,373",75% bullish,of 4 ratings,N/A
CYRXW,$0.7601,1441304161557,"19,600",Not yet rated,NULL,N/A
CSGS,$30.86,1441304161626,"38,249",Not yet rated,NULL,$40
CCLP,$13.8853,1441304161688,"34,056",67% bearish,of 3 ratings,$20
CSPI,$5.6799,1441304161720,"6,201",67% bullish,of 3 ratings,N/A
CTIC,$1.555,1441304161819,"168,125",84% bullish,of 76 ratings,$5.75
CTCM,$1.745,1441304161845,"41,821",80% bearish,of 5 ratings,$3.90
CTIB,$3.73,1441304162011,"1,600",100% bearish,of 1 rating,N/A
CTRP,$66.275,1441304162071,"503,003",75% bullish,of 8 ratings,$92.50
CUI,$5.39,1441304162097,"11,488",50% bullish,of 2 ratings,$10
CUNB,$21.71,1441304162140,"7,210",Not yet rated,NULL,$24.50
CPIX,$6.1501,1441304162238,"7,376",Not yet rated,NULL,N/A
CMLS,$1.335,1441304162266,"61,979",50% bullish,of 4 ratings,$6
CRIS,$2.555,1441304162303,"52,743",100% bullish,of 8 ratings,$6
CVV,$11.42,1441304162507,"4,301",100% bullish,of 5 ratings,N/A
CUTR,$14.98,1441304162563,"45,314",67% bearish,of 3 ratings,$18
CVBF,$16.015,1441304162596,"48,350",Not yet rated,NULL,$18
CYBR,$48.64,1441304162733,"459,797",75% bullish,of 8 ratings,$68.50
CYAN,$6.46,1441304162759,"6,280",100% bearish,of 1 rating,N/A
CYBX,$64.73,1441304162780,"41,550",50% bullish,of 4 ratings,$71.50
CYBE,$6.89,1441304163021,"6,002",100% bearish,of 1 rating,N/A
CBAY,$2.63,1441304163047,"5,084",100% bullish,of 1 rating,$4
CYCC,$0.5401,1441304163100,"11,676",73% bullish,of 11 ratings,N/A
CYNA,$16.04,1441304163125,"10,693",50% bullish,of 2 ratings,$31.50
CYCCP,NULL,1441304163181,0,100% bearish,of 1 rating,N/A
CYNO,$32.85,1441304163207,"110,626",67% bearish,of 3 ratings,$45.50
CY,$10.15,1441304163236,"3,195,846",80% bullish,of 10 ratings,$15.50
CYRN,$1.7998,1441304163336,"3,205",67% bullish,of 3 ratings,$4
CONE,$32.195,1441304163535,"436,067",67% bearish,of 3 ratings,$35.50
CYTK,$7,1441304163618,"95,073",71% bullish,of 14 ratings,$13.50
CYTX,$0.3681,1441304163690,"681,419",83% bullish,of 12 ratings,$5.50
TVIX,$15.2,1441304163822,"9,799,968",81% bullish,of 16 ratings,N/A
CYTR,$2.48,1441304163871,"258,686",67% bullish,of 6 ratings,$10
XIV,$24.3,1441304163955,"16,705,238",75% bearish,of 4 ratings,N/A
DJCO,$194.32,1441304164024,5,Not yet rated,NULL,N/A
TVIZ,$20.99,1441304164050,"5,312",100% bearish,of 1 rating,N/A
CTSO,$7.45,1441304164081,"35,386",Not yet rated,NULL,$15.625
ZIV,$36.1562,1441304164116,"38,494",Not yet rated,NULL,N/A
DAEG,$0.3597,1441304164211,"2,500",100% bearish,of 1 rating,N/A
DARA,$0.8289,1441304164397,"38,365",83% bullish,of 6 ratings,$1.50
DAKT,$8.46,1441304164446,"66,878",50% bullish,of 2 ratings,$12
DTLK,$5.545,1441304164627,"33,866",100% bearish,of 1 rating,$9
DRAM,$1.3499,1441304164652,"1,902",78% bullish,of 9 ratings,N/A
DAIO,$2.65,1441304164677,"5,423",Not yet rated,NULL,N/A
DWCH,$4.99,1441304164807,"5,942",75% bullish,of 4 ratings,$8.25
DTEA,$12.83,1441304164871,"23,697",100% bearish,of 2 ratings,$24
DWSN,$4.32,1441304165000,"15,915",67% bullish,of 3 ratings,N/A
PLAY,$36.19,1441304165025,"145,459",100% bullish,of 5 ratings,$42
DBVT,$37.55,1441304165051,"47,813",100% bearish,of 1 rating,$53
DFRG,$14.41,1441304165178,"25,028",100% bearish,of 1 rating,$20
DHRM,$1.6,1441304165230,"15,600",Not yet rated,NULL,N/A
TACOW,$4.34,1441304165274,908,100% bullish,of 1 rating,N/A
TRAK,$62.85,1441304165299,"150,212",50% bullish,of 2 ratings,$62.50
TACO,$12.89,1441304165443,"19,738",75% bullish,of 4 ratings,$20
DCTH,$0.4233,1441304165611,"41,310",78% bullish,of 9 ratings,N/A
DELT,$2.12,1441304165838,"1,100",Not yet rated,NULL,N/A
DENN,$11.22,1441304165863,"82,343",100% bullish,of 3 ratings,$15
DELTW,NULL,1441304165997,0,Not yet rated,NULL,N/A
DEPO,$26.735,1441304166047,"490,889",60% bullish,of 5 ratings,$29
DERM,$25.672,1441304166076,"17,700",100% bearish,of 1 rating,$33.50
DGAS,$20.38,1441304166098,"4,378",67% bearish,of 3 ratings,N/A
DEST,$10.4,1441304166129,"17,575",50% bullish,of 2 ratings,N/A
XRAY,$51.63,1441304166178,"132,902",100% bullish,of 1 rating,$58
DSWL,$1.5301,1441304166282,"8,025",100% bullish,of 1 rating,N/A
DXLG,$6.655,1441304166310,"97,353",100% bearish,of 1 rating,$8
DXCM,$88.5287,1441304166440,"408,798",57% bullish,of 7 ratings,$98
DHXM,$6.042,1441304166581,"6,695",100% bearish,of 1 rating,N/A
DSCI,$5.95,1441304166622,"97,304",50% bullish,of 2 ratings,$16
DXM,$0.2898,1441304166680,"99,690",50% bullish,of 2 ratings,N/A
DMND,$30.55,1441304166846,"22,858",75% bullish,of 12 ratings,$32
DHIL,$189.82,1441304166930,608,Not yet rated,NULL,N/A
FANG,$67.17,1441304166985,"254,350",50% bullish,of 2 ratings,$86
DGII,$10.4293,1441304167063,"38,667",100% bearish,of 1 rating,$11
DCIX,$1.59,1441304167134,"19,810",50% bullish,of 4 ratings,$3.50
DRNA,$10.79,1441304167194,"41,900",67% bearish,of 3 ratings,$25
DRAD,$3.7758,1441304167263,"4,063",100% bullish,of 1 rating,$5.25
DMRC,$38.29,1441304167324,"25,255",100% bearish,of 1 rating,$44
DGLY,$7.38,1441304167355,"39,499",50% bullish,of 6 ratings,$20
DIOD,$21.54,1441304167521,"298,950",75% bearish,of 4 ratings,$24
APPS,$2.14,1441304167558,"199,007",100% bearish,of 1 rating,$10.25
DCOM,$16.74,1441304167651,"44,983",100% bearish,of 2 ratings,$16
DPRX,$13.45,1441304167783,"21,986",100% bullish,of 2 ratings,$27.75
DISCB,$27.43,1441304167926,300,100% bearish,of 1 rating,$35
DISCK,$25.93,1441304167973,"352,455",100% bearish,of 1 rating,$32
DISH,$59.26,1441304168073,"405,031",69% bullish,of 13 ratings,$73
DSCO,$0.4699,1441304168102,"202,724",83% bullish,of 6 ratings,$2.75
DISCA,$27.3,1441304168127,"993,374",67% bullish,of 3 ratings,$34
DVCR,$10.3875,1441304168151,501,100% bullish,of 1 rating,N/A
DLTR,$66.48,1441304168291,"2,190,012",82% bullish,of 11 ratings,$85
BAGR,$2.7199,1441304168316,"1,877",100% bearish,of 1 rating,$6
DLHC,$2.49,1441304168462,702,100% bearish,of 1 rating,N/A
DNBF,$26.01,1441304168507,200,Not yet rated,NULL,$27.50
DGICA,$14,1441304168731,"10,934",100% bearish,of 1 rating,$17
DGICB,NULL,1441304168812,0,100% bearish,of 1 rating,N/A
DORM,$50.25,1441304168979,"64,245",100% bearish,of 1 rating,$56
DRWI,$0.2148,1441304169007,"478,864",60% bullish,of 5 ratings,$.45
DMLP,$14.87,1441304169034,"9,492",100% bearish,of 1 rating,N/A
HILL,$9.693,1441304169060,"269,240",60% bearish,of 5 ratings,$9.75
DRYS,$0.453,1441304169192,"1,525,255",77% bullish,of 31 ratings,$.60
DRWIW,$0.055,1441304169271,"31,741",Not yet rated,NULL,N/A
DSPG,$8.88,1441304169298,"8,456",100% bearish,of 1 rating,$13.50
DWA,$20.795,1441304169499,"262,403",63% bullish,of 8 ratings,$26
CADTR,NULL,1441304169527,0,Not yet rated,NULL,N/A
CADT,$10.02,1441304169577,"11,662",Not yet rated,NULL,N/A
DSKX,$3.4,1441304169625,"55,476",100% bullish,of 1 rating,N/A
CADTU,$10.21,1441304169671,"3,700",Not yet rated,NULL,N/A
CADTW,NULL,1441304169800,0,Not yet rated,NULL,N/A
DTSI,$27.95,1441304169906,"58,915",100% bearish,of 2 ratings,$39.50
DYAX,$22.075,1441304170088,"148,571",89% bullish,of 9 ratings,$30
DNKN,$49.14,1441304170156,"412,470",67% bullish,of 15 ratings,$56.50
DYSL,$1.51,1441304170186,"20,189",100% bullish,of 2 ratings,N/A
BOOM,$10.85,1441304170214,"89,827",67% bullish,of 3 ratings,$12
DRRX,$2.05,1441304170252,"77,049",50% bullish,of 6 ratings,$3
DXPE,$30,1441304170285,"72,280",50% bullish,of 2 ratings,N/A
ETFC,$25.53,1441304170858,"1,402,595",57% bullish,of 14 ratings,$32.50
EBMT,$11.53,1441304170963,667,Not yet rated,NULL,$13.50
EGLE,$6.5,1441304171022,"18,011",60% bullish,of 5 ratings,N/A
EGBN,$41.56,1441304171047,"11,196",Not yet rated,NULL,$48
DYNT,$3.03,1441304171068,"3,026",75% bullish,of 4 ratings,N/A
EGRX,$77.61,1441304171101,"63,402",67% bullish,of 3 ratings,$97
DVAX,$27.87,1441304171201,"100,604",70% bullish,of 10 ratings,$40
EWBC,$39.275,1441304171433,"245,339",100% bearish,of 1 rating,$50
ELNK,$8.481,1441304171457,"170,064",60% bullish,of 5 ratings,$9.50
EACQU,NULL,1441304171603,0,Not yet rated,NULL,N/A
EML,$17.4399,1441304171634,545,Not yet rated,NULL,N/A
EVBS,NULL,1441304171668,0,Not yet rated,NULL,$7
EROC,$1.4901,1441304171703,"103,613",50% bullish,of 2 ratings,$3
EBAY,$26.99,1441304171736,"3,812,857",81% bullish,of 117 ratings,$34
EBIX,$28.6,1441304171771,"50,018",69% bullish,of 13 ratings,$40
ELON,$0.5701,1441304171922,"34,001",50% bullish,of 2 ratings,N/A
EDAP,$3.615,1441304172398,"6,581",60% bullish,of 5 ratings,$4.50
EDGW,$7.24,1441304172423,184,100% bearish,of 1 rating,N/A
ESES,$3.75,1441304172460,6,100% bearish,of 1 rating,$7
SATS,$44.2,1441304172486,"27,302",50% bullish,of 2 ratings,$60
EEI,$11.78,1441304172507,541,67% bearish,of 3 ratings,N/A
ECHO,$23.02,1441304172554,"157,326",67% bearish,of 3 ratings,$34.50
ECTE,$1.57,1441304172641,"21,271",75% bullish,of 4 ratings,N/A
EDUC,$6.42,1441304172688,"30,650",100% bearish,of 1 rating,N/A
EFUT,$4.62,1441304172884,300,Not yet rated,NULL,N/A
EGAN,$3.65,1441304173035,"4,904",50% bullish,of 2 ratings,$6.25
ECACU,NULL,1441304173069,0,Not yet rated,NULL,N/A
EGLT,$12.93,1441304173138,"57,742",50% bullish,of 2 ratings,$21
EHTH,$14.93,1441304173199,"35,791",50% bullish,of 4 ratings,$17
LOCO,$12.5021,1441304173243,"155,011",69% bullish,of 13 ratings,$19.50
EMITF,$1.25,1441304173332,"7,599",75% bullish,of 4 ratings,N/A
ESLT,$78.6046,1441304173461,"1,715",67% bullish,of 3 ratings,N/A
ERI,$9.413,1441304173495,"19,008",100% bearish,of 1 rating,$10
ESIO,$4.49,1441304173644,"50,672",50% bullish,of 2 ratings,$10
EFII,$43.57,1441304173676,"45,309",80% bullish,of 5 ratings,$55
ELRC,$10.69,1441304173702,"4,756",100% bearish,of 1 rating,N/A
EA,$66.09,1441304173781,"1,209,570",78% bullish,of 36 ratings,$80
ELSE,NULL,1441304173881,0,60% bullish,of 5 ratings,N/A
ELECU,$9.998,1441304173914,300,Not yet rated,NULL,N/A
ELEC,NULL,1441304174022,0,Not yet rated,NULL,N/A
ELECW,NULL,1441304174052,0,Not yet rated,NULL,N/A
RDEN,$11.62,1441304174154,"101,355",100% bearish,of 4 ratings,$15
EBIO,$3.33,1441304174284,"85,256",100% bearish,of 2 ratings,$8.35
CAPX,$22.85,1441304174357,1,Not yet rated,NULL,N/A
ESBK,$19.1101,1441304174459,"2,284",Not yet rated,NULL,N/A
EMCI,$22.35,1441304174485,"4,726",Not yet rated,NULL,N/A
ELTK,$1.27,1441304174564,"40,697",67% bearish,of 3 ratings,N/A
EMCF,$23.51,1441304174633,100,100% bearish,of 1 rating,N/A
LONG,$16.87,1441304174658,"2,100",67% bullish,of 3 ratings,$15.75
EMMS,$1.23,1441304174732,"20,677",83% bullish,of 6 ratings,N/A
EMKR,$6.88,1441304174909,"60,454",75% bullish,of 4 ratings,$8.50
EMMSP,NULL,1441304174987,0,100% bearish,of 1 rating,N/A
ERS,NULL,1441304175012,0,Not yet rated,NULL,N/A
NYNY,$4.275,1441304175153,"5,528",50% bullish,of 2 ratings,N/A
ECPG,$38.1599,1441304175196,"63,765",100% bullish,of 2 ratings,$52
ENTA,$38.87,1441304175248,"52,409",50% bullish,of 2 ratings,$42
WIRE,$32,1441304175272,"22,276",100% bearish,of 1 rating,$37
ELGX,$12.6,1441304175546,"606,638",75% bullish,of 4 ratings,$17
ECYT,$5.16,1441304175573,"116,875",83% bullish,of 6 ratings,$12
ENDP,$74.45,1441304175602,"433,559",50% bullish,of 6 ratings,$101.50
EXXI,$1.81,1441304175708,"778,260",86% bullish,of 7 ratings,$3.50
EIGI,$15.12,1441304175762,"195,523",67% bearish,of 3 ratings,$22.50
ERII,$2.605,1441304175793,"21,433",80% bullish,of 5 ratings,$2.50
EFOI,$24.5,1441304175841,"658,339",50% bullish,of 2 ratings,$24.50
WATT,$6.8496,1441304175900,"26,456",50% bullish,of 2 ratings,$13
ENOC,$8.76,1441304175991,"72,672",75% bullish,of 4 ratings,$18
ENPH,$4.41,1441304176240,"536,327",75% bullish,of 4 ratings,$11
ESGR,$149.325,1441304176270,"19,818",100% bearish,of 1 rating,$185
ENG,$1.0352,1441304176315,"42,066",100% bullish,of 3 ratings,N/A
ENFC,$17.4501,1441304176446,801,Not yet rated,NULL,N/A
ENTG,$13.62,1441304176499,"124,864",100% bearish,of 1 rating,$18
ETRM,$0.2999,1441304176578,"813,499",69% bearish,of 35 ratings,$1.625
EBTC,$21.52,1441304176603,759,Not yet rated,NULL,N/A
ENTL,$21.69,1441304176647,"5,678",Not yet rated,NULL,$28
EFSC,$23.8705,1441304176735,"14,351",Not yet rated,NULL,$27
ENVI,$1.8999,1441304176819,"24,166",67% bullish,of 3 ratings,N/A
EGT,$2,1441304176873,"2,500",100% bullish,of 1 rating,N/A
ENZN,$0.9956,1441304176978,"63,205",100% bullish,of 9 ratings,N/A
EPIQ,$12.67,1441304177083,"11,977",100% bearish,of 1 rating,$18
ENZY,$10.49,1441304177130,"22,649",67% bullish,of 3 ratings,$9.50
EPRS,$5.1,1441304177219,"13,334",82% bullish,of 11 ratings,$15
EPZM,$19.87,1441304177244,"120,807",60% bullish,of 5 ratings,$34
PLUS,$73.44,1441304177323,"21,827",50% bullish,of 2 ratings,$88
EQIX,$272.35,1441304177491,"245,495",75% bullish,of 4 ratings,$312.50
EQFN,$8.2,1441304177628,500,100% bearish,of 1 rating,N/A
EAC,$3.475,1441304177675,"7,738",100% bearish,of 1 rating,$8
ERIC,$9.84,1441304177808,"929,708",67% bullish,of 9 ratings,$12.20
ESCRP,$1.5,1441304177876,"2,736",100% bearish,of 1 rating,N/A
ERIE,$81.14,1441304177904,"9,908",Not yet rated,NULL,$73
ESCR,$0.1949,1441304177935,"242,276",50% bullish,of 2 ratings,N/A
ESCA,$17.97,1441304178037,"1,681",100% bearish,of 1 rating,$22
ESMC,$1.33,1441304178193,600,Not yet rated,NULL,N/A
ESSA,$12.83,1441304178294,"1,220",100% bearish,of 1 rating,N/A
ESPR,$45.42,1441304178339,"321,195",70% bearish,of 10 ratings,$115
EPIX,NULL,1441304178364,0,Not yet rated,NULL,N/A
ESSX,$0.49,1441304178496,"2,134",50% bullish,of 2 ratings,N/A
ESND,$33.63,1441304178546,"24,480",100% bearish,of 2 ratings,$40
ETSY,$14,1441304178571,"177,994",80% bullish,of 5 ratings,$16
CLWT,NULL,1441304178708,0,100% bearish,of 1 rating,N/A
EEFT,$65.65,1441304178837,"54,352",100% bearish,of 1 rating,$67.50
ESEA,$4.68,1441304178866,"1,288",100% bullish,of 1 rating,$15
EVEP,$8.51,1441304178929,"127,594",50% bullish,of 2 ratings,$15
EVLV,$2.62,1441304178966,"44,352",60% bullish,of 5 ratings,$4.625
EVK,$3.56,1441304178992,100,75% bearish,of 4 ratings,N/A
EVOL,$5.8178,1441304179122,"5,607",75% bullish,of 4 ratings,$10
EVOK,$3.574,1441304179180,"39,859",100% bearish,of 1 rating,$13.375
EXA,$10.345,1441304179352,"83,612",100% bearish,of 1 rating,$13
EXEL,$5.625,1441304179409,"1,917,427",81% bullish,of 16 ratings,$6
EXAS,$21.025,1441304179458,"378,765",78% bullish,of 9 ratings,$31
EXAC,$18.865,1441304179542,"7,918",100% bearish,of 1 rating,$22.50
EXLS,$36.75,1441304179590,"26,144",50% bullish,of 2 ratings,$41
EXPE,$112.74,1441304179621,"225,230",64% bullish,of 11 ratings,$130
EXFO,$2.75,1441304179721,301,67% bearish,of 3 ratings,$3.95
EXPD,$49.26,1441304179866,"814,894",80% bullish,of 5 ratings,$52
ESRX,$83.8314,1441304180148,"834,577",67% bearish,of 6 ratings,$101
EXPO,$42.62,1441304180173,"16,064",100% bearish,of 1 rating,$45.50
EXLP,$18.725,1441304180227,"41,906",100% bearish,of 1 rating,$25
EXTR,$3.12,1441304180252,"420,050",80% bullish,of 5 ratings,$3
EYEG,$3.7968,1441304180419,"7,856",Not yet rated,NULL,N/A
EZCH,$22.26,1441304180452,"56,087",75% bullish,of 8 ratings,$19.50
EYEGW,$1.0401,1441304180477,200,Not yet rated,NULL,N/A
EZPW,$6.01,1441304180561,"143,751",50% bullish,of 4 ratings,$7
FCS,$13.8,1441304180688,"255,283",67% bearish,of 3 ratings,$17
FFIV,$121.75,1441304180715,"222,538",63% bullish,of 8 ratings,$132
FB,$88.0978,1441304180788,"10,243,411",73% bullish,of 1074 ratings,$111
FRP,$15.89,1441304180937,"14,031",100% bearish,of 1 rating,$18
FWM,$2.26,1441304180971,"45,595",100% bearish,of 2 ratings,$3.20
FALC,$1.71,1441304181096,"2,046",63% bearish,of 8 ratings,N/A
FARM,$22.83,1441304181236,"13,634",100% bearish,of 1 rating,$35
FFKT,$25.49,1441304181261,"3,460",Not yet rated,NULL,$29
DAVE,$14.75,1441304181288,"11,509",100% bearish,of 1 rating,$15.50
FMNB,$8.2,1441304181439,"26,046",Not yet rated,NULL,N/A
FARO,$37.28,1441304181471,"21,723",50% bullish,of 2 ratings,$48
FATE,$6,1441304181607,"6,171",50% bullish,of 2 ratings,$11
FBSS,NULL,1441304181639,0,Not yet rated,NULL,N/A
FDML,$8.575,1441304181668,"65,512",50% bullish,of 4 ratings,$14
FAST,$37.51,1441304181693,"898,654",80% bullish,of 5 ratings,$45.50
FBRC,$21.83,1441304181738,"21,143",100% bearish,of 1 rating,$29
FNHC,$21.96,1441304182005,"9,269",100% bearish,of 1 rating,$35
FEIC,$75.405,1441304182048,"62,830",50% bullish,of 2 ratings,$95.50
FHCO,$1.4,1441304182145,"13,529",50% bullish,of 4 ratings,N/A
FENX,$9.63,1441304182185,"47,447",100% bullish,of 1 rating,$14.25
FGEN,$22.71,1441304182241,"96,034",100% bearish,of 1 rating,$39
FCSC,$5.52,1441304182286,"92,749",100% bearish,of 1 rating,$8.125
LION,$19.36,1441304182474,"39,058",100% bullish,of 1 rating,$20
ONEQ,$186.6601,1441304182530,"7,904",100% bullish,of 1 rating,N/A
FRGI,$51.86,1441304182671,"23,627",50% bullish,of 2 ratings,$70
FSC,$6.55,1441304182726,"263,957",60% bullish,of 5 ratings,$8
FSAM,$7.89,1441304182758,"2,847",100% bearish,of 1 rating,$10.25
FDUS,$14.621,1441304182806,"14,474",50% bullish,of 2 ratings,$18
FSCFL,$24.55,1441304182852,"8,170",Not yet rated,NULL,N/A
FITB,$19.47,1441304182931,"1,388,588",54% bullish,of 13 ratings,$22
FSFR,$8.82,1441304183035,"24,789",100% bearish,of 1 rating,$11.50
FITBI,$27.478,1441304183082,"3,886",Not yet rated,NULL,N/A
FNGN,$30.62,1441304183374,"97,894",67% bullish,of 3 ratings,$47
FNJN,$1.7499,1441304183413,"6,405",100% bearish,of 1 rating,$5
FNSR,$15.35,1441304183478,"172,497",71% bullish,of 7 ratings,$24
FISI,$24.4,1441304183625,"4,095",100% bullish,of 2 ratings,$24.50
FNTCW,$0.331,1441304183726,"4,300",Not yet rated,NULL,N/A
FEYE,$36.8117,1441304183828,"2,241,077",88% bullish,of 16 ratings,$55.50
FNTC,NULL,1441304183855,0,Not yet rated,NULL,N/A
FNLC,$18.83,1441304183893,"4,634",100% bullish,of 1 rating,N/A
FNTCU,NULL,1441304183921,0,Not yet rated,NULL,N/A
FBNC,$16.85,1441304184021,"5,619",100% bullish,of 1 rating,$20
FRBA,$6.001,1441304184051,569,Not yet rated,NULL,$8
BUSE,$6.3101,1441304184151,"29,450",Not yet rated,NULL,$6.875
FCVA,$4.7999,1441304184323,201,Not yet rated,NULL,N/A
FBIZ,$22.42,1441304184353,"5,055",100% bearish,of 2 ratings,$26
FCAP,$27.39,1441304184454,100,Not yet rated,NULL,N/A
FCFS,$39.385,1441304184590,"30,751",100% bearish,of 3 ratings,$47
FCNCA,$230.63,1441304184619,"2,154",Not yet rated,NULL,N/A
FCBC,$17.26,1441304184644,"4,439",Not yet rated,NULL,$18
FCLF,$9.2,1441304184677,"1,118",Not yet rated,NULL,N/A
FCFP,NULL,1441304184751,0,Not yet rated,NULL,N/A
FBNK,$16.81,1441304184779,"3,081",100% bearish,of 1 rating,$17.50
FCCO,$12.3,1441304184804,1,Not yet rated,NULL,$13.25
FFNM,$6.34,1441304185068,101,Not yet rated,NULL,N/A
FFBCW,NULL,1441304185096,0,100% bearish,of 1 rating,N/A
FDEF,$36.665,1441304185125,"6,705",Not yet rated,NULL,$38
FFBC,$18.24,1441304185170,"21,278",67% bearish,of 3 ratings,$20.25
FFIN,$30.1,1441304185230,"29,124",50% bullish,of 2 ratings,$31.75
THFF,$32.63,1441304185295,"4,984",Not yet rated,NULL,$35
FFNW,$12.16,1441304185402,"4,815",Not yet rated,NULL,$14
FFWM,$21.35,1441304185506,"11,937",Not yet rated,NULL,$24
FIBK,$26.53,1441304185652,"21,187",Not yet rated,NULL,$32
FMBH,NULL,1441304185681,0,Not yet rated,NULL,N/A
INBK,$30,1441304185706,"4,827",50% bullish,of 2 ratings,$37
FRME,$26.03,1441304185732,"77,521",Not yet rated,NULL,$26.50
FMBI,$17.39,1441304185929,"97,595",Not yet rated,NULL,$20
FNBC,$34.01,1441304185956,"95,725",Not yet rated,NULL,$40
FNFG,$9.08,1441304186015,"1,237,589",80% bullish,of 5 ratings,$9
FSFG,$31.11,1441304186147,300,Not yet rated,NULL,N/A
FSGI,$2.4905,1441304186197,"4,000",Not yet rated,NULL,N/A
FNWB,$12.03,1441304186249,"5,159",Not yet rated,NULL,N/A
FSLR,$48.09,1441304186333,"580,593",72% bullish,of 39 ratings,$65
FSBK,$7.78,1441304186468,"3,950",100% bullish,of 1 rating,N/A
BICK,$19.4098,1441304186503,685,100% bullish,of 1 rating,N/A
FCAN,$24.5,1441304186743,"81,700",Not yet rated,NULL,N/A
FBZ,NULL,1441304186793,0,Not yet rated,NULL,N/A
FV,$23.0693,1441304186818,"944,572",100% bearish,of 1 rating,N/A
FCA,$19.305,1441304186874,"118,440",Not yet rated,NULL,N/A
FTCS,$36.16,1441304186899,"10,511",100% bearish,of 1 rating,N/A
IFV,$17.5401,1441304187032,"144,923",100% bearish,of 1 rating,N/A
FEMB,NULL,1441304187141,0,Not yet rated,NULL,N/A
FEUZ,$30.89,1441304187198,"13,954",Not yet rated,NULL,N/A
FTSM,$59.95,1441304187243,"45,000",100% bearish,of 1 rating,N/A
TDIV,$24.7201,1441304187335,"33,180",100% bearish,of 1 rating,N/A
FGM,$35.443,1441304187376,"27,019",Not yet rated,NULL,N/A
MDIV,$19.05,1441304187578,"76,325",Not yet rated,NULL,N/A
FTGC,$22.414,1441304187603,"48,678",Not yet rated,NULL,N/A
FHK,$32.718,1441304187737,"17,717",Not yet rated,NULL,N/A
FTHI,$19.29,1441304187816,100,Not yet rated,NULL,N/A
FPXI,NULL,1441304187840,0,Not yet rated,NULL,N/A
HYLS,$49.5501,1441304187876,"14,979",100% bearish,of 1 rating,N/A
YDIV,$16.29,1441304187977,"1,562",Not yet rated,NULL,N/A
CU,$12.8699,1441304188111,"3,067",100% bearish,of 1 rating,N/A
SKYY,$28.4701,1441304188158,"30,792",100% bullish,of 1 rating,N/A
PLTM,$6.31,1441304188302,"8,082",100% bearish,of 1 rating,N/A
FJP,$46.19,1441304188385,"5,868",Not yet rated,NULL,N/A
LMBS,NULL,1441304188434,0,Not yet rated,NULL,N/A
FMB,NULL,1441304188458,0,Not yet rated,NULL,N/A
FTLB,$19.25,1441304188599,"10,000",100% bearish,of 1 rating,N/A
CIBR,$17.5877,1441304188700,"38,106",Not yet rated,NULL,N/A
QABA,$37.0912,1441304188725,"2,503",100% bearish,of 1 rating,N/A
QCLN,$15.21,1441304188905,"3,534",Not yet rated,NULL,N/A
FONE,NULL,1441304188961,0,Not yet rated,NULL,N/A
RDVY,$20.92,1441304189124,"9,985",Not yet rated,NULL,N/A
GRID,$31.33,1441304189174,820,100% bearish,of 1 rating,N/A
CARZ,$34.74,1441304189202,400,100% bearish,of 1 rating,N/A
QQXT,$40.0601,1441304189230,"7,233",Not yet rated,NULL,N/A
QQEW,$41.463,1441304189311,"13,900",Not yet rated,NULL,N/A
AIRR,$16.41,1441304189440,"1,192",100% bearish,of 1 rating,N/A
QTEC,$39.83,1441304189469,"13,920",Not yet rated,NULL,N/A
FTSL,$48.8526,1441304189623,"42,616",100% bearish,of 1 rating,N/A
QINC,NULL,1441304189649,0,Not yet rated,NULL,N/A
FSZ,$38.5901,1441304189777,"2,581",Not yet rated,NULL,N/A
FKO,NULL,1441304189817,0,Not yet rated,NULL,N/A
FDIV,NULL,1441304189878,0,100% bearish,of 1 rating,N/A
FTW,$32.38,1441304190031,"62,131",Not yet rated,NULL,N/A
FUNC,$8.06,1441304190103,"1,751",Not yet rated,NULL,N/A
FKU,$41.435,1441304190253,"3,242",Not yet rated,NULL,N/A
FMER,$17.42,1441304190280,"266,064",50% bullish,of 2 ratings,$20
SVVC,$9.3022,1441304190306,"9,301",50% bullish,of 2 ratings,$26
TUSA,$24.8,1441304190336,600,Not yet rated,NULL,N/A
FSV,$32.01,1441304190435,"9,967",Not yet rated,NULL,$33.60
FISV,$85.64,1441304190534,"361,703",100% bearish,of 3 ratings,$90
FIVE,$34.535,1441304190595,"4,035,504",75% bearish,of 4 ratings,$44
FLML,$22.27,1441304190736,"82,434",50% bullish,of 2 ratings,$30
FPRX,$19.025,1441304190816,"129,938",50% bullish,of 2 ratings,$35
FIVN,$3.8524,1441304190843,"53,349",100% bullish,of 1 rating,$8.50
MBSD,$24.98,1441304191018,400,Not yet rated,NULL,N/A
FLKS,$11.48,1441304191062,"21,860",50% bullish,of 2 ratings,$27
FLXN,$25.82,1441304191122,"32,494",100% bearish,of 1 rating,$40
FLXS,$31.32,1441304191149,"5,724",100% bearish,of 2 ratings,N/A
SKOR,$50.38,1441304191174,"2,475",Not yet rated,NULL,N/A
FLIR,$28.575,1441304191373,"382,310",100% bearish,of 2 ratings,$38.50
FLEX,$10.5,1441304191458,"1,259,854",63% bullish,of 8 ratings,$12
FOMX,$9.75,1441304191508,"67,767",50% bullish,of 2 ratings,$23.50
FFIC,$19.68,1441304191535,"11,506",Not yet rated,NULL,$20.50
FLDM,$11.075,1441304191588,"79,870",67% bearish,of 3 ratings,$15
FONR,$9.75,1441304191675,"3,152",100% bullish,of 1 rating,N/A
FOGO,$19.3101,1441304191716,"24,100",50% bullish,of 2 ratings,$25.50
FES,$0.9,1441304191805,"10,029",50% bullish,of 2 ratings,$1
FORM,$6.67,1441304192014,"62,949",67% bullish,of 3 ratings,$10.50
FORR,$30.94,1441304192072,"14,486",Not yet rated,NULL,N/A
FORTY,$30.12,1441304192142,553,100% bearish,of 1 rating,N/A
FBIO,$2.57,1441304192221,"13,921",83% bullish,of 6 ratings,N/A
FTNT,$42.28,1441304192250,"458,089",80% bullish,of 10 ratings,$52
FWP,$25.89,1441304192350,"31,749",100% bearish,of 1 rating,$45
FWRD,$44.02,1441304192407,"59,432",100% bearish,of 1 rating,$50
FORD,$1.6435,1441304192502,"704,792",67% bullish,of 3 ratings,N/A
FOSL,$60.81,1441304192602,"178,633",60% bearish,of 5 ratings,$80
FOXF,$15.3,1441304192659,"7,060",100% bearish,of 1 rating,$19
FXCB,$17.1,1441304192691,"51,363",Not yet rated,NULL,$19
FMI,$23.62,1441304192793,"94,689",100% bearish,of 2 ratings,$27.50
FELE,$28.13,1441304192831,"65,570",50% bullish,of 4 ratings,$33
FRAN,$12.07,1441304192860,"595,615",50% bullish,of 4 ratings,$15
FRED,$12.86,1441304192935,"95,877",50% bullish,of 2 ratings,$15.50
FREE,$0.3507,1441304193139,"703,999",92% bullish,of 12 ratings,N/A
FRPT,$12.43,1441304193271,"262,499",67% bearish,of 3 ratings,$23.50
FEIM,$11.03,1441304193297,700,100% bearish,of 1 rating,N/A
RAIL,$20.04,1441304193323,"30,125",100% bearish,of 1 rating,$24.50
FTR,$5.4925,1441304193430,"12,156,613",78% bullish,of 27 ratings,$6.25
FRPH,$31.16,1441304193463,835,100% bearish,of 1 rating,N/A
FTRPR,$107.2428,1441304193484,"42,526",100% bearish,of 1 rating,N/A
FSBW,$23.25,1441304193566,"1,800",Not yet rated,NULL,N/A
FSYS,$6.395,1441304193774,"146,658",67% bullish,of 3 ratings,$8.50
FTEK,$1.97,1441304193802,"21,170",75% bullish,of 4 ratings,N/A
FCEL,$0.8533,1441304193827,"691,118",88% bullish,of 41 ratings,$2.65
FTD,$30,1441304193870,"59,819",100% bearish,of 1 rating,$40
FULL,$3.12,1441304193970,"30,069",67% bearish,of 3 ratings,$4.25
FULLL,$25.24,1441304194077,"1,620",Not yet rated,NULL,N/A
FLL,$1.5,1441304194162,"2,600",75% bullish,of 4 ratings,$3.50
FSNN,$2.09,1441304194375,106,67% bullish,of 3 ratings,$6
FFHL,NULL,1441304194520,0,50% bullish,of 4 ratings,N/A
FULT,$11.9,1441304194579,"283,287",100% bearish,of 1 rating,$13
GAIA,$5.99,1441304194654,"19,983",50% bullish,of 2 ratings,$8.50
FXEN,$0.9901,1441304194684,"44,966",75% bullish,of 4 ratings,$1.10
FXENP,NULL,1441304194710,0,100% bearish,of 1 rating,N/A
GK,$67.53,1441304194735,"12,192",Not yet rated,NULL,$78
WILC,$4.927,1441304194788,"1,400",100% bullish,of 2 ratings,N/A
GLPG,$59.5,1441304194940,"9,152",100% bullish,of 1 rating,$75
GALTU,NULL,1441304195071,0,100% bearish,of 1 rating,N/A
GALT,$2.0418,1441304195213,"35,064",80% bullish,of 5 ratings,N/A
GLMD,$8.4,1441304195240,820,67% bullish,of 3 ratings,$20.50
GALTW,$0.5569,1441304195269,"8,683",100% bullish,of 1 rating,N/A
GLPI,$30.89,1441304195293,"139,827",100% bearish,of 1 rating,$37.50
GALE,$1.625,1441304195371,"323,974",89% bullish,of 47 ratings,$4
GPIC,$9.94,1441304195780,"2,746",100% bearish,of 1 rating,N/A
GRMN,$37.29,1441304195813,"299,772",50% bullish,of 6 ratings,$46.50
GGACR,$0.255,1441304195923,200,100% bullish,of 1 rating,N/A
GGACW,$0.13,1441304195975,150,Not yet rated,NULL,N/A
GGACU,NULL,1441304196003,0,Not yet rated,NULL,N/A
GARS,$14.52,1441304196024,"25,334",Not yet rated,NULL,$16
GGAC,$9.9,1441304196080,"2,043",100% bearish,of 1 rating,N/A
GENC,$9.03,1441304196152,519,100% bearish,of 1 rating,N/A
GENE,$2.38,1441304196394,"52,144",100% bullish,of 12 ratings,N/A
GFNCP,$88.06,1441304196478,110,Not yet rated,NULL,N/A
GNCMA,$16.7099,1441304196505,"51,862",100% bearish,of 1 rating,$12
GFN,$4.0199,1441304196531,"6,246",100% bearish,of 2 ratings,$8
GFNSL,$25.8,1441304196584,100,Not yet rated,NULL,N/A
GNMK,$9.6,1441304196689,"17,294",67% bullish,of 6 ratings,$14
GNCA,$10.92,1441304196745,"47,101",100% bearish,of 1 rating,$20
GHDX,$25.72,1441304196879,"63,946",50% bullish,of 2 ratings,$30
GNVC,$2.4101,1441304196984,"17,560",90% bullish,of 10 ratings,$8.50
THRM,$45.64,1441304197012,"91,757",75% bearish,of 4 ratings,$55.50
GTWN,NULL,1441304197038,0,Not yet rated,NULL,N/A
GNTX,$15.75,1441304197059,"480,163",Not yet rated,NULL,$20
GABC,$28.78,1441304197193,"4,420",Not yet rated,NULL,$31.50
GEOS,$17.43,1441304197233,"107,387",100% bearish,of 3 ratings,$21
GERN,$3.41,1441304197396,"8,661,412",88% bullish,of 16 ratings,$5.25
GEVO,$2.2801,1441304197470,"425,980",75% bullish,of 12 ratings,$5
ROCK,$16.6,1441304197554,"23,655",80% bullish,of 5 ratings,$24
GIGM,$0.526,1441304197636,"2,800",100% bullish,of 2 ratings,N/A
GIGA,$1.39,1441304197698,"65,780",100% bearish,of 1 rating,N/A
GIII,$70.12,1441304197783,"254,924",67% bullish,of 3 ratings,$75
GILD,$102.144,1441304197842,"2,911,155",91% bullish,of 87 ratings,$129
GILT,$4.14,1441304197917,"3,231",50% bullish,of 2 ratings,N/A
GBCI,$25.97,1441304197972,"41,071",50% bullish,of 2 ratings,$31
GLADO,$25.59,1441304198061,"3,100",Not yet rated,NULL,N/A
GOODN,$25.5,1441304198205,500,Not yet rated,NULL,N/A
GOOD,$14.115,1441304198236,"29,602",Not yet rated,NULL,$19
GLAD,$8.75,1441304198264,"36,155",50% bullish,of 2 ratings,$8.75
GOODO,NULL,1441304198305,0,Not yet rated,NULL,N/A
GOODP,$25.1101,1441304198474,300,Not yet rated,NULL,N/A
GAIN,$7.5,1441304198525,"26,090",100% bullish,of 2 ratings,$8.25
GAINP,$25.64,1441304198659,"1,464",Not yet rated,NULL,N/A
LAND,$9.1791,1441304198729,"3,546",50% bullish,of 2 ratings,$13.75
GAINO,NULL,1441304198753,0,Not yet rated,NULL,N/A
GLBZ,$11.48,1441304198889,150,Not yet rated,NULL,N/A
ENT,$11.07,1441304198929,"112,166",100% bearish,of 1 rating,$18
GBT,$51.26,1441304199056,"56,342",100% bearish,of 1 rating,N/A
GDEF,$10.6499,1441304199112,300,Not yet rated,NULL,N/A
GAINN,$25.19,1441304199142,"32,224",Not yet rated,NULL,N/A
GPACU,NULL,1441304199172,0,Not yet rated,NULL,N/A
GBLI,$27.22,1441304199272,"6,308",Not yet rated,NULL,N/A
ACTX,$13.17,1441304199597,660,100% bullish,of 1 rating,N/A
SOCL,$17.34,1441304199689,"8,003",100% bullish,of 2 ratings,N/A
ALTY,NULL,1441304199725,0,Not yet rated,NULL,N/A
QQQC,$18.62,1441304199754,"4,037",100% bearish,of 1 rating,N/A
GSOL,$8.3,1441304199782,"6,642",100% bearish,of 1 rating,N/A
SRET,NULL,1441304199855,0,Not yet rated,NULL,N/A
GSM,$13.56,1441304199956,"102,410",50% bullish,of 2 ratings,$22
YLCO,$11.7399,1441304199985,"2,510",Not yet rated,NULL,N/A
GAI,$6.06,1441304200087,"1,808",50% bullish,of 2 ratings,N/A
GLRI,$1.1,1441304200163,"148,348",100% bearish,of 1 rating,$4.25
GLUU,$4.47,1441304200224,"941,987",92% bullish,of 26 ratings,$9
GLBS,$1.04,1441304200268,100,67% bullish,of 3 ratings,N/A
GBIM,$2.6225,1441304200353,"28,890",50% bullish,of 2 ratings,N/A
GLYC,$6.97,1441304200405,"1,590",50% bullish,of 2 ratings,$14
GOGO,$16.09,1441304200555,"219,562",80% bullish,of 5 ratings,$25
GLNG,$39.51,1441304200687,"548,935",83% bullish,of 6 ratings,$55.50
GOGL,$2.85,1441304200747,"206,789",75% bullish,of 4 ratings,$5
GMLP,$21.23,1441304200831,"75,131",50% bullish,of 4 ratings,$29
GLDC,$4.0899,1441304200879,"2,200",50% bullish,of 2 ratings,N/A
GDEN,$9,1441304200962,"5,300",50% bullish,of 2 ratings,N/A
GBDC,$16.96,1441304201034,"99,968",Not yet rated,NULL,$17.75
GOOG,$604.1,1441304201096,"553,380",88% bullish,of 73 ratings,$787.50
GTIM,$6.69,1441304201132,"2,733",Not yet rated,NULL,$11.50
GOOGL,$636.03,1441304201160,"461,437",88% bullish,of 1082 ratings,$749
GPIA,NULL,1441304201288,0,100% bearish,of 1 rating,N/A
GPRO,$39.22,1441304201318,"5,004,400",78% bullish,of 59 ratings,$72
GMAN,$3.675,1441304201343,"11,423",60% bullish,of 5 ratings,$8.50
GPIAU,$9.97,1441304201535,400,Not yet rated,NULL,N/A
GPIAW,NULL,1441304201623,0,Not yet rated,NULL,N/A
LOPE,$37.0008,1441304201669,"72,267",100% bearish,of 2 ratings,$50
GRVY,NULL,1441304201920,0,50% bullish,of 2 ratings,N/A
GBSNU,NULL,1441304201952,0,NULL,NULL,NULL
GBSN,$0.1801,1441304202019,"8,820,679",50% bullish,of 2 ratings,$8.25
GLDD,$5.47,1441304202150,"24,815",100% bearish,of 4 ratings,$7.75
GSBC,$40.44,1441304202201,"13,981",100% bullish,of 1 rating,$44
GNBC,$11.76,1441304202227,"5,162",100% bearish,of 1 rating,$16.50
GRBK,$11.7,1441304202306,"50,460",77% bullish,of 13 ratings,N/A
GPRE,$20.315,1441304202360,"135,492",67% bullish,of 6 ratings,$28.50
GPP,$14.418,1441304202498,"5,500",Not yet rated,NULL,$20.50
GCBC,NULL,1441304202606,0,100% bullish,of 1 rating,N/A
GRFS,$31.03,1441304202750,"305,907",50% bullish,of 2 ratings,$35
GRPN,$4.27,1441304202780,"1,894,746",61% bullish,of 71 ratings,$6.75
OMAB,$41.6214,1441304202854,"24,779",100% bullish,of 1 rating,$44
GLRE,$24.785,1441304202879,"86,977",50% bullish,of 2 ratings,$34
GRIF,NULL,1441304202909,0,100% bearish,of 1 rating,N/A
GGAL,$19.06,1441304202945,"136,718",80% bullish,of 5 ratings,$40
GSIG,$12.7,1441304203076,"3,072",100% bearish,of 2 ratings,N/A
GSIT,$4.6,1441304203210,"3,021",100% bearish,of 1 rating,N/A
GSVC,$8.981,1441304203239,"20,406",50% bullish,of 2 ratings,$15.75
GBNK,$15.78,1441304203341,"10,954",100% bearish,of 1 rating,$18
GTXI,$0.865,1441304203400,"10,682",100% bullish,of 5 ratings,$.75
GFED,$14.653,1441304203472,"1,100",Not yet rated,NULL,$17
GULTU,$0.3099,1441304203498,"68,823",100% bearish,of 1 rating,N/A
GUID,$6.99,1441304203525,"26,307",100% bearish,of 3 ratings,$10
GURE,$1.72,1441304203719,"4,351",88% bullish,of 8 ratings,N/A
GIFI,$12.48,1441304203804,"21,996",100% bearish,of 1 rating,$16
GWPH,$103.93,1441304203880,"69,759",78% bullish,of 9 ratings,$148.50
GPOR,$33.39,1441304203905,"587,216",75% bullish,of 4 ratings,$54
GWGH,$7.71,1441304203945,403,100% bearish,of 1 rating,$15.05
GYRO,$30.65,1441304204034,"1,279",100% bearish,of 1 rating,N/A
HLG,NULL,1441304204074,0,100% bearish,of 1 rating,N/A
HEES,$18.65,1441304204118,"149,316",67% bearish,of 3 ratings,$31
HNRG,$7.43,1441304204564,"80,368",100% bearish,of 1 rating,$10
HBK,$13.8,1441304204621,1,50% bullish,of 2 ratings,N/A
HALL,$11.38,1441304204718,"9,547",Not yet rated,NULL,N/A
HALO,$17.06,1441304204747,"339,110",67% bullish,of 3 ratings,$22.50
HMPR,$1.87,1441304204771,"15,684",100% bullish,of 1 rating,N/A
HBHC,$27.245,1441304204796,"118,644",50% bullish,of 2 ratings,$30
HBHCL,$24.4885,1441304204947,"12,051",Not yet rated,NULL,N/A
HNH,$26.88,1441304205006,"10,209",100% bullish,of 1 rating,N/A
HAFC,$24,1441304205130,"81,143",100% bullish,of 2 ratings,$28.50
HNSN,$0.5453,1441304205161,"20,836",88% bullish,of 8 ratings,$.40
HQCL,$12.72,1441304205235,"5,457",67% bullish,of 3 ratings,$14
HRMN,NULL,1441304205262,0,Not yet rated,NULL,N/A
HDNG,$9.93,1441304205300,"4,651",50% bullish,of 4 ratings,N/A
HLIT,$5.735,1441304205399,"121,357",100% bearish,of 1 rating,$6.50
HRMNU,NULL,1441304205423,0,Not yet rated,NULL,N/A
HRMNW,NULL,1441304205459,0,Not yet rated,NULL,N/A
HART,$1.32,1441304205871,"83,508",100% bearish,of 1 rating,N/A
HCAP,$12.06,1441304205919,"6,846",50% bullish,of 2 ratings,$15
HBIO,$4.43,1441304205962,"32,309",100% bearish,of 1 rating,$10
HA,$23.59,1441304206001,"165,799",67% bullish,of 9 ratings,$27
TINY,$2.49,1441304206051,"15,312",50% bullish,of 2 ratings,$5.26
HCAPL,$25.501,1441304206075,400,Not yet rated,NULL,N/A
HCOM,$21.67,1441304206100,754,100% bearish,of 1 rating,$28
HAS,$76.84,1441304206294,"668,958",63% bullish,of 8 ratings,$84.50
HWBK,NULL,1441304206450,0,100% bearish,of 1 rating,N/A
HDS,$32.49,1441304206482,"795,298",100% bearish,of 2 ratings,$39.50
HIIQ,$4.81,1441304206586,"7,720",50% bullish,of 2 ratings,$7
HWKN,$38,1441304206612,"7,718",Not yet rated,NULL,N/A
HAYN,$38.13,1441304206647,"16,266",100% bearish,of 1 rating,$59
HCSG,$32.68,1441304206676,"103,796",50% bullish,of 4 ratings,$35
HQY,$29.36,1441304206747,"250,476",67% bullish,of 3 ratings,$35
HSTM,$24.45,1441304206935,"15,018",50% bullish,of 2 ratings,$33.75
HWAY,$11.789,1441304207028,"57,136",100% bearish,of 1 rating,$15
HTWR,$66.535,1441304207067,"425,896",50% bullish,of 2 ratings,$104
HTLF,$35.52,1441304207093,"12,004",100% bullish,of 1 rating,$39.50
HTLD,$20.15,1441304207120,"114,440",Not yet rated,NULL,$22.50
HSII,$20.105,1441304207171,"46,964",100% bullish,of 3 ratings,$25
HTBX,$3.385,1441304207254,"87,677",50% bullish,of 2 ratings,$15.50
HMNY,NULL,1441304207455,0,100% bearish,of 1 rating,N/A
HELE,$84.77,1441304207531,"67,935",67% bearish,of 3 ratings,$100
HMTV,$13.42,1441304207633,"1,988",100% bearish,of 1 rating,$16
HNNA,NULL,1441304207657,0,Not yet rated,NULL,N/A
HERO,NULL,1441304207682,0,NULL,NULL,NULL
HCACU,$9.99,1441304207706,200,Not yet rated,NULL,N/A
HSIC,$135.5,1441304207731,"71,224",83% bullish,of 6 ratings,$146
HTBK,$10.35,1441304207946,"31,833",Not yet rated,NULL,$12
HFWA,$17.75,1441304207972,"30,032",100% bullish,of 1 rating,$20
HEOP,$7.79,1441304208102,"9,359",Not yet rated,NULL,$8.50
MLHR,$26.755,1441304208171,"88,143",50% bullish,of 2 ratings,$33.50
HSKA,$32.98,1441304208196,"23,845",100% bearish,of 1 rating,$38
HCCI,$11.87,1441304208230,"4,297",100% bearish,of 1 rating,$16.50
HRTX,$36.63,1441304208256,"372,891",57% bullish,of 7 ratings,$41
HFFC,$16,1441304208427,101,Not yet rated,NULL,N/A
HIHO,$4.297,1441304208560,"10,008",Not yet rated,NULL,N/A
HIMX,$7.09,1441304208618,"785,846",86% bullish,of 21 ratings,$8.50
HIFS,$116,1441304208691,200,Not yet rated,NULL,N/A
HIBB,$38.79,1441304208751,"158,851",100% bearish,of 1 rating,$46.50
HPJ,$2.19,1441304208777,"4,000",75% bullish,of 4 ratings,$12.43
HMSY,$9.91,1441304208819,"191,007",67% bullish,of 3 ratings,$19.35
HSGX,$5.84,1441304208843,"3,301",100% bearish,of 1 rating,$17
HMNF,$11.49,1441304208908,102,Not yet rated,NULL,N/A
HOLI,$16.82,1441304209039,"111,011",50% bullish,of 4 ratings,$27
HOMB,$37.3,1441304209291,"23,567",Not yet rated,NULL,$42
HBCP,$24.84,1441304209350,557,Not yet rated,NULL,$29
HMIN,$25.22,1441304209676,"21,111",100% bearish,of 2 ratings,$35
HFBL,NULL,1441304209707,0,Not yet rated,NULL,N/A
AWAY,$28.39,1441304209889,"391,627",67% bullish,of 3 ratings,$36
HOLX,$38.3,1441304209915,"797,128",50% bullish,of 4 ratings,$42
HMST,$21.7301,1441304209947,"47,845",100% bullish,of 2 ratings,$27
HTBI,$18.07,1441304209968,"13,266",67% bullish,of 3 ratings,$18.625
CETC,$0.7902,1441304210000,"16,052",86% bullish,of 7 ratings,N/A
HKTV,$4.2837,1441304210030,800,100% bearish,of 1 rating,N/A
HFBC,$11.2,1441304210134,"3,220",Not yet rated,NULL,N/A
HOFT,$23.52,1441304210155,"27,080",100% bearish,of 1 rating,N/A
HZNP,$29.61,1441304210335,"836,411",85% bullish,of 20 ratings,$40
HRZN,$10.31,1441304210364,"6,778",50% bullish,of 2 ratings,$14.25
HBNC,$23.61,1441304210385,"8,504",100% bullish,of 1 rating,$27
ZINC,$7.26,1441304210587,"194,377",100% bearish,of 1 rating,$17
HWCC,$7.55,1441304210726,"31,752",100% bearish,of 1 rating,$9
HDP,$23.1,1441304210762,"113,923",67% bearish,of 3 ratings,$30.50
HBMD,$13.97,1441304210789,"1,633",100% bearish,of 1 rating,N/A
HSNI,$60.289,1441304210816,"54,619",Not yet rated,NULL,$80
HMHC,$22.56,1441304210857,"324,492",Not yet rated,NULL,$27
HOVNP,$3.96,1441304210883,"4,850",100% bearish,of 1 rating,N/A
HSON,$2.7399,1441304211018,"5,392",100% bearish,of 1 rating,$5
HCBK,$9.3,1441304211066,"1,083,203",83% bullish,of 6 ratings,$8.61
HUBG,$38.3,1441304211160,"83,645",100% bearish,of 1 rating,$43
HTGM,$5.89,1441304211194,"3,049",100% bearish,of 1 rating,$19.50
HBAN,$10.695,1441304211219,"1,613,448",76% bullish,of 17 ratings,$12.29
HDSN,$3.08,1441304211389,"9,930",100% bullish,of 1 rating,$6.25
HURC,$29.3,1441304211542,"4,520",100% bearish,of 1 rating,N/A
HBP,$3.1399,1441304211568,"1,000",100% bullish,of 1 rating,N/A
HTCH,$1.4605,1441304211631,"21,876",100% bearish,of 1 rating,$3.50
HBANP,$1330,1441304211661,8,100% bearish,of 1 rating,N/A
HURN,$72.77,1441304211696,"44,052",50% bullish,of 2 ratings,$80
HDRAR,NULL,1441304211760,0,Not yet rated,NULL,N/A
HYGS,$8.7199,1441304211887,"22,700",50% bullish,of 2 ratings,$13
HDRAU,NULL,1441304211948,0,Not yet rated,NULL,N/A
HDRAW,$0.264,1441304211987,1,Not yet rated,NULL,N/A
HDRA,NULL,1441304212160,0,Not yet rated,NULL,N/A
IACI,$70.31,1441304212185,"244,994",80% bullish,of 5 ratings,$90
IDSY,$3.88,1441304212216,"2,520",100% bearish,of 1 rating,$7
ICAD,$3.9998,1441304212380,"40,870",100% bullish,of 2 ratings,$7.25
IEP,$69,1441304212407,"23,120",75% bullish,of 4 ratings,$99
IBKC,$59.93,1441304212436,"39,903",100% bullish,of 1 rating,$70
IKGH,$1.43,1441304212457,"8,638",75% bullish,of 4 ratings,N/A
ICFI,$33.74,1441304212491,"7,124",50% bullish,of 2 ratings,$48.50
ICLR,$75.86,1441304212589,"231,470",100% bearish,of 3 ratings,$85
IPWR,$7.36,1441304212823,"2,001",100% bullish,of 1 rating,$15
ICUI,$110.665,1441304212848,"25,478",Not yet rated,NULL,$122
IDRA,$2.985,1441304212877,"473,869",89% bullish,of 9 ratings,$6.50
INVE,$4.42,1441304212905,"3,752",75% bullish,of 4 ratings,$4
ICON,$13.165,1441304212977,"239,097",50% bullish,of 2 ratings,$18.50
IDXX,$73.0899,1441304213059,"216,940",100% bearish,of 1 rating,$76
DSKY,$10.72,1441304213200,"60,036",67% bullish,of 6 ratings,$11.50
IRG,$5,1441304213307,"7,135",100% bearish,of 1 rating,$4.25
IROQ,$16.793,1441304213337,697,100% bullish,of 1 rating,N/A
KANG,$15.53,1441304213412,"104,046",50% bullish,of 2 ratings,$23.10
RXDX,$14.33,1441304213442,"92,446",100% bullish,of 1 rating,$20
IIVI,$16.665,1441304213477,"39,824",100% bearish,of 1 rating,$22
IKAN,$2.74,1441304213540,"11,930",83% bullish,of 6 ratings,$5
IKNX,$12.282,1441304213686,401,100% bearish,of 1 rating,N/A
ISNS,$4.1599,1441304213785,"13,348",50% bullish,of 2 ratings,N/A
ILMN,$195.14,1441304213815,"313,156",80% bullish,of 5 ratings,$245
IMMR,$12.08,1441304213844,"67,691",80% bullish,of 5 ratings,$15.50
ICCC,$6.85,1441304213947,"2,075",100% bullish,of 1 rating,N/A
IMGN,$13.03,1441304214007,"292,548",75% bullish,of 4 ratings,$17.50
IMMU,$2.125,1441304214178,"288,569",86% bullish,of 7 ratings,$2
IMNP,$1.27,1441304214207,"73,926",50% bullish,of 2 ratings,$6
IMDZ,$15.88,1441304214247,"14,700",100% bearish,of 1 rating,$33
IMMY,$7.69,1441304214314,"5,551",100% bearish,of 1 rating,$11
IPXL,$40.8,1441304214379,"149,897",67% bullish,of 3 ratings,$46.50
INCR,$42.4625,1441304214407,"109,601",50% bullish,of 2 ratings,$53
SAAS,$7.2,1441304214538,"105,575",50% bullish,of 2 ratings,$15
IBTX,$40.5,1441304214711,"2,288",100% bullish,of 2 ratings,$47.25
IBCP,$14.085,1441304214778,"17,732",100% bullish,of 1 rating,$14.50
INDB,$44.35,1441304214846,"26,061",Not yet rated,NULL,$44
INCY,$116.33,1441304214879,"492,779",50% bullish,of 6 ratings,$125.50
IDSA,$3.5375,1441304214903,100,Not yet rated,NULL,N/A
INFN,$22.06,1441304214973,"606,055",71% bullish,of 7 ratings,$28
INFI,$8.64,1441304215070,"156,540",50% bullish,of 4 ratings,$16.50
III,$3.75,1441304215159,"51,871",57% bullish,of 7 ratings,$6
IPCC,$75.85,1441304215291,"11,354",Not yet rated,NULL,$77.50
IMKTA,$49.83,1441304215319,"33,780",100% bearish,of 1 rating,N/A
IFON,$1.297,1441304215449,"8,880",75% bullish,of 4 ratings,N/A
INWK,$6.95,1441304215480,"48,184",50% bullish,of 2 ratings,$10
INNL,NULL,1441304215506,0,100% bearish,of 1 rating,$16.50
IPHS,$46.71,1441304215580,"45,968",100% bearish,of 1 rating,$60
INOD,$2.3503,1441304215639,218,100% bearish,of 1 rating,N/A
IOSP,$49.32,1441304215726,"85,730",100% bearish,of 1 rating,N/A
ISSC,$2.8272,1441304215831,675,67% bearish,of 3 ratings,N/A
ITEK,$12.87,1441304215915,"250,281",100% bearish,of 3 ratings,$20
INGN,$52.18,1441304215973,"127,110",100% bearish,of 1 rating,$50.50
INOV,$21.59,1441304216040,"188,390",100% bearish,of 1 rating,$33
NSIT,$25.11,1441304216144,"36,541",50% bullish,of 2 ratings,N/A
INSM,$24.44,1441304216175,"67,100",71% bullish,of 7 ratings,$31.50
INO,$7.06,1441304216200,"306,181",89% bullish,of 18 ratings,$20
ISIG,$2.65,1441304216276,700,100% bearish,of 1 rating,N/A
IIIN,$17.165,1441304216409,"11,485",100% bearish,of 2 ratings,N/A
PODD,$28.55,1441304216514,"56,565",67% bearish,of 3 ratings,$35
INSY,$33.71,1441304216586,"162,621",75% bullish,of 4 ratings,$48
NTEC,$5.634,1441304216614,509,100% bearish,of 1 rating,N/A
IART,$62.43,1441304216752,"167,818",100% bearish,of 2 ratings,$71.50
IESC,NULL,1441304216787,0,100% bearish,of 1 rating,N/A
IDTI,$19.32,1441304216812,"500,826",60% bullish,of 5 ratings,$25
ISSI,$21.89,1441304216886,"46,978",67% bullish,of 3 ratings,$19.75
INTC,$29.155,1441304216946,"14,020,166",82% bullish,of 238 ratings,$36
IQNT,$19.07,1441304217018,"92,931",86% bullish,of 7 ratings,$20
IPCI,$2.205,1441304217162,"22,465",67% bullish,of 6 ratings,$8
IPAR,$25.17,1441304217187,"18,919",67% bullish,of 3 ratings,$38
IBKR,$37.41,1441304217319,"238,292",100% bullish,of 1 rating,N/A
ICPT,$187.14,1441304217353,"65,281",70% bullish,of 10 ratings,$359.50
ININ,$35.49,1441304217375,"65,524",67% bearish,of 3 ratings,$57
ICLD,$1.88,1441304217453,"32,107",75% bullish,of 4 ratings,N/A
IDCC,$48.64,1441304217555,"78,820",80% bullish,of 5 ratings,$63
ICLDW,NULL,1441304217617,0,100% bearish,of 1 rating,N/A
TILE,$24.535,1441304217753,"101,237",100% bearish,of 3 ratings,$27
INAP,$9.17,1441304217858,"122,448",75% bullish,of 4 ratings,$11
ISCA,$32.6,1441304217944,"17,147",100% bearish,of 1 rating,N/A
IBOC,$24.94,1441304217990,"15,822",100% bearish,of 1 rating,N/A
IMI,$2.04,1441304218016,"3,351",67% bullish,of 3 ratings,$2.22
IGLD,$7.335,1441304218037,975,50% bullish,of 2 ratings,N/A
IIJI,$8.73,1441304218221,300,50% bullish,of 2 ratings,$12.50
PTNT,$3.0499,1441304218280,"2,837",Not yet rated,NULL,N/A
INPH,$0.2802,1441304218375,"1,436",50% bullish,of 2 ratings,N/A
INTX,$1.98,1441304218411,"5,850",67% bullish,of 3 ratings,N/A
XENT,$25.43,1441304218507,"62,569",50% bullish,of 2 ratings,$36.50
IILG,$19.76,1441304218533,"32,910",100% bearish,of 1 rating,$29
ISIL,$10.54,1441304218561,"260,763",50% bullish,of 6 ratings,$15
IVAC,$4.6101,1441304218696,"14,416",100% bearish,of 1 rating,$6.625
INTL,$26.155,1441304218799,"38,598",67% bearish,of 3 ratings,N/A
ITCI,$26.61,1441304218866,"322,869",75% bearish,of 4 ratings,$40
INTLL,$25.9799,1441304218893,500,Not yet rated,NULL,N/A
IIN,$6.91,1441304218937,301,100% bearish,of 1 rating,$12
INTU,$86.29,1441304218963,"853,797",86% bullish,of 7 ratings,$107.50
ISRG,$511.105,1441304219046,"49,381",67% bullish,of 3 ratings,$600
SNAK,$8.45,1441304219178,"19,883",50% bullish,of 2 ratings,$14
INVT,$0.3142,1441304219251,"77,003",67% bullish,of 3 ratings,N/A
ISTR,$15.5201,1441304219324,140,100% bearish,of 1 rating,$18.50
ISBC,$11.675,1441304219426,"634,170",100% bullish,of 1 rating,$13.25
ITIC,$71.25,1441304219493,200,100% bearish,of 2 ratings,N/A
IVTY,$14.04,1441304219561,"8,736",Not yet rated,NULL,$18
NVIV,$9.43,1441304219590,"74,060",50% bullish,of 4 ratings,$24.50
IPCM,$79.21,1441304219695,"521,278",50% bullish,of 2 ratings,$80.125
DTUL,NULL,1441304219778,0,Not yet rated,NULL,N/A
DFVL,NULL,1441304219826,0,Not yet rated,NULL,N/A
IRMD,$24.09,1441304219853,"3,642",67% bearish,of 3 ratings,$25
IPAS,$1.06,1441304219875,"19,061",67% bullish,of 3 ratings,N/A
IPGP,$82.68,1441304220007,"85,978",67% bearish,of 3 ratings,$109.50
IRIX,$6.83,1441304220089,"6,308",100% bearish,of 1 rating,N/A
IRDM,$7.025,1441304220149,"589,542",60% bullish,of 5 ratings,$11.50
IRDMB,$273.157,1441304220386,"10,000",67% bearish,of 3 ratings,N/A
IRWD,$10.78,1441304220422,"249,950",100% bearish,of 1 rating,$13
IRCP,NULL,1441304220455,0,100% bullish,of 2 ratings,N/A
FCHI,NULL,1441304220486,0,NULL,NULL,NULL
IRBT,$29.65,1441304220512,"56,388",67% bullish,of 6 ratings,$37
GNMA,$50.2499,1441304220582,"2,499",Not yet rated,NULL,N/A
IFAS,NULL,1441304220633,0,NULL,NULL,NULL
COMT,$33.515,1441304220668,"8,363",100% bearish,of 1 rating,N/A
IFNA,NULL,1441304220916,0,NULL,NULL,NULL
IFGL,$27.94,1441304220992,"77,561",Not yet rated,NULL,N/A
ACWI,$55.1,1441304221050,"528,959",Not yet rated,NULL,N/A
IFEU,$38.0852,1441304221077,"2,348",Not yet rated,NULL,N/A
ACWX,$40.04,1441304221183,"581,318",100% bearish,of 1 rating,N/A
AAXJ,$52.52,1441304221225,"314,659",Not yet rated,NULL,N/A
AXJS,NULL,1441304221253,0,NULL,NULL,NULL
AAIT,NULL,1441304221312,0,NULL,NULL,NULL
EMDI,NULL,1441304221356,0,NULL,NULL,NULL
EEMA,$49.6,1441304221456,"58,514",Not yet rated,NULL,N/A
EGRW,NULL,1441304221552,0,NULL,NULL,NULL
EMEY,NULL,1441304221576,0,NULL,NULL,NULL
EEME,NULL,1441304221598,0,NULL,NULL,NULL
EVAL,NULL,1441304221743,0,NULL,NULL,NULL
EEML,$26.9899,1441304221770,"1,120",Not yet rated,NULL,N/A
EUFN,$21.4199,1441304221902,"40,436",100% bearish,of 1 rating,N/A
IEUS,$44.9196,1441304222035,"15,977",100% bearish,of 1 rating,N/A
IBB,$339.7,1441304222061,"801,311",63% bullish,of 8 ratings,N/A
UAE,$17.8201,1441304222118,"2,812",Not yet rated,NULL,N/A
QAT,NULL,1441304222188,0,Not yet rated,NULL,N/A
EMIF,$27.97,1441304222214,"3,404",Not yet rated,NULL,N/A
SOXX,$82.76,1441304222234,"131,949",50% bullish,of 2 ratings,N/A
WOOD,$47.7245,1441304222392,"18,567",50% bullish,of 2 ratings,N/A
INDY,$27.1,1441304222477,"66,471",50% bullish,of 2 ratings,N/A
ICLN,$9.2404,1441304222521,"102,401",50% bullish,of 2 ratings,N/A
ISIS,$51.6756,1441304222614,"748,341",53% bullish,of 15 ratings,$67
ISHG,$79.416,1441304222713,"4,948",100% bearish,of 1 rating,N/A
ISLE,$19.035,1441304222742,"185,572",50% bullish,of 4 ratings,$16
IGOV,$90.62,1441304222780,"8,039",100% bearish,of 1 rating,N/A
ITRI,$29.47,1441304223050,"43,035",100% bearish,of 1 rating,$37
ITRN,$23.83,1441304223076,"1,532",50% bullish,of 2 ratings,N/A
ISRL,$127.94,1441304223138,22,100% bearish,of 1 rating,N/A
ITUS,$3.95,1441304223283,"3,809",Not yet rated,NULL,N/A
XXIA,$15.16,1441304223315,"84,573",71% bullish,of 7 ratings,$14.625
IXYS,$11.53,1441304223336,"45,263",50% bullish,of 4 ratings,N/A
MAYS,NULL,1441304223425,0,Not yet rated,NULL,N/A
JBHT,$75.32,1441304223619,"505,186",50% bullish,of 4 ratings,$89.50
JCOM,$68.11,1441304223667,"147,793",100% bullish,of 2 ratings,$77
JJSF,$115.51,1441304223693,"12,996",100% bearish,of 1 rating,N/A
JASO,$8.03,1441304223751,"322,608",82% bullish,of 17 ratings,$10
JKHY,$67.46,1441304223826,"144,153",67% bearish,of 3 ratings,$72
JACK,$78.73,1441304223883,"117,690",71% bullish,of 7 ratings,$105
JXSB,$24,1441304224018,"1,815",Not yet rated,NULL,N/A
JAXB,$13,1441304224148,100,100% bullish,of 1 rating,N/A
JAGX,$3.34,1441304224175,"4,800",Not yet rated,NULL,$10.50
JMBA,$14.37,1441304224196,"118,141",75% bullish,of 4 ratings,$18
JAKK,$9.38,1441304224328,"205,488",60% bearish,of 5 ratings,$11
JRVR,$28.06,1441304224360,"42,107",Not yet rated,NULL,$32
JASN,$4.86,1441304224459,"1,327",50% bullish,of 2 ratings,$9.50
ERW,NULL,1441304224484,0,Not yet rated,NULL,N/A
JBLU,$23.53,1441304224526,"2,334,061",94% bullish,of 18 ratings,$27
JAZZ,$164.13,1441304224625,"72,812",80% bullish,of 15 ratings,$206.50
JASNW,NULL,1441304224652,0,50% bullish,of 2 ratings,N/A
JD,$24.65,1441304224729,"3,235,726",75% bullish,of 16 ratings,$36
JTPY,$2.8541,1441304224789,"1,001",100% bearish,of 1 rating,N/A
JCTCF,$9.6,1441304224815,100,100% bullish,of 1 rating,N/A
DATE,$6.18,1441304224894,"36,961",75% bullish,of 4 ratings,$9
JST,$3.67,1441304225086,"2,803",75% bullish,of 4 ratings,N/A
JIVE,$4.59,1441304225115,"149,822",75% bullish,of 4 ratings,$5
JOEZ,$0.1651,1441304225221,"116,342",92% bullish,of 12 ratings,N/A
JNP,$13.101,1441304225324,"112,113",100% bullish,of 3 ratings,$15
WYIGU,$9.98,1441304225349,"1,840",100% bearish,of 1 rating,N/A
JBSS,$50.24,1441304225375,"14,608",67% bearish,of 3 ratings,N/A
JUNO,$34.67,1441304225516,"372,501",73% bullish,of 11 ratings,$71.50
JOUT,$24.13,1441304225548,"3,596",100% bearish,of 1 rating,$34
KTWO,$21.04,1441304225574,"19,902",100% bearish,of 1 rating,$28.50
KALU,$82.21,1441304225648,"54,295",67% bearish,of 3 ratings,$91
KNDI,$6.23,1441304225828,"50,370",86% bullish,of 22 ratings,N/A
KCLI,$46.49,1441304225857,"5,955",Not yet rated,NULL,N/A
KMDA,$3.49,1441304225887,"7,255",50% bullish,of 2 ratings,$8
KBIO,$2.8899,1441304225959,"1,908,945",50% bullish,of 4 ratings,N/A
KBSF,NULL,1441304226151,0,100% bullish,of 1 rating,N/A
KCAP,$4.6403,1441304226225,"51,008",75% bullish,of 4 ratings,$6
KPTI,$14.02,1441304226283,"98,546",67% bearish,of 3 ratings,$39
KRNY,$11.28,1441304226361,"52,011",100% bearish,of 1 rating,$12
KELYA,$14.41,1441304226429,"30,571",67% bullish,of 6 ratings,$20
KFFB,NULL,1441304226462,0,100% bearish,of 1 rating,N/A
