Symbol,Price,Date,Volume,Rating,RatingVoteCount,OneYearEstimate
TFSC,NULL,1440000602605,0,100% bearish,of 1 rating,N/A
FCTY,$8.12,1440000602657,"2,800",100% bullish,of 1 rating,$8.50
TFSCR,NULL,1440000602683,0,Not yet rated,NULL,N/A
TFSCW,NULL,1440000602709,0,100% bearish,of 1 rating,N/A
PIH,NULL,1440000602735,0,100% bearish,of 1 rating,N/A
FCCY,NULL,1440000602768,0,100% bullish,of 1 rating,$13
FLWS,$9.7,1440000602870,"49,172",100% bullish,of 5 ratings,$15
TFSCU,NULL,1440000602894,0,Not yet rated,NULL,N/A
TWOU,$35.39,1440000603029,"70,336",50% bullish,of 2 ratings,$39
DGLD,$82.8286,1440000603068,"9,495",100% bullish,of 1 rating,N/A
VNET,$20.8,1440000603093,"95,653",60% bullish,of 5 ratings,$29.50
DSLV,$62.3305,1440000603164,"14,131",100% bearish,of 1 rating,N/A
SRCE,$30.63,1440000603199,"9,299",100% bullish,of 3 ratings,$33
JOBS,$27.41,1440000603301,"31,258",50% bullish,of 4 ratings,$36
USLV,$14.44,1440000603334,"208,211",86% bullish,of 7 ratings,N/A
UGLD,$9.14,1440000603433,"62,098",100% bearish,of 1 rating,N/A
CAFD,$15.31,1440000603768,"75,941",Not yet rated,NULL,$25
SIXD,$2.44,1440000603793,"28,027",Not yet rated,NULL,N/A
AVHI,$14.355,1440000603852,"7,041",100% bearish,of 1 rating,$19
SHLM,$35.1,1440000603874,"55,876",100% bearish,of 1 rating,$50
EGHT,$8.48,1440000603895,"55,810",82% bullish,of 17 ratings,$11
ABGB,$4.214,1440000603936,"73,859",67% bullish,of 3 ratings,$5.50
AAON,$22.71,1440000603957,"30,406",100% bearish,of 1 rating,$24
ABAX,$47.49,1440000604029,"48,904",100% bearish,of 1 rating,$60
ABEO,$5.35,1440000604205,"131,644",67% bullish,of 3 ratings,$15.50
AXAS,$1.65,1440000604234,"297,240",78% bullish,of 9 ratings,$3.50
ABEOW,$1.73,1440000604264,"3,589",100% bullish,of 1 rating,N/A
ABY,$20.89,1440000604309,"69,313",100% bearish,of 2 ratings,$46
ABMD,$104.48,1440000604368,"176,853",75% bullish,of 4 ratings,$86
ACHC,$78.1413,1440000604541,"250,592",50% bullish,of 2 ratings,$92
ACAD,$37.7,1440000604603,"154,622",85% bullish,of 20 ratings,$48
ACTG,$8.6801,1440000604635,"82,796",67% bullish,of 3 ratings,$18.50
AXDX,$18.53,1440000604707,"57,894",100% bearish,of 1 rating,N/A
ACST,$0.365,1440000604737,"1,200",100% bullish,of 2 ratings,N/A
ARAY,$6,1440000604767,"476,826",100% bearish,of 1 rating,$10.50
XLRN,$30.2,1440000604788,"53,097",50% bullish,of 2 ratings,$57
ANCX,$18.95,1440000604818,"9,920",Not yet rated,NULL,$19
VXDN,$14.42,1440000605096,238,Not yet rated,NULL,N/A
VXUP,$17.37,1440000605121,"9,950",Not yet rated,NULL,N/A
ACRX,$4.21,1440000605152,"120,018",67% bearish,of 6 ratings,$5.50
ACET,$25.24,1440000605178,"44,120",75% bullish,of 4 ratings,$30
AKAO,$6.92,1440000605249,"20,404",75% bullish,of 4 ratings,$15
ACIW,$22.66,1440000605330,"55,155",50% bullish,of 2 ratings,$24
ACHN,$8.41,1440000605356,"587,385",90% bullish,of 21 ratings,$16
ACNB,$20.12,1440000605523,63,Not yet rated,NULL,N/A
ACTA,$13.51,1440000605555,"27,930",67% bearish,of 3 ratings,$25
ACPW,$1.889,1440000605584,"7,164",100% bullish,of 4 ratings,$3.50
ACTS,$1.4,1440000605617,"11,604",100% bearish,of 1 rating,N/A
ACOR,$30.671,1440000605659,"47,110",67% bearish,of 3 ratings,$38.50
ACUR,$0.6301,1440000605719,"36,702",100% bullish,of 5 ratings,$1
ATVI,$28.96,1440000605748,"874,200",68% bullish,of 84 ratings,$31.50
ACXM,$20.6876,1440000605789,"126,817",67% bullish,of 3 ratings,N/A
ADMS,$20.28,1440000605991,"20,491",100% bearish,of 2 ratings,$36
ADAP,$15.41,1440000606121,"16,117",67% bullish,of 3 ratings,$22
ADMP,$3.6101,1440000606224,"6,515",50% bullish,of 2 ratings,$10
ADUS,$30.26,1440000606251,"16,282",100% bearish,of 1 rating,$31
ADEP,$7.26,1440000606278,"7,253",50% bullish,of 2 ratings,$10.75
AEY,$2.35,1440000606319,"10,999",100% bearish,of 2 ratings,N/A
ADMA,$9.5,1440000606345,"1,200",Not yet rated,NULL,$19
ADBE,$85.755,1440000606428,"280,773",65% bullish,of 17 ratings,$90
ADTN,$15.76,1440000606494,"120,625",67% bullish,of 3 ratings,$17.125
ADRO,$20.76,1440000606528,"65,680",80% bullish,of 5 ratings,$45.50
AMD,$1.77,1440000606624,"1,702,478",83% bullish,of 102 ratings,$2
AEIS,$25.64,1440000606662,"23,269",50% bullish,of 2 ratings,$32.50
ADXS,$15.09,1440000606684,"227,167",64% bullish,of 14 ratings,$27
ADXSW,$10.7,1440000606758,"13,039",100% bullish,of 1 rating,N/A
MULT,NULL,1440000606817,0,100% bearish,of 1 rating,N/A
YPRO,$23.05,1440000606961,"19,217",100% bearish,of 1 rating,N/A
AEGR,$17.999,1440000607015,"81,492",50% bullish,of 6 ratings,$26
AEPI,$56.98,1440000607147,"2,139",100% bearish,of 1 rating,N/A
AEHR,$2.235,1440000607226,612,50% bullish,of 2 ratings,N/A
AERI,$16.2,1440000607252,"115,809",75% bullish,of 4 ratings,$31.50
AEZS,$0.1067,1440000607286,"6,214,843",90% bullish,of 21 ratings,$1.50
AEGN,$18.78,1440000607315,"56,414",100% bearish,of 1 rating,$21
AMTX,$3.3,1440000607340,"4,400",50% bullish,of 2 ratings,$26.11
AVAV,$25.4,1440000607386,"36,856",50% bullish,of 4 ratings,$31
AFMD,$10.79,1440000607447,"105,036",50% bullish,of 4 ratings,$15
AEMD,$6.88,1440000607516,"16,241",Not yet rated,NULL,$27.50
AGEN,$7.4,1440000607718,"165,016",85% bullish,of 13 ratings,$14
AGRX,$8.52,1440000607747,"8,399",100% bearish,of 1 rating,$18
AFFX,$9.75,1440000607768,"34,914",80% bullish,of 5 ratings,$12
AGIO,$94.18,1440000607899,"84,958",88% bullish,of 8 ratings,$114
AGFSW,$2.19,1440000607927,"3,535",100% bearish,of 2 ratings,N/A
AGYS,$9.45,1440000607949,"2,122",100% bearish,of 1 rating,N/A
AGFS,$9.97,1440000607978,"126,322",100% bearish,of 1 rating,N/A
AIRT,$22.99,1440000608113,100,100% bullish,of 1 rating,N/A
AIMT,$24.05,1440000608142,"22,109",Not yet rated,NULL,N/A
AIRM,$39.03,1440000608169,"54,514",80% bearish,of 5 ratings,$53
ATSG,$9.515,1440000608307,"35,924",67% bullish,of 3 ratings,$13
AKAM,$72.62,1440000608336,"148,901",63% bullish,of 8 ratings,$77
AMCN,$5.05,1440000608358,"122,923",83% bullish,of 6 ratings,N/A
AIXG,$6.11,1440000608380,"7,313",67% bearish,of 3 ratings,$6
AKBA,$6.57,1440000608512,"72,476",100% bearish,of 1 rating,$18
AKER,$2.81,1440000608560,"39,045",Not yet rated,NULL,N/A
AKRX,$43.35,1440000608644,"126,970",78% bullish,of 9 ratings,$56
ALRM,$17.31,1440000608693,"11,394",100% bearish,of 1 rating,$22
AMRI,$20.25,1440000608738,"29,896",75% bearish,of 4 ratings,$24
ABDC,$12.84,1440000608824,"3,664",Not yet rated,NULL,$15
ALSK,$2.15,1440000608874,"41,136",78% bullish,of 18 ratings,$2
ADHD,$8.7801,1440000609009,"113,352",50% bullish,of 4 ratings,$18
ALXN,$184.54,1440000609038,"248,769",88% bullish,of 8 ratings,$223
ALDR,$36.76,1440000609063,"83,471",67% bearish,of 3 ratings,$62
ALCO,$42.315,1440000609100,"3,880",50% bullish,of 2 ratings,N/A
ALDX,$7.718,1440000609126,"7,096",100% bearish,of 1 rating,$14.50
ALXA,$1.161,1440000609201,"3,940",83% bullish,of 6 ratings,$2.125
ALKS,$65.7,1440000609365,"138,398",67% bullish,of 3 ratings,$75
ALGN,$59.66,1440000609395,"151,863",100% bearish,of 2 ratings,$73
ALIM,$3.61,1440000609495,"26,347",80% bullish,of 5 ratings,$10
ALGT,$228.45,1440000609567,"45,175",100% bearish,of 1 rating,$235
ALLB,$23.74,1440000609594,"1,782",Not yet rated,NULL,N/A
AFOP,$18.57,1440000609628,"27,849",75% bullish,of 8 ratings,$21
AIQ,$14.76,1440000609733,"2,354",67% bullish,of 3 ratings,N/A
AHGP,$35.71,1440000609761,"20,176",67% bullish,of 3 ratings,N/A
ARLP,$24.44,1440000609890,"33,581",67% bearish,of 3 ratings,$32
AHPI,$1.45,1440000609920,200,50% bullish,of 2 ratings,N/A
ALQA,$4.58,1440000609981,"8,836",75% bullish,of 4 ratings,$8.50
ALLT,$5.06,1440000610018,"29,157",75% bullish,of 4 ratings,$6.25
AMOT,$16.78,1440000610048,"32,309",100% bearish,of 1 rating,N/A
MDRX,$13.915,1440000610114,"443,457",60% bullish,of 5 ratings,$16
AFAM,$48.55,1440000610203,"10,252",50% bullish,of 2 ratings,$44
ALNY,$108.45,1440000610245,"95,627",67% bullish,of 3 ratings,$148.50
SMCP,$23.83,1440000610470,250,Not yet rated,NULL,N/A
AOSL,$7.16,1440000610519,"41,873",67% bullish,of 3 ratings,$9
ATEC,$0.621,1440000610554,"6,500",100% bullish,of 1 rating,$2
ASPS,$29.86,1440000610581,"24,430",67% bullish,of 3 ratings,$46.50
AMAG,$63.4,1440000610647,"127,789",100% bullish,of 2 ratings,$77.50
ALTR,$48.74,1440000610672,"462,413",80% bearish,of 5 ratings,$54
AIMC,$25.82,1440000610899,"15,991",100% bearish,of 1 rating,$28.50
AMRN,$2.1699,1440000610926,"285,037",85% bullish,of 39 ratings,$8
AMZN,$530.44,1440000610957,"372,445",81% bullish,of 263 ratings,$646
AYA,$22.245,1440000610987,"11,386",100% bearish,of 1 rating,$40
AMBC,$15.93,1440000611023,"51,014",100% bearish,of 1 rating,$16.50
AMBA,$102.81,1440000611053,"655,041",83% bullish,of 12 ratings,$102.50
AMBCW,NULL,1440000611123,0,100% bearish,of 1 rating,N/A
AMRK,$10.62,1440000611153,700,50% bullish,of 2 ratings,$14
EPAX,$2.68,1440000611343,"16,052",100% bearish,of 1 rating,N/A
AMDA,$0.4898,1440000611567,"505,981",90% bullish,of 10 ratings,$1
AMCX,$72.855,1440000611592,"191,423",67% bullish,of 3 ratings,$85.50
AMED,$44.25,1440000611625,"56,200",100% bearish,of 1 rating,$42
DOX,$59.96,1440000611651,"77,737",100% bullish,of 2 ratings,$60
ASBI,NULL,1440000611727,0,Not yet rated,NULL,N/A
ATAX,$5.31,1440000611785,"32,962",100% bullish,of 1 rating,$6.50
UHAL,$381.25,1440000611929,"6,910",100% bullish,of 2 ratings,$393.50
AGNCB,$24.113,1440000611958,"4,919",Not yet rated,NULL,N/A
AGNC,$19.77,1440000612062,"635,474",71% bullish,of 28 ratings,$22
MTGEP,$24.51,1440000612274,300,Not yet rated,NULL,N/A
ACSF,$12.7309,1440000612363,"7,452",100% bearish,of 1 rating,$15
AGNCP,$25.3547,1440000612388,"2,000",Not yet rated,NULL,N/A
AMOV,$18.55,1440000612415,210,100% bearish,of 1 rating,N/A
AAL,$43.75,1440000612441,"2,138,318",93% bullish,of 87 ratings,$57
MTGE,$15.88,1440000612463,"81,392",75% bullish,of 4 ratings,$19.50
ACAS,$14.13,1440000612684,"441,427",60% bullish,of 5 ratings,$16.75
AMNB,$23.2,1440000613213,"1,243",Not yet rated,NULL,$25.50
AMIC,NULL,1440000613241,0,Not yet rated,NULL,N/A
ANCI,NULL,1440000613269,0,100% bearish,of 1 rating,N/A
ANAT,$102.95,1440000613299,"4,717",100% bullish,of 1 rating,N/A
AETI,$3.77,1440000613320,68,67% bearish,of 3 ratings,N/A
APEI,$21.95,1440000613350,"25,649",100% bearish,of 1 rating,$25.50
ASEI,$38.73,1440000613674,"12,045",100% bearish,of 1 rating,$52.50
AMRB,$10.03,1440000613765,400,Not yet rated,NULL,$11
AMSWA,$9.405,1440000613806,"14,855",100% bearish,of 2 ratings,$10.75
AMSC,$3.92,1440000613832,"19,284",50% bullish,of 4 ratings,N/A
ARII,$39.75,1440000613854,"66,081",67% bearish,of 3 ratings,$45
AMWD,$66.14,1440000613889,"27,107",50% bullish,of 2 ratings,$58
ABCB,$28.25,1440000613987,"12,522",Not yet rated,NULL,$31
CRMT,$44.04,1440000614019,"5,683",100% bearish,of 1 rating,$49
ASRV,$3.27,1440000614203,"5,344",100% bullish,of 2 ratings,N/A
ASRVP,NULL,1440000614229,0,Not yet rated,NULL,N/A
AMSF,$50.38,1440000614256,"19,358",Not yet rated,NULL,$57.50
ATLO,$24.05,1440000614277,"1,048",Not yet rated,NULL,N/A
AMGN,$165.19,1440000614439,"653,376",89% bullish,of 19 ratings,$185
FOLD,$16.065,1440000614511,"156,553",56% bullish,of 9 ratings,$21
AMPH,$14.215,1440000614610,"52,432",50% bullish,of 2 ratings,$20
AMKR,$4.32,1440000614640,"294,507",100% bearish,of 2 ratings,$5
AMSG,$83,1440000614737,"98,551",100% bearish,of 1 rating,$85.50
AMSGP,$158.101,1440000614799,100,Not yet rated,NULL,N/A
AFSI,$63.92,1440000615059,"111,419",60% bullish,of 5 ratings,$72
ANAC,$129.4999,1440000615085,"158,098",80% bullish,of 5 ratings,$180.50
ASYS,$5.6,1440000615116,"18,700",67% bullish,of 3 ratings,$12
ANAD,$0.3501,1440000615151,"146,524",100% bullish,of 2 ratings,$.50
ADI,$57.98,1440000615173,"3,252,835",67% bullish,of 3 ratings,$68
ALOG,$82.38,1440000615217,"7,961",100% bearish,of 2 ratings,$100.50
AMRS,$1.61,1440000615251,"23,878",70% bullish,of 10 ratings,N/A
ANCB,$22.36,1440000615350,301,Not yet rated,NULL,$23
AMCF,$0.259,1440000615582,410,100% bullish,of 7 ratings,N/A
ANGI,$4.355,1440000615610,"218,726",64% bullish,of 11 ratings,$5.50
ANGO,$14.7545,1440000615641,"10,116",67% bullish,of 3 ratings,$19
ABCW,$40.75,1440000615669,"1,139",67% bullish,of 3 ratings,N/A
ANIP,$54.21,1440000615745,"26,930",89% bullish,of 19 ratings,$66
ANSS,$95.97,1440000615910,"87,419",100% bearish,of 1 rating,$100
ATRS,$1.859,1440000615931,"153,006",92% bullish,of 12 ratings,$4.50
ANIK,$35.5101,1440000616010,"40,245",60% bullish,of 5 ratings,$51.25
ATNY,$2.31,1440000616068,54,50% bullish,of 2 ratings,$3.75
ANTH,$8.8,1440000616097,"239,524",80% bullish,of 10 ratings,$13
ABAC,$0.87,1440000616145,"8,217",100% bearish,of 1 rating,N/A
APIC,$7.29,1440000616227,"41,480",100% bearish,of 1 rating,$19
APOG,$53.85,1440000616278,"45,900",100% bullish,of 1 rating,$62
APOL,$11.55,1440000616443,"272,115",87% bearish,of 68 ratings,$14
AINV,$6.61,1440000616531,"484,961",50% bullish,of 4 ratings,$8
APPF,$18.21,1440000616604,"45,006",50% bullish,of 2 ratings,$22
ARCI,$1.2501,1440000616630,360,Not yet rated,NULL,N/A
APDN,$3.28,1440000616658,"13,365",Not yet rated,NULL,$9
AAPL,$114.97,1440000616712,"11,648,386",86% bullish,of 2334 ratings,$150
AGTC,$15.575,1440000616790,"23,869",50% bullish,of 2 ratings,$33
AMCC,$5.57,1440000616921,"154,794",80% bullish,of 5 ratings,$8
APDNW,NULL,1440000616946,0,Not yet rated,NULL,N/A
AMAT,$16.3,1440000616972,"2,958,822",82% bullish,of 11 ratings,$23
AREX,$2.477,1440000617114,"141,638",100% bearish,of 1 rating,$3
AAOI,$21.57,1440000617148,"100,798",50% bullish,of 4 ratings,$26
APRI,$1.25,1440000617170,"82,423",83% bullish,of 6 ratings,$4.86
APTO,$5.1387,1440000617202,226,Not yet rated,NULL,$17
AQMS,$5.2,1440000617335,"7,290",Not yet rated,NULL,N/A
AQXP,$18.222,1440000617439,"279,832",50% bullish,of 2 ratings,$2
AUMA,NULL,1440000617565,0,Not yet rated,NULL,N/A
PETX,$17.13,1440000617630,"52,000",100% bearish,of 2 ratings,$26
AUMAU,NULL,1440000617656,0,Not yet rated,NULL,N/A
ARDM,$7.4,1440000617691,930,100% bullish,of 1 rating,$26
ARCW,$3.66,1440000617788,"1,586",100% bearish,of 2 ratings,$10.50
ABUS,$7.765,1440000617816,"170,976",86% bullish,of 14 ratings,$23
RKDA,$5.815,1440000617859,"6,968",100% bearish,of 2 ratings,$10
ARCB,$31.735,1440000617916,"48,805",50% bullish,of 2 ratings,$39.50
AUMAW,NULL,1440000618024,0,Not yet rated,NULL,N/A
ABIO,$0.9,1440000618086,"65,111",50% bullish,of 2 ratings,$3.75
ACGL,$73.225,1440000618112,"41,566",50% bullish,of 2 ratings,$72
ARDX,$18.03,1440000618246,"44,979",50% bullish,of 2 ratings,$24.50
ARNA,$3.075,1440000618294,"1,344,642",90% bullish,of 77 ratings,$5.50
ACAT,$28.98,1440000618350,"67,354",100% bearish,of 3 ratings,$33
ARGS,$4.7399,1440000618483,"7,653",50% bullish,of 2 ratings,$19.50
ARCC,$15.87,1440000618509,"236,264",67% bearish,of 3 ratings,$17.875
ARIA,$7.12,1440000618641,"530,897",87% bullish,of 46 ratings,$9
AGIIL,$25.29,1440000618669,"3,417",Not yet rated,NULL,N/A
ARIS,NULL,1440000618700,0,Not yet rated,NULL,$4.50
ARTX,$1.5624,1440000618797,"100,712",88% bullish,of 16 ratings,$4.50
ARKR,NULL,1440000618831,0,50% bullish,of 2 ratings,N/A
ARMH,$42.09,1440000618870,"228,785",54% bearish,of 13 ratings,$61
AGII,$59,1440000618900,"51,195",Not yet rated,NULL,$59.50
ARWA,NULL,1440000618931,0,Not yet rated,NULL,N/A
ARWAR,NULL,1440000619145,0,Not yet rated,NULL,N/A
ARWAU,$10.13,1440000619171,"1,800",100% bullish,of 1 rating,N/A
ARWAW,NULL,1440000619308,0,Not yet rated,NULL,N/A
ARRY,$5.6099,1440000619439,"265,786",100% bullish,of 7 ratings,$10
ARRS,$27.68,1440000619469,"708,185",50% bullish,of 2 ratings,$38
ARQL,$1.69,1440000619498,"30,819",75% bullish,of 4 ratings,$5
ARWR,$5.585,1440000619524,"298,540",75% bullish,of 4 ratings,$10.50
AROW,$27.19,1440000619570,"4,571",Not yet rated,NULL,N/A
ARTW,NULL,1440000619595,0,75% bearish,of 4 ratings,N/A
DWAT,NULL,1440000619664,0,100% bearish,of 1 rating,N/A
ARTNA,$22.46,1440000619794,355,100% bearish,of 1 rating,$29
ASCMA,$28.244,1440000619855,"28,465",100% bearish,of 1 rating,$45
ASND,$17.95,1440000619884,"19,268",100% bullish,of 1 rating,$30
ASBB,$23.45,1440000619912,"1,200",Not yet rated,NULL,N/A
ASNA,$11.69,1440000620043,"878,313",50% bullish,of 2 ratings,$18
ASTI,$0.1443,1440000620075,"745,832",83% bullish,of 6 ratings,$3
APWC,$1.99,1440000620330,500,100% bearish,of 1 rating,N/A
ASMI,$37.9,1440000620359,200,50% bullish,of 2 ratings,N/A
ASML,$90.48,1440000620404,"328,590",67% bullish,of 3 ratings,$127
ASTE,$36.71,1440000620434,"16,912",100% bearish,of 1 rating,$48
AZPN,$39.24,1440000620467,"304,371",50% bullish,of 2 ratings,$42
ASMB,$13.09,1440000620545,"29,804",67% bullish,of 3 ratings,N/A
ASFI,$9.01,1440000620577,"2,338",100% bullish,of 1 rating,N/A
ASTC,$2.3575,1440000620679,"10,008",100% bullish,of 5 ratings,N/A
ATRO,$55.34,1440000620738,"48,167",100% bearish,of 2 ratings,$80
ALOT,$14.02,1440000620765,452,100% bearish,of 1 rating,N/A
ASUR,$5.99,1440000620900,"9,250",Not yet rated,NULL,$8
ATAI,$2.92,1440000620931,"15,694",100% bearish,of 1 rating,N/A
ATRA,$47.75,1440000621003,"26,541",50% bullish,of 2 ratings,$68
ATHN,$138.24,1440000621029,"42,112",67% bearish,of 3 ratings,$153
AFCB,NULL,1440000621160,0,Not yet rated,NULL,N/A
ATHX,$1.2001,1440000621192,"38,008",89% bullish,of 9 ratings,$5
AAPC,NULL,1440000621289,0,Not yet rated,NULL,N/A
AFH,$17.05,1440000621450,"12,052",Not yet rated,NULL,$21.50
ATLC,$3.95,1440000621482,"1,016",67% bullish,of 3 ratings,N/A
ACFC,$6.38,1440000621515,"22,438",Not yet rated,NULL,$6.50
ATNI,$73.66,1440000621537,"16,058",100% bearish,of 1 rating,$69.50
AAME,NULL,1440000621578,0,Not yet rated,NULL,N/A
AAWW,$44.28,1440000621609,"146,059",50% bullish,of 2 ratings,$65
ATOS,$0.91,1440000621683,"6,180",100% bullish,of 7 ratings,$7
ATRC,$27.12,1440000621714,"28,536",100% bullish,of 1 rating,$30
ATML,$7.625,1440000621793,"1,663,245",78% bullish,of 9 ratings,$9.50
ATRM,NULL,1440000621986,0,50% bullish,of 2 ratings,N/A
ATRI,$395.88,1440000622016,257,Not yet rated,NULL,N/A
AUBN,$27.19,1440000622112,100,Not yet rated,NULL,N/A
LIFE,$14.41,1440000622143,"28,345",86% bullish,of 7 ratings,$43
ATTU,$15.05,1440000622170,"18,582",100% bearish,of 1 rating,$20.50
AUDC,$3.33,1440000622196,"40,438",80% bullish,of 5 ratings,$5
AUPH,$3.39,1440000622224,"12,668",100% bearish,of 1 rating,$8
ADSK,$53.93,1440000622406,"189,221",83% bullish,of 6 ratings,$69.50
ADAT,$0.114,1440000622466,"1,466",100% bullish,of 2 ratings,N/A
EARS,$4.98,1440000622498,"9,004",100% bearish,of 2 ratings,$12
AVGO,$119.705,1440000622535,"510,087",88% bullish,of 8 ratings,$160
ABTL,$18.83,1440000622567,"14,503",100% bullish,of 4 ratings,$20.25
ADP,$84.28,1440000622599,"438,173",100% bearish,of 1 rating,$88
AAVL,$10.73,1440000622670,"219,386",100% bearish,of 1 rating,$20
AVEO,$1.4797,1440000622873,"1,126,399",75% bullish,of 8 ratings,$3
AVNU,$12.73,1440000622903,"2,350",Not yet rated,NULL,$14
AVID,$8.3,1440000622967,"93,922",100% bearish,of 1 rating,$20
AVGR,$15.3,1440000622999,"1,229",100% bearish,of 1 rating,$20
AVNW,$1.125,1440000623032,"8,906",50% bullish,of 2 ratings,$2.20
ACLS,$3.19,1440000623069,"176,274",67% bullish,of 6 ratings,$4.75
CAR,$46.08,1440000623224,"473,244",80% bullish,of 5 ratings,$60
AWRE,$3.24,1440000623257,"2,202",67% bullish,of 3 ratings,N/A
AXPW,$1.22,1440000623355,"54,601",83% bullish,of 6 ratings,N/A
AXPWW,NULL,1440000623420,0,Not yet rated,NULL,N/A
AXTI,$2.16,1440000623522,"8,318",50% bullish,of 2 ratings,$2.75
RILY,NULL,1440000623549,0,Not yet rated,NULL,N/A
BCOM,$19.52,1440000623576,8,100% bearish,of 1 rating,N/A
AXGN,$3.91,1440000623601,"19,614",Not yet rated,NULL,$5
BOSC,$2.26,1440000623788,"1,710",50% bullish,of 2 ratings,N/A
BIDU,$161.45,1440000623819,"1,431,981",81% bullish,of 88 ratings,$215
BEAV,$51.0052,1440000623845,"166,384",67% bearish,of 3 ratings,$59
BWINA,$23.22,1440000624000,500,Not yet rated,NULL,N/A
BCPC,$59.69,1440000624066,"16,817",100% bearish,of 1 rating,$75
BWINB,$23.1,1440000624096,"2,200",Not yet rated,NULL,N/A
BLDP,$1.335,1440000624135,"53,325",91% bullish,of 22 ratings,$2.50
BANF,$62.95,1440000624161,"2,941",Not yet rated,NULL,$68
BANFP,$27.2,1440000624300,100,Not yet rated,NULL,N/A
BKMU,$7.24,1440000624374,"82,658",Not yet rated,NULL,$8
BMRC,$48.68,1440000624506,"1,062",Not yet rated,NULL,$52
BOCH,$5.78,1440000624546,"1,000",Not yet rated,NULL,$6.50
BKSC,NULL,1440000624567,0,Not yet rated,NULL,N/A
OZRK,$43,1440000624638,"96,952",67% bullish,of 3 ratings,$49.50
BFIN,$12.065,1440000624689,"2,214",Not yet rated,NULL,$13
BOTJ,$11.2,1440000624711,147,Not yet rated,NULL,N/A
BZUN,$7.4076,1440000624957,"421,124",50% bullish,of 2 ratings,$13.85
BWFG,NULL,1440000625014,0,100% bearish,of 1 rating,N/A
BHACR,NULL,1440000625047,0,Not yet rated,NULL,N/A
BHAC,NULL,1440000625074,0,Not yet rated,NULL,N/A
TAPR,$31.0801,1440000625101,"1,605",100% bearish,of 1 rating,N/A
BANR,$46.86,1440000625123,"8,275",100% bullish,of 3 ratings,$50
BHACU,NULL,1440000625154,0,Not yet rated,NULL,N/A
BBSI,$35.39,1440000625351,"30,711",67% bearish,of 3 ratings,$62.50
BV,$5.25,1440000625493,"78,857",67% bullish,of 6 ratings,$9
BSET,$31.39,1440000625526,"28,000",100% bearish,of 1 rating,$35
BHACW,NULL,1440000625552,0,Not yet rated,NULL,N/A
BYLK,$12.9401,1440000625601,846,Not yet rated,NULL,$14
BYBK,$5.05,1440000625626,10,100% bearish,of 1 rating,N/A
BBCN,$15.53,1440000625758,"30,678",100% bearish,of 1 rating,$16
BCBP,$11.71,1440000625795,200,Not yet rated,NULL,N/A
BDCV,$4.96,1440000625897,3,100% bearish,of 1 rating,$10.19
BECN,$35.81,1440000625938,"41,837",50% bullish,of 2 ratings,$40
BEBE,$1.81,1440000625968,"38,192",75% bullish,of 4 ratings,$3.075
BSF,$9.1,1440000626068,"1,467",Not yet rated,NULL,N/A
BBBY,$63.35,1440000626105,"208,090",71% bullish,of 7 ratings,$75
BBGI,$4.6,1440000626130,916,100% bearish,of 1 rating,N/A
BELFA,NULL,1440000626319,0,100% bearish,of 1 rating,N/A
BELFB,$19.765,1440000626345,"12,642",100% bearish,of 1 rating,N/A
BLPH,$5.9155,1440000626371,"38,839",100% bearish,of 1 rating,$12.50
BLCM,$19.02,1440000626536,"62,828",50% bullish,of 4 ratings,$40
BNFT,$38.6,1440000626567,"32,062",67% bullish,of 3 ratings,$46
BGMD,$0.8421,1440000626594,"97,754",100% bullish,of 10 ratings,N/A
BNTC,$8.06,1440000626616,"43,706",100% bullish,of 1 rating,N/A
BNCL,$12.99,1440000626649,"51,256",100% bullish,of 3 ratings,$12.50
BGFV,$11.21,1440000626749,"27,546",57% bullish,of 7 ratings,$12
BIND,$4.47,1440000626965,"10,161",67% bullish,of 3 ratings,$13.50
ORPN,$5.58,1440000626994,"22,003",100% bullish,of 1 rating,$28.50
BGCP,$9.425,1440000627024,"233,702",88% bullish,of 8 ratings,$14
BASI,NULL,1440000627128,0,Not yet rated,NULL,N/A
BCRX,$11.6,1440000627153,"123,089",63% bullish,of 8 ratings,$18
BIOC,$2.17,1440000627179,"886,817",83% bullish,of 6 ratings,$3.70
BCDA,NULL,1440000627207,0,Not yet rated,NULL,N/A
BDSI,$6.59,1440000627373,"268,692",88% bullish,of 8 ratings,$17
BIOD,$0.6931,1440000627450,"49,925",80% bullish,of 5 ratings,$4
BIOL,$1.54,1440000627506,"17,842",Not yet rated,NULL,N/A
BLFS,$2.19,1440000627548,"34,859",100% bearish,of 1 rating,$4.75
BLRX,$1.5171,1440000627576,"34,986",100% bullish,of 12 ratings,$5
BMRN,$134.34,1440000627641,"121,458",80% bullish,of 5 ratings,$160
BIIB,$314.1,1440000627675,"415,178",88% bullish,of 16 ratings,$400
BVXV,$4.05,1440000627772,"1,300",Not yet rated,NULL,N/A
BVXVW,NULL,1440000627902,0,100% bearish,of 1 rating,N/A
BBP,$33.56,1440000628126,"15,801",Not yet rated,NULL,N/A
BRLI,$34.3,1440000628161,"102,409",83% bullish,of 6 ratings,N/A
BIOS,$1.625,1440000628222,"338,311",71% bullish,of 7 ratings,$4
BSTC,$50.48,1440000628251,"86,224",100% bearish,of 1 rating,$76
BPTH,$1.1,1440000628280,"45,811",100% bullish,of 2 ratings,$5
BSPM,$0.6905,1440000628303,"4,950",50% bullish,of 2 ratings,N/A
BBC,$31.8,1440000628334,"10,870",Not yet rated,NULL,N/A
BOTA,$2.2411,1440000628463,"19,908",88% bullish,of 8 ratings,N/A
BEAT,$12.47,1440000628554,"42,971",67% bearish,of 3 ratings,$15
TECH,$105.38,1440000628648,"26,964",100% bullish,of 1 rating,$117
BDMS,NULL,1440000628675,0,100% bearish,of 1 rating,N/A
BITI,$19.215,1440000628701,"8,408",100% bullish,of 1 rating,$28
BJRI,$46.75,1440000628727,"45,069",50% bullish,of 2 ratings,$55
BBOX,$15.345,1440000628862,"12,773",100% bearish,of 1 rating,N/A
BBRY,$7.35,1440000629030,"1,390,267",61% bullish,of 330 ratings,$9
BDE,$7.52,1440000629059,"32,152",50% bullish,of 2 ratings,$9
BLKB,$61.18,1440000629080,"36,808",100% bearish,of 2 ratings,$66
ADRA,$28.5,1440000629117,100,Not yet rated,NULL,N/A
HAWK,$44.08,1440000629139,"54,845",90% bullish,of 10 ratings,$49
BKCC,$9.28,1440000629223,"106,791",100% bullish,of 2 ratings,$10
ADRE,$30.7,1440000629281,"2,937",Not yet rated,NULL,N/A
ADRD,$23.165,1440000629359,600,100% bearish,of 1 rating,N/A
BCOR,$13.55,1440000629495,"32,952",57% bullish,of 7 ratings,$15
ADRU,$22.8314,1440000629521,883,100% bearish,of 1 rating,N/A
BLMN,$21.47,1440000629573,"184,383",83% bullish,of 6 ratings,$27.50
BUFF,$27.81,1440000629653,"168,418",83% bullish,of 12 ratings,$31.50
BLBD,$12.915,1440000629737,"3,335",Not yet rated,NULL,N/A
BBLU,$0.8505,1440000629871,"21,707",100% bullish,of 2 ratings,$4.43
BHBK,$14.35,1440000629902,"9,177",100% bullish,of 1 rating,$14.50
NILE,$34.64,1440000629923,"32,140",50% bullish,of 2 ratings,$34
BLUE,$124.8138,1440000629957,"174,260",86% bullish,of 7 ratings,$217.50
BKEPP,NULL,1440000630067,0,100% bearish,of 1 rating,N/A
BNCN,$21.85,1440000630150,"3,729",Not yet rated,NULL,$23
BKEP,$6.9601,1440000630178,"5,051",100% bearish,of 1 rating,$8.50
BPMC,$27.02,1440000630350,"11,219",50% bullish,of 2 ratings,$47.50
BOBE,$45.8,1440000630425,"17,568",75% bullish,of 4 ratings,$57
BOFI,$131.17,1440000630483,"27,863",100% bullish,of 6 ratings,$144
WIFI,$8.71,1440000630554,"123,475",50% bullish,of 2 ratings,$13.50
BOJA,$21.83,1440000630584,"118,663",100% bullish,of 1 rating,$30
BOKF,$65.13,1440000630651,"33,254",100% bearish,of 1 rating,$71
BONA,$12.07,1440000630681,"36,851",75% bullish,of 4 ratings,$8.50
BAMM,$3.2001,1440000630920,"3,113",60% bullish,of 5 ratings,N/A
BNSO,$1.5144,1440000630953,"28,279",100% bearish,of 1 rating,N/A
EPAY,$26.25,1440000630985,"19,456",100% bearish,of 2 ratings,$30
BPFHP,$25.3,1440000631017,"1,400",100% bearish,of 1 rating,N/A
BPFHW,$5.6,1440000631045,"1,310",100% bearish,of 1 rating,N/A
BDBD,$8.645,1440000631080,"150,008",60% bullish,of 5 ratings,$10
BPFH,$12.51,1440000631108,"53,436",100% bearish,of 1 rating,$14
BCLI,$3.2105,1440000631175,"67,556",80% bullish,of 5 ratings,$12
BBRG,$12.97,1440000631416,"14,656",67% bullish,of 3 ratings,$14.50
BBEP,$2.3399,1440000631441,"972,062",69% bullish,of 13 ratings,$5.625
BDGE,$27.91,1440000631515,"7,173",Not yet rated,NULL,$31.75
BRCM,$50.48,1440000631669,"655,465",75% bullish,of 12 ratings,$56
BLIN,$1.3301,1440000631700,"8,000",50% bullish,of 2 ratings,$2.20
BRID,$8.8,1440000631721,200,100% bearish,of 1 rating,N/A
BCOV,$5.32,1440000631744,"18,799",67% bullish,of 3 ratings,$10.20
BBEPP,$13.6564,1440000631781,"13,945",100% bearish,of 1 rating,N/A
BSFT,$32.91,1440000631890,"16,194",57% bullish,of 7 ratings,$40.50
BWEN,$3.5,1440000631925,"35,387",100% bullish,of 3 ratings,$8
BYFC,NULL,1440000632024,0,50% bullish,of 2 ratings,N/A
BRCD,$10.005,1440000632051,"1,004,193",92% bullish,of 13 ratings,$12.50
BVSN,$6,1440000632077,"14,602",60% bearish,of 5 ratings,N/A
BRKL,$10.92,1440000632127,"70,855",100% bearish,of 1 rating,$10.75
BRKS,$10.45,1440000632221,"49,514",67% bullish,of 3 ratings,$15.25
BMTC,$29.6,1440000632523,"4,213",Not yet rated,NULL,$34
BLMT,$21.15,1440000632550,"1,202",Not yet rated,NULL,N/A
BWLD,$198.43,1440000632581,"136,281",82% bullish,of 11 ratings,$205
BRKR,$19.81,1440000632603,"107,857",100% bearish,of 2 ratings,$22
BSQR,$6.745,1440000632738,"25,296",67% bullish,of 3 ratings,N/A
BUR,$1.98,1440000632766,"1,200",100% bearish,of 1 rating,$8
CFFI,NULL,1440000632788,0,100% bearish,of 1 rating,N/A
BLDR,$15.14,1440000632817,"478,034",50% bullish,of 2 ratings,$22
CHRW,$70.58,1440000632984,"397,375",Not yet rated,NULL,$72
CA,$29.41,1440000633019,"410,665",50% bullish,of 4 ratings,$33
CCMP,$44.545,1440000633067,"12,118",50% bullish,of 2 ratings,$59
CDNS,$21.625,1440000633129,"447,667",75% bullish,of 4 ratings,$22.50
CSTE,$43.25,1440000633231,"1,276,853",100% bearish,of 1 rating,$65
CDZI,$7.45,1440000633258,"49,100",100% bearish,of 1 rating,N/A
CACQ,$7.09,1440000633288,"11,244",100% bearish,of 1 rating,$12.25
CZR,$6.965,1440000633397,"311,781",60% bearish,of 5 ratings,$10.50
CHY,$11.9,1440000633535,"80,094",Not yet rated,NULL,N/A
PRSS,$4.64,1440000633568,"3,600",80% bullish,of 5 ratings,$4.50
CLBS,$1.37,1440000633638,"41,323",79% bullish,of 14 ratings,$4
CLMS,$11.9,1440000633664,"21,942",Not yet rated,NULL,$10.50
CHI,$11.071,1440000633707,"110,859",100% bearish,of 1 rating,N/A
CHW,$7.98,1440000633851,"61,476",100% bearish,of 1 rating,N/A
CFGE,NULL,1440000633879,0,Not yet rated,NULL,N/A
CCD,$21.05,1440000633950,"53,243",Not yet rated,NULL,N/A
CAMP,$16.19,1440000634057,"99,445",86% bullish,of 7 ratings,$25
CGO,$12.68,1440000634082,"12,196",100% bearish,of 1 rating,N/A
CSQ,$10.413,1440000634109,"105,704",Not yet rated,NULL,N/A
CVGW,$54.678,1440000634244,"42,606",50% bullish,of 2 ratings,$58.50
CFNB,$13.38,1440000634269,2,100% bearish,of 1 rating,N/A
CALA,$5.22,1440000634314,"108,028",100% bullish,of 3 ratings,$19.50
CLMT,$26.07,1440000634444,"103,704",75% bullish,of 8 ratings,$31
CALM,$50.26,1440000634470,"213,616",80% bullish,of 5 ratings,$65
CALD,$15.96,1440000634494,"17,560",100% bearish,of 1 rating,$20.50
ABCD,$4.705,1440000634524,"20,355",83% bullish,of 6 ratings,N/A
CAMB,NULL,1440000634706,0,Not yet rated,NULL,N/A
CAMBW,NULL,1440000634750,0,Not yet rated,NULL,N/A
CAMBU,NULL,1440000634777,0,100% bearish,of 1 rating,N/A
CGIX,$10.25,1440000634909,"12,514",67% bullish,of 3 ratings,$14.375
CSIQ,$20.025,1440000634937,"6,747,533",86% bullish,of 28 ratings,$45
CAC,$40.04,1440000634958,"4,500",Not yet rated,NULL,N/A
CAMT,$2.98,1440000634980,"6,060",73% bullish,of 11 ratings,$4
CPHC,NULL,1440000635176,0,100% bearish,of 1 rating,N/A
CBNJ,$10.91,1440000635240,"1,772",100% bullish,of 1 rating,N/A
CPLA,$49.03,1440000635277,"23,711",50% bullish,of 2 ratings,$65
CBF,$30.4,1440000635341,"9,376",Not yet rated,NULL,$32
CPLP,$7.02,1440000635370,"73,427",71% bullish,of 7 ratings,$11
CCBG,$15.07,1440000635399,"1,700",Not yet rated,NULL,$17.25
CFFN,$12.17,1440000635423,"67,382",Not yet rated,NULL,$12.75
CPTA,$14.8,1440000635577,"13,130",Not yet rated,NULL,$18.50
CSWC,$48.79,1440000635609,"2,725",Not yet rated,NULL,N/A
CAPN,$2.44,1440000635714,"95,585",100% bullish,of 1 rating,$10.85
CAPR,$4.0501,1440000635850,"13,204",Not yet rated,NULL,$12
CAPNW,NULL,1440000635894,0,Not yet rated,NULL,N/A
CARA,$21.27,1440000635920,"40,774",50% bullish,of 4 ratings,$27.50
CPST,$0.3876,1440000635951,"162,168",95% bullish,of 22 ratings,$1
CRME,$9.59,1440000636094,"13,263",89% bullish,of 9 ratings,$11.25
CARB,$11.69,1440000636124,"29,402",75% bullish,of 4 ratings,$12
CRDC,$0.4,1440000636146,"26,901",100% bullish,of 1 rating,$1.25
CBYL,$6.42,1440000636186,"21,831",100% bearish,of 1 rating,$20
CSII,$24.02,1440000636281,"64,557",100% bearish,of 2 ratings,$42.125
CFNL,$23.265,1440000636302,"7,994",Not yet rated,NULL,$24
CATM,$34.89,1440000636436,"75,671",100% bearish,of 1 rating,$44
CDNA,$6.36,1440000636462,100,100% bearish,of 1 rating,$9
CECO,$3.67,1440000636664,"106,625",67% bearish,of 3 ratings,$6
CTRE,$11.6,1440000636689,"47,146",50% bullish,of 2 ratings,N/A
CKEC,$23.26,1440000636727,"30,562",50% bullish,of 2 ratings,$35.915
CLBH,$12.76,1440000636819,"2,130",Not yet rated,NULL,$16.50
CART,$5.4501,1440000636847,900,100% bearish,of 1 rating,N/A
TAST,$12.85,1440000636882,"42,313",Not yet rated,NULL,$14.25
CRZO,$33.93,1440000636904,"213,089",67% bearish,of 3 ratings,$57
CARO,$15.5,1440000636985,"1,400",100% bearish,of 1 rating,$19
CARV,$6.15,1440000637136,"1,041",50% bullish,of 2 ratings,N/A
CASM,$1.16,1440000637202,"29,473",100% bullish,of 1 rating,$3.50
CRTN,NULL,1440000637227,0,100% bearish,of 1 rating,N/A
CACB,$5.55,1440000637383,"10,993",Not yet rated,NULL,$5.50
CSCD,$14.01,1440000637510,"85,394",100% bullish,of 2 ratings,$17
CASY,$107,1440000637573,"65,873",50% bullish,of 2 ratings,$99.50
CWST,$6.42,1440000637609,"17,244",50% bullish,of 2 ratings,$7
CASI,$1.49,1440000637635,"2,675",100% bullish,of 1 rating,$3.50
CPRX,$3.85,1440000637668,"256,389",71% bullish,of 7 ratings,$7
CATB,$11.85,1440000637723,"17,281",100% bearish,of 1 rating,$28
CASS,$50.11,1440000637750,"8,198",100% bearish,of 1 rating,N/A
CATY,$31.65,1440000637942,"54,719",100% bearish,of 1 rating,$33.50
CVCO,$73.66,1440000637997,"2,190",100% bearish,of 1 rating,N/A
CATYW,NULL,1440000638126,0,100% bearish,of 1 rating,N/A
CAVM,$71.42,1440000638151,"59,669",67% bearish,of 3 ratings,$72
CBFV,$20.04,1440000638178,100,Not yet rated,NULL,N/A
CNLM,NULL,1440000638207,0,Not yet rated,NULL,N/A
CNLMR,NULL,1440000638309,0,Not yet rated,NULL,N/A
CNLMU,NULL,1440000638347,0,100% bullish,of 1 rating,N/A
CBOE,$63.49,1440000638477,"95,667",Not yet rated,NULL,$60
CNLMW,NULL,1440000638546,0,Not yet rated,NULL,N/A
CPXX,$2.1242,1440000638616,"33,087",100% bullish,of 2 ratings,$7
CDW,$39.18,1440000638648,"104,981",75% bullish,of 4 ratings,$44
CECE,$10.03,1440000638675,"36,183",50% bullish,of 2 ratings,$16
CDK,$49,1440000638720,"120,443",67% bearish,of 3 ratings,$50
CELGZ,$1.85,1440000638810,"11,300",80% bullish,of 5 ratings,N/A
CELG,$128.255,1440000638837,"740,255",92% bullish,of 13 ratings,$155.50
CLDX,$15.15,1440000639062,"685,891",89% bullish,of 9 ratings,$36
CLDN,$1.06,1440000639110,"24,602",71% bullish,of 7 ratings,$3
CLRB,$3.11,1440000639148,100,100% bearish,of 1 rating,N/A
CLSN,$2.09,1440000639247,"77,991",80% bullish,of 10 ratings,$7.50
CLRBW,NULL,1440000639275,0,Not yet rated,NULL,N/A
CLLS,$32.12,1440000639307,"15,476",75% bullish,of 4 ratings,$51.50
CBMG,$23,1440000639335,"24,445",50% bullish,of 2 ratings,N/A
CLTX,$1.745,1440000639410,"1,105,649",100% bullish,of 2 ratings,N/A
CYAD,$54.98,1440000639469,"2,688",100% bullish,of 1 rating,$87.50
CEMP,$38.6477,1440000639512,"559,706",71% bullish,of 7 ratings,$48.50
CETX,$2.56,1440000639661,"2,400",Not yet rated,NULL,$5.60
CSFL,$14.18,1440000639688,"17,180",Not yet rated,NULL,$15
CFBK,NULL,1440000639819,0,Not yet rated,NULL,N/A
CETV,$2.1,1440000639845,"42,930",67% bullish,of 3 ratings,$2.80
CENTA,$12.87,1440000639976,"51,403",Not yet rated,NULL,N/A
CENT,$12.15,1440000640006,"14,468",Not yet rated,NULL,$10
CVCY,NULL,1440000640032,0,Not yet rated,NULL,$12
CENX,$5.065,1440000640107,"573,155",67% bullish,of 6 ratings,$9
CNBKA,$41.2,1440000640190,118,100% bullish,of 1 rating,N/A
CRNT,$1.474,1440000640239,"117,220",50% bullish,of 2 ratings,$2
CNTY,$6.37,1440000640266,"7,624",80% bullish,of 5 ratings,$7.75
CERE,$1.354,1440000640419,"421,751",88% bullish,of 8 ratings,N/A
CERN,$65.1,1440000640463,"605,143",67% bullish,of 3 ratings,$79
CPHD,$50.21,1440000640489,"61,635",50% bullish,of 2 ratings,$66.50
CERU,$3.43,1440000640515,"3,464",75% bullish,of 4 ratings,$15
CERS,$5.03,1440000640644,"191,892",75% bullish,of 4 ratings,$7
KOOL,$0.7199,1440000640736,"4,860",100% bullish,of 5 ratings,$7
CEVA,$19.12,1440000640772,"12,898",100% bearish,of 1 rating,$25
CYOU,$19.89,1440000640869,"125,378",50% bullish,of 6 ratings,$24
CTHR,$1.23,1440000640899,"6,317",50% bullish,of 2 ratings,$2.50
GTLS,$23.88,1440000640944,"60,604",50% bullish,of 4 ratings,$40
HOTR,$1.34,1440000640975,"236,387",100% bullish,of 2 ratings,$5
HOTRW,$0.33,1440000641030,700,Not yet rated,NULL,N/A
CHTR,$187.35,1440000641058,"341,313",100% bearish,of 2 ratings,$196
CHFN,$12.57,1440000641225,"1,002",Not yet rated,NULL,$14
CHEK,$2.99,1440000641370,"3,309",Not yet rated,NULL,$7.75
CHKP,$81.33,1440000641405,"98,316",50% bullish,of 4 ratings,$92
CCXI,$6.78,1440000641503,"14,854",67% bullish,of 3 ratings,$14
CEMI,$4.3646,1440000641534,"22,132",50% bullish,of 2 ratings,$7.50
CHEKW,NULL,1440000641562,0,Not yet rated,NULL,N/A
CHMG,$26.5,1440000641589,100,Not yet rated,NULL,$30
CHFC,$32.72,1440000641635,"8,880",100% bearish,of 1 rating,$36
CHKE,$26.86,1440000641804,"6,617",100% bearish,of 1 rating,$32.50
CHEV,$14.82,1440000641846,"1,150",Not yet rated,NULL,N/A
CBNK,$16.57,1440000641890,100,100% bearish,of 1 rating,N/A
CHMA,$26.07,1440000641927,"82,231",Not yet rated,NULL,$40
PLCE,$61.53,1440000641961,"85,033",100% bearish,of 1 rating,$71
CMRX,$50.84,1440000641983,"46,037",50% bullish,of 2 ratings,$57
CADC,NULL,1440000642018,0,78% bullish,of 9 ratings,N/A
CALI,$1.0501,1440000642255,"7,245",67% bullish,of 3 ratings,N/A
CAAS,$6.6199,1440000642400,"14,291",93% bullish,of 14 ratings,$11.50
JRJC,$4.37,1440000642460,"32,957",82% bullish,of 11 ratings,N/A
CBAK,$2.215,1440000642542,"31,964",67% bullish,of 9 ratings,N/A
CBPO,$110.28,1440000642573,"91,189",75% bullish,of 8 ratings,$140.50
HGSH,$2.0099,1440000642603,600,67% bullish,of 3 ratings,N/A
CCCR,$0.68,1440000642630,"6,066",67% bearish,of 3 ratings,N/A
CCCL,$0.94,1440000642674,"6,438",100% bullish,of 6 ratings,N/A
CHOP,$1.37,1440000642700,"1,504",50% bullish,of 2 ratings,N/A
CHLN,$2.05,1440000642861,"43,379",67% bullish,of 3 ratings,N/A
CNIT,$1.72,1440000642898,"111,900",67% bullish,of 6 ratings,N/A
CJJD,$2.0201,1440000643000,"10,083",100% bullish,of 1 rating,N/A
CHNR,NULL,1440000643021,0,100% bearish,of 1 rating,N/A
HTHT,$26.42,1440000643056,"54,005",50% bullish,of 2 ratings,$28
CREG,$0.7804,1440000643097,"1,400",100% bullish,of 3 ratings,N/A
CPGI,NULL,1440000643154,0,Not yet rated,NULL,N/A
CSUN,$1.47,1440000643352,"12,585",80% bullish,of 5 ratings,N/A
CXDC,$6.2299,1440000643404,"5,087",67% bullish,of 3 ratings,N/A
CNTF,$0.9348,1440000643442,"43,150",Not yet rated,NULL,N/A
CNYD,NULL,1440000643474,0,67% bullish,of 3 ratings,N/A
CCIH,$9.64,1440000643509,"12,877",67% bullish,of 6 ratings,$12.65
CNET,$0.8768,1440000643531,"87,708",50% bullish,of 2 ratings,N/A
CHSCM,$26.26,1440000643569,"15,297",Not yet rated,NULL,N/A
IMOS,$15.46,1440000643615,"43,907",60% bullish,of 5 ratings,$21.50
CHSCL,$27.02,1440000643744,"11,759",Not yet rated,NULL,N/A
CHSCN,$27.3,1440000643913,"4,306",Not yet rated,NULL,N/A
CHSCO,$28.41,1440000643945,"1,619",Not yet rated,NULL,N/A
CHSCP,$30.6476,1440000644051,678,Not yet rated,NULL,N/A
CIFC,$7.21,1440000644286,30,Not yet rated,NULL,N/A
CMCT,NULL,1440000644320,0,100% bearish,of 1 rating,N/A
CHUY,$32.35,1440000644342,"22,114",50% bullish,of 2 ratings,$34
CHDN,$136.05,1440000644375,"8,842",Not yet rated,NULL,$165
CDTX,$14.37,1440000644401,"15,603",Not yet rated,NULL,$22
CMPR,$70.3,1440000644438,"96,144",50% bullish,of 2 ratings,$72.50
CINF,$56.295,1440000644459,"64,313",50% bullish,of 4 ratings,$50.50
CTAS,$87.41,1440000644538,"77,193",100% bearish,of 1 rating,$91
CIDM,$0.68,1440000644734,"61,915",50% bullish,of 2 ratings,$2.10
CPHR,$6.727,1440000644760,"4,898",100% bearish,of 1 rating,$16
CSCO,$27.8,1440000644786,"6,709,977",84% bullish,of 208 ratings,$32
CRUS,$28.865,1440000644845,"290,917",75% bullish,of 12 ratings,$44.50
CTRN,$25.51,1440000645016,"84,870",100% bearish,of 1 rating,$29.50
CZNC,$20,1440000645048,"3,624",Not yet rated,NULL,N/A
CZFC,$12.7501,1440000645111,500,Not yet rated,NULL,N/A
CTXS,$77.54,1440000645139,"166,224",86% bullish,of 7 ratings,$80
CZWI,$9.1,1440000645166,335,Not yet rated,NULL,N/A
CIZN,$20.35,1440000645201,"3,030",Not yet rated,NULL,N/A
CIVB,$10.31,1440000645298,834,Not yet rated,NULL,$11
CHCO,$47.62,1440000645329,"5,198",Not yet rated,NULL,$46
CIVBP,NULL,1440000645426,0,Not yet rated,NULL,N/A
CDTI,$1.73,1440000645524,"41,221",75% bullish,of 4 ratings,$3.20
CLNT,$1.999,1440000645562,"1,700",75% bullish,of 8 ratings,N/A
CLNE,$4.29,1440000645627,"604,975",80% bullish,of 15 ratings,$9
CLFD,$17.65,1440000645852,"59,043",67% bullish,of 3 ratings,$18
CLIR,$5.295,1440000645879,"29,644",100% bullish,of 3 ratings,N/A
CSBK,$13.87,1440000645947,"7,550",Not yet rated,NULL,N/A
CLRO,$11.86,1440000646011,"4,500",50% bullish,of 2 ratings,$14.25
CCNE,$17.3,1440000646039,"3,553",50% bullish,of 2 ratings,$21.50
CME,$97.15,1440000646069,"373,861",67% bullish,of 3 ratings,$102
CBLI,$3.7,1440000646098,"8,496",60% bullish,of 5 ratings,N/A
CMFN,$11.35,1440000646195,"9,769",100% bearish,of 1 rating,$15.50
CLVS,$76.46,1440000646240,"79,385",60% bullish,of 5 ratings,$101.50
CISG,$8.51,1440000646324,"70,020",100% bullish,of 5 ratings,$10
CWAY,NULL,1440000646454,0,Not yet rated,NULL,N/A
CNV,$4.72,1440000646483,"7,204",50% bullish,of 2 ratings,$7.15
COBZ,$12.97,1440000646504,"3,764",100% bullish,of 1 rating,$14
COKE,$161.79,1440000646641,"11,609",79% bullish,of 19 ratings,N/A
CDXS,$3.99,1440000646667,"11,250",64% bullish,of 11 ratings,$6
CDRB,$12.45,1440000646693,"1,081",67% bullish,of 3 ratings,N/A
CVLY,$20.55,1440000646746,"3,538",Not yet rated,NULL,N/A
JVA,$4.7111,1440000646826,"14,488",83% bullish,of 6 ratings,$7
CCOI,$28.67,1440000646921,"85,709",50% bullish,of 4 ratings,$35
CGNX,$36.89,1440000646952,"136,548",50% bullish,of 2 ratings,$47
CGNT,$1.63,1440000646987,"18,551",100% bullish,of 2 ratings,$2
CTSH,$66.985,1440000647083,"422,365",90% bullish,of 10 ratings,$74.50
COHR,$57.08,1440000647108,"36,278",50% bullish,of 2 ratings,$72
CHRS,$30.54,1440000647261,"26,281",67% bearish,of 3 ratings,$37
COHU,$9.62,1440000647391,"89,253",100% bearish,of 1 rating,$14.25
CLRX,$0.474,1440000647417,"94,016",50% bullish,of 2 ratings,N/A
CLCT,$19.28,1440000647557,"6,241",100% bearish,of 1 rating,N/A
CIGI,$45.98,1440000647586,"5,122",100% bearish,of 1 rating,$52
CBAN,$9.14,1440000647640,100,Not yet rated,NULL,N/A
CLCD,$7.65,1440000647793,"8,608",100% bearish,of 1 rating,$20.50
COLM,$66,1440000647815,"59,341",100% bearish,of 1 rating,$71
COLB,$33.27,1440000647854,"31,328",Not yet rated,NULL,$36
CMCO,$20.75,1440000647890,"9,800",60% bullish,of 5 ratings,$28
COLL,$14.7,1440000647946,"26,473",100% bearish,of 1 rating,$26
CBMX,$1.2499,1440000648097,"1,735",83% bullish,of 6 ratings,$3.15
CMCSK,$60.48,1440000648232,"1,194,154",Not yet rated,NULL,$84
CMCSA,$60.1599,1440000648262,"5,008,573",66% bullish,of 35 ratings,$69.50
CBSHP,$25.22,1440000648363,"7,128",100% bearish,of 1 rating,N/A
CBSH,$47.195,1440000648410,"54,777",50% bullish,of 2 ratings,$46
CVGI,$4.52,1440000648500,"33,101",50% bullish,of 2 ratings,$6
CSAL,$22.25,1440000648554,"138,933",75% bullish,of 4 ratings,$30
CUBN,$14.0001,1440000648601,"4,543",Not yet rated,NULL,N/A
COMM,$31.35,1440000648634,"308,242",67% bearish,of 3 ratings,$35
JCS,$9.41,1440000648697,"4,436",67% bullish,of 3 ratings,N/A
ESXB,$5.1,1440000648737,"13,740",Not yet rated,NULL,N/A
CYHHZ,$0.0115,1440000648763,"2,246",100% bullish,of 1 rating,N/A
CTBI,$35.18,1440000648899,"10,028",Not yet rated,NULL,$36
CWBC,$6.73,1440000648997,"1,468",Not yet rated,NULL,N/A
COB,$10.55,1440000649036,"3,401",100% bullish,of 1 rating,$11.75
CVLT,$36.98,1440000649082,"48,088",75% bullish,of 4 ratings,$44.50
CIZ,NULL,1440000649225,0,100% bearish,of 1 rating,N/A
CIL,NULL,1440000649287,0,Not yet rated,NULL,N/A
CSA,NULL,1440000649313,0,Not yet rated,NULL,N/A
CID,NULL,1440000649333,0,Not yet rated,NULL,N/A
CSF,$38.2,1440000649477,650,100% bearish,of 1 rating,N/A
CDC,$36.2999,1440000649505,"11,223",Not yet rated,NULL,N/A
CFA,NULL,1440000649534,0,100% bearish,of 1 rating,N/A
CFO,$37.319,1440000649802,"6,895",100% bearish,of 1 rating,N/A
CSB,NULL,1440000649829,0,Not yet rated,NULL,N/A
CDL,NULL,1440000649908,0,Not yet rated,NULL,N/A
CPSI,$45.77,1440000649959,"11,572",100% bearish,of 1 rating,$45.50
CGEN,$5.6,1440000649984,"38,357",50% bullish,of 2 ratings,$11
CTG,$6.82,1440000650042,"6,252",100% bearish,of 1 rating,$8.50
SCOR,$63.11,1440000650184,"48,059",100% bearish,of 1 rating,$66
CMTL,$27.44,1440000650210,"7,941",100% bearish,of 2 ratings,$37
CHCI,$0.598,1440000650388,15,50% bullish,of 2 ratings,N/A
CNAT,$4.362,1440000650417,"32,705",83% bullish,of 6 ratings,$13
CNCE,$16.2,1440000650452,"45,654",75% bullish,of 4 ratings,$22
CCUR,$5.14,1440000650482,"4,398",75% bullish,of 4 ratings,N/A
CNSI,$19.32,1440000650508,"37,444",100% bearish,of 2 ratings,$29
CXRX,$78.0385,1440000650547,702,Not yet rated,NULL,$90
CDOR,$1.4,1440000650654,"3,007",100% bullish,of 1 rating,N/A
CDORO,$18.34,1440000650678,6,100% bearish,of 1 rating,N/A
CNMD,$56.26,1440000650972,"19,875",Not yet rated,NULL,$59
CDORP,NULL,1440000651074,0,100% bearish,of 1 rating,N/A
CNOB,$20.29,1440000651104,"10,763",100% bullish,of 1 rating,$23.50
CFMS,$22.36,1440000651133,"88,952",Not yet rated,NULL,$27
CNFR,$10.2037,1440000651155,"6,775",Not yet rated,NULL,N/A
CNXR,$6.571,1440000651176,"9,554",100% bearish,of 1 rating,$12
CTWS,$34.6,1440000651217,"5,019",100% bearish,of 1 rating,$44
CONN,$32.83,1440000651307,"51,476",67% bullish,of 3 ratings,$48.50
CNSL,$20.09,1440000651482,"21,792",100% bearish,of 1 rating,$23
CTCT,$24.25,1440000651516,"59,720",67% bullish,of 3 ratings,$37
CFRX,$5.51,1440000651564,"24,596",Not yet rated,NULL,$14
CWCO,$11.55,1440000651589,"19,661",67% bullish,of 3 ratings,$14.50
CPSS,$5.72,1440000651615,"13,908",100% bullish,of 1 rating,$10
CFRXW,$2.01,1440000651746,18,100% bearish,of 1 rating,N/A
CTRV,$4.3,1440000651887,"1,947",Not yet rated,NULL,$6.40
CTRL,$8.07,1440000651942,"40,280",50% bullish,of 2 ratings,$11
CPRT,$35.93,1440000651978,"44,365",67% bearish,of 3 ratings,$40
CORT,$5.11,1440000652013,"96,334",67% bullish,of 3 ratings,$12
CFRXZ,$0.741,1440000652074,"16,302",Not yet rated,NULL,N/A
CRBP,$2.85,1440000652102,"17,930,378",100% bullish,of 2 ratings,$6.25
BVA,NULL,1440000652128,0,50% bullish,of 2 ratings,N/A
CORE,$63.67,1440000652348,"24,604",100% bearish,of 1 rating,$72
CRVL,$32.54,1440000652480,"1,636",100% bearish,of 1 rating,N/A
CORI,$11.27,1440000652516,"7,278",100% bearish,of 1 rating,$18
CSOD,$37.6,1440000652538,"55,499",50% bullish,of 2 ratings,$42
COSI,$1.1383,1440000652611,"40,907",100% bullish,of 1 rating,N/A
CSGP,$190.475,1440000652637,"22,029",50% bullish,of 2 ratings,$235
COST,$144.12,1440000652667,"343,173",83% bullish,of 24 ratings,$154.50
ICBK,$18.43,1440000652693,1,Not yet rated,NULL,$21
CPAH,$0.4899,1440000652889,"1,925",50% bullish,of 2 ratings,N/A
COVS,$2.78,1440000652933,"18,387",67% bullish,of 3 ratings,N/A
CVTI,$24.8,1440000652963,"32,452",67% bearish,of 3 ratings,$39
COWNL,$26.75,1440000653019,"3,128",Not yet rated,NULL,N/A
COWN,$5.42,1440000653066,"213,981",75% bullish,of 4 ratings,$7
CRAI,$22.31,1440000653200,"14,236",Not yet rated,NULL,$36
CBRL,$150.0699,1440000653282,"46,498",50% bullish,of 2 ratings,$155
CACC,$196.01,1440000653463,"29,522",50% bullish,of 2 ratings,$158.50
BREW,$8.05,1440000653495,"11,266",67% bullish,of 6 ratings,$15
CPSH,$2.4001,1440000653516,"3,000",Not yet rated,NULL,N/A
CRAY,$22.33,1440000653547,"33,560",83% bullish,of 6 ratings,$38.50
GLDI,$11.02,1440000653569,"45,780",100% bearish,of 1 rating,N/A
SLVO,$10.3513,1440000653606,"1,296",100% bearish,of 1 rating,N/A
CREE,$26.73,1440000653703,"290,101",65% bullish,of 17 ratings,$28.50
CRESY,$11.23,1440000653763,"2,798",100% bearish,of 1 rating,$19
CROX,$14.56,1440000653932,"144,825",63% bullish,of 8 ratings,$16.50
CRTO,$47.25,1440000653958,"96,103",67% bullish,of 6 ratings,$64
CCRN,$15.1,1440000653988,"101,547",100% bearish,of 1 rating,$14.25
CRDS,$1.05,1440000654088,"34,224",50% bullish,of 4 ratings,$4.50
CRWS,$8.1001,1440000654147,450,Not yet rated,NULL,$10
CYRXW,$0.9199,1440000654277,"4,550",Not yet rated,NULL,N/A
CYRX,$2.95,1440000654307,"16,881",Not yet rated,NULL,$9
CRWN,$4.785,1440000654365,"25,001",75% bullish,of 4 ratings,N/A
CCLP,$13.88,1440000654405,"48,793",67% bearish,of 3 ratings,$21
CSGS,$31.81,1440000654440,"16,167",Not yet rated,NULL,$40
CTIC,$1.74,1440000654540,"290,979",84% bullish,of 76 ratings,$5.75
CTCM,$1.76,1440000654574,"49,692",80% bearish,of 5 ratings,$3.90
CSPI,$6.23,1440000654595,"1,204",67% bullish,of 3 ratings,N/A
CTIB,$3.54,1440000654724,"1,200",100% bearish,of 1 rating,N/A
CTRP,$68.16,1440000654867,"486,339",75% bullish,of 8 ratings,$92
CPIX,$5.95,1440000655024,"3,271",Not yet rated,NULL,N/A
CMLS,$1.265,1440000655051,"112,960",50% bullish,of 4 ratings,$6
CUTR,$14.72,1440000655072,"5,256",67% bearish,of 3 ratings,$18
CUNB,$22.095,1440000655109,"1,968",Not yet rated,NULL,$24.50
CUI,$5.28,1440000655210,"10,152",50% bullish,of 2 ratings,$10
CRIS,$2.67,1440000655237,"49,716",100% bullish,of 8 ratings,$6
CVV,$11.85,1440000655375,"6,280",100% bullish,of 5 ratings,N/A
CYBR,$59.577,1440000655408,"654,087",86% bullish,of 7 ratings,$66
CVBF,$17.37,1440000655437,"73,965",Not yet rated,NULL,$18
CYBX,$59.96,1440000655566,"56,896",50% bullish,of 4 ratings,$70
CYAN,NULL,1440000655600,0,100% bearish,of 1 rating,N/A
CYBE,$5.77,1440000655696,"6,193",100% bearish,of 1 rating,N/A
CYCC,$0.6035,1440000655746,"63,886",73% bullish,of 11 ratings,N/A
CYCCP,NULL,1440000655829,0,100% bearish,of 1 rating,N/A
CBAY,$2.735,1440000655878,"28,808",100% bullish,of 1 rating,$4
CYNA,$15.23,1440000655959,"7,464",100% bullish,of 1 rating,$33
CYNO,$33.62,1440000656121,"29,393",67% bearish,of 3 ratings,$45.50
CYRN,$1.72,1440000656142,"63,450",67% bullish,of 3 ratings,$4
CYTX,$0.395,1440000656217,"270,860",83% bullish,of 12 ratings,$5.50
CYTK,$6.49,1440000656242,"59,454",71% bullish,of 14 ratings,$13.50
CONE,$34.22,1440000656275,"286,813",67% bearish,of 3 ratings,$35
CTSO,$7.4616,1440000656304,"21,149",Not yet rated,NULL,$15.625
CY,$9.785,1440000656378,"1,921,555",80% bullish,of 10 ratings,$15.50
CYTR,$2.26,1440000656438,"134,687",67% bullish,of 6 ratings,$10
DAEG,$0.35,1440000656511,"3,000",100% bearish,of 1 rating,N/A
TVIZ,NULL,1440000656573,0,100% bearish,of 1 rating,N/A
TVIX,$5.98,1440000656642,"2,889,974",81% bullish,of 16 ratings,N/A
ZIV,$49.16,1440000656673,"15,027",Not yet rated,NULL,N/A
XIV,$46.415,1440000656774,"5,687,709",75% bearish,of 4 ratings,N/A
DJCO,$210.79,1440000656819,101,Not yet rated,NULL,N/A
DAKT,$11.669,1440000656955,"38,635",50% bullish,of 2 ratings,$14
DARA,$0.91,1440000656982,"65,965",83% bullish,of 6 ratings,$1.50
DTLK,$5.53,1440000657042,"46,638",100% bearish,of 1 rating,$9
DWCH,$5.48,1440000657069,"58,901",75% bullish,of 4 ratings,$8.25
DAIO,$2.69,1440000657110,486,Not yet rated,NULL,N/A
DRAM,$1.45,1440000657143,"5,469",78% bullish,of 9 ratings,N/A
DTEA,$12.45,1440000659013,"17,790",100% bearish,of 2 ratings,$24
PLAY,$34.74,1440000659115,"81,368",100% bullish,of 5 ratings,$42
DWSN,$4.94,1440000659174,"73,236",67% bullish,of 3 ratings,$6
DFRG,$15.13,1440000659247,"27,948",100% bearish,of 1 rating,$20
TRAK,$62.3901,1440000659277,"282,684",50% bullish,of 2 ratings,$62.50
DHRM,$1.83,1440000659299,500,Not yet rated,NULL,N/A
TACO,$13.41,1440000659333,"168,300",100% bullish,of 3 ratings,$20
DBVT,$42.29,1440000659379,"22,661",100% bearish,of 1 rating,$53
TACOW,$4.3,1440000659431,"38,741",100% bullish,of 1 rating,N/A
DCTH,$0.49,1440000659511,"128,471",78% bullish,of 9 ratings,N/A
DGAS,$20.21,1440000659645,104,67% bearish,of 3 ratings,N/A
DELT,$2.4452,1440000659675,100,Not yet rated,NULL,N/A
DENN,$12.325,1440000659709,"77,648",100% bullish,of 3 ratings,$15
XRAY,$56.49,1440000659730,"62,809",100% bullish,of 1 rating,$58
DELTW,NULL,1440000659809,0,Not yet rated,NULL,N/A
DEPO,$31.33,1440000659864,"83,387",80% bullish,of 5 ratings,$32
DSCI,$6.49,1440000660087,"11,313",50% bullish,of 2 ratings,$16
DXLG,$4.87,1440000660240,"9,378",100% bearish,of 1 rating,$8
DERM,$24.37,1440000660274,"126,998",100% bearish,of 1 rating,$33
DXCM,$94.89,1440000660297,"209,926",57% bullish,of 7 ratings,$98
DEST,$11.97,1440000660326,"16,848",50% bullish,of 2 ratings,N/A
DXM,$0.32,1440000660384,"43,673",50% bullish,of 2 ratings,N/A
DSWL,NULL,1440000660432,0,100% bullish,of 1 rating,N/A
DMND,$31.35,1440000660482,"19,174",75% bullish,of 12 ratings,$32
DHXM,$7.0796,1440000660508,"1,900",Not yet rated,NULL,N/A
FANG,$70.975,1440000660704,"213,356",50% bullish,of 2 ratings,$86
DRNA,$10.33,1440000660736,"50,594",67% bearish,of 3 ratings,$25
DGII,$10.03,1440000660805,"14,720",100% bearish,of 1 rating,$10
DHIL,$193.82,1440000660831,131,Not yet rated,NULL,N/A
DCIX,$1.8499,1440000660902,"4,928",50% bullish,of 4 ratings,$3.50
DRAD,$3.9899,1440000660974,"3,734",100% bullish,of 1 rating,$5.25
DMRC,$35.69,1440000661034,"23,328",100% bearish,of 1 rating,$44
DGLY,$7.41,1440000661110,"23,026",50% bullish,of 6 ratings,$20
APPS,$2.29,1440000661176,"23,517",100% bearish,of 1 rating,$10.25
DCOM,$17.09,1440000661208,"9,509",100% bearish,of 2 ratings,$16.50
DPRX,$13.26,1440000661240,"1,600",100% bullish,of 2 ratings,$27.75
DIOD,$19.62,1440000661272,"40,307",75% bearish,of 4 ratings,$24
DISCA,$28.661,1440000661340,"394,428",67% bullish,of 3 ratings,$34
DISCB,NULL,1440000661409,0,100% bearish,of 1 rating,$35
DISCK,$27.45,1440000661437,"586,089",100% bearish,of 1 rating,$40
DISH,$65.95,1440000661575,"156,030",69% bullish,of 13 ratings,$73
DSCO,$0.4699,1440000661607,"42,940",83% bullish,of 6 ratings,$2.75
DVCR,NULL,1440000661660,0,100% bullish,of 1 rating,N/A
BAGR,$3.04,1440000661770,"8,802",100% bearish,of 1 rating,$6
DLTR,$79.64,1440000661878,"450,559",82% bullish,of 11 ratings,$88
DLHC,$2.65,1440000661907,"4,491",100% bearish,of 1 rating,N/A
DGICB,$17.92,1440000662004,2,100% bearish,of 1 rating,N/A
HILL,$9.69,1440000662102,"18,748,413",60% bearish,of 5 ratings,$8
DRWI,$0.2845,1440000662134,"74,019",60% bullish,of 5 ratings,$.45
DMLP,$13.85,1440000662163,"25,721",100% bearish,of 1 rating,N/A
DGICA,$14.6,1440000662185,"1,992",100% bearish,of 1 rating,$17
DNBF,$27.132,1440000662219,"14,490",Not yet rated,NULL,$27.50
DRWIW,$0.0471,1440000662484,800,Not yet rated,NULL,N/A
DWA,$19.12,1440000662581,"119,470",63% bullish,of 8 ratings,$26
DORM,$50.91,1440000662607,"26,719",100% bearish,of 1 rating,$56
DRYS,$0.3401,1440000662633,"1,280,364",77% bullish,of 31 ratings,$.60
CADTU,NULL,1440000662797,0,Not yet rated,NULL,N/A
DSKX,$3.3275,1440000662822,"83,237",100% bullish,of 1 rating,N/A
DSPG,$8.77,1440000662851,"11,515",100% bearish,of 1 rating,$13.50
CADT,$10.02,1440000662883,4,Not yet rated,NULL,N/A
CADTR,NULL,1440000662904,0,Not yet rated,NULL,N/A
DNKN,$50.11,1440000662994,"798,082",67% bullish,of 15 ratings,$56.50
CADTW,NULL,1440000663029,0,Not yet rated,NULL,N/A
DRRX,$2.05,1440000663131,"88,003",50% bullish,of 6 ratings,$3
DXPE,$28.98,1440000663225,"21,666",50% bullish,of 2 ratings,N/A
BOOM,$10.2,1440000663255,"17,235",67% bullish,of 3 ratings,$12
DTSI,$27.07,1440000663293,"11,306",100% bearish,of 2 ratings,$39.50
DYAX,$22.741,1440000663361,"127,265",89% bullish,of 9 ratings,$30
DYSL,$1.4,1440000663562,"6,400",100% bullish,of 2 ratings,N/A
DYNT,$2.95,1440000663627,"2,600",75% bullish,of 4 ratings,N/A
ETFC,$27.56,1440000663697,"468,997",57% bullish,of 14 ratings,$33
EBMT,$11.53,1440000663728,9,Not yet rated,NULL,$13.50
DVAX,$29.09,1440000663755,"102,250",70% bullish,of 10 ratings,$40
EGRX,$68.12,1440000663786,"73,675",67% bullish,of 3 ratings,$97
EGBN,$44.61,1440000663810,"7,331",Not yet rated,NULL,$48
EGLE,$7.14,1440000663865,"2,596",60% bullish,of 5 ratings,N/A
EROC,$1.22,1440000663949,"392,538",50% bullish,of 2 ratings,$3
ELNK,$8.985,1440000664082,"181,398",80% bullish,of 5 ratings,$9.50
EWBC,$44.63,1440000664114,"242,995",100% bearish,of 1 rating,$50
EACQU,NULL,1440000664216,0,Not yet rated,NULL,N/A
EML,$17,1440000664247,"1,510",Not yet rated,NULL,N/A
EBAY,$27.37,1440000664347,"2,261,818",81% bullish,of 117 ratings,$48
EVBS,$6.4201,1440000664382,"3,500",Not yet rated,NULL,$7
ELON,$0.5582,1440000664408,"9,567",50% bullish,of 2 ratings,N/A
EBIX,$30.49,1440000664434,"73,853",69% bullish,of 13 ratings,$40
ECHO,$25.6,1440000664479,"48,354",67% bearish,of 3 ratings,$35.50
SATS,$46.09,1440000664614,"27,060",50% bullish,of 2 ratings,$60
ECTE,$1.48,1440000664668,"5,043",75% bullish,of 4 ratings,N/A
EEI,$11.3,1440000664761,"1,200",67% bearish,of 3 ratings,N/A
ESES,NULL,1440000664809,0,100% bearish,of 1 rating,$7
ECACU,NULL,1440000664889,0,Not yet rated,NULL,N/A
EDAP,$3.5699,1440000664918,"2,560",60% bullish,of 5 ratings,$4.50
EDGW,$7.02,1440000665024,702,100% bearish,of 1 rating,N/A
EDUC,$4.68,1440000665158,200,100% bearish,of 1 rating,N/A
EGAN,$3.53,1440000665191,"107,336",50% bullish,of 2 ratings,$6.25
EFUT,$4.3,1440000665219,"2,700",Not yet rated,NULL,N/A
EGLT,$12.14,1440000665251,"37,996",50% bullish,of 2 ratings,$21
LOCO,$13.43,1440000665285,"957,035",69% bullish,of 13 ratings,$20
ESLT,$81.1216,1440000665356,"4,122",100% bullish,of 2 ratings,N/A
EHTH,$14.49,1440000665384,"19,487",50% bullish,of 4 ratings,$16.50
EMITF,$1.278,1440000665543,825,75% bullish,of 4 ratings,N/A
ERI,$9.66,1440000665574,"17,311",100% bearish,of 1 rating,$10
ELRC,$10.27,1440000665708,"5,002",100% bearish,of 1 rating,N/A
ESIO,$4.525,1440000665734,"9,280",50% bullish,of 2 ratings,$10
EA,$71.61,1440000665787,"558,064",77% bullish,of 35 ratings,$80
ELSE,$4.1406,1440000665886,"3,265",60% bullish,of 5 ratings,N/A
EFII,$44.91,1440000665965,"42,570",80% bullish,of 5 ratings,$55
ELEC,NULL,1440000666018,0,Not yet rated,NULL,N/A
ELECU,$10.08,1440000666051,800,Not yet rated,NULL,N/A
ELECW,NULL,1440000666093,0,Not yet rated,NULL,N/A
EBIO,$4.0001,1440000666153,"282,752",100% bearish,of 2 ratings,$8.35
CAPX,NULL,1440000666178,0,Not yet rated,NULL,N/A
RDEN,$10.74,1440000666228,"41,196",100% bearish,of 4 ratings,$15
ESBK,NULL,1440000666367,0,Not yet rated,NULL,N/A
LONG,$17.12,1440000666517,"6,858",67% bullish,of 3 ratings,$15.75
EMCI,$23.7,1440000666813,"9,386",Not yet rated,NULL,N/A
EMKR,$7.23,1440000666841,"23,639",75% bullish,of 4 ratings,$8.50
ELTK,$1.1,1440000666900,"11,300",67% bearish,of 3 ratings,N/A
EMCF,NULL,1440000666927,0,100% bearish,of 1 rating,N/A
EMMS,$1.23,1440000666998,"6,900",67% bullish,of 6 ratings,N/A
EMMSP,NULL,1440000667024,0,100% bearish,of 1 rating,N/A
NYNY,$4.13,1440000667045,"11,942",50% bullish,of 2 ratings,N/A
ENTA,$39.83,1440000667200,"27,722",50% bullish,of 2 ratings,$42
ERS,NULL,1440000667273,0,Not yet rated,NULL,N/A
ECPG,$39.88,1440000667311,"39,150",100% bullish,of 2 ratings,$52
WIRE,$33.5,1440000667332,"32,021",100% bearish,of 1 rating,$37
ECYT,$5.25,1440000667406,"46,106",83% bullish,of 6 ratings,$12
ENDP,$83.8054,1440000667437,"213,842",50% bullish,of 6 ratings,$104
ELGX,$12.98,1440000667466,"88,437",75% bullish,of 4 ratings,$17
EIGI,$15.675,1440000667492,"198,738",67% bearish,of 3 ratings,$20
WATT,$6.93,1440000667703,"36,041",50% bullish,of 2 ratings,$13
EFOI,$16.805,1440000667801,"391,370",50% bullish,of 2 ratings,$17
EXXI,$1.66,1440000667935,"379,404",86% bullish,of 7 ratings,$3.50
ENOC,$8.38,1440000667965,"49,590",75% bullish,of 4 ratings,$18
ERII,$2.87,1440000667987,"30,390",80% bullish,of 5 ratings,$2.50
ENG,$1.04,1440000668008,"4,475",100% bullish,of 3 ratings,N/A
ESGR,$153.89,1440000668138,"3,285",100% bearish,of 1 rating,$185
ENPH,$4.865,1440000668171,"153,209",75% bullish,of 4 ratings,$11
ENFC,$18.28,1440000668193,"1,995",Not yet rated,NULL,N/A
ENTG,$14.35,1440000668271,"95,401",100% bearish,of 1 rating,$18
ENTL,$22.45,1440000668327,"5,196",Not yet rated,NULL,$28
EBTC,$20.64,1440000668360,38,Not yet rated,NULL,N/A
ETRM,$0.261,1440000668390,"162,798",69% bearish,of 35 ratings,$1.625
EFSC,$24.9,1440000668459,"6,523",Not yet rated,NULL,$27
EGT,$2.21,1440000668550,5,100% bullish,of 1 rating,N/A
ENVI,$1.7999,1440000668655,"1,000",67% bullish,of 3 ratings,N/A
ENZN,$1.07,1440000668809,"250,621",100% bullish,of 9 ratings,N/A
ENZY,$9.04,1440000668840,"14,467",67% bullish,of 3 ratings,$9.50
EPRS,$5.2,1440000668948,"61,420",82% bullish,of 11 ratings,$15
EQIX,$284.82,1440000668977,"85,485",67% bullish,of 3 ratings,$312.50
PLUS,$76,1440000668998,"14,040",50% bullish,of 2 ratings,$88
EPIQ,$14.04,1440000669032,"16,874",100% bearish,of 1 rating,$18
EPZM,$17.12,1440000669062,"61,335",60% bullish,of 5 ratings,$34
EQFN,NULL,1440000669083,0,Not yet rated,NULL,N/A
EAC,$3.7,1440000669254,"5,851",100% bearish,of 1 rating,$8
ERIC,$10.1,1440000669321,"744,071",63% bullish,of 8 ratings,$13.30
ERIE,$87.59,1440000669353,"2,262",Not yet rated,NULL,$73
ESCR,$0.2,1440000669454,"20,705",50% bullish,of 2 ratings,N/A
ESCA,$17.89,1440000669480,"2,825",100% bearish,of 1 rating,$22
ESCRP,NULL,1440000669557,0,100% bearish,of 1 rating,N/A
ESPR,$58.12,1440000669695,"1,157,232",67% bearish,of 9 ratings,$130
ESMC,$1.35,1440000669726,200,Not yet rated,NULL,N/A
ESSA,$12.97,1440000669748,"5,356",100% bearish,of 1 rating,N/A
EPIX,NULL,1440000669784,0,Not yet rated,NULL,N/A
ESND,$35.73,1440000669824,"13,812",100% bearish,of 1 rating,$40
ESSX,$0.5001,1440000669887,"48,200",50% bullish,of 2 ratings,N/A
ETSY,$15.08,1440000669917,"282,486",80% bullish,of 5 ratings,$16
CLWT,$2.45,1440000670055,518,100% bearish,of 1 rating,N/A
EEFT,$68.06,1440000670120,"22,147",100% bearish,of 1 rating,$67.50
ESEA,$6.219,1440000670150,250,100% bullish,of 1 rating,$15
EVEP,$8.14,1440000670253,"171,490",50% bullish,of 2 ratings,$15
EVK,$4.057,1440000670341,560,75% bearish,of 4 ratings,N/A
EVLV,$2.26,1440000670435,"42,386",60% bullish,of 5 ratings,$6.50
EVOK,$4.5168,1440000670522,"183,758",100% bearish,of 1 rating,$13.75
EXEL,$5.6,1440000670548,"1,017,956",81% bullish,of 16 ratings,$6
EVOL,$6.28,1440000670575,"8,668",75% bullish,of 4 ratings,$10
EXA,$10.72,1440000670724,"17,877",100% bearish,of 1 rating,$13
EXAS,$22.47,1440000670754,"305,165",78% bullish,of 9 ratings,$31
EXAC,$18.31,1440000670781,"6,762",100% bearish,of 1 rating,$22.50
EXFO,$2.76,1440000670811,869,67% bearish,of 3 ratings,$3.95
EXLS,$36.7,1440000670911,"29,335",100% bullish,of 1 rating,$41
EXPE,$122.5201,1440000670958,"133,038",64% bullish,of 11 ratings,$130
EXPD,$49.49,1440000671091,"250,516",80% bullish,of 5 ratings,$50.50
ESRX,$89.19,1440000671135,"865,306",67% bearish,of 6 ratings,$101
EXPO,$43.245,1440000671162,"6,115",100% bearish,of 1 rating,$45.50
EXTR,$2.91,1440000671237,"199,570",80% bullish,of 5 ratings,$3
EXLP,$20.28,1440000671294,"18,927",100% bearish,of 1 rating,$27
EYEG,$4.08,1440000671370,"27,598",Not yet rated,NULL,N/A
EZCH,$21.55,1440000671439,"41,644",75% bullish,of 8 ratings,$19.50
EYEGW,$1.2,1440000671470,33,Not yet rated,NULL,N/A
EZPW,$5.93,1440000671493,"158,059",50% bullish,of 4 ratings,$7.50
FFIV,$132.77,1440000671518,"82,617",71% bullish,of 7 ratings,$132
FCS,$13.95,1440000671682,"166,224",67% bearish,of 3 ratings,$17
FB,$94.43,1440000671708,"5,274,753",73% bullish,of 1065 ratings,$111
FALC,$1.67,1440000671838,"15,212",63% bearish,of 8 ratings,N/A
FRP,$17.25,1440000671885,"5,322",100% bearish,of 1 rating,$18
DAVE,$14.32,1440000671914,"15,648",100% bearish,of 1 rating,$15.50
FWM,$2.23,1440000671939,"70,576",100% bearish,of 2 ratings,$3.20
FFKT,$26.8,1440000672087,"2,799",Not yet rated,NULL,$29
FARM,$22.37,1440000672132,"5,156",100% bearish,of 1 rating,$35
FMNB,$8.03,1440000672160,"10,979",Not yet rated,NULL,N/A
FAST,$40.079,1440000672181,"229,367",80% bullish,of 5 ratings,$46
FARO,$40.06,1440000672235,"14,588",50% bullish,of 2 ratings,$48
FBSS,NULL,1440000672399,0,Not yet rated,NULL,N/A
FATE,$6.9399,1440000672428,"32,344",50% bullish,of 2 ratings,$11
FBRC,$23.39,1440000672531,"4,627",100% bearish,of 1 rating,$29
FDML,$9.4,1440000672597,"86,279",50% bullish,of 4 ratings,$14
FNHC,$23.01,1440000672818,"24,061",100% bearish,of 1 rating,$35
FHCO,$1.41,1440000672878,"21,491",50% bullish,of 4 ratings,N/A
FEIC,$80.56,1440000673010,"81,867",50% bullish,of 2 ratings,$95.50
FGEN,$24.99,1440000673036,"83,875",100% bearish,of 1 rating,$39
ONEQ,$196.69,1440000673209,"3,434",100% bullish,of 1 rating,N/A
FCSC,$6.01,1440000673236,"127,087",100% bearish,of 1 rating,$8.125
LION,$20.05,1440000673314,"8,413",100% bullish,of 1 rating,$20
FRGI,$54.158,1440000673342,"35,406",50% bullish,of 2 ratings,$70
FENX,$9.775,1440000673364,"8,761",100% bullish,of 1 rating,$14.25
FDUS,$14.963,1440000673397,"15,501",100% bullish,of 1 rating,$18
FSAM,$8.68,1440000673424,"2,058",100% bearish,of 1 rating,$11
FSC,$6.43,1440000673496,"170,875",75% bullish,of 4 ratings,$8
FSCFL,$25.26,1440000673682,"5,476",Not yet rated,NULL,N/A
FSFR,$9.07,1440000673754,"28,288",100% bearish,of 1 rating,$11.50
FITB,$21.02,1440000673814,"836,276",54% bullish,of 13 ratings,$22
FITBI,$27.73,1440000673959,"3,924",Not yet rated,NULL,N/A
FNGN,$35.71,1440000674102,"64,059",67% bullish,of 3 ratings,$47
FISI,$24.74,1440000674139,"8,332",100% bullish,of 2 ratings,$24.50
FNTC,NULL,1440000674169,0,Not yet rated,NULL,N/A
FNSR,$16.83,1440000674233,"181,111",71% bullish,of 7 ratings,$24.50
FNJN,$1.64,1440000674260,"34,187",100% bearish,of 1 rating,$5
FNTCU,NULL,1440000674289,0,Not yet rated,NULL,N/A
FEYE,$43.31,1440000674327,"1,065,761",87% bullish,of 15 ratings,$55.50
FBNC,$17.12,1440000674395,"7,032",100% bullish,of 1 rating,$20
FNLC,$18.75,1440000674598,"4,144",100% bullish,of 1 rating,N/A
FRBA,$6.013,1440000674625,"2,000",Not yet rated,NULL,$8
FNTCW,NULL,1440000674650,0,Not yet rated,NULL,N/A
FBIZ,$44.15,1440000674797,"3,724",100% bearish,of 2 ratings,$52
BUSE,$6.34,1440000674825,"11,803",Not yet rated,NULL,$6.875
FCAP,$26.7,1440000675037,"1,761",Not yet rated,NULL,N/A
FCNCA,$248.52,1440000675062,678,Not yet rated,NULL,N/A
FCVA,NULL,1440000675091,0,Not yet rated,NULL,N/A
FCLF,$9.2037,1440000675124,302,Not yet rated,NULL,N/A
FCBC,$17.79,1440000675228,"1,398",Not yet rated,NULL,$18
FCCO,$12,1440000675295,"11,507",Not yet rated,NULL,$13.25
FCFS,$38.21,1440000675330,"21,765",100% bearish,of 2 ratings,$48
FCFP,$6.9069,1440000675396,"1,000",Not yet rated,NULL,N/A
FBNK,$16.29,1440000675424,"4,653",100% bearish,of 1 rating,$17.50
FDEF,$37.46,1440000675460,"8,926",Not yet rated,NULL,$38
FFNM,NULL,1440000675490,0,Not yet rated,NULL,N/A
FFBCW,NULL,1440000675626,0,100% bearish,of 1 rating,N/A
FFBC,$19.32,1440000675664,"39,901",67% bearish,of 3 ratings,$20.25
FFNW,$12.5,1440000675855,"11,292",Not yet rated,NULL,$14
FFIN,$32.45,1440000675886,"23,584",50% bullish,of 2 ratings,$31.75
THFF,$33.84,1440000675909,"4,328",Not yet rated,NULL,$35
FFWM,$21.236,1440000675986,"6,618",Not yet rated,NULL,$24
INBK,$34.55,1440000676046,"3,525",50% bullish,of 2 ratings,$37
FRME,$25.99,1440000676074,"69,407",Not yet rated,NULL,$26.50
FIBK,$27.92,1440000676095,"13,256",Not yet rated,NULL,$32
FMBH,NULL,1440000676229,0,Not yet rated,NULL,N/A
FNFG,$9.68,1440000676262,"306,736",80% bullish,of 5 ratings,$9
FNBC,$35.46,1440000676288,"10,485",Not yet rated,NULL,$41.50
FMBI,$18.51,1440000676365,"55,212",Not yet rated,NULL,$20
FSFG,NULL,1440000676443,0,Not yet rated,NULL,N/A
FSGI,$2.5,1440000676469,"1,102",Not yet rated,NULL,N/A
FNWB,$12.2,1440000676515,"1,200",Not yet rated,NULL,N/A
FSBK,$7.77,1440000676719,100,100% bullish,of 1 rating,N/A
BICK,$20.23,1440000676854,266,100% bullish,of 1 rating,N/A
FSLR,$49.26,1440000676885,"790,245",74% bullish,of 39 ratings,$65
FTCS,$38.25,1440000676911,"6,248",Not yet rated,NULL,N/A
FBZ,NULL,1440000676938,0,Not yet rated,NULL,N/A
FCA,$21.5201,1440000676970,250,Not yet rated,NULL,N/A
FV,$24.5,1440000676992,"470,789",Not yet rated,NULL,N/A
FCAN,$25.01,1440000677078,"1,000",Not yet rated,NULL,N/A
IFV,$18.434,1440000677237,"156,231",100% bearish,of 1 rating,N/A
FTSM,$59.935,1440000677329,"2,536",100% bearish,of 1 rating,N/A
FEMB,NULL,1440000677368,0,Not yet rated,NULL,N/A
TDIV,$25.542,1440000677397,"29,169",100% bearish,of 1 rating,N/A
FEUZ,$32.05,1440000677423,"1,658",Not yet rated,NULL,N/A
MDIV,$19.725,1440000677557,"66,167",Not yet rated,NULL,N/A
FGM,$36.55,1440000677629,"12,266",Not yet rated,NULL,N/A
FHK,$34.55,1440000677795,"15,659",Not yet rated,NULL,N/A
FTGC,$22.5146,1440000677827,"21,550",Not yet rated,NULL,N/A
HYLS,$49.8,1440000677900,"24,626",100% bearish,of 1 rating,N/A
FTHI,NULL,1440000677927,0,Not yet rated,NULL,N/A
FPXI,NULL,1440000678011,0,Not yet rated,NULL,N/A
YDIV,$17.04,1440000678061,686,Not yet rated,NULL,N/A
SKYY,$30.3199,1440000678087,"13,601",100% bullish,of 1 rating,N/A
CU,$12.8571,1440000678238,"2,290",100% bearish,of 1 rating,N/A
PLTM,$6.39,1440000678296,"1,732",100% bearish,of 1 rating,N/A
FTLB,NULL,1440000678328,0,100% bearish,of 1 rating,N/A
FJP,$49.45,1440000678349,"12,196",Not yet rated,NULL,N/A
FMB,$51.13,1440000678432,"3,743",Not yet rated,NULL,N/A
LMBS,$50.4663,1440000678484,200,Not yet rated,NULL,N/A
CIBR,$19.365,1440000678580,"21,035",Not yet rated,NULL,N/A
QABA,$39.15,1440000678611,"1,344",100% bearish,of 1 rating,N/A
FONE,$35.76,1440000678711,420,Not yet rated,NULL,N/A
GRID,$34.42,1440000678771,201,100% bearish,of 1 rating,N/A
QCLN,$15.67,1440000678796,"8,988",Not yet rated,NULL,N/A
CARZ,$36.42,1440000678951,394,100% bearish,of 1 rating,N/A
QQEW,$43.69,1440000678981,"33,921",Not yet rated,NULL,N/A
QTEC,$41.5815,1440000679026,"5,277",Not yet rated,NULL,N/A
RDVY,$22.28,1440000679082,100,Not yet rated,NULL,N/A
QQXT,$42.45,1440000679171,"1,965",Not yet rated,NULL,N/A
AIRR,$16.725,1440000679210,300,100% bearish,of 1 rating,N/A
QINC,NULL,1440000679236,0,Not yet rated,NULL,N/A
FTSL,$48.9695,1440000679261,"9,586",100% bearish,of 1 rating,N/A
FKO,$22.96,1440000679417,75,Not yet rated,NULL,N/A
FDIV,$46.03,1440000679515,"2,771",100% bearish,of 1 rating,N/A
FSZ,$40.2327,1440000679553,"8,963",Not yet rated,NULL,N/A
FTW,NULL,1440000679604,0,Not yet rated,NULL,N/A
TUSA,$25.99,1440000679699,"3,986",Not yet rated,NULL,N/A
FKU,$43.42,1440000679768,"15,003",Not yet rated,NULL,N/A
FUNC,$8.27,1440000679794,"1,679",Not yet rated,NULL,N/A
SVVC,$10.89,1440000679854,"1,185",100% bullish,of 1 rating,$26
FMER,$18.59,1440000679958,"225,832",50% bullish,of 2 ratings,$20
FSV,$30.98,1440000680016,"10,821",Not yet rated,NULL,$33.60
FISV,$89.34,1440000680045,"150,400",100% bearish,of 3 ratings,$90
FIVE,$37.0001,1440000680143,"97,627",75% bearish,of 4 ratings,$44
FPRX,$18.48,1440000680175,"130,246",50% bullish,of 2 ratings,$35
FIVN,$4.2,1440000680219,"127,389",100% bullish,of 1 rating,$8.50
FLML,$21.66,1440000680248,"28,191",50% bullish,of 2 ratings,$30
FLKS,$14.25,1440000680354,"18,049",50% bullish,of 2 ratings,$27
FLXN,$24.44,1440000680405,"24,303",100% bearish,of 1 rating,$39.50
FLXS,$33.95,1440000680612,"34,785",100% bearish,of 2 ratings,N/A
SKOR,$50.01,1440000680643,"1,500",Not yet rated,NULL,N/A
MBSD,$24.88,1440000680678,"8,730",Not yet rated,NULL,N/A
FLDM,$12.74,1440000680705,"88,817",67% bearish,of 3 ratings,$21.50
FLIR,$30.09,1440000680726,"145,077",100% bearish,of 1 rating,$38.50
FLEX,$10.89,1440000680755,"505,740",63% bullish,of 8 ratings,$12
FOMX,$10.47,1440000680920,"58,736",50% bullish,of 2 ratings,$23.50
FONR,$9.48,1440000680990,463,100% bullish,of 1 rating,N/A
FOGO,$18.77,1440000681016,"88,257",50% bullish,of 2 ratings,$25.50
FFIC,$20.8,1440000681057,"8,763",Not yet rated,NULL,$21
FES,$0.94,1440000681089,"1,300",50% bullish,of 2 ratings,$1
FORR,$32.47,1440000681147,"28,472",Not yet rated,NULL,N/A
FORM,$6.33,1440000681173,"41,154",67% bullish,of 3 ratings,$10.50
FORTY,$34.63,1440000681222,"1,016",Not yet rated,NULL,N/A
FBIO,$2.96,1440000681494,"41,346",83% bullish,of 6 ratings,N/A
FTNT,$47.444,1440000681540,"237,001",80% bullish,of 10 ratings,$52
FOSL,$62.16,1440000681571,"213,608",50% bullish,of 4 ratings,$70
FXCB,$17.27,1440000681637,"1,903",Not yet rated,NULL,$19
FORD,$1.06,1440000681678,"108,249",50% bullish,of 2 ratings,N/A
FWRD,$48.625,1440000681739,"130,495",100% bearish,of 1 rating,$50
FMI,$20.03,1440000681766,"76,323",100% bearish,of 2 ratings,$27.50
FWP,$26.35,1440000681792,"7,499",100% bearish,of 1 rating,$45
FRAN,$10.5,1440000681941,"233,275",50% bullish,of 4 ratings,$15
FELE,$29.56,1440000682048,"111,269",50% bullish,of 4 ratings,$33
FRED,$14.54,1440000682080,"39,361",50% bullish,of 2 ratings,$16.50
FOXF,$15.54,1440000682101,"7,774",100% bearish,of 1 rating,$19
FREE,$0.505,1440000682140,"241,600",92% bullish,of 12 ratings,N/A
FRPT,$13.92,1440000682235,"140,816",67% bearish,of 3 ratings,$23.50
RAIL,$21.38,1440000682261,"18,885",100% bearish,of 1 rating,$24.50
FEIM,$10.8206,1440000682289,151,100% bearish,of 1 rating,N/A
FTR,$5.35,1440000682434,"4,005,039",78% bullish,of 27 ratings,$6.25
FRPH,$31.34,1440000682536,100,100% bearish,of 1 rating,N/A
FTRPR,$104.46,1440000682563,"70,600",100% bearish,of 1 rating,N/A
FSBW,NULL,1440000682592,0,Not yet rated,NULL,N/A
FTD,$30.79,1440000682638,"11,462",100% bearish,of 1 rating,$40
FCEL,$0.8276,1440000682735,"321,352",88% bullish,of 40 ratings,$2.65
FSYS,$6.57,1440000682765,"14,400",67% bullish,of 3 ratings,$10
FULL,$3.18,1440000682798,"7,952",67% bearish,of 3 ratings,$4.25
FTEK,$2.15,1440000682831,"16,500",75% bullish,of 4 ratings,N/A
FULLL,$25.5,1440000682975,400,Not yet rated,NULL,N/A
FULT,$13.02,1440000683016,"150,832",100% bearish,of 1 rating,$13
FLL,$1.56,1440000683042,"7,928",75% bullish,of 4 ratings,$2.825
FSNN,NULL,1440000683108,0,67% bullish,of 3 ratings,$6
FFHL,NULL,1440000683273,0,50% bullish,of 4 ratings,N/A
FXEN,$1.015,1440000683302,"14,565",75% bullish,of 4 ratings,$1.10
FXENP,NULL,1440000683332,0,100% bearish,of 1 rating,N/A
WILC,$5.1181,1440000683437,100,100% bullish,of 2 ratings,N/A
GK,$71.56,1440000683468,"7,329",Not yet rated,NULL,$78
GALT,$2.065,1440000683525,"71,878",80% bullish,of 5 ratings,N/A
GLPG,$62.52,1440000683567,"3,719",100% bullish,of 1 rating,$75
GAIA,$5.97,1440000683597,"7,301",50% bullish,of 2 ratings,$8.50
GALTU,NULL,1440000683696,0,100% bearish,of 1 rating,N/A
GALTW,NULL,1440000683753,0,100% bullish,of 1 rating,N/A
GALE,$1.4101,1440000683833,"302,123",89% bullish,of 47 ratings,$4
GLMD,$8.79,1440000683861,"2,100",67% bullish,of 3 ratings,$20.50
GPIC,$11.39,1440000684009,210,100% bearish,of 1 rating,N/A
GLPI,$33.3199,1440000684034,"98,925",100% bearish,of 1 rating,$37.50
GRMN,$39.71,1440000684071,"168,282",50% bullish,of 6 ratings,$48
GGACR,NULL,1440000684174,0,100% bullish,of 1 rating,N/A
GGACU,NULL,1440000684201,0,Not yet rated,NULL,N/A
GGACW,NULL,1440000684246,0,Not yet rated,NULL,N/A
GGAC,NULL,1440000684275,0,100% bearish,of 1 rating,N/A
GENC,$9.4315,1440000684424,297,100% bearish,of 1 rating,N/A
GARS,$14.74,1440000684454,"9,550",Not yet rated,NULL,$16
GNCMA,$17.52,1440000684480,"19,134",100% bearish,of 1 rating,$12
GFN,$3.85,1440000684611,"10,295",100% bearish,of 2 ratings,$8
GFNCP,NULL,1440000684679,0,Not yet rated,NULL,N/A
GFNSL,$25.55,1440000684746,635,Not yet rated,NULL,N/A
GENE,$2.6601,1440000684817,"13,952",100% bullish,of 12 ratings,N/A
GHDX,$26.19,1440000684950,"45,408",50% bullish,of 2 ratings,$30
GNMK,$9.4,1440000684979,"57,233",67% bullish,of 6 ratings,$14
GNCA,$12.2,1440000685012,"68,404",100% bearish,of 1 rating,$20
GNTX,$15.87,1440000685040,"616,426",Not yet rated,NULL,$20
GNVC,$2.3201,1440000685177,"3,880",90% bullish,of 10 ratings,$8.50
THRM,$46.6,1440000685215,"38,477",75% bearish,of 4 ratings,$55.50
GEOS,$15.66,1440000685237,"41,068",100% bearish,of 3 ratings,$25.50
GTWN,$18.27,1440000685307,400,Not yet rated,NULL,N/A
GERN,$3.2499,1440000685395,"442,667",88% bullish,of 16 ratings,$5.25
GABC,$29.4,1440000685423,"1,632",Not yet rated,NULL,$31.50
GEVO,$2.47,1440000685462,"1,381,595",75% bullish,of 12 ratings,N/A
ROCK,$18.52,1440000685556,"21,974",80% bullish,of 5 ratings,$24
GIGM,$0.6402,1440000685699,950,100% bullish,of 2 ratings,N/A
GIGA,$1.45,1440000685741,"16,998",100% bearish,of 1 rating,N/A
GIII,$68.64,1440000685804,"37,734",67% bullish,of 3 ratings,$75
GILT,$4.52,1440000685837,"11,276",50% bullish,of 2 ratings,N/A
GILD,$116.12,1440000685870,"1,841,627",91% bullish,of 86 ratings,$129
GBCI,$27.79,1440000685907,"18,627",50% bullish,of 2 ratings,$31
GLAD,$8.24,1440000685933,"18,455",50% bullish,of 2 ratings,$8.75
GLADO,$25.4,1440000686066,750,Not yet rated,NULL,N/A
GOODO,$25.175,1440000686201,200,Not yet rated,NULL,N/A
GOOD,$15.58,1440000686231,"12,894",Not yet rated,NULL,$19
GOODN,$25.629,1440000686257,"1,000",Not yet rated,NULL,N/A
GOODP,$25.07,1440000686331,"2,484",Not yet rated,NULL,N/A
GAIN,$7.85,1440000686463,"65,845",100% bullish,of 2 ratings,$8.25
GAINN,$25.14,1440000686516,"14,750",Not yet rated,NULL,N/A
GAINP,$26.1,1440000686568,"1,275",Not yet rated,NULL,N/A
GAINO,$25.3001,1440000686617,400,Not yet rated,NULL,N/A
LAND,$9.36,1440000686701,"8,009",50% bullish,of 2 ratings,$13.75
GBT,$42.95,1440000686729,"86,378",100% bearish,of 1 rating,N/A
GLBZ,NULL,1440000686760,0,Not yet rated,NULL,N/A
GDEF,NULL,1440000686858,0,Not yet rated,NULL,N/A
ENT,$12.49,1440000686886,"39,672",100% bearish,of 1 rating,$18
GPACU,NULL,1440000687043,0,Not yet rated,NULL,N/A
GBLI,$26.8,1440000687112,"2,800",Not yet rated,NULL,N/A
QQQC,$20.9134,1440000687137,"1,088",100% bearish,of 1 rating,N/A
ACTX,$14.0447,1440000687162,190,100% bullish,of 1 rating,N/A
GSOL,$8.55,1440000687193,800,100% bearish,of 1 rating,N/A
SOCL,$18.2153,1440000687291,"8,855",100% bullish,of 2 ratings,N/A
ALTY,NULL,1440000687419,0,Not yet rated,NULL,N/A
GAI,$5.37,1440000687504,"2,037",50% bullish,of 2 ratings,N/A
SRET,$13.8484,1440000687533,265,Not yet rated,NULL,N/A
GSM,$13.51,1440000687568,"76,543",50% bullish,of 2 ratings,$24.50
GBIM,$2.11,1440000687591,"5,900",50% bullish,of 2 ratings,N/A
YLCO,NULL,1440000687619,0,Not yet rated,NULL,N/A
GLBS,NULL,1440000687666,0,67% bullish,of 3 ratings,N/A
GLRI,$1.23,1440000687795,"1,900",100% bearish,of 1 rating,$6
GLYC,$7.26,1440000687939,"1,375",50% bullish,of 2 ratings,$14
GLUU,$4.655,1440000687967,"496,865",92% bullish,of 26 ratings,$9
GOGO,$16.13,1440000688022,"132,400",80% bullish,of 5 ratings,$25
GMLP,$19.16,1440000688226,"85,733",50% bullish,of 4 ratings,$32.50
GDEN,$9.02,1440000688255,"6,677",50% bullish,of 2 ratings,N/A
GLDC,$4.149,1440000688287,400,50% bullish,of 2 ratings,N/A
GOGL,$3.42,1440000688315,"134,976",75% bullish,of 4 ratings,$5
GBDC,$16.475,1440000688340,"23,930",Not yet rated,NULL,$17.75
GOOG,$657.65,1440000688383,"283,348",89% bullish,of 65 ratings,$795
GTIM,$6.99,1440000688490,"8,418",Not yet rated,NULL,$11.50
GOOGL,$691.01,1440000688546,"355,702",88% bullish,of 1078 ratings,$747
GLNG,$37.7283,1440000688622,"195,056",83% bullish,of 6 ratings,$58
GPRO,$54.7,1440000688650,"1,749,431",79% bullish,of 58 ratings,$72
GPIA,NULL,1440000688878,0,Not yet rated,NULL,N/A
GPIAU,NULL,1440000688917,0,Not yet rated,NULL,N/A
GPIAW,NULL,1440000689009,0,Not yet rated,NULL,N/A
GBSN,$2.28,1440000689046,"39,235",100% bearish,of 1 rating,$8.25
GMAN,$4.6101,1440000689068,"10,054",60% bullish,of 5 ratings,$8
LOPE,$38.06,1440000689098,"105,986",100% bearish,of 2 ratings,$50
GBSNU,$16.34,1440000689139,640,Not yet rated,NULL,N/A
GRVY,NULL,1440000689164,0,50% bullish,of 2 ratings,N/A
GSBC,$41.54,1440000689318,"6,252",100% bullish,of 1 rating,$44
GNBC,$12.94,1440000689347,"1,149",100% bearish,of 1 rating,$17
GLDD,$5.72,1440000689479,"83,709",100% bearish,of 4 ratings,$7.75
GPP,$14.764,1440000689507,"1,560",Not yet rated,NULL,$20.50
GRBK,$14,1440000689534,"48,088",77% bullish,of 13 ratings,N/A
GPRE,$21.14,1440000689562,"100,011",67% bullish,of 6 ratings,$28.50
GCBC,NULL,1440000689691,0,100% bullish,of 1 rating,N/A
GLRE,$26.58,1440000689722,"33,954",100% bullish,of 1 rating,$41
GRFS,$31.87,1440000689823,"74,156",50% bullish,of 2 ratings,$35
GRPN,$4.17,1440000689955,"2,309,275",61% bullish,of 71 ratings,$6.75
GRIF,NULL,1440000689990,0,100% bearish,of 1 rating,N/A
GGAL,$19.69,1440000690029,"65,495",80% bullish,of 5 ratings,$40
OMAB,$40.9,1440000690086,"3,844",100% bullish,of 1 rating,$44
GSVC,$9.498,1440000690117,"5,839",50% bullish,of 2 ratings,$14.50
GSIT,$4.91,1440000690144,"45,502",100% bearish,of 1 rating,N/A
GSIG,$13.4,1440000690166,"3,714",100% bearish,of 2 ratings,N/A
GTXI,$0.9301,1440000690471,"27,041",100% bullish,of 5 ratings,$.75
GBNK,$15.85,1440000690540,"3,925",100% bearish,of 1 rating,$18
GUID,$8.64,1440000690613,"14,902",100% bearish,of 3 ratings,$10
GFED,NULL,1440000690639,0,Not yet rated,NULL,$17
GIFI,$13,1440000690677,"35,474",100% bearish,of 1 rating,$16
GULTU,$0.3102,1440000690704,"879,281",100% bearish,of 1 rating,N/A
GURE,$1.805,1440000690725,"48,578",88% bullish,of 8 ratings,N/A
GPOR,$34.01,1440000690962,"496,646",75% bullish,of 4 ratings,$55
GWPH,$112.85,1440000691023,"45,417",78% bullish,of 9 ratings,$148.50
HLG,$9.5,1440000691055,3,100% bearish,of 1 rating,N/A
GWGH,NULL,1440000691152,0,100% bearish,of 1 rating,$15.05
GYRO,$3,1440000691213,"1,044",100% bearish,of 1 rating,N/A
HEES,$16.9,1440000691240,"79,321",67% bearish,of 3 ratings,$31
HNRG,$7.475,1440000691295,"19,200",100% bearish,of 1 rating,$10
HALO,$18.44,1440000691369,"393,898",67% bullish,of 3 ratings,$22.50
HALL,$11.79,1440000691397,"2,542",Not yet rated,NULL,N/A
HMPR,$1.91,1440000691562,"4,994",100% bullish,of 1 rating,N/A
HBK,$13.7,1440000691610,100,50% bullish,of 2 ratings,N/A
HBHC,$28.325,1440000691705,"94,551",50% bullish,of 2 ratings,$30
HBHCL,$24.6,1440000691791,"7,942",Not yet rated,NULL,N/A
HAFC,$25.5,1440000691844,"40,963",100% bullish,of 2 ratings,$28.50
HNH,$28.48,1440000691870,"3,913",100% bullish,of 1 rating,N/A
HNSN,$0.515,1440000691938,"25,820",88% bullish,of 8 ratings,$.40
HDNG,$10.71,1440000692017,"2,900",50% bullish,of 4 ratings,N/A
HQCL,$10.4,1440000692043,"4,145",67% bullish,of 3 ratings,N/A
HLIT,$5.865,1440000692090,"59,026",100% bearish,of 1 rating,$6.50
HRMN,NULL,1440000692290,0,Not yet rated,NULL,N/A
TINY,$2.4801,1440000692318,"3,200",50% bullish,of 2 ratings,$5.26
HRMNW,NULL,1440000692344,0,Not yet rated,NULL,N/A
HRMNU,NULL,1440000692370,0,Not yet rated,NULL,N/A
HART,$0.6101,1440000692503,"74,678",100% bearish,of 1 rating,N/A
HBIO,$4.46,1440000692530,"6,783",Not yet rated,NULL,$10
HCAP,$12.12,1440000692587,"3,045",50% bullish,of 2 ratings,$15
HA,$25.61,1440000692667,"104,931",67% bullish,of 9 ratings,$27
HCAPL,NULL,1440000692724,0,Not yet rated,NULL,N/A
HAS,$79.295,1440000692810,"177,109",63% bullish,of 8 ratings,$84.50
HCOM,$22.76,1440000692881,"1,854",100% bearish,of 1 rating,$28
HWKN,$35.77,1440000693033,"4,201",Not yet rated,NULL,N/A
HAYN,$38.94,1440000693063,"10,649",100% bearish,of 1 rating,$59
HWBK,NULL,1440000693090,0,100% bearish,of 1 rating,N/A
HDS,$34.46,1440000693120,"184,368",100% bearish,of 2 ratings,$39.50
HIIQ,$4.62,1440000693222,"10,409",50% bullish,of 2 ratings,$7
HQY,$32.65,1440000693273,"58,838",67% bullish,of 3 ratings,$31
HCSG,$34.35,1440000693305,"84,814",50% bullish,of 4 ratings,$35
HSTM,$25.28,1440000693409,"28,082",50% bullish,of 2 ratings,$33.75
HWAY,$12.39,1440000693435,"105,933",100% bearish,of 1 rating,$15
HTLD,$21.11,1440000693572,"53,858",Not yet rated,NULL,$22.50
HTLF,$37.15,1440000693598,"5,546",100% bullish,of 1 rating,$39.50
HTWR,$87.82,1440000693661,"41,436",50% bullish,of 2 ratings,$103
HTBX,$5.69,1440000693734,"8,865",50% bullish,of 2 ratings,$15.50
HELE,$92.16,1440000693762,"49,563",67% bearish,of 3 ratings,$100
HMNY,$2.31,1440000693794,100,100% bearish,of 1 rating,N/A
HSII,$20.15,1440000693895,"12,975",100% bullish,of 3 ratings,$25
HSIC,$146.095,1440000694128,"101,746",83% bullish,of 6 ratings,$146
HNNA,$23.25,1440000694157,450,Not yet rated,NULL,N/A
HMTV,$12.99,1440000694179,"9,598",100% bearish,of 1 rating,$16
HERO,$0.0715,1440000694208,"855,630",81% bullish,of 16 ratings,$.75
HCACU,$9.9801,1440000694235,"2,100",Not yet rated,NULL,N/A
HFWA,$18.23,1440000694378,"6,902",100% bullish,of 1 rating,$20
HTBK,$10.94,1440000694421,"2,725",Not yet rated,NULL,$12
HEOP,$7.9,1440000694513,"1,344",Not yet rated,NULL,$8.50
HCCI,$12.3,1440000694551,"1,386",100% bearish,of 1 rating,$16.50
HRTX,$32.235,1440000694581,"79,654",67% bullish,of 6 ratings,$41
MLHR,$29.22,1440000694646,"40,432",50% bullish,of 2 ratings,$33.50
HFFC,NULL,1440000694674,0,Not yet rated,NULL,N/A
HSKA,$34.29,1440000694702,"13,244",100% bearish,of 1 rating,$38
HIBB,$39.79,1440000694838,"85,772",100% bearish,of 1 rating,$48.50
HIHO,$4.1308,1440000694979,"10,900",Not yet rated,NULL,N/A
HIMX,$6.72,1440000695016,"667,548",85% bullish,of 20 ratings,$8.50
HPJ,$2.71,1440000695109,"8,527",75% bullish,of 4 ratings,$12.43
HSGX,$6.53,1440000695195,"2,349",100% bearish,of 1 rating,$17
HIFS,$116,1440000695223,"2,529",Not yet rated,NULL,N/A
HMSY,$9.38,1440000695258,"174,125",67% bullish,of 3 ratings,$19.35
HMNF,$11.4,1440000695295,4,Not yet rated,NULL,N/A
HOLX,$42.14,1440000695430,"336,462",67% bullish,of 3 ratings,$42
HOLI,$17.68,1440000695462,"79,967",50% bullish,of 4 ratings,$27
HOMB,$40.7093,1440000695492,"21,159",Not yet rated,NULL,$41
HBCP,$24.25,1440000695594,"2,720",Not yet rated,NULL,$29
HFBL,NULL,1440000695696,0,Not yet rated,NULL,N/A
HMST,$21.56,1440000695734,"21,264",100% bullish,of 2 ratings,$27
HMIN,$29.23,1440000695763,"33,294",100% bearish,of 2 ratings,$35
AWAY,$31.03,1440000695785,"247,987",67% bullish,of 3 ratings,$36
HTBI,$18.52,1440000695945,"5,107",67% bullish,of 3 ratings,$18.625
HKTV,$5.15,1440000695990,"18,000",100% bearish,of 1 rating,N/A
CETC,$0.8111,1440000696046,"29,524",86% bullish,of 7 ratings,N/A
HOFT,$24.495,1440000696140,"2,798",100% bearish,of 1 rating,N/A
HFBC,$11.7299,1440000696171,"1,302",Not yet rated,NULL,N/A
HZNP,$31.25,1440000696201,"301,967",85% bullish,of 20 ratings,$40
HRZN,$10.8999,1440000696239,"12,610",100% bearish,of 1 rating,$14.25
HBNC,$24.93,1440000696302,"4,668",100% bullish,of 1 rating,$27
ZINC,$7.6601,1440000696341,"309,026",100% bearish,of 1 rating,$17
HDP,$25.99,1440000696503,"63,525",67% bearish,of 3 ratings,$30.50
HWCC,$7.32,1440000696529,"7,650",100% bearish,of 1 rating,$9
HMHC,$22.46,1440000696667,"81,578",Not yet rated,NULL,$27
HOVNP,$5.4501,1440000696733,"7,750",100% bearish,of 1 rating,N/A
HBMD,$14.1475,1440000696763,186,100% bearish,of 1 rating,N/A
HSNI,$62.99,1440000696792,"37,876",Not yet rated,NULL,$80
HUBG,$41,1440000696896,"29,050",100% bearish,of 1 rating,$43
HCBK,$10.265,1440000696967,"216,502",83% bullish,of 6 ratings,$8.61
HTGM,$5.65,1440000697029,"4,000",100% bearish,of 1 rating,$19.50
HSON,$3,1440000697057,"6,874",100% bearish,of 1 rating,$5
HBAN,$11.69,1440000697118,"1,931,675",76% bullish,of 17 ratings,$12.50
HBANP,$1345,1440000697149,18,100% bearish,of 1 rating,N/A
HDSN,$2.9799,1440000697171,"17,686",100% bullish,of 1 rating,$6.25
HURC,$30.35,1440000697308,"4,977",100% bearish,of 1 rating,N/A
HURN,$74.88,1440000697341,"10,677",50% bullish,of 2 ratings,$80
HTCH,$1.66,1440000697445,"13,317",100% bearish,of 1 rating,$3.50
HBP,$3.25,1440000697471,"1,080",100% bullish,of 1 rating,N/A
HDRA,NULL,1440000697496,0,Not yet rated,NULL,N/A
HDRAU,$10.2,1440000697661,100,Not yet rated,NULL,N/A
HDRAR,NULL,1440000697690,0,Not yet rated,NULL,N/A
HDRAW,NULL,1440000697794,0,Not yet rated,NULL,N/A
IACI,$73.58,1440000697827,"154,058",75% bullish,of 4 ratings,$90
HYGS,$7.535,1440000697855,"9,891",50% bullish,of 2 ratings,$13
IDSY,$4,1440000697878,"9,786",100% bearish,of 1 rating,$7
IKGH,$1.87,1440000697912,"57,152",75% bullish,of 4 ratings,N/A
IBKC,$62.86,1440000697940,"47,019",100% bullish,of 1 rating,$70
ICAD,$3.5,1440000698071,"25,789",50% bullish,of 2 ratings,$7.25
IEP,$71.72,1440000698164,"32,639",75% bullish,of 4 ratings,$99
ICFI,$36,1440000698215,"17,110",50% bullish,of 2 ratings,$48.50
ICLR,$80.35,1440000698303,"213,309",100% bearish,of 3 ratings,$85
ICUI,$120.6,1440000698467,"18,322",Not yet rated,NULL,$122
INVE,$4.61,1440000698522,"84,704",75% bullish,of 4 ratings,$4
IPWR,$7.8,1440000698573,440,100% bullish,of 1 rating,$15
IDXX,$78.3,1440000698624,"112,497",100% bearish,of 1 rating,$77
DSKY,$12.13,1440000698757,"19,464",67% bullish,of 6 ratings,$11.50
IROQ,NULL,1440000698784,0,100% bullish,of 1 rating,N/A
ICON,$13.005,1440000698812,"189,596",50% bullish,of 2 ratings,$18.50
IDRA,$2.54,1440000698844,"534,989",89% bullish,of 9 ratings,$6.50
IIVI,$17.44,1440000698915,"20,188",100% bearish,of 1 rating,$22
RXDX,$12.88,1440000698974,"42,831",100% bullish,of 1 rating,$20
IRG,$4.42,1440000699049,"2,200",100% bearish,of 1 rating,$4.50
KANG,$16.1,1440000699134,"60,915",50% bullish,of 2 ratings,$22.55
IKAN,$2.7235,1440000699194,"7,642",83% bullish,of 6 ratings,$5
IKNX,NULL,1440000699278,0,100% bearish,of 1 rating,N/A
ILMN,$205.96,1440000699337,"170,489",80% bullish,of 5 ratings,$240
IMDZ,$16.27,1440000699620,"39,721",100% bearish,of 1 rating,$33
IMNP,$1.5,1440000699650,"95,925",50% bullish,of 2 ratings,$6
IMMR,$12.16,1440000699672,"39,899",80% bullish,of 5 ratings,$15.50
ICCC,$8.0601,1440000699717,"6,822",100% bullish,of 1 rating,N/A
ISNS,$4.107,1440000699803,"3,600",50% bullish,of 2 ratings,N/A
IMGN,$13.19,1440000699860,"223,702",75% bullish,of 4 ratings,$17.50
IPXL,$46.27,1440000699881,"220,806",67% bullish,of 3 ratings,$46.50
IMMU,$1.8412,1440000699910,"223,759",86% bullish,of 7 ratings,$2
IMMY,$7.7,1440000700058,803,100% bearish,of 1 rating,$11
INCR,$44.04,1440000700190,"97,125",50% bullish,of 2 ratings,$53
SAAS,$7.89,1440000700217,"127,731",50% bullish,of 2 ratings,$15
INCY,$111.82,1440000700248,"223,018",50% bullish,of 6 ratings,$125.50
IBTX,$43.49,1440000700348,"5,251",100% bullish,of 2 ratings,$47.25
IBCP,$14.69,1440000700374,"12,335",100% bullish,of 1 rating,$14.50
INDB,$47.92,1440000700401,"24,393",Not yet rated,NULL,$44
INFN,$24.6,1440000700612,"291,464",71% bullish,of 7 ratings,$28
IPCC,$80.53,1440000700663,"5,842",Not yet rated,NULL,$77.50
INFI,$9.28,1440000700692,"147,489",50% bullish,of 4 ratings,$18
IDSA,$3.69,1440000700714,302,Not yet rated,NULL,N/A
III,$4.25,1440000700751,"12,701",57% bullish,of 7 ratings,$6
IFON,$1.31,1440000700777,"34,885",75% bullish,of 4 ratings,N/A
IMKTA,$54.26,1440000700881,"18,468",100% bearish,of 1 rating,N/A
INWK,$7.62,1440000700910,"18,627",50% bullish,of 2 ratings,$10
INNL,$12.65,1440000701017,"2,844",100% bearish,of 1 rating,$16.50
INOD,$2.55,1440000701180,"26,000",100% bearish,of 1 rating,N/A
IPHS,$48.58,1440000701376,"22,953",100% bearish,of 1 rating,$60
ISSC,$3.02,1440000701406,500,67% bearish,of 3 ratings,N/A
INGN,$50.3325,1440000701428,"29,869",100% bearish,of 1 rating,$50.50
IOSP,$46.28,1440000701465,"24,704",100% bearish,of 1 rating,N/A
ITEK,$15.65,1440000701487,"268,903",67% bearish,of 3 ratings,$20
INOV,$21.43,1440000701508,"36,149",100% bearish,of 1 rating,$33
INO,$7.315,1440000701558,"242,626",89% bullish,of 18 ratings,$20
IIIN,$17.82,1440000701770,"6,442",100% bearish,of 2 ratings,N/A
NSIT,$26.22,1440000701799,"24,058",50% bullish,of 2 ratings,N/A
PODD,$30.14,1440000701835,"72,831",50% bullish,of 2 ratings,$35
INSM,$26.97,1440000701857,"38,846",71% bullish,of 7 ratings,$32
INSY,$34.26,1440000701933,"127,474",75% bullish,of 4 ratings,$48
ISIG,$2.537,1440000701964,"5,350",100% bearish,of 1 rating,N/A
NTEC,$5.8819,1440000702067,"10,780",Not yet rated,NULL,N/A
IART,$61.49,1440000702279,"42,209",100% bearish,of 1 rating,$71.50
IESC,$7.2,1440000702310,"2,754",100% bearish,of 1 rating,N/A
IDTI,$18.1799,1440000702331,"659,102",60% bullish,of 5 ratings,$25
INTC,$28.38,1440000702364,"8,632,177",82% bullish,of 238 ratings,$36
ISSI,$22.297,1440000702386,"101,670",67% bullish,of 3 ratings,$19.75
IPAR,$28.46,1440000702520,"13,134",67% bullish,of 3 ratings,$38
IQNT,$19.98,1440000702608,"202,649",86% bullish,of 7 ratings,$20
IPCI,$2.14,1440000702713,"16,371",67% bullish,of 6 ratings,$7.75
IBKR,$41.65,1440000702739,"61,898",100% bullish,of 1 rating,N/A
ININ,$40.12,1440000702765,"25,752",67% bearish,of 3 ratings,$57
ICPT,$208.74,1440000702920,"53,793",70% bullish,of 10 ratings,$363
ICLDW,NULL,1440000702986,0,100% bearish,of 1 rating,N/A
ICLD,$1.89,1440000703025,"117,003",75% bullish,of 4 ratings,N/A
IDCC,$49.47,1440000703062,"47,728",80% bullish,of 5 ratings,$63
TILE,$25.7,1440000703092,"84,971",67% bearish,of 3 ratings,$27
IBOC,$27.24,1440000703194,"16,204",100% bearish,of 1 rating,N/A
INAP,$8.7,1440000703222,"41,231",75% bullish,of 4 ratings,$11
IMI,$2.02,1440000703248,730,67% bullish,of 3 ratings,$2.22
ISCA,$33.08,1440000703380,"15,553",100% bearish,of 1 rating,N/A
IGLD,$7.5101,1440000703507,"1,605",50% bullish,of 2 ratings,N/A
IIJI,NULL,1440000703534,0,50% bullish,of 2 ratings,$11.50
PTNT,$3.0301,1440000703560,"1,000",Not yet rated,NULL,N/A
INPH,$0.33,1440000703613,200,50% bullish,of 2 ratings,N/A
XENT,$29.51,1440000703698,"52,349",50% bullish,of 2 ratings,$36.50
INTX,$2.55,1440000703770,"14,220",67% bullish,of 3 ratings,N/A
ISIL,$10.72,1440000703800,"281,002",50% bullish,of 6 ratings,$15
INTL,$27.5,1440000703945,"17,518",67% bearish,of 3 ratings,N/A
INTLL,$25.94,1440000703973,133,Not yet rated,NULL,N/A
IILG,$21.23,1440000703996,"21,152",100% bearish,of 1 rating,$30.50
IVAC,$4.82,1440000704022,"5,100",Not yet rated,NULL,$6.625
IIN,NULL,1440000704206,0,100% bearish,of 1 rating,$12
ITCI,$29.83,1440000704239,"140,674",75% bearish,of 4 ratings,$40
INVT,$0.2851,1440000704285,"7,579",67% bullish,of 3 ratings,N/A
ISRG,$524.99,1440000704315,"60,393",67% bullish,of 3 ratings,$600
INTU,$105.65,1440000704348,"375,439",100% bullish,of 7 ratings,$107.50
SNAK,$8.74,1440000704418,"30,186",50% bullish,of 2 ratings,$14
ISTR,$15.61,1440000704446,2,100% bearish,of 1 rating,$18.50
ISBC,$12.2372,1440000704497,"289,110",100% bullish,of 1 rating,$13.25
IPAS,$1.0676,1440000704690,"39,704",67% bullish,of 3 ratings,N/A
NVIV,$10.91,1440000704722,"128,498",50% bullish,of 4 ratings,$24.50
ITIC,NULL,1440000704777,0,100% bearish,of 2 ratings,N/A
IVTY,$11.84,1440000704860,"7,972",Not yet rated,NULL,$18
IPCM,$79.35,1440000704941,"113,280",50% bullish,of 2 ratings,$80.125
DTUL,NULL,1440000704969,0,Not yet rated,NULL,N/A
DFVL,NULL,1440000705002,0,Not yet rated,NULL,N/A
IPGP,$91.684,1440000705099,"93,384",100% bearish,of 2 ratings,$109.50
IRIX,$7.1,1440000705127,"4,100",100% bearish,of 1 rating,N/A
IRMD,$26.2275,1440000705160,"4,763",67% bearish,of 3 ratings,$25
IRDM,$6.77,1440000705263,"139,750",60% bullish,of 5 ratings,$11.50
IRDMB,$267.2325,1440000705296,220,67% bearish,of 3 ratings,N/A
IRWD,$11.49,1440000705323,"183,711",100% bearish,of 1 rating,$13
IRBT,$30.85,1440000705395,"54,354",67% bullish,of 6 ratings,$37
COMT,$32.8777,1440000705562,"5,046",100% bearish,of 1 rating,N/A
IRCP,NULL,1440000705594,0,100% bullish,of 2 ratings,N/A
GNMA,$50.098,1440000705662,"2,695",Not yet rated,NULL,N/A
FCHI,$48.6487,1440000705744,"1,114",Not yet rated,NULL,N/A
IFGL,$29.83,1440000705805,"16,837",Not yet rated,NULL,N/A
IFAS,NULL,1440000705832,0,Not yet rated,NULL,N/A
IFEU,$39.81,1440000705859,"30,508",Not yet rated,NULL,N/A
IFNA,NULL,1440000705990,0,Not yet rated,NULL,N/A
AAXJ,$54.71,1440000706125,"348,259",Not yet rated,NULL,N/A
ACWI,$58.28,1440000706159,"194,961",Not yet rated,NULL,N/A
AXJS,NULL,1440000706179,0,Not yet rated,NULL,N/A
AAIT,$30.49,1440000706256,100,100% bullish,of 1 rating,N/A
EEMA,$51.8793,1440000706310,"9,651",Not yet rated,NULL,N/A
ACWX,$42.23,1440000706348,"114,887",100% bearish,of 1 rating,N/A
EMDI,$46.055,1440000706387,200,Not yet rated,NULL,N/A
EMEY,$25.31,1440000706585,300,Not yet rated,NULL,N/A
EEME,NULL,1440000706634,0,100% bearish,of 1 rating,N/A
EGRW,$48.5,1440000706665,100,Not yet rated,NULL,N/A
EEML,$28.1267,1440000706792,"1,300",Not yet rated,NULL,N/A
IEUS,$46.99,1440000706824,"3,723",100% bearish,of 1 rating,N/A
EUFN,$22.8555,1440000706852,"44,373",100% bearish,of 1 rating,N/A
EVAL,$37.18,1440000706879,447,Not yet rated,NULL,N/A
QAT,NULL,1440000706925,0,Not yet rated,NULL,N/A
UAE,NULL,1440000707129,0,Not yet rated,NULL,N/A
SOXX,$83.52,1440000707156,"114,447",50% bullish,of 2 ratings,N/A
IBB,$364.2,1440000707216,"365,740",63% bullish,of 8 ratings,N/A
EMIF,$29.33,1440000707287,"9,925",Not yet rated,NULL,N/A
ICLN,$10.01,1440000707315,"66,843",50% bullish,of 2 ratings,N/A
INDY,$29.62,1440000707365,"93,669",100% bullish,of 1 rating,N/A
WOOD,$50.7875,1440000707390,"3,546",50% bullish,of 2 ratings,N/A
ISHG,$78.6854,1440000707557,"1,562",100% bearish,of 1 rating,N/A
ISIS,$50.43,1440000707589,"319,882",53% bullish,of 15 ratings,$67
IGOV,$90.1,1440000707690,"8,295",100% bearish,of 1 rating,N/A
ITRI,$32.9,1440000707718,"74,092",Not yet rated,NULL,$37
ISLE,$18.81,1440000707752,"73,958",50% bullish,of 4 ratings,$16
ITRN,$25.3924,1440000707858,386,50% bullish,of 2 ratings,N/A
ITUS,NULL,1440000707886,0,Not yet rated,NULL,N/A
ISRL,$138,1440000708063,34,100% bearish,of 1 rating,N/A
XXIA,$15.62,1440000708125,"67,708",71% bullish,of 7 ratings,$14.625
JJSF,$118.08,1440000708257,"12,708",100% bearish,of 1 rating,N/A
JBHT,$79.44,1440000708284,"174,832",50% bullish,of 4 ratings,$89.50
IXYS,$10.458,1440000708314,"34,507",50% bullish,of 4 ratings,N/A
JCOM,$72.5599,1440000708335,"22,148",100% bullish,of 2 ratings,$77
MAYS,NULL,1440000708463,0,Not yet rated,NULL,N/A
JASO,$7.97,1440000708496,"379,170",82% bullish,of 17 ratings,$10
JACK,$85.565,1440000708567,"133,947",83% bullish,of 6 ratings,$105
JKHY,$70.96,1440000708603,"34,338",50% bullish,of 2 ratings,$72
JXSB,NULL,1440000708707,0,Not yet rated,NULL,N/A
JAGX,NULL,1440000708736,0,Not yet rated,NULL,N/A
JAXB,NULL,1440000708763,0,100% bullish,of 1 rating,N/A
JAKK,$9.32,1440000708813,"82,032",60% bearish,of 5 ratings,$10.50
JMBA,$13.5,1440000709033,"25,090",75% bullish,of 4 ratings,$18
JRVR,$26.69,1440000709094,"6,782",Not yet rated,NULL,$32
JASN,$5.16,1440000709120,"4,900",50% bullish,of 2 ratings,$9.50
JASNW,$0.21,1440000709170,"2,000",50% bullish,of 2 ratings,N/A
JD,$26.29,1440000709201,"2,519,906",75% bullish,of 16 ratings,$36
JBLU,$24.015,1440000709254,"1,328,951",94% bullish,of 16 ratings,$27
ERW,NULL,1440000709279,0,Not yet rated,NULL,N/A
JAZZ,$185.4725,1440000709309,"88,951",80% bullish,of 15 ratings,$206.50
DATE,$6.56,1440000709566,"12,284",75% bullish,of 4 ratings,$9
JTPY,$2.98,1440000709599,400,100% bearish,of 1 rating,N/A
JST,$4.25,1440000709620,"8,950",75% bullish,of 4 ratings,N/A
JCTCF,NULL,1440000709651,0,100% bullish,of 1 rating,N/A
WYIGU,$10.0434,1440000709711,"1,000",Not yet rated,NULL,N/A
JIVE,$4.08,1440000709812,"96,644",75% bullish,of 4 ratings,$5
JBSS,$48.23,1440000709839,"4,232",67% bearish,of 3 ratings,N/A
JOEZ,$0.191,1440000709867,"30,242",92% bullish,of 12 ratings,N/A
JNP,$9.86,1440000709998,"7,857",100% bullish,of 3 ratings,$15
JOUT,$26.5,1440000710033,"3,075",100% bearish,of 1 rating,$34
KTWO,$21.51,1440000710127,"25,486",100% bearish,of 1 rating,$28.50
JUNO,$40.2377,1440000710153,"616,874",73% bullish,of 11 ratings,$71.50
KBIO,$1.97,1440000710325,"8,790",50% bullish,of 4 ratings,N/A
KMDA,NULL,1440000710380,0,50% bullish,of 2 ratings,$8
KALU,$83.59,1440000710423,"36,661",67% bearish,of 3 ratings,$91
KPTI,$13.38,1440000710473,"157,116",67% bearish,of 3 ratings,$41
KNDI,$8.109,1440000710508,"660,705",86% bullish,of 22 ratings,N/A
KCLI,$47.59,1440000710539,"2,364",Not yet rated,NULL,N/A
KCAP,$4.78,1440000710561,"26,527",75% bullish,of 4 ratings,$6
KBSF,NULL,1440000710595,0,100% bullish,of 1 rating,N/A
KRNY,$11.73,1440000710764,"95,477",100% bearish,of 1 rating,$12
KELYA,$14.89,1440000710822,"27,866",67% bullish,of 6 ratings,$20
KELYB,NULL,1440000710865,0,50% bullish,of 2 ratings,N/A
KMPH,$21.3,1440000710892,"17,043",100% bearish,of 2 ratings,$22
KFFB,$8.71,1440000710966,"7,376",100% bearish,of 1 rating,N/A
KERX,$6.0375,1440000711027,"304,384",82% bullish,of 11 ratings,$12
GMCR,$49.32,1440000711159,"634,318",71% bullish,of 42 ratings,$64
KEQU,$17.09,1440000711209,198,100% bullish,of 1 rating,N/A
KTEC,$12.0899,1440000711235,300,Not yet rated,NULL,N/A
KTCC,$10.75,1440000711294,"27,000",100% bearish,of 1 rating,$15
KFRC,$28.56,1440000711325,"254,472",100% bullish,of 2 ratings,$29
KIN,$5.86,1440000711367,"3,809",50% bullish,of 2 ratings,$6.25
KE,$11.4,1440000711427,"5,641",67% bearish,of 3 ratings,$16
