Symbol,Price,Date,Volume,Rating,RatingVoteCount,OneYearEstimate
VNET,$18,1441386603216,"114,301",60% bullish,of 5 ratings,$35
FLWS,$8.73,1441386603263,"119,732",80% bullish,of 5 ratings,$15
FCTY,NULL,1441386603317,0,100% bullish,of 1 rating,$8.50
SRCE,$29.7,1441386603667,"15,100",100% bullish,of 3 ratings,$33
FCCY,NULL,1441386603822,0,100% bullish,of 1 rating,$13
TWOU,$34.81,1441386603848,"68,033",50% bullish,of 2 ratings,$39
DSLV,$69.4201,1441386604410,"6,270",100% bearish,of 1 rating,N/A
UGLD,$8.94,1441386604495,"98,424",100% bearish,of 1 rating,N/A
DGLD,$83.87,1441386604542,"7,422",100% bullish,of 1 rating,N/A
USLV,$12.42,1441386604855,"160,544",86% bullish,of 7 ratings,N/A
JOBS,$26.01,1441386605009,"41,978",50% bullish,of 4 ratings,$36
SIXD,$2.6,1441386605455,"16,510",Not yet rated,NULL,N/A
CAFD,$15.02,1441386605479,"152,727",Not yet rated,NULL,$24.50
EGHT,$7.71,1441386605550,"103,512",82% bullish,of 17 ratings,$11
AVHI,$13.55,1441386605974,"163,527",100% bearish,of 1 rating,$19
SHLM,$32.655,1441386606078,"34,149",100% bearish,of 1 rating,$47
AAON,$19.67,1441386606103,"48,237",100% bearish,of 1 rating,$24
ABAX,$47.01,1441386606425,"37,532",100% bearish,of 1 rating,$60
ABY,$21.2,1441386606510,"622,192",100% bearish,of 2 ratings,$46
ABGB,$4.98,1441386606562,"19,820",67% bullish,of 3 ratings,$5.50
ABEO,$4.67,1441386606907,"10,661",50% bullish,of 4 ratings,$15.50
ABMD,$92.87,1441386607232,"150,633",75% bullish,of 4 ratings,$100.50
ABEOW,$1.811,1441386607256,190,100% bullish,of 1 rating,N/A
AXAS,$1.7275,1441386607558,"559,355",78% bullish,of 9 ratings,$3.50
ACHC,$72.18,1441386607661,"84,020",50% bullish,of 2 ratings,$92
ACTG,$9.19,1441386607710,"44,810",67% bullish,of 3 ratings,$18.50
XLRN,$28.535,1441386608026,"36,556",50% bullish,of 2 ratings,$57
ACST,$0.31,1441386608081,"3,900",100% bullish,of 2 ratings,N/A
ANCX,$19.63,1441386608120,"9,771",Not yet rated,NULL,$20
TFSCR,NULL,1441386608154,0,Not yet rated,NULL,N/A
ACAD,$39.2201,1441386608212,"601,474",80% bullish,of 20 ratings,$48
TFSCW,$0.28,1441386608246,120,100% bearish,of 1 rating,N/A
AXDX,$18.78,1441386608346,"25,074",100% bearish,of 1 rating,N/A
TFSC,$9.7989,1441386608431,300,100% bearish,of 1 rating,N/A
TFSCU,$10.32,1441386608521,400,Not yet rated,NULL,N/A
ARAY,$6.56,1441386608627,"106,079",100% bearish,of 1 rating,$10.50
PIH,$7.52,1441386608670,"1,900",100% bearish,of 1 rating,N/A
VXDN,$1.78,1441386608756,"4,478",100% bearish,of 1 rating,N/A
VXUP,$1.67,1441386608925,"10,832",100% bearish,of 1 rating,N/A
ACRX,$4.275,1441386609030,"97,769",67% bearish,of 6 ratings,$7
AKAO,$6.97,1441386609163,"14,199",75% bullish,of 4 ratings,$15
ACIW,$21.09,1441386609192,"54,844",67% bearish,of 3 ratings,$24
ACNB,NULL,1441386609232,0,Not yet rated,NULL,N/A
ACET,$22.15,1441386609295,"38,212",75% bullish,of 4 ratings,$30
ACHN,$7.62,1441386609442,"1,075,623",90% bullish,of 21 ratings,$16
ACOR,$31.4,1441386609473,"51,288",67% bearish,of 3 ratings,$38.50
ACTS,$1.59,1441386609547,"11,800",100% bearish,of 1 rating,N/A
ACPW,$1.92,1441386610055,"14,507",100% bullish,of 4 ratings,$3.25
ATVI,$28.145,1441386610152,"2,142,241",67% bullish,of 84 ratings,$31.50
ACUR,$2.85,1441386610180,"3,000",100% bullish,of 5 ratings,$5
ACTA,$13.91,1441386610211,"9,422",67% bearish,of 3 ratings,$25
ADMS,$18.75,1441386610341,"16,714",100% bearish,of 2 ratings,$36
ADUS,$28.63,1441386610371,"7,302",100% bearish,of 1 rating,$31
ACXM,$20.46,1441386610471,"66,407",67% bullish,of 3 ratings,N/A
ADAP,$11.07,1441386610623,"15,967",67% bullish,of 3 ratings,$22
ADBE,$76.8899,1441386610665,"489,735",65% bullish,of 17 ratings,$90
ADMP,$3.4899,1441386610696,"10,972",50% bullish,of 2 ratings,$10
ADMA,$8.73,1441386610721,"10,822",Not yet rated,NULL,$19
ADEP,$7.345,1441386610796,"18,907",50% bullish,of 2 ratings,$10.75
AEY,$2.3704,1441386610854,"3,605",100% bearish,of 2 ratings,N/A
ADRO,$19.08,1441386610932,"36,195",80% bullish,of 5 ratings,$45.50
ADTN,$15.57,1441386611010,"83,760",67% bullish,of 3 ratings,$17.125
AEIS,$23.82,1441386611226,"34,741",50% bullish,of 2 ratings,$32.50
ADXSW,$9.85,1441386611444,200,100% bullish,of 1 rating,N/A
MULT,NULL,1441386611575,0,100% bearish,of 1 rating,N/A
ADXS,$13.33,1441386611635,"183,270",64% bullish,of 14 ratings,$27
YPRO,$22.85,1441386611660,479,100% bearish,of 1 rating,N/A
AEHR,$2.27,1441386611707,216,50% bullish,of 2 ratings,N/A
AMD,$1.829,1441386611793,"1,949,464",83% bullish,of 103 ratings,$2
AEGN,$17.685,1441386611874,"14,115",100% bearish,of 2 ratings,$21
AEGR,$17.57,1441386611899,"54,966",50% bullish,of 6 ratings,$26
AMTX,$2.9,1441386612238,"8,850",50% bullish,of 2 ratings,$26.11
AERI,$16.18,1441386612264,"122,968",75% bullish,of 4 ratings,$31.50
AEZS,$0.0781,1441386612293,"11,235,544",90% bullish,of 21 ratings,$1.50
AVAV,$20.43,1441386612319,"91,822",50% bullish,of 4 ratings,$28
AEPI,$57.771,1441386612401,"7,520",100% bearish,of 1 rating,N/A
AEMD,$7.7,1441386612538,"18,655",Not yet rated,NULL,$27.50
AFMD,$9.23,1441386612645,"24,315",50% bullish,of 4 ratings,$15
AFFX,$9.01,1441386612669,"231,796",80% bullish,of 5 ratings,$12.50
AGRX,$8.47,1441386612705,"6,988",100% bearish,of 1 rating,$17.50
AGYS,$9.61,1441386612872,"7,344",100% bearish,of 1 rating,N/A
AGEN,$6.75,1441386612901,"114,367",85% bullish,of 13 ratings,$14
AGIO,$83.48,1441386612929,"62,210",88% bullish,of 8 ratings,$114
AGFSW,$1.9,1441386612954,"5,300",100% bearish,of 2 ratings,N/A
AGFS,$9.8,1441386613172,"35,551",100% bearish,of 1 rating,N/A
AIRM,$35.97,1441386613197,"38,519",80% bearish,of 5 ratings,$53
AIRT,NULL,1441386613446,0,100% bullish,of 1 rating,N/A
ATSG,$8.82,1441386613615,"35,964",67% bullish,of 3 ratings,$13
AIMT,$22.615,1441386613665,"68,388",Not yet rated,NULL,$35.50
AIXG,$6.48,1441386613691,"11,082",67% bearish,of 3 ratings,$5.25
AMCN,$4.505,1441386613767,"44,385",83% bullish,of 6 ratings,N/A
AKAM,$72.49,1441386613822,"458,830",63% bullish,of 8 ratings,$77.50
AKBA,$6.82,1441386613847,"73,389",100% bearish,of 1 rating,$18
ALRM,$16.12,1441386614011,"38,765",100% bearish,of 1 rating,$22
AKRX,$37.83,1441386614071,"123,959",78% bullish,of 9 ratings,$56
AMRI,$19.74,1441386614228,"30,922",75% bearish,of 4 ratings,$24
AKER,$2.62,1441386614271,"3,401",Not yet rated,NULL,N/A
ABDC,$12.815,1441386614360,"2,438",Not yet rated,NULL,$15
ADHD,$7.52,1441386614418,"50,168",50% bullish,of 4 ratings,$18
ALSK,$2.25,1441386614443,"44,475",78% bullish,of 18 ratings,$2
ALXN,$172.56,1441386614646,"573,181",88% bullish,of 8 ratings,$223.50
ALIM,$2.8751,1441386615095,"51,108",80% bullish,of 5 ratings,$10
ALDR,$40.16,1441386615125,"82,996",67% bearish,of 3 ratings,$62
ALDX,$7.08,1441386615156,337,100% bearish,of 1 rating,$14.50
ALCO,$42.08,1441386615181,"3,394",50% bullish,of 2 ratings,N/A
ALGN,$54.242,1441386615226,"116,315",100% bearish,of 2 ratings,$73
ALGT,$201.22,1441386615313,"78,468",100% bearish,of 2 ratings,$235
ALXA,$1.27,1441386615342,"95,695",83% bullish,of 6 ratings,$2.125
ALKS,$64.06,1441386615397,"251,069",67% bullish,of 3 ratings,$75
ALLB,$22.9,1441386615691,204,Not yet rated,NULL,N/A
AHGP,$35.76,1441386615827,"16,930",67% bullish,of 3 ratings,N/A
AIQ,$14.55,1441386615880,"3,982",67% bullish,of 3 ratings,N/A
AFOP,$18.91,1441386615906,"53,954",75% bullish,of 8 ratings,$21
AMOT,$17.79,1441386616052,"83,607",100% bearish,of 1 rating,N/A
ARLP,$25.06,1441386616186,"19,984",67% bearish,of 3 ratings,$32
ALLT,$5.05,1441386616291,"11,176",75% bullish,of 4 ratings,$6.25
ALQA,$4.515,1441386616316,"19,467",75% bullish,of 4 ratings,$8.50
MDRX,$13.025,1441386616341,"362,184",60% bullish,of 5 ratings,$16
AHPI,NULL,1441386616509,0,50% bullish,of 2 ratings,N/A
AOSL,$8.04,1441386616544,"9,230",67% bullish,of 3 ratings,$9
ALNY,$96.63,1441386616593,"84,666",67% bullish,of 3 ratings,$151.50
ALTR,$48.81,1441386616727,"544,825",80% bearish,of 5 ratings,$54
AFAM,$45.42,1441386616755,"18,165",50% bullish,of 2 ratings,$44
SMCP,NULL,1441386616809,0,Not yet rated,NULL,N/A
ATEC,$0.5756,1441386616940,"5,939",100% bullish,of 1 rating,$2
ASPS,$25.9204,1441386617158,"35,911",67% bullish,of 3 ratings,$46.50
AMZN,$497.58,1441386617213,"557,316",81% bullish,of 268 ratings,$646
AMRK,NULL,1441386617261,0,50% bullish,of 2 ratings,$14
AMRN,$2.315,1441386617349,"468,732",85% bullish,of 40 ratings,$8
AIMC,$23.64,1441386617375,"31,729",100% bearish,of 2 ratings,$28.50
AYA,$20.87,1441386617430,"6,080",100% bearish,of 1 rating,$40
AMAG,$59.33,1441386617456,"153,027",100% bullish,of 2 ratings,$75
AMBC,$16.15,1441386617693,"45,242",100% bearish,of 1 rating,$16.50
AMBCW,NULL,1441386617721,0,100% bearish,of 1 rating,N/A
AMBA,$73.04,1441386617750,"2,203,454",77% bullish,of 13 ratings,$102.50
AMCX,$71.19,1441386617852,"189,610",67% bullish,of 3 ratings,$87.50
EPAX,$2.69,1441386618007,"28,544",100% bearish,of 1 rating,N/A
AMDA,$0.482,1441386618035,"131,508",90% bullish,of 10 ratings,$1
DOX,$56.09,1441386618064,"123,162",67% bearish,of 3 ratings,$60
AMED,$39.67,1441386618165,"56,452",100% bearish,of 1 rating,$42
ASBI,$22.57,1441386618320,903,Not yet rated,NULL,N/A
UHAL,$368.09,1441386618348,"9,752",100% bullish,of 2 ratings,$393.50
AMOV,NULL,1441386618533,0,100% bearish,of 1 rating,N/A
AAL,$40.57,1441386618613,"2,975,147",93% bullish,of 88 ratings,$57
ATAX,$5.3273,1441386618663,"20,199",100% bullish,of 1 rating,$6.50
AGNCB,$24.2899,1441386618714,"1,416",Not yet rated,NULL,N/A
MTGE,$15.025,1441386618850,"133,289",75% bullish,of 4 ratings,$19.50
AGNC,$18.94,1441386618943,"618,891",71% bullish,of 28 ratings,$22
AGNCP,$25.3499,1441386618991,"1,105",Not yet rated,NULL,N/A
ACAS,$13.6,1441386619123,"456,020",60% bullish,of 5 ratings,$16.75
ACSF,$12.4,1441386619156,"5,705",100% bearish,of 1 rating,$15
MTGEP,$24.25,1441386619257,1,Not yet rated,NULL,N/A
ANCI,NULL,1441386619284,0,100% bearish,of 1 rating,N/A
AETI,$3.13,1441386619309,400,67% bearish,of 3 ratings,N/A
AMIC,NULL,1441386619442,0,100% bearish,of 1 rating,N/A
ANAT,$97.5,1441386619577,"15,759",100% bullish,of 1 rating,N/A
APEI,$21.68,1441386619843,"10,658",100% bearish,of 1 rating,$25.50
AMRB,NULL,1441386619885,0,Not yet rated,NULL,$11
ASEI,$38.69,1441386619910,"2,848",100% bearish,of 1 rating,$52.50
AMNB,$22.731,1441386620094,"3,449",Not yet rated,NULL,$25.50
ARII,$40,1441386620183,"40,715",67% bearish,of 3 ratings,$45
AMSWA,$8.96,1441386620224,"6,126",100% bearish,of 2 ratings,$10.75
AMSC,$4.92,1441386620252,"10,805",50% bullish,of 4 ratings,N/A
ABCB,$27.19,1441386620442,"30,696",Not yet rated,NULL,$31
AMWD,$66.9,1441386620491,"32,274",50% bullish,of 2 ratings,$70
CRMT,$35.47,1441386620516,"4,719",100% bearish,of 1 rating,$38
AMSF,$45.91,1441386620814,"9,622",Not yet rated,NULL,$57.50
ASRVP,NULL,1441386620859,0,Not yet rated,NULL,N/A
ASRV,$3.24,1441386620884,404,100% bullish,of 2 ratings,N/A
AMGN,$146.39,1441386621070,"812,040",89% bullish,of 19 ratings,$185
ATLO,$22.51,1441386621101,"2,836",Not yet rated,NULL,N/A
FOLD,$15.08,1441386621122,"473,398",56% bullish,of 9 ratings,$21
AMKR,$5.31,1441386621155,"215,911",100% bearish,of 2 ratings,$5
AMPH,$13.28,1441386621203,"64,276",50% bullish,of 2 ratings,$20
AMSG,$78.16,1441386621390,"66,310",100% bearish,of 1 rating,$85.50
AFSI,$57.01,1441386621556,"84,665",60% bullish,of 5 ratings,$72
AMRS,$1.76,1441386621605,"30,185",70% bullish,of 10 ratings,N/A
AMSGP,NULL,1441386621634,0,Not yet rated,NULL,N/A
ASYS,$5.41,1441386621702,"5,194",67% bullish,of 3 ratings,$12
ANAD,$0.315,1441386621735,"78,879",100% bullish,of 2 ratings,$.50
ANAC,$131.8,1441386621834,"106,024",80% bullish,of 5 ratings,$180.50
ADI,$54.25,1441386622096,"288,692",75% bullish,of 4 ratings,$69
AMCF,NULL,1441386622222,0,NULL,NULL,NULL
ANCB,$20.88,1441386622256,"3,252",Not yet rated,NULL,$23
ANIP,$51.19,1441386622350,"36,312",89% bullish,of 19 ratings,$66
ANGI,$5.0428,1441386622378,"70,013",64% bullish,of 11 ratings,$5.50
ABCW,$41.01,1441386622405,"3,322",67% bullish,of 3 ratings,N/A
ALOG,$80.475,1441386622434,"20,037",100% bearish,of 2 ratings,$100.50
ANGO,$14.42,1441386622633,"18,462",67% bullish,of 3 ratings,$19
ANIK,$35.5,1441386622773,"20,896",60% bullish,of 5 ratings,$51.25
ANTH,$7.1,1441386622846,"196,956",80% bullish,of 10 ratings,$13
ATRS,$1.7799,1441386622870,"137,768",92% bullish,of 12 ratings,$4.50
ANSS,$90.03,1441386622919,"129,646",100% bearish,of 1 rating,$100
ABAC,$0.7501,1441386622950,"3,118",100% bearish,of 1 rating,N/A
ATNY,$2.4,1441386623009,"1,600",50% bullish,of 2 ratings,$3.75
APIC,$6.6,1441386623056,"19,170",100% bearish,of 1 rating,$19
APPF,$16.81,1441386623360,"15,172",50% bullish,of 2 ratings,$22
APOG,$51.66,1441386623389,"34,549",50% bullish,of 2 ratings,$67
AINV,$6.43,1441386623489,"219,090",50% bullish,of 4 ratings,$8
APOL,$10.84,1441386623550,"205,516",87% bearish,of 68 ratings,$14
ARCI,$1.2399,1441386623574,"3,100",Not yet rated,NULL,N/A
APDN,$3.35,1441386623647,"7,752",Not yet rated,NULL,$9
APDNW,$1.4404,1441386623787,100,Not yet rated,NULL,N/A
AAPL,$108.75,1441386623934,"14,638,575",86% bullish,of 2364 ratings,$150
AMCC,$5.68,1441386624137,"96,796",80% bullish,of 5 ratings,$8
APRI,$1.6399,1441386624223,"97,275",83% bullish,of 6 ratings,$4.86
AGTC,$16.17,1441386624296,"7,788",50% bullish,of 2 ratings,$33
AAOI,$20.27,1441386624421,"61,791",50% bullish,of 4 ratings,$26
AREX,$2.46,1441386624462,"251,072",50% bullish,of 2 ratings,$3
APTO,$5.11,1441386624521,202,Not yet rated,NULL,$17
AMAT,$15.48,1441386624625,"3,720,317",82% bullish,of 11 ratings,$23
AQMS,$4.9528,1441386624679,"1,383",Not yet rated,NULL,N/A
AQXP,$15.87,1441386624811,"99,074",50% bullish,of 2 ratings,$2
AUMAU,NULL,1441386624892,0,Not yet rated,NULL,N/A
ARDM,NULL,1441386624967,0,100% bullish,of 1 rating,$26
AUMAW,NULL,1441386625048,0,Not yet rated,NULL,N/A
AUMA,$9.85,1441386625133,200,Not yet rated,NULL,N/A
PETX,$17.11,1441386625179,"58,118",100% bearish,of 2 ratings,$26
ABUS,$6.97,1441386625278,"157,077",86% bullish,of 14 ratings,$21.50
ARCW,$3.25,1441386625447,"241,136",100% bearish,of 2 ratings,$10.50
ABIO,$5.9301,1441386625472,"23,085",50% bullish,of 2 ratings,$3.75
RKDA,$5.56,1441386625531,"1,188",100% bearish,of 2 ratings,$10
ARCB,$28.45,1441386625756,"65,177",67% bearish,of 3 ratings,$39.50
ARDX,$19.03,1441386625782,"48,235",50% bullish,of 2 ratings,$24.50
ACGL,$68.2,1441386625856,"58,225",50% bullish,of 2 ratings,$72
ARNA,$2.7,1441386625985,"296,653",90% bullish,of 78 ratings,$5.50
ARGS,$6.1878,1441386626409,"2,902",50% bullish,of 2 ratings,$19.50
AGIIL,$25.33,1441386626456,"1,157",Not yet rated,NULL,N/A
ACAT,$25.13,1441386626482,"23,228",100% bearish,of 3 ratings,$33
AGII,$54.19,1441386626542,"14,544",Not yet rated,NULL,$59.50
ARIA,$7.96,1441386626612,"2,931,692",87% bullish,of 46 ratings,$9
ARCC,$15.36,1441386626640,"393,585",67% bearish,of 3 ratings,$17.75
ARMH,$42.635,1441386626666,"435,254",54% bearish,of 13 ratings,$60
ARIS,$3.69,1441386626743,100,Not yet rated,NULL,$4.50
ARKR,$25.07,1441386626960,"1,184",50% bullish,of 2 ratings,N/A
ARWA,NULL,1441386626991,0,Not yet rated,NULL,N/A
ARWAW,NULL,1441386627124,0,Not yet rated,NULL,N/A
ARWAU,$10.2,1441386627175,100,100% bullish,of 1 rating,N/A
ARWAR,NULL,1441386627203,0,Not yet rated,NULL,N/A
ARTX,$1.3501,1441386627235,"32,784",88% bullish,of 16 ratings,$4.50
ARQL,$1.6993,1441386627341,"9,519",75% bullish,of 4 ratings,$5
ARRY,$5.57,1441386627475,"576,207",100% bullish,of 7 ratings,$10
AROW,$27.24,1441386627642,"1,954",Not yet rated,NULL,N/A
DWAT,$9.7,1441386627774,"2,500",100% bearish,of 1 rating,N/A
ASND,$19.87,1441386627919,"20,222",50% bullish,of 2 ratings,$30
ARRS,$25.91,1441386627945,"153,218",50% bullish,of 2 ratings,$38
ARWR,$5.38,1441386627986,"426,604",75% bullish,of 4 ratings,$10.50
ARTNA,$21.61,1441386628074,"3,422",100% bearish,of 1 rating,$29
ARTW,NULL,1441386628170,0,75% bearish,of 4 ratings,N/A
ASBB,$25.4411,1441386628242,250,Not yet rated,NULL,N/A
ASCMA,$26.6,1441386628303,"10,399",100% bearish,of 1 rating,$45
ASMI,NULL,1441386628368,0,NULL,NULL,NULL
ASNA,$12.03,1441386628394,"849,188",50% bullish,of 2 ratings,$18
ASMB,$12.745,1441386628791,"22,403",67% bullish,of 3 ratings,N/A
APWC,$1.64,1441386628858,404,100% bearish,of 1 rating,N/A
ASTE,$37.99,1441386628918,"22,002",100% bearish,of 1 rating,$49
AZPN,$38.11,1441386628950,"160,466",50% bullish,of 2 ratings,$42
ASML,$91.39,1441386628971,"191,695",50% bullish,of 4 ratings,$127
ASTI,$0.2101,1441386629020,"2,297,202",83% bullish,of 6 ratings,$3
ATRO,$49.62,1441386629045,"58,224",100% bearish,of 2 ratings,$80
ASFI,$8.8,1441386629106,900,100% bullish,of 1 rating,N/A
ASUR,$5.42,1441386629424,"3,578",50% bullish,of 2 ratings,$8
ALOT,NULL,1441386629536,0,100% bearish,of 1 rating,N/A
ASTC,$2.22,1441386629564,"4,807",100% bullish,of 5 ratings,N/A
ATHN,$132.09,1441386629589,"53,284",67% bearish,of 3 ratings,$153
ATRA,$41.9404,1441386629615,"25,961",50% bullish,of 2 ratings,$68
ATAI,$2.35,1441386629640,"2,771",100% bearish,of 1 rating,N/A
AFCB,NULL,1441386630029,0,Not yet rated,NULL,N/A
AAPC,$10.1,1441386630065,7,Not yet rated,NULL,N/A
ACFC,$5.53,1441386630097,"2,938",100% bearish,of 1 rating,$6.50
ATHX,$1.13,1441386630122,"18,351",89% bullish,of 9 ratings,$5
ATLC,$3.93,1441386630201,600,67% bullish,of 3 ratings,N/A
ATNI,$73.9,1441386630306,"14,544",100% bearish,of 1 rating,$69.50
AAME,$3.4899,1441386630356,"1,203",Not yet rated,NULL,N/A
AAWW,$38.23,1441386630438,"87,307",50% bullish,of 2 ratings,$65
ATRC,$23.38,1441386630619,"40,471",100% bullish,of 1 rating,$30
ATML,$7.92,1441386630644,"1,701,075",78% bullish,of 9 ratings,$9.50
ATOS,$0.87,1441386630670,"80,030",100% bullish,of 7 ratings,$7
AFH,$16.155,1441386630800,"100,078",Not yet rated,NULL,$21.50
ATRM,NULL,1441386630955,0,50% bullish,of 2 ratings,N/A
LIFE,$14.26,1441386631063,"16,141",86% bullish,of 7 ratings,$43
AUBN,$26.5,1441386631164,700,Not yet rated,NULL,N/A
AUDC,$3.26,1441386631193,"14,184",80% bullish,of 5 ratings,$5
ATTU,$13,1441386631220,"10,205",100% bearish,of 1 rating,$20.50
ATRI,$371.95,1441386631268,504,Not yet rated,NULL,N/A
EARS,$4.3,1441386631299,"1,900",100% bearish,of 2 ratings,$11
AUPH,$3.3499,1441386631402,"6,799",100% bearish,of 1 rating,$8
ADSK,$45.4175,1441386631531,"557,675",67% bullish,of 6 ratings,$66
ABTL,$18.89,1441386631557,"37,578",100% bullish,of 4 ratings,$20.25
ADAT,$0.327,1441386631578,"575,952",100% bullish,of 2 ratings,N/A
AAVL,$10.02,1441386631771,"88,335",100% bearish,of 1 rating,$20
AVGO,$121.71,1441386631841,"597,301",88% bullish,of 8 ratings,$165
AVEO,$1.3603,1441386631908,"210,005",75% bullish,of 8 ratings,$3
ADP,$76.1,1441386631938,"499,702",100% bearish,of 1 rating,$88
AVNW,$1.2,1441386632013,"40,941",50% bullish,of 2 ratings,N/A
AVNU,$12.75,1441386632042,"1,000",Not yet rated,NULL,$14
AVGR,$14.82,1441386632199,"16,148",100% bearish,of 1 rating,$20
CAR,$42.275,1441386632299,"776,101",80% bullish,of 5 ratings,$60
AVID,$8.51,1441386632443,"92,598",100% bearish,of 1 rating,$20
AWRE,$3.1991,1441386632468,"6,529",67% bullish,of 3 ratings,N/A
AXPWW,NULL,1441386632520,0,Not yet rated,NULL,N/A
AXGN,$4.64,1441386632658,"8,150",Not yet rated,NULL,$5
ACLS,$3.21,1441386632686,"67,762",67% bullish,of 6 ratings,$4.75
AXTI,$2.11,1441386632708,"3,798",50% bullish,of 2 ratings,$2.75
BCOM,NULL,1441386632735,0,100% bearish,of 1 rating,N/A
AXPW,$1.8601,1441386632760,"243,623",86% bullish,of 7 ratings,N/A
RILY,NULL,1441386632958,0,Not yet rated,NULL,N/A
BOSC,$2.07,1441386633273,"2,900",50% bullish,of 2 ratings,N/A
BIDU,$144.56,1441386633381,"935,738",81% bullish,of 88 ratings,$210
BWINA,NULL,1441386633449,0,Not yet rated,NULL,N/A
BANFP,$26.8,1441386633481,266,Not yet rated,NULL,N/A
BEAV,$48.68,1441386633521,"144,265",67% bearish,of 3 ratings,$59
BCPC,$57.19,1441386633546,"48,405",100% bearish,of 1 rating,$75
BLDP,$1.3038,1441386633627,"66,269",91% bullish,of 22 ratings,$2.50
BANF,$59.13,1441386633690,"5,301",Not yet rated,NULL,$68
BWINB,$22.3,1441386633762,"1,565",Not yet rated,NULL,N/A
BOCH,$5.72,1441386633894,95,Not yet rated,NULL,$6.50
BKMU,$6.8501,1441386633920,"7,429",Not yet rated,NULL,$8
BKSC,$16.9112,1441386633964,800,Not yet rated,NULL,N/A
BMRC,$48.41,1441386634051,"2,184",Not yet rated,NULL,$52
BOTJ,NULL,1441386634076,0,Not yet rated,NULL,N/A
OZRK,$40.3,1441386634268,"49,421",67% bullish,of 3 ratings,$49.50
BZUN,$5.2026,1441386634529,"82,589",50% bullish,of 2 ratings,$11.50
BANR,$43.58,1441386634565,"18,578",100% bullish,of 3 ratings,$50
BWFG,$18.34,1441386634623,"3,513",100% bearish,of 1 rating,N/A
BHACU,NULL,1441386634657,0,Not yet rated,NULL,N/A
TAPR,$31.994,1441386634685,700,100% bearish,of 1 rating,N/A
BFIN,$12.0557,1441386634789,"3,724",Not yet rated,NULL,$13
BHAC,NULL,1441386634963,0,Not yet rated,NULL,N/A
BHACR,$0.21,1441386634987,"2,098",Not yet rated,NULL,N/A
BHACW,NULL,1441386635043,0,Not yet rated,NULL,N/A
BBSI,$34.64,1441386635178,"8,526",67% bearish,of 3 ratings,$62.50
BYBK,$4.95,1441386635250,200,100% bearish,of 1 rating,N/A
BYLK,$12.84,1441386635322,300,Not yet rated,NULL,$14
BSET,$28.76,1441386635394,"19,897",100% bearish,of 1 rating,$35
BBCN,$14.165,1441386635480,"38,141",100% bearish,of 1 rating,$16
BV,$5.05,1441386635619,"89,296",67% bullish,of 6 ratings,$8.75
BCBP,$11.31,1441386635717,42,Not yet rated,NULL,N/A
BBGI,$3.95,1441386635801,"1,019",100% bearish,of 1 rating,N/A
BSF,$8.26,1441386636019,"13,371",Not yet rated,NULL,N/A
BEBE,$1.18,1441386636078,"321,012",75% bullish,of 4 ratings,$2.125
BDCV,$4.8837,1441386636285,"2,472",100% bearish,of 1 rating,$10.19
BELFA,$15,1441386636314,12,100% bearish,of 1 rating,N/A
BECN,$35.6,1441386636340,"55,911",50% bullish,of 2 ratings,$40
BELFB,$18.59,1441386636409,"3,960",100% bearish,of 1 rating,N/A
BBBY,$62.01,1441386636435,"258,584",71% bullish,of 7 ratings,$75
BNFT,$35.73,1441386636862,"22,517",67% bullish,of 3 ratings,$46
BLPH,$4.21,1441386636916,"5,993",100% bearish,of 1 rating,$12.50
BGCP,$8.73,1441386636947,"233,649",88% bullish,of 8 ratings,$14
BGMD,$0.6149,1441386636968,"51,927",100% bullish,of 10 ratings,N/A
BNTC,$7.1,1441386637003,"1,400",100% bullish,of 1 rating,N/A
BLCM,$15.89,1441386637050,"39,374",50% bullish,of 4 ratings,$40
BNCL,$12.4,1441386637109,"72,670",100% bullish,of 3 ratings,$12.50
ORPN,$5.48,1441386637366,"2,403",100% bullish,of 1 rating,$28.50
BIND,$4.84,1441386637434,"9,943",75% bullish,of 4 ratings,$13.50
BGFV,$11.35,1441386637464,"31,005",57% bullish,of 7 ratings,$12
BASI,$1.6358,1441386637597,200,Not yet rated,NULL,N/A
BIOC,$2.0199,1441386637656,"101,258",83% bullish,of 6 ratings,$3.85
BCDA,NULL,1441386637789,0,Not yet rated,NULL,N/A
BCRX,$11.3,1441386637855,"111,441",63% bullish,of 8 ratings,$18
BDSI,$6.29,1441386637882,"256,804",88% bullish,of 8 ratings,$17
BIIB,$299.75,1441386638010,"401,985",88% bullish,of 16 ratings,$400
BIOL,$1.55,1441386638078,"4,508",Not yet rated,NULL,N/A
BIOD,$0.6972,1441386638102,"6,966",80% bullish,of 5 ratings,$4
BLFS,$2.33,1441386638269,"65,657",100% bearish,of 1 rating,$4.75
BLRX,$1.69,1441386638370,"120,728",100% bullish,of 12 ratings,$5
BMRN,$125.1,1441386638427,"173,709",80% bullish,of 5 ratings,$160
BVXVW,$0.82,1441386638524,"1,200",100% bearish,of 1 rating,N/A
BVXV,$3.67,1441386638553,"17,107",Not yet rated,NULL,N/A
BPTH,$1.1599,1441386638658,"16,554",100% bullish,of 2 ratings,$5
BIOS,$2.37,1441386638718,"167,741",71% bullish,of 7 ratings,$4
BRLI,NULL,1441386638859,0,NULL,NULL,NULL
BBC,$31.05,1441386638946,"2,158",Not yet rated,NULL,N/A
BSTC,$48.62,1441386639011,"11,171",100% bearish,of 1 rating,$76
BSPM,$0.7201,1441386639039,"53,841",50% bullish,of 2 ratings,N/A
BBP,$31.9234,1441386639114,"9,963",Not yet rated,NULL,N/A
TECH,$92.32,1441386639199,"84,523",100% bullish,of 1 rating,$117
BOTA,$2.12,1441386639243,"17,069",88% bullish,of 8 ratings,N/A
BEAT,$15.5734,1441386639331,"161,926",67% bearish,of 3 ratings,$15
BITI,$16.65,1441386639382,"6,545",100% bullish,of 1 rating,$28
BDMS,NULL,1441386639464,0,100% bearish,of 1 rating,N/A
BBOX,$14.76,1441386639659,"10,913",100% bearish,of 1 rating,N/A
BJRI,$44.02,1441386639763,"48,168",50% bullish,of 2 ratings,$55
BDE,$7.42,1441386639788,"16,363",50% bullish,of 2 ratings,$9
BLKB,$56.87,1441386639978,"30,784",100% bearish,of 2 ratings,$66
HAWK,$38.85,1441386640012,"27,134",91% bullish,of 11 ratings,$49
ADRA,$26.1036,1441386640038,"1,398",100% bearish,of 1 rating,N/A
BBRY,$7.51,1441386640111,"4,546,873",61% bullish,of 331 ratings,$9
BKCC,$9.42,1441386640141,"80,870",50% bullish,of 2 ratings,$10
ADRU,$21,1441386640249,762,100% bearish,of 1 rating,N/A
ADRD,$21.1875,1441386640352,"1,813",100% bearish,of 1 rating,N/A
ADRE,$28.5808,1441386640517,"8,752",100% bearish,of 1 rating,N/A
BCOR,$13.29,1441386640552,"39,892",57% bullish,of 7 ratings,$15
BLMN,$20.34,1441386640615,"98,009",83% bullish,of 6 ratings,$27.50
BLBD,$11.59,1441386640709,"1,390",Not yet rated,NULL,N/A
BBLU,$0.88,1441386640734,"357,791",100% bullish,of 2 ratings,$4.43
BHBK,$14.01,1441386640928,"31,069",100% bullish,of 1 rating,$14.50
BUFF,$23.73,1441386640993,"204,559",77% bullish,of 13 ratings,$31.50
NILE,$33.46,1441386641066,"8,624",50% bullish,of 2 ratings,$34
BLUE,$127.2847,1441386641097,"130,345",71% bullish,of 7 ratings,$217.50
BNCN,$20.89,1441386641170,"11,104",Not yet rated,NULL,$24
BPMC,$28.04,1441386641200,"16,210",50% bullish,of 2 ratings,$47.50
BKEPP,NULL,1441386641299,0,100% bearish,of 1 rating,N/A
BKEP,$6.5,1441386641373,"7,798",100% bearish,of 1 rating,$8.50
BOFI,$113.34,1441386641470,"152,476",100% bullish,of 6 ratings,$144
WIFI,$7.495,1441386641575,"58,514",50% bullish,of 2 ratings,$13.50
BOJA,$20.147,1441386641707,"56,512",100% bullish,of 1 rating,$30
BOBE,$44.81,1441386641740,"114,037",75% bullish,of 4 ratings,$57
BAMM,$3.2,1441386641890,857,60% bullish,of 5 ratings,N/A
BPFH,$11.74,1441386641919,"88,429",100% bearish,of 1 rating,$14
BNSO,$1.2301,1441386642020,900,100% bearish,of 1 rating,N/A
BOKF,$61.64,1441386642090,"32,150",100% bearish,of 1 rating,$69
EPAY,$26.34,1441386642115,"25,457",100% bearish,of 2 ratings,$30
BONA,$11.115,1441386642182,"26,566",75% bullish,of 4 ratings,$8.50
BPFHW,NULL,1441386642247,0,100% bearish,of 1 rating,N/A
BPFHP,$24.4601,1441386642281,200,100% bearish,of 1 rating,N/A
BDBD,$8.22,1441386642390,"93,081",60% bullish,of 5 ratings,$10
BCLI,$3.1399,1441386642522,"47,395",80% bullish,of 5 ratings,$12
BBEP,$2.6999,1441386642720,"290,589",69% bullish,of 13 ratings,$5.625
BBEPP,$14.58,1441386642750,"3,443",50% bullish,of 2 ratings,N/A
BBRG,$12.4,1441386642850,"6,692",67% bullish,of 3 ratings,$14.50
BRID,$8.1,1441386642876,2,100% bearish,of 1 rating,N/A
BDGE,$25.79,1441386642905,"4,167",Not yet rated,NULL,$31.75
BLIN,$1.6499,1441386643009,"320,838",50% bullish,of 2 ratings,$2.20
BSFT,$31.99,1441386643198,"33,456",57% bullish,of 7 ratings,$40.50
BRCM,$50.82,1441386643243,"768,954",69% bullish,of 13 ratings,$56
BVSN,$5.9,1441386643400,"1,100",60% bearish,of 5 ratings,N/A
BCOV,$5.182,1441386643427,"24,551",67% bullish,of 3 ratings,$10.20
BWEN,$3.15,1441386643458,"21,084",75% bullish,of 4 ratings,$8
BYFC,NULL,1441386643484,0,50% bullish,of 2 ratings,N/A
BRCD,$10.18,1441386643561,"418,505",92% bullish,of 13 ratings,$12
BRKL,$10.4,1441386643770,"81,410",100% bearish,of 1 rating,$12
BRKS,$10.34,1441386643832,"75,908",67% bullish,of 3 ratings,$15.25
BMTC,$29.09,1441386643895,"14,606",Not yet rated,NULL,$34
BRKR,$17.81,1441386643997,"116,275",100% bearish,of 2 ratings,$22
BWLD,$194.987,1441386644024,"68,309",82% bullish,of 11 ratings,$205
BSQR,$6.23,1441386644049,"8,887",67% bullish,of 3 ratings,N/A
BLMT,$21.03,1441386644099,328,Not yet rated,NULL,N/A
BLDR,$15.36,1441386644232,"356,142",67% bullish,of 3 ratings,$22
CFFI,$35.503,1441386644279,100,100% bearish,of 1 rating,N/A
CHRW,$67.695,1441386644334,"285,592",Not yet rated,NULL,$72
BUR,$1.7178,1441386644460,200,100% bearish,of 1 rating,$8
CA,$26.985,1441386644565,"696,968",50% bullish,of 4 ratings,$33
CCMP,$42.29,1441386644717,"8,207",50% bullish,of 2 ratings,$59
CDNS,$20.27,1441386644789,"477,964",75% bullish,of 4 ratings,$22.50
CDZI,$7.2999,1441386644814,"13,278",100% bearish,of 1 rating,N/A
CSTE,$39.17,1441386644949,"54,770",50% bullish,of 2 ratings,$65
CZR,$9.25,1441386644974,"137,911",60% bearish,of 5 ratings,$10.50
PRSS,$4.42,1441386645107,"3,252",80% bullish,of 5 ratings,$4.50
CACQ,$7.05,1441386645210,"44,582",100% bearish,of 1 rating,$12.25
CHY,$11,1441386645281,"67,293",Not yet rated,NULL,N/A
CLMS,$9.67,1441386645392,"55,588",Not yet rated,NULL,$10.50
CLBS,$1.7101,1441386645523,"45,004",79% bullish,of 14 ratings,$4
CHI,$10.32,1441386645584,"81,998",100% bearish,of 1 rating,N/A
CCD,$19.385,1441386645615,"21,671",Not yet rated,NULL,N/A
CFGE,NULL,1441386645714,0,Not yet rated,NULL,N/A
CSQ,$9.65,1441386645868,"138,027",Not yet rated,NULL,N/A
CHW,$7.359,1441386645916,"115,548",100% bearish,of 1 rating,N/A
CALA,$6.07,1441386646088,"102,086",67% bullish,of 3 ratings,$19.50
CALD,$15.91,1441386646290,"82,782",100% bearish,of 1 rating,$21
CVGW,$50.06,1441386646320,"150,241",50% bullish,of 2 ratings,$62
CFNB,NULL,1441386646341,0,100% bearish,of 1 rating,N/A
CAMP,$15.905,1441386646420,"134,833",88% bullish,of 8 ratings,$25
CGO,$11.82,1441386646483,"6,395",100% bearish,of 1 rating,N/A
CALM,$52.525,1441386646625,"59,090",80% bullish,of 5 ratings,$63.50
CLMT,$25.58,1441386646674,"37,115",75% bullish,of 8 ratings,$31
ABCD,$5.06,1441386646734,"18,179",83% bullish,of 6 ratings,N/A
CAMB,NULL,1441386646806,0,Not yet rated,NULL,N/A
CAMBU,NULL,1441386647112,0,100% bearish,of 1 rating,N/A
CAC,$39.685,1441386647175,"4,309",Not yet rated,NULL,N/A
CAMBW,NULL,1441386647214,0,Not yet rated,NULL,N/A
CPHC,NULL,1441386647259,0,100% bearish,of 1 rating,N/A
CAMT,$2.62,1441386647317,"16,529",73% bullish,of 11 ratings,$4
CBNJ,$11.1855,1441386647342,"3,662",100% bearish,of 1 rating,N/A
CSIQ,$18.2699,1441386647408,"326,837",86% bullish,of 28 ratings,$42.50
CGIX,$9.9499,1441386647513,"1,040",67% bullish,of 3 ratings,$14.375
CCBG,$14.97,1441386648077,"1,238",Not yet rated,NULL,$17.25
CPLA,$49.02,1441386648174,"17,221",67% bearish,of 3 ratings,$65
CBF,$29.97,1441386648199,"9,045",Not yet rated,NULL,$32
CPTA,$13.94,1441386648343,"5,627",100% bearish,of 1 rating,$18.25
CFFN,$11.77,1441386648389,"86,607",Not yet rated,NULL,$12.75
CAPR,$4.36,1441386648520,"2,941",Not yet rated,NULL,$12
CAPNW,NULL,1441386648620,0,Not yet rated,NULL,N/A
CPLP,$6.9201,1441386648722,"77,306",71% bullish,of 7 ratings,$11
CSWC,$43.25,1441386648792,"18,147",Not yet rated,NULL,N/A
CARA,$18.865,1441386648821,"61,442",50% bullish,of 4 ratings,$25
CARB,$11.12,1441386648881,"11,940",75% bullish,of 4 ratings,$12
CPST,$0.384,1441386648922,"191,831",95% bullish,of 22 ratings,$1.25
CAPN,$2.1644,1441386649023,"29,495",100% bullish,of 1 rating,$10.85
CBYL,$5.135,1441386649055,"19,060",100% bearish,of 1 rating,$20
CRDC,$0.3479,1441386649219,"104,350",100% bullish,of 1 rating,$1.25
CFNL,$21.91,1441386649315,"14,480",Not yet rated,NULL,$24
CSII,$22.57,1441386649640,"46,559",100% bearish,of 2 ratings,$42.125
CATM,$33.76,1441386649700,"69,683",100% bearish,of 1 rating,$44
CDNA,$7,1441386649725,"18,983",100% bearish,of 1 rating,$9
CRME,$9.5,1441386649767,"3,707",89% bullish,of 9 ratings,$11.25
CECO,$3.61,1441386649792,"55,521",67% bearish,of 3 ratings,$6
CARO,$15.09,1441386649950,704,100% bearish,of 1 rating,$19
CKEC,$22.11,1441386650133,"46,968",50% bullish,of 2 ratings,$35.915
CRZO,$34.89,1441386650177,"350,494",67% bearish,of 3 ratings,$54.50
CRTN,$2.49,1441386650226,468,100% bearish,of 1 rating,N/A
CART,NULL,1441386650260,0,100% bearish,of 1 rating,N/A
CTRE,$10.92,1441386650288,"71,615",50% bullish,of 2 ratings,$13.50
CLBH,$12.5001,1441386650358,611,Not yet rated,NULL,$16.50
TAST,$12.63,1441386650386,"74,210",Not yet rated,NULL,$14.25
CASM,$1.21,1441386650792,"6,164",100% bullish,of 1 rating,$3.50
CATB,$11.24,1441386650982,"6,615",100% bearish,of 1 rating,$28
CASY,$105.724,1441386651019,"59,261",50% bullish,of 2 ratings,$99.50
CSCD,$15.3,1441386651044,"4,634",100% bullish,of 2 ratings,$17
CARV,$6.3,1441386651333,"6,200",50% bullish,of 2 ratings,N/A
CACB,$5.28,1441386651411,"11,606",Not yet rated,NULL,$5.50
CPRX,$3.6561,1441386651447,"274,268",71% bullish,of 7 ratings,$7
CATY,$28.97,1441386651494,"139,770",100% bearish,of 1 rating,$33.50
CWST,$6.28,1441386651525,"13,290",50% bullish,of 2 ratings,$7.25
CVCO,$70.82,1441386651551,"1,945",100% bearish,of 1 rating,N/A
CASI,$1.3001,1441386651574,"1,584",100% bullish,of 1 rating,$3.50
CASS,$48.37,1441386651603,"5,281",100% bearish,of 1 rating,N/A
CBFV,$21.4599,1441386652027,421,Not yet rated,NULL,$25
CAVM,$68.265,1441386652052,"153,646",67% bearish,of 3 ratings,$72
CNLM,NULL,1441386652078,0,Not yet rated,NULL,N/A
CATYW,NULL,1441386652121,0,100% bearish,of 1 rating,N/A
CNLMU,NULL,1441386652291,0,100% bullish,of 1 rating,N/A
CNLMW,NULL,1441386652316,0,Not yet rated,NULL,N/A
CNLMR,NULL,1441386652361,0,Not yet rated,NULL,N/A
CDK,$48.24,1441386652499,"39,349",67% bearish,of 3 ratings,$50
CECE,$9.749,1441386652564,"96,038",50% bullish,of 2 ratings,$16
CPXX,$2.289,1441386652635,"14,467",100% bullish,of 2 ratings,$7
CDW,$38.72,1441386652713,"147,807",75% bullish,of 4 ratings,$44
CELGZ,$1.76,1441386652744,7,80% bullish,of 5 ratings,N/A
CELG,$116.71,1441386652858,"988,423",100% bullish,of 13 ratings,$156
CBOE,$63.72,1441386652964,"79,277",Not yet rated,NULL,$63
CLDN,$1.2,1441386652993,"25,371",63% bullish,of 8 ratings,$3
CLDX,$13.95,1441386653022,"220,004",89% bullish,of 9 ratings,$36
CLRB,$3,1441386653383,320,100% bearish,of 1 rating,N/A
CLLS,$31.81,1441386653576,"28,364",75% bullish,of 4 ratings,$51.50
CLSN,$2.01,1441386653636,"32,137",80% bullish,of 10 ratings,$7.50
CYAD,$47.01,1441386653716,100,100% bullish,of 1 rating,$87.50
CETX,$2.4401,1441386653766,"14,600",Not yet rated,NULL,$5.60
CLRBW,NULL,1441386653791,0,Not yet rated,NULL,N/A
CLTX,$1.84,1441386653925,"38,565",100% bullish,of 2 ratings,N/A
CEMP,$32.89,1441386653950,"129,769",71% bullish,of 7 ratings,$52
CBMG,$23.12,1441386653989,"26,613",50% bullish,of 2 ratings,N/A
CFBK,$1.34,1441386654320,896,Not yet rated,NULL,N/A
CENT,$14.24,1441386654353,"65,921",Not yet rated,NULL,$10
CSFL,$13.56,1441386654380,"30,698",Not yet rated,NULL,$15
CETV,$2.05,1441386654450,"16,158",67% bullish,of 3 ratings,$2.80
CENTA,$14.57,1441386654508,"47,913",Not yet rated,NULL,N/A
CVCY,$11.54,1441386654537,198,Not yet rated,NULL,$12
CENX,$5.27,1441386654777,"524,841",67% bullish,of 6 ratings,$9
CNTY,$5.8959,1441386654942,"2,923",80% bullish,of 5 ratings,$7.75
CNBKA,$39.12,1441386655009,198,50% bullish,of 2 ratings,N/A
CPHD,$48.96,1441386655112,"205,380",67% bearish,of 3 ratings,$66
CERN,$59.71,1441386655143,"192,991",67% bullish,of 3 ratings,$79
CERE,$1.13,1441386655169,"140,355",88% bullish,of 8 ratings,N/A
CRNT,$1.38,1441386655249,"18,456",50% bullish,of 2 ratings,$2
CERU,$4.1936,1441386655314,"9,781",75% bullish,of 4 ratings,$14
CERS,$5.122,1441386655348,"257,323",75% bullish,of 4 ratings,$7
KOOL,$0.65,1441386655602,"15,160",100% bullish,of 5 ratings,$7
CEVA,$19.1206,1441386655681,"8,080",100% bearish,of 1 rating,$25
HOTRW,$0.15,1441386655711,"10,650",Not yet rated,NULL,N/A
CTHR,$1.2113,1441386655818,"8,650",50% bullish,of 2 ratings,$2.50
CYOU,$18.4853,1441386655843,"23,066",50% bullish,of 6 ratings,$24
HOTR,$1.32,1441386655897,"31,397",100% bullish,of 2 ratings,$5
GTLS,$23.13,1441386656035,"54,866",50% bullish,of 4 ratings,$40
CHTR,$181.5,1441386656096,"147,678",67% bearish,of 3 ratings,$202
CHFN,$12.09,1441386656179,"5,408",Not yet rated,NULL,$14
CHEK,NULL,1441386656259,0,Not yet rated,NULL,$7.75
CHKP,$77.92,1441386656321,"417,570",50% bullish,of 4 ratings,$92
CEMI,$4.22,1441386656585,"2,948",50% bullish,of 2 ratings,$7.50
CHFC,$30.3,1441386656623,"25,797",100% bearish,of 1 rating,$36
CHEKW,NULL,1441386656655,0,Not yet rated,NULL,N/A
CHKE,$25.54,1441386656681,"5,215",100% bearish,of 1 rating,$32.50
CCXI,$6.2101,1441386656754,"8,402",67% bullish,of 3 ratings,$14
CHEV,$14.3458,1441386656899,966,Not yet rated,NULL,N/A
CHMA,$28.155,1441386656932,"39,836",Not yet rated,NULL,$40
CHMG,$26.36,1441386656965,200,Not yet rated,NULL,$30
CBNK,$16.78,1441386657064,200,100% bearish,of 1 rating,N/A
CADC,$3.34,1441386657283,400,78% bullish,of 9 ratings,N/A
PLCE,$58.07,1441386657311,"38,259",100% bearish,of 1 rating,$69
CMRX,$48.65,1441386657365,"70,255",50% bullish,of 2 ratings,$57
CBAK,$2.05,1441386657455,"68,657",67% bullish,of 9 ratings,N/A
CALI,NULL,1441386657480,0,67% bullish,of 3 ratings,N/A
CAAS,$6.0046,1441386657642,"2,779",93% bullish,of 14 ratings,$11.50
CBPO,$92.41,1441386657688,"31,495",75% bullish,of 8 ratings,$140.50
CCCL,NULL,1441386657940,0,100% bullish,of 6 ratings,N/A
JRJC,$3.44,1441386658040,"13,220",82% bullish,of 11 ratings,N/A
CCCR,$0.7257,1441386658116,200,67% bearish,of 3 ratings,N/A
CHOP,$1.0937,1441386658146,235,50% bullish,of 2 ratings,N/A
CHLN,$1.8,1441386658173,300,67% bullish,of 3 ratings,N/A
CNIT,$1.17,1441386658202,"35,630",67% bullish,of 6 ratings,N/A
HGSH,$1.77,1441386658247,901,67% bullish,of 3 ratings,N/A
CJJD,$1.8,1441386658308,"1,200",100% bullish,of 1 rating,N/A
CREG,$0.6301,1441386658555,"12,550",100% bullish,of 3 ratings,N/A
HTHT,$25.53,1441386658628,"27,352",50% bullish,of 2 ratings,$28.40
CHNR,NULL,1441386658658,0,100% bearish,of 1 rating,N/A
CPGI,$6.905,1441386658684,"1,900",Not yet rated,NULL,N/A
CNTF,$0.8096,1441386658759,"12,586",Not yet rated,NULL,N/A
CSUN,$1.3563,1441386658928,"7,025",80% bullish,of 5 ratings,N/A
CXDC,$6.1399,1441386659002,"16,668",67% bearish,of 3 ratings,N/A
CNET,$0.84,1441386659133,"12,960",50% bullish,of 2 ratings,N/A
CCIH,$7.41,1441386659158,"63,903",67% bullish,of 6 ratings,$12.65
CHSCN,$27.0086,1441386659237,855,Not yet rated,NULL,N/A
IMOS,$19.5,1441386659452,"59,626",60% bullish,of 5 ratings,$21.50
CHSCM,$26.2526,1441386659477,"5,423",Not yet rated,NULL,N/A
CNYD,$3.21,1441386659532,200,67% bullish,of 3 ratings,N/A
CHSCL,$27.28,1441386659695,"6,864",Not yet rated,NULL,N/A
CHSCO,$28.42,1441386659731,768,Not yet rated,NULL,N/A
CHSCP,$30.694,1441386659763,100,Not yet rated,NULL,N/A
CHUY,$31.39,1441386659999,"25,454",50% bullish,of 2 ratings,$34
CHDN,$133.64,1441386660053,"22,211",Not yet rated,NULL,$165
CDTX,$14.15,1441386660106,"9,385",Not yet rated,NULL,$22
CMPR,$70.21,1441386660260,"43,438",50% bullish,of 2 ratings,$72.50
CIFC,$6.85,1441386660316,"7,235",100% bearish,of 1 rating,N/A
CMCT,NULL,1441386660513,0,100% bearish,of 1 rating,N/A
CINF,$51.85,1441386660539,"131,509",50% bullish,of 4 ratings,$50.50
CIDM,$0.5801,1441386660584,"6,915",50% bullish,of 2 ratings,$2.10
CPHR,$5,1441386660786,900,100% bearish,of 1 rating,$17
CTAS,$83.98,1441386660836,"92,640",100% bearish,of 1 rating,$91
CSCO,$25.505,1441386660869,"6,510,347",83% bullish,of 210 ratings,$32
CRUS,$29.52,1441386660973,"157,578",75% bullish,of 12 ratings,$44.50
CZNC,$19.5983,1441386661076,"2,553",Not yet rated,NULL,N/A
CTRN,$25.95,1441386661269,"23,017",100% bearish,of 1 rating,$31.50
CTXS,$67.86,1441386661312,"386,068",86% bullish,of 7 ratings,$80
CZWI,$9,1441386661337,316,Not yet rated,NULL,N/A
CZFC,NULL,1441386661398,0,Not yet rated,NULL,N/A
CHCO,$47.04,1441386661497,"9,358",Not yet rated,NULL,$46
CIZN,NULL,1441386661546,0,Not yet rated,NULL,N/A
CDTI,$1.5736,1441386661629,"16,750",75% bullish,of 4 ratings,$3.20
CIVBP,NULL,1441386661699,0,Not yet rated,NULL,N/A
CLNE,$5.2199,1441386661914,"209,399",80% bullish,of 15 ratings,$9
CIVB,$10.0001,1441386661968,"1,550",Not yet rated,NULL,$11
CLFD,$17.03,1441386662008,"2,849",67% bullish,of 3 ratings,$18
CLNT,$1.55,1441386662037,"4,600",75% bullish,of 8 ratings,N/A
CLIR,$5.03,1441386662069,"23,178",100% bullish,of 3 ratings,N/A
CLRO,$11.45,1441386662142,100,50% bullish,of 2 ratings,$14.25
CBLI,$4.16,1441386662326,"9,619",60% bullish,of 5 ratings,N/A
CLVS,$81.28,1441386662460,"90,002",60% bullish,of 5 ratings,$101.50
CME,$92.58,1441386662486,"485,576",67% bullish,of 3 ratings,$102
CNV,$4.38,1441386662617,"16,184",50% bullish,of 2 ratings,$7.15
CSBK,$13.79,1441386662647,"12,882",Not yet rated,NULL,N/A
CISG,$7.68,1441386662676,"2,100",100% bullish,of 5 ratings,$10
CCNE,$16.9,1441386662697,"3,369",50% bullish,of 2 ratings,$21.50
CMFN,$11.2387,1441386662748,"6,187",100% bearish,of 1 rating,$15.50
CWAY,$11.28,1441386662887,"1,600",Not yet rated,NULL,N/A
COBZ,$12.76,1441386662959,"10,815",100% bullish,of 1 rating,$14
COKE,$158.73,1441386663091,"3,418",79% bullish,of 19 ratings,N/A
CDRB,$9.39,1441386663150,"15,339",67% bullish,of 3 ratings,N/A
CVLY,NULL,1441386663277,0,Not yet rated,NULL,N/A
JVA,$4.6838,1441386663315,"3,500",83% bullish,of 6 ratings,$7
CDXS,$3.55,1441386663379,"16,272",64% bullish,of 11 ratings,$6
CTSH,$61.6,1441386663552,"857,612",90% bullish,of 10 ratings,$75
CCOI,$27.17,1441386663620,"77,235",50% bullish,of 4 ratings,$35
CGNT,$1.54,1441386663646,800,100% bullish,of 2 ratings,$2
CGNX,$34.5,1441386663703,"93,027",50% bullish,of 2 ratings,$47
CHRS,$25.37,1441386663775,"69,957",67% bearish,of 3 ratings,$37
CLRX,$0.6898,1441386663836,"11,404",50% bullish,of 2 ratings,N/A
COHU,$9.51,1441386663866,"11,631",100% bearish,of 1 rating,$14.25
COHR,$55.14,1441386663967,"19,751",50% bullish,of 2 ratings,$72
COLL,$15.36,1441386664126,"14,692",100% bearish,of 1 rating,$26
CIGI,$41.58,1441386664230,"13,035",100% bearish,of 1 rating,$52
CLCT,$17.86,1441386664275,"6,466",100% bearish,of 1 rating,N/A
CBAN,NULL,1441386664305,0,Not yet rated,NULL,N/A
CLCD,$5.75,1441386664367,"27,804",100% bearish,of 1 rating,$20.50
COLB,$29.24,1441386664501,"21,410",Not yet rated,NULL,$36
CMCO,$18.8147,1441386664566,"9,509",60% bullish,of 5 ratings,$28
CBMX,$1.12,1441386664699,"5,300",83% bullish,of 6 ratings,$3.15
CMCSA,$55.295,1441386664751,"2,751,052",66% bullish,of 35 ratings,$69.50
CMCSK,$56.3,1441386664864,"1,079,004",Not yet rated,NULL,$84
CBSH,$43.27,1441386664909,"62,440",50% bullish,of 2 ratings,$46
CBSHP,$25.396,1441386664962,"2,458",100% bearish,of 1 rating,N/A
CUBN,NULL,1441386664990,0,Not yet rated,NULL,N/A
COLM,$61.015,1441386665057,"21,347",100% bearish,of 1 rating,$71
CSAL,$20.1799,1441386665161,"130,742",75% bullish,of 4 ratings,$30
CVGI,$4.81,1441386665192,"15,743",50% bullish,of 2 ratings,$6
COMM,$32.49,1441386665239,"138,356",67% bearish,of 3 ratings,$35
JCS,$8.843,1441386665299,"2,200",67% bullish,of 3 ratings,N/A
ESXB,NULL,1441386665371,0,Not yet rated,NULL,N/A
CTBI,$34.47,1441386665533,"4,104",Not yet rated,NULL,$36
CYHHZ,$0.01,1441386665595,"7,982",100% bullish,of 1 rating,N/A
COB,$10.2,1441386665669,"1,600",100% bullish,of 1 rating,$11.75
CWBC,NULL,1441386665802,0,Not yet rated,NULL,N/A
CVLT,$35.35,1441386665863,"165,780",75% bullish,of 4 ratings,$44.50
CSA,NULL,1441386665990,0,Not yet rated,NULL,N/A
CID,$32.38,1441386666019,"1,305",Not yet rated,NULL,N/A
CIZ,$31.99,1441386666085,"12,709",100% bearish,of 1 rating,N/A
CIL,NULL,1441386666123,0,Not yet rated,NULL,N/A
CDC,$33.79,1441386666147,"40,192",Not yet rated,NULL,N/A
CSF,$36.03,1441386666344,"1,354",100% bearish,of 1 rating,N/A
CFA,$34.8288,1441386666369,500,100% bearish,of 1 rating,N/A
CFO,$34.64,1441386666397,"37,390",100% bearish,of 1 rating,N/A
CDL,$32.826,1441386666529,"1,157",Not yet rated,NULL,N/A
CGEN,$5.04,1441386666596,"25,936",50% bullish,of 2 ratings,$11
CPSI,$45.22,1441386666657,"16,271",100% bearish,of 1 rating,$45.50
CSB,NULL,1441386666682,0,Not yet rated,NULL,N/A
CTG,$6.5537,1441386666826,"3,471",100% bearish,of 1 rating,$8.50
SCOR,$47.462,1441386666962,"118,651",100% bearish,of 1 rating,$66
CHCI,$0.73,1441386666983,800,50% bullish,of 2 ratings,N/A
CNSI,$18.1,1441386667016,"19,851",100% bearish,of 2 ratings,$29
CMTL,$25.93,1441386667064,"5,126",100% bearish,of 2 ratings,$37
CNAT,$3.855,1441386667197,"29,514",83% bullish,of 6 ratings,$13
CXRX,$82.95,1441386667223,300,100% bearish,of 1 rating,$90
CNCE,$15.83,1441386667255,"23,859",75% bullish,of 4 ratings,$22
CCUR,$5.44,1441386667303,155,75% bullish,of 4 ratings,N/A
CDOR,$1.25,1441386667532,"3,600",100% bullish,of 1 rating,N/A
CDORP,$6.25,1441386667603,300,100% bearish,of 1 rating,N/A
CDORO,NULL,1441386667663,0,100% bearish,of 1 rating,N/A
CFMS,$13.95,1441386667684,"134,094",100% bearish,of 1 rating,$26.50
CTWS,$34.16,1441386667769,"3,122",100% bearish,of 1 rating,$44
CNFR,$10.06,1441386667813,12,Not yet rated,NULL,N/A
CNMD,$50.44,1441386667943,"39,149",Not yet rated,NULL,$59
CNOB,$18.75,1441386668001,"8,879",100% bullish,of 1 rating,$23.50
CNXR,$6.95,1441386668075,"63,708",100% bearish,of 1 rating,$12
CONN,$28.375,1441386668205,"147,669",67% bullish,of 3 ratings,$48.50
CWCO,$10.39,1441386668235,"31,362",67% bullish,of 3 ratings,$14.50
CNSL,$19.45,1441386668265,"52,573",100% bearish,of 1 rating,$23
CPSS,$5.53,1441386668370,"4,737",100% bullish,of 1 rating,$10
CTCT,$24.24,1441386668423,"52,134",67% bullish,of 3 ratings,$37
CFRX,$4.84,1441386668501,300,Not yet rated,NULL,$14
CFRXZ,NULL,1441386668718,0,Not yet rated,NULL,N/A
CPRT,$34.78,1441386668821,"91,570",67% bearish,of 3 ratings,$40
CRBP,$1.863,1441386668847,"53,425",100% bullish,of 2 ratings,$6.25
CFRXW,$1.7,1441386668872,500,100% bearish,of 1 rating,N/A
CTRV,$3.45,1441386668932,"4,550",Not yet rated,NULL,$6.40
CTRL,$8.27,1441386669035,"50,598",50% bullish,of 2 ratings,$11
CORE,$58.72,1441386669082,"32,450",100% bearish,of 1 rating,$72
CORT,$4.9,1441386669169,"94,538",67% bullish,of 3 ratings,$12
BVA,NULL,1441386669214,0,50% bullish,of 2 ratings,N/A
CORI,$10.35,1441386669368,"29,070",100% bearish,of 1 rating,$18
CSOD,$36.55,1441386669561,"79,910",50% bullish,of 2 ratings,$42
CRVL,$30.45,1441386669625,"3,908",100% bearish,of 1 rating,N/A
COSI,$1.07,1441386669661,"2,559",100% bullish,of 1 rating,N/A
COST,$138.5,1441386669688,"472,048",79% bullish,of 24 ratings,$154.50
CSGP,$175.23,1441386669726,"16,764",50% bullish,of 2 ratings,$235
CPAH,$0.4376,1441386669861,100,50% bullish,of 2 ratings,N/A
ICBK,NULL,1441386669888,0,Not yet rated,NULL,$21
CVTI,$22.69,1441386669914,"14,333",67% bearish,of 3 ratings,$39
COWN,$5.025,1441386670141,"183,660",75% bullish,of 4 ratings,$7
COVS,$2.51,1441386670190,"11,200",67% bullish,of 3 ratings,N/A
CPSH,$2.41,1441386670241,702,Not yet rated,NULL,N/A
CRAI,$23.05,1441386670274,"4,100",100% bearish,of 1 rating,$36
COWNL,$26.62,1441386670303,113,Not yet rated,NULL,N/A
CBRL,$146.145,1441386670377,"41,882",50% bullish,of 2 ratings,$155
BREW,$7.6104,1441386670401,"5,605",67% bullish,of 6 ratings,$15
CRAY,$20.59,1441386670664,"46,102",83% bullish,of 6 ratings,$38.50
GLDI,$11.02,1441386670690,"17,502",100% bearish,of 1 rating,N/A
CACC,$198.01,1441386670717,"32,181",50% bullish,of 2 ratings,$158.50
CREE,$25.9,1441386670856,"198,319",65% bullish,of 17 ratings,$29.50
SLVO,$10.08,1441386670887,237,100% bearish,of 1 rating,N/A
CRESY,$10.04,1441386670930,"6,079",100% bearish,of 1 rating,$19
CRTO,$37.025,1441386670957,"190,518",67% bullish,of 6 ratings,$64
CCRN,$14.05,1441386671094,"134,239",100% bearish,of 1 rating,$14.25
CRWS,$8.07,1441386671354,"5,500",Not yet rated,NULL,$10
CROX,$13.98,1441386671417,"303,293",63% bullish,of 8 ratings,$16.50
CYRXW,$0.745,1441386671453,"8,500",Not yet rated,NULL,N/A
CYRX,$2.956,1441386671489,"10,378",Not yet rated,NULL,$9
CRWN,$5.21,1441386671515,"66,704",75% bullish,of 4 ratings,N/A
CRDS,$1.1605,1441386671583,"76,152",50% bullish,of 4 ratings,$3.375
CCLP,$13.47,1441386671609,"41,220",67% bearish,of 3 ratings,$20
CSGS,$29.6,1441386671681,"48,314",Not yet rated,NULL,$40
CTIC,$1.52,1441386671888,"160,960",84% bullish,of 76 ratings,$5.75
CSPI,$5.63,1441386672021,"3,378",67% bullish,of 3 ratings,N/A
CTCM,$1.7,1441386672065,"26,600",80% bearish,of 5 ratings,$3.90
CUNB,$21.725,1441386672114,"4,364",Not yet rated,NULL,$24.50
CUI,$5.15,1441386672164,"8,109",50% bullish,of 2 ratings,$10
CPIX,$6.118,1441386672190,"4,010",Not yet rated,NULL,N/A
CTIB,NULL,1441386672218,0,100% bearish,of 1 rating,N/A
CTRP,$63.775,1441386672270,"453,674",75% bullish,of 8 ratings,$92.50
CRIS,$2.54,1441386672425,"32,210",100% bullish,of 8 ratings,$6
CUTR,$14.89,1441386672473,"33,661",67% bearish,of 3 ratings,$18
CMLS,$1.31,1441386672601,"41,893",50% bullish,of 4 ratings,$6
CVBF,$15.85,1441386672655,"42,873",Not yet rated,NULL,$18
CVV,$11.22,1441386672734,"1,812",100% bullish,of 5 ratings,N/A
CYAN,$6.43,1441386672758,950,100% bearish,of 1 rating,N/A
CYBR,$45.8,1441386672794,"1,175,134",75% bullish,of 8 ratings,$68.50
CYCCP,$5.51,1441386673097,"1,504",100% bearish,of 1 rating,N/A
CYBX,$64.63,1441386673169,"39,815",50% bullish,of 4 ratings,$71.50
CBAY,$2.69,1441386673227,"5,500",100% bullish,of 1 rating,$4
CYCC,$0.56,1441386673259,"24,692",73% bullish,of 11 ratings,N/A
CYNA,$16.06,1441386673287,"3,302",50% bullish,of 2 ratings,$31.50
CYBE,$6.9,1441386673314,"5,218",100% bearish,of 1 rating,N/A
CYNO,$32.76,1441386673343,"62,932",67% bearish,of 3 ratings,$45.50
CY,$9.91,1441386673391,"739,231",80% bullish,of 10 ratings,$15.50
CYRN,$1.715,1441386673645,"9,620",67% bullish,of 3 ratings,$4
CONE,$31.79,1441386673700,"140,572",67% bearish,of 3 ratings,$35.50
CYTK,$7.19,1441386673781,"52,819",71% bullish,of 14 ratings,$13.50
CYTX,$0.3694,1441386673877,"572,224",83% bullish,of 12 ratings,$5.50
CYTR,$2.4608,1441386673938,"137,702",67% bullish,of 6 ratings,$10
TVIZ,$24.51,1441386673964,"1,900",100% bearish,of 1 rating,N/A
DAEG,$0.36,1441386674011,95,100% bearish,of 1 rating,N/A
CTSO,$7.2701,1441386674192,"20,495",Not yet rated,NULL,$15.625
ZIV,$34.68,1441386674244,"24,367",Not yet rated,NULL,N/A
XIV,$22.5557,1441386674280,"10,622,977",75% bearish,of 4 ratings,N/A
TVIX,$17.3201,1441386674301,"7,049,877",81% bullish,of 16 ratings,N/A
DARA,$0.83,1441386674373,"23,427",83% bullish,of 6 ratings,$1.50
DAKT,$8.538,1441386674399,"75,958",50% bullish,of 2 ratings,$12
DJCO,$196.76,1441386674543,64,Not yet rated,NULL,N/A
DAIO,$2.51,1441386674610,200,Not yet rated,NULL,N/A
DTLK,$5.5399,1441386674804,"32,959",100% bearish,of 1 rating,$9
DRAM,$1.2994,1441386674857,"6,800",78% bullish,of 9 ratings,N/A
DWCH,$4.97,1441386674990,"6,727",75% bullish,of 4 ratings,$8.25
DTEA,$13.28,1441386675016,"10,640",100% bearish,of 2 ratings,$24
DBVT,$36.76,1441386675042,"39,440",100% bearish,of 1 rating,$53
PLAY,$36.38,1441386675090,"138,720",100% bullish,of 5 ratings,$42
TRAK,$62.88,1441386675175,"299,040",50% bullish,of 2 ratings,$62.50
DWSN,$4.25,1441386675220,"7,936",67% bullish,of 3 ratings,N/A
DFRG,$14.24,1441386675310,"45,233",100% bearish,of 1 rating,$20
DHRM,$1.61,1441386675351,494,Not yet rated,NULL,N/A
TACOW,$4.736,1441386675416,"2,900",100% bullish,of 1 rating,N/A
DCTH,$0.496,1441386675455,"499,569",78% bullish,of 9 ratings,N/A
TACO,$13.01,1441386675522,"9,655",75% bullish,of 4 ratings,$20
DGAS,$20.3,1441386675595,944,67% bearish,of 3 ratings,N/A
DELT,$2.05,1441386675740,860,Not yet rated,NULL,N/A
DENN,$11.3099,1441386675903,"102,665",100% bullish,of 3 ratings,$15
DEPO,$26.46,1441386675950,"118,882",60% bullish,of 5 ratings,$29
XRAY,$51.03,1441386675995,"220,232",100% bullish,of 1 rating,$58
DELTW,NULL,1441386676037,0,Not yet rated,NULL,N/A
DERM,$25.39,1441386676098,"9,975",100% bearish,of 1 rating,$33.50
DSCI,$6.14,1441386676123,"38,973",50% bullish,of 2 ratings,$16
DXLG,$6.46,1441386676151,"71,923",100% bearish,of 1 rating,$8
DEST,$10.22,1441386676281,"6,532",50% bullish,of 2 ratings,N/A
DXCM,$87.7486,1441386676412,"96,520",57% bullish,of 7 ratings,$98
DSWL,$1.5399,1441386676469,"4,300",100% bullish,of 1 rating,N/A
DHXM,$6.05,1441386676563,500,100% bearish,of 1 rating,N/A
DMND,$30.47,1441386676595,"15,433",75% bullish,of 12 ratings,$32
DXM,$0.2706,1441386676620,"39,169",50% bullish,of 2 ratings,N/A
DHIL,$188.95,1441386676694,500,Not yet rated,NULL,N/A
DCIX,$1.6031,1441386676855,"18,279",50% bullish,of 4 ratings,$3.50
FANG,$66.17,1441386676880,"217,651",50% bullish,of 2 ratings,$86
DRNA,$10.88,1441386676921,"53,747",67% bearish,of 3 ratings,$25
DGII,$10.275,1441386677134,"4,306",100% bearish,of 1 rating,$11
DGLY,$7.2331,1441386677176,"15,943",50% bullish,of 6 ratings,$20
APPS,$2.105,1441386677207,"27,531",100% bearish,of 1 rating,$10.25
DMRC,$37.75,1441386677234,"9,820",100% bearish,of 1 rating,$44
DRAD,$3.7552,1441386677310,"7,469",100% bullish,of 1 rating,$5.25
DCOM,$16.56,1441386677371,"13,675",100% bearish,of 2 ratings,$16
DIOD,$22.76,1441386677397,"169,071",75% bearish,of 4 ratings,$24
DPRX,$14.06,1441386677574,"11,105",100% bullish,of 2 ratings,$27.75
DISCA,$26.705,1441386677661,"425,694",67% bullish,of 3 ratings,$34
DISCB,NULL,1441386677741,0,100% bearish,of 1 rating,$35
DISH,$58.7,1441386677774,"398,950",69% bullish,of 13 ratings,$73
DSCO,$0.4503,1441386677800,"131,805",83% bullish,of 6 ratings,$2.75
DISCK,$25.35,1441386677875,"288,545",100% bearish,of 1 rating,$32
BAGR,$2.6716,1441386678190,"8,408",100% bearish,of 1 rating,$6
DLHC,$2.4928,1441386678215,100,100% bearish,of 1 rating,N/A
DVCR,NULL,1441386678245,0,100% bullish,of 1 rating,N/A
DLTR,$68.22,1441386678270,"2,357,619",82% bullish,of 11 ratings,$85
DNBF,$26,1441386678296,600,Not yet rated,NULL,$27.50
DMLP,$14.8699,1441386678347,"4,184",100% bearish,of 1 rating,N/A
DGICB,NULL,1441386678427,0,100% bearish,of 1 rating,N/A
DGICA,$13.69,1441386678456,"3,525",100% bearish,of 1 rating,$17
HILL,$9.69,1441386678698,"234,195",60% bearish,of 5 ratings,$9.75
DORM,$50,1441386678724,"89,167",100% bearish,of 1 rating,$56
DRWI,$0.2074,1441386678861,"97,023",60% bullish,of 5 ratings,$.45
DRWIW,$0.0445,1441386678976,"7,100",Not yet rated,NULL,N/A
DWA,$20.55,1441386679002,"166,317",63% bullish,of 8 ratings,$26
DRYS,$0.4455,1441386679135,"695,426",77% bullish,of 31 ratings,$.60
DSPG,$8.86,1441386679164,"7,466",100% bearish,of 1 rating,$13.50
DSKX,$3.26,1441386679195,"22,778",100% bullish,of 1 rating,N/A
CADTR,NULL,1441386679223,0,Not yet rated,NULL,N/A
CADTW,NULL,1441386679293,0,Not yet rated,NULL,N/A
CADT,$10,1441386679320,400,Not yet rated,NULL,N/A
DTSI,$27.22,1441386679467,"19,193",100% bearish,of 2 ratings,$39.50
CADTU,NULL,1441386679499,0,Not yet rated,NULL,N/A
DRRX,$2.0302,1441386679609,"80,269",50% bullish,of 6 ratings,$3
DNKN,$48.6,1441386679641,"167,434",67% bullish,of 15 ratings,$56.50
DXPE,$29.71,1441386679750,"35,234",50% bullish,of 2 ratings,N/A
BOOM,$10.21,1441386679880,"51,739",67% bullish,of 3 ratings,$12
DYAX,$21.795,1441386680070,"138,876",89% bullish,of 9 ratings,$30
DVAX,$27.77,1441386680141,"51,204",70% bullish,of 10 ratings,$40
DYNT,$3.1032,1441386680226,200,75% bullish,of 4 ratings,N/A
DYSL,$1.5205,1441386680290,"3,188",100% bullish,of 2 ratings,N/A
ETFC,$25.32,1441386680355,"1,022,478",57% bullish,of 14 ratings,$32.50
EGBN,$40.825,1441386680382,"11,234",Not yet rated,NULL,$48
EBMT,$11.5,1441386680410,300,Not yet rated,NULL,$13.50
EGLE,$6.53,1441386680453,"17,256",60% bullish,of 5 ratings,N/A
EGRX,$76.89,1441386680540,"44,016",67% bullish,of 3 ratings,$97
EWBC,$38.72,1441386680743,"162,777",100% bearish,of 1 rating,$50
ELNK,$8.48,1441386680768,"150,084",60% bullish,of 5 ratings,$9.50
EROC,$1.455,1441386680809,"85,371",50% bullish,of 2 ratings,$3
EML,$16.22,1441386680910,"1,112",Not yet rated,NULL,N/A
EVBS,$6.68,1441386680995,100,Not yet rated,NULL,$7
EACQU,NULL,1441386681067,0,Not yet rated,NULL,N/A
EBAY,$26.4,1441386681126,"2,586,790",81% bullish,of 117 ratings,$34
ECTE,$1.5424,1441386681256,"2,510",75% bullish,of 4 ratings,N/A
EBIX,$27.52,1441386681359,"65,730",69% bullish,of 13 ratings,$40
EEI,$11.8,1441386681395,"1,251",67% bearish,of 3 ratings,N/A
ELON,$0.5925,1441386681427,"1,155",50% bullish,of 2 ratings,N/A
ECHO,$22.74,1441386681490,"63,414",67% bearish,of 3 ratings,$34.50
ECACU,$10.1,1441386681514,5,Not yet rated,NULL,N/A
SATS,$43.17,1441386681543,"30,309",50% bullish,of 2 ratings,$60
ESES,NULL,1441386681721,0,100% bearish,of 1 rating,$7
EDAP,$3.5351,1441386681824,"4,658",60% bullish,of 5 ratings,$4.50
EDGW,$7.201,1441386681883,"2,412",100% bearish,of 1 rating,N/A
EDUC,$6.5399,1441386682009,"12,712",100% bearish,of 1 rating,N/A
EGAN,$3.6607,1441386682111,"1,300",50% bullish,of 2 ratings,$6.25
EGLT,$12.91,1441386682182,"16,554",50% bullish,of 2 ratings,$21
EHTH,$14.7,1441386682243,"18,810",50% bullish,of 4 ratings,$17
ESLT,$78.045,1441386682283,"1,082",67% bullish,of 3 ratings,N/A
EFUT,$4.51,1441386682312,300,Not yet rated,NULL,N/A
EMITF,$1.236,1441386682413,"1,954",75% bullish,of 4 ratings,N/A
LOCO,$12.48,1441386682438,"170,478",69% bullish,of 13 ratings,$19.50
ERI,$9.23,1441386682465,"15,368",100% bearish,of 1 rating,$10
ELRC,$10.5,1441386682715,"2,870",100% bearish,of 1 rating,N/A
EFII,$42.89,1441386682742,"19,689",80% bullish,of 5 ratings,$55
ESIO,$4.49,1441386682763,"60,029",50% bullish,of 2 ratings,$10
EA,$66.14,1441386682794,"1,048,937",78% bullish,of 36 ratings,$80
ELSE,NULL,1441386683011,0,60% bullish,of 5 ratings,N/A
ELECU,NULL,1441386683200,0,Not yet rated,NULL,N/A
ELEC,NULL,1441386683287,0,Not yet rated,NULL,N/A
ELECW,NULL,1441386683315,0,Not yet rated,NULL,N/A
EBIO,$3.32,1441386683345,"91,287",100% bearish,of 2 ratings,$8.35
CAPX,NULL,1441386683371,0,Not yet rated,NULL,N/A
RDEN,$11.115,1441386683444,"14,874",100% bearish,of 4 ratings,$15
LONG,$16.87,1441386683503,"11,616",67% bullish,of 3 ratings,$15.75
ESBK,$19.5696,1441386683668,500,Not yet rated,NULL,N/A
ELTK,$1.3199,1441386683769,"8,382",67% bearish,of 3 ratings,N/A
EMCI,$21.66,1441386683798,"6,669",Not yet rated,NULL,N/A
EMCF,NULL,1441386683899,0,100% bearish,of 1 rating,N/A
EMMS,$1.28,1441386683952,"13,682",67% bullish,of 6 ratings,N/A
EMMSP,NULL,1441386684030,0,100% bearish,of 1 rating,N/A
EMKR,$6.78,1441386684085,"27,708",75% bullish,of 4 ratings,$8.50
NYNY,$4.38,1441386684239,"13,927",50% bullish,of 2 ratings,N/A
ERS,$3,1441386684369,"3,046",Not yet rated,NULL,N/A
ECPG,$37.07,1441386684396,"75,963",100% bullish,of 2 ratings,$52
ENTA,$38.39,1441386684417,"40,697",50% bullish,of 2 ratings,$42
WIRE,$32.18,1441386684558,"36,483",100% bearish,of 1 rating,$37
ENDP,$72.96,1441386684588,"432,173",50% bullish,of 6 ratings,$101.50
ECYT,$5.035,1441386684614,"73,750",83% bullish,of 6 ratings,$12
EIGI,$14.845,1441386684665,"33,434",67% bearish,of 3 ratings,$22.50
ELGX,$12.77,1441386684749,"102,032",75% bullish,of 4 ratings,$17
WATT,$6.92,1441386684941,"25,365",50% bullish,of 2 ratings,$13
EXXI,$1.81,1441386685050,"378,703",86% bullish,of 7 ratings,$3.50
EFOI,$25.0132,1441386685098,"240,331",50% bullish,of 2 ratings,$24.50
ERII,$2.56,1441386685137,"2,973",80% bullish,of 5 ratings,$2.50
ENPH,$4.52,1441386685232,"310,754",75% bullish,of 4 ratings,$10
ENOC,$8.82,1441386685259,"47,025",75% bullish,of 4 ratings,$18
ENG,$1.0399,1441386685280,343,100% bullish,of 3 ratings,N/A
ESGR,$149.85,1441386685456,"27,985",100% bearish,of 1 rating,$185
ENFC,$17.4,1441386685505,100,Not yet rated,NULL,N/A
ENTG,$13.44,1441386685545,"72,820",100% bearish,of 1 rating,$18
ETRM,$0.28,1441386685715,"252,515",69% bearish,of 35 ratings,$1.625
ENTL,$21.51,1441386685747,"211,867",Not yet rated,NULL,$28
EBTC,$20.9,1441386685778,311,Not yet rated,NULL,N/A
EFSC,$23.415,1441386685804,"13,447",Not yet rated,NULL,$27
ENVI,$1.8698,1441386685889,"601,785",67% bullish,of 3 ratings,N/A
EGT,NULL,1441386685935,0,100% bullish,of 1 rating,N/A
ENZY,$10.35,1441386686210,"11,298",67% bullish,of 3 ratings,$9.50
EPRS,$5.1,1441386686274,"11,420",82% bullish,of 11 ratings,$15
EPIQ,$12.46,1441386686339,"7,895",100% bearish,of 1 rating,$18
PLUS,$74.17,1441386686367,"37,952",50% bullish,of 2 ratings,$88
EQIX,$269.61,1441386686400,"214,505",75% bullish,of 4 ratings,$312.50
ENZN,$1.0101,1441386686438,"43,214",100% bullish,of 9 ratings,N/A
EPZM,$19.51,1441386686498,"129,516",60% bullish,of 5 ratings,$34
EQFN,NULL,1441386686634,0,100% bearish,of 1 rating,N/A
EAC,$3.44,1441386686826,"1,527",100% bearish,of 1 rating,$8
ERIC,$9.57,1441386686851,"566,230",67% bullish,of 9 ratings,$12.20
ESCR,$0.2399,1441386686882,"212,990",50% bullish,of 2 ratings,N/A
ESCA,$17.81,1441386686915,"2,078",100% bearish,of 1 rating,$22
ESCRP,$1.2105,1441386686983,"5,568",100% bearish,of 1 rating,N/A
ERIE,$80,1441386687008,"2,251",Not yet rated,NULL,$73
ESMC,$1.29,1441386687332,609,Not yet rated,NULL,N/A
ESSA,$12.8501,1441386687461,"1,180",100% bearish,of 1 rating,N/A
ESND,$33.53,1441386687502,"24,025",100% bearish,of 2 ratings,$40
ESSX,NULL,1441386687549,0,50% bullish,of 2 ratings,N/A
ESPR,$44.1199,1441386687580,"272,864",70% bearish,of 10 ratings,$115
ETSY,$14.04,1441386687610,"95,525",80% bullish,of 5 ratings,$16
EPIX,NULL,1441386687635,0,Not yet rated,NULL,N/A
CLWT,NULL,1441386687677,0,100% bearish,of 1 rating,N/A
ESEA,$4.4,1441386687955,"1,299",100% bullish,of 1 rating,$15
EVK,$3.57,1441386688126,201,75% bearish,of 4 ratings,N/A
EEFT,$64.86,1441386688156,"46,167",100% bearish,of 1 rating,$67.50
EVOK,$3.59,1441386688183,"21,652",100% bearish,of 1 rating,$13.375
EVEP,$7.7299,1441386688254,"201,393",50% bullish,of 2 ratings,$15
EVLV,$2.56,1441386688315,"28,164",60% bullish,of 5 ratings,$4.625
EXA,$10.74,1441386688340,"12,817",100% bearish,of 1 rating,$13
EVOL,$5.7899,1441386688387,"4,447",75% bullish,of 4 ratings,$10
EXAS,$20.85,1441386688554,"159,852",78% bullish,of 9 ratings,$31
EXAC,$19.08,1441386688587,"11,670",100% bearish,of 1 rating,$22.50
EXEL,$5.55,1441386688629,"1,111,991",81% bullish,of 16 ratings,$6
EXFO,$2.83,1441386688654,180,67% bearish,of 3 ratings,$3.95
EXLS,$35.84,1441386688682,"10,941",50% bullish,of 2 ratings,$41
EXPD,$47.745,1441386688819,"815,817",80% bullish,of 5 ratings,$52
EXPO,$42.44,1441386688889,"9,229",100% bearish,of 1 rating,$45.50
EXPE,$110.73,1441386688950,"220,894",64% bullish,of 11 ratings,$130
ESRX,$82.6686,1441386689120,"717,324",67% bearish,of 6 ratings,$101
EXLP,$18.21,1441386689361,"31,106",100% bearish,of 1 rating,$25
EYEG,$3.81,1441386689392,"1,600",Not yet rated,NULL,N/A
EYEGW,NULL,1441386689451,0,Not yet rated,NULL,N/A
FB,$87.1801,1441386689611,"9,136,533",73% bullish,of 1075 ratings,$111
EZCH,$22.89,1441386689640,"41,881",75% bullish,of 8 ratings,$19
FFIV,$119.08,1441386689666,"191,279",63% bullish,of 8 ratings,$132
FCS,$13.55,1441386689714,"253,961",67% bearish,of 3 ratings,$17
EXTR,$3.17,1441386689741,"98,629",80% bullish,of 5 ratings,$3
FRP,$15.42,1441386689874,"13,623",100% bearish,of 1 rating,$18
FWM,$2.23,1441386689958,"18,850",100% bearish,of 2 ratings,$3.20
EZPW,$5.9,1441386690140,"36,005",50% bullish,of 4 ratings,$7
DAVE,$14.59,1441386690203,"6,889",100% bearish,of 1 rating,$15.50
FARM,$22.95,1441386690271,"4,019",100% bearish,of 1 rating,$35
FALC,$1.68,1441386690331,"10,990",63% bearish,of 8 ratings,N/A
FFKT,$25.72,1441386690488,"9,061",Not yet rated,NULL,$29
FARO,$36.9099,1441386690513,"21,311",50% bullish,of 2 ratings,$48
FMNB,$8.27,1441386690585,"3,400",Not yet rated,NULL,N/A
FATE,$6,1441386690611,"2,578",50% bullish,of 2 ratings,$11
FAST,$37.5,1441386690694,"461,515",80% bullish,of 5 ratings,$43
FBSS,NULL,1441386690760,0,Not yet rated,NULL,N/A
FBRC,$21.8,1441386690787,"5,233",100% bearish,of 1 rating,$29
FEIC,$74.76,1441386691013,"49,346",50% bullish,of 2 ratings,$95.50
FHCO,$1.39,1441386691041,"4,485",50% bullish,of 4 ratings,N/A
FNHC,$21.675,1441386691098,"14,286",100% bearish,of 1 rating,$35
FENX,$9.49,1441386691227,"23,854",100% bullish,of 1 rating,$14.25
FDML,$8.22,1441386691326,"113,728",50% bullish,of 4 ratings,$14
FCSC,$5.61,1441386691400,"24,830",100% bearish,of 1 rating,$8.125
FGEN,$22.915,1441386691459,"57,232",100% bearish,of 1 rating,$39
ONEQ,$184.03,1441386691529,"12,087",100% bullish,of 1 rating,N/A
FDUS,$14.566,1441386691631,"16,641",50% bullish,of 2 ratings,$18
LION,$19.19,1441386691720,"12,008",100% bullish,of 1 rating,$20
FSC,$6.53,1441386691763,"140,396",60% bullish,of 5 ratings,$8
FSAM,$7.5,1441386691788,"14,106",100% bearish,of 1 rating,$10.25
FRGI,$51.51,1441386691818,"17,721",50% bullish,of 2 ratings,$70
FSFR,$8.8,1441386692000,"13,181",100% bearish,of 1 rating,$11.50
FITB,$19.135,1441386692026,"1,017,099",54% bullish,of 13 ratings,$22
FSCFL,$24.6874,1441386692164,"1,400",Not yet rated,NULL,N/A
FNGN,$30.09,1441386692195,"71,138",67% bullish,of 3 ratings,$47
FNSR,$15.14,1441386692263,"251,750",71% bullish,of 7 ratings,$24
FISI,$24.17,1441386692290,"5,855",100% bullish,of 2 ratings,$24.50
FITBI,$27.49,1441386692346,"3,880",Not yet rated,NULL,N/A
FNJN,$1.7501,1441386692511,"1,200",100% bearish,of 1 rating,$5
FNTC,NULL,1441386692575,0,Not yet rated,NULL,N/A
FNTCW,NULL,1441386692600,0,Not yet rated,NULL,N/A
FNTCU,NULL,1441386692643,0,Not yet rated,NULL,N/A
FEYE,$36.5,1441386692674,"1,991,867",88% bullish,of 16 ratings,$55.50
FBNC,$16.85,1441386692775,"4,206",100% bullish,of 1 rating,$20
FNLC,$18.6699,1441386692800,"1,767",100% bullish,of 1 rating,N/A
BUSE,$6.17,1441386692999,"25,007",Not yet rated,NULL,$6.875
FRBA,NULL,1441386693053,0,Not yet rated,NULL,$8
FBIZ,$22.38,1441386693098,"6,288",100% bearish,of 2 ratings,$26
FCVA,NULL,1441386693199,0,Not yet rated,NULL,N/A
FCAP,$26.2001,1441386693259,314,Not yet rated,NULL,N/A
FCFS,$38.7,1441386693287,"18,551",100% bearish,of 3 ratings,$47
FCNCA,$226.52,1441386693388,"1,493",Not yet rated,NULL,N/A
FCLF,$9.2,1441386693481,200,Not yet rated,NULL,N/A
FCBC,$16.97,1441386693556,"2,594",Not yet rated,NULL,$18
FCCO,$12.35,1441386693629,200,Not yet rated,NULL,$13.25
FCFP,$6.7,1441386693707,"2,216",Not yet rated,NULL,N/A
FDEF,$35.99,1441386693785,"1,600",Not yet rated,NULL,$38
FBNK,$15.86,1441386693818,"26,531",100% bearish,of 1 rating,$17.50
FFBC,$18.03,1441386693917,"53,044",67% bearish,of 3 ratings,$20.25
FFNM,NULL,1441386694004,0,Not yet rated,NULL,N/A
FFBCW,NULL,1441386694073,0,100% bearish,of 1 rating,N/A
FFIN,$29.52,1441386694209,"21,465",50% bullish,of 2 ratings,$31.75
THFF,$32.11,1441386694265,"8,732",Not yet rated,NULL,$35
FFNW,$12.2,1441386694292,"5,591",Not yet rated,NULL,$14
FFWM,$21.25,1441386694344,"11,650",Not yet rated,NULL,$24
INBK,$28.7,1441386694567,"5,275",50% bullish,of 2 ratings,$37
FIBK,$26.22,1441386694595,"33,016",Not yet rated,NULL,$32
FRME,$25.9,1441386694655,"28,585",Not yet rated,NULL,$26.50
FMBH,$22.28,1441386694727,329,Not yet rated,NULL,N/A
FMBI,$17.21,1441386694753,"101,285",Not yet rated,NULL,$20
FNBC,$34.01,1441386694815,"19,519",Not yet rated,NULL,$40
FNFG,$9.03,1441386694840,"373,064",80% bullish,of 5 ratings,$9
FSGI,$2.5,1441386695318,"7,866",Not yet rated,NULL,N/A
FSFG,NULL,1441386695382,0,Not yet rated,NULL,N/A
FBZ,NULL,1441386695421,0,Not yet rated,NULL,N/A
FSBK,$7.78,1441386695452,"1,914",100% bullish,of 1 rating,N/A
FNWB,$12.12,1441386695474,"5,460",Not yet rated,NULL,N/A
FSLR,$47.14,1441386695509,"341,501",72% bullish,of 39 ratings,$65
BICK,$18.7,1441386695548,"2,800",100% bullish,of 1 rating,N/A
IFV,$17.1998,1441386695860,"101,645",100% bearish,of 1 rating,N/A
FCAN,NULL,1441386695888,0,Not yet rated,NULL,N/A
FTSM,$59.9535,1441386695961,"18,718",100% bearish,of 1 rating,N/A
FEMB,NULL,1441386695992,0,Not yet rated,NULL,N/A
FTCS,$35.538,1441386696024,"3,557",100% bearish,of 1 rating,N/A
FCA,$18.76,1441386696054,15,Not yet rated,NULL,N/A
FV,$22.82,1441386696087,"463,089",100% bearish,of 1 rating,N/A
FEUZ,NULL,1441386696118,0,Not yet rated,NULL,N/A
TDIV,$24.343,1441386696421,"24,757",100% bearish,of 1 rating,N/A
MDIV,$18.8803,1441386696521,"66,579",Not yet rated,NULL,N/A
FTGC,$22.3743,1441386696702,"16,289",Not yet rated,NULL,N/A
FHK,$31.9064,1441386696751,"1,002",Not yet rated,NULL,N/A
YDIV,$16.0973,1441386696926,"2,642",Not yet rated,NULL,N/A
FTHI,$19.15,1441386696951,602,Not yet rated,NULL,N/A
HYLS,$49.618,1441386696982,"6,705",100% bearish,of 1 rating,N/A
FPXI,$25.98,1441386697012,500,Not yet rated,NULL,N/A
FGM,$34.74,1441386697083,"2,260",Not yet rated,NULL,N/A
SKYY,$28.1699,1441386697151,"26,472",100% bullish,of 1 rating,N/A
CU,$12.2956,1441386697217,"5,514",100% bearish,of 1 rating,N/A
FJP,$44.49,1441386697255,"38,669",Not yet rated,NULL,N/A
FTLB,$19.06,1441386697425,1,100% bearish,of 1 rating,N/A
LMBS,$50.35,1441386697451,400,Not yet rated,NULL,N/A
PLTM,$6.1304,1441386697602,754,100% bearish,of 1 rating,N/A
FMB,$51.26,1441386697798,472,Not yet rated,NULL,N/A
FONE,$34.67,1441386697855,10,Not yet rated,NULL,N/A
QABA,$36.7284,1441386697939,"3,688",100% bearish,of 1 rating,N/A
GRID,$30.99,1441386698068,"1,600",100% bearish,of 1 rating,N/A
QCLN,$14.9587,1441386698125,"39,500",Not yet rated,NULL,N/A
RDVY,$20.4601,1441386698145,"1,185",Not yet rated,NULL,N/A
QQXT,$39.7199,1441386698179,"7,371",Not yet rated,NULL,N/A
QQEW,$40.8597,1441386698208,"18,164",Not yet rated,NULL,N/A
CIBR,$17.31,1441386698275,"24,998",Not yet rated,NULL,N/A
CARZ,$33.6826,1441386698305,"4,610",100% bearish,of 1 rating,N/A
QTEC,$39.28,1441386698492,"19,463",Not yet rated,NULL,N/A
QINC,NULL,1441386698793,0,Not yet rated,NULL,N/A
AIRR,$16.3261,1441386698862,"3,046",100% bearish,of 1 rating,N/A
FKO,NULL,1441386698891,0,Not yet rated,NULL,N/A
FTSL,$48.8,1441386698994,"7,074",100% bearish,of 1 rating,N/A
FTW,NULL,1441386699068,0,Not yet rated,NULL,N/A
FSZ,$38.0524,1441386699171,"1,153",Not yet rated,NULL,N/A
FDIV,$47.03,1441386699271,"1,159",100% bearish,of 1 rating,N/A
TUSA,$24.46,1441386699298,"16,624",Not yet rated,NULL,N/A
FUNC,NULL,1441386699427,0,Not yet rated,NULL,N/A
FMER,$17.2,1441386699459,"213,197",50% bullish,of 2 ratings,$20
SVVC,$9.07,1441386699480,"10,707",50% bullish,of 2 ratings,$26
FKU,$40.54,1441386699512,"32,775",Not yet rated,NULL,N/A
FIVE,$34.03,1441386699644,"457,086",75% bearish,of 4 ratings,$43.50
FSV,$32.205,1441386699669,"8,547",Not yet rated,NULL,$33.60
FISV,$84.1,1441386699812,"255,822",100% bearish,of 3 ratings,$90
FPRX,$19.03,1441386699943,"58,671",50% bullish,of 2 ratings,$35
FLKS,$11.43,1441386700076,"17,366",50% bullish,of 2 ratings,$27
SKOR,$50.52,1441386700155,"1,500",Not yet rated,NULL,N/A
FLML,$22.49,1441386700207,"36,016",50% bullish,of 2 ratings,$30
FIVN,$3.71,1441386700248,"21,938",100% bullish,of 1 rating,$8.50
FLXN,$26.09,1441386700350,"16,691",100% bearish,of 1 rating,$40
FLXS,$30.91,1441386700405,"2,546",100% bearish,of 2 ratings,N/A
FLEX,$10.335,1441386700534,"396,768",63% bullish,of 8 ratings,$12
FLDM,$10.92,1441386700633,"40,829",67% bearish,of 3 ratings,$15
FLIR,$27.95,1441386700685,"251,412",100% bearish,of 2 ratings,$38.50
FFIC,$19.1874,1441386700713,"11,634",Not yet rated,NULL,$20.50
MBSD,$24.94,1441386700769,"1,399",Not yet rated,NULL,N/A
FOMX,$9.68,1441386700844,"25,877",50% bullish,of 2 ratings,$23.50
FONR,$9.8,1441386701032,"12,563",100% bullish,of 1 rating,N/A
FOGO,$19.33,1441386701133,"23,181",50% bullish,of 2 ratings,$25.50
FORM,$6.66,1441386701160,"98,211",67% bullish,of 3 ratings,$10.50
FES,$0.93,1441386701185,610,50% bullish,of 2 ratings,$1
FORTY,NULL,1441386701370,0,100% bearish,of 1 rating,N/A
FORR,$30.64,1441386701456,"19,917",Not yet rated,NULL,N/A
FTNT,$41.7501,1441386701500,"190,212",80% bullish,of 10 ratings,$52
FWP,$25.41,1441386701585,"27,467",100% bearish,of 1 rating,$45
FWRD,$43.75,1441386701637,"32,462",100% bearish,of 1 rating,$50
FBIO,$2.558,1441386701662,"48,200",83% bullish,of 6 ratings,N/A
FORD,$1.6297,1441386701690,"920,663",67% bullish,of 3 ratings,N/A
FOSL,$59.665,1441386701824,"90,391",60% bearish,of 5 ratings,$80
FMI,$23.18,1441386701926,"25,849",100% bearish,of 2 ratings,$27.50
FXCB,$17.2,1441386701965,"1,926",Not yet rated,NULL,$19
FELE,$27.57,1441386702114,"26,653",50% bullish,of 4 ratings,$33
FRAN,$12.31,1441386702141,"218,526",50% bullish,of 4 ratings,$15
FOXF,$15.36,1441386702286,"21,394",100% bearish,of 1 rating,$19
FREE,$0.3551,1441386702392,"338,151",92% bullish,of 12 ratings,N/A
FEIM,$11.124,1441386702524,"10,383",100% bearish,of 1 rating,N/A
FRED,$12.75,1441386702579,"26,053",50% bullish,of 2 ratings,$15.50
FTR,$5.4101,1441386702605,"4,283,385",78% bullish,of 27 ratings,$6.25
FTRPR,$106.41,1441386702662,900,100% bearish,of 1 rating,N/A
FRPT,$12.37,1441386702689,"77,370",67% bearish,of 3 ratings,$23.50
RAIL,$20.11,1441386702767,"23,437",100% bearish,of 1 rating,$24.50
FTD,$29.49,1441386703006,"11,342",100% bearish,of 1 rating,$40
FRPH,$30.9,1441386703111,"2,682",100% bearish,of 1 rating,N/A
FSBW,$22.97,1441386703178,200,Not yet rated,NULL,N/A
FSYS,$6.44,1441386703243,"143,020",67% bullish,of 3 ratings,$8.50
FCEL,$0.888,1441386703268,"219,086",88% bullish,of 41 ratings,$2.65
FTEK,$1.98,1441386703401,"2,364",75% bullish,of 4 ratings,N/A
FULLL,$25.25,1441386703567,"2,500",Not yet rated,NULL,N/A
FULT,$11.71,1441386703595,"140,024",100% bearish,of 1 rating,$13
FULL,$3.113,1441386703622,"9,833",67% bearish,of 3 ratings,$4.25
FLL,$1.473,1441386703754,"4,558",75% bullish,of 4 ratings,$3.50
FXEN,$0.9775,1441386703778,"10,287",75% bullish,of 4 ratings,$1.10
FFHL,NULL,1441386703810,0,50% bullish,of 4 ratings,N/A
FSNN,$2.0511,1441386703836,200,67% bullish,of 3 ratings,$6
FXENP,NULL,1441386704179,0,100% bearish,of 1 rating,N/A
GK,$67.03,1441386704263,"10,538",Not yet rated,NULL,$78
WILC,$5,1441386704292,760,100% bullish,of 2 ratings,N/A
GAIA,$6.02,1441386704391,"7,017",50% bullish,of 2 ratings,$8.50
GALTU,NULL,1441386704452,0,100% bearish,of 1 rating,N/A
GALT,$2.0538,1441386704477,"35,476",80% bullish,of 5 ratings,N/A
GLPG,$57.39,1441386704502,"4,769",100% bullish,of 1 rating,$75
GLMD,$8.355,1441386704660,"6,270",67% bullish,of 3 ratings,$20.50
GALE,$1.5321,1441386704688,"380,260",89% bullish,of 47 ratings,$4
GALTW,NULL,1441386704825,0,100% bullish,of 1 rating,N/A
GPIC,$9.92,1441386704934,200,100% bearish,of 1 rating,N/A
GLPI,$30.44,1441386704973,"119,861",100% bearish,of 1 rating,$37.50
GGAC,NULL,1441386705060,0,100% bearish,of 1 rating,N/A
GGACR,$0.24,1441386705085,"23,800",100% bullish,of 1 rating,N/A
GRMN,$36.59,1441386705158,"257,108",50% bullish,of 6 ratings,$46.50
GGACU,$10.27,1441386705220,300,Not yet rated,NULL,N/A
GENC,$9,1441386705510,200,100% bearish,of 1 rating,N/A
GGACW,$0.1401,1441386705546,"1,700",Not yet rated,NULL,N/A
GENE,$2.3499,1441386705643,"27,964",100% bullish,of 12 ratings,N/A
GNCMA,$17,1441386705681,"62,507",100% bearish,of 1 rating,$12
GARS,$14.59,1441386705781,"16,761",Not yet rated,NULL,$16
GFN,$3.82,1441386705807,"5,943",100% bearish,of 2 ratings,$8
GFNCP,NULL,1441386705883,0,Not yet rated,NULL,N/A
GNMK,$9.5,1441386706014,"24,445",67% bullish,of 6 ratings,$14
GFNSL,$25.55,1441386706061,512,Not yet rated,NULL,N/A
GNCA,$10.9999,1441386706114,"48,337",100% bearish,of 1 rating,$20
GNTX,$15.85,1441386706145,"1,209,998",Not yet rated,NULL,$20
THRM,$44.46,1441386706247,"96,409",75% bearish,of 4 ratings,$55.50
GNVC,$2.47,1441386706327,"1,119",90% bullish,of 10 ratings,$8.50
GHDX,$25.17,1441386706391,"20,558",50% bullish,of 2 ratings,$30
GTWN,$17.85,1441386706568,277,Not yet rated,NULL,N/A
GEOS,$16.08,1441386706699,"53,973",100% bearish,of 3 ratings,$21
GEVO,$2.25,1441386706922,"139,223",75% bullish,of 12 ratings,$5
GERN,$3.305,1441386706960,"1,218,504",88% bullish,of 17 ratings,$5.25
GIGM,$0.5221,1441386706985,"11,595",100% bullish,of 2 ratings,N/A
GABC,$28.3946,1441386707015,"2,741",Not yet rated,NULL,$31.50
ROCK,$16.3,1441386707053,"40,311",80% bullish,of 5 ratings,$24
GIGA,$1.302,1441386707078,"136,438",100% bearish,of 1 rating,N/A
GIII,$69.215,1441386707115,"142,533",67% bullish,of 3 ratings,$79
GILT,$4.17,1441386707340,"1,800",50% bullish,of 2 ratings,N/A
GLAD,$8.71,1441386707720,"30,042",50% bullish,of 2 ratings,$8.75
GLADO,$25.57,1441386707852,"2,100",Not yet rated,NULL,N/A
GBCI,$25.62,1441386707987,"32,932",50% bullish,of 2 ratings,$31
GOODN,$25.61,1441386708013,200,Not yet rated,NULL,N/A
GOODP,$25.1201,1441386708041,100,Not yet rated,NULL,N/A
GOOD,$13.95,1441386708066,"33,379",Not yet rated,NULL,$19
GILD,$101.83,1441386708143,"2,888,404",91% bullish,of 89 ratings,$129
GAINN,$25.24,1441386708208,"40,610",Not yet rated,NULL,N/A
GOODO,NULL,1441386708242,0,Not yet rated,NULL,N/A
GAINP,$25.6,1441386708455,"3,039",Not yet rated,NULL,N/A
GAINO,$25.1801,1441386708489,"1,225",Not yet rated,NULL,N/A
LAND,$9.09,1441386708517,"7,562",50% bullish,of 2 ratings,$13.75
GAIN,$7.41,1441386708585,"30,148",100% bullish,of 2 ratings,$8.25
GDEF,NULL,1441386708767,0,Not yet rated,NULL,N/A
GLBZ,NULL,1441386708835,0,Not yet rated,NULL,N/A
GBT,$52.405,1441386708907,"15,597",100% bearish,of 1 rating,N/A
ENT,$11.05,1441386709013,"59,003",100% bearish,of 1 rating,$18
GPACU,NULL,1441386709147,0,Not yet rated,NULL,N/A
GBLI,$26.98,1441386709176,"5,333",Not yet rated,NULL,N/A
GSOL,$8.3,1441386709313,"1,816",100% bearish,of 1 rating,N/A
QQQC,$18.478,1441386709339,"1,305",100% bearish,of 1 rating,N/A
SOCL,$17.0401,1441386709360,"12,198",100% bullish,of 2 ratings,N/A
ACTX,NULL,1441386709536,0,100% bullish,of 1 rating,N/A
ALTY,NULL,1441386709572,0,Not yet rated,NULL,N/A
SRET,$12.77,1441386709598,751,Not yet rated,NULL,N/A
GAI,$6.11,1441386709733,"3,814",50% bullish,of 2 ratings,N/A
YLCO,$11.62,1441386709772,300,Not yet rated,NULL,N/A
GSM,$13.72,1441386709842,"128,215",50% bullish,of 2 ratings,$22
GBIM,$2.73,1441386710024,"29,924",50% bullish,of 2 ratings,N/A
GLUU,$4.3519,1441386710155,"324,638",92% bullish,of 26 ratings,$9
GLRI,$1.04,1441386710204,"19,550",100% bearish,of 1 rating,$4.25
GLNG,$39.25,1441386710250,"329,617",83% bullish,of 6 ratings,$55.50
GLBS,NULL,1441386710296,0,67% bullish,of 3 ratings,N/A
GLYC,$7.03,1441386710385,"1,700",50% bullish,of 2 ratings,$14
GMLP,$20.9,1441386710430,"45,743",50% bullish,of 4 ratings,$29
GOGO,$15.73,1441386710494,"136,634",80% bullish,of 5 ratings,$25
GLDC,$4.0393,1441386710647,322,50% bullish,of 2 ratings,N/A
GDEN,$9.06,1441386710676,300,50% bullish,of 2 ratings,N/A
GOGL,$2.955,1441386710886,"235,169",75% bullish,of 4 ratings,$5
GTIM,$6.65,1441386710913,"5,070",Not yet rated,NULL,$11.50
GOOG,$598.01,1441386711043,"472,354",86% bullish,of 74 ratings,$787.50
GBDC,$16.98,1441386711070,"47,674",Not yet rated,NULL,$17.75
GPRO,$37.616,1441386711260,"5,130,906",78% bullish,of 59 ratings,$72
GMAN,$3.75,1441386711303,"5,417",60% bullish,of 5 ratings,$8.50
GOOGL,$628.34,1441386711402,"427,071",88% bullish,of 1083 ratings,$749
GPIA,NULL,1441386711475,0,100% bearish,of 1 rating,N/A
GPIAU,NULL,1441386711534,0,Not yet rated,NULL,N/A
GPIAW,NULL,1441386711604,0,Not yet rated,NULL,N/A
LOPE,$37,1441386711634,"69,519",100% bearish,of 2 ratings,$50
GBSN,$0.1631,1441386711701,"4,537,670",50% bullish,of 2 ratings,$8.25
GRVY,NULL,1441386711729,0,50% bullish,of 2 ratings,N/A
GBSNU,NULL,1441386712108,0,NULL,NULL,NULL
GSBC,$40.11,1441386712483,"12,717",100% bullish,of 1 rating,$44
GLDD,$5.45,1441386712565,"48,955",100% bearish,of 4 ratings,$7.75
GNBC,$11.29,1441386712856,"2,468",100% bearish,of 1 rating,$16.50
GRBK,$11.48,1441386713300,"38,718",77% bullish,of 13 ratings,N/A
GPRE,$19.55,1441386713797,"126,829",67% bullish,of 6 ratings,$28.50
GPP,$14.31,1441386713862,"5,510",Not yet rated,NULL,$20.50
GCBC,$28.85,1441386713903,"2,399",100% bullish,of 1 rating,N/A
GLRE,$24.0775,1441386714033,"64,300",50% bullish,of 2 ratings,$34
GRIF,$31.9,1441386714187,"52,166",100% bearish,of 1 rating,N/A
GRFS,$30.745,1441386714247,"314,639",50% bullish,of 2 ratings,$35
GRPN,$4.24,1441386714478,"3,519,782",61% bullish,of 71 ratings,$6.75
GGAL,$19.2397,1441386714585,"38,094",80% bullish,of 5 ratings,$40
OMAB,$41.45,1441386714616,"13,255",100% bullish,of 1 rating,$44
GSIT,$4.59,1441386714687,"1,243",100% bearish,of 1 rating,N/A
GSIG,$12.76,1441386714714,"11,668",100% bearish,of 2 ratings,N/A
GBNK,$15.75,1441386714739,"5,374",100% bearish,of 1 rating,$18
GSVC,$8.83,1441386714796,"9,802",50% bullish,of 2 ratings,$15.75
GTXI,$0.8707,1441386714901,"26,624",100% bullish,of 5 ratings,$.75
GUID,$6.75,1441386715114,"9,391",100% bearish,of 3 ratings,$10
GFED,NULL,1441386715182,0,Not yet rated,NULL,$17
GULTU,$0.337,1441386715253,"4,000",100% bearish,of 1 rating,N/A
GIFI,$12.12,1441386715413,"24,671",100% bearish,of 1 rating,$16
GURE,$1.7,1441386715675,"6,600",88% bullish,of 8 ratings,N/A
GPOR,$32.79,1441386715939,"478,649",75% bullish,of 4 ratings,$54
GWPH,$101.55,1441386716076,"46,845",78% bullish,of 9 ratings,$148.50
GWGH,$7.7,1441386716213,7,100% bearish,of 1 rating,$15.05
HEES,$18.75,1441386716238,"125,135",67% bearish,of 3 ratings,$31
HLG,NULL,1441386716395,0,100% bearish,of 1 rating,N/A
GYRO,$30.51,1441386716456,970,100% bearish,of 1 rating,N/A
HNRG,$7.185,1441386716646,"30,888",100% bearish,of 1 rating,$10
HALL,$11.37,1441386716776,"5,409",Not yet rated,NULL,N/A
HBK,NULL,1441386716874,0,50% bullish,of 2 ratings,N/A
HALO,$16.91,1441386716902,"214,462",67% bullish,of 3 ratings,$22.50
HMPR,$1.871,1441386717043,"9,451",100% bullish,of 1 rating,N/A
HNH,$26.08,1441386717116,"8,977",100% bullish,of 1 rating,N/A
HBHC,$27.21,1441386717141,"177,838",50% bullish,of 2 ratings,$30
HBHCL,$24.4,1441386717170,"4,213",Not yet rated,NULL,N/A
HAFC,$23.71,1441386717312,"35,347",100% bullish,of 2 ratings,$28.50
HNSN,$0.5512,1441386717376,"27,824",88% bullish,of 8 ratings,$.40
HQCL,$12.62,1441386717402,"4,994",67% bullish,of 3 ratings,$14
HDNG,$10.27,1441386717476,"2,134",50% bullish,of 4 ratings,N/A
HLIT,$5.655,1441386717679,"58,737",100% bearish,of 1 rating,$6.50
HRMN,NULL,1441386717810,0,Not yet rated,NULL,N/A
HRMNU,$10.209,1441386718316,100,Not yet rated,NULL,N/A
HRMNW,NULL,1441386718694,0,Not yet rated,NULL,N/A
TINY,$2.4727,1441386718998,"11,901",50% bullish,of 2 ratings,$5.26
HART,$1.3,1441386719142,"61,549",100% bearish,of 1 rating,N/A
HAS,$76.09,1441386719300,"355,208",63% bullish,of 8 ratings,$84.50
HCAP,$11.7501,1441386719326,"3,455",50% bullish,of 2 ratings,$15
HCAPL,$25.11,1441386719355,"3,800",Not yet rated,NULL,N/A
HCOM,$21.25,1441386719382,"1,431",100% bearish,of 1 rating,$28
HBIO,$4.36,1441386719403,"11,925",100% bearish,of 1 rating,$10
HA,$23.53,1441386719454,"132,100",67% bullish,of 9 ratings,$27
HWKN,$37.95,1441386719550,"10,752",Not yet rated,NULL,N/A
HWBK,NULL,1441386719696,0,100% bearish,of 1 rating,N/A
HAYN,$37.53,1441386719832,"7,658",100% bearish,of 1 rating,$59
HDS,$32.01,1441386719892,"592,063",100% bearish,of 2 ratings,$39.50
HIIQ,$4.7228,1441386719925,300,50% bullish,of 2 ratings,$7
HQY,$29.09,1441386719960,"38,072",67% bullish,of 3 ratings,$35
HCSG,$32.58,1441386720146,"35,213",50% bullish,of 4 ratings,$35
HSTM,$24.24,1441386720171,"13,491",50% bullish,of 2 ratings,$33.75
HWAY,$11.61,1441386720370,"123,322",100% bearish,of 1 rating,$15
HTLF,$35.54,1441386720400,"10,367",100% bullish,of 1 rating,$39.50
HTLD,$20.31,1441386720501,"77,383",Not yet rated,NULL,$22.50
HTBX,$3.765,1441386720543,"43,773",50% bullish,of 2 ratings,$15.50
HSII,$20.11,1441386720596,"6,642",100% bullish,of 3 ratings,$25
HMTV,$13.38,1441386720631,913,100% bearish,of 1 rating,$16
HMNY,NULL,1441386720781,0,100% bearish,of 1 rating,N/A
HTWR,$64.09,1441386720836,"125,620",50% bullish,of 2 ratings,$102.50
HNNA,$24.6,1441386720923,"1,330",Not yet rated,NULL,N/A
HERO,NULL,1441386720997,0,NULL,NULL,NULL
HSIC,$133.245,1441386721075,"51,438",83% bullish,of 6 ratings,$146
HELE,$83.69,1441386721128,"35,711",67% bearish,of 3 ratings,$100
HCACU,$9.98,1441386721207,"2,790",Not yet rated,NULL,N/A
HTBK,$10.38,1441386721231,"7,625",Not yet rated,NULL,$12
HEOP,$7.8,1441386721405,"16,443",Not yet rated,NULL,$8.50
MLHR,$26.99,1441386721537,"64,407",50% bullish,of 2 ratings,$33.50
HCCI,$11.48,1441386721567,"2,055",100% bearish,of 1 rating,$16.50
HSKA,$32.78,1441386721666,"14,178",100% bearish,of 1 rating,$38
HFWA,$17.79,1441386721707,"134,628",100% bullish,of 1 rating,$20
HFFC,$15.76,1441386721763,200,Not yet rated,NULL,N/A
HIBB,$38.71,1441386721842,"46,458",100% bearish,of 1 rating,$46.50
HRTX,$36.49,1441386721891,"263,266",57% bullish,of 7 ratings,$41
HPJ,$2.1,1441386722083,"18,829",75% bullish,of 4 ratings,$12.43
HIHO,$4.311,1441386722149,"17,351",Not yet rated,NULL,N/A
HIFS,$110.32,1441386722298,"1,584",Not yet rated,NULL,N/A
HSGX,$5.96,1441386722358,400,100% bearish,of 1 rating,$17
HMSY,$9.925,1441386722491,"308,676",67% bullish,of 3 ratings,$19.35
HOLI,$16.69,1441386722518,"65,541",50% bullish,of 4 ratings,$27
HIMX,$7.245,1441386722555,"580,308",86% bullish,of 21 ratings,$8.25
HMNF,$11.3,1441386722580,300,Not yet rated,NULL,N/A
HOLX,$38.3,1441386722710,"804,906",50% bullish,of 4 ratings,$42
HOMB,$37.14,1441386722818,"24,329",Not yet rated,NULL,$42
HBCP,$24.8,1441386722890,"2,375",Not yet rated,NULL,$29
HMIN,$24.9,1441386722999,"40,126",100% bearish,of 2 ratings,$35
HMST,$22,1441386723103,"25,198",100% bullish,of 2 ratings,$27
HFBL,$22.97,1441386723128,"4,294",Not yet rated,NULL,N/A
AWAY,$27.97,1441386723158,"166,051",67% bullish,of 3 ratings,$36
HTBI,$18.01,1441386723186,"7,403",67% bullish,of 3 ratings,$18.625
CETC,$0.7611,1441386723512,"48,172",86% bullish,of 7 ratings,N/A
HFBC,$11,1441386723557,"8,770",Not yet rated,NULL,N/A
HOFT,$22.95,1441386723701,"13,480",100% bearish,of 1 rating,N/A
HBNC,$23.62,1441386723759,"4,445",100% bullish,of 1 rating,$27
HZNP,$29.07,1441386723788,"660,067",85% bullish,of 20 ratings,$40
ZINC,$7.1,1441386723831,"149,131",100% bearish,of 1 rating,$17
HRZN,$10.263,1441386723856,"11,896",50% bullish,of 2 ratings,$14.25
HKTV,$4.179,1441386723923,"89,036",100% bearish,of 1 rating,N/A
HDP,$23.37,1441386724057,"127,285",67% bearish,of 3 ratings,$30.50
HMHC,$22.55,1441386724134,"82,378",Not yet rated,NULL,$27
HOVNP,$3.89,1441386724305,"19,370",100% bearish,of 1 rating,N/A
HSNI,$59.3,1441386724338,"45,154",Not yet rated,NULL,$80
HBMD,$13.8889,1441386724365,"2,389",100% bearish,of 1 rating,N/A
HWCC,$7.58,1441386724436,"24,065",100% bearish,of 1 rating,$9
HUBG,$38.02,1441386724461,"23,435",100% bearish,of 1 rating,$43
HTGM,$5.75,1441386724640,999,100% bearish,of 1 rating,$19.50
HCBK,$9.23,1441386724696,"366,010",83% bullish,of 6 ratings,$8.61
HDSN,$3.02,1441386724724,"10,864",100% bullish,of 1 rating,$6.25
HSON,NULL,1441386724792,0,100% bearish,of 1 rating,$5
HURC,$29.79,1441386724890,"3,927",100% bearish,of 1 rating,N/A
HURN,$72.38,1441386724965,"21,677",50% bullish,of 2 ratings,$80
HBAN,$10.49,1441386724998,"1,406,801",76% bullish,of 17 ratings,$12.29
HBANP,$1353.3,1441386725055,20,100% bearish,of 1 rating,N/A
HTCH,$1.49,1441386725095,"7,525",100% bearish,of 1 rating,$3.50
HBP,$3.1394,1441386725311,600,100% bullish,of 1 rating,N/A
HDRA,NULL,1441386725340,0,Not yet rated,NULL,N/A
HDRAU,NULL,1441386725445,0,Not yet rated,NULL,N/A
HYGS,$8.451,1441386725482,"7,805",50% bullish,of 2 ratings,$13
HDRAR,NULL,1441386725633,0,Not yet rated,NULL,N/A
IKGH,$1.55,1441386725695,"9,400",75% bullish,of 4 ratings,N/A
HDRAW,NULL,1441386725719,0,Not yet rated,NULL,N/A
IACI,$69.01,1441386725746,"111,230",80% bullish,of 5 ratings,$90
IDSY,$3.8,1441386725767,"26,402",100% bearish,of 1 rating,$7
IBKC,$59.419,1441386725911,"28,431",100% bullish,of 1 rating,$70
ICAD,$3.79,1441386725940,"3,433",50% bullish,of 2 ratings,$7.25
ICFI,$33.425,1441386725967,"6,604",50% bullish,of 2 ratings,$48.50
ICLR,$75.84,1441386726105,"84,997",100% bearish,of 3 ratings,$85
IEP,$67.805,1441386726146,"44,645",75% bullish,of 4 ratings,$99
ICON,$13.27,1441386726171,"157,640",50% bullish,of 2 ratings,$18.50
IPWR,$7.43,1441386726343,"3,424",100% bullish,of 1 rating,$15
ICUI,$109.45,1441386726403,"26,306",Not yet rated,NULL,$122
INVE,$4.56,1441386726545,"17,015",75% bullish,of 4 ratings,$4
IDRA,$2.785,1441386726570,"219,198",89% bullish,of 9 ratings,$6.50
IDXX,$72.19,1441386726607,"95,898",100% bearish,of 1 rating,$76
IIVI,$16.66,1441386726707,"48,521",100% bearish,of 1 rating,$22
DSKY,$10.35,1441386726733,"50,164",67% bullish,of 6 ratings,$11.50
IRG,$5.2,1441386726764,"12,315",100% bearish,of 1 rating,$4.25
IROQ,$16.99,1441386726870,100,100% bullish,of 1 rating,N/A
RXDX,$14.83,1441386726902,"88,746",100% bullish,of 1 rating,$20
IKNX,$12,1441386727082,"1,050",100% bearish,of 1 rating,N/A
IKAN,$2.73,1441386727108,"8,296",83% bullish,of 6 ratings,$5
KANG,$14.7,1441386727240,"208,279",50% bullish,of 2 ratings,$23.10
ISNS,$4.16,1441386727339,"3,700",50% bullish,of 2 ratings,N/A
ILMN,$191.6575,1441386727530,"197,117",80% bullish,of 5 ratings,$245
IMNP,$1.2899,1441386727552,"22,837",50% bullish,of 2 ratings,$6
IMDZ,$14.81,1441386727585,"18,387",100% bearish,of 1 rating,$33
IMMR,$11.97,1441386727614,"31,443",80% bullish,of 5 ratings,$15.50
ICCC,$7.03,1441386727640,"4,652",100% bullish,of 1 rating,N/A
IMGN,$13.23,1441386727718,"248,635",75% bullish,of 4 ratings,$17.50
IMMU,$2.07,1441386727773,"136,846",86% bullish,of 7 ratings,$2
IPXL,$39.96,1441386727951,"95,752",67% bullish,of 3 ratings,$46.50
INCR,$41.805,1441386728100,"111,761",50% bullish,of 2 ratings,$53
INCY,$114.83,1441386728125,"320,931",50% bullish,of 6 ratings,$125.50
IMMY,$7.5,1441386728153,303,100% bearish,of 1 rating,$11
SAAS,$7.09,1441386728220,"71,144",50% bullish,of 2 ratings,$15
IBCP,$14,1441386728350,"19,297",100% bullish,of 1 rating,$14.50
IBTX,$39.61,1441386728374,"5,632",100% bullish,of 2 ratings,$47.25
IDSA,$3.49,1441386728418,"1,561",Not yet rated,NULL,N/A
INDB,$43.71,1441386728447,"10,872",Not yet rated,NULL,$44
INFI,$8.56,1441386728604,"97,863",50% bullish,of 4 ratings,$16.50
IFON,$1.28,1441386728702,"13,450",75% bullish,of 4 ratings,N/A
IPCC,$74,1441386728749,"3,525",Not yet rated,NULL,$77.50
III,$3.74,1441386728790,"3,700",57% bullish,of 7 ratings,$6
INFN,$21.56,1441386728818,"315,429",71% bullish,of 7 ratings,$28
IMKTA,$49.39,1441386728926,"15,435",100% bearish,of 1 rating,N/A
INWK,$6.85,1441386729059,"12,469",50% bullish,of 2 ratings,$10
IPHS,$46.06,1441386729190,"13,876",100% bearish,of 1 rating,$60
INOD,$2.3672,1441386729215,"1,540",100% bearish,of 1 rating,N/A
INNL,NULL,1441386729248,0,100% bearish,of 1 rating,$16.50
IOSP,$49.05,1441386729282,"41,374",100% bearish,of 1 rating,N/A
ISSC,$2.79,1441386729353,"3,293",67% bearish,of 3 ratings,N/A
ITEK,$12.4567,1441386729383,"108,679",100% bearish,of 3 ratings,$20
INGN,$51.03,1441386729410,"34,692",100% bearish,of 1 rating,$50.50
INO,$6.97,1441386729599,"266,290",89% bullish,of 18 ratings,$20
NSIT,$24.57,1441386729667,"34,418",50% bullish,of 2 ratings,N/A
INSM,$23.87,1441386729799,"84,028",71% bullish,of 7 ratings,$31.50
INOV,$20.82,1441386729826,"109,214",100% bearish,of 1 rating,$33
ISIG,$2.64,1441386729857,"4,871",100% bearish,of 1 rating,N/A
IIIN,$16.9,1441386730038,"8,816",100% bearish,of 2 ratings,N/A
PODD,$27.88,1441386730063,"67,528",67% bearish,of 3 ratings,$35
IART,$61.93,1441386730256,"92,399",100% bearish,of 2 ratings,$71.50
IDTI,$18.945,1441386730284,"381,483",60% bullish,of 5 ratings,$25
IESC,$7.11,1441386730306,100,100% bearish,of 1 rating,N/A
INSY,$34.05,1441386730344,"160,031",75% bullish,of 4 ratings,$48
NTEC,$5.5112,1441386730365,"1,850",100% bearish,of 1 rating,N/A
ISSI,$21.71,1441386730442,"28,288",67% bullish,of 3 ratings,$19.75
INTC,$28.5799,1441386730495,"8,240,479",82% bullish,of 238 ratings,$36
IQNT,$18.63,1441386730653,"89,558",86% bullish,of 7 ratings,$20
IPAR,$24.56,1441386730785,"19,942",67% bullish,of 3 ratings,$38
IPCI,$2.23,1441386730842,"3,500",67% bullish,of 6 ratings,$8
IBKR,$37.19,1441386730915,"159,713",100% bullish,of 1 rating,N/A
ICLD,$1.9901,1441386731068,"782,040",75% bullish,of 4 ratings,N/A
ININ,$35.51,1441386731121,"12,782",67% bearish,of 3 ratings,$57
ICLDW,$1.05,1441386731170,425,100% bearish,of 1 rating,N/A
ICPT,$183.4,1441386731195,"33,687",70% bullish,of 10 ratings,$359.50
IDCC,$48.43,1441386731256,"55,208",80% bullish,of 5 ratings,$63
IBOC,$24.64,1441386731356,"19,928",100% bearish,of 1 rating,N/A
ISCA,$32.21,1441386731385,"17,909",100% bearish,of 1 rating,N/A
TILE,$24.1101,1441386731414,"67,357",100% bearish,of 3 ratings,$27
IMI,$1.96,1441386731548,"4,727",67% bullish,of 3 ratings,$2.22
INAP,$9.19,1441386731599,"67,750",75% bullish,of 4 ratings,$11
IGLD,$7.26,1441386731682,974,50% bullish,of 2 ratings,N/A
IIJI,$8.6996,1441386731851,100,50% bullish,of 2 ratings,$12.50
ISIL,$10.38,1441386732060,"309,069",50% bullish,of 6 ratings,$15
XENT,$24.95,1441386732090,"30,909",50% bullish,of 2 ratings,$36.50
IILG,$19.39,1441386732116,"27,153",100% bearish,of 1 rating,$29
PTNT,$2.91,1441386732148,300,Not yet rated,NULL,N/A
INTL,$25.61,1441386732176,"20,839",67% bearish,of 3 ratings,N/A
INTX,$1.97,1441386732201,"15,418",67% bullish,of 3 ratings,N/A
IVAC,$4.66,1441386732246,"9,400",100% bearish,of 1 rating,$6.625
INTLL,$25.993,1441386732343,"1,580",Not yet rated,NULL,N/A
ITCI,$26.61,1441386732565,"144,030",75% bearish,of 4 ratings,$40
IIN,NULL,1441386732606,0,100% bearish,of 1 rating,$12
INPH,$0.3096,1441386732636,"3,100",50% bullish,of 2 ratings,N/A
INTU,$85.16,1441386732662,"487,587",86% bullish,of 7 ratings,$107.50
ISRG,$507.35,1441386732739,"38,578",67% bullish,of 3 ratings,$600
INVT,$0.327,1441386732821,"88,670",67% bullish,of 3 ratings,N/A
SNAK,$8.36,1441386732954,"23,971",50% bullish,of 2 ratings,$14
ISTR,$15.73,1441386733002,204,100% bearish,of 1 rating,$18.50
ISBC,$11.65,1441386733149,"722,453",100% bullish,of 1 rating,$13.25
NVIV,$9.35,1441386733187,"28,978",50% bullish,of 4 ratings,$24.50
ITIC,$70.01,1441386733213,202,100% bearish,of 2 ratings,N/A
IVTY,$13.85,1441386733285,"12,159",Not yet rated,NULL,$18
IPAS,$1.07,1441386733308,"17,547",67% bullish,of 3 ratings,N/A
DTUL,$64.7,1441386733337,802,Not yet rated,NULL,N/A
DFVL,$66.28,1441386733573,600,Not yet rated,NULL,N/A
IPCM,$79.14,1441386733609,"89,545",50% bullish,of 2 ratings,$80.125
IRDM,$6.93,1441386733794,"140,362",60% bullish,of 5 ratings,$11.50
IRDMB,$269.01,1441386733865,100,67% bearish,of 3 ratings,N/A
IRMD,$23.7,1441386733892,"13,196",67% bearish,of 3 ratings,$25
IPGP,$81.57,1441386733920,"68,534",67% bearish,of 3 ratings,$109.50
IRIX,$6.8,1441386733949,"2,674",100% bearish,of 1 rating,N/A
IRWD,$11,1441386734048,"441,274",100% bearish,of 1 rating,$13
IRCP,NULL,1441386734090,0,100% bullish,of 2 ratings,N/A
IRBT,$29.78,1441386734220,"61,274",67% bullish,of 6 ratings,$37
COMT,$33.11,1441386734293,"2,973",100% bearish,of 1 rating,N/A
GNMA,$50.3,1441386734320,"1,010",Not yet rated,NULL,N/A
FCHI,NULL,1441386734339,0,NULL,NULL,NULL
IFAS,NULL,1441386734367,0,NULL,NULL,NULL
IFEU,$37.3,1441386734513,"31,544",Not yet rated,NULL,N/A
IFNA,NULL,1441386734608,0,NULL,NULL,NULL
IFGL,$27.3247,1441386734640,"24,159",Not yet rated,NULL,N/A
ACWI,$53.99,1441386734773,"628,788",Not yet rated,NULL,N/A
ACWX,$39.08,1441386734875,"385,413",100% bearish,of 1 rating,N/A
EEME,NULL,1441386734975,0,NULL,NULL,NULL
AXJS,NULL,1441386734998,0,NULL,NULL,NULL
AAIT,NULL,1441386735049,0,NULL,NULL,NULL
EMEY,NULL,1441386735126,0,NULL,NULL,NULL
AAXJ,$50.85,1441386735153,"403,655",Not yet rated,NULL,N/A
EEMA,$48.1444,1441386735178,"44,854",Not yet rated,NULL,N/A
EMDI,NULL,1441386735204,0,NULL,NULL,NULL
EVAL,NULL,1441386735474,0,NULL,NULL,NULL
EGRW,NULL,1441386735545,0,NULL,NULL,NULL
EEML,$26.5684,1441386735606,460,Not yet rated,NULL,N/A
IEUS,$44.46,1441386735662,622,100% bearish,of 1 rating,N/A
EUFN,$20.92,1441386735687,"51,555",100% bearish,of 1 rating,N/A
SOXX,$81.55,1441386735943,"144,576",50% bullish,of 2 ratings,N/A
IBB,$335.49,1441386735968,"505,841",63% bullish,of 8 ratings,N/A
UAE,$17.61,1441386736108,300,Not yet rated,NULL,N/A
EMIF,$27.42,1441386736137,"2,122",Not yet rated,NULL,N/A
ICLN,$9.12,1441386736170,"9,981",50% bullish,of 2 ratings,N/A
QAT,NULL,1441386736198,0,Not yet rated,NULL,N/A
ISHG,$79.58,1441386736224,"19,120",100% bearish,of 1 rating,N/A
WOOD,$47.09,1441386736269,688,50% bullish,of 2 ratings,N/A
INDY,$25.93,1441386736357,"92,541",50% bullish,of 2 ratings,N/A
IGOV,$91.215,1441386736566,"24,924",100% bearish,of 1 rating,N/A
ISIS,$51.68,1441386736616,"271,962",53% bullish,of 15 ratings,$67
ISLE,$18.79,1441386736660,"110,721",50% bullish,of 4 ratings,$17
ITUS,$3.89,1441386736870,"1,600",Not yet rated,NULL,N/A
ITRI,$28.82,1441386736939,"43,248",100% bearish,of 1 rating,$37
XXIA,$15.16,1441386736964,"85,402",71% bullish,of 7 ratings,$14.625
ITRN,$23.01,1441386737025,"1,195",50% bullish,of 2 ratings,N/A
JJSF,$115.45,1441386737096,"12,035",100% bearish,of 1 rating,N/A
ISRL,$122.2,1441386737155,72,100% bearish,of 1 rating,N/A
IXYS,$11.48,1441386737227,"28,186",50% bullish,of 4 ratings,N/A
MAYS,NULL,1441386737434,0,Not yet rated,NULL,N/A
JCOM,$66.78,1441386737494,"23,137",100% bullish,of 2 ratings,$77
JBHT,$74.68,1441386737526,"515,878",50% bullish,of 4 ratings,$89.50
JKHY,$66.47,1441386737554,"33,520",67% bearish,of 3 ratings,$72
JASO,$8.01,1441386737579,"99,260",82% bullish,of 17 ratings,$10
JACK,$77.79,1441386737629,"67,465",71% bullish,of 7 ratings,$105
JAXB,NULL,1441386738030,0,100% bullish,of 1 rating,N/A
JAGX,$3.01,1441386738057,820,Not yet rated,NULL,$10.50
JAKK,$9.71,1441386738086,"146,586",60% bearish,of 5 ratings,$11
JXSB,$24.23,1441386738183,100,Not yet rated,NULL,N/A
JASNW,NULL,1441386738217,0,50% bullish,of 2 ratings,N/A
JRVR,$27.76,1441386738254,"18,813",Not yet rated,NULL,$32
JASN,$4.8699,1441386738279,"1,273",50% bullish,of 2 ratings,$9.50
JMBA,$14.25,1441386738304,"36,334",75% bullish,of 4 ratings,$18
ERW,NULL,1441386738436,0,Not yet rated,NULL,N/A
JAZZ,$161.125,1441386738587,"124,455",80% bullish,of 15 ratings,$206.50
JTPY,$3,1441386738684,367,100% bearish,of 1 rating,N/A
JBLU,$23.62,1441386738760,"2,108,816",94% bullish,of 18 ratings,$27
JD,$23.38,1441386738787,"2,568,159",75% bullish,of 16 ratings,$36
JCTCF,NULL,1441386738808,0,100% bullish,of 1 rating,N/A
DATE,$6.091,1441386738942,"34,931",75% bullish,of 4 ratings,$9
JST,$3.5865,1441386739075,"5,737",75% bullish,of 4 ratings,N/A
JIVE,$4.64,1441386739219,"82,518",75% bullish,of 4 ratings,$5
WYIGU,NULL,1441386739248,0,100% bearish,of 1 rating,N/A
JBSS,$50.87,1441386739278,"12,942",67% bearish,of 3 ratings,N/A
JNP,$13.42,1441386739299,"62,625",100% bullish,of 3 ratings,$15
JOEZ,$0.173,1441386739377,"82,463",92% bullish,of 12 ratings,N/A
JUNO,$34.96,1441386739452,"195,769",73% bullish,of 11 ratings,$67
KTWO,$20.53,1441386739513,"13,512",100% bearish,of 1 rating,$28.50
JOUT,$23.7,1441386739663,346,100% bearish,of 1 rating,$34
KALU,$82.29,1441386739714,"32,242",67% bearish,of 3 ratings,$91
KBIO,$4.19,1441386739819,"6,592,739",50% bullish,of 4 ratings,N/A
KMDA,NULL,1441386739963,0,50% bullish,of 2 ratings,$8
KNDI,$6.2047,1441386740260,"73,066",86% bullish,of 22 ratings,N/A
KCLI,$46.35,1441386740321,"7,627",Not yet rated,NULL,N/A
KBSF,NULL,1441386740351,0,100% bullish,of 1 rating,N/A
KPTI,$13.885,1441386740401,"76,282",67% bearish,of 3 ratings,$39
KELYB,NULL,1441386740434,0,50% bullish,of 2 ratings,N/A
KCAP,$4.72,1441386740483,"24,928",75% bullish,of 4 ratings,$6
KRNY,$11.26,1441386740508,"84,402",100% bearish,of 1 rating,$12.50
KELYA,$14.22,1441386740541,"9,925",67% bullish,of 6 ratings,$20
GMCR,$57.75,1441386740911,"599,277",71% bullish,of 42 ratings,$64
KMPH,$20.51,1441386740943,"4,040",100% bearish,of 2 ratings,$22
KFFB,NULL,1441386740993,0,100% bearish,of 1 rating,N/A
KERX,$4.75,1441386741044,"2,076,134",82% bullish,of 11 ratings,$12
KTEC,NULL,1441386741087,0,Not yet rated,NULL,N/A
KEQU,NULL,1441386741148,0,100% bullish,of 1 rating,N/A
KTCC,$9.93,1441386741284,"2,775",100% bearish,of 1 rating,$16
KE,$11.275,1441386741387,"4,588",67% bearish,of 3 ratings,$16
KFRC,$26.88,1441386741413,"35,238",100% bullish,of 2 ratings,$29
KBAL,$10.44,1441386741486,"17,808",50% bullish,of 2 ratings,N/A
