Symbol,Price,Date,Volume,Rating,RatingVoteCount,OneYearEstimate
FCCY,NULL,1440177602369,0,100% bullish,of 1 rating,$13
TFSC,NULL,1440177602397,0,100% bearish,of 1 rating,N/A
TFSCU,NULL,1440177602429,0,Not yet rated,NULL,N/A
TFSCW,NULL,1440177602451,0,100% bearish,of 1 rating,N/A
FCTY,$7.63,1440177602483,100,100% bullish,of 1 rating,$8.50
PIH,$7.19,1440177602504,"11,800",100% bearish,of 1 rating,N/A
TFSCR,NULL,1440177602526,0,Not yet rated,NULL,N/A
FLWS,$9.27,1440177602558,"99,696",100% bullish,of 5 ratings,$15
TWOU,$34.0001,1440177602827,"411,951",50% bullish,of 2 ratings,$39
VNET,$19.5,1440177602866,"308,257",60% bullish,of 5 ratings,$29.50
JOBS,$26.04,1440177602901,"96,440",50% bullish,of 4 ratings,$36
USLV,$14.706,1440177602922,"143,096",86% bullish,of 7 ratings,N/A
DSLV,$60.643,1440177602944,"11,496",100% bearish,of 1 rating,N/A
SRCE,$30.13,1440177602991,"27,716",100% bullish,of 3 ratings,$33
DGLD,$76.07,1440177603018,"11,535",100% bullish,of 1 rating,N/A
UGLD,$9.92,1440177603076,"196,107",100% bearish,of 1 rating,N/A
CAFD,$15.215,1440177603500,"241,580",Not yet rated,NULL,$25
SIXD,$1.4879,1440177603561,"194,271",Not yet rated,NULL,N/A
AAON,$21.595,1440177603583,"94,413",100% bearish,of 1 rating,$24
AVHI,$13.93,1440177603616,"22,823",100% bearish,of 1 rating,$19
SHLM,$33.79,1440177603637,"52,839",100% bearish,of 1 rating,$50
EGHT,$8.23,1440177603659,"213,756",82% bullish,of 17 ratings,$11
ABGB,$4.0701,1440177603695,"16,552",67% bullish,of 3 ratings,$5.50
ABAX,$47.17,1440177603717,"62,995",100% bearish,of 1 rating,$60
ABEOW,$2.007,1440177603984,"1,247",100% bullish,of 1 rating,N/A
ABEO,$4.85,1440177604007,"107,592",67% bullish,of 3 ratings,$15.50
ABY,$20,1440177604056,"711,594",100% bearish,of 2 ratings,$46
ABMD,$95.75,1440177604082,"570,237",75% bullish,of 4 ratings,$100.50
AXAS,$1.57,1440177604111,"388,246",78% bullish,of 9 ratings,$3.50
ACTG,$8.74,1440177604138,"154,242",67% bullish,of 3 ratings,$18.50
ACHC,$73.4,1440177604164,"465,324",50% bullish,of 2 ratings,$92
ACAD,$35.61,1440177604374,"593,788",80% bullish,of 20 ratings,$48
ACST,$0.34,1440177604479,"29,768",100% bullish,of 2 ratings,N/A
ANCX,$18.88,1440177604554,"18,761",Not yet rated,NULL,$19
AXDX,$18.0701,1440177604610,"101,628",100% bearish,of 1 rating,N/A
ARAY,$6.62,1440177604639,"2,409,694",100% bearish,of 1 rating,$10.50
XLRN,$28.54,1440177604672,"67,152",50% bullish,of 2 ratings,$57
ACRX,$4.05,1440177604768,"271,586",67% bearish,of 6 ratings,$5.50
VXDN,$11.35,1440177604793,"9,150",Not yet rated,NULL,N/A
VXUP,$20,1440177604935,"26,956",Not yet rated,NULL,N/A
ACHN,$8,1440177604979,"989,323",90% bullish,of 21 ratings,$16
AKAO,$6.962,1440177605015,"38,175",75% bullish,of 4 ratings,$15
ACIW,$21.94,1440177605116,"276,821",50% bullish,of 2 ratings,$24
ACET,$24.315,1440177605148,"80,858",75% bullish,of 4 ratings,$30
ACOR,$30,1440177605175,"366,777",67% bearish,of 3 ratings,$38.50
ACNB,$20.17,1440177605252,500,Not yet rated,NULL,N/A
ACTS,$1.33,1440177605453,"21,755",100% bearish,of 1 rating,N/A
ACPW,$1.83,1440177605484,"40,748",100% bullish,of 4 ratings,$3.50
ACTA,$13.89,1440177605522,"79,506",67% bearish,of 3 ratings,$25
ACUR,$0.62,1440177605548,"24,864",100% bullish,of 5 ratings,$1
ATVI,$27.415,1440177605580,"2,846,127",68% bullish,of 84 ratings,$31.50
ADMS,$19.75,1440177605811,"39,190",100% bearish,of 2 ratings,$36
ADMP,$3.4499,1440177605839,"10,206",50% bullish,of 2 ratings,$10
ACXM,$20.29,1440177605861,"189,828",67% bullish,of 3 ratings,N/A
ADUS,$29.8,1440177605898,"20,175",100% bearish,of 1 rating,$31
AEY,$2.2906,1440177606028,"11,904",100% bearish,of 2 ratings,N/A
ADAP,$12.82,1440177606056,"122,258",67% bullish,of 3 ratings,$22
ADEP,$6.7816,1440177606085,"19,481",50% bullish,of 2 ratings,$10.75
ADMA,$9.17,1440177606243,"2,342",Not yet rated,NULL,$19
ADTN,$15.565,1440177606372,"149,218",67% bullish,of 3 ratings,$17.125
ADRO,$19.21,1440177606398,"162,736",80% bullish,of 5 ratings,$45.50
AMD,$1.72,1440177606424,"3,700,556",83% bullish,of 103 ratings,$2
ADBE,$79.8452,1440177606479,"2,077,166",65% bullish,of 17 ratings,$90
AEIS,$25.09,1440177606578,"105,620",50% bullish,of 2 ratings,$32.50
ADXS,$14.41,1440177606604,"539,875",64% bullish,of 14 ratings,$27
ADXSW,$10.17,1440177606768,"2,616",100% bullish,of 1 rating,N/A
YPRO,$23.25,1440177606865,"3,162",100% bearish,of 1 rating,N/A
AEGR,$18.67,1440177607032,"190,510",50% bullish,of 6 ratings,$26
AEGN,$18.06,1440177607064,"87,862",100% bearish,of 1 rating,$21
AEHR,$2.111,1440177607133,"2,764",50% bullish,of 2 ratings,N/A
MULT,NULL,1440177607159,0,100% bearish,of 1 rating,N/A
AEPI,$57.73,1440177607292,"11,503",100% bearish,of 1 rating,N/A
AERI,$15.93,1440177607319,"215,295",75% bullish,of 4 ratings,$31.50
AMTX,$3.22,1440177607383,"6,834",50% bullish,of 2 ratings,$26.11
AVAV,$24.47,1440177607416,"81,966",50% bullish,of 4 ratings,$31
AEZS,$0.1054,1440177607452,"2,737,748",90% bullish,of 21 ratings,$1.50
AFFX,$9.52,1440177607521,"289,950",80% bullish,of 5 ratings,$12
AEMD,$6.6201,1440177607549,"69,971",Not yet rated,NULL,$27.50
AFMD,$9.92,1440177607579,"124,393",50% bullish,of 4 ratings,$15
AGEN,$6.915,1440177607815,"622,057",85% bullish,of 13 ratings,$14
AGRX,$8.44,1440177607841,"27,570",100% bearish,of 1 rating,$17.50
AGYS,$9.65,1440177607972,"11,874",100% bearish,of 1 rating,N/A
AGFS,$9.76,1440177608103,"35,679",100% bearish,of 1 rating,N/A
AGIO,$88.58,1440177608235,"323,618",88% bullish,of 8 ratings,$114
AIRT,$22.46,1440177608268,50,100% bullish,of 1 rating,N/A
AGFSW,$1.72,1440177608290,"22,797",100% bearish,of 2 ratings,N/A
AIRM,$36.64,1440177608328,"121,390",80% bearish,of 5 ratings,$53
AIMT,$22.09,1440177608351,"88,438",Not yet rated,NULL,N/A
AIXG,$5.96,1440177608384,"30,837",67% bearish,of 3 ratings,$5.25
ATSG,$9.08,1440177608420,"109,963",67% bullish,of 3 ratings,$13
AMCN,$4.8,1440177608514,"305,384",83% bullish,of 6 ratings,N/A
AKBA,$6.61,1440177608620,"115,440",100% bearish,of 1 rating,$18
AKER,$2.54,1440177608751,"85,894",Not yet rated,NULL,N/A
AKAM,$69.06,1440177608777,"785,783",63% bullish,of 8 ratings,$77
AKRX,$40.47,1440177608919,"497,557",78% bullish,of 9 ratings,$56
ALRM,$16.45,1440177609051,"189,749",100% bearish,of 1 rating,$22
ALSK,$2.11,1440177609082,"59,957",78% bullish,of 18 ratings,$2
AMRI,$19.79,1440177609111,"97,926",75% bearish,of 4 ratings,$24
ADHD,$8.2421,1440177609142,"126,232",50% bullish,of 4 ratings,$18
ABDC,$12.5978,1440177609184,"14,306",Not yet rated,NULL,$15
ALDX,$7.54,1440177609243,"5,663",100% bearish,of 1 rating,$14.50
ALDR,$37,1440177609379,"236,609",67% bearish,of 3 ratings,$62
ALXA,$1.1099,1440177609459,"16,199",83% bullish,of 6 ratings,$2.125
ALCO,$42.6,1440177609487,"17,037",50% bullish,of 2 ratings,N/A
ALXN,$177.68,1440177609520,"711,378",88% bullish,of 8 ratings,$223
ALGN,$57.215,1440177609619,"163,251",100% bearish,of 2 ratings,$73
ALIM,$3.2,1440177609658,"97,982",80% bullish,of 5 ratings,$10
ALKS,$60.37,1440177609753,"303,302",67% bullish,of 3 ratings,$75
ALGT,$214.77,1440177609804,"84,774",100% bearish,of 1 rating,$235
AFOP,$17.56,1440177610026,"79,218",75% bullish,of 8 ratings,$21
ALLB,$23.1601,1440177610063,"1,104",Not yet rated,NULL,N/A
ARLP,$24.69,1440177610155,"66,718",67% bearish,of 3 ratings,$32
AHPI,NULL,1440177610182,0,50% bullish,of 2 ratings,N/A
AIQ,$14.71,1440177610203,"7,406",67% bullish,of 3 ratings,N/A
AMOT,$17.05,1440177610244,"52,790",100% bearish,of 1 rating,N/A
ALQA,$4.4461,1440177610333,"25,185",75% bullish,of 4 ratings,$8.50
AHGP,$36.505,1440177610388,"13,772",67% bullish,of 3 ratings,N/A
ALLT,$5.06,1440177610642,"39,932",75% bullish,of 4 ratings,$6.25
MDRX,$13.6,1440177610683,"389,846",60% bullish,of 5 ratings,$16
AFAM,$46.2801,1440177610715,"39,300",50% bullish,of 2 ratings,$44
ALNY,$102.84,1440177610776,"234,660",67% bullish,of 3 ratings,$148.50
AOSL,$7.3,1440177610816,"42,606",67% bullish,of 3 ratings,$9
ATEC,$0.59,1440177610913,"14,849",100% bullish,of 1 rating,$2
ALTR,$48.285,1440177610995,"1,641,112",80% bearish,of 5 ratings,$54
SMCP,$22.56,1440177611020,"1,500",Not yet rated,NULL,N/A
ASPS,$29.16,1440177611153,"115,616",67% bullish,of 3 ratings,$46.50
AIMC,$25.4,1440177611190,"47,872",100% bearish,of 1 rating,$28.50
AMRK,$10.59,1440177611290,"3,720",50% bullish,of 2 ratings,$14
AMRN,$2.05,1440177611317,"494,739",85% bullish,of 39 ratings,$8
AMAG,$60.733,1440177611344,"249,685",100% bullish,of 2 ratings,$77.50
AYA,$21.5964,1440177611396,"51,439",100% bearish,of 1 rating,$40
AMZN,$502.13,1440177611600,"2,092,306",81% bullish,of 263 ratings,$646
AMBC,$15.65,1440177611631,"113,296",100% bearish,of 1 rating,$16.50
EPAX,$2.7036,1440177611733,"72,621",100% bearish,of 1 rating,N/A
AMBCW,$7.0532,1440177611763,"1,178",100% bearish,of 1 rating,N/A
AMBA,$89.67,1440177611865,"3,550,957",83% bullish,of 12 ratings,$102.50
DOX,$58.0903,1440177611943,"64,471",50% bullish,of 2 ratings,$60
AMDA,$0.4731,1440177612001,"835,985",90% bullish,of 10 ratings,$1
AMED,$40.29,1440177612132,"156,587",100% bearish,of 1 rating,$42
UHAL,$360.76,1440177612164,"7,853",100% bullish,of 2 ratings,$393.50
ASBI,$22.57,1440177612205,100,Not yet rated,NULL,N/A
AMCX,$68.32,1440177612266,"310,090",67% bullish,of 3 ratings,$85.50
AMOV,$17.75,1440177612351,"1,516",100% bearish,of 1 rating,N/A
ATAX,$5.21,1440177612395,"125,601",100% bullish,of 1 rating,$6.50
AAL,$40.22,1440177612483,"5,361,095",93% bullish,of 87 ratings,$57
AGNCB,$24.27,1440177612625,"11,025",Not yet rated,NULL,N/A
AGNC,$19.76,1440177612695,"1,825,713",75% bullish,of 28 ratings,$22
AGNCP,$25.3301,1440177612721,"1,511",Not yet rated,NULL,N/A
ACSF,$12.24,1440177612750,"26,614",100% bearish,of 1 rating,$15
MTGE,$15.7111,1440177612780,"232,834",75% bullish,of 4 ratings,$19.50
MTGEP,NULL,1440177612879,0,Not yet rated,NULL,N/A
ACAS,$13.76,1440177613033,"705,877",60% bullish,of 5 ratings,$16.75
AETI,NULL,1440177613105,0,67% bearish,of 3 ratings,N/A
AMIC,NULL,1440177613137,0,Not yet rated,NULL,N/A
ANCI,$1.42,1440177613159,"5,568",100% bearish,of 1 rating,N/A
AMNB,$22.8894,1440177613238,"7,599",Not yet rated,NULL,$25.50
ANAT,$101.1,1440177613292,"7,429",100% bullish,of 1 rating,N/A
APEI,$21.4,1440177613367,"43,780",100% bearish,of 1 rating,$25.50
AMRB,$9.99,1440177613467,"1,254",Not yet rated,NULL,$11
ASEI,$39.25,1440177613598,"24,937",100% bearish,of 1 rating,$52.50
ARII,$38.6,1440177613754,"90,562",67% bearish,of 3 ratings,$45
AMSWA,$9.13,1440177614285,"32,509",100% bearish,of 2 ratings,$10.75
AMSC,$3.59,1440177614390,"15,143",50% bullish,of 4 ratings,N/A
CRMT,$38.105,1440177614451,"73,810",100% bearish,of 1 rating,$49
AMWD,$67.27,1440177614726,"146,750",50% bullish,of 2 ratings,$58
ABCB,$27.69,1440177615199,"85,079",Not yet rated,NULL,$31
AMSF,$49.82,1440177615255,"50,949",Not yet rated,NULL,$57.50
FOLD,$14.36,1440177615290,"1,677,228",56% bullish,of 9 ratings,$21
ASRVP,NULL,1440177615320,0,Not yet rated,NULL,N/A
ASRV,$3.23,1440177615385,202,100% bullish,of 2 ratings,N/A
ATLO,$23.44,1440177615415,"12,638",Not yet rated,NULL,N/A
AMGN,$158.79,1440177615442,"2,010,191",89% bullish,of 19 ratings,$185
AMSGP,NULL,1440177615519,0,Not yet rated,NULL,N/A
AMPH,$13.9,1440177615680,"88,014",50% bullish,of 2 ratings,$20
AMSG,$81.485,1440177615713,"180,655",100% bearish,of 1 rating,$85.50
AFSI,$59.59,1440177615784,"508,785",60% bullish,of 5 ratings,$72
AMKR,$4.31,1440177615810,"896,786",100% bearish,of 2 ratings,$5
AMRS,$1.631,1440177615842,"47,014",70% bullish,of 10 ratings,N/A
ASYS,$5.21,1440177615876,"24,782",67% bullish,of 3 ratings,$12
ANAC,$131.1,1440177615897,"340,697",80% bullish,of 5 ratings,$180.50
ANAD,$0.36,1440177615977,"79,611",100% bullish,of 2 ratings,$.50
ALOG,$82.48,1440177616315,"36,542",100% bearish,of 2 ratings,$100.50
ANCB,NULL,1440177616345,0,Not yet rated,NULL,$23
ADI,$54.75,1440177616366,"1,817,407",67% bullish,of 3 ratings,$69
AMCF,$0.26,1440177616397,"7,820",100% bullish,of 7 ratings,N/A
ABCW,$39.9,1440177616419,"6,034",67% bullish,of 3 ratings,N/A
ANGI,$4.57,1440177616454,"404,751",64% bullish,of 11 ratings,$5.50
ANGO,$14.84,1440177616548,"52,572",67% bullish,of 3 ratings,$19
ANIK,$34.67,1440177616635,"50,976",60% bullish,of 5 ratings,$51.25
ANSS,$91.955,1440177616830,"202,000",100% bearish,of 1 rating,$100
ANIP,$50.12,1440177616858,"142,568",89% bullish,of 19 ratings,$66
ANTH,$7.01,1440177616889,"1,287,825",80% bullish,of 10 ratings,$13
ATNY,$2.369,1440177616912,"1,353",50% bullish,of 2 ratings,$3.75
ABAC,$0.6701,1440177616943,"22,347",100% bearish,of 1 rating,N/A
ATRS,$1.8,1440177616976,"410,966",92% bullish,of 12 ratings,$4.50
APIC,$6.39,1440177617048,"104,385",100% bearish,of 1 rating,$19
APOG,$51.32,1440177617316,"105,817",100% bullish,of 1 rating,$67
APOL,$10.99,1440177617391,"504,124",87% bearish,of 68 ratings,$14
AINV,$6.44,1440177617446,"626,914",50% bullish,of 4 ratings,$8
AAPL,$107.98,1440177617478,"43,238,258",86% bullish,of 2336 ratings,$150
APPF,$16.4,1440177617500,"35,394",50% bullish,of 2 ratings,$22
APDN,$3.1723,1440177617582,"36,616",Not yet rated,NULL,$9
ARCI,$1.19,1440177617642,"1,204",Not yet rated,NULL,N/A
APDNW,$1.2301,1440177617667,"1,600",Not yet rated,NULL,N/A
AMCC,$5.37,1440177617911,"591,488",80% bullish,of 5 ratings,$8
AAOI,$19.8,1440177617944,"177,355",50% bullish,of 4 ratings,$26
AGTC,$15.42,1440177617970,"37,878",50% bullish,of 2 ratings,$33
AMAT,$15.655,1440177617996,"5,891,462",82% bullish,of 11 ratings,$23
AREX,$2.062,1440177618043,"524,690",100% bearish,of 1 rating,$3
APTO,$4.68,1440177618183,"1,263",Not yet rated,NULL,$17
APRI,$1.28,1440177618234,"122,219",83% bullish,of 6 ratings,$4.86
AQMS,$4.93,1440177618366,"3,401",Not yet rated,NULL,N/A
AUMAU,$10,1440177618422,100,Not yet rated,NULL,N/A
AQXP,$17.61,1440177618445,"333,935",50% bullish,of 2 ratings,$2
AUMA,NULL,1440177618467,0,Not yet rated,NULL,N/A
AUMAW,NULL,1440177618500,0,Not yet rated,NULL,N/A
PETX,$17.04,1440177618644,"183,133",100% bearish,of 2 ratings,$26
ABUS,$7.195,1440177618674,"343,734",86% bullish,of 14 ratings,$23
ARDM,$7.14,1440177618728,"4,158",100% bullish,of 1 rating,$26
ARCW,$3.43,1440177618824,"24,409",100% bearish,of 2 ratings,$10.50
ABIO,$0.895,1440177618927,"68,314",50% bullish,of 2 ratings,$3.75
RKDA,$5.215,1440177618958,"12,987",100% bearish,of 2 ratings,$10
ARCB,$29.57,1440177619059,"110,119",50% bullish,of 2 ratings,$39.50
ACAT,$26.42,1440177619194,"189,604",100% bearish,of 3 ratings,$33
ACGL,$71.09,1440177619225,"89,909",50% bullish,of 2 ratings,$72
ARNA,$2.94,1440177619248,"2,241,811",90% bullish,of 77 ratings,$5.50
ARDX,$17.14,1440177619302,"73,400",50% bullish,of 2 ratings,$24.50
ARCC,$15.441,1440177619383,"856,535",67% bearish,of 3 ratings,$17.875
AGII,$57.86,1440177619472,"74,494",Not yet rated,NULL,$59.50
ARGS,$5.9916,1440177619512,"43,461",50% bullish,of 2 ratings,$19.50
ARIS,$3.22,1440177619542,"2,500",Not yet rated,NULL,$4.50
AGIIL,$25.46,1440177619646,"4,414",Not yet rated,NULL,N/A
ARIA,$6.77,1440177619676,"1,766,716",87% bullish,of 46 ratings,$9
ARKR,$25.055,1440177619779,514,50% bullish,of 2 ratings,N/A
ARMH,$40.79,1440177619836,"677,529",54% bearish,of 13 ratings,$61
ARTX,$1.4825,1440177619935,"65,494",88% bullish,of 16 ratings,$4.50
ARWA,NULL,1440177619997,0,Not yet rated,NULL,N/A
ARWAU,NULL,1440177620065,0,100% bullish,of 1 rating,N/A
ARWAR,NULL,1440177620093,0,Not yet rated,NULL,N/A
ARQL,$1.66,1440177620229,"171,486",75% bullish,of 4 ratings,$5
ARRY,$5.465,1440177620261,"683,910",100% bullish,of 7 ratings,$10
DWAT,$9.9599,1440177620359,"45,811",100% bearish,of 1 rating,N/A
ARWR,$5.585,1440177620407,"575,119",75% bullish,of 4 ratings,$10.50
ARRS,$26.63,1440177620459,"524,634",50% bullish,of 2 ratings,$38
AROW,$26.8,1440177620536,"19,610",Not yet rated,NULL,N/A
ARWAW,NULL,1440177620566,0,Not yet rated,NULL,N/A
ARTNA,$22.7,1440177620670,"16,037",100% bearish,of 1 rating,$29
ASBB,$24.65,1440177620804,200,Not yet rated,NULL,N/A
ASNA,$11.34,1440177620870,"1,319,119",50% bullish,of 2 ratings,$18
ARTW,$4.35,1440177620896,"2,904",75% bearish,of 4 ratings,N/A
ASND,$17.91,1440177620946,"13,623",100% bullish,of 1 rating,$30
ASTI,$0.1279,1440177620972,"1,055,036",83% bullish,of 6 ratings,$3
ASCMA,$28.68,1440177621038,"53,816",100% bearish,of 1 rating,$45
ASMI,NULL,1440177621121,0,NULL,NULL,NULL
APWC,$1.9,1440177621170,400,100% bearish,of 1 rating,N/A
AZPN,$38.27,1440177621345,"452,985",50% bullish,of 2 ratings,$42
ASMB,$12.24,1440177621402,"57,660",67% bullish,of 3 ratings,N/A
ASML,$87.03,1440177621436,"488,000",67% bullish,of 3 ratings,$127
ASFI,$8.92,1440177621531,"2,342",100% bullish,of 1 rating,N/A
ASTE,$36.42,1440177621561,"44,769",100% bearish,of 1 rating,$48
ASTC,$2.2091,1440177621673,"31,454",100% bullish,of 5 ratings,N/A
ALOT,$13.37,1440177621721,533,100% bearish,of 1 rating,N/A
ATRO,$52.8801,1440177621852,"47,237",100% bearish,of 2 ratings,$80
ASUR,$5.5,1440177621884,"8,129",100% bearish,of 1 rating,$8
ATHN,$133.33,1440177621914,"64,591",67% bearish,of 3 ratings,$153
ATAI,$2.8192,1440177621991,"28,146",100% bearish,of 1 rating,N/A
ATRA,$42.07,1440177622088,"99,312",50% bullish,of 2 ratings,$68
AFCB,$28.01,1440177622114,168,Not yet rated,NULL,N/A
ATHX,$1.19,1440177622191,"172,736",89% bullish,of 9 ratings,$5
AAPC,$10.21,1440177622376,197,Not yet rated,NULL,N/A
ACFC,$5.97,1440177622455,"77,561",Not yet rated,NULL,$6.50
ATNI,$74.4,1440177622512,"34,834",100% bearish,of 1 rating,$69.50
ATLC,$3.94,1440177622592,"3,400",67% bullish,of 3 ratings,N/A
AAWW,$41.96,1440177622643,"197,007",50% bullish,of 2 ratings,$65
AAME,$3.6399,1440177622672,831,Not yet rated,NULL,N/A
AFH,$16.5,1440177622704,"59,462",Not yet rated,NULL,$21.50
ATML,$7.13,1440177622733,"1,203,585",78% bullish,of 9 ratings,$9.50
ATOS,$0.8501,1440177622803,"136,837",100% bullish,of 7 ratings,$7
ATRC,$25.615,1440177622970,"128,910",100% bullish,of 1 rating,$30
ATRI,$388.75,1440177623055,"2,178",Not yet rated,NULL,N/A
ATTU,$13.95,1440177623186,"26,379",100% bearish,of 1 rating,$20.50
ATRM,$2.89,1440177623211,200,50% bullish,of 2 ratings,N/A
LIFE,$14.04,1440177623245,"23,123",86% bullish,of 7 ratings,$43
AUBN,$27.0001,1440177623378,502,Not yet rated,NULL,N/A
AUDC,$3.18,1440177623406,"36,482",80% bullish,of 5 ratings,$5
EARS,$4.8,1440177623432,"9,901",100% bearish,of 2 ratings,$11.50
ADSK,$52.27,1440177623568,"1,060,723",83% bullish,of 6 ratings,$69.50
AUPH,$3.2099,1440177623602,"8,561",100% bearish,of 1 rating,$8
ADP,$80.52,1440177623631,"883,379",100% bearish,of 1 rating,$88
ABTL,$17.69,1440177623696,"47,096",100% bullish,of 4 ratings,$20.25
ADAT,$0.125,1440177623763,"59,367",100% bullish,of 2 ratings,N/A
AVGO,$112.5708,1440177623833,"1,965,528",88% bullish,of 8 ratings,$160
AAVL,$10.7199,1440177623860,"136,330",100% bearish,of 1 rating,$20
AVNU,NULL,1440177623989,0,Not yet rated,NULL,$14
AVEO,$1.33,1440177624076,"928,779",75% bullish,of 8 ratings,$3
AVNW,$1.2,1440177624135,"81,937",50% bullish,of 2 ratings,$2.20
AVID,$7.97,1440177624237,"328,768",100% bearish,of 1 rating,$20
AVGR,$14.47,1440177624264,"12,869",100% bearish,of 1 rating,$20
CAR,$41.835,1440177624290,"959,971",80% bullish,of 5 ratings,$60
AWRE,$3.12,1440177624341,"2,460",67% bullish,of 3 ratings,N/A
AXPW,$1.1372,1440177624470,"28,401",83% bullish,of 6 ratings,N/A
ACLS,$3.32,1440177624500,"339,657",67% bullish,of 6 ratings,$4.75
AXPWW,NULL,1440177624552,0,Not yet rated,NULL,N/A
AXGN,$3.9599,1440177624605,"11,394",Not yet rated,NULL,$5
BCOM,NULL,1440177624841,0,100% bearish,of 1 rating,N/A
AXTI,$2.16,1440177624869,"13,380",50% bullish,of 2 ratings,$2.75
RILY,$10,1440177625234,500,Not yet rated,NULL,N/A
BEAV,$48.72,1440177625637,"286,770",67% bearish,of 3 ratings,$59
BIDU,$154.82,1440177625718,"2,223,303",81% bullish,of 88 ratings,$210
BOSC,$2.2101,1440177625789,617,50% bullish,of 2 ratings,N/A
BWINA,NULL,1440177625925,0,Not yet rated,NULL,N/A
BWINB,$23,1440177626003,"17,394",Not yet rated,NULL,N/A
BLDP,$1.2401,1440177626029,"360,047",91% bullish,of 22 ratings,$2.50
BANF,$61,1440177626106,"11,884",Not yet rated,NULL,$68
BANFP,NULL,1440177626169,0,Not yet rated,NULL,N/A
BOCH,$5.7704,1440177626210,"14,207",Not yet rated,NULL,$6.50
BCPC,$57.66,1440177626237,"67,876",100% bearish,of 1 rating,$75
BKMU,$7.13,1440177626305,"73,825",Not yet rated,NULL,$8
BMRC,$48.85,1440177626376,"10,154",Not yet rated,NULL,$52
BOTJ,$11.15,1440177626447,"2,966",Not yet rated,NULL,N/A
BKSC,$15.58,1440177626472,137,Not yet rated,NULL,N/A
OZRK,$40.5075,1440177626609,"260,845",67% bullish,of 3 ratings,$49.50
BFIN,$12.16,1440177626712,"17,398",Not yet rated,NULL,$13
BWFG,$18.08,1440177626760,205,100% bearish,of 1 rating,N/A
BZUN,$5.82,1440177626827,"250,286",50% bullish,of 2 ratings,$12.60
BANR,$45.44,1440177626906,"44,403",100% bullish,of 3 ratings,$50
BHACR,NULL,1440177626935,0,Not yet rated,NULL,N/A
BHAC,NULL,1440177626962,0,Not yet rated,NULL,N/A
TAPR,$29.38,1440177626990,"4,450",100% bearish,of 1 rating,N/A
BHACU,NULL,1440177627090,0,Not yet rated,NULL,N/A
BBSI,$34.5,1440177627117,"44,243",67% bearish,of 3 ratings,$62.50
BHACW,NULL,1440177627250,0,Not yet rated,NULL,N/A
BSET,$29.03,1440177627345,"25,912",100% bearish,of 1 rating,$35
BYLK,$12.95,1440177627380,300,Not yet rated,NULL,$14
BYBK,$5.09,1440177627420,878,100% bearish,of 1 rating,N/A
BBCN,$14.86,1440177627518,"149,098",100% bearish,of 1 rating,$16
BV,$5.165,1440177627602,"155,943",67% bullish,of 6 ratings,$9
BCBP,$11.74,1440177627665,"8,495",Not yet rated,NULL,N/A
BDCV,$4.92,1440177627694,"3,808",100% bearish,of 1 rating,$10.19
BSF,$8.65,1440177627715,"10,509",Not yet rated,NULL,N/A
BECN,$35.58,1440177627748,"168,050",50% bullish,of 2 ratings,$40
BEBE,$1.75,1440177627963,"59,561",75% bullish,of 4 ratings,$3.075
BBBY,$62.05,1440177627991,"993,144",71% bullish,of 7 ratings,$75
BBGI,NULL,1440177628026,0,100% bearish,of 1 rating,N/A
BELFA,$15.5,1440177628125,100,100% bearish,of 1 rating,N/A
BELFB,$18.03,1440177628153,"29,552",100% bearish,of 1 rating,N/A
BLPH,$5.0671,1440177628180,"19,817",100% bearish,of 1 rating,$12.50
BLCM,$17.34,1440177628334,"374,761",50% bullish,of 4 ratings,$40
BNTC,$7.9,1440177628367,"25,442",100% bullish,of 1 rating,N/A
BNFT,$37.17,1440177628393,"47,757",67% bullish,of 3 ratings,$46
BNCL,$12.71,1440177628466,"197,363",100% bullish,of 3 ratings,$12.50
BGMD,$0.845,1440177628542,"97,134",100% bullish,of 10 ratings,N/A
BGCP,$8.88,1440177628632,"903,259",88% bullish,of 8 ratings,$14
BGFV,$11.03,1440177628664,"78,822",57% bullish,of 7 ratings,$12
ORPN,$5.25,1440177628777,"11,707",100% bullish,of 1 rating,$28.50
BASI,$1.32,1440177628811,"4,146",Not yet rated,NULL,N/A
BIND,$4.62,1440177628880,"34,614",67% bullish,of 3 ratings,$13.50
BIOC,$2.05,1440177628989,"354,795",83% bullish,of 6 ratings,$3.85
BCDA,NULL,1440177629022,0,Not yet rated,NULL,N/A
BCRX,$12.05,1440177629126,"312,025",63% bullish,of 8 ratings,$18
BDSI,$6.59,1440177629218,"541,692",88% bullish,of 8 ratings,$17
BIIB,$305.11,1440177629246,"804,927",88% bullish,of 16 ratings,$400
BIOD,$0.68,1440177629316,"81,921",80% bullish,of 5 ratings,$4
BIOL,$1.5,1440177629379,"2,852",Not yet rated,NULL,N/A
BLRX,$1.4528,1440177629405,"183,024",100% bullish,of 12 ratings,$5
BMRN,$128.03,1440177629535,"457,310",80% bullish,of 5 ratings,$160
BVXV,$3.92,1440177629561,"5,192",Not yet rated,NULL,N/A
BVXVW,NULL,1440177629591,0,100% bearish,of 1 rating,N/A
BLFS,$2.0899,1440177629618,"45,376",100% bearish,of 1 rating,$4.75
BRLI,NULL,1440177629776,0,NULL,NULL,NULL
BIOS,$1.8,1440177629807,"535,682",71% bullish,of 7 ratings,$4
BPTH,$1.1,1440177629906,"34,254",100% bullish,of 2 ratings,$5
BBC,$30.6576,1440177629956,"50,256",Not yet rated,NULL,N/A
BBP,$32.3173,1440177629982,"67,439",Not yet rated,NULL,N/A
BSTC,$49.81,1440177630152,"50,600",100% bearish,of 1 rating,$76
BSPM,$0.656,1440177630220,"6,900",50% bullish,of 2 ratings,N/A
BOTA,$2.24,1440177630247,"23,069",88% bullish,of 8 ratings,N/A
BEAT,$13.555,1440177630314,"143,571",67% bearish,of 3 ratings,$15
TECH,$102.92,1440177630378,"38,462",100% bullish,of 1 rating,$117
BITI,$17.84,1440177630406,"28,394",100% bullish,of 1 rating,$28
BDMS,NULL,1440177630482,0,100% bearish,of 1 rating,N/A
BJRI,$44.71,1440177630567,"94,729",50% bullish,of 2 ratings,$55
HAWK,$41.45,1440177630861,"270,085",90% bullish,of 10 ratings,$49
BLKB,$58.21,1440177630887,"97,769",100% bearish,of 2 ratings,$66
BBOX,$15.46,1440177630916,"33,469",100% bearish,of 1 rating,N/A
BBRY,$7.13,1440177630937,"2,935,763",61% bullish,of 330 ratings,$9
BDE,$7.44,1440177630967,"114,465",50% bullish,of 2 ratings,$9
BKCC,$9.03,1440177631110,"231,804",100% bullish,of 2 ratings,$10
ADRA,$27.05,1440177631170,400,Not yet rated,NULL,N/A
ADRD,$22.13,1440177631196,"5,622",100% bearish,of 1 rating,N/A
ADRE,$29.7552,1440177631327,"41,013",Not yet rated,NULL,N/A
BUFF,$26.78,1440177631390,"290,991",83% bullish,of 12 ratings,$31.50
ADRU,$22.0101,1440177631418,748,100% bearish,of 1 rating,N/A
BCOR,$13.53,1440177631470,"110,943",57% bullish,of 7 ratings,$15
BLMN,$20.18,1440177631499,"1,111,547",83% bullish,of 6 ratings,$27.50
BLBD,$11.67,1440177631578,"3,504",Not yet rated,NULL,N/A
BHBK,$14.08,1440177631807,"73,029",100% bullish,of 1 rating,$14.50
BBLU,$0.88,1440177631834,"85,149",100% bullish,of 2 ratings,$4.43
NILE,$34.21,1440177631866,"35,653",50% bullish,of 2 ratings,$34
BKEP,$6.59,1440177631899,"26,018",100% bearish,of 1 rating,$8.50
BKEPP,$7.865,1440177631931,100,100% bearish,of 1 rating,N/A
BLUE,$125.41,1440177631960,"270,621",71% bullish,of 7 ratings,$217.50
BPMC,$26.0506,1440177632029,"29,068",50% bullish,of 2 ratings,$47.50
BOFI,$124.25,1440177632300,"209,814",100% bullish,of 6 ratings,$144
BNCN,$21.28,1440177632347,"47,982",Not yet rated,NULL,$23
WIFI,$7.97,1440177632377,"231,863",50% bullish,of 2 ratings,$13.50
BOBE,$44.303,1440177632436,"71,601",75% bullish,of 4 ratings,$57
BOKF,$61.84,1440177632478,"48,284",100% bearish,of 1 rating,$70.50
BOJA,$20.49,1440177632508,"63,811",100% bullish,of 1 rating,$30
BONA,$11.8,1440177632621,"108,578",75% bullish,of 4 ratings,$8.50
BNSO,$1.35,1440177632725,"4,980",100% bearish,of 1 rating,N/A
BPFH,$12.11,1440177632818,"133,190",100% bearish,of 1 rating,$14
BAMM,$3.2003,1440177632858,"7,939",60% bullish,of 5 ratings,N/A
BPFHW,$5.5,1440177632888,558,100% bearish,of 1 rating,N/A
BPFHP,$25.75,1440177632914,200,100% bearish,of 1 rating,N/A
BDBD,$8.5,1440177632945,"294,513",60% bullish,of 5 ratings,$10
EPAY,$25.57,1440177632971,"69,580",100% bearish,of 2 ratings,$30
BBRG,$12.5,1440177633208,"38,649",67% bullish,of 3 ratings,$14.50
BCLI,$2.95,1440177633239,"47,354",80% bullish,of 5 ratings,$12
BBEP,$2.238,1440177633340,"1,034,155",69% bullish,of 13 ratings,$5.625
BBEPP,$13.49,1440177633371,"60,966",100% bearish,of 1 rating,N/A
BLIN,$1.2,1440177633433,"6,400",50% bullish,of 2 ratings,$2.20
BDGE,$27.08,1440177633469,"13,633",Not yet rated,NULL,$31.75
BRID,$8.01,1440177633496,120,100% bearish,of 1 rating,N/A
BRCM,$49,1440177633684,"2,222,344",75% bullish,of 12 ratings,$56
BSFT,$30.9,1440177633737,"80,858",57% bullish,of 7 ratings,$40.50
BCOV,$5.25,1440177633768,"79,747",67% bullish,of 3 ratings,$10.20
BVSN,$5.5275,1440177633790,"12,025",60% bearish,of 5 ratings,N/A
BYFC,NULL,1440177633811,0,50% bullish,of 2 ratings,N/A
BRCD,$10.6299,1440177633833,"6,782,674",92% bullish,of 13 ratings,$12.50
BWEN,$3.3,1440177633973,"13,185",100% bullish,of 3 ratings,$8
BRKS,$10.4,1440177634106,"118,123",67% bullish,of 3 ratings,$15.25
BRKL,$10.78,1440177634177,"162,477",100% bearish,of 1 rating,$10.75
BRKR,$19.07,1440177634322,"78,952",100% bearish,of 2 ratings,$22
BMTC,$29.51,1440177634376,"35,543",Not yet rated,NULL,$34
BWLD,$189.765,1440177634448,"154,872",82% bullish,of 11 ratings,$205
BLDR,$14.66,1440177634509,"444,792",50% bullish,of 2 ratings,$22
BSQR,$6.0399,1440177634536,"59,487",67% bullish,of 3 ratings,N/A
BUR,$1.84,1440177634563,"2,200",100% bearish,of 1 rating,$8
CHRW,$67.4,1440177634613,"373,733",Not yet rated,NULL,$72
BLMT,$20.73,1440177634697,"11,567",Not yet rated,NULL,N/A
CA,$27.72,1440177634800,"1,221,992",50% bullish,of 4 ratings,$33
CFFI,$36,1440177634861,"4,256",100% bearish,of 1 rating,N/A
CDNS,$20.0455,1440177634934,"545,045",75% bullish,of 4 ratings,$22.50
CDZI,$7.4,1440177634959,"15,322",100% bearish,of 1 rating,N/A
CCMP,$44.4,1440177635012,"54,885",50% bullish,of 2 ratings,$59
CACQ,$7.13,1440177635156,"72,777",100% bearish,of 1 rating,$12.25
CSTE,$43.45,1440177635250,"181,780",100% bearish,of 1 rating,$65
CZR,$7.85,1440177635307,"819,564",60% bearish,of 5 ratings,$10.50
CLMS,$11.47,1440177635333,"45,160",Not yet rated,NULL,$10.50
CHY,$11.555,1440177635359,"183,916",Not yet rated,NULL,N/A
PRSS,$4.4712,1440177635388,"1,733",80% bullish,of 5 ratings,$4.50
CLBS,$1.33,1440177635418,"110,623",79% bullish,of 14 ratings,$4
CHI,$10.682,1440177635569,"180,805",100% bearish,of 1 rating,N/A
CCD,$19.8,1440177635666,"85,912",Not yet rated,NULL,N/A
CFGE,NULL,1440177635695,0,Not yet rated,NULL,N/A
CHW,$7.561,1440177635721,"179,049",100% bearish,of 1 rating,N/A
CGO,$12.02,1440177635857,"19,359",100% bearish,of 1 rating,N/A
CSQ,$9.87,1440177636146,"374,815",Not yet rated,NULL,N/A
CVGW,$54.6,1440177636329,"77,906",50% bullish,of 2 ratings,$58.50
CAMP,$15.87,1440177636355,"147,088",88% bullish,of 8 ratings,$25
CALD,$15.41,1440177636393,"208,332",100% bearish,of 1 rating,$20.50
CFNB,$13.4,1440177636492,105,100% bearish,of 1 rating,N/A
CALA,$5.03,1440177636518,"215,973",100% bullish,of 3 ratings,$19.50
CLMT,$25.25,1440177636566,"253,598",75% bullish,of 8 ratings,$31
CALM,$49.63,1440177636698,"286,497",80% bullish,of 5 ratings,$65
CAMB,NULL,1440177636729,0,Not yet rated,NULL,N/A
ABCD,$4.7301,1440177636761,"90,062",83% bullish,of 6 ratings,N/A
CAMBW,NULL,1440177636791,0,Not yet rated,NULL,N/A
CAMBU,NULL,1440177636826,0,100% bearish,of 1 rating,N/A
CAC,$40.39,1440177636891,"12,471",Not yet rated,NULL,N/A
CSIQ,$17.84,1440177636961,"1,991,322",86% bullish,of 28 ratings,$45
CAMT,$2.77,1440177636988,"12,512",73% bullish,of 11 ratings,$4
CGIX,$9.3036,1440177637235,"28,899",67% bullish,of 3 ratings,$14.375
CPHC,$10.44,1440177637273,"1,400",100% bearish,of 1 rating,N/A
CPLP,$6.8704,1440177637337,"183,800",71% bullish,of 7 ratings,$11
CBF,$30.06,1440177637366,"67,346",Not yet rated,NULL,$32
CPLA,$48.71,1440177637395,"35,340",50% bullish,of 2 ratings,$65
CBNJ,$10.6001,1440177637416,"29,362",100% bullish,of 1 rating,N/A
CCBG,$15.23,1440177637467,"18,195",Not yet rated,NULL,$17.25
CSWC,$47.4,1440177637599,"7,632",Not yet rated,NULL,N/A
CPTA,$14.34,1440177637643,"28,590",Not yet rated,NULL,$18.50
CFFN,$11.99,1440177637733,"394,941",Not yet rated,NULL,$12.75
CAPN,$1.9351,1440177637771,"188,217",100% bullish,of 1 rating,$10.85
CAPR,$3.87,1440177637863,"2,417",Not yet rated,NULL,$12
CAPNW,$0.6199,1440177637932,615,Not yet rated,NULL,N/A
CARB,$11.4,1440177638108,"49,872",75% bullish,of 4 ratings,$12
CPST,$0.37,1440177638137,"614,532",95% bullish,of 22 ratings,$1.25
CARA,$20.94,1440177638169,"138,799",50% bullish,of 4 ratings,$25
CBYL,$6.46,1440177638199,"29,480",100% bearish,of 1 rating,$20
CRDC,$0.39,1440177638220,"7,650",100% bullish,of 1 rating,$1.25
CFNL,$22.47,1440177638264,"71,794",Not yet rated,NULL,$24
CRME,$9.275,1440177638366,"12,488",89% bullish,of 9 ratings,$11.25
CATM,$34.77,1440177638426,"166,384",100% bearish,of 1 rating,$44
CSII,$24.3,1440177638506,"336,140",100% bearish,of 2 ratings,$42.125
CECO,$3.55,1440177638603,"249,024",67% bearish,of 3 ratings,$6
CTRE,$12.01,1440177638633,"97,601",50% bullish,of 2 ratings,N/A
CDNA,$6.44,1440177638712,"4,400",100% bearish,of 1 rating,$9
CLBH,$12.76,1440177638884,200,Not yet rated,NULL,$16.50
CKEC,$21.84,1440177638917,"185,180",50% bullish,of 2 ratings,$35.915
CART,NULL,1440177638950,0,100% bearish,of 1 rating,N/A
CRZO,$31.44,1440177639017,"530,924",67% bearish,of 3 ratings,$57
CARO,$15.35,1440177639045,500,100% bearish,of 1 rating,$19
TAST,$11.885,1440177639074,"141,446",Not yet rated,NULL,$14.25
CRTN,NULL,1440177639103,0,100% bearish,of 1 rating,N/A
CARV,$5.61,1440177639261,200,50% bullish,of 2 ratings,N/A
CACB,$5.43,1440177639361,"50,441",Not yet rated,NULL,$5.50
CASM,$1.072,1440177639386,"1,327",100% bullish,of 1 rating,$3.50
CSCD,$14.05,1440177639542,"45,052",100% bullish,of 2 ratings,$17
CWST,$6.05,1440177639575,"153,678",50% bullish,of 2 ratings,$7
CASY,$104.93,1440177639677,"155,535",50% bullish,of 2 ratings,$99.50
CASI,$1.42,1440177639714,"5,714",100% bullish,of 1 rating,$3.50
CASS,$48.4,1440177639742,"27,883",100% bearish,of 1 rating,N/A
CATB,$11.2736,1440177639893,"56,636",100% bearish,of 1 rating,$28
CATY,$30.25,1440177639924,"287,597",100% bearish,of 1 rating,$33.50
CPRX,$3.73,1440177639952,"665,508",71% bullish,of 7 ratings,$7
CATYW,$10.54,1440177639981,100,100% bearish,of 1 rating,N/A
CVCO,$72.85,1440177640017,"25,262",100% bearish,of 1 rating,N/A
CAVM,$66.89,1440177640117,"261,049",67% bearish,of 3 ratings,$72
CBFV,$20.56,1440177640144,"3,764",Not yet rated,NULL,N/A
CNLM,$9.97,1440177640190,"1,292",Not yet rated,NULL,N/A
CNLMU,NULL,1440177640485,0,100% bullish,of 1 rating,N/A
CNLMR,NULL,1440177640567,0,Not yet rated,NULL,N/A
CNLMW,NULL,1440177640616,0,Not yet rated,NULL,N/A
CDK,$48.32,1440177640672,"199,560",67% bearish,of 3 ratings,$50
CDW,$38.72,1440177640700,"359,034",75% bullish,of 4 ratings,$44
CECE,$9.62,1440177640728,"57,635",50% bullish,of 2 ratings,$16
CBOE,$61.79,1440177640755,"174,727",Not yet rated,NULL,$60
CPXX,$2.16,1440177640788,"49,983",100% bullish,of 2 ratings,$7
CELG,$121.77,1440177640861,"2,427,305",92% bullish,of 13 ratings,$155.50
CELGZ,$1.76,1440177641091,"5,100",80% bullish,of 5 ratings,N/A
CLDX,$13.75,1440177641123,"1,248,511",89% bullish,of 9 ratings,$36
CLDN,$1.0331,1440177641188,"116,964",71% bullish,of 7 ratings,$3
CLRB,$3.1419,1440177641221,"1,907",100% bearish,of 1 rating,N/A
CLLS,$30.28,1440177641330,"77,253",75% bullish,of 4 ratings,$51.50
CLRBW,$0.94,1440177641394,200,Not yet rated,NULL,N/A
CLTX,$3.16,1440177641494,"1,969,675",100% bullish,of 2 ratings,N/A
CBMG,$22.3401,1440177641593,"31,356",50% bullish,of 2 ratings,N/A
CLSN,$1.94,1440177641624,"92,120",80% bullish,of 10 ratings,$7.50
CYAD,$53.25,1440177641696,573,100% bullish,of 1 rating,$87.50
CEMP,$35.87,1440177641724,"496,782",71% bullish,of 7 ratings,$52
CSFL,$14.04,1440177641777,"93,023",Not yet rated,NULL,$15
CETX,$2.52,1440177641803,"9,100",Not yet rated,NULL,$5.60
CFBK,$1.37,1440177641979,"5,800",Not yet rated,NULL,N/A
CETV,$2.03,1440177642005,"127,275",67% bullish,of 3 ratings,$2.80
CENTA,$12.62,1440177642155,"96,569",Not yet rated,NULL,N/A
CENT,$11.99,1440177642188,"16,933",Not yet rated,NULL,$10
CVCY,$10.96,1440177642214,5,Not yet rated,NULL,$12
CNBKA,$40.59,1440177642286,"4,119",100% bullish,of 1 rating,N/A
CENX,$5.13,1440177642313,"811,966",67% bullish,of 6 ratings,$9
CNTY,$6.14,1440177642377,"2,906",80% bullish,of 5 ratings,$7.75
CPHD,$48.07,1440177642405,"318,014",50% bullish,of 2 ratings,$66.50
CERN,$62.2947,1440177642556,"861,957",67% bullish,of 3 ratings,$79
CRNT,$1.3599,1440177642584,"205,457",50% bullish,of 2 ratings,$2
CERE,$1.11,1440177642612,"318,708",88% bullish,of 8 ratings,N/A
CERU,$3.37,1440177642634,"14,164",75% bullish,of 4 ratings,$15
CERS,$4.78,1440177642766,"394,853",75% bullish,of 4 ratings,$7
KOOL,$0.71,1440177642858,"5,936",100% bullish,of 5 ratings,$7
CEVA,$18.32,1440177642889,"27,052",100% bearish,of 1 rating,$25
HOTR,$1.379,1440177643059,"126,685",100% bullish,of 2 ratings,$5
HOTRW,NULL,1440177643189,0,Not yet rated,NULL,N/A
CTHR,$1.2,1440177643218,"43,940",50% bullish,of 2 ratings,$2.50
CYOU,$20.22,1440177643286,"295,857",50% bullish,of 6 ratings,$24
GTLS,$22.34,1440177643312,"200,001",50% bullish,of 4 ratings,$40
CHTR,$178.27,1440177643381,"380,803",100% bearish,of 2 ratings,$196
CHFN,$12.48,1440177643519,"23,070",Not yet rated,NULL,$14
CHEK,$3.02,1440177643550,700,Not yet rated,NULL,$7.75
CHKP,$77.44,1440177643571,"493,768",50% bullish,of 4 ratings,$92
CCXI,$6.86,1440177643732,"52,512",67% bullish,of 3 ratings,$14
CHEKW,NULL,1440177643757,0,Not yet rated,NULL,N/A
CHFC,$31.95,1440177643779,"51,862",100% bearish,of 1 rating,$36
CEMI,$4.25,1440177643819,"4,139",50% bullish,of 2 ratings,$7.50
CHMG,$26.6,1440177643922,700,Not yet rated,NULL,$30
CHKE,$25.24,1440177643963,"19,664",100% bearish,of 1 rating,$32.50
CHEV,$14.3501,1440177644113,"6,050",Not yet rated,NULL,N/A
CBNK,$16.51,1440177644248,215,100% bearish,of 1 rating,N/A
CHMA,$24.2,1440177644286,"101,259",Not yet rated,NULL,$40
PLCE,$58.6927,1440177644492,"229,576",100% bearish,of 1 rating,$71
CADC,NULL,1440177644523,0,78% bullish,of 9 ratings,N/A
CMRX,$46.71,1440177644594,"222,441",50% bullish,of 2 ratings,$57
CALI,$0.9172,1440177644624,"7,036",67% bullish,of 3 ratings,N/A
CAAS,$6.5,1440177644754,"29,370",93% bullish,of 14 ratings,$11.50
CBAK,$1.9,1440177644780,"28,159",67% bullish,of 9 ratings,N/A
CBPO,$99.7175,1440177644836,"161,545",75% bullish,of 8 ratings,$140.50
CCCL,$0.8601,1440177645052,"1,030",100% bullish,of 6 ratings,N/A
CCCR,$0.82,1440177645080,"18,852",67% bearish,of 3 ratings,N/A
CHOP,$1.21,1440177645135,"51,942",50% bullish,of 2 ratings,N/A
JRJC,$3.8501,1440177645216,"142,592",82% bullish,of 11 ratings,N/A
HGSH,$1.83,1440177645250,"12,300",67% bullish,of 3 ratings,N/A
CHLN,$2.05,1440177645343,"5,703",67% bullish,of 3 ratings,N/A
CNIT,$1.51,1440177645369,"23,120",67% bullish,of 6 ratings,N/A
CJJD,$1.8681,1440177645395,"43,376",100% bullish,of 1 rating,N/A
HTHT,$24.84,1440177645531,"50,474",50% bullish,of 2 ratings,$28
CHNR,$2.0373,1440177645561,600,100% bearish,of 1 rating,N/A
CSUN,$1.3048,1440177645693,"9,989",80% bullish,of 5 ratings,N/A
CREG,$0.7,1440177645719,"75,383",100% bullish,of 3 ratings,N/A
CPGI,$6.9,1440177645785,800,Not yet rated,NULL,N/A
CNTF,$0.8601,1440177645926,"105,801",Not yet rated,NULL,N/A
CNYD,$3.09,1440177645948,"6,200",67% bullish,of 3 ratings,N/A
CXDC,$6.19,1440177645983,"88,100",67% bullish,of 3 ratings,N/A
CCIH,$5.9499,1440177646027,"614,833",67% bullish,of 6 ratings,$12.65
CNET,$0.8826,1440177646079,"27,543",50% bullish,of 2 ratings,N/A
IMOS,$16.02,1440177646130,"94,033",60% bullish,of 5 ratings,$21.50
CHSCL,$27.1187,1440177646213,"20,353",Not yet rated,NULL,N/A
CHSCM,$25.8991,1440177646358,"20,976",Not yet rated,NULL,N/A
CHSCN,$27.0444,1440177646387,"3,025",Not yet rated,NULL,N/A
CHSCP,$30.2739,1440177646409,"1,454",Not yet rated,NULL,N/A
CHSCO,$28.3592,1440177646448,"7,347",Not yet rated,NULL,N/A
CHUY,$32.17,1440177646626,"102,198",50% bullish,of 2 ratings,$34
CHDN,$133.15,1440177646674,"35,714",Not yet rated,NULL,$165
CIFC,$6.9,1440177646808,"7,398",Not yet rated,NULL,N/A
CMCT,$15.02,1440177646829,"2,610",100% bearish,of 1 rating,N/A
CDTX,$14.08,1440177646865,"6,853",Not yet rated,NULL,$22
CMPR,$67.82,1440177646909,"236,733",50% bullish,of 2 ratings,$72.50
CINF,$54.435,1440177646964,"236,961",50% bullish,of 4 ratings,$50.50
CIDM,$0.6479,1440177647009,"52,126",50% bullish,of 2 ratings,$2.10
CTAS,$85.55,1440177647294,"187,920",100% bearish,of 1 rating,$91
CPHR,$6.2,1440177647323,"1,100",100% bearish,of 1 rating,$16
CSCO,$26.9934,1440177647348,"15,616,228",84% bullish,of 208 ratings,$32
CRUS,$27.883,1440177647379,"531,951",75% bullish,of 12 ratings,$44.50
CTRN,$27.59,1440177647483,"70,642",100% bearish,of 1 rating,$31.50
CZWI,NULL,1440177647515,0,Not yet rated,NULL,N/A
CZNC,$19.74,1440177647573,"8,987",Not yet rated,NULL,N/A
CIZN,$19.49,1440177647764,129,Not yet rated,NULL,N/A
CTXS,$74.71,1440177647790,"549,437",86% bullish,of 7 ratings,$80
CZFC,$12.7378,1440177647857,100,Not yet rated,NULL,N/A
CHCO,$47.63,1440177647919,"30,433",Not yet rated,NULL,$46
CIVB,$10.3,1440177647946,"5,137",Not yet rated,NULL,$11
CLNE,$4.06,1440177648075,"628,075",80% bullish,of 15 ratings,$9
CDTI,$1.52,1440177648102,"47,938",75% bullish,of 4 ratings,$3.20
CIVBP,NULL,1440177648147,0,Not yet rated,NULL,N/A
CLNT,$1.64,1440177648234,"51,800",75% bullish,of 8 ratings,N/A
CLFD,$16.96,1440177648282,"35,204",67% bullish,of 3 ratings,$18
CLRO,$11.822,1440177648388,"3,103",50% bullish,of 2 ratings,$14.25
CLIR,$4.9806,1440177648458,"3,743",100% bullish,of 3 ratings,N/A
CBLI,$3.9,1440177648517,"30,290",60% bullish,of 5 ratings,N/A
CSBK,$13.73,1440177648621,"34,810",Not yet rated,NULL,N/A
CMFN,$11.8339,1440177648680,"9,559",100% bearish,of 1 rating,$15.50
CLVS,$72.67,1440177648757,"223,644",60% bullish,of 5 ratings,$101.50
CCNE,$17.19,1440177648831,"17,958",50% bullish,of 2 ratings,$21.50
CME,$93.26,1440177648895,"636,239",67% bullish,of 3 ratings,$102
CISG,$7.67,1440177648998,"98,938",100% bullish,of 5 ratings,$10
CWAY,$11.26,1440177649036,304,Not yet rated,NULL,N/A
COBZ,$12.97,1440177649082,"80,020",100% bullish,of 1 rating,$14
CNV,$4.6,1440177649130,"7,150",50% bullish,of 2 ratings,$7.15
CDRB,$11.53,1440177649165,"4,706",67% bullish,of 3 ratings,N/A
COKE,$154.73,1440177649186,"19,824",79% bullish,of 19 ratings,N/A
CDXS,$3.955,1440177649344,"24,788",64% bullish,of 11 ratings,$6
CVLY,$20.55,1440177649471,"5,069",Not yet rated,NULL,N/A
JVA,$4.6,1440177649574,"15,624",83% bullish,of 6 ratings,$7
CCOI,$28.36,1440177649609,"148,724",50% bullish,of 4 ratings,$35
CGNT,$1.63,1440177649706,"14,146",100% bullish,of 2 ratings,$2
CGNX,$35.63,1440177649736,"351,571",50% bullish,of 2 ratings,$47
CHRS,$30.65,1440177649839,"96,982",67% bearish,of 3 ratings,$37
CTSH,$64.26,1440177649869,"1,349,994",90% bullish,of 10 ratings,$75
COHR,$57.46,1440177649917,"68,042",50% bullish,of 2 ratings,$72
CLRX,$0.51,1440177649971,"53,228",50% bullish,of 2 ratings,N/A
COHU,$9.65,1440177650012,"66,162",100% bearish,of 1 rating,$14.25
CLCT,$18.12,1440177650117,"40,439",100% bearish,of 1 rating,N/A
COLL,$14.82,1440177650149,"25,548",100% bearish,of 1 rating,$26
CIGI,$44.618,1440177650184,"2,808",100% bearish,of 1 rating,$52
CBAN,$8.75,1440177650282,400,Not yet rated,NULL,N/A
CLCD,$7.2004,1440177650307,"9,825",100% bearish,of 1 rating,$20.50
COLB,$31.1001,1440177650456,"128,640",Not yet rated,NULL,$36
CMCO,$19.46,1440177650585,"56,994",60% bullish,of 5 ratings,$28
COLM,$63.19,1440177650613,"105,959",100% bearish,of 1 rating,$71
CMCSK,$58.2,1440177650643,"1,442,206",Not yet rated,NULL,$84
CMCSA,$57.51,1440177650673,"6,990,042",66% bullish,of 35 ratings,$69.50
CBMX,$1.16,1440177650705,"10,447",83% bullish,of 6 ratings,$3.15
CUBN,$13.8,1440177650774,"1,185",Not yet rated,NULL,N/A
CBSHP,$25.1901,1440177650803,916,100% bearish,of 1 rating,N/A
CBSH,$45.37,1440177650902,"129,367",50% bullish,of 2 ratings,$46
CVGI,$4.68,1440177651006,"50,366",50% bullish,of 2 ratings,$6
CSAL,$21.23,1440177651047,"309,176",75% bullish,of 4 ratings,$30
COMM,$29.26,1440177651096,"420,227",67% bearish,of 3 ratings,$35
JCS,NULL,1440177651181,0,67% bullish,of 3 ratings,N/A
ESXB,$5.0856,1440177651355,"10,683",Not yet rated,NULL,N/A
CYHHZ,$0.011,1440177651409,"4,075",100% bullish,of 1 rating,N/A
CWBC,$6.79,1440177651441,"2,010",Not yet rated,NULL,N/A
CVLT,$36.22,1440177651492,"180,142",75% bullish,of 4 ratings,$44.50
CTBI,$34.65,1440177651543,"25,439",Not yet rated,NULL,$36
COB,$10.55,1440177651573,"18,098",100% bullish,of 1 rating,$11.75
CIL,$33.88,1440177651680,100,Not yet rated,NULL,N/A
CID,$33.93,1440177651751,100,Not yet rated,NULL,N/A
CIZ,$33.4275,1440177651808,"4,774",100% bearish,of 1 rating,N/A
CDC,$35.37,1440177651957,"16,348",Not yet rated,NULL,N/A
CSA,NULL,1440177651991,0,Not yet rated,NULL,N/A
CSF,$36.89,1440177652086,"3,206",100% bearish,of 1 rating,N/A
CFO,$35.86,1440177652115,"11,055",100% bearish,of 1 rating,N/A
CFA,$36.0701,1440177652148,"1,606",100% bearish,of 1 rating,N/A
CDL,NULL,1440177652190,0,Not yet rated,NULL,N/A
CSB,NULL,1440177652246,0,Not yet rated,NULL,N/A
CGEN,$5.1049,1440177652325,"61,035",50% bullish,of 2 ratings,$11
CPSI,$45.11,1440177652354,"38,539",100% bearish,of 1 rating,$45.50
CTG,$6.6301,1440177652429,"11,106",100% bearish,of 1 rating,$8.50
SCOR,$57.83,1440177652499,"241,900",100% bearish,of 1 rating,$66
CHCI,$0.5921,1440177652633,"14,000",50% bullish,of 2 ratings,N/A
CMTL,$26.39,1440177652663,"32,400",100% bearish,of 2 ratings,$37
CNSI,$18.73,1440177652792,"106,745",100% bearish,of 2 ratings,$29
CCUR,$5.1824,1440177652930,"7,378",75% bullish,of 4 ratings,N/A
CNAT,$4.03,1440177653007,"99,914",83% bullish,of 6 ratings,$13
CNCE,$15.49,1440177653038,"138,792",75% bullish,of 4 ratings,$22
CXRX,$72.68,1440177653071,"3,494",Not yet rated,NULL,$90
CDORO,NULL,1440177653096,0,100% bearish,of 1 rating,N/A
CDOR,$1.4004,1440177653138,"5,049",100% bullish,of 1 rating,N/A
CDORP,$6.7921,1440177653164,800,100% bearish,of 1 rating,N/A
CNFR,$10.325,1440177653358,"10,956",Not yet rated,NULL,N/A
CFMS,$21.15,1440177653416,"186,851",Not yet rated,NULL,$27
CTWS,$35.19,1440177653500,"23,236",100% bearish,of 1 rating,$44
CNMD,$54.87,1440177653561,"67,713",Not yet rated,NULL,$59
CNXR,$6.27,1440177653749,"14,500",100% bearish,of 1 rating,$12
CNOB,$19.55,1440177653777,"86,890",100% bullish,of 1 rating,$23.50
CWCO,$10.63,1440177653851,"103,224",67% bullish,of 3 ratings,$14.50
CNSL,$19.96,1440177653910,"135,507",100% bearish,of 1 rating,$23
CONN,$31.32,1440177653939,"166,908",67% bullish,of 3 ratings,$48.50
CTCT,$24.23,1440177653968,"143,094",67% bullish,of 3 ratings,$37
CPSS,$5.43,1440177653996,"25,563",100% bullish,of 1 rating,$10
CFRXZ,$0.481,1440177654049,400,Not yet rated,NULL,N/A
CFRX,$4.9,1440177654179,"14,835",Not yet rated,NULL,$14
CFRXW,$1.89,1440177654273,"1,275",100% bearish,of 1 rating,N/A
CTRL,$7.81,1440177654322,"82,466",50% bullish,of 2 ratings,$11
CRBP,$2.045,1440177654358,"670,258",100% bullish,of 2 ratings,$6.25
CTRV,$3.646,1440177654387,"18,483",Not yet rated,NULL,$6.40
CPRT,$34.81,1440177654417,"114,167",67% bearish,of 3 ratings,$40
CORT,$4.61,1440177654515,"270,854",67% bullish,of 3 ratings,$12
BVA,$3.6999,1440177654649,"3,592",50% bullish,of 2 ratings,N/A
CORE,$61.23,1440177654733,"44,254",100% bearish,of 1 rating,$72
CRVL,$32.25,1440177654866,"17,798",100% bearish,of 1 rating,N/A
CORI,$10.92,1440177654929,"28,200",100% bearish,of 1 rating,$18
COSI,$1.12,1440177654953,"55,228",100% bullish,of 1 rating,N/A
CSOD,$37.15,1440177654979,"223,854",50% bullish,of 2 ratings,$42
COST,$140.4,1440177655025,"1,210,543",79% bullish,of 24 ratings,$154.50
CSGP,$182.77,1440177655050,"22,114",50% bullish,of 2 ratings,$235
CPAH,$0.4201,1440177655118,"8,900",50% bullish,of 2 ratings,N/A
COVS,$2.56,1440177655280,"63,198",67% bullish,of 3 ratings,N/A
ICBK,$18.24,1440177655306,116,Not yet rated,NULL,$21
CVTI,$22.39,1440177655337,"46,011",67% bearish,of 3 ratings,$39
COWNL,$27.19,1440177655545,"3,000",Not yet rated,NULL,N/A
CPSH,NULL,1440177655609,0,Not yet rated,NULL,N/A
COWN,$5.18,1440177655642,"495,229",75% bullish,of 4 ratings,$7
CRAI,$22.32,1440177655707,"18,710",Not yet rated,NULL,$36
CBRL,$143.9,1440177655777,"214,907",50% bullish,of 2 ratings,$155
CACC,$192.694,1440177655927,"62,890",50% bullish,of 2 ratings,$158.50
BREW,$7.35,1440177655971,"34,999",67% bullish,of 6 ratings,$15
CRAY,$20.9399,1440177656021,"143,979",83% bullish,of 6 ratings,$38.50
SLVO,$10.4101,1440177656048,"3,000",100% bearish,of 1 rating,N/A
GLDI,$11.1,1440177656081,"31,970",100% bearish,of 1 rating,N/A
CRTO,$44.92,1440177656102,"347,490",67% bullish,of 6 ratings,$64
CRESY,$10.27,1440177656133,"9,863",100% bearish,of 1 rating,$19
CREE,$25.19,1440177656279,"427,004",65% bullish,of 17 ratings,$29.50
CRDS,$1.02,1440177656450,"11,160",50% bullish,of 4 ratings,$4.50
CCRN,$14.27,1440177656483,"99,606",100% bearish,of 1 rating,$14.25
CROX,$14.01,1440177656505,"599,513",63% bullish,of 8 ratings,$16.50
CRWS,$8.0272,1440177656535,"1,515",Not yet rated,NULL,$10
CRWN,$4.5898,1440177656582,"94,351",75% bullish,of 4 ratings,N/A
CCLP,$14.04,1440177656760,"45,382",67% bearish,of 3 ratings,$21
CYRX,$3.16,1440177656789,"1,600",Not yet rated,NULL,$9
CTCM,$1.6764,1440177656817,"113,051",80% bearish,of 5 ratings,$3.90
CYRXW,$0.97,1440177656856,400,Not yet rated,NULL,N/A
CSPI,$6.0801,1440177656946,"2,700",67% bullish,of 3 ratings,N/A
CTIB,NULL,1440177656982,0,100% bearish,of 1 rating,N/A
CTIC,$1.695,1440177657011,"1,296,889",84% bullish,of 76 ratings,$5.75
CSGS,$31.05,1440177657045,"87,314",Not yet rated,NULL,$40
CTRP,$64.175,1440177657140,"876,124",75% bullish,of 8 ratings,$92
CUNB,$22.05,1440177657303,"28,038",Not yet rated,NULL,$24.50
CUI,$4.85,1440177657519,"38,281",50% bullish,of 2 ratings,$10
CVBF,$16.615,1440177657599,"261,369",Not yet rated,NULL,$18
CRIS,$2.6,1440177657653,"308,094",100% bullish,of 8 ratings,$6
CMLS,$1.265,1440177657685,"612,271",50% bullish,of 4 ratings,$6
CPIX,$5.87,1440177657708,"2,615",Not yet rated,NULL,N/A
CVV,$11.6,1440177657736,"19,776",100% bullish,of 5 ratings,N/A
CUTR,$14.28,1440177657763,"33,656",67% bearish,of 3 ratings,$18
CYAN,$7.1008,1440177657798,940,100% bearish,of 1 rating,N/A
CYBR,$51.2001,1440177657898,"1,378,670",86% bullish,of 7 ratings,$66
CYBX,$65.9999,1440177658031,"331,992",50% bullish,of 4 ratings,$70
CYBE,$5.94,1440177658082,"5,350",100% bearish,of 1 rating,N/A
CBAY,$2.67,1440177658107,"32,728",100% bullish,of 1 rating,$4
CYCC,$0.5501,1440177658133,"106,857",73% bullish,of 11 ratings,N/A
CYCCP,NULL,1440177658159,0,100% bearish,of 1 rating,N/A
CYNO,$31.91,1440177658439,"152,763",67% bearish,of 3 ratings,$45.50
CYNA,$16.1125,1440177658470,"18,305",100% bullish,of 1 rating,$31.50
CY,$9.37,1440177658497,"1,720,929",80% bullish,of 10 ratings,$15.50
CYRN,$1.68,1440177658545,"217,035",67% bullish,of 3 ratings,$4
CONE,$33.38,1440177658574,"250,934",67% bearish,of 3 ratings,$35
CYTK,$6.61,1440177658633,"126,136",71% bullish,of 14 ratings,$13.50
CTSO,$7,1440177658661,"39,303",Not yet rated,NULL,$15.625
CYTX,$0.3776,1440177658704,"478,303",83% bullish,of 12 ratings,$5.50
CYTR,$2.23,1440177658839,"493,184",67% bullish,of 6 ratings,$10
DAEG,$0.3594,1440177658971,"4,100",100% bearish,of 1 rating,N/A
TVIZ,$14.3227,1440177659005,"1,660",100% bearish,of 1 rating,N/A
ZIV,$46.95,1440177659106,"61,739",Not yet rated,NULL,N/A
XIV,$38.6176,1440177659132,"15,380,771",75% bearish,of 4 ratings,N/A
TVIX,$8.2599,1440177659164,"12,275,239",81% bullish,of 16 ratings,N/A
DAKT,$11.59,1440177659196,"85,205",50% bullish,of 2 ratings,$14
DJCO,$199.96,1440177659295,"1,530",Not yet rated,NULL,N/A
DARA,$0.8725,1440177659368,"35,261",83% bullish,of 6 ratings,$1.50
DAIO,$2.58,1440177659467,"3,412",Not yet rated,NULL,N/A
DTLK,$5.54,1440177659515,"68,937",100% bearish,of 1 rating,$9
DRAM,NULL,1440177659542,0,78% bullish,of 9 ratings,N/A
DWCH,$5.01,1440177659605,"18,067",75% bullish,of 4 ratings,$8.25
PLAY,$34.38,1440177659633,"146,891",100% bullish,of 5 ratings,$42
DTEA,$13.72,1440177659768,"72,079",100% bearish,of 2 ratings,$24
DWSN,$3.97,1440177659794,"18,991",67% bullish,of 3 ratings,$6
DBVT,$39.39,1440177659939,"66,266",100% bearish,of 1 rating,$53
TRAK,$62.94,1440177659979,"591,328",50% bullish,of 2 ratings,$62.50
DFRG,$14.61,1440177660111,"120,923",100% bearish,of 1 rating,$20
TACO,$12.98,1440177660138,"107,056",100% bullish,of 3 ratings,$20
DHRM,$1.78,1440177660272,700,Not yet rated,NULL,N/A
DCTH,$0.48,1440177660304,"59,242",78% bullish,of 9 ratings,N/A
DGAS,$20.24,1440177660331,"1,113",67% bearish,of 3 ratings,N/A
TACOW,$4.1,1440177660361,"1,350",100% bullish,of 1 rating,N/A
DELTW,NULL,1440177660389,0,Not yet rated,NULL,N/A
DELT,NULL,1440177660436,0,Not yet rated,NULL,N/A
DENN,$11.86,1440177660587,"249,693",100% bullish,of 3 ratings,$15
DEPO,$29.02,1440177660688,"642,867",60% bullish,of 5 ratings,$29
DSCI,$6.46,1440177660759,"33,470",50% bullish,of 2 ratings,$16
XRAY,$54.1,1440177660845,"280,242",100% bullish,of 1 rating,$58
DEST,$11.77,1440177660874,"17,272",50% bullish,of 2 ratings,N/A
DERM,$24.17,1440177660916,"192,398",100% bearish,of 1 rating,$33.50
DXLG,$4.56,1440177661012,"38,955",100% bearish,of 1 rating,$8
DXCM,$90.0575,1440177661041,"555,650",57% bullish,of 7 ratings,$98
DSWL,$1.7501,1440177661068,"6,825",100% bullish,of 1 rating,N/A
DXM,$0.3001,1440177661090,"18,874",50% bullish,of 2 ratings,N/A
DMND,$30.23,1440177661335,"111,148",75% bullish,of 12 ratings,$32
DHXM,NULL,1440177661365,0,Not yet rated,NULL,N/A
FANG,$66.935,1440177661393,"442,933",50% bullish,of 2 ratings,$86
DHIL,$187,1440177661466,"5,881",Not yet rated,NULL,N/A
DRNA,$10.48,1440177661523,"66,174",67% bearish,of 3 ratings,$25
DCIX,$1.73,1440177661571,"21,625",50% bullish,of 4 ratings,$3.50
DGII,$9.95,1440177661599,"50,562",100% bearish,of 1 rating,$10
DMRC,$36.025,1440177661854,"42,681",100% bearish,of 1 rating,$44
DGLY,$6.7923,1440177661887,"153,302",50% bullish,of 6 ratings,$20
DIOD,$19.5,1440177661917,"108,004",75% bearish,of 4 ratings,$24
DRAD,$3.89,1440177661943,"8,759",100% bullish,of 1 rating,$5.25
APPS,$2.375,1440177661985,"121,280",100% bearish,of 1 rating,$10.25
DCOM,$16.73,1440177662014,"61,634",100% bearish,of 2 ratings,$16.50
DPRX,$12.17,1440177662074,"12,243",100% bullish,of 2 ratings,$27.75
DISCA,$27,1440177662172,"1,446,273",67% bullish,of 3 ratings,$34
DISCB,NULL,1440177662261,0,100% bearish,of 1 rating,$35
DISCK,$25.775,1440177662393,"987,873",100% bearish,of 1 rating,$32
DSCO,$0.418,1440177662421,"64,420",83% bullish,of 6 ratings,$2.75
DISH,$61.51,1440177662443,"718,086",69% bullish,of 13 ratings,$73
DVCR,$10.4798,1440177662477,"13,006",100% bullish,of 1 rating,N/A
BAGR,$3.0711,1440177662582,"10,775",100% bearish,of 1 rating,$6
DNBF,$27.45,1440177662754,"6,927",Not yet rated,NULL,$27.50
DLTR,$77.165,1440177662795,"1,219,462",82% bullish,of 11 ratings,$88
DLHC,$2.34,1440177662821,"5,316",100% bearish,of 1 rating,N/A
DGICB,NULL,1440177662851,0,100% bearish,of 1 rating,N/A
DMLP,$13.7899,1440177662881,"26,664",100% bearish,of 1 rating,N/A
DGICA,$14.15,1440177662910,"11,810",100% bearish,of 1 rating,$17
DORM,$50.125,1440177663042,"130,603",100% bearish,of 1 rating,$56
HILL,$9.68,1440177663072,"1,008,513",60% bearish,of 5 ratings,$9.75
DRWI,$0.2651,1440177663176,"141,016",60% bullish,of 5 ratings,$.45
DRWIW,$0.062,1440177663325,110,Not yet rated,NULL,N/A
DWA,$18.9,1440177663396,"434,664",63% bullish,of 8 ratings,$26
DSKX,$3.43,1440177663488,"68,348",100% bullish,of 1 rating,N/A
CADT,$10.02,1440177663557,103,Not yet rated,NULL,N/A
DRYS,$0.3549,1440177663616,"990,980",77% bullish,of 31 ratings,$.60
CADTU,NULL,1440177663649,0,Not yet rated,NULL,N/A
CADTR,NULL,1440177663673,0,Not yet rated,NULL,N/A
DSPG,$8.56,1440177663695,"40,829",100% bearish,of 1 rating,$13.50
CADTW,NULL,1440177663749,0,Not yet rated,NULL,N/A
DNKN,$50.02,1440177663831,"656,683",67% bullish,of 15 ratings,$56.50
DRRX,$2.02,1440177664023,"229,834",50% bullish,of 6 ratings,$3
DXPE,$28.24,1440177664050,"53,901",50% bullish,of 2 ratings,N/A
DTSI,$26.03,1440177664080,"53,244",100% bearish,of 2 ratings,$39.50
DYAX,$22.47,1440177664185,"386,691",89% bullish,of 9 ratings,$30
BOOM,$9.86,1440177664213,"18,299",67% bullish,of 3 ratings,$12
DVAX,$27.72,1440177664248,"225,412",70% bullish,of 10 ratings,$40
DYNT,$2.86,1440177664274,100,75% bullish,of 4 ratings,N/A
DYSL,$1.5,1440177664345,"87,514",100% bullish,of 2 ratings,N/A
EBMT,$11.487,1440177664485,"16,954",Not yet rated,NULL,$13.50
ETFC,$25.75,1440177664554,"1,313,047",57% bullish,of 14 ratings,$33
EGRX,$65.42,1440177664590,"237,576",67% bullish,of 3 ratings,$97
EGBN,$43.03,1440177664658,"49,392",Not yet rated,NULL,$48
EROC,$1.0999,1440177664695,"274,645",50% bullish,of 2 ratings,$3
EGLE,$6.01,1440177664723,"38,774",60% bullish,of 5 ratings,N/A
ELNK,$8.61,1440177664867,"467,146",60% bullish,of 5 ratings,$9.50
EWBC,$41.73,1440177664898,"487,602",100% bearish,of 1 rating,$50
EACQU,NULL,1440177665066,0,Not yet rated,NULL,N/A
EVBS,$6.45,1440177665100,"2,384",Not yet rated,NULL,$7
EBIX,$28.45,1440177665136,"193,178",69% bullish,of 13 ratings,$40
EML,$16.7501,1440177665158,"4,369",Not yet rated,NULL,N/A
EBAY,$26.11,1440177665246,"5,442,887",81% bullish,of 117 ratings,$48
ECHO,$25.205,1440177665307,"223,242",67% bearish,of 3 ratings,$35.50
ELON,$0.5427,1440177665402,"53,369",50% bullish,of 2 ratings,N/A
ECTE,$1.52,1440177665480,"45,902",75% bullish,of 4 ratings,N/A
SATS,$44.13,1440177665535,"66,228",50% bullish,of 2 ratings,$60
EEI,$11.13,1440177665698,"4,719",67% bearish,of 3 ratings,N/A
ESES,$3.2,1440177665729,"7,707",100% bearish,of 1 rating,$7
ECACU,$10.05,1440177665759,"1,319",Not yet rated,NULL,N/A
EDAP,$3.251,1440177665830,"110,891",60% bullish,of 5 ratings,$4.50
EDUC,$4.7599,1440177665859,"5,855",100% bearish,of 1 rating,N/A
EDGW,$7.1,1440177665927,"28,109",100% bearish,of 1 rating,N/A
EGAN,$3.44,1440177665989,"6,366",50% bullish,of 2 ratings,$6.25
EFUT,NULL,1440177666059,0,Not yet rated,NULL,N/A
EGLT,$11.39,1440177666121,"11,407",50% bullish,of 2 ratings,$21
EHTH,$14.115,1440177666146,"84,172",50% bullish,of 4 ratings,$16.50
LOCO,$12.0701,1440177666180,"649,380",69% bullish,of 13 ratings,$20
EMITF,$1.286,1440177666316,"4,100",75% bullish,of 4 ratings,N/A
ESLT,$80.51,1440177666344,"1,652",100% bullish,of 2 ratings,N/A
ERI,$9.58,1440177666486,"89,123",100% bearish,of 1 rating,$10
ELRC,$10.5,1440177666553,"41,211",100% bearish,of 1 rating,N/A
ESIO,$4.56,1440177666583,"20,096",50% bullish,of 2 ratings,$10
EA,$66.31,1440177666613,"1,796,851",77% bullish,of 35 ratings,$80
EFII,$44.02,1440177666653,"114,842",80% bullish,of 5 ratings,$55
ELSE,$4.02,1440177666720,"1,000",60% bullish,of 5 ratings,N/A
EBIO,$3.5501,1440177666851,"715,749",100% bearish,of 2 ratings,$8.35
ELEC,NULL,1440177666879,0,Not yet rated,NULL,N/A
ELECU,NULL,1440177666900,0,Not yet rated,NULL,N/A
ELECW,NULL,1440177666933,0,Not yet rated,NULL,N/A
RDEN,$10.35,1440177667131,"62,151",100% bearish,of 4 ratings,$15
ESBK,$19.37,1440177667158,726,Not yet rated,NULL,N/A
LONG,$17.1,1440177667180,"7,664",67% bullish,of 3 ratings,$15.75
CAPX,$23.0299,1440177667202,100,Not yet rated,NULL,N/A
EMCI,$23.07,1440177667344,"10,099",Not yet rated,NULL,N/A
ELTK,$1.116,1440177667370,"3,601",67% bearish,of 3 ratings,N/A
EMKR,$7.03,1440177667564,"43,755",75% bullish,of 4 ratings,$8.50
EMCF,NULL,1440177667598,0,100% bearish,of 1 rating,N/A
NYNY,$4.0099,1440177667620,"57,947",50% bullish,of 2 ratings,N/A
EMMSP,$3.5,1440177667653,100,100% bearish,of 1 rating,N/A
EMMS,$1.25,1440177667675,"1,500",67% bullish,of 6 ratings,N/A
ENTA,$39.97,1440177667707,"72,658",50% bullish,of 2 ratings,$42
ERS,$2.9,1440177667899,300,Not yet rated,NULL,N/A
ECPG,$38.92,1440177668023,"69,663",100% bullish,of 2 ratings,$52
ENDP,$77.74,1440177668055,"784,717",50% bullish,of 6 ratings,$104
WIRE,$32.85,1440177668129,"69,859",100% bearish,of 1 rating,$37
ECYT,$5.27,1440177668155,"161,058",83% bullish,of 6 ratings,$12
ELGX,$13.11,1440177668211,"330,317",75% bullish,of 4 ratings,$17
EIGI,$15.41,1440177668286,"486,445",67% bearish,of 3 ratings,$22.50
WATT,$6.87,1440177668415,"43,710",50% bullish,of 2 ratings,$13
EFOI,$16.21,1440177668442,"246,093",50% bullish,of 2 ratings,$20.50
ERII,$2.83,1440177668586,"41,696",80% bullish,of 5 ratings,$2.50
EXXI,$1.455,1440177668614,"1,032,110",86% bullish,of 7 ratings,$3.50
ENPH,$4.395,1440177668684,"296,235",75% bullish,of 4 ratings,$11
ENG,$1,1440177668791,"1,603",100% bullish,of 3 ratings,N/A
ENOC,$8.0799,1440177668841,"124,722",75% bullish,of 4 ratings,$18
ESGR,$151.262,1440177668894,"31,688",100% bearish,of 1 rating,$185
ENFC,NULL,1440177668941,0,Not yet rated,NULL,N/A
ENTG,$13.82,1440177668972,"244,482",100% bearish,of 1 rating,$18
ENTL,$21.1801,1440177669074,"9,192",Not yet rated,NULL,$28
ETRM,$0.23,1440177669147,"294,180",69% bearish,of 35 ratings,$1.625
EFSC,$24.61,1440177669217,"31,893",Not yet rated,NULL,$27
ENVI,$1.81,1440177669316,"14,104",67% bullish,of 3 ratings,N/A
EBTC,$20.3,1440177669350,"5,915",Not yet rated,NULL,N/A
ENZN,$1.0101,1440177669378,"525,405",100% bullish,of 9 ratings,N/A
EGT,$2.089,1440177669399,"1,400",100% bullish,of 1 rating,N/A
ENZY,$8.882,1440177669454,"6,876",67% bullish,of 3 ratings,$9.50
EPIQ,$13.7828,1440177669585,"55,507",100% bearish,of 1 rating,$18
EPRS,$4.69,1440177669668,"42,954",82% bullish,of 11 ratings,$15
EPZM,$16.15,1440177669722,"148,790",60% bullish,of 5 ratings,$34
PLUS,$78.22,1440177669773,"72,508",50% bullish,of 2 ratings,$88
EQFN,$8.32,1440177669877,100,Not yet rated,NULL,N/A
EAC,$3.7,1440177670077,"6,602",100% bearish,of 1 rating,$8
ESCA,$18.4,1440177670106,"17,295",100% bearish,of 1 rating,$22
ERIC,$9.86,1440177670141,"1,161,625",63% bullish,of 8 ratings,$12.20
ERIE,$85.301,1440177670173,"11,047",Not yet rated,NULL,$73
EQIX,$275.85,1440177670238,"301,276",67% bullish,of 3 ratings,$312.50
ESCRP,$1.6101,1440177670267,"2,977",100% bearish,of 1 rating,N/A
ESCR,$0.185,1440177670303,"25,843",50% bullish,of 2 ratings,N/A
ESMC,$1.3,1440177670534,354,Not yet rated,NULL,N/A
ESSA,$12.78,1440177670564,"2,489",100% bearish,of 1 rating,N/A
ESPR,$56.73,1440177670593,"924,287",67% bearish,of 9 ratings,$123
ESND,$35.13,1440177670695,"43,850",100% bearish,of 2 ratings,$40
EPIX,NULL,1440177670734,0,Not yet rated,NULL,N/A
ETSY,$13.69,1440177670763,"492,819",80% bullish,of 5 ratings,$16
ESSX,$0.4901,1440177670867,"5,790",50% bullish,of 2 ratings,N/A
CLWT,NULL,1440177670929,0,100% bearish,of 1 rating,N/A
EEFT,$64.64,1440177670969,"129,412",100% bearish,of 1 rating,$67.50
EVEP,$7.16,1440177671060,"192,270",50% bullish,of 2 ratings,$15
EVK,$3.6718,1440177671105,201,75% bearish,of 4 ratings,N/A
EVLV,$2.15,1440177671153,"29,503",60% bullish,of 5 ratings,$6.50
ESEA,$6.2899,1440177671182,"1,602",100% bullish,of 1 rating,$15
EVOK,$4.02,1440177671281,"74,569",100% bearish,of 1 rating,$13.375
EVOL,$5.95,1440177671378,"7,174",75% bullish,of 4 ratings,$10
EXA,$10.74,1440177671508,"13,225",100% bearish,of 1 rating,$13
EXAS,$20.5,1440177671597,"823,179",78% bullish,of 9 ratings,$31
EXAC,$18.89,1440177671639,"34,790",100% bearish,of 1 rating,$22.50
EXEL,$5.265,1440177671668,"3,765,087",81% bullish,of 16 ratings,$6
EXPE,$115.8175,1440177671768,"501,123",64% bullish,of 11 ratings,$130
EXFO,$2.9,1440177671800,"1,100",67% bearish,of 3 ratings,$3.95
EXLS,$37.2,1440177671871,"54,431",100% bullish,of 1 rating,$41
EXPD,$48.41,1440177672015,"683,980",80% bullish,of 5 ratings,$51.50
ESRX,$86.29,1440177672058,"1,681,315",67% bearish,of 6 ratings,$101
EXPO,$42.8,1440177672083,"52,721",100% bearish,of 1 rating,$45.50
EXLP,$18.2936,1440177672152,"56,029",100% bearish,of 1 rating,$27
EYEG,$4.0951,1440177672254,"13,305",Not yet rated,NULL,N/A
EZCH,$21.54,1440177672284,"64,348",75% bullish,of 8 ratings,$19.50
EXTR,$2.9,1440177672327,"524,981",80% bullish,of 5 ratings,$3
EYEGW,$1.24,1440177672384,700,Not yet rated,NULL,N/A
FFIV,$124.96,1440177672492,"349,554",63% bullish,of 8 ratings,$132
FB,$87.46,1440177672526,"24,142,978",73% bullish,of 1065 ratings,$111
EZPW,$6.02,1440177672552,"104,017",50% bullish,of 4 ratings,$7.50
FCS,$13.33,1440177672594,"610,372",67% bearish,of 3 ratings,$17
FRP,$16.94,1440177672697,"29,245",100% bearish,of 1 rating,$18
FWM,$2.2314,1440177672838,"108,051",100% bearish,of 2 ratings,$3.20
FALC,$1.63,1440177672864,"3,459",63% bearish,of 8 ratings,N/A
DAVE,$14.16,1440177673002,"12,630",100% bearish,of 1 rating,$15.50
FFKT,$26.69,1440177673116,"7,470",Not yet rated,NULL,$29
FMNB,$8.0812,1440177673190,700,Not yet rated,NULL,N/A
FARO,$38.39,1440177673224,"56,744",50% bullish,of 2 ratings,$48
FARM,$22.44,1440177673246,"8,030",100% bearish,of 1 rating,$35
FBSS,NULL,1440177673277,0,Not yet rated,NULL,N/A
FATE,$6.16,1440177673320,"34,961",50% bullish,of 2 ratings,$11
FBRC,$22.47,1440177673406,"21,302",100% bearish,of 1 rating,$29
FAST,$39.43,1440177673436,"1,509,543",80% bullish,of 5 ratings,$46
FDML,$8.99,1440177673599,"128,571",50% bullish,of 4 ratings,$14
FNHC,$21.9,1440177673633,"46,981",100% bearish,of 1 rating,$35
FHCO,$1.39,1440177673731,"11,944",50% bullish,of 4 ratings,N/A
FEIC,$78.52,1440177673756,"189,682",50% bullish,of 2 ratings,$95.50
FENX,$9.67,1440177673898,"33,163",100% bullish,of 1 rating,$14.25
FCSC,$5.68,1440177674038,"118,427",100% bearish,of 1 rating,$8.125
FRGI,$52.2,1440177674120,"84,246",50% bullish,of 2 ratings,$70
FSAM,$8.71,1440177674152,"4,512",100% bearish,of 1 rating,$11
FGEN,$23.21,1440177674183,"256,633",100% bearish,of 1 rating,$39
ONEQ,$187.45,1440177674204,"26,242",100% bullish,of 1 rating,N/A
FDUS,$14.46,1440177674237,"43,859",100% bullish,of 1 rating,$18
LION,$19.15,1440177674265,"64,028",100% bullish,of 1 rating,$20
FSC,$6.38,1440177674442,"478,249",75% bullish,of 4 ratings,$8
FSFR,$8.91,1440177674593,"78,441",100% bearish,of 1 rating,$11.50
FSCFL,$24.8273,1440177674620,"4,264",Not yet rated,NULL,N/A
FITB,$20.01,1440177674642,"3,284,748",54% bullish,of 13 ratings,$22
FNGN,$33.47,1440177674774,"224,343",67% bullish,of 3 ratings,$47
FITBI,$27.67,1440177674811,"3,072",Not yet rated,NULL,N/A
FNJN,$1.6701,1440177674958,"9,381",100% bearish,of 1 rating,$5
FISI,$24.79,1440177674980,"32,215",100% bullish,of 2 ratings,$24.50
FNSR,$15.48,1440177675013,"629,544",71% bullish,of 7 ratings,$24.50
FNTC,NULL,1440177675065,0,Not yet rated,NULL,N/A
FNTCW,NULL,1440177675094,0,Not yet rated,NULL,N/A
FBNC,$16.86,1440177675230,"27,320",100% bullish,of 1 rating,$20
FNTCU,NULL,1440177675261,0,Not yet rated,NULL,N/A
FEYE,$37.771,1440177675289,"4,480,263",87% bullish,of 15 ratings,$55.50
FNLC,$18.3606,1440177675332,"9,392",100% bullish,of 1 rating,N/A
FRBA,$6.0388,1440177675358,481,Not yet rated,NULL,$8
BUSE,$6.27,1440177675620,"125,170",Not yet rated,NULL,$6.875
FCVA,$4.58,1440177675754,"1,000",Not yet rated,NULL,N/A
FBIZ,$43.96,1440177675789,"18,881",100% bearish,of 2 ratings,$52
FCFS,$37.62,1440177675823,"73,269",100% bearish,of 2 ratings,$48
FCNCA,$241.36,1440177675849,"12,654",Not yet rated,NULL,N/A
FCBC,$17.78,1440177675882,"28,182",Not yet rated,NULL,$18
FCAP,NULL,1440177675916,0,Not yet rated,NULL,N/A
FCLF,NULL,1440177675943,0,Not yet rated,NULL,N/A
FCCO,$11.92,1440177676017,196,Not yet rated,NULL,$13.25
FBNK,$16.72,1440177676148,"33,989",100% bearish,of 1 rating,$17.50
FCFP,$6.9,1440177676183,"1,000",Not yet rated,NULL,N/A
FDEF,$38.02,1440177676276,"22,059",Not yet rated,NULL,$38
FFNM,$6.31,1440177676360,"2,890",Not yet rated,NULL,N/A
FFBC,$18.73,1440177676418,"94,037",67% bearish,of 3 ratings,$20.25
FFIN,$31.05,1440177676466,"170,724",50% bullish,of 2 ratings,$31.75
FFBCW,NULL,1440177676495,0,100% bearish,of 1 rating,N/A
FFNW,$12.35,1440177676592,"10,416",Not yet rated,NULL,$14
THFF,$32.93,1440177676694,"19,468",Not yet rated,NULL,$35
INBK,$32.11,1440177676719,"11,283",50% bullish,of 2 ratings,$37
FIBK,$26.93,1440177676745,"48,637",Not yet rated,NULL,$32
FRME,$25.15,1440177676943,"108,489",Not yet rated,NULL,$26.50
FFWM,$21.38,1440177677000,"8,888",Not yet rated,NULL,$24
FMBH,NULL,1440177677107,0,Not yet rated,NULL,N/A
FMBI,$17.77,1440177677186,"177,122",Not yet rated,NULL,$20
FNBC,$34.44,1440177677239,"56,696",Not yet rated,NULL,$41.50
FNWB,$12.0824,1440177677376,"4,510",Not yet rated,NULL,N/A
FNFG,$9.21,1440177677413,"822,778",80% bullish,of 5 ratings,$9
FSGI,$2.5,1440177677554,"2,843",Not yet rated,NULL,N/A
FSFG,$30.1754,1440177677580,729,Not yet rated,NULL,N/A
FSLR,$45.96,1440177677629,"1,022,943",74% bullish,of 39 ratings,$65
BICK,$19.6,1440177677657,"1,198",100% bullish,of 1 rating,N/A
FSBK,$7.77,1440177677679,"1,000",100% bullish,of 1 rating,N/A
FBZ,NULL,1440177677815,0,Not yet rated,NULL,N/A
FCAN,$23.85,1440177677893,322,Not yet rated,NULL,N/A
FTCS,$36.8945,1440177677923,"14,918",Not yet rated,NULL,N/A
FV,$23.41,1440177678025,"2,443,701",Not yet rated,NULL,N/A
FCA,$20.2754,1440177678076,"2,187",Not yet rated,NULL,N/A
IFV,$17.6901,1440177678105,"1,355,020",100% bearish,of 1 rating,N/A
FEMB,NULL,1440177678366,0,Not yet rated,NULL,N/A
FEUZ,$31.16,1440177678396,"2,590",Not yet rated,NULL,N/A
FTSM,$59.9014,1440177678422,"7,031",100% bearish,of 1 rating,N/A
TDIV,$24.7899,1440177678473,"273,462",100% bearish,of 1 rating,N/A
MDIV,$19.2701,1440177678498,"393,791",Not yet rated,NULL,N/A
FTGC,$22.1,1440177678561,"107,806",Not yet rated,NULL,N/A
FGM,$34.9716,1440177678640,"40,180",Not yet rated,NULL,N/A
FTHI,$19.76,1440177678667,"5,399",Not yet rated,NULL,N/A
FHK,$32.96,1440177678892,"89,463",Not yet rated,NULL,N/A
FPXI,NULL,1440177678921,0,Not yet rated,NULL,N/A
HYLS,$49.3559,1440177678948,"24,642",100% bearish,of 1 rating,N/A
YDIV,$16.66,1440177679090,"1,892",Not yet rated,NULL,N/A
SKYY,$29.05,1440177679192,"51,371",100% bullish,of 1 rating,N/A
PLTM,$6.6208,1440177679233,"1,862",100% bearish,of 1 rating,N/A
CU,$12.7601,1440177679259,"8,670",100% bearish,of 1 rating,N/A
FJP,$46.54,1440177679285,"34,101",Not yet rated,NULL,N/A
LMBS,$50.41,1440177679431,900,Not yet rated,NULL,N/A
FMB,NULL,1440177679487,0,Not yet rated,NULL,N/A
QABA,$37.8731,1440177679533,"27,629",100% bearish,of 1 rating,N/A
FTLB,$19.523,1440177679558,"2,357",100% bearish,of 1 rating,N/A
CIBR,$18.1286,1440177679623,"106,631",Not yet rated,NULL,N/A
FONE,$34.89,1440177679754,600,Not yet rated,NULL,N/A
QCLN,$14.653,1440177679780,"9,476",Not yet rated,NULL,N/A
GRID,$33.62,1440177679909,24,100% bearish,of 1 rating,N/A
RDVY,$21.63,1440177679981,"58,418",Not yet rated,NULL,N/A
CARZ,$34.7444,1440177680008,"4,257",100% bearish,of 1 rating,N/A
QQEW,$41.695,1440177680051,"229,498",Not yet rated,NULL,N/A
QQXT,$40.8144,1440177680137,"46,023",Not yet rated,NULL,N/A
AIRR,$16.31,1440177680185,"7,858",100% bearish,of 1 rating,N/A
QTEC,$39.7597,1440177680210,"131,795",Not yet rated,NULL,N/A
QINC,$20.94,1440177680238,"1,500",Not yet rated,NULL,N/A
FTSL,$48.7401,1440177680368,"22,792",100% bearish,of 1 rating,N/A
FDIV,$47.6983,1440177680396,"5,048",100% bearish,of 1 rating,N/A
FKO,$22.07,1440177680529,"2,500",Not yet rated,NULL,N/A
FSZ,$39.025,1440177680557,"45,137",Not yet rated,NULL,N/A
FTW,NULL,1440177680729,0,Not yet rated,NULL,N/A
TUSA,$24.9001,1440177680755,"4,820",Not yet rated,NULL,N/A
FKU,$41.88,1440177680833,"52,699",Not yet rated,NULL,N/A
SVVC,$10.33,1440177680906,"23,958",100% bullish,of 1 rating,$26
FUNC,$8.23,1440177680971,"3,236",Not yet rated,NULL,N/A
FMER,$17.47,1440177681010,"798,297",50% bullish,of 2 ratings,$20
FSV,$31.98,1440177681047,"9,400",Not yet rated,NULL,$33.60
FISV,$86.16,1440177681081,"468,007",100% bearish,of 3 ratings,$90
FIVE,$35.52,1440177681188,"213,097",75% bearish,of 4 ratings,$44
FIVN,$4.091,1440177681224,"118,515",100% bullish,of 1 rating,$8.50
FPRX,$18.55,1440177681250,"188,048",50% bullish,of 2 ratings,$35
FLML,$21.24,1440177681324,"80,692",50% bullish,of 2 ratings,$30
FLKS,$13.105,1440177681458,"41,814",50% bullish,of 2 ratings,$27
FLXN,$24.44,1440177681483,"59,897",100% bearish,of 1 rating,$40
SKOR,$50.348,1440177681674,500,Not yet rated,NULL,N/A
FLEX,$10.525,1440177681724,"1,023,772",63% bullish,of 8 ratings,$12
FLXS,$31.02,1440177681755,"16,563",100% bearish,of 2 ratings,N/A
MBSD,NULL,1440177681834,0,Not yet rated,NULL,N/A
FLIR,$29.15,1440177681864,"275,111",100% bearish,of 1 rating,$38.50
FLDM,$12.53,1440177681894,"454,284",67% bearish,of 3 ratings,$21.50
FFIC,$20.25,1440177681922,"24,563",Not yet rated,NULL,$21
FONR,$9.5547,1440177681953,"14,134",100% bullish,of 1 rating,N/A
FOMX,$9.56,1440177682142,"72,247",50% bullish,of 2 ratings,$23.50
FOGO,$19.02,1440177682174,"49,711",50% bullish,of 2 ratings,$25.50
FES,$0.93,1440177682275,"4,145",50% bullish,of 2 ratings,$1
FORTY,$35.45,1440177682300,"3,658",Not yet rated,NULL,N/A
FORM,$6.06,1440177682326,"152,240",67% bullish,of 3 ratings,$10.50
FORR,$32.22,1440177682506,"25,693",Not yet rated,NULL,N/A
FBIO,$2.66,1440177682589,"124,907",83% bullish,of 6 ratings,N/A
FTNT,$43.185,1440177682658,"1,146,402",80% bullish,of 10 ratings,$52
FWP,$25.33,1440177682696,"18,058",100% bearish,of 1 rating,$45
FOSL,$60.07,1440177682722,"302,110",50% bullish,of 4 ratings,$80
FORD,$0.98,1440177682787,"57,337",50% bullish,of 2 ratings,N/A
FMI,$21.5,1440177682813,"255,710",100% bearish,of 2 ratings,$27.50
FWRD,$46.96,1440177682851,"183,950",100% bearish,of 1 rating,$50
FRAN,$10.25,1440177683055,"212,485",50% bullish,of 4 ratings,$15
FXCB,$17.28,1440177683138,"14,198",Not yet rated,NULL,$19
FELE,$28.965,1440177683199,"143,887",50% bullish,of 4 ratings,$33
FOXF,$15.31,1440177683225,"38,186",100% bearish,of 1 rating,$19
FRED,$14.53,1440177683427,"118,789",50% bullish,of 2 ratings,$16.50
FREE,$0.45,1440177683488,"732,094",92% bullish,of 12 ratings,N/A
RAIL,$20.87,1440177683515,"80,527",100% bearish,of 1 rating,$24.50
FEIM,$11.11,1440177683555,"4,244",100% bearish,of 1 rating,N/A
FRPT,$13,1440177683591,"216,688",67% bearish,of 3 ratings,$23.50
FTR,$5.1061,1440177683654,"11,599,478",78% bullish,of 27 ratings,$6.25
FRPH,$30.57,1440177683722,"8,806",100% bearish,of 1 rating,N/A
FTRPR,$101.3,1440177683803,"56,014",100% bearish,of 1 rating,N/A
FTD,$29.83,1440177683910,"50,589",100% bearish,of 1 rating,$40
FSYS,$6.3,1440177683967,"21,626",67% bullish,of 3 ratings,$10
FTEK,$2.16,1440177684014,"16,652",75% bullish,of 4 ratings,N/A
FSBW,$23.2,1440177684073,"1,700",Not yet rated,NULL,N/A
FULLL,$25.33,1440177684314,900,Not yet rated,NULL,N/A
FCEL,$0.7353,1440177684346,"1,106,092",88% bullish,of 40 ratings,$2.65
FULT,$12.42,1440177684376,"614,150",100% bearish,of 1 rating,$13
FULL,$3.15,1440177684440,"39,683",67% bearish,of 3 ratings,$4.25
FSNN,$2.5,1440177684476,"1,100",67% bullish,of 3 ratings,$6
FFHL,NULL,1440177684512,0,50% bullish,of 4 ratings,N/A
FLL,$1.5,1440177684578,"9,613",75% bullish,of 4 ratings,$2.825
FXENP,$16.28,1440177684603,700,100% bearish,of 1 rating,N/A
GK,$69.76,1440177684747,"34,077",Not yet rated,NULL,$78
FXEN,$0.8678,1440177684775,"76,960",75% bullish,of 4 ratings,$1.10
GAIA,$5.88,1440177684944,"15,205",50% bullish,of 2 ratings,$8.50
WILC,$5.13,1440177684970,375,100% bullish,of 2 ratings,N/A
GLPG,$62.325,1440177685007,"19,879",100% bullish,of 1 rating,$75
GALT,$1.91,1440177685107,"56,271",80% bullish,of 5 ratings,N/A
GALTU,NULL,1440177685136,0,100% bearish,of 1 rating,N/A
GALTW,NULL,1440177685238,0,100% bullish,of 1 rating,N/A
GLMD,$8.5,1440177685320,"4,407",67% bullish,of 3 ratings,$20.50
GLPI,$31.914,1440177685367,"259,337",100% bearish,of 1 rating,$37.50
GALE,$1.32,1440177685422,"950,326",89% bullish,of 47 ratings,$4
GPIC,NULL,1440177685469,0,100% bearish,of 1 rating,N/A
GRMN,$38.57,1440177685521,"737,160",50% bullish,of 6 ratings,$48
GGAC,NULL,1440177685612,0,100% bearish,of 1 rating,N/A
GGACR,NULL,1440177685651,0,100% bullish,of 1 rating,N/A
GGACU,NULL,1440177685676,0,Not yet rated,NULL,N/A
GGACW,$0.12,1440177685851,274,Not yet rated,NULL,N/A
GARS,$14.83,1440177685909,"15,996",Not yet rated,NULL,$16
GNCMA,$16.6428,1440177686046,"82,150",100% bearish,of 1 rating,$12
GENC,$9.4,1440177686073,"1,228",100% bearish,of 1 rating,N/A
GFNSL,$25.8,1440177686105,"1,200",Not yet rated,NULL,N/A
GFN,$3.53,1440177686131,"21,876",100% bearish,of 2 ratings,$8
GFNCP,NULL,1440177686208,0,Not yet rated,NULL,N/A
GENE,$2.393,1440177686385,"103,444",100% bullish,of 12 ratings,N/A
GNCA,$12.6584,1440177686413,"109,138",100% bearish,of 1 rating,$20
GNMK,$9.22,1440177686440,"113,593",67% bullish,of 6 ratings,$14
GHDX,$25.24,1440177686574,"54,815",50% bullish,of 2 ratings,$30
GNTX,$15.22,1440177686602,"653,711",Not yet rated,NULL,$20
THRM,$44.205,1440177686635,"151,428",75% bearish,of 4 ratings,$55.50
GNVC,$2.4,1440177686663,"22,657",90% bullish,of 10 ratings,$8.50
GEOS,$15.314,1440177686874,"39,939",100% bearish,of 3 ratings,$25.50
GTWN,NULL,1440177686901,0,Not yet rated,NULL,N/A
GABC,$29.535,1440177687049,"20,965",Not yet rated,NULL,$31.50
GERN,$3.08,1440177687113,"1,414,847",88% bullish,of 16 ratings,$5.25
GEVO,$2.2676,1440177687183,"175,448",75% bullish,of 12 ratings,$5
ROCK,$17.44,1440177687209,"100,353",80% bullish,of 5 ratings,$24
GIGM,$0.615,1440177687241,"50,495",100% bullish,of 2 ratings,N/A
GIGA,$1.3605,1440177687272,"25,393",100% bearish,of 1 rating,N/A
GIII,$64.84,1440177687298,"157,832",67% bullish,of 3 ratings,$75
GILD,$107,1440177687532,"7,542,949",91% bullish,of 86 ratings,$129
GILT,$4.47,1440177687562,"1,923",50% bullish,of 2 ratings,N/A
GLAD,$8.5185,1440177687673,"111,544",50% bullish,of 2 ratings,$8.75
GBCI,$26.26,1440177687734,"165,153",50% bullish,of 2 ratings,$31
GOOD,$15.312,1440177687761,"64,119",Not yet rated,NULL,$19
GLADO,$25.49,1440177687782,"2,000",Not yet rated,NULL,N/A
GOODN,$25.64,1440177687921,286,Not yet rated,NULL,N/A
GOODO,$25.1001,1440177688069,601,Not yet rated,NULL,N/A
GAIN,$7.4701,1440177688127,"167,588",100% bullish,of 2 ratings,$8.25
GOODP,NULL,1440177688208,0,Not yet rated,NULL,N/A
GAINN,NULL,1440177688258,0,Not yet rated,NULL,N/A
GAINP,$26.0001,1440177688289,"1,800",Not yet rated,NULL,N/A
GAINO,$25.3201,1440177688315,913,Not yet rated,NULL,N/A
GLBZ,NULL,1440177688346,0,Not yet rated,NULL,N/A
LAND,$9.461,1440177688368,"7,100",50% bullish,of 2 ratings,$13.75
GBT,$44.81,1440177688591,"151,620",100% bearish,of 1 rating,N/A
ENT,$11.56,1440177688642,"105,188",100% bearish,of 1 rating,$18
GDEF,NULL,1440177688667,0,Not yet rated,NULL,N/A
GBLI,$26.16,1440177688731,"9,774",Not yet rated,NULL,N/A
GSOL,$8.38,1440177688886,"9,650",100% bearish,of 1 rating,N/A
GPACU,NULL,1440177689015,0,Not yet rated,NULL,N/A
SRET,$13.6001,1440177689057,"3,074",Not yet rated,NULL,N/A
SOCL,$17.3192,1440177689078,"60,576",100% bullish,of 2 ratings,N/A
QQQC,$19.6055,1440177689148,"3,350",100% bearish,of 1 rating,N/A
ACTX,$13.53,1440177689177,400,100% bullish,of 1 rating,N/A
ALTY,$14.5684,1440177689198,200,Not yet rated,NULL,N/A
YLCO,$11.8536,1440177689219,134,Not yet rated,NULL,N/A
GBIM,$2.2439,1440177689403,"29,863",50% bullish,of 2 ratings,N/A
GSM,$13.09,1440177689432,"181,445",50% bullish,of 2 ratings,$24.50
GAI,$5.31,1440177689534,"2,810",50% bullish,of 2 ratings,N/A
GLBS,$1.16,1440177689588,100,67% bullish,of 3 ratings,N/A
GLRI,$1.17,1440177689689,"52,405",100% bearish,of 1 rating,$6
GDEN,$8.74,1440177689852,"8,213",50% bullish,of 2 ratings,N/A
GLUU,$4.39,1440177689881,"1,546,595",92% bullish,of 26 ratings,$9
GLYC,$7.17,1440177689903,"5,999",50% bullish,of 2 ratings,$14
GOGO,$15.61,1440177689940,"275,009",80% bullish,of 5 ratings,$25
GLDC,$4.07,1440177690037,"4,230",50% bullish,of 2 ratings,N/A
GMLP,$19.15,1440177690063,"66,687",50% bullish,of 4 ratings,$32.50
GOGL,$2.99,1440177690257,"274,921",75% bullish,of 4 ratings,$5
GLNG,$35.35,1440177690290,"336,892",83% bullish,of 6 ratings,$58
GTIM,$6.2125,1440177690354,"58,818",Not yet rated,NULL,$11.50
GBDC,$16.51,1440177690381,"59,282",Not yet rated,NULL,$17.75
GOOG,$628.005,1440177690407,"1,041,085",89% bullish,of 66 ratings,$825
GOOGL,$660.1,1440177690553,"1,036,550",88% bullish,of 1079 ratings,$749
GPRO,$49.04,1440177690608,"3,691,067",78% bullish,of 58 ratings,$72
GMAN,$4.4018,1440177690762,"40,565",60% bullish,of 5 ratings,$8
GPIAW,NULL,1440177690809,0,Not yet rated,NULL,N/A
GPIAU,NULL,1440177690864,0,Not yet rated,NULL,N/A
LOPE,$36.51,1440177690916,"207,463",100% bearish,of 2 ratings,$50
GPIA,NULL,1440177690946,0,Not yet rated,NULL,N/A
GRVY,$3.381,1440177690975,"1,000",50% bullish,of 2 ratings,N/A
GBSN,$1.44,1440177691047,"476,892",100% bearish,of 1 rating,$8.25
GBSNU,$16.99,1440177691113,"15,031",Not yet rated,NULL,N/A
GLDD,$5.36,1440177691251,"185,169",100% bearish,of 4 ratings,$7.75
GSBC,$40.3846,1440177691301,"18,311",100% bullish,of 1 rating,$44
GNBC,$12.19,1440177691408,"10,364",100% bearish,of 1 rating,$17
GPP,$14.77,1440177691563,"21,742",Not yet rated,NULL,$20.50
GRBK,$13.34,1440177691590,"102,646",77% bullish,of 13 ratings,N/A
GPRE,$18.91,1440177691622,"425,975",67% bullish,of 6 ratings,$28.50
GCBC,NULL,1440177691722,0,100% bullish,of 1 rating,N/A
GLRE,$24.99,1440177691748,"127,346",50% bullish,of 2 ratings,$41
GRIF,$30.38,1440177691786,151,100% bearish,of 1 rating,N/A
GRFS,$30.55,1440177691812,"101,060",50% bullish,of 2 ratings,$35
OMAB,$39.55,1440177691953,"14,848",100% bullish,of 1 rating,$44
GRPN,$4.095,1440177691981,"4,044,910",61% bullish,of 71 ratings,$6.75
GGAL,$17.4103,1440177692007,"201,437",80% bullish,of 5 ratings,$40
GSIT,$5,1440177692246,"9,084",100% bearish,of 1 rating,N/A
GSIG,$13.12,1440177692272,"40,348",100% bearish,of 2 ratings,N/A
GSVC,$8.89,1440177692472,"89,582",50% bullish,of 2 ratings,$14.50
GTXI,$0.9051,1440177692546,"22,296",100% bullish,of 5 ratings,$.75
GBNK,$15.8,1440177692640,"26,284",100% bearish,of 1 rating,$18
GFED,NULL,1440177692711,0,Not yet rated,NULL,$17
GULTU,$0.2976,1440177692745,"54,984",100% bearish,of 1 rating,N/A
GURE,$1.6993,1440177692767,"61,086",88% bullish,of 8 ratings,N/A
GIFI,$12,1440177692796,"10,178",100% bearish,of 1 rating,$16
GUID,$7.23,1440177692841,"133,317",100% bearish,of 3 ratings,$10
GWGH,$7.43,1440177692994,984,100% bearish,of 1 rating,$15.05
GPOR,$33.72,1440177693075,"379,483",75% bullish,of 4 ratings,$55
GWPH,$105.15,1440177693122,"123,511",78% bullish,of 9 ratings,$148.50
GYRO,$2.86,1440177693208,"48,304",100% bearish,of 1 rating,N/A
HLG,$9.64,1440177693235,"3,000",100% bearish,of 1 rating,N/A
HEES,$16.17,1440177693261,"141,744",67% bearish,of 3 ratings,$31
HNRG,$7.26,1440177693526,"78,579",100% bearish,of 1 rating,$10
HBK,NULL,1440177693551,0,50% bullish,of 2 ratings,N/A
HALL,$11.4904,1440177693579,"19,726",Not yet rated,NULL,N/A
HALO,$17.34,1440177693709,"816,476",67% bullish,of 3 ratings,$22.50
HBHC,$26.87,1440177693781,"258,007",50% bullish,of 2 ratings,$30
HBHCL,$24.45,1440177693813,"10,622",Not yet rated,NULL,N/A
HNH,$28.21,1440177693835,"18,881",100% bullish,of 1 rating,N/A
HMPR,$1.87,1440177693856,"71,992",100% bullish,of 1 rating,N/A
HAFC,$24.61,1440177693988,"40,347",100% bullish,of 2 ratings,$28.50
HNSN,$0.4978,1440177694052,"31,714",88% bullish,of 8 ratings,$.40
HQCL,$9.01,1440177694284,"12,800",67% bullish,of 3 ratings,N/A
HDNG,$9.9755,1440177694310,"6,030",50% bullish,of 4 ratings,N/A
HLIT,$5.6,1440177694336,"190,567",100% bearish,of 1 rating,$6.50
HRMNU,NULL,1440177694474,0,Not yet rated,NULL,N/A
HBIO,$4.37,1440177694509,"61,466",Not yet rated,NULL,$10
TINY,$2.49,1440177694562,"13,910",50% bullish,of 2 ratings,$5.26
HART,$0.7,1440177694605,"82,349",100% bearish,of 1 rating,N/A
HRMN,NULL,1440177694634,0,Not yet rated,NULL,N/A
HCAP,$12.0292,1440177694735,"19,808",50% bullish,of 2 ratings,$15
HAS,$75.69,1440177694799,"456,236",63% bullish,of 8 ratings,$84.50
HCAPL,$25.41,1440177694830,"1,573",Not yet rated,NULL,N/A
HRMNW,NULL,1440177694928,0,Not yet rated,NULL,N/A
HA,$23.52,1440177694962,"484,834",67% bullish,of 9 ratings,$27
HCOM,$22.555,1440177694989,"19,498",100% bearish,of 1 rating,$28
HWKN,$36.79,1440177695125,"15,424",Not yet rated,NULL,N/A
HWBK,$13.54,1440177695326,235,100% bearish,of 1 rating,N/A
HAYN,$38.4,1440177695398,"19,792",100% bearish,of 1 rating,$59
HSTM,$24.8,1440177695433,"99,525",50% bullish,of 2 ratings,$33.75
HQY,$29.46,1440177695464,"231,605",67% bullish,of 3 ratings,$31
HIIQ,$4.5801,1440177695494,"20,958",50% bullish,of 2 ratings,$7
HCSG,$33.7181,1440177695521,"187,753",50% bullish,of 4 ratings,$35
HWAY,$12.39,1440177695547,"108,406",100% bearish,of 1 rating,$15
HDS,$33.13,1440177695578,"642,947",100% bearish,of 2 ratings,$39.50
HTLF,$35.95,1440177695899,"35,865",100% bullish,of 1 rating,$39.50
HTBX,$5.3808,1440177695929,"18,916",50% bullish,of 2 ratings,$15.50
HTWR,$83.71,1440177695956,"111,292",50% bullish,of 2 ratings,$103
HTLD,$20.02,1440177696008,"241,708",Not yet rated,NULL,$22.50
HSII,$20.13,1440177696035,"38,272",100% bullish,of 3 ratings,$25
HELE,$87.85,1440177696109,"79,609",67% bearish,of 3 ratings,$100
HMNY,$2.1929,1440177696240,"2,178",100% bearish,of 1 rating,N/A
HMTV,$12.82,1440177696327,"7,976",100% bearish,of 1 rating,$16
HCACU,$10.0043,1440177696369,"2,000",Not yet rated,NULL,N/A
HSIC,$139.39,1440177696427,"178,408",83% bullish,of 6 ratings,$146
HNNA,$24.46,1440177696454,"10,651",Not yet rated,NULL,N/A
HFWA,$17.76,1440177696534,"42,006",100% bullish,of 1 rating,$20
HERO,$0.071,1440177696588,"667,083",81% bullish,of 16 ratings,$.75
HTBK,$11.07,1440177696641,"71,909",Not yet rated,NULL,$12
HCCI,$11.7299,1440177696846,"17,830",100% bearish,of 1 rating,$16.50
MLHR,$28.19,1440177696902,"122,436",50% bullish,of 2 ratings,$33.50
HEOP,$7.87,1440177696978,"16,324",Not yet rated,NULL,$8.50
HSKA,$32.96,1440177697059,"20,718",100% bearish,of 1 rating,$38
HIBB,$38.47,1440177697088,"631,938",100% bearish,of 1 rating,$48.50
HFFC,$16.2,1440177697141,832,Not yet rated,NULL,N/A
HPJ,$2.23,1440177697193,"102,332",75% bullish,of 4 ratings,$12.43
HRTX,$35.39,1440177697274,"518,240",67% bullish,of 6 ratings,$41
HIMX,$6.4,1440177697326,"748,738",86% bullish,of 21 ratings,$8.50
HIHO,$3.95,1440177697411,"7,479",Not yet rated,NULL,N/A
HMNF,$11.1,1440177697580,"2,410",Not yet rated,NULL,N/A
HIFS,$118.59,1440177697607,"1,569",Not yet rated,NULL,N/A
HSGX,$5.9699,1440177697629,"23,005",100% bearish,of 1 rating,$17
HMSY,$8.785,1440177697662,"729,316",67% bullish,of 3 ratings,$19.35
HOLX,$40.0025,1440177697791,"958,121",67% bullish,of 3 ratings,$42
HOLI,$16.89,1440177697819,"106,490",50% bullish,of 4 ratings,$27
HBCP,$24.23,1440177697974,"28,018",Not yet rated,NULL,$29
AWAY,$29.09,1440177698049,"319,669",67% bullish,of 3 ratings,$36
HOMB,$39.13,1440177698081,"213,079",Not yet rated,NULL,$41
HFBL,$22,1440177698113,"1,100",Not yet rated,NULL,N/A
HMIN,$29.13,1440177698180,"33,814",100% bearish,of 2 ratings,$35
HMST,$21.47,1440177698271,"63,334",100% bullish,of 2 ratings,$27
HTBI,$18.39,1440177698324,"40,676",67% bullish,of 3 ratings,$18.625
HKTV,$4.8,1440177698351,811,100% bearish,of 1 rating,N/A
HOFT,$24.4,1440177698547,"35,141",100% bearish,of 1 rating,N/A
CETC,$0.82,1440177698575,"29,072",86% bullish,of 7 ratings,N/A
HBNC,$24,1440177698602,"21,589",100% bullish,of 1 rating,$27
HZNP,$29.51,1440177698737,"1,618,037",85% bullish,of 20 ratings,$40
HFBC,$11.63,1440177698774,"2,329",Not yet rated,NULL,N/A
ZINC,$7.125,1440177698841,"314,523",100% bearish,of 1 rating,$17
HRZN,$10.66,1440177698869,"26,681",100% bearish,of 1 rating,$14.25
HDP,$25.06,1440177699024,"111,752",67% bearish,of 3 ratings,$30.50
HMHC,$22.43,1440177699117,"459,850",Not yet rated,NULL,$27
HWCC,$7.191,1440177699194,"34,729",100% bearish,of 1 rating,$9
HBMD,$13.46,1440177699224,300,100% bearish,of 1 rating,N/A
HOVNP,NULL,1440177699246,0,100% bearish,of 1 rating,N/A
HSNI,$61.155,1440177699275,"150,776",Not yet rated,NULL,$80
HUBG,$39.11,1440177699417,"101,190",100% bearish,of 1 rating,$43
HTGM,$5.77,1440177699447,"4,502",100% bearish,of 1 rating,$19.50
HCBK,$9.73,1440177699553,"1,036,488",83% bullish,of 6 ratings,$8.61
HBAN,$11.1,1440177699758,"3,249,405",76% bullish,of 17 ratings,$12.29
HDSN,$2.81,1440177699787,"21,316",100% bullish,of 1 rating,$6.25
HSON,$2.82,1440177699819,"12,049",100% bearish,of 1 rating,$5
HTCH,$1.6101,1440177700027,"27,403",100% bearish,of 1 rating,$3.50
HURN,$73.19,1440177700054,"59,390",50% bullish,of 2 ratings,$80
HURC,$30,1440177700187,"8,869",100% bearish,of 1 rating,N/A
HBP,NULL,1440177700214,0,100% bullish,of 1 rating,N/A
HBANP,$1335,1440177700261,10,100% bearish,of 1 rating,N/A
HDRA,NULL,1440177700286,0,Not yet rated,NULL,N/A
HDRAR,NULL,1440177700346,0,Not yet rated,NULL,N/A
HDRAU,NULL,1440177700418,0,Not yet rated,NULL,N/A
HYGS,$7.58,1440177700448,"21,007",50% bullish,of 2 ratings,$13
HDRAW,NULL,1440177700588,0,Not yet rated,NULL,N/A
IDSY,$3.86,1440177700719,"2,621",100% bearish,of 1 rating,$7
IACI,$71.2599,1440177700767,"402,958",75% bullish,of 4 ratings,$90
IBKC,$60.55,1440177700853,"114,198",100% bullish,of 1 rating,$70
IKGH,$1.85,1440177700880,"4,100",75% bullish,of 4 ratings,N/A
ICAD,$3.47,1440177700923,"6,100",50% bullish,of 2 ratings,$7.25
ICFI,$35.62,1440177701079,"52,683",50% bullish,of 2 ratings,$48.50
IEP,$67.392,1440177701105,"89,470",75% bullish,of 4 ratings,$99
ICLR,$77.58,1440177701163,"152,886",100% bearish,of 3 ratings,$85
IPWR,$7.35,1440177701265,147,100% bullish,of 1 rating,$15
ICON,$12.28,1440177701293,"351,888",50% bullish,of 2 ratings,$18.50
IDRA,$2.53,1440177701451,"723,538",89% bullish,of 9 ratings,$6.50
ICUI,$115.85,1440177701476,"69,141",Not yet rated,NULL,$122
IROQ,$16.5,1440177701634,500,100% bullish,of 1 rating,N/A
INVE,$4.6,1440177701661,"79,962",75% bullish,of 4 ratings,$4
DSKY,$12.06,1440177701688,"146,948",67% bullish,of 6 ratings,$11.50
IDXX,$74.5,1440177701721,"212,305",100% bearish,of 1 rating,$77
IRG,$4.785,1440177701822,"7,116",100% bearish,of 1 rating,$4.50
RXDX,$12.62,1440177701951,"73,619",100% bullish,of 1 rating,$20
IIVI,$17.68,1440177702026,"105,478",100% bearish,of 1 rating,$22
ILMN,$200.97,1440177702051,"475,634",80% bullish,of 5 ratings,$240
KANG,$15.03,1440177702107,"168,237",50% bullish,of 2 ratings,$22.55
IKAN,$2.73,1440177702135,"14,259",83% bullish,of 6 ratings,$5
IKNX,$11.98,1440177702210,522,100% bearish,of 1 rating,N/A
ISNS,$3.889,1440177702266,"34,636",50% bullish,of 2 ratings,N/A
ICCC,$8.0601,1440177702508,"5,129",100% bullish,of 1 rating,N/A
IMMR,$11.18,1440177702539,"136,126",80% bullish,of 5 ratings,$15.50
IMDZ,$15.58,1440177702562,"35,926",100% bearish,of 1 rating,$33
IMNP,$1.36,1440177702598,"71,825",50% bullish,of 2 ratings,$6
IPXL,$43.53,1440177702697,"375,616",67% bullish,of 3 ratings,$46.50
IMGN,$13.4298,1440177702724,"611,889",75% bullish,of 4 ratings,$17.50
IMMY,$7.3799,1440177702754,"5,603",100% bearish,of 1 rating,$11
INCR,$42.23,1440177702927,"141,449",50% bullish,of 2 ratings,$53
IMMU,$1.9,1440177702969,"578,900",86% bullish,of 7 ratings,$2
INCY,$104.976,1440177703078,"376,809",50% bullish,of 6 ratings,$125.50
INDB,$46.5,1440177703107,"33,002",Not yet rated,NULL,$44
SAAS,$7.69,1440177703135,"257,469",50% bullish,of 2 ratings,$15
IBCP,$14.19,1440177703156,"30,217",100% bullish,of 1 rating,$14.50
IBTX,$43.28,1440177703287,"29,538",100% bullish,of 2 ratings,$47.25
IDSA,$3.53,1440177703345,200,Not yet rated,NULL,N/A
IPCC,$80.67,1440177703541,"21,738",Not yet rated,NULL,$77.50
INFI,$9.685,1440177703594,"358,971",50% bullish,of 4 ratings,$18
INFN,$21.22,1440177703636,"1,448,400",71% bullish,of 7 ratings,$28
IFON,$1.22,1440177703696,"38,143",75% bullish,of 4 ratings,N/A
III,$4.19,1440177703767,"83,331",57% bullish,of 7 ratings,$6
IMKTA,$53.31,1440177703795,"48,435",100% bearish,of 1 rating,N/A
INWK,$7.285,1440177703838,"85,245",50% bullish,of 2 ratings,$10
IPHS,$47.81,1440177703970,"44,186",100% bearish,of 1 rating,$60
INNL,NULL,1440177703998,0,100% bearish,of 1 rating,$16.50
INOD,$2.49,1440177704133,"5,782",100% bearish,of 1 rating,N/A
INGN,$49.13,1440177704216,"67,866",100% bearish,of 1 rating,$50.50
ISSC,$2.8984,1440177704269,"5,182",67% bearish,of 3 ratings,N/A
IOSP,$49.18,1440177704295,"446,827",100% bearish,of 1 rating,N/A
ITEK,$13.74,1440177704321,"407,138",100% bearish,of 3 ratings,$20
INO,$7.05,1440177704502,"622,180",89% bullish,of 18 ratings,$20
NSIT,$25.78,1440177704538,"84,028",50% bullish,of 2 ratings,N/A
INOV,$20.95,1440177704631,"180,512",100% bearish,of 1 rating,$33
ISIG,$2.6,1440177704658,"3,939",100% bearish,of 1 rating,N/A
IIIN,$17.59,1440177704788,"20,294",100% bearish,of 2 ratings,N/A
INSM,$24.985,1440177704818,"200,344",71% bullish,of 7 ratings,$31.50
PODD,$28.67,1440177704847,"180,360",50% bullish,of 2 ratings,$35
INSY,$32.65,1440177704875,"378,135",75% bullish,of 4 ratings,$48
IART,$60.47,1440177705088,"71,811",100% bearish,of 1 rating,$71.50
IDTI,$17.51,1440177705113,"1,128,873",60% bullish,of 5 ratings,$25
NTEC,$6,1440177705174,"16,200",Not yet rated,NULL,N/A
ISSI,$22.26,1440177705354,"122,223",67% bullish,of 3 ratings,$19.75
IESC,$7.25,1440177705380,900,100% bearish,of 1 rating,N/A
IQNT,$18.96,1440177705408,"142,211",86% bullish,of 7 ratings,$20
INTC,$27.125,1440177705450,"17,927,037",82% bullish,of 238 ratings,$36
IBKR,$39.09,1440177705583,"274,809",100% bullish,of 1 rating,N/A
IPAR,$27.27,1440177705614,"28,669",67% bullish,of 3 ratings,$38
ININ,$37.99,1440177705668,"45,674",67% bearish,of 3 ratings,$57
ICPT,$192.9,1440177705721,"182,516",70% bullish,of 10 ratings,$359.50
IPCI,$2.14,1440177705853,"19,315",67% bullish,of 6 ratings,$7.75
ICLDW,NULL,1440177705888,0,100% bearish,of 1 rating,N/A
IDCC,$47.79,1440177705914,"141,168",80% bullish,of 5 ratings,$63
ICLD,$1.8599,1440177706098,"297,592",75% bullish,of 4 ratings,N/A
TILE,$24.48,1440177706155,"265,512",67% bearish,of 3 ratings,$27
INAP,$8.31,1440177706229,"101,619",75% bullish,of 4 ratings,$11
IMI,$2.05,1440177706255,"5,787",67% bullish,of 3 ratings,$2.22
IBOC,$25.9701,1440177706306,"108,978",100% bearish,of 1 rating,N/A
ISCA,$31.86,1440177706333,"32,652",100% bearish,of 1 rating,N/A
IGLD,$7.091,1440177706466,"1,977",50% bullish,of 2 ratings,N/A
IIJI,$8.93,1440177706491,300,50% bullish,of 2 ratings,$11.50
INPH,$0.3,1440177706658,"8,240",50% bullish,of 2 ratings,N/A
INTX,$2.5723,1440177706694,"17,366",67% bullish,of 3 ratings,N/A
PTNT,$2.99,1440177706717,"1,250",Not yet rated,NULL,N/A
XENT,$27.525,1440177706753,"83,662",50% bullish,of 2 ratings,$36.50
ISIL,$10.305,1440177706788,"509,630",50% bullish,of 6 ratings,$15
IILG,$20.06,1440177706862,"144,486",100% bearish,of 1 rating,$30.50
IVAC,$4.91,1440177706928,"3,225",Not yet rated,NULL,$6.625
INTL,$26.25,1440177707005,"56,280",67% bearish,of 3 ratings,N/A
INTLL,$25.8266,1440177707165,200,Not yet rated,NULL,N/A
IIN,$6.4,1440177707192,"1,700",100% bearish,of 1 rating,$12
ITCI,$29.34,1440177707329,"244,137",75% bearish,of 4 ratings,$40
INTU,$90.81,1440177707355,"3,417,843",100% bullish,of 7 ratings,$110.50
SNAK,$8.5,1440177707489,"199,270",50% bullish,of 2 ratings,$14
INVT,$0.2712,1440177707511,"16,271",67% bullish,of 3 ratings,N/A
ISRG,$507.5,1440177707542,"91,164",67% bullish,of 3 ratings,$600
ISTR,$15.51,1440177707593,442,100% bearish,of 1 rating,$18.50
ISBC,$11.87,1440177707774,"1,324,168",100% bullish,of 1 rating,$13.25
NVIV,$9.73,1440177707838,"258,247",50% bullish,of 4 ratings,$24.50
IVTY,$12.8424,1440177707866,"4,125",Not yet rated,NULL,$18
IPAS,$1.0401,1440177707891,"29,370",67% bullish,of 3 ratings,N/A
ITIC,NULL,1440177707922,0,100% bearish,of 2 ratings,N/A
DTUL,NULL,1440177708024,0,Not yet rated,NULL,N/A
DFVL,NULL,1440177708191,0,Not yet rated,NULL,N/A
IPCM,$79.495,1440177708292,"366,808",50% bullish,of 2 ratings,$80.125
IRDM,$6.6236,1440177708326,"289,330",60% bullish,of 5 ratings,$11.50
IRIX,$7.15,1440177708352,"5,195",100% bearish,of 1 rating,N/A
IPGP,$86.25,1440177708378,"56,973",100% bearish,of 2 ratings,$109.50
IRDMB,$267.54,1440177708574,300,67% bearish,of 3 ratings,N/A
IRMD,$24.8856,1440177708605,"10,434",67% bearish,of 3 ratings,$25
IRBT,$29.99,1440177708681,"103,303",67% bullish,of 6 ratings,$37
IRWD,$11.13,1440177708733,"589,247",100% bearish,of 1 rating,$13
IRCP,$32.13,1440177708786,101,100% bullish,of 2 ratings,N/A
COMT,$32.25,1440177708827,"9,036",100% bearish,of 1 rating,N/A
GNMA,$50.3097,1440177708861,500,Not yet rated,NULL,N/A
IFAS,$28.69,1440177709058,"6,392",Not yet rated,NULL,N/A
FCHI,$47.89,1440177709085,"1,550",Not yet rated,NULL,N/A
IFNA,$56.26,1440177709213,1,Not yet rated,NULL,N/A
IFEU,$38.73,1440177709239,"5,808",Not yet rated,NULL,N/A
ACWX,$40.68,1440177709303,"220,957",100% bearish,of 1 rating,N/A
IFGL,$29.0642,1440177709371,"98,411",Not yet rated,NULL,N/A
ACWI,$56.06,1440177709442,"519,761",Not yet rated,NULL,N/A
AXJS,NULL,1440177709469,0,Not yet rated,NULL,N/A
AAXJ,$52.69,1440177709496,"829,497",Not yet rated,NULL,N/A
AAIT,NULL,1440177709634,0,100% bullish,of 1 rating,N/A
EMDI,NULL,1440177709707,0,Not yet rated,NULL,N/A
EEMA,$49.6746,1440177709735,"349,165",Not yet rated,NULL,N/A
EEME,$38.42,1440177709761,256,100% bearish,of 1 rating,N/A
EMEY,NULL,1440177709939,0,Not yet rated,NULL,N/A
EEML,NULL,1440177710006,0,Not yet rated,NULL,N/A
EVAL,$36.64,1440177710040,"1,400",Not yet rated,NULL,N/A
EGRW,$45.38,1440177710091,201,Not yet rated,NULL,N/A
EUFN,$21.96,1440177710138,"103,213",100% bearish,of 1 rating,N/A
IEUS,$45.7299,1440177710202,"4,723",100% bearish,of 1 rating,N/A
QAT,$20.45,1440177710307,"23,245",Not yet rated,NULL,N/A
UAE,$17.8399,1440177710332,630,Not yet rated,NULL,N/A
IBB,$345.87,1440177710475,"1,342,120",63% bullish,of 8 ratings,N/A
SOXX,$79.54,1440177710573,"470,029",50% bullish,of 2 ratings,N/A
EMIF,$28.49,1440177710621,"2,949",Not yet rated,NULL,N/A
WOOD,$49.17,1440177710678,"47,666",50% bullish,of 2 ratings,N/A
ICLN,$9.3859,1440177710709,"27,585",50% bullish,of 2 ratings,N/A
INDY,$28.1,1440177710807,"588,898",50% bullish,of 2 ratings,N/A
ISHG,$79.9,1440177710856,206,100% bearish,of 1 rating,N/A
IGOV,$92.296,1440177710898,"13,263",100% bearish,of 1 rating,N/A
ISIS,$46.4442,1440177711077,"674,966",53% bullish,of 15 ratings,$67
ISLE,$16.61,1440177711117,"194,165",50% bullish,of 4 ratings,$16
ISRL,$129.9,1440177711144,545,100% bearish,of 1 rating,N/A
ITRI,$32.07,1440177711166,"150,484",Not yet rated,NULL,$37
ITUS,$4.1225,1440177711377,"5,070",Not yet rated,NULL,N/A
IXYS,$10.65,1440177711406,"140,107",50% bullish,of 4 ratings,N/A
ITRN,$24.73,1440177711436,"5,053",50% bullish,of 2 ratings,N/A
XXIA,$15.47,1440177711465,"161,398",71% bullish,of 7 ratings,$14.625
JBHT,$76.24,1440177711567,"489,947",50% bullish,of 4 ratings,$89.50
JJSF,$113.59,1440177711600,"49,731",100% bearish,of 1 rating,N/A
JCOM,$70.21,1440177711627,"115,980",100% bullish,of 2 ratings,$77
MAYS,NULL,1440177711709,0,Not yet rated,NULL,N/A
JASO,$7.275,1440177711849,"862,571",82% bullish,of 17 ratings,$10
JXSB,$24.06,1440177711948,542,Not yet rated,NULL,N/A
JACK,$82.32,1440177712045,"318,649",83% bullish,of 6 ratings,$105
JKHY,$68.96,1440177712080,"83,238",50% bullish,of 2 ratings,$72
JAXB,$12.76,1440177712106,"1,300",100% bullish,of 1 rating,N/A
JAKK,$9.1933,1440177712133,"194,548",60% bearish,of 5 ratings,$11
JAGX,$2.46,1440177712155,"6,780",Not yet rated,NULL,N/A
JMBA,$13.2105,1440177712189,"46,605",75% bullish,of 4 ratings,$18
JRVR,$26.14,1440177712386,"20,500",Not yet rated,NULL,$32
JASN,$4.8801,1440177712486,"21,588",50% bullish,of 2 ratings,$9.50
ERW,NULL,1440177712580,0,Not yet rated,NULL,N/A
JAZZ,$173.47,1440177712616,"173,462",80% bullish,of 15 ratings,$206.50
JASNW,$0.25,1440177712642,"9,800",50% bullish,of 2 ratings,N/A
JBLU,$21.8,1440177712669,"4,238,062",94% bullish,of 16 ratings,$27
JD,$25.06,1440177712695,"6,254,776",75% bullish,of 16 ratings,$36
JTPY,$3.03,1440177712845,"4,065",100% bearish,of 1 rating,N/A
JCTCF,NULL,1440177713006,0,100% bullish,of 1 rating,N/A
JST,$4.0398,1440177713062,"17,500",75% bullish,of 4 ratings,N/A
JIVE,$4.1,1440177713094,"179,863",75% bullish,of 4 ratings,$5
JOEZ,$0.18,1440177713150,"20,156",92% bullish,of 12 ratings,N/A
WYIGU,$10.0227,1440177713176,100,Not yet rated,NULL,N/A
DATE,$6.45,1440177713206,"135,006",75% bullish,of 4 ratings,$9
JOUT,$23.498,1440177713404,"13,368",100% bearish,of 1 rating,$34
JBSS,$47.95,1440177713431,"76,178",67% bearish,of 3 ratings,N/A
JNP,$9.83,1440177713560,"1,792",100% bullish,of 3 ratings,$15
JUNO,$37.78,1440177713587,"791,994",73% bullish,of 11 ratings,$71.50
KTWO,$21.88,1440177713609,"86,929",100% bearish,of 1 rating,$28.50
KALU,$82.4,1440177713745,"56,330",67% bearish,of 3 ratings,$91
KMDA,$3.59,1440177713771,"7,980",50% bullish,of 2 ratings,$8
KNDI,$6.88,1440177713817,"405,881",86% bullish,of 22 ratings,N/A
KBSF,NULL,1440177713976,0,100% bullish,of 1 rating,N/A
