Symbol,Price,Date,Volume,Rating,RatingVoteCount,OneYearEstimate
PIH,$7.47,1441379402980,"1,700",100% bearish,of 1 rating,N/A
TFSCR,NULL,1441379403013,0,Not yet rated,NULL,N/A
FCTY,NULL,1441379403040,0,100% bullish,of 1 rating,$8.50
FLWS,$8.63,1441379403077,"52,109",80% bullish,of 5 ratings,$15
FCCY,NULL,1441379403106,0,100% bullish,of 1 rating,$13
TFSCW,NULL,1441379403132,0,100% bearish,of 1 rating,N/A
TFSC,NULL,1441379403153,0,100% bearish,of 1 rating,N/A
TFSCU,NULL,1441379403210,0,Not yet rated,NULL,N/A
DGLD,$84.2926,1441379403440,"2,072",100% bullish,of 1 rating,N/A
SRCE,$29.76,1441379403494,"4,482",100% bullish,of 3 ratings,$33
VNET,$18,1441379403584,"60,868",60% bullish,of 5 ratings,$35
DSLV,$69.46,1441379403617,"5,970",100% bearish,of 1 rating,N/A
TWOU,$35.01,1441379403638,"33,606",50% bullish,of 2 ratings,$39
UGLD,$8.95,1441379403774,"84,695",100% bearish,of 1 rating,N/A
USLV,$12.45,1441379403808,"149,386",86% bullish,of 7 ratings,N/A
JOBS,$26.1625,1441379403904,"21,847",50% bullish,of 4 ratings,$36
CAFD,$15,1441379404152,"84,284",Not yet rated,NULL,$24.50
SIXD,$2.6801,1441379404207,"3,760",Not yet rated,NULL,N/A
EGHT,$7.75,1441379404248,"59,107",82% bullish,of 17 ratings,$11
AVHI,$13.52,1441379404336,"159,427",100% bearish,of 1 rating,$19
SHLM,$32.3799,1441379404389,"8,702",100% bearish,of 1 rating,$47
AAON,$19.8,1441379404410,"22,604",100% bearish,of 1 rating,$24
ABEO,$4.6881,1441379404431,"6,242",50% bullish,of 4 ratings,$15.50
ABAX,$47.38,1441379404566,"6,842",100% bearish,of 1 rating,$60
AXAS,$1.72,1441379404749,"148,508",78% bullish,of 9 ratings,$3.50
ABEOW,NULL,1441379404830,0,100% bullish,of 1 rating,N/A
ABGB,$4.92,1441379404855,"17,511",67% bullish,of 3 ratings,$5.50
ABMD,$93.585,1441379404905,"67,949",75% bullish,of 4 ratings,$100.50
ABY,$21.52,1441379405038,"467,726",100% bearish,of 2 ratings,$46
ACHC,$72.84,1441379405108,"54,085",50% bullish,of 2 ratings,$92
ACTG,$9.1,1441379405138,"24,062",67% bullish,of 3 ratings,$18.50
ACST,$0.3,1441379405202,"2,700",100% bullish,of 2 ratings,N/A
XLRN,$28.175,1441379405274,"21,445",50% bullish,of 2 ratings,$57
ACAD,$39.88,1441379405334,"433,714",80% bullish,of 20 ratings,$48
ANCX,$19.48,1441379405364,"3,618",Not yet rated,NULL,$20
AXDX,$19.25,1441379405386,"7,374",100% bearish,of 1 rating,N/A
ARAY,$6.6375,1441379405471,"49,811",100% bearish,of 1 rating,$10.50
VXDN,$1.7999,1441379405576,"1,618",100% bearish,of 1 rating,N/A
VXUP,$1.56,1441379405600,"1,685",100% bearish,of 1 rating,N/A
AKAO,$7,1441379405935,"11,045",75% bullish,of 4 ratings,$15
ACHN,$7.6501,1441379405963,"761,633",90% bullish,of 21 ratings,$16
ACIW,$21.25,1441379405990,"35,655",67% bearish,of 3 ratings,$24
ACET,$22.31,1441379406011,"21,547",75% bullish,of 4 ratings,$30
ACPW,$1.94,1441379406140,"13,974",100% bullish,of 4 ratings,$3.25
ACNB,NULL,1441379406167,0,Not yet rated,NULL,N/A
ACOR,$31.72,1441379406188,"29,685",67% bearish,of 3 ratings,$38.50
ACTS,$1.58,1441379406419,"5,700",100% bearish,of 1 rating,N/A
ACTA,$14.02,1441379406525,"5,535",67% bearish,of 3 ratings,$25
ATVI,$28.5401,1441379406552,"1,446,143",67% bullish,of 84 ratings,$31.50
ACXM,$20.53,1441379406591,"35,661",67% bullish,of 3 ratings,N/A
ADMS,$18.95,1441379406755,"7,944",100% bearish,of 2 ratings,$36
ADMP,$3.43,1441379406849,"6,202",50% bullish,of 2 ratings,$10
ADAP,$10.9199,1441379406877,"5,466",67% bullish,of 3 ratings,$22
ACRX,$4.2672,1441379406903,"72,665",67% bearish,of 6 ratings,$7
ACUR,$2.874,1441379406929,"1,700",100% bullish,of 5 ratings,$5
ADEP,$7.19,1441379407103,"7,492",50% bullish,of 2 ratings,$10.75
AEY,$2.3704,1441379407131,"3,605",100% bearish,of 2 ratings,N/A
ADMA,$8.617,1441379407184,"7,057",Not yet rated,NULL,$19
ADUS,$29.05,1441379407209,"2,800",100% bearish,of 1 rating,$31
ADTN,$15.6,1441379407399,"58,373",67% bullish,of 3 ratings,$17.125
ADBE,$77.62,1441379407451,"354,684",65% bullish,of 17 ratings,$90
ADRO,$19.1,1441379407553,"14,877",80% bullish,of 5 ratings,$45.50
ADXSW,$9.85,1441379407651,200,100% bullish,of 1 rating,N/A
AEIS,$23.93,1441379407679,"20,385",50% bullish,of 2 ratings,$32.50
ADXS,$13.37,1441379407808,"121,547",64% bullish,of 14 ratings,$27
YPRO,$22.85,1441379407949,479,100% bearish,of 1 rating,N/A
MULT,NULL,1441379407981,0,100% bearish,of 1 rating,N/A
AEGR,$17.75,1441379408048,"35,382",50% bullish,of 6 ratings,$26
AEHR,$2.27,1441379408079,216,50% bullish,of 2 ratings,N/A
AMD,$1.7776,1441379408101,"625,170",83% bullish,of 103 ratings,$2
AMTX,$2.9042,1441379408133,"6,650",50% bullish,of 2 ratings,$26.11
AEGN,$17.8,1441379408181,"9,532",100% bearish,of 2 ratings,$21
AEPI,$56.825,1441379408264,"2,320",100% bearish,of 1 rating,N/A
AEZS,$0.0802,1441379408469,"7,293,861",90% bullish,of 21 ratings,$1.50
AERI,$16.36,1441379408539,"59,364",75% bullish,of 4 ratings,$31.50
AVAV,$20.5,1441379408599,"45,752",50% bullish,of 4 ratings,$28
AEMD,$7.683,1441379408674,"15,105",Not yet rated,NULL,$27.50
AFMD,$9.3,1441379408703,"13,518",50% bullish,of 4 ratings,$15
AFFX,$9.135,1441379408730,"114,852",80% bullish,of 5 ratings,$12.50
AGEN,$6.82,1441379408813,"77,251",85% bullish,of 13 ratings,$14
AGRX,$8.14,1441379408872,"1,880",100% bearish,of 1 rating,$17.50
AGYS,$9.65,1441379408902,"1,644",100% bearish,of 1 rating,N/A
AGIO,$84.37,1441379409002,"29,113",88% bullish,of 8 ratings,$114
AIMT,$22.06,1441379409138,"41,091",Not yet rated,NULL,$35.50
AIRM,$36.18,1441379409165,"28,373",80% bearish,of 5 ratings,$53
AGFS,$9.8,1441379409186,"20,267",100% bearish,of 1 rating,N/A
AGFSW,$1.9,1441379409220,100,100% bearish,of 2 ratings,N/A
AIRT,NULL,1441379409316,0,100% bullish,of 1 rating,N/A
ATSG,$8.91,1441379409403,"24,864",67% bullish,of 3 ratings,$13
AMCN,$4.555,1441379409569,"6,908",83% bullish,of 6 ratings,N/A
AIXG,$6.43,1441379409703,"8,982",67% bearish,of 3 ratings,$5.25
AKAM,$72.96,1441379409731,"284,706",63% bullish,of 8 ratings,$77.50
AKBA,$6.62,1441379409757,"43,700",100% bearish,of 1 rating,$18
ALRM,$16.05,1441379409861,"9,042",100% bearish,of 1 rating,$22
AMRI,$19.99,1441379409898,"22,922",75% bearish,of 4 ratings,$24
AKER,$2.63,1441379409990,"2,301",Not yet rated,NULL,N/A
AKRX,$38.84,1441379410023,"63,985",78% bullish,of 9 ratings,$56
ALSK,$2.23,1441379410044,"4,525",78% bullish,of 18 ratings,$2
ADHD,$7.57,1441379410134,"33,818",50% bullish,of 4 ratings,$18
ABDC,$12.742,1441379410174,"1,638",Not yet rated,NULL,$15
ALDX,$7.08,1441379410304,337,100% bearish,of 1 rating,$14.50
ALXN,$173.34,1441379410375,"365,261",88% bullish,of 8 ratings,$223.50
ALDR,$40.39,1441379410436,"53,261",67% bearish,of 3 ratings,$62
ALCO,$42.32,1441379410567,"2,119",50% bullish,of 2 ratings,N/A
ALXA,$1.18,1441379410593,"46,280",83% bullish,of 6 ratings,$2.125
ALGN,$54.69,1441379410724,"75,313",100% bearish,of 2 ratings,$73
ALGT,$203.7,1441379410795,"62,518",100% bearish,of 2 ratings,$235
ALIM,$2.83,1441379410975,"39,832",80% bullish,of 5 ratings,$10
ALLB,$22.9,1441379411001,204,Not yet rated,NULL,N/A
AFOP,$18.91,1441379411134,"12,138",75% bullish,of 8 ratings,$21
AHGP,$35.4,1441379411161,"9,844",67% bullish,of 3 ratings,N/A
ALKS,$64.21,1441379411188,"142,640",67% bullish,of 3 ratings,$75
AIQ,$14.61,1441379411216,"2,182",67% bullish,of 3 ratings,N/A
ARLP,$24.78,1441379411239,"12,705",67% bearish,of 3 ratings,$32
AHPI,NULL,1441379411384,0,50% bullish,of 2 ratings,N/A
AMOT,$18.19,1441379411409,"29,675",100% bearish,of 1 rating,N/A
ALQA,$4.59,1441379411557,"13,717",75% bullish,of 4 ratings,$8.50
ALLT,$5.06,1441379411621,"10,126",75% bullish,of 4 ratings,$6.25
MDRX,$13.125,1441379411645,"189,181",60% bullish,of 5 ratings,$16
AFAM,$44.59,1441379411850,"6,599",50% bullish,of 2 ratings,$44
ALNY,$97.77,1441379411907,"53,517",67% bullish,of 3 ratings,$151.50
ALTR,$48.87,1441379411928,"431,398",80% bearish,of 5 ratings,$54
AOSL,$8.08,1441379411964,"3,030",67% bullish,of 3 ratings,$9
ATEC,$0.58,1441379411992,"4,339",100% bullish,of 1 rating,$2
SMCP,NULL,1441379412017,0,Not yet rated,NULL,N/A
ASPS,$26.31,1441379412073,"20,477",67% bullish,of 3 ratings,$46.50
AIMC,$23.56,1441379412204,"25,208",100% bearish,of 2 ratings,$28.50
AMRN,$2.3301,1441379412274,"348,878",85% bullish,of 40 ratings,$8
AMAG,$60.17,1441379412337,"100,018",100% bullish,of 2 ratings,$75
AMRK,NULL,1441379412363,0,50% bullish,of 2 ratings,$14
AMZN,$499.705,1441379412498,"361,599",81% bullish,of 267 ratings,$646
AYA,$20.55,1441379412561,"3,180",100% bearish,of 1 rating,$40
AMBC,$16.31,1441379412662,"31,420",100% bearish,of 1 rating,$16.50
AMBCW,NULL,1441379412696,0,100% bearish,of 1 rating,N/A
EPAX,$2.69,1441379412796,"27,844",100% bearish,of 1 rating,N/A
AMBA,$72.9402,1441379412831,"1,833,614",77% bullish,of 13 ratings,$102.50
DOX,$56.26,1441379412927,"57,598",67% bearish,of 3 ratings,$60
AMCX,$71.475,1441379412956,"73,654",67% bullish,of 3 ratings,$87.50
AMDA,$0.4779,1441379413058,"112,786",90% bullish,of 10 ratings,$1
AMED,$40.02,1441379413088,"27,741",100% bearish,of 1 rating,$42
UHAL,$371.46,1441379413191,"3,510",100% bullish,of 2 ratings,$393.50
ASBI,$22.73,1441379413219,100,Not yet rated,NULL,N/A
ATAX,$5.31,1441379413254,"9,270",100% bullish,of 1 rating,$6.50
AMOV,NULL,1441379413400,0,100% bearish,of 1 rating,N/A
AGNC,$18.96,1441379413481,"345,236",71% bullish,of 28 ratings,$22
AAL,$40.865,1441379413508,"1,854,398",93% bullish,of 88 ratings,$57
AGNCB,$24.3,1441379413640,611,Not yet rated,NULL,N/A
MTGEP,$24.25,1441379413722,1,Not yet rated,NULL,N/A
MTGE,$14.965,1441379413769,"73,108",75% bullish,of 4 ratings,$19.50
AGNCP,$25.3001,1441379413854,300,Not yet rated,NULL,N/A
ACSF,$12.32,1441379413901,"3,195",100% bearish,of 1 rating,$15
ACAS,$13.72,1441379413930,"141,011",60% bullish,of 5 ratings,$16.75
AETI,$3.16,1441379414035,100,67% bearish,of 3 ratings,N/A
ANCI,NULL,1441379414062,0,100% bearish,of 1 rating,N/A
AMIC,NULL,1441379414090,0,100% bearish,of 1 rating,N/A
ANAT,$98.95,1441379414238,"12,305",100% bullish,of 1 rating,N/A
AMNB,$23.025,1441379414374,"2,685",Not yet rated,NULL,$25.50
APEI,$21.78,1441379414402,"2,077",100% bearish,of 1 rating,$25.50
ARII,$40.23,1441379414440,"25,965",67% bearish,of 3 ratings,$45
AMRB,NULL,1441379414476,0,Not yet rated,NULL,$11
ASEI,$39.08,1441379414622,578,100% bearish,of 1 rating,$52.50
AMSWA,$8.9199,1441379414647,"1,820",100% bearish,of 2 ratings,$10.75
AMSC,$4.93,1441379414685,"6,721",50% bullish,of 4 ratings,N/A
AMWD,$66.89,1441379414863,"13,699",50% bullish,of 2 ratings,$70
CRMT,$35.325,1441379415295,"3,919",100% bearish,of 1 rating,$38
ABCB,$27.16,1441379415321,"8,846",Not yet rated,NULL,$31
ASRVP,NULL,1441379415351,0,Not yet rated,NULL,N/A
ASRV,$3.23,1441379415462,304,100% bullish,of 2 ratings,N/A
AMGN,$147.15,1441379415510,"425,885",89% bullish,of 19 ratings,$185
AMSF,$45.89,1441379415538,"3,822",Not yet rated,NULL,$57.50
ATLO,$22.43,1441379415559,536,Not yet rated,NULL,N/A
FOLD,$15.24,1441379415800,"298,176",56% bullish,of 9 ratings,$21
AMSG,$78.06,1441379415827,"31,699",100% bearish,of 1 rating,$85.50
AMKR,$5.305,1441379415863,"142,125",100% bearish,of 2 ratings,$5
ASYS,$5.37,1441379415956,"3,394",67% bullish,of 3 ratings,$12
AMPH,$13.29,1441379415983,"36,333",50% bullish,of 2 ratings,$20
AFSI,$57.76,1441379416121,"31,015",60% bullish,of 5 ratings,$72
AMSGP,NULL,1441379416149,0,Not yet rated,NULL,N/A
AMRS,$1.7299,1441379416176,"4,795",70% bullish,of 10 ratings,N/A
ANAC,$132.87,1441379416328,"54,367",80% bullish,of 5 ratings,$180.50
ANAD,$0.3146,1441379416357,"16,400",100% bullish,of 2 ratings,$.50
ADI,$54.41,1441379416382,"173,588",75% bullish,of 4 ratings,$69
ALOG,$80.77,1441379416602,"6,837",100% bearish,of 2 ratings,$100.50
AMCF,NULL,1441379416655,0,NULL,NULL,NULL
ANCB,NULL,1441379416680,0,Not yet rated,NULL,$23
ABCW,$40.68,1441379416710,"2,322",67% bullish,of 3 ratings,N/A
ANGI,$5.03,1441379416758,"48,089",64% bullish,of 11 ratings,$5.50
ANGO,$14.55,1441379416813,"13,162",67% bullish,of 3 ratings,$19
ANIK,$35.6799,1441379416907,"12,196",60% bullish,of 5 ratings,$51.25
ANIP,$51.8,1441379416944,"18,625",89% bullish,of 19 ratings,$66
ANTH,$7.1499,1441379417138,"148,547",80% bullish,of 10 ratings,$13
ATRS,$1.8,1441379417168,"112,970",92% bullish,of 12 ratings,$4.50
ATNY,$2.4,1441379417197,200,50% bullish,of 2 ratings,$3.75
ABAC,$0.8,1441379417222,"1,218",100% bearish,of 1 rating,N/A
ANSS,$90.23,1441379417246,"62,340",100% bearish,of 1 rating,$100
APOG,$52.01,1441379417390,"13,428",50% bullish,of 2 ratings,$67
APIC,$6.5399,1441379417493,"5,403",100% bearish,of 1 rating,$19
APOL,$10.925,1441379417524,"117,610",87% bearish,of 68 ratings,$14
AAPL,$109.28,1441379417655,"9,326,363",86% bullish,of 2363 ratings,$150
AINV,$6.43,1441379417685,"128,490",50% bullish,of 4 ratings,$8
APPF,$16.41,1441379417747,"5,758",50% bullish,of 2 ratings,$22
ARCI,$1.19,1441379417819,"2,600",Not yet rated,NULL,N/A
APDN,$3.3262,1441379417876,"6,752",Not yet rated,NULL,$9
AGTC,$16.2583,1441379417926,"4,788",50% bullish,of 2 ratings,$33
APDNW,$1.4404,1441379418091,100,Not yet rated,NULL,N/A
AMCC,$5.73,1441379418121,"52,924",80% bullish,of 5 ratings,$8
AMAT,$15.5,1441379418225,"2,536,042",82% bullish,of 11 ratings,$23
AAOI,$20.4201,1441379418255,"30,529",50% bullish,of 4 ratings,$26
APTO,$5.11,1441379418331,202,Not yet rated,NULL,$17
APRI,$1.5999,1441379418356,"58,796",83% bullish,of 6 ratings,$4.86
AREX,$2.34,1441379418414,"156,140",50% bullish,of 2 ratings,$3
AQXP,$15.9422,1441379418547,"74,111",50% bullish,of 2 ratings,$2
AQMS,$4.98,1441379418628,933,Not yet rated,NULL,N/A
AUMAU,NULL,1441379418707,0,Not yet rated,NULL,N/A
AUMAW,NULL,1441379418761,0,Not yet rated,NULL,N/A
AUMA,$9.85,1441379418788,200,Not yet rated,NULL,N/A
PETX,$17.7,1441379418815,"40,966",100% bearish,of 2 ratings,$26
ARDM,NULL,1441379418841,0,100% bullish,of 1 rating,$26
ARCW,$3.33,1441379418976,650,100% bearish,of 2 ratings,$10.50
ABUS,$7.02,1441379419051,"94,914",86% bullish,of 14 ratings,$21.50
ABIO,$6.1484,1441379419184,"14,995",50% bullish,of 2 ratings,$3.75
ARCB,$28.73,1441379419211,"26,244",67% bearish,of 3 ratings,$39.50
RKDA,$5.48,1441379419244,618,100% bearish,of 2 ratings,$10
ACAT,$25.525,1441379419345,"15,028",100% bearish,of 3 ratings,$33
ARDX,$18.8,1441379419423,"13,624",50% bullish,of 2 ratings,$24.50
ACGL,$68.5,1441379419506,"37,587",50% bullish,of 2 ratings,$72
AGII,$54.62,1441379419685,"11,944",Not yet rated,NULL,$59.50
AGIIL,$25.303,1441379419731,"1,038",Not yet rated,NULL,N/A
ARNA,$2.7199,1441379419757,"207,721",90% bullish,of 78 ratings,$5.50
ARGS,$6.1878,1441379419778,"2,902",50% bullish,of 2 ratings,$19.50
ARIS,$3.69,1441379419810,100,Not yet rated,NULL,$4.50
ARKR,$25.46,1441379420100,400,50% bullish,of 2 ratings,N/A
ARCC,$15.365,1441379420132,"247,664",67% bearish,of 3 ratings,$17.75
ARTX,$1.4074,1441379420154,"12,900",88% bullish,of 16 ratings,$4.50
ARIA,$7.92,1441379420186,"2,107,495",87% bullish,of 46 ratings,$9
ARMH,$42.85,1441379420207,"291,435",54% bearish,of 13 ratings,$60
ARWAR,NULL,1441379420337,0,Not yet rated,NULL,N/A
ARWA,NULL,1441379420431,0,Not yet rated,NULL,N/A
ARWAU,$10.2,1441379420563,100,100% bullish,of 1 rating,N/A
ARRY,$5.715,1441379420699,"134,263",100% bullish,of 7 ratings,$10
ARWAW,NULL,1441379420725,0,Not yet rated,NULL,N/A
ARQL,$1.6699,1441379420801,"4,512",75% bullish,of 4 ratings,$5
ARWR,$5.36,1441379420900,"264,865",75% bullish,of 4 ratings,$10.50
ARRS,$25.95,1441379420970,"89,667",50% bullish,of 2 ratings,$38
DWAT,$9.72,1441379420997,"2,400",100% bearish,of 1 rating,N/A
AROW,$27.2932,1441379421018,702,Not yet rated,NULL,N/A
ASND,$19.658,1441379421212,"7,602",50% bullish,of 2 ratings,$30
ARTW,NULL,1441379421237,0,75% bearish,of 4 ratings,N/A
ARTNA,$21.7025,1441379421264,"2,422",100% bearish,of 1 rating,$29
ASNA,$12.06,1441379421289,"479,774",50% bullish,of 2 ratings,$18
ASCMA,$26.9,1441379421425,"5,699",100% bearish,of 1 rating,$45
ASTI,$0.2198,1441379421485,"1,694,089",83% bullish,of 6 ratings,$3
ASBB,NULL,1441379421587,0,Not yet rated,NULL,N/A
ASMI,NULL,1441379421652,0,NULL,NULL,NULL
APWC,$1.64,1441379421677,404,100% bearish,of 1 rating,N/A
ASML,$90.84,1441379421887,"108,662",50% bullish,of 4 ratings,$127
ASMB,$13.025,1441379421926,"15,803",67% bullish,of 3 ratings,N/A
AZPN,$38.54,1441379421957,"91,485",50% bullish,of 2 ratings,$42
ASFI,$8.8,1441379422022,800,100% bullish,of 1 rating,N/A
ASTE,$38.075,1441379422091,"13,002",100% bearish,of 1 rating,$49
ATRO,$49.65,1441379422112,"19,657",100% bearish,of 2 ratings,$80
ALOT,NULL,1441379422142,0,100% bearish,of 1 rating,N/A
ASTC,$2.22,1441379422193,"2,607",100% bullish,of 5 ratings,N/A
ASUR,$5.36,1441379422459,"2,890",50% bullish,of 2 ratings,$8
ATRA,$42.89,1441379422504,"22,131",50% bullish,of 2 ratings,$68
ATAI,$2.35,1441379422530,"2,771",100% bearish,of 1 rating,N/A
AFCB,NULL,1441379422590,0,Not yet rated,NULL,N/A
ATHN,$132.4,1441379422616,"29,098",67% bearish,of 3 ratings,$153
ATHX,$1.14,1441379422662,"17,401",89% bullish,of 9 ratings,$5
AAPC,$10.1,1441379422794,7,Not yet rated,NULL,N/A
ATNI,$73.91,1441379422842,"10,744",100% bearish,of 1 rating,$69.50
ACFC,$5.51,1441379422974,"1,138",100% bearish,of 1 rating,$6.50
AFH,$16.12,1441379423004,"9,476",Not yet rated,NULL,$21.50
AAWW,$38.53,1441379423037,"68,695",50% bullish,of 2 ratings,$65
ATLC,$3.91,1441379423106,500,67% bullish,of 3 ratings,N/A
AAME,$3.5,1441379423135,400,Not yet rated,NULL,N/A
ATML,$7.94,1441379423187,"1,029,325",78% bullish,of 9 ratings,$9.50
ATOS,$0.879,1441379423323,"53,581",100% bullish,of 7 ratings,$7
ATRC,$23.81,1441379423348,"23,407",100% bullish,of 1 rating,$30
ATRI,$371.95,1441379423529,504,Not yet rated,NULL,N/A
ATTU,$12.9543,1441379423578,"4,956",100% bearish,of 1 rating,$20.50
ATRM,NULL,1441379423658,0,50% bullish,of 2 ratings,N/A
LIFE,$14.3728,1441379423710,"4,441",86% bullish,of 7 ratings,$43
AUBN,$26.5,1441379423765,700,Not yet rated,NULL,N/A
AUDC,$3.26,1441379423796,"4,800",80% bullish,of 5 ratings,$5
AUPH,$3.3351,1441379423843,"2,551",100% bearish,of 1 rating,$8
EARS,$4.41,1441379423903,"1,200",100% bearish,of 2 ratings,$11
ADAT,$0.35,1441379424007,"404,147",100% bullish,of 2 ratings,N/A
ABTL,$18.73,1441379424053,"15,492",100% bullish,of 4 ratings,$20.25
ADSK,$45.55,1441379424080,"325,047",67% bullish,of 6 ratings,$66
AVGO,$122.99,1441379424213,"399,767",88% bullish,of 8 ratings,$165
ADP,$76.54,1441379424239,"322,596",100% bearish,of 1 rating,$88
AAVL,$10.05,1441379424402,"59,336",100% bearish,of 1 rating,$20
AVNU,NULL,1441379424429,0,Not yet rated,NULL,$14
AVNW,$1.1797,1441379424621,"28,161",50% bullish,of 2 ratings,N/A
AVEO,$1.3869,1441379424651,"146,584",75% bullish,of 8 ratings,$3
AVID,$8.61,1441379424672,"54,662",100% bearish,of 1 rating,$20
CAR,$42.65,1441379424754,"468,600",80% bullish,of 5 ratings,$60
AVGR,$14.68,1441379424813,"2,378",100% bearish,of 1 rating,$20
AXPW,$1.9813,1441379424892,"150,267",86% bullish,of 7 ratings,N/A
ACLS,$3.22,1441379424997,"31,637",67% bullish,of 6 ratings,$4.75
AWRE,$3.1601,1441379425025,"5,129",67% bullish,of 3 ratings,N/A
AXPWW,NULL,1441379425178,0,Not yet rated,NULL,N/A
AXGN,$4.5801,1441379425265,"4,450",Not yet rated,NULL,$5
AXTI,$2.1328,1441379425420,"1,948",50% bullish,of 2 ratings,$2.75
BEAV,$48.91,1441379425489,"88,949",67% bearish,of 3 ratings,$59
BCOM,NULL,1441379425520,0,100% bearish,of 1 rating,N/A
RILY,NULL,1441379425559,0,Not yet rated,NULL,N/A
BOSC,$2.07,1441379425586,"1,900",50% bullish,of 2 ratings,N/A
BIDU,$146.162,1441379425617,"619,900",81% bullish,of 88 ratings,$210
BCPC,$56.64,1441379425782,"21,029",100% bearish,of 1 rating,$75
BLDP,$1.32,1441379425942,"49,619",91% bullish,of 22 ratings,$2.50
BANFP,$26.8,1441379425972,266,Not yet rated,NULL,N/A
BWINB,$22.32,1441379426004,866,Not yet rated,NULL,N/A
BWINA,NULL,1441379426072,0,Not yet rated,NULL,N/A
BKMU,$6.9,1441379426099,"5,029",Not yet rated,NULL,$8
BOCH,$5.72,1441379426133,95,Not yet rated,NULL,$6.50
BANF,$59.39,1441379426159,"1,401",Not yet rated,NULL,$68
BMRC,$48.63,1441379426399,"1,984",Not yet rated,NULL,$52
BKSC,NULL,1441379426468,0,Not yet rated,NULL,N/A
OZRK,$40.425,1441379426536,"31,065",67% bullish,of 3 ratings,$49.50
BOTJ,NULL,1441379426568,0,Not yet rated,NULL,N/A
BANR,$43.6256,1441379426598,"14,078",100% bullish,of 3 ratings,$50
BFIN,$12.0399,1441379426668,"2,224",Not yet rated,NULL,$13
BWFG,$17.93,1441379426697,100,100% bearish,of 1 rating,N/A
BZUN,$5.3198,1441379426803,"66,257",50% bullish,of 2 ratings,$11.50
TAPR,$32.56,1441379426946,600,100% bearish,of 1 rating,N/A
BHAC,NULL,1441379426998,0,Not yet rated,NULL,N/A
BHACU,NULL,1441379427027,0,Not yet rated,NULL,N/A
BHACW,NULL,1441379427138,0,Not yet rated,NULL,N/A
BHACR,$0.21,1441379427203,"2,098",Not yet rated,NULL,N/A
BBSI,$34.7,1441379427228,"4,726",67% bearish,of 3 ratings,$62.50
BSET,$28.88,1441379427282,"14,834",100% bearish,of 1 rating,$35
BYBK,NULL,1441379427357,0,100% bearish,of 1 rating,N/A
BYLK,$12.84,1441379427458,300,Not yet rated,NULL,$14
BCBP,$11.31,1441379427631,42,Not yet rated,NULL,N/A
BV,$5.031,1441379427663,"51,573",67% bullish,of 6 ratings,$8.75
BBCN,$14.16,1441379427690,"20,523",100% bearish,of 1 rating,$16
BDCV,$4.832,1441379427774,"1,003",100% bearish,of 1 rating,$10.19
BSF,$8.31,1441379427824,"2,342",Not yet rated,NULL,N/A
BECN,$35.75,1441379427849,"26,909",50% bullish,of 2 ratings,$40
BBGI,$3.95,1441379427907,"1,019",100% bearish,of 1 rating,N/A
BBBY,$62.18,1441379428088,"147,939",71% bullish,of 7 ratings,$75
BELFA,$15,1441379428125,12,100% bearish,of 1 rating,N/A
BLCM,$15.712,1441379428217,"23,952",50% bullish,of 4 ratings,$40
BEBE,$1.18,1441379428247,"250,795",75% bullish,of 4 ratings,$2.125
BLPH,$4.05,1441379428274,"3,213",100% bearish,of 1 rating,$12.50
BELFB,$18.24,1441379428319,"2,577",100% bearish,of 1 rating,N/A
BNCL,$12.41,1441379428423,"41,964",100% bullish,of 3 ratings,$12.50
BNFT,$35.78,1441379428481,"8,959",67% bullish,of 3 ratings,$46
BNTC,$7.1,1441379428663,"1,300",100% bullish,of 1 rating,N/A
BGMD,$0.6126,1441379428746,"18,492",100% bullish,of 10 ratings,N/A
BGCP,$8.79,1441379428771,"176,702",88% bullish,of 8 ratings,$14
BCRX,$11.46,1441379429095,"75,958",63% bullish,of 8 ratings,$18
BIND,$4.8292,1441379429124,"5,843",75% bullish,of 4 ratings,$13.50
BASI,$1.6358,1441379429145,200,Not yet rated,NULL,N/A
BCDA,NULL,1441379429176,0,Not yet rated,NULL,N/A
ORPN,$5.49,1441379429203,"1,803",100% bullish,of 1 rating,$28.50
BGFV,$11.36,1441379429224,"23,647",57% bullish,of 7 ratings,$12
BIOC,$1.99,1441379429361,"78,809",83% bullish,of 6 ratings,$3.85
BIOD,$0.7,1441379429468,"3,416",80% bullish,of 5 ratings,$4
BDSI,$6.33,1441379429494,"203,406",88% bullish,of 8 ratings,$17
BIOL,$1.55,1441379429624,"3,508",Not yet rated,NULL,N/A
BIIB,$298.4601,1441379429651,"212,621",88% bullish,of 16 ratings,$400
BLRX,$1.7001,1441379429718,"74,359",100% bullish,of 12 ratings,$5
BLFS,$2.36,1441379429783,"50,147",100% bearish,of 1 rating,$4.75
BVXVW,NULL,1441379429874,0,100% bearish,of 1 rating,N/A
BVXV,$3.75,1441379429918,"7,207",Not yet rated,NULL,N/A
BRLI,NULL,1441379429963,0,NULL,NULL,NULL
BMRN,$125.76,1441379430003,"115,182",80% bullish,of 5 ratings,$160
BIOS,$2.4,1441379430067,"118,275",71% bullish,of 7 ratings,$4
BPTH,$1.1701,1441379430130,"8,404",100% bullish,of 2 ratings,$5
BBC,$31.24,1441379430237,"2,058",Not yet rated,NULL,N/A
BSTC,$47.35,1441379430296,"5,291",100% bearish,of 1 rating,$76
BBP,$32.0225,1441379430367,"9,863",Not yet rated,NULL,N/A
BOTA,$2.14,1441379430452,"1,103",88% bullish,of 8 ratings,N/A
BSPM,$0.6803,1441379430502,"3,300",50% bullish,of 2 ratings,N/A
TECH,$92.51,1441379430526,"37,640",100% bullish,of 1 rating,$117
BITI,$16.57,1441379430765,"3,525",100% bullish,of 1 rating,$28
BEAT,$15.58,1441379430793,"107,157",67% bearish,of 3 ratings,$15
BDMS,NULL,1441379430814,0,100% bearish,of 1 rating,N/A
BDE,$7.52,1441379430948,"8,401",50% bullish,of 2 ratings,$9
BBOX,$14.72,1441379430977,"3,588",100% bearish,of 1 rating,N/A
BBRY,$7.49,1441379430999,"3,322,133",61% bullish,of 331 ratings,$9
BJRI,$44.55,1441379431020,"20,236",50% bullish,of 2 ratings,$55
BLKB,$56.92,1441379431149,"17,794",100% bearish,of 2 ratings,$66
HAWK,$39.21,1441379431219,"19,359",91% bullish,of 11 ratings,$49
BKCC,$9.34,1441379431245,"50,154",50% bullish,of 2 ratings,$10
ADRD,$21.34,1441379431413,804,100% bearish,of 1 rating,N/A
ADRE,$28.78,1441379431439,"1,063",100% bearish,of 1 rating,N/A
ADRA,$26.27,1441379431464,998,100% bearish,of 1 rating,N/A
BUFF,$23.83,1441379431771,"104,287",77% bullish,of 13 ratings,$31.50
BCOR,$13.3167,1441379431899,"25,816",57% bullish,of 7 ratings,$15
ADRU,$21.15,1441379431926,662,100% bearish,of 1 rating,N/A
BHBK,$13.92,1441379431952,"23,969",100% bullish,of 1 rating,$14.50
BLBD,$11.59,1441379431973,690,Not yet rated,NULL,N/A
BBLU,$0.83,1441379432010,"88,469",100% bullish,of 2 ratings,$4.43
BLMN,$20.5,1441379432031,"42,343",83% bullish,of 6 ratings,$27.50
NILE,$33.67,1441379432052,"4,634",50% bullish,of 2 ratings,$34
BKEP,$6.4237,1441379432256,"3,898",100% bearish,of 1 rating,$8.50
BLUE,$129.8125,1441379432310,"79,477",71% bullish,of 7 ratings,$217.50
BPMC,$28.06,1441379432455,"12,810",50% bullish,of 2 ratings,$47.50
BNCN,$21.07,1441379432527,"5,224",Not yet rated,NULL,$24
BKEPP,NULL,1441379432552,0,100% bearish,of 1 rating,N/A
BOFI,$113.81,1441379432707,"101,311",100% bullish,of 6 ratings,$144
BOBE,$44.97,1441379432744,"64,647",75% bullish,of 4 ratings,$57
WIFI,$7.518,1441379432772,"29,416",50% bullish,of 2 ratings,$13.50
BONA,$11.2,1441379432793,"17,266",75% bullish,of 4 ratings,$8.50
BOJA,$20.67,1441379432830,"30,174",100% bullish,of 1 rating,$30
BOKF,$61.81,1441379432922,"13,414",100% bearish,of 1 rating,$69
BPFH,$11.72,1441379432959,"51,903",100% bearish,of 1 rating,$14
BAMM,$3.1938,1441379433008,757,60% bullish,of 5 ratings,N/A
BPFHW,NULL,1441379433150,0,100% bearish,of 1 rating,N/A
BNSO,NULL,1441379433175,0,100% bearish,of 1 rating,N/A
BPFHP,$24.4601,1441379433200,200,100% bearish,of 1 rating,N/A
BDBD,$8.3499,1441379433464,"55,038",60% bullish,of 5 ratings,$10
BBEP,$2.615,1441379433508,"178,260",69% bullish,of 13 ratings,$5.625
BCLI,$3.133,1441379433599,"5,892",80% bullish,of 5 ratings,$12
BCOV,$5.15,1441379433644,"13,751",67% bullish,of 3 ratings,$10.20
EPAY,$26.29,1441379433671,"13,588",100% bearish,of 2 ratings,$30
BBEPP,$14.5937,1441379433742,"2,543",50% bullish,of 2 ratings,N/A
BLIN,$1.73,1441379433771,"228,770",50% bullish,of 2 ratings,$2.20
BRID,$8.1,1441379433839,2,100% bearish,of 1 rating,N/A
BBRG,$12.42,1441379433867,"3,471",67% bullish,of 3 ratings,$14.50
BDGE,$26.04,1441379434081,"2,867",Not yet rated,NULL,$31.75
BVSN,$5.86,1441379434279,800,60% bearish,of 5 ratings,N/A
BSFT,$32,1441379434304,"22,989",57% bullish,of 7 ratings,$40.50
BRCM,$51.06,1441379434336,"414,941",69% bullish,of 13 ratings,$56
BYFC,NULL,1441379434461,0,50% bullish,of 2 ratings,N/A
BRCD,$10.23,1441379434486,"257,890",92% bullish,of 13 ratings,$12
BRKS,$10.219,1441379434543,"11,718",67% bullish,of 3 ratings,$15.25
BMTC,$29.07,1441379434716,"6,888",Not yet rated,NULL,$34
BRKR,$17.89,1441379434754,"89,220",100% bearish,of 2 ratings,$22
BWEN,$3.15,1441379434848,"8,034",75% bullish,of 4 ratings,$8
BWLD,$195.7,1441379434879,"46,765",82% bullish,of 11 ratings,$205
BSQR,$6.17,1441379434901,"3,962",67% bullish,of 3 ratings,N/A
BRKL,$10.41,1441379434937,"52,210",100% bearish,of 1 rating,$12
BLDR,$15.45,1441379435033,"180,651",67% bullish,of 3 ratings,$22
BUR,NULL,1441379435257,0,100% bearish,of 1 rating,$8
CFFI,NULL,1441379435322,0,100% bearish,of 1 rating,N/A
CHRW,$67.7,1441379435455,"156,608",Not yet rated,NULL,$72
CA,$27.11,1441379435488,"465,913",50% bullish,of 4 ratings,$33
BLMT,$20.75,1441379435622,228,Not yet rated,NULL,N/A
CDNS,$20.43,1441379435652,"228,723",75% bullish,of 4 ratings,$22.50
CCMP,$42.47,1441379435676,"3,107",50% bullish,of 2 ratings,$59
CACQ,$7.05,1441379435706,"35,482",100% bearish,of 1 rating,$12.25
CDZI,$7.36,1441379435728,"9,722",100% bearish,of 1 rating,N/A
CZR,$9.22,1441379435859,"90,630",60% bearish,of 5 ratings,$10.50
CSTE,$39.0701,1441379435890,"11,742",50% bullish,of 2 ratings,$65
CLBS,$1.72,1441379435997,"30,729",79% bullish,of 14 ratings,$4
CHY,$11.0201,1441379436064,"34,582",Not yet rated,NULL,N/A
CLMS,$9.5111,1441379436089,"47,772",Not yet rated,NULL,$10.50
PRSS,$4.4772,1441379436164,"2,752",80% bullish,of 5 ratings,$4.50
CCD,$19.3899,1441379436331,"7,139",Not yet rated,NULL,N/A
CHI,$10.34,1441379436378,"49,857",100% bearish,of 1 rating,N/A
CHW,$7.37,1441379436408,"44,554",100% bearish,of 1 rating,N/A
CFGE,NULL,1441379436512,0,Not yet rated,NULL,N/A
CAMP,$15.9342,1441379436542,"91,379",88% bullish,of 8 ratings,$25
CGO,$11.87,1441379436594,"4,256",100% bearish,of 1 rating,N/A
CVGW,$50.29,1441379436645,"113,498",50% bullish,of 2 ratings,$62
CSQ,$9.6901,1441379436781,"92,689",Not yet rated,NULL,N/A
CFNB,NULL,1441379436809,0,100% bearish,of 1 rating,N/A
CALA,$6.0673,1441379436830,"83,176",67% bullish,of 3 ratings,$19.50
CALD,$16.11,1441379436965,"62,966",100% bearish,of 1 rating,$21
CALM,$52.62,1441379437040,"39,165",80% bullish,of 5 ratings,$63.50
CLMT,$25.5845,1441379437280,"23,271",75% bullish,of 8 ratings,$31
CAMBU,NULL,1441379437356,0,100% bearish,of 1 rating,N/A
ABCD,$5.0599,1441379437437,"12,994",83% bullish,of 6 ratings,N/A
CAMT,$2.6,1441379437467,"13,719",73% bullish,of 11 ratings,$4
CAC,$39.87,1441379437488,"3,009",Not yet rated,NULL,N/A
CAMBW,NULL,1441379437518,0,Not yet rated,NULL,N/A
CAMB,NULL,1441379437576,0,Not yet rated,NULL,N/A
CSIQ,$18.58,1441379437717,"201,751",86% bullish,of 28 ratings,$42.50
CGIX,$9.9328,1441379437790,590,67% bullish,of 3 ratings,$14.375
CBF,$30,1441379437889,"3,445",Not yet rated,NULL,$32
CPHC,NULL,1441379437919,0,100% bearish,of 1 rating,N/A
CPLA,$48.51,1441379437945,"11,189",67% bearish,of 3 ratings,$65
CBNJ,$11.14,1441379437975,"1,660",100% bearish,of 1 rating,N/A
CCBG,$14.91,1441379438025,"1,102",Not yet rated,NULL,$17.25
CPLP,$6.9501,1441379438131,"35,202",71% bullish,of 7 ratings,$11
CSWC,$43.88,1441379438435,"16,947",Not yet rated,NULL,N/A
CAPN,$2.2831,1441379438482,"7,150",100% bullish,of 1 rating,$10.85
CFFN,$11.805,1441379438511,"60,809",Not yet rated,NULL,$12.75
CPTA,$13.98,1441379438541,"3,644",100% bearish,of 1 rating,$18.25
CAPR,$4.3,1441379438618,141,Not yet rated,NULL,$12
CAPNW,NULL,1441379438642,0,Not yet rated,NULL,N/A
CPST,$0.3815,1441379438777,"119,956",95% bullish,of 22 ratings,$1.25
CARB,$11.07,1441379438922,"4,340",75% bullish,of 4 ratings,$12
CARA,$19.17,1441379438954,"29,226",50% bullish,of 4 ratings,$25
CBYL,$4.96,1441379438975,"5,268",100% bearish,of 1 rating,$20
CRDC,$0.325,1441379439010,"22,100",100% bullish,of 1 rating,$1.25
CRME,$9.12,1441379439107,500,89% bullish,of 9 ratings,$11.25
CSII,$23.1799,1441379439136,"21,082",100% bearish,of 2 ratings,$42.125
CFNL,$21.87,1441379439270,"8,508",Not yet rated,NULL,$24
CDNA,$6.9283,1441379439319,"5,818",100% bearish,of 1 rating,$9
CATM,$33.75,1441379439477,"42,832",100% bearish,of 1 rating,$44
CTRE,$10.81,1441379439507,"12,085",50% bullish,of 2 ratings,$13.50
CECO,$3.64,1441379439528,"34,360",67% bearish,of 3 ratings,$6
CLBH,$12.5001,1441379439607,611,Not yet rated,NULL,$16.50
CART,NULL,1441379439661,0,100% bearish,of 1 rating,N/A
CKEC,$22.34,1441379439709,"26,908",50% bullish,of 2 ratings,$35.915
CARO,$15.2,1441379439883,404,100% bearish,of 1 rating,$19
CARV,$6.3,1441379440013,"6,200",50% bullish,of 2 ratings,N/A
TAST,$12.5401,1441379440040,"29,930",Not yet rated,NULL,$14.25
CRZO,$35.39,1441379440061,"226,552",67% bearish,of 3 ratings,$54.50
CRTN,NULL,1441379440101,0,100% bearish,of 1 rating,N/A
CASM,$1.1801,1441379440193,"5,764",100% bullish,of 1 rating,$3.50
CACB,$5.3,1441379440266,"3,690",Not yet rated,NULL,$5.50
CSCD,$15.32,1441379440339,"3,234",100% bullish,of 2 ratings,$17
CWST,$6.35,1441379440476,"6,990",50% bullish,of 2 ratings,$7.25
CASY,$105.87,1441379440580,"31,645",50% bullish,of 2 ratings,$99.50
CASS,$48.55,1441379440640,"2,881",100% bearish,of 1 rating,N/A
CASI,$1.3492,1441379440711,534,100% bullish,of 1 rating,$3.50
CPRX,$3.72,1441379440736,"177,873",71% bullish,of 7 ratings,$7
CATB,$11.42,1441379440766,"3,415",100% bearish,of 1 rating,$28
CATY,$28.97,1441379440791,"58,857",100% bearish,of 1 rating,$33.50
CATYW,NULL,1441379441024,0,100% bearish,of 1 rating,N/A
CVCO,$71.24,1441379441077,645,100% bearish,of 1 rating,N/A
CBFV,$21.4599,1441379441170,421,Not yet rated,NULL,$25
CNLMU,NULL,1441379441194,0,100% bullish,of 1 rating,N/A
CNLMR,NULL,1441379441257,0,Not yet rated,NULL,N/A
CNLM,NULL,1441379441281,0,Not yet rated,NULL,N/A
CNLMW,NULL,1441379441481,0,Not yet rated,NULL,N/A
CBOE,$63.79,1441379441506,"37,752",Not yet rated,NULL,$63
CAVM,$67.933,1441379441583,"94,958",67% bearish,of 3 ratings,$72
CECE,$9.57,1441379441639,"43,638",50% bullish,of 2 ratings,$16
CDW,$38.805,1441379441666,"94,469",75% bullish,of 4 ratings,$44
CDK,$48.57,1441379441698,"19,933",67% bearish,of 3 ratings,$50
CPXX,$2.31,1441379441824,"9,192",100% bullish,of 2 ratings,$7
CELGZ,$1.76,1441379441887,7,80% bullish,of 5 ratings,N/A
CELG,$117.0754,1441379441929,"547,614",100% bullish,of 13 ratings,$156
CLDN,$1.18,1441379442000,"18,863",63% bullish,of 8 ratings,$3
CLRB,$2.97,1441379442104,20,100% bearish,of 1 rating,N/A
CLDX,$14.08,1441379442163,"151,285",89% bullish,of 9 ratings,$36
CLRBW,NULL,1441379442187,0,Not yet rated,NULL,N/A
CLTX,$1.8499,1441379442417,"29,922",100% bullish,of 2 ratings,N/A
CBMG,$23.27,1441379442449,"22,589",50% bullish,of 2 ratings,N/A
CLLS,$31.82,1441379442471,"21,514",75% bullish,of 4 ratings,$51.50
CLSN,$2.0637,1441379442556,"19,825",80% bullish,of 10 ratings,$7.50
CYAD,$47.01,1441379442606,100,100% bullish,of 1 rating,$87.50
CEMP,$33.4,1441379442738,"87,212",71% bullish,of 7 ratings,$52
CETX,$2.4588,1441379442766,"4,700",Not yet rated,NULL,$5.60
CETV,$2.098,1441379442793,"6,572",67% bullish,of 3 ratings,$2.80
CSFL,$13.71,1441379442928,"25,965",Not yet rated,NULL,$15
CFBK,NULL,1441379443003,0,Not yet rated,NULL,N/A
CENTA,$14.52,1441379443088,"29,759",Not yet rated,NULL,N/A
CENT,$14.22,1441379443132,"40,301",Not yet rated,NULL,$10
CENX,$5.2,1441379443163,"323,420",67% bullish,of 6 ratings,$9
CVCY,$11.54,1441379443234,198,Not yet rated,NULL,$12
CNTY,$5.8,1441379443345,"2,589",80% bullish,of 5 ratings,$7.75
CNBKA,$39.12,1441379443449,198,50% bullish,of 2 ratings,N/A
CERE,$1.131,1441379443478,"107,800",88% bullish,of 8 ratings,N/A
CRNT,$1.3899,1441379443504,"12,300",50% bullish,of 2 ratings,$2
CPHD,$49.495,1441379443525,"103,204",67% bearish,of 3 ratings,$66
CERN,$60.06,1441379443665,"119,630",67% bullish,of 3 ratings,$79
CERU,$4.17,1441379443722,"6,900",75% bullish,of 4 ratings,$14
CERS,$4.98,1441379443798,"93,583",75% bullish,of 4 ratings,$7
KOOL,$0.64,1441379443891,"14,510",100% bullish,of 5 ratings,$7
CEVA,$19.12,1441379444028,"4,624",100% bearish,of 1 rating,$25
CYOU,$18.61,1441379444084,"17,353",50% bullish,of 6 ratings,$24
HOTR,$1.32,1441379444121,"23,198",100% bullish,of 2 ratings,$5
HOTRW,$0.15,1441379444268,"10,650",Not yet rated,NULL,N/A
CTHR,$1.2601,1441379444323,"1,500",50% bullish,of 2 ratings,$2.50
GTLS,$23.22,1441379444396,"27,100",50% bullish,of 4 ratings,$40
CHTR,$182.03,1441379444455,"71,124",67% bearish,of 3 ratings,$202
CHFN,$12.08,1441379444590,"4,608",Not yet rated,NULL,$14
CHEKW,NULL,1441379444619,0,Not yet rated,NULL,N/A
CHKP,$77.51,1441379444641,"227,568",50% bullish,of 4 ratings,$92
CEMI,$4.18,1441379444675,"1,274",50% bullish,of 2 ratings,$7.50
CHEK,NULL,1441379444776,0,Not yet rated,NULL,$7.75
CCXI,$6.22,1441379444910,"7,102",67% bullish,of 3 ratings,$14
CHFC,$30.46,1441379444969,"15,697",100% bearish,of 1 rating,$36
CHMG,$26.14,1441379445127,100,Not yet rated,NULL,$30
CHKE,$25.51,1441379445152,"4,515",100% bearish,of 1 rating,$32.50
CHEV,$14.65,1441379445294,766,Not yet rated,NULL,N/A
CHMA,$27.95,1441379445352,"36,436",Not yet rated,NULL,$40
CMRX,$49.22,1441379445428,"44,644",50% bullish,of 2 ratings,$57
CADC,$3.34,1441379445457,400,78% bullish,of 9 ratings,N/A
CBNK,$16.78,1441379445482,200,100% bearish,of 1 rating,N/A
PLCE,$58.49,1441379445671,"22,451",100% bearish,of 1 rating,$69
CALI,NULL,1441379445749,0,67% bullish,of 3 ratings,N/A
CAAS,$5.993,1441379445776,929,93% bullish,of 14 ratings,$11.50
CCCL,NULL,1441379445968,0,100% bullish,of 6 ratings,N/A
CBPO,$94.1,1441379445993,"21,100",75% bullish,of 8 ratings,$140.50
CBAK,$2.0501,1441379446061,"64,087",67% bullish,of 9 ratings,N/A
CCCR,NULL,1441379446132,0,67% bearish,of 3 ratings,N/A
JRJC,$3.428,1441379446158,"11,420",82% bullish,of 11 ratings,N/A
CHOP,NULL,1441379446289,0,50% bullish,of 2 ratings,N/A
HGSH,$1.7101,1441379446315,201,67% bullish,of 3 ratings,N/A
CNIT,$1.14,1441379446448,"26,130",67% bullish,of 6 ratings,N/A
CHLN,$1.77,1441379446472,100,67% bullish,of 3 ratings,N/A
HTHT,$25.5,1441379446673,"13,152",50% bullish,of 2 ratings,$28.40
CJJD,$1.8,1441379446705,"1,000",100% bullish,of 1 rating,N/A
CHNR,NULL,1441379446726,0,100% bearish,of 1 rating,N/A
CREG,$0.64,1441379446764,"1,950",100% bullish,of 3 ratings,N/A
CPGI,$6.79,1441379446802,900,Not yet rated,NULL,N/A
CNTF,$0.8,1441379447024,"12,086",Not yet rated,NULL,N/A
CSUN,$1.363,1441379447049,135,80% bullish,of 5 ratings,N/A
CXDC,$6.0498,1441379447209,"13,618",67% bearish,of 3 ratings,N/A
CNYD,NULL,1441379447270,0,67% bullish,of 3 ratings,N/A
CCIH,$7.42,1441379447341,"35,776",67% bullish,of 6 ratings,$12.65
CNET,$0.83,1441379447372,"2,182",50% bullish,of 2 ratings,N/A
CHSCL,$27.23,1441379447399,"2,814",Not yet rated,NULL,N/A
IMOS,$19.51,1441379447473,"32,078",60% bullish,of 5 ratings,$21.50
CHSCM,$26.28,1441379447608,"2,490",Not yet rated,NULL,N/A
CHSCO,$28.409,1441379447790,368,Not yet rated,NULL,N/A
CHSCN,$27.0799,1441379447864,655,Not yet rated,NULL,N/A
CHDN,$133.175,1441379447923,"12,911",Not yet rated,NULL,$165
CHUY,$31.405,1441379448006,"19,170",50% bullish,of 2 ratings,$34
CDTX,$14.18,1441379448031,"2,885",Not yet rated,NULL,$22
CHSCP,NULL,1441379448052,0,Not yet rated,NULL,N/A
CMPR,$70.36,1441379448233,"19,582",50% bullish,of 2 ratings,$72.50
CIFC,$6.86,1441379448281,111,100% bearish,of 1 rating,N/A
CINF,$52.081,1441379448329,"74,371",50% bullish,of 4 ratings,$50.50
CMCT,NULL,1441379448354,0,100% bearish,of 1 rating,N/A
CPHR,$5.0663,1441379448484,500,100% bearish,of 1 rating,$17
CTAS,$84.25,1441379448562,"58,572",100% bearish,of 1 rating,$91
CIDM,$0.5898,1441379448588,"5,340",50% bullish,of 2 ratings,$2.10
CRUS,$29.89,1441379448719,"95,125",75% bullish,of 12 ratings,$44.50
CTRN,$25.93,1441379448798,"16,319",100% bearish,of 1 rating,$31.50
CSCO,$25.47,1441379448825,"4,408,000",83% bullish,of 210 ratings,$32
CZNC,$19.678,1441379449027,"2,253",Not yet rated,NULL,N/A
CTXS,$68.02,1441379449053,"178,906",86% bullish,of 7 ratings,$80
CZWI,$9,1441379449189,316,Not yet rated,NULL,N/A
CHCO,$47.02,1441379449250,"7,258",Not yet rated,NULL,$46
CZFC,NULL,1441379449287,0,Not yet rated,NULL,N/A
CIZN,NULL,1441379449324,0,Not yet rated,NULL,N/A
CIVB,$10.0001,1441379449356,"1,550",Not yet rated,NULL,$11
CLNE,$5.27,1441379449459,"149,207",80% bullish,of 15 ratings,$9
CIVBP,NULL,1441379449518,0,Not yet rated,NULL,N/A
CDTI,$1.58,1441379449565,"14,850",75% bullish,of 4 ratings,$3.20
CLFD,$17.13,1441379449774,"2,149",67% bullish,of 3 ratings,$18
CLRO,NULL,1441379449799,0,50% bullish,of 2 ratings,$14.25
CLNT,NULL,1441379449950,0,75% bullish,of 8 ratings,N/A
CSBK,$13.76,1441379449978,"6,982",Not yet rated,NULL,N/A
CLIR,$4.999,1441379450010,"16,150",100% bullish,of 3 ratings,N/A
CBLI,$4.116,1441379450040,"6,254",60% bullish,of 5 ratings,N/A
CLVS,$81.99,1441379450116,"54,586",60% bullish,of 5 ratings,$101.50
CMFN,$11.2787,1441379450142,"4,837",100% bearish,of 1 rating,$15.50
CME,$92.685,1441379450271,"276,641",67% bullish,of 3 ratings,$102
CCNE,$17,1441379450352,"3,009",50% bullish,of 2 ratings,$21.50
CISG,$7.87,1441379450442,"1,300",100% bullish,of 5 ratings,$10
CNV,$4.45,1441379450527,"11,584",50% bullish,of 2 ratings,$7.15
CWAY,$11.28,1441379450571,200,Not yet rated,NULL,N/A
COKE,$162.15,1441379450659,"1,968",79% bullish,of 19 ratings,N/A
COBZ,$12.76,1441379450706,"6,515",100% bullish,of 1 rating,$14
CDRB,$9.5501,1441379450929,"11,839",67% bullish,of 3 ratings,N/A
JVA,$4.6838,1441379450982,"3,500",83% bullish,of 6 ratings,$7
CVLY,NULL,1441379451008,0,Not yet rated,NULL,N/A
CDXS,$3.51,1441379451036,"16,072",64% bullish,of 11 ratings,$6
CCOI,$27.27,1441379451079,"30,936",50% bullish,of 4 ratings,$35
CGNX,$34.69,1441379451282,"48,153",50% bullish,of 2 ratings,$47
CGNT,$1.55,1441379451464,600,100% bullish,of 2 ratings,$2
COHR,$54.98,1441379451538,"13,051",50% bullish,of 2 ratings,$72
CTSH,$62.03,1441379451598,"306,799",90% bullish,of 10 ratings,$75
CLRX,$0.67,1441379451643,"6,404",50% bullish,of 2 ratings,N/A
COHU,$9.48,1441379451682,"5,653",100% bearish,of 1 rating,$14.25
CHRS,$25.58,1441379451775,"37,157",67% bearish,of 3 ratings,$37
CLCT,$17.82,1441379451967,"4,016",100% bearish,of 1 rating,N/A
COLL,$15.22,1441379452295,"3,670",100% bearish,of 1 rating,$26
COLB,$29.43,1441379452323,"15,362",Not yet rated,NULL,$36
CIGI,$42.535,1441379452359,"1,800",100% bearish,of 1 rating,$52
CBAN,NULL,1441379452395,0,Not yet rated,NULL,N/A
COLM,$61.72,1441379452422,"11,342",100% bearish,of 1 rating,$71
CLCD,$5.779,1441379452490,"17,731",100% bearish,of 1 rating,$20.50
CMCO,$18.735,1441379452518,"4,609",60% bullish,of 5 ratings,$28
CBMX,$1.122,1441379452578,"3,200",83% bullish,of 6 ratings,$3.15
CMCSA,$55.61,1441379452919,"1,465,219",66% bullish,of 35 ratings,$69.50
CBSH,$43.33,1441379452949,"37,865",50% bullish,of 2 ratings,$46
COMM,$32.63,1441379452982,"84,233",67% bearish,of 3 ratings,$35
CBSHP,$25.405,1441379453011,"1,545",100% bearish,of 1 rating,N/A
CMCSK,$56.68,1441379453083,"626,859",Not yet rated,NULL,$84
CSAL,$20.2,1441379453111,"71,385",75% bullish,of 4 ratings,$30
CVGI,$4.8001,1441379453137,"13,243",50% bullish,of 2 ratings,$6
CUBN,NULL,1441379453215,0,Not yet rated,NULL,N/A
ESXB,NULL,1441379453394,0,Not yet rated,NULL,N/A
CYHHZ,$0.0101,1441379453529,"6,600",100% bullish,of 1 rating,N/A
CVLT,$35.39,1441379453562,"131,930",75% bullish,of 4 ratings,$44.50
CTBI,$34.265,1441379453627,"3,504",Not yet rated,NULL,$36
JCS,$9.03,1441379453654,"1,000",67% bullish,of 3 ratings,N/A
CWBC,NULL,1441379453682,0,Not yet rated,NULL,N/A
COB,$10.26,1441379453714,"1,400",100% bullish,of 1 rating,$11.75
CIZ,$32.17,1441379453981,"1,100",100% bearish,of 1 rating,N/A
CDC,$33.8611,1441379454067,560,Not yet rated,NULL,N/A
CIL,NULL,1441379454120,0,Not yet rated,NULL,N/A
CID,$32.49,1441379454145,810,Not yet rated,NULL,N/A
CSA,NULL,1441379454178,0,Not yet rated,NULL,N/A
CFO,$34.84,1441379454281,"1,470",100% bearish,of 1 rating,N/A
CSF,$35.98,1441379454308,813,100% bearish,of 1 rating,N/A
CDL,$32.9207,1441379454439,587,Not yet rated,NULL,N/A
CFA,NULL,1441379454571,0,100% bearish,of 1 rating,N/A
CSB,NULL,1441379454595,0,Not yet rated,NULL,N/A
CPSI,$45.5099,1441379454634,"5,870",100% bearish,of 1 rating,$45.50
CTG,$6.53,1441379454764,687,100% bearish,of 1 rating,$8.50
SCOR,$47.285,1441379454813,"63,951",100% bearish,of 1 rating,$66
CGEN,$5,1441379454839,"15,836",50% bullish,of 2 ratings,$11
CHCI,$0.69,1441379455001,700,50% bullish,of 2 ratings,N/A
CMTL,$26.13,1441379455029,"2,326",100% bearish,of 2 ratings,$37
CNCE,$16.13,1441379455057,"12,719",75% bullish,of 4 ratings,$22
CNSI,$18.19,1441379455100,"9,951",100% bearish,of 2 ratings,$29
CNAT,$3.895,1441379455201,"19,200",83% bullish,of 6 ratings,$13
CCUR,$5.3,1441379455388,55,75% bullish,of 4 ratings,N/A
CXRX,$82.95,1441379455459,300,100% bearish,of 1 rating,$90
CDORO,NULL,1441379455525,0,100% bearish,of 1 rating,N/A
CDOR,$1.25,1441379455546,"3,600",100% bullish,of 1 rating,N/A
CDORP,$6.25,1441379455567,300,100% bearish,of 1 rating,N/A
CNFR,$10.06,1441379455627,12,Not yet rated,NULL,N/A
CFMS,$14.2576,1441379455698,"89,814",100% bearish,of 1 rating,$26.50
CNXR,$6.91,1441379455961,"13,353",100% bearish,of 1 rating,$12
CONN,$28.4,1441379455997,"76,272",67% bullish,of 3 ratings,$48.50
CNMD,$51,1441379456018,"14,900",Not yet rated,NULL,$59
CNOB,$18.83,1441379456039,"4,479",100% bullish,of 1 rating,$23.50
CTWS,$34.332,1441379456078,"1,322",100% bearish,of 1 rating,$44
CNSL,$19.39,1441379456103,"36,984",100% bearish,of 1 rating,$23
CWCO,$10.28,1441379456238,"18,253",67% bullish,of 3 ratings,$14.50
CTCT,$24.42,1441379456265,"38,760",67% bullish,of 3 ratings,$37
CFRX,$4.8499,1441379456420,100,Not yet rated,NULL,$14
CPSS,$5.53,1441379456465,"2,577",100% bullish,of 1 rating,$10
CFRXW,NULL,1441379456658,0,100% bearish,of 1 rating,N/A
CFRXZ,NULL,1441379456709,0,Not yet rated,NULL,N/A
CTRV,$3.43,1441379456736,"2,350",Not yet rated,NULL,$6.40
CTRL,$8.2289,1441379456791,"39,302",50% bullish,of 2 ratings,$11
CORT,$4.9,1441379456821,"80,561",67% bullish,of 3 ratings,$12
CRBP,$1.8501,1441379456868,"48,025",100% bullish,of 2 ratings,$6.25
BVA,NULL,1441379456924,0,50% bullish,of 2 ratings,N/A
CPRT,$34.76,1441379456949,"51,616",67% bearish,of 3 ratings,$40
CORE,$59.16,1441379457135,"17,121",100% bearish,of 1 rating,$72
CORI,$10.445,1441379457211,"13,160",100% bearish,of 1 rating,$18
CSOD,$36.46,1441379457239,"31,233",50% bullish,of 2 ratings,$42
CSGP,$176.18,1441379457369,"11,304",50% bullish,of 2 ratings,$235
CRVL,$30.55,1441379457419,"2,608",100% bearish,of 1 rating,N/A
COSI,$1.07,1441379457440,"1,200",100% bullish,of 1 rating,N/A
CPAH,NULL,1441379457582,0,50% bullish,of 2 ratings,N/A
COST,$139.06,1441379457613,"316,875",79% bullish,of 24 ratings,$154.50
CVTI,$22.84,1441379457652,"7,577",67% bearish,of 3 ratings,$39
ICBK,NULL,1441379457711,0,Not yet rated,NULL,$21
COWN,$5.035,1441379457742,"111,889",75% bullish,of 4 ratings,$7
COWNL,$26.62,1441379457814,113,Not yet rated,NULL,N/A
COVS,$2.51,1441379457923,"9,300",67% bullish,of 3 ratings,N/A
CPSH,$2.41,1441379457949,702,Not yet rated,NULL,N/A
CRAI,$23.35,1441379458032,"2,500",100% bearish,of 1 rating,$36
CBRL,$146.94,1441379458173,"22,097",50% bullish,of 2 ratings,$155
BREW,$7.66,1441379458202,"3,019",67% bullish,of 6 ratings,$15
CRAY,$20.87,1441379458304,"19,510",83% bullish,of 6 ratings,$38.50
CACC,$200,1441379458337,"16,083",50% bullish,of 2 ratings,$158.50
GLDI,NULL,1441379458436,0,100% bearish,of 1 rating,N/A
CREE,$25.96,1441379458463,"104,147",65% bullish,of 17 ratings,$29.50
SLVO,$10.08,1441379458488,237,100% bearish,of 1 rating,N/A
CRESY,$10.0601,1441379458621,"3,401",100% bearish,of 1 rating,$19
CROX,$14.11,1441379458686,"149,975",63% bullish,of 8 ratings,$16.50
CRTO,$37.24,1441379458712,"101,093",67% bullish,of 6 ratings,$64
CRDS,$1.132,1441379458847,"61,752",50% bullish,of 4 ratings,$3.375
CCRN,$14.19,1441379458876,"116,933",100% bearish,of 1 rating,$14.25
CRWS,$8.09,1441379458903,200,Not yet rated,NULL,$10
CRWN,$5.3099,1441379458985,"40,696",75% bullish,of 4 ratings,N/A
CYRX,$2.947,1441379459119,"7,278",Not yet rated,NULL,$9
CYRXW,$0.7501,1441379459153,"8,400",Not yet rated,NULL,N/A
CSGS,$29.97,1441379459204,"25,609",Not yet rated,NULL,$40
CCLP,$13.64,1441379459287,"17,123",67% bearish,of 3 ratings,$20
CTCM,$1.705,1441379459345,"14,325",80% bearish,of 5 ratings,$3.90
CSPI,$5.63,1441379459369,"3,078",67% bullish,of 3 ratings,N/A
CTIB,NULL,1441379459444,0,100% bearish,of 1 rating,N/A
CTIC,$1.54,1441379459502,"128,973",84% bullish,of 76 ratings,$5.75
CTRP,$64.375,1441379459528,"253,941",75% bullish,of 8 ratings,$92.50
CUI,$5.34,1441379459804,"5,309",50% bullish,of 2 ratings,$10
CPIX,$6.05,1441379459831,"1,913",Not yet rated,NULL,N/A
CUNB,$21.77,1441379459858,764,Not yet rated,NULL,$24.50
CMLS,$1.31,1441379459994,"25,155",50% bullish,of 4 ratings,$6
CUTR,$15.0012,1441379460019,"25,075",67% bearish,of 3 ratings,$18
CVV,$11.275,1441379460152,312,100% bullish,of 5 ratings,N/A
CVBF,$15.88,1441379460178,"24,494",Not yet rated,NULL,$18
CRIS,$2.56,1441379460241,"25,129",100% bullish,of 8 ratings,$6
CYBR,$47.22,1441379460313,"681,565",75% bullish,of 8 ratings,$68.50
CYAN,$6.43,1441379460343,950,100% bearish,of 1 rating,N/A
CYCC,$0.55,1441379460408,"12,192",73% bullish,of 11 ratings,N/A
CYBE,$6.8,1441379460440,"1,600",100% bearish,of 1 rating,N/A
CYBX,$64.81,1441379460536,"16,306",50% bullish,of 4 ratings,$71.50
CYCCP,$5.51,1441379460714,"1,504",100% bearish,of 1 rating,N/A
CBAY,$2.69,1441379460788,"5,200",100% bullish,of 1 rating,$4
CYNA,$16.0499,1441379460857,"1,533",50% bullish,of 2 ratings,$31.50
CYNO,$32.84,1441379460943,"39,421",67% bearish,of 3 ratings,$45.50
CY,$10.005,1441379461016,"353,526",80% bullish,of 10 ratings,$15.50
CONE,$31.81,1441379461100,"82,460",67% bearish,of 3 ratings,$35.50
CYRN,$1.6903,1441379461128,"6,020",67% bullish,of 3 ratings,$4
CYTK,$7.1799,1441379461155,"25,200",71% bullish,of 14 ratings,$13.50
CTSO,$7.15,1441379461180,"14,795",Not yet rated,NULL,$15.625
CYTR,$2.46,1441379461385,"76,505",67% bullish,of 6 ratings,$10
CYTX,$0.3673,1441379461445,"334,196",83% bullish,of 12 ratings,$5.50
TVIZ,$23.36,1441379461475,"1,400",100% bearish,of 1 rating,N/A
DAEG,$0.36,1441379461496,95,100% bearish,of 1 rating,N/A
TVIX,$16.5762,1441379461526,"4,286,093",81% bullish,of 16 ratings,N/A
XIV,$23.28,1441379461661,"6,052,863",75% bearish,of 4 ratings,N/A
ZIV,$35.2201,1441379461688,"15,450",Not yet rated,NULL,N/A
DJCO,$196.76,1441379461892,64,Not yet rated,NULL,N/A
DARA,$0.8292,1441379461944,"8,612",83% bullish,of 6 ratings,$1.50
DAKT,$8.34,1441379461973,"34,474",50% bullish,of 2 ratings,$12
DAIO,NULL,1441379461994,0,Not yet rated,NULL,N/A
DRAM,$1.3,1441379462077,"3,000",78% bullish,of 9 ratings,N/A
DTLK,$5.5359,1441379462137,"10,498",100% bearish,of 1 rating,$9
DTEA,$13.417,1441379462330,"5,990",100% bearish,of 2 ratings,$24
DWSN,$4.26,1441379462359,636,67% bullish,of 3 ratings,N/A
DWCH,$5.01,1441379462396,"3,027",75% bullish,of 4 ratings,$8.25
PLAY,$36.89,1441379462423,"49,842",100% bullish,of 5 ratings,$42
TRAK,$62.88,1441379462492,"145,938",50% bullish,of 2 ratings,$62.50
DBVT,$36.6,1441379462519,"26,160",100% bearish,of 1 rating,$53
DHRM,NULL,1441379462548,0,Not yet rated,NULL,N/A
DFRG,$14.3025,1441379462573,"12,333",100% bearish,of 1 rating,$20
TACOW,$4.736,1441379462865,"2,900",100% bullish,of 1 rating,N/A
DELTW,NULL,1441379463005,0,Not yet rated,NULL,N/A
DELT,$2.05,1441379463053,860,Not yet rated,NULL,N/A
TACO,$13,1441379463084,"5,360",75% bullish,of 4 ratings,$20
DCTH,$0.5,1441379463110,"337,376",78% bullish,of 9 ratings,N/A
DGAS,$20.3,1441379463140,44,67% bearish,of 3 ratings,N/A
DEPO,$26.3199,1441379463190,"63,457",60% bullish,of 5 ratings,$29
XRAY,$51.24,1441379463245,"179,310",100% bullish,of 1 rating,$58
DSCI,$6.15,1441379463378,"24,662",50% bullish,of 2 ratings,$16
DENN,$11.445,1441379463436,"71,453",100% bullish,of 3 ratings,$15
DERM,$25.27,1441379463543,"4,275",100% bearish,of 1 rating,$33.50
DXLG,$6.45,1441379463595,"22,394",100% bearish,of 1 rating,$8
DEST,$10.2,1441379463625,"3,807",50% bullish,of 2 ratings,N/A
DXM,$0.29,1441379463646,"28,020",50% bullish,of 2 ratings,N/A
DSWL,$1.5444,1441379463676,"1,800",100% bullish,of 1 rating,N/A
DXCM,$88.09,1441379463825,"62,947",57% bullish,of 7 ratings,$98
DHXM,NULL,1441379463975,0,100% bearish,of 1 rating,N/A
FANG,$66.73,1441379464063,"142,350",50% bullish,of 2 ratings,$86
DHIL,$188.95,1441379464089,500,Not yet rated,NULL,N/A
DMND,$30.45,1441379464118,"9,633",75% bullish,of 12 ratings,$32
DRNA,$10.81,1441379464222,"24,900",67% bearish,of 3 ratings,$25
DCIX,$1.6,1441379464285,"1,941",50% bullish,of 4 ratings,$3.50
DGII,$10.3,1441379464335,"3,806",100% bearish,of 1 rating,$11
DMRC,$38.12,1441379464470,"8,170",100% bearish,of 1 rating,$44
DRAD,$3.808,1441379464523,"3,532",100% bullish,of 1 rating,$5.25
DGLY,$7.27,1441379464553,"9,927",50% bullish,of 6 ratings,$20
APPS,$2.105,1441379464632,"14,916",100% bearish,of 1 rating,$10.25
DIOD,$22.46,1441379464658,"102,522",75% bearish,of 4 ratings,$24
DPRX,$13.6901,1441379464785,"10,605",100% bullish,of 2 ratings,$27.75
DCOM,$16.55,1441379464811,"6,465",100% bearish,of 2 ratings,$16
DISCB,NULL,1441379464998,0,100% bearish,of 1 rating,$35
DISCA,$26.91,1441379465031,"250,625",67% bullish,of 3 ratings,$34
DISH,$59.15,1441379465073,"310,993",69% bullish,of 13 ratings,$73
DSCO,$0.4507,1441379465130,"106,811",83% bullish,of 6 ratings,$2.75
DISCK,$25.6,1441379465154,"185,599",100% bearish,of 1 rating,$32
DLHC,$2.4928,1441379465334,100,100% bearish,of 1 rating,N/A
DVCR,NULL,1441379465366,0,100% bullish,of 1 rating,N/A
DNBF,$26,1441379465468,600,Not yet rated,NULL,$27.50
BAGR,$2.7682,1441379465500,"7,604",100% bearish,of 1 rating,$6
DLTR,$68.6522,1441379465532,"1,625,195",82% bullish,of 11 ratings,$85
DMLP,$14.69,1441379465572,"3,084",100% bearish,of 1 rating,N/A
DGICA,$13.92,1441379465601,"2,500",100% bearish,of 1 rating,$17
DGICB,NULL,1441379465627,0,100% bearish,of 1 rating,N/A
HILL,$9.69,1441379465937,"143,523",60% bearish,of 5 ratings,$9.75
DORM,$50.1,1441379465963,"44,659",100% bearish,of 1 rating,$56
DRWI,$0.2105,1441379465988,"74,023",60% bullish,of 5 ratings,$.45
DRWIW,$0.0401,1441379466166,"4,900",Not yet rated,NULL,N/A
DRYS,$0.4425,1441379466192,"338,371",77% bullish,of 31 ratings,$.60
DWA,$20.9,1441379466217,"62,679",63% bullish,of 8 ratings,$26
DSKX,$3.2808,1441379466245,"16,474",100% bullish,of 1 rating,N/A
DSPG,$8.9,1441379466376,"5,989",100% bearish,of 1 rating,$13.50
DNKN,$48.71,1441379466610,"101,275",67% bullish,of 15 ratings,$56.50
CADTW,NULL,1441379466637,0,Not yet rated,NULL,N/A
CADTR,NULL,1441379466669,0,Not yet rated,NULL,N/A
DTSI,$27.6,1441379466690,"11,968",100% bearish,of 2 ratings,$39.50
CADT,$10,1441379466722,200,Not yet rated,NULL,N/A
CADTU,NULL,1441379466773,0,Not yet rated,NULL,N/A
DRRX,$2.0825,1441379466919,"56,278",50% bullish,of 6 ratings,$3
DXPE,$29.55,1441379466946,"18,532",50% bullish,of 2 ratings,N/A
BOOM,$10.7,1441379467229,"45,139",67% bullish,of 3 ratings,$12
DYSL,$1.5,1441379467260,69,100% bullish,of 2 ratings,N/A
DYAX,$22.14,1441379467281,"83,050",89% bullish,of 9 ratings,$30
ETFC,$25.31,1441379467314,"657,449",57% bullish,of 14 ratings,$32.50
DYNT,NULL,1441379467345,0,75% bullish,of 4 ratings,N/A
DVAX,$28.22,1441379467371,"29,673",70% bullish,of 10 ratings,$40
EBMT,$11.5,1441379467446,300,Not yet rated,NULL,$13.50
EGLE,$6.51,1441379467693,"4,747",60% bullish,of 5 ratings,N/A
EGRX,$77.2801,1441379467721,"25,026",67% bullish,of 3 ratings,$97
EWBC,$38.89,1441379467742,"88,843",100% bearish,of 1 rating,$50
EGBN,$41.11,1441379467774,"5,949",Not yet rated,NULL,$48
EROC,$1.4702,1441379467795,"41,187",50% bullish,of 2 ratings,$3
ELNK,$8.55,1441379467925,"93,287",60% bullish,of 5 ratings,$9.50
EACQU,NULL,1441379467950,0,Not yet rated,NULL,N/A
EVBS,NULL,1441379468179,0,Not yet rated,NULL,$7
EML,$16.31,1441379468206,512,Not yet rated,NULL,N/A
EBIX,$27.63,1441379468336,"18,265",69% bullish,of 13 ratings,$40
ELON,$0.6001,1441379468361,"1,055",50% bullish,of 2 ratings,N/A
EBAY,$26.479,1441379468388,"1,746,562",81% bullish,of 117 ratings,$34
ECHO,$22.86,1441379468598,"31,364",67% bearish,of 3 ratings,$34.50
ECTE,$1.54,1441379468631,310,75% bullish,of 4 ratings,N/A
SATS,$43.52,1441379468659,"10,503",50% bullish,of 2 ratings,$60
ECACU,$10.1,1441379468724,5,Not yet rated,NULL,N/A
EEI,$11.86,1441379468750,300,67% bearish,of 3 ratings,N/A
ESES,NULL,1441379468827,0,100% bearish,of 1 rating,$7
EDAP,$3.5337,1441379468885,"1,658",60% bullish,of 5 ratings,$4.50
EDGW,$7.2899,1441379468970,112,100% bearish,of 1 rating,N/A
EDUC,$6.6563,1441379469111,"9,012",100% bearish,of 1 rating,N/A
EGLT,$13.055,1441379469216,"10,854",50% bullish,of 2 ratings,$21
EGAN,$3.64,1441379469245,300,50% bullish,of 2 ratings,$6.25
EFUT,$4.51,1441379469280,300,Not yet rated,NULL,N/A
EHTH,$14.8,1441379469321,"9,821",50% bullish,of 4 ratings,$17
EMITF,$1.2128,1441379469428,254,75% bullish,of 4 ratings,N/A
LOCO,$12.48,1441379469458,"118,994",69% bullish,of 13 ratings,$19.50
ESLT,$78.51,1441379469560,982,67% bullish,of 3 ratings,N/A
ERI,$9.1901,1441379469689,"12,568",100% bearish,of 1 rating,$10
ESIO,$4.5,1441379469744,"12,961",50% bullish,of 2 ratings,$10
ELRC,$10.53,1441379469769,"1,570",100% bearish,of 1 rating,N/A
EA,$65.91,1441379469795,"419,457",78% bullish,of 36 ratings,$80
EFII,$43.17,1441379469938,"7,066",80% bullish,of 5 ratings,$55
ELEC,NULL,1441379470066,0,Not yet rated,NULL,N/A
ELSE,NULL,1441379470114,0,60% bullish,of 5 ratings,N/A
ELECU,NULL,1441379470145,0,Not yet rated,NULL,N/A
ELECW,NULL,1441379470175,0,Not yet rated,NULL,N/A
RDEN,$11.308,1441379470244,"10,278",100% bearish,of 4 ratings,$15
EBIO,$3.34,1441379470273,"82,187",100% bearish,of 2 ratings,$8.35
ESBK,NULL,1441379470349,0,Not yet rated,NULL,N/A
CAPX,NULL,1441379470377,0,Not yet rated,NULL,N/A
LONG,$17.03,1441379470531,"9,416",67% bullish,of 3 ratings,$15.75
EMCI,$21.86,1441379470660,"2,874",Not yet rated,NULL,N/A
EMMS,$1.3001,1441379470756,"13,482",67% bullish,of 6 ratings,N/A
EMMSP,NULL,1441379470802,0,100% bearish,of 1 rating,N/A
ELTK,$1.3199,1441379470828,"8,382",67% bearish,of 3 ratings,N/A
EMCF,NULL,1441379470862,0,100% bearish,of 1 rating,N/A
EMKR,$6.83,1441379470888,"13,638",75% bullish,of 4 ratings,$8.50
NYNY,$4.3201,1441379470965,"4,926",50% bullish,of 2 ratings,N/A
ERS,$3,1441379471017,"3,046",Not yet rated,NULL,N/A
ENTA,$38.73,1441379471068,"25,850",50% bullish,of 2 ratings,$42
WIRE,$32,1441379471268,"12,406",100% bearish,of 1 rating,$37
ENDP,$73.49,1441379471310,"258,099",50% bullish,of 6 ratings,$101.50
ECYT,$5.08,1441379471372,"38,024",83% bullish,of 6 ratings,$12
ECPG,$37.99,1441379471398,"27,744",100% bullish,of 2 ratings,$52
ELGX,$12.81,1441379471473,"61,165",75% bullish,of 4 ratings,$17
EIGI,$14.9,1441379471532,"19,884",67% bearish,of 3 ratings,$22.50
WATT,$6.815,1441379471576,"22,139",50% bullish,of 2 ratings,$13
EFOI,$24.785,1441379471716,"126,469",50% bullish,of 2 ratings,$24.50
ERII,$2.54,1441379471744,"1,493",80% bullish,of 5 ratings,$2.50
EXXI,$1.76,1441379471765,"260,974",86% bullish,of 7 ratings,$3.50
ENG,$1.05,1441379471806,43,100% bullish,of 3 ratings,N/A
ENPH,$4.5,1441379472032,"201,625",75% bullish,of 4 ratings,$10
ENOC,$8.8,1441379472058,"15,219",75% bullish,of 4 ratings,$18
ESGR,$149.61,1441379472107,"7,475",100% bearish,of 1 rating,$185
ENFC,$17.4,1441379472133,100,Not yet rated,NULL,N/A
ETRM,$0.2802,1441379472265,"226,252",69% bearish,of 35 ratings,$1.625
ENTG,$13.4528,1441379472291,"35,431",100% bearish,of 1 rating,$18
ENTL,$21.52,1441379472366,"122,631",Not yet rated,NULL,$28
EGT,NULL,1441379472573,0,100% bullish,of 1 rating,N/A
ENVI,$1.8503,1441379472617,"582,866",67% bullish,of 3 ratings,N/A
EFSC,$23.53,1441379472647,"3,202",Not yet rated,NULL,$27
ENZY,$10.21,1441379472677,"8,598",67% bullish,of 3 ratings,$9.50
ENZN,$0.9903,1441379472702,"19,514",100% bullish,of 9 ratings,N/A
EBTC,$20.9,1441379472730,311,Not yet rated,NULL,N/A
EPIQ,$12.542,1441379472780,"3,750",100% bearish,of 1 rating,$18
EPRS,$5.16,1441379473038,"7,126",82% bullish,of 11 ratings,$15
EPZM,$19.73,1441379473069,"81,742",60% bullish,of 5 ratings,$34
PLUS,$73.3,1441379473169,"15,182",50% bullish,of 2 ratings,$88
EQFN,NULL,1441379473194,0,100% bearish,of 1 rating,N/A
EQIX,$270.64,1441379473219,"110,368",75% bullish,of 4 ratings,$312.50
ERIC,$9.57,1441379473254,"294,119",67% bullish,of 9 ratings,$12.20
EAC,$3.48,1441379473351,"1,427",100% bearish,of 1 rating,$8
ERIE,$80.25,1441379473485,"1,176",Not yet rated,NULL,$73
ESCA,$17.69,1441379473513,"1,578",100% bearish,of 1 rating,$22
ESCR,$0.258,1441379473555,"153,046",50% bullish,of 2 ratings,N/A
ESCRP,$1.2699,1441379473585,"4,568",100% bearish,of 1 rating,N/A
ESPR,$45.06,1441379473681,"184,674",70% bearish,of 10 ratings,$115
ESMC,$1.29,1441379473710,609,Not yet rated,NULL,N/A
ESSA,$12.87,1441379473749,600,100% bearish,of 1 rating,N/A
ESND,$33.76,1441379473918,"10,344",100% bearish,of 2 ratings,$40
EPIX,NULL,1441379473978,0,Not yet rated,NULL,N/A
ESSX,NULL,1441379474178,0,50% bullish,of 2 ratings,N/A
ESEA,$4.4,1441379474207,"1,299",100% bullish,of 1 rating,$15
EEFT,$65.25,1441379474235,"24,603",100% bearish,of 1 rating,$67.50
ETSY,$14.165,1441379474264,"70,796",80% bullish,of 5 ratings,$16
CLWT,NULL,1441379474289,0,100% bearish,of 1 rating,N/A
EVEP,$7.63,1441379474370,"142,515",50% bullish,of 2 ratings,$15
EVLV,$2.635,1441379474541,"14,364",60% bullish,of 5 ratings,$4.625
EVK,$3.461,1441379474611,200,75% bearish,of 4 ratings,N/A
EVOL,$5.69,1441379474636,"2,900",75% bullish,of 4 ratings,$10
EXEL,$5.64,1441379474777,"772,848",81% bullish,of 16 ratings,$6
EXAS,$20.85,1441379474834,"107,008",78% bullish,of 9 ratings,$31
EXAC,$19,1441379474858,"2,570",100% bearish,of 1 rating,$22.50
EXA,$10.4,1441379474921,"1,517",100% bearish,of 1 rating,$13
EVOK,$3.558,1441379474948,"9,552",100% bearish,of 1 rating,$13.375
EXFO,$2.83,1441379475153,180,67% bearish,of 3 ratings,$3.95
EXLS,$36.01,1441379475196,"7,357",50% bullish,of 2 ratings,$41
EXPD,$48.27,1441379475293,"598,958",80% bullish,of 5 ratings,$52
EXPO,$42.36,1441379475324,"4,792",100% bearish,of 1 rating,$45.50
ESRX,$83.405,1441379475395,"467,608",67% bearish,of 6 ratings,$101
EXPE,$110.995,1441379475420,"107,879",64% bullish,of 11 ratings,$130
EXLP,$18.46,1441379475466,"19,867",100% bearish,of 1 rating,$25
EXTR,$3.14,1441379475598,"62,871",80% bullish,of 5 ratings,$3
EYEGW,NULL,1441379475628,0,Not yet rated,NULL,N/A
EYEG,NULL,1441379475689,0,Not yet rated,NULL,N/A
EZCH,$22.7749,1441379475732,"27,141",75% bullish,of 8 ratings,$19
EZPW,$5.881,1441379475840,"22,445",50% bullish,of 4 ratings,$7
FB,$87.077,1441379475936,"6,582,631",73% bullish,of 1074 ratings,$111
FFIV,$119.788,1441379475962,"147,534",63% bullish,of 8 ratings,$132
FCS,$13.51,1441379476094,"132,370",67% bearish,of 3 ratings,$17
FWM,$2.25,1441379476171,"4,919",100% bearish,of 2 ratings,$3.20
FRP,$15.37,1441379476228,"6,764",100% bearish,of 1 rating,$18
FALC,$1.6755,1441379476257,"8,790",63% bearish,of 8 ratings,N/A
DAVE,$15,1441379476364,"6,114",100% bearish,of 1 rating,$15.50
FFKT,$25.23,1441379476390,"1,870",Not yet rated,NULL,$29
FARM,$22.881,1441379476419,"2,419",100% bearish,of 1 rating,$35
FMNB,$8.18,1441379476518,"1,300",Not yet rated,NULL,N/A
FAST,$37.56,1441379476545,"313,265",80% bullish,of 5 ratings,$43
FARO,$36.78,1441379476574,"12,930",50% bullish,of 2 ratings,$48
FATE,$6.03,1441379476736,"1,000",50% bullish,of 2 ratings,$11
FBSS,NULL,1441379476917,0,Not yet rated,NULL,N/A
FDML,$8.16,1441379476980,"62,562",50% bullish,of 4 ratings,$14
FBRC,$21.83,1441379477001,"3,733",100% bearish,of 1 rating,$29
FNHC,$21.66,1441379477030,"3,156",100% bearish,of 1 rating,$35
FHCO,$1.3898,1441379477086,"1,615",50% bullish,of 4 ratings,N/A
FENX,$9.5,1441379477216,"13,989",100% bullish,of 1 rating,$14.25
FEIC,$74.58,1441379477241,"26,466",50% bullish,of 2 ratings,$95.50
FGEN,$22.85,1441379477287,"30,934",100% bearish,of 1 rating,$39
ONEQ,$184.7288,1441379477416,"10,471",100% bullish,of 1 rating,N/A
FCSC,$5.58,1441379477445,"20,880",100% bearish,of 1 rating,$8.125
FDUS,$14.4024,1441379477478,"6,941",50% bullish,of 2 ratings,$18
LION,$19.1901,1441379477519,"5,008",100% bullish,of 1 rating,$20
FRGI,$51.91,1441379477576,"9,021",50% bullish,of 2 ratings,$70
FSAM,$7.52,1441379477657,"3,427",100% bearish,of 1 rating,$10.25
FSC,$6.54,1441379477730,"64,119",60% bullish,of 5 ratings,$8
FSCFL,NULL,1441379477985,0,Not yet rated,NULL,N/A
FSFR,$8.804,1441379478022,"6,061",100% bearish,of 1 rating,$11.50
FITBI,$27.38,1441379478118,"2,271",Not yet rated,NULL,N/A
FNSR,$15.15,1441379478172,"143,820",71% bullish,of 7 ratings,$24
FNGN,$30.46,1441379478193,"42,820",67% bullish,of 3 ratings,$47
FISI,$24.16,1441379478247,"1,792",100% bullish,of 2 ratings,$24.50
FNJN,$1.81,1441379478328,600,100% bearish,of 1 rating,$5
FNTCU,NULL,1441379478428,0,Not yet rated,NULL,N/A
FNTC,NULL,1441379478464,0,Not yet rated,NULL,N/A
FEYE,$37.29,1441379478594,"1,343,981",88% bullish,of 16 ratings,$55.50
FNTCW,NULL,1441379478621,0,Not yet rated,NULL,N/A
FITB,$19.14,1441379478691,"617,723",54% bullish,of 13 ratings,$22
FBNC,$16.66,1441379478776,"1,104",100% bullish,of 1 rating,$20
FNLC,$18.61,1441379478957,792,100% bullish,of 1 rating,N/A
FRBA,NULL,1441379478987,0,Not yet rated,NULL,$8
FBIZ,$22.47,1441379479050,"3,788",100% bearish,of 2 ratings,$26
BUSE,$6.28,1441379479087,"8,158",Not yet rated,NULL,$6.875
FCAP,$26.5,1441379479217,100,Not yet rated,NULL,N/A
FCVA,NULL,1441379479248,0,Not yet rated,NULL,N/A
FCNCA,$227.75,1441379479306,893,Not yet rated,NULL,N/A
FCFS,$39.04,1441379479347,"6,235",100% bearish,of 3 ratings,$47
FCBC,$17,1441379479408,"1,200",Not yet rated,NULL,$18
FCLF,$9.2,1441379479481,200,Not yet rated,NULL,N/A
FCFP,$6.81,1441379479615,4,Not yet rated,NULL,N/A
FBNK,$15.76,1441379479758,"11,816",100% bearish,of 1 rating,$17.50
FCCO,$12.35,1441379479784,200,Not yet rated,NULL,$13.25
FDEF,$36.42,1441379479813,600,Not yet rated,NULL,$38
FFBC,$18.11,1441379479918,"27,198",67% bearish,of 3 ratings,$20.25
FFNM,NULL,1441379479974,0,Not yet rated,NULL,N/A
FFBCW,NULL,1441379480005,0,100% bearish,of 1 rating,N/A
THFF,$32.2,1441379480106,"3,298",Not yet rated,NULL,$35
FFIN,$29.66,1441379480209,"12,806",50% bullish,of 2 ratings,$31.75
INBK,$29.194,1441379480276,"3,175",50% bullish,of 2 ratings,$37
FFNW,$12.2,1441379480346,"3,491",Not yet rated,NULL,$14
FIBK,$26.3001,1441379480371,"18,512",Not yet rated,NULL,$32
FFWM,$21.2,1441379480503,"1,900",Not yet rated,NULL,$24
FRME,$25.8799,1441379480565,"12,449",Not yet rated,NULL,$26.50
FMBH,$22.28,1441379480660,329,Not yet rated,NULL,N/A
FMBI,$17.28,1441379480824,"44,813",Not yet rated,NULL,$20
FNBC,$33.98,1441379480849,"10,619",Not yet rated,NULL,$40
FNWB,$12.15,1441379480903,"5,360",Not yet rated,NULL,N/A
FNFG,$8.99,1441379480928,"208,642",80% bullish,of 5 ratings,$9
FSLR,$47.355,1441379481104,"225,008",72% bullish,of 39 ratings,$65
FSGI,$2.48,1441379481163,"7,166",Not yet rated,NULL,N/A
FSFG,NULL,1441379481233,0,Not yet rated,NULL,N/A
BICK,NULL,1441379481302,0,100% bullish,of 1 rating,N/A
FSBK,$7.79,1441379481332,954,100% bullish,of 1 rating,N/A
FBZ,NULL,1441379481358,0,Not yet rated,NULL,N/A
FCAN,NULL,1441379481433,0,Not yet rated,NULL,N/A
FTCS,$35.769,1441379481497,"2,407",100% bearish,of 1 rating,N/A
FCA,$18.76,1441379481560,15,Not yet rated,NULL,N/A
FV,$22.91,1441379481737,"251,309",100% bearish,of 1 rating,N/A
IFV,$17.23,1441379481762,"68,239",100% bearish,of 1 rating,N/A
FEMB,NULL,1441379481790,0,Not yet rated,NULL,N/A
FTSM,$59.95,1441379481921,"14,489",100% bearish,of 1 rating,N/A
TDIV,$24.3799,1441379481979,"10,661",100% bearish,of 1 rating,N/A
MDIV,$18.8946,1441379482029,"40,048",Not yet rated,NULL,N/A
FEUZ,NULL,1441379482054,0,Not yet rated,NULL,N/A
HYLS,$49.6301,1441379482244,"3,531",100% bearish,of 1 rating,N/A
FTHI,$19.23,1441379482270,102,Not yet rated,NULL,N/A
FGM,$34.8,1441379482302,346,Not yet rated,NULL,N/A
FTGC,$22.41,1441379482399,"10,806",Not yet rated,NULL,N/A
FHK,$32.12,1441379482428,200,Not yet rated,NULL,N/A
FPXI,$26.55,1441379482482,100,Not yet rated,NULL,N/A
YDIV,$16.0973,1441379482536,"2,642",Not yet rated,NULL,N/A
SKYY,$28.17,1441379482638,"13,788",100% bullish,of 1 rating,N/A
PLTM,$6.1001,1441379482801,200,100% bearish,of 1 rating,N/A
FJP,$44.73,1441379482829,"35,658",Not yet rated,NULL,N/A
CU,$12.43,1441379482905,"5,264",100% bearish,of 1 rating,N/A
FTLB,$19.06,1441379483002,1,100% bearish,of 1 rating,N/A
QABA,$36.88,1441379483031,"3,408",100% bearish,of 1 rating,N/A
LMBS,NULL,1441379483058,0,Not yet rated,NULL,N/A
FMB,$51.26,1441379483078,472,Not yet rated,NULL,N/A
CIBR,$17.41,1441379483215,"10,537",Not yet rated,NULL,N/A
GRID,$30.99,1441379483374,"1,600",100% bearish,of 1 rating,N/A
QCLN,$15.09,1441379483398,"37,377",Not yet rated,NULL,N/A
CARZ,$33.73,1441379483474,"4,158",100% bearish,of 1 rating,N/A
RDVY,$20.6001,1441379483576,100,Not yet rated,NULL,N/A
QQEW,$41.0399,1441379483603,"7,438",Not yet rated,NULL,N/A
QQXT,$39.77,1441379483630,"7,144",Not yet rated,NULL,N/A
FONE,$34.67,1441379483654,10,Not yet rated,NULL,N/A
QTEC,$39.36,1441379483886,"17,218",Not yet rated,NULL,N/A
QINC,NULL,1441379483918,0,Not yet rated,NULL,N/A
AIRR,$16.31,1441379484022,"1,546",100% bearish,of 1 rating,N/A
FKO,NULL,1441379484049,0,Not yet rated,NULL,N/A
FTSL,$48.8368,1441379484083,"4,323",100% bearish,of 1 rating,N/A
FSZ,$38,1441379484107,328,Not yet rated,NULL,N/A
FDIV,$47.05,1441379484132,"1,137",100% bearish,of 1 rating,N/A
FTW,NULL,1441379484276,0,Not yet rated,NULL,N/A
TUSA,$24.5,1441379484372,"16,524",Not yet rated,NULL,N/A
FKU,$40.605,1441379484472,"15,907",Not yet rated,NULL,N/A
SVVC,$9.05,1441379484507,"6,406",50% bullish,of 2 ratings,$26
FUNC,NULL,1441379484603,0,Not yet rated,NULL,N/A
FMER,$17.25,1441379484628,"108,760",50% bullish,of 2 ratings,$20
FISV,$84.6,1441379484656,"145,234",100% bearish,of 3 ratings,$90
FSV,$31.965,1441379484691,"1,512",Not yet rated,NULL,$33.60
FIVE,$34.24,1441379484858,"273,405",75% bearish,of 4 ratings,$43.50
FPRX,$19.41,1441379484954,"42,675",50% bullish,of 2 ratings,$35
FIVN,$3.75,1441379484988,"19,838",100% bullish,of 1 rating,$8.50
FLML,$22.28,1441379485090,"23,582",50% bullish,of 2 ratings,$30
FLKS,$11.48,1441379485111,"10,052",50% bullish,of 2 ratings,$27
SKOR,$50.52,1441379485185,"1,500",Not yet rated,NULL,N/A
FLXN,$25.85,1441379485257,"9,748",100% bearish,of 1 rating,$40
MBSD,$24.94,1441379485282,"1,399",Not yet rated,NULL,N/A
FLEX,$10.33,1441379485434,"255,530",63% bullish,of 8 ratings,$12
FLIR,$28.05,1441379485564,"90,025",100% bearish,of 2 ratings,$38.50
FLDM,$10.98,1441379485613,"25,792",67% bearish,of 3 ratings,$15
FFIC,$19.32,1441379485638,"7,984",Not yet rated,NULL,$20.50
FLXS,$31.265,1441379485665,"1,596",100% bearish,of 2 ratings,N/A
FOGO,$19.065,1441379485693,"3,307",50% bullish,of 2 ratings,$25.50
FOMX,$9.77,1441379485718,"6,957",50% bullish,of 2 ratings,$23.50
FES,$0.93,1441379485854,610,50% bullish,of 2 ratings,$1
FONR,$9.8099,1441379485905,"9,288",100% bullish,of 1 rating,N/A
FORM,$6.59,1441379486045,"7,259",67% bullish,of 3 ratings,$10.50
FORR,$30.87,1441379486150,"6,151",Not yet rated,NULL,N/A
FTNT,$41.9,1441379486196,"102,948",80% bullish,of 10 ratings,$52
FORTY,NULL,1441379486221,0,100% bearish,of 1 rating,N/A
FBIO,$2.58,1441379486297,"36,300",83% bullish,of 6 ratings,N/A
FWRD,$43.83,1441379486494,"14,605",100% bearish,of 1 rating,$50
FORD,$1.62,1441379486527,"844,983",67% bullish,of 3 ratings,N/A
FOSL,$60.31,1441379486556,"44,310",60% bearish,of 5 ratings,$80
FWP,$25.39,1441379486629,"22,404",100% bearish,of 1 rating,$45
FOXF,$15.18,1441379486685,"3,140",100% bearish,of 1 rating,$19
FMI,$23.45,1441379486758,"10,938",100% bearish,of 2 ratings,$27.50
FRAN,$12.33,1441379486819,"131,525",50% bullish,of 4 ratings,$15
FXCB,$17.165,1441379486849,"1,026",Not yet rated,NULL,$19
FELE,$27.59,1441379486949,"9,545",50% bullish,of 4 ratings,$33
FREE,$0.3551,1441379487043,"237,393",92% bullish,of 12 ratings,N/A
FRED,$12.7025,1441379487072,"17,528",50% bullish,of 2 ratings,$15.50
RAIL,$20.09,1441379487209,"17,505",100% bearish,of 1 rating,$24.50
FEIM,$10.9919,1441379487259,"4,777",100% bearish,of 1 rating,N/A
FRPT,$12.33,1441379487339,"45,219",67% bearish,of 3 ratings,$23.50
FTR,$5.41,1441379487388,"2,654,007",78% bullish,of 27 ratings,$6.25
FRPH,$31.21,1441379487418,311,100% bearish,of 1 rating,N/A
FTRPR,$105.86,1441379487473,700,100% bearish,of 1 rating,N/A
FSYS,$6.33,1441379487655,"85,999",67% bullish,of 3 ratings,$8.50
FTD,$29.788,1441379487698,"6,166",100% bearish,of 1 rating,$40
FTEK,$2.08,1441379487762,"1,964",75% bullish,of 4 ratings,N/A
FSBW,$22.97,1441379487787,200,Not yet rated,NULL,N/A
FCEL,$0.8601,1441379487916,"126,060",88% bullish,of 41 ratings,$2.65
FULLL,$25.15,1441379487942,"2,000",Not yet rated,NULL,N/A
FULL,$3.1043,1441379488082,"7,299",67% bearish,of 3 ratings,$4.25
FLL,$1.47,1441379488111,"4,158",75% bullish,of 4 ratings,$3.50
FULT,$11.74,1441379488172,"59,167",100% bearish,of 1 rating,$13
FSNN,NULL,1441379488212,0,67% bullish,of 3 ratings,$6
FFHL,NULL,1441379488241,0,50% bullish,of 4 ratings,N/A
FXEN,$0.988,1441379488349,"1,147",75% bullish,of 4 ratings,$1.10
GK,$67.05,1441379488479,"5,026",Not yet rated,NULL,$78
FXENP,NULL,1441379488508,0,100% bearish,of 1 rating,N/A
WILC,$5,1441379488566,760,100% bullish,of 2 ratings,N/A
GAIA,$5.92,1441379488619,"5,117",50% bullish,of 2 ratings,$8.50
GLPG,$57.38,1441379488646,"3,469",100% bullish,of 1 rating,$75
GALT,$2.06,1441379488726,"3,100",80% bullish,of 5 ratings,N/A
GALTU,NULL,1441379488891,0,100% bearish,of 1 rating,N/A
GALE,$1.5899,1441379489021,"239,845",89% bullish,of 47 ratings,$4
GLPI,$30.71,1441379489108,"56,870",100% bearish,of 1 rating,$37.50
GALTW,NULL,1441379489133,0,100% bullish,of 1 rating,N/A
GRMN,$36.68,1441379489165,"110,751",50% bullish,of 6 ratings,$46.50
GLMD,$8.355,1441379489196,"6,270",67% bullish,of 3 ratings,$20.50
GPIC,$9.92,1441379489266,200,100% bearish,of 1 rating,N/A
GGACR,$0.24,1441379489291,"23,800",100% bullish,of 1 rating,N/A
GGAC,NULL,1441379489335,0,100% bearish,of 1 rating,N/A
GGACU,$10.27,1441379489575,300,Not yet rated,NULL,N/A
GARS,$14.6009,1441379489659,"10,556",Not yet rated,NULL,$16
GGACW,$0.1501,1441379489731,200,Not yet rated,NULL,N/A
GENC,$9,1441379489791,200,100% bearish,of 1 rating,N/A
GFN,$3.87,1441379489816,"3,143",100% bearish,of 2 ratings,$8
GFNCP,NULL,1441379489865,0,Not yet rated,NULL,N/A
GNCMA,$16.87,1441379489890,"32,459",100% bearish,of 1 rating,$12
GENE,$2.3,1441379490045,"17,284",100% bullish,of 12 ratings,N/A
GFNSL,$25.72,1441379490084,367,Not yet rated,NULL,N/A
GNMK,$9.5,1441379490110,"12,485",67% bullish,of 6 ratings,$14
GHDX,$25.69,1441379490246,"10,340",50% bullish,of 2 ratings,$30
GNTX,$15.78,1441379490295,"748,273",Not yet rated,NULL,$20
GNCA,$11.02,1441379490322,"35,637",100% bearish,of 1 rating,$20
THRM,$44.78,1441379490343,"27,746",75% bearish,of 4 ratings,$55.50
GNVC,$2.47,1441379490478,"1,119",90% bullish,of 10 ratings,$8.50
GTWN,$17.85,1441379490509,277,Not yet rated,NULL,N/A
GEOS,$16.795,1441379490670,"15,459",100% bearish,of 3 ratings,$21
GABC,$28.75,1441379490748,"1,972",Not yet rated,NULL,$31.50
GIGM,$0.53,1441379490779,"2,900",100% bullish,of 2 ratings,N/A
GEVO,$2.2399,1441379490807,"96,470",75% bullish,of 12 ratings,$5
GERN,$3.35,1441379490852,"866,945",88% bullish,of 17 ratings,$5.25
ROCK,$16.24,1441379490879,"26,385",80% bullish,of 5 ratings,$24
GIGA,$1.322,1441379491140,"120,138",100% bearish,of 1 rating,N/A
GIII,$70.58,1441379491170,"66,366",67% bullish,of 3 ratings,$79
GILT,$4.17,1441379491238,"1,800",50% bullish,of 2 ratings,N/A
GILD,$102.15,1441379491303,"2,019,019",91% bullish,of 88 ratings,$129
GOOD,$13.95,1441379491400,"15,774",Not yet rated,NULL,$19
GLADO,$25.58,1441379491427,100,Not yet rated,NULL,N/A
GBCI,$25.77,1441379491455,"18,136",50% bullish,of 2 ratings,$31
GLAD,$8.73,1441379491480,"19,006",50% bullish,of 2 ratings,$8.75
GOODO,NULL,1441379491735,0,Not yet rated,NULL,N/A
GOODP,NULL,1441379491808,0,Not yet rated,NULL,N/A
GOODN,$25.61,1441379491888,200,Not yet rated,NULL,N/A
GAINN,$25.16,1441379491916,"37,910",Not yet rated,NULL,N/A
GAINO,NULL,1441379491948,0,Not yet rated,NULL,N/A
GAIN,$7.4762,1441379491970,"16,162",100% bullish,of 2 ratings,$8.25
LAND,$9.09,1441379492056,"3,962",50% bullish,of 2 ratings,$13.75
GAINP,$25.5944,1441379492228,"2,806",Not yet rated,NULL,N/A
ENT,$11.06,1441379492381,"39,903",100% bearish,of 1 rating,$18
GBT,$52.37,1441379492409,"9,607",100% bearish,of 1 rating,N/A
GPACU,NULL,1441379492436,0,Not yet rated,NULL,N/A
GDEF,NULL,1441379492461,0,Not yet rated,NULL,N/A
GBLI,$26.82,1441379492488,"3,433",Not yet rated,NULL,N/A
GLBZ,NULL,1441379492508,0,Not yet rated,NULL,N/A
ACTX,NULL,1441379492846,0,100% bullish,of 1 rating,N/A
SOCL,$17.145,1441379492880,"8,666",100% bullish,of 2 ratings,N/A
YLCO,NULL,1441379492909,0,Not yet rated,NULL,N/A
SRET,$12.9,1441379492934,151,Not yet rated,NULL,N/A
ALTY,NULL,1441379492963,0,Not yet rated,NULL,N/A
GSOL,$8.32,1441379492988,"1,216",100% bearish,of 1 rating,N/A
QQQC,$18.478,1441379493013,"1,305",100% bearish,of 1 rating,N/A
GAI,$6.16,1441379493229,"2,814",50% bullish,of 2 ratings,N/A
GLBS,NULL,1441379493386,0,67% bullish,of 3 ratings,N/A
GBIM,$2.86,1441379493422,"10,684",50% bullish,of 2 ratings,N/A
GLUU,$4.36,1441379493522,"160,765",92% bullish,of 26 ratings,$9
GLRI,$1.05,1441379493548,"6,400",100% bearish,of 1 rating,$4.25
GLYC,$7,1441379493579,"1,300",50% bullish,of 2 ratings,$14
GSM,$13.81,1441379493602,"86,790",50% bullish,of 2 ratings,$22
GOGO,$15.6889,1441379493682,"109,840",80% bullish,of 5 ratings,$25
GLNG,$38.52,1441379493758,"189,230",83% bullish,of 6 ratings,$55.50
GDEN,NULL,1441379494009,0,50% bullish,of 2 ratings,N/A
GMLP,$20.8,1441379494041,"16,965",50% bullish,of 4 ratings,$29
GOGL,$2.95,1441379494067,"112,921",75% bullish,of 4 ratings,$5
GLDC,$4.0393,1441379494088,322,50% bullish,of 2 ratings,N/A
GBDC,$17.03,1441379494138,"27,767",Not yet rated,NULL,$17.75
GOOG,$597.91,1441379494231,"311,475",86% bullish,of 74 ratings,$787.50
GTIM,$6.6401,1441379494291,"2,026",Not yet rated,NULL,$11.50
GPIA,NULL,1441379494585,0,100% bearish,of 1 rating,N/A
GMAN,$3.7,1441379494619,"4,967",60% bullish,of 5 ratings,$8.50
GOOGL,$628.22,1441379494641,"324,950",88% bullish,of 1082 ratings,$749
GPRO,$38.43,1441379494672,"3,867,728",78% bullish,of 59 ratings,$72
GPIAU,NULL,1441379494717,0,Not yet rated,NULL,N/A
GPIAW,NULL,1441379494743,0,Not yet rated,NULL,N/A
GBSN,$0.1799,1441379494819,"3,049,359",50% bullish,of 2 ratings,$8.25
LOPE,$37,1441379494877,"30,494",100% bearish,of 2 ratings,$50
GRVY,NULL,1441379495092,0,50% bullish,of 2 ratings,N/A
GBSNU,NULL,1441379495116,0,NULL,NULL,NULL
GLDD,$5.42,1441379495142,"11,210",100% bearish,of 4 ratings,$7.75
GNBC,$11.49,1441379495195,"1,268",100% bearish,of 1 rating,$16.50
GRBK,$11.65,1441379495288,"27,478",77% bullish,of 13 ratings,N/A
GSBC,$40.38,1441379495340,"2,876",100% bullish,of 1 rating,$44
GPRE,$19.915,1441379495507,"71,623",67% bullish,of 6 ratings,$28.50
GPP,$14.276,1441379495541,600,Not yet rated,NULL,$20.50
GCBC,NULL,1441379495641,0,100% bullish,of 1 rating,N/A
GRPN,$4.28,1441379495662,"2,288,505",61% bullish,of 71 ratings,$6.75
GRIF,$32,1441379495695,"44,001",100% bearish,of 1 rating,N/A
GLRE,$24.312,1441379495728,"47,628",50% bullish,of 2 ratings,$34
GRFS,$30.8,1441379495827,"292,603",50% bullish,of 2 ratings,$35
OMAB,$41.3,1441379495854,"10,532",100% bullish,of 1 rating,$44
GGAL,$19.17,1441379495994,"15,401",80% bullish,of 5 ratings,$40
GSIG,$12.9504,1441379496065,"10,468",100% bearish,of 2 ratings,N/A
GSVC,$8.873,1441379496198,"5,227",50% bullish,of 2 ratings,$15.75
GTXI,$0.88,1441379496227,"16,024",100% bullish,of 5 ratings,$.75
GSIT,$4.65,1441379496248,600,100% bearish,of 1 rating,N/A
GFED,NULL,1441379496379,0,Not yet rated,NULL,$17
GBNK,$15.75,1441379496408,"5,174",100% bearish,of 1 rating,$18
GUID,$6.72,1441379496514,"4,945",100% bearish,of 3 ratings,$10
GIFI,$12.105,1441379496545,"12,871",100% bearish,of 1 rating,$16
GULTU,$0.337,1441379496585,"4,000",100% bearish,of 1 rating,N/A
GPOR,$33.06,1441379496654,"195,348",75% bullish,of 4 ratings,$54
GURE,$1.71,1441379496727,"1,900",88% bullish,of 8 ratings,N/A
GWGH,$7.7,1441379496753,7,100% bearish,of 1 rating,$15.05
GWPH,$101.7492,1441379496778,"36,999",78% bullish,of 9 ratings,$148.50
GYRO,$31.39,1441379496978,790,100% bearish,of 1 rating,N/A
HEES,$18.62,1441379497061,"61,571",67% bearish,of 3 ratings,$31
HLG,NULL,1441379497114,0,100% bearish,of 1 rating,N/A
HNRG,$7.13,1441379497158,"14,588",100% bearish,of 1 rating,$10
HALO,$17,1441379497186,"177,098",67% bullish,of 3 ratings,$22.50
HBK,NULL,1441379497257,0,50% bullish,of 2 ratings,N/A
HALL,$11.2701,1441379497288,"3,204",Not yet rated,NULL,N/A
HBHC,$27.26,1441379497387,"103,526",50% bullish,of 2 ratings,$30
HBHCL,$24.5499,1441379497620,"1,013",Not yet rated,NULL,N/A
HQCL,$12.66,1441379497668,"4,694",67% bullish,of 3 ratings,$14
HNH,$26.09,1441379497697,"4,577",100% bullish,of 1 rating,N/A
HNSN,$0.5375,1441379497718,"26,400",88% bullish,of 8 ratings,$.40
HMPR,$1.86,1441379497739,"5,652",100% bullish,of 1 rating,N/A
HAFC,$23.69,1441379497760,"10,635",100% bullish,of 2 ratings,$28.50
HDNG,$10.22,1441379497887,934,50% bullish,of 4 ratings,N/A
HLIT,$5.71,1441379497912,"37,143",100% bearish,of 1 rating,$6.50
HRMN,NULL,1441379498066,0,Not yet rated,NULL,N/A
HRMNW,NULL,1441379498169,0,Not yet rated,NULL,N/A
TINY,$2.47,1441379498194,"11,401",50% bullish,of 2 ratings,$5.26
HRMNU,NULL,1441379498219,0,Not yet rated,NULL,N/A
HBIO,$4.4,1441379498395,"8,525",100% bearish,of 1 rating,$10
HCAP,$11.91,1441379498423,"1,830",50% bullish,of 2 ratings,$15
HAS,$76.11,1441379498555,"164,214",63% bullish,of 8 ratings,$84.50
HCAPL,NULL,1441379498587,0,Not yet rated,NULL,N/A
HART,$1.34,1441379498608,"45,437",100% bearish,of 1 rating,N/A
HCOM,$21.36,1441379498645,"1,031",100% bearish,of 1 rating,$28
HA,$23.71,1441379498687,"92,694",67% bullish,of 9 ratings,$27
HWBK,NULL,1441379498744,0,100% bearish,of 1 rating,N/A
HWKN,$37.8,1441379499021,"3,603",Not yet rated,NULL,N/A
HIIQ,$4.7228,1441379499078,300,50% bullish,of 2 ratings,$7
HDS,$32.265,1441379499126,"234,537",100% bearish,of 2 ratings,$39.50
HCSG,$32.77,1441379499270,"18,169",50% bullish,of 4 ratings,$35
HQY,$29.45,1441379499302,"22,243",67% bullish,of 3 ratings,$35
HAYN,$37.87,1441379499338,"3,716",100% bearish,of 1 rating,$59
HWAY,$11.65,1441379499402,"56,875",100% bearish,of 1 rating,$15
HSTM,$24.2531,1441379499432,"9,491",50% bullish,of 2 ratings,$33.75
HTLD,$20.33,1441379499453,"40,080",Not yet rated,NULL,$22.50
HTLF,$35.33,1441379499590,"8,767",100% bullish,of 1 rating,$39.50
HSII,$20.01,1441379499726,"3,942",100% bullish,of 3 ratings,$25
HTWR,$64.88,1441379499755,"78,703",50% bullish,of 2 ratings,$102.50
HTBX,$3.61,1441379499784,"29,271",50% bullish,of 2 ratings,$15.50
HELE,$83.3901,1441379499860,"18,783",67% bearish,of 3 ratings,$100
HMNY,NULL,1441379499914,0,100% bearish,of 1 rating,N/A
HMTV,$13.38,1441379500013,600,100% bearish,of 1 rating,$16
HCACU,$9.98,1441379500150,"2,790",Not yet rated,NULL,N/A
HSIC,$134.02,1441379500254,"29,330",83% bullish,of 6 ratings,$146
HNNA,$24.55,1441379500283,231,Not yet rated,NULL,N/A
HERO,NULL,1441379500306,0,NULL,NULL,NULL
HTBK,$10.3301,1441379500383,"5,625",Not yet rated,NULL,$12
HFWA,$17.79,1441379500442,"64,694",100% bullish,of 1 rating,$20
HEOP,$7.8,1441379500472,"2,455",Not yet rated,NULL,$8.50
HCCI,$11.63,1441379500575,"1,355",100% bearish,of 1 rating,$16.50
MLHR,$27.03,1441379500625,"24,791",50% bullish,of 2 ratings,$33.50
HRTX,$36.09,1441379500654,"160,454",57% bullish,of 7 ratings,$41
HIBB,$38.96,1441379500854,"23,443",100% bearish,of 1 rating,$46.50
HFFC,$15.76,1441379500882,200,Not yet rated,NULL,N/A
HSKA,$32.8,1441379500911,"11,578",100% bearish,of 1 rating,$38
HPJ,$2.14,1441379501012,"8,429",75% bullish,of 4 ratings,$12.43
HIMX,$7.185,1441379501093,"355,925",86% bullish,of 21 ratings,$8.25
HIHO,$4.31,1441379501121,"9,699",Not yet rated,NULL,N/A
HIFS,$113.11,1441379501218,234,Not yet rated,NULL,N/A
HSGX,NULL,1441379501309,0,100% bearish,of 1 rating,$17
HMSY,$10.05,1441379501336,"93,353",67% bullish,of 3 ratings,$19.35
HMNF,NULL,1441379501357,0,Not yet rated,NULL,N/A
HOLI,$16.69,1441379501491,"39,488",50% bullish,of 4 ratings,$27
HOLX,$38.41,1441379501529,"348,488",50% bullish,of 4 ratings,$42
HBCP,$24.81,1441379501661,"1,200",Not yet rated,NULL,$29
HFBL,$22,1441379501696,"3,456",Not yet rated,NULL,N/A
HOMB,$37.19,1441379501722,"15,992",Not yet rated,NULL,$42
AWAY,$28.24,1441379501794,"97,648",67% bullish,of 3 ratings,$36
HMIN,$24.845,1441379501822,"18,126",100% bearish,of 2 ratings,$35
HMST,$22.08,1441379501894,"14,071",100% bullish,of 2 ratings,$27
HTBI,$17.97,1441379501997,"2,462",67% bullish,of 3 ratings,$18.625
HKTV,$4.2,1441379502026,"88,486",100% bearish,of 1 rating,N/A
CETC,$0.7961,1441379502134,"6,000",86% bullish,of 7 ratings,N/A
HOFT,$22.54,1441379502240,"7,580",100% bearish,of 1 rating,N/A
HBNC,$23.4,1441379502312,"2,250",100% bullish,of 1 rating,$27
HFBC,$11.04,1441379502338,"8,570",Not yet rated,NULL,N/A
HZNP,$29.21,1441379502359,"381,679",85% bullish,of 20 ratings,$40
HRZN,$10.21,1441379502500,"5,880",50% bullish,of 2 ratings,$14.25
ZINC,$7.13,1441379502568,"68,412",100% bearish,of 1 rating,$17
HDP,$23.87,1441379502594,"68,955",67% bearish,of 3 ratings,$30.50
HMHC,$22.55,1441379502725,"51,049",Not yet rated,NULL,$27
HOVNP,$3.89,1441379502752,"19,370",100% bearish,of 1 rating,N/A
HWCC,$7.62,1441379502825,"13,565",100% bearish,of 1 rating,$9
HBMD,$13.98,1441379502897,200,100% bearish,of 1 rating,N/A
HSNI,$59.2,1441379502980,"19,663",Not yet rated,NULL,$80
HTGM,NULL,1441379503005,0,100% bearish,of 1 rating,$19.50
HUBG,$38.22,1441379503135,"12,535",100% bearish,of 1 rating,$43
HCBK,$9.205,1441379503293,"235,403",83% bullish,of 6 ratings,$8.61
HSON,NULL,1441379503325,0,100% bearish,of 1 rating,$5
HBAN,$10.53,1441379503351,"849,968",76% bullish,of 17 ratings,$12.29
HURC,$29.28,1441379503427,"3,227",100% bearish,of 1 rating,N/A
HDSN,$3.08,1441379503448,"1,200",100% bullish,of 1 rating,$6.25
HBANP,$1353.3,1441379503588,20,100% bearish,of 1 rating,N/A
HURN,$72.79,1441379503685,"16,062",50% bullish,of 2 ratings,$80
HBP,$3.1394,1441379503787,600,100% bullish,of 1 rating,N/A
HDRAR,NULL,1441379503863,0,Not yet rated,NULL,N/A
HDRAU,NULL,1441379503897,0,Not yet rated,NULL,N/A
HTCH,$1.4981,1441379503918,"5,932",100% bearish,of 1 rating,$3.50
HDRA,NULL,1441379503938,0,Not yet rated,NULL,N/A
HDRAW,NULL,1441379503994,0,Not yet rated,NULL,N/A
HYGS,$8.44,1441379504133,"2,300",50% bullish,of 2 ratings,$13
IACI,$69.21,1441379504293,"48,163",80% bullish,of 5 ratings,$90
ICAD,$3.81,1441379504422,"2,233",50% bullish,of 2 ratings,$7.25
IEP,$68,1441379504450,"39,108",75% bullish,of 4 ratings,$99
IDSY,$3.8,1441379504475,"2,700",100% bearish,of 1 rating,$7
IKGH,$1.6,1441379504500,500,75% bullish,of 4 ratings,N/A
IBKC,$59.27,1441379504525,"10,535",100% bullish,of 1 rating,$70
ICON,$13.185,1441379504709,"89,080",50% bullish,of 2 ratings,$18.50
ICFI,$33.44,1441379504751,"2,684",50% bullish,of 2 ratings,$48.50
ICLR,$76.492,1441379504778,"36,683",100% bearish,of 3 ratings,$85
IDRA,$2.861,1441379504933,"126,856",89% bullish,of 9 ratings,$6.50
INVE,$4.51,1441379504966,"12,515",75% bullish,of 4 ratings,$4
ICUI,$110.11,1441379505017,"14,081",Not yet rated,NULL,$122
IPWR,$7.25,1441379505072,"3,324",100% bullish,of 1 rating,$15
IDXX,$72.318,1441379505096,"36,487",100% bearish,of 1 rating,$76
DSKY,$10.55,1441379505391,"25,002",67% bullish,of 6 ratings,$11.50
RXDX,$14.525,1441379505421,"30,045",100% bullish,of 1 rating,$20
IIVI,$16.4901,1441379505459,"24,964",100% bearish,of 1 rating,$22
IRG,$4.943,1441379505556,"4,200",100% bearish,of 1 rating,$4.25
KANG,$15.13,1441379505583,"156,255",50% bullish,of 2 ratings,$23.10
IROQ,$16.99,1441379505604,100,100% bullish,of 1 rating,N/A
IKAN,$2.7336,1441379505735,796,83% bullish,of 6 ratings,$5
IKNX,$12,1441379505774,350,100% bearish,of 1 rating,N/A
ISNS,$4.1,1441379505946,200,50% bullish,of 2 ratings,N/A
ILMN,$192.9,1441379505972,"115,069",80% bullish,of 5 ratings,$245
IMMR,$11.97,1441379505999,"28,243",80% bullish,of 5 ratings,$15.50
ICCC,$6.96,1441379506046,"2,952",100% bullish,of 1 rating,N/A
IMDZ,$15.54,1441379506230,"14,337",100% bearish,of 1 rating,$33
IMNP,$1.286,1441379506256,"13,917",50% bullish,of 2 ratings,$6
INCR,$41.89,1441379506454,"79,118",50% bullish,of 2 ratings,$53
IMMU,$2.07,1441379506481,"100,063",86% bullish,of 7 ratings,$2
IMGN,$13.25,1441379506502,"196,858",75% bullish,of 4 ratings,$17.50
IMMY,$7.45,1441379506534,103,100% bearish,of 1 rating,$11
SAAS,$7.11,1441379506564,"30,416",50% bullish,of 2 ratings,$15
IPXL,$40.31,1441379506585,"53,517",67% bullish,of 3 ratings,$46.50
INCY,$116.24,1441379506714,"242,326",50% bullish,of 6 ratings,$125.50
INDB,$43.84,1441379506818,"4,382",Not yet rated,NULL,$44
IDSA,$3.49,1441379506997,"1,561",Not yet rated,NULL,N/A
IBTX,$39.99,1441379507054,"1,532",100% bullish,of 2 ratings,$47.25
IBCP,$14.03,1441379507080,"12,574",100% bullish,of 1 rating,$14.50
INFN,$21.74,1441379507155,"250,218",71% bullish,of 7 ratings,$28
INFI,$8.56,1441379507180,"67,613",50% bullish,of 4 ratings,$16.50
IPCC,$74.87,1441379507240,"1,525",Not yet rated,NULL,$77.50
III,$3.68,1441379507366,"2,100",57% bullish,of 7 ratings,$6
IFON,$1.29,1441379507408,"5,200",75% bullish,of 4 ratings,N/A
INWK,$6.8599,1441379507440,"7,892",50% bullish,of 2 ratings,$10
IMKTA,$50.81,1441379507470,"4,234",100% bearish,of 1 rating,N/A
INNL,NULL,1441379507577,0,100% bearish,of 1 rating,$16.50
INOD,$2.4,1441379507604,290,100% bearish,of 1 rating,N/A
IPHS,$46.26,1441379507681,"8,834",100% bearish,of 1 rating,$60
IOSP,$48.92,1441379507839,"18,629",100% bearish,of 1 rating,N/A
ISSC,$2.8099,1441379507910,"2,993",67% bearish,of 3 ratings,N/A
ITEK,$12.75,1441379507968,"79,709",100% bearish,of 3 ratings,$20
INGN,$51.38,1441379507993,"18,692",100% bearish,of 1 rating,$50.50
INOV,$21.05,1441379508043,"47,105",100% bearish,of 1 rating,$33
INO,$7.07,1441379508073,"204,638",89% bullish,of 18 ratings,$20
INSM,$23.955,1441379508172,"51,208",71% bullish,of 7 ratings,$31.50
ISIG,$2.64,1441379508222,"4,871",100% bearish,of 1 rating,N/A
NSIT,$24.66,1441379508362,"10,119",50% bullish,of 2 ratings,N/A
PODD,$28.11,1441379508391,"33,312",67% bearish,of 3 ratings,$35
IIIN,$16.935,1441379508417,"6,616",100% bearish,of 2 ratings,N/A
INSY,$34.69,1441379508447,"111,781",75% bullish,of 4 ratings,$48
NTEC,$5.56,1441379508476,"1,700",100% bearish,of 1 rating,N/A
IART,$62.24,1441379508664,"47,834",100% bearish,of 2 ratings,$71.50
IDTI,$19.04,1441379508690,"195,785",60% bullish,of 5 ratings,$25
INTC,$28.68,1441379508850,"5,013,108",82% bullish,of 238 ratings,$36
IESC,$7.11,1441379508879,100,100% bearish,of 1 rating,N/A
IQNT,$18.64,1441379508954,"33,653",86% bullish,of 7 ratings,$20
ISSI,$21.79,1441379508979,"20,372",67% bullish,of 3 ratings,$19.75
IPCI,$2.21,1441379509025,"2,000",67% bullish,of 6 ratings,$8
IBKR,$37.48,1441379509170,"67,823",100% bullish,of 1 rating,N/A
IPAR,$24.51,1441379509243,"6,086",67% bullish,of 3 ratings,$38
ININ,$35.315,1441379509437,"6,582",67% bearish,of 3 ratings,$57
ICLDW,NULL,1441379509462,0,100% bearish,of 1 rating,N/A
ICPT,$185.51,1441379509483,"13,274",70% bullish,of 10 ratings,$359.50
IDCC,$48.39,1441379509515,"27,285",80% bullish,of 5 ratings,$63
ICLD,$2.025,1441379509646,"696,715",75% bullish,of 4 ratings,N/A
TILE,$24.25,1441379509698,"44,183",100% bearish,of 3 ratings,$27
IMI,$1.93,1441379509724,"4,627",67% bullish,of 3 ratings,$2.22
INAP,$9.2,1441379509850,"50,935",75% bullish,of 4 ratings,$11
IBOC,$24.62,1441379509876,"11,708",100% bearish,of 1 rating,N/A
ISCA,$32.31,1441379509911,"8,609",100% bearish,of 1 rating,N/A
IGLD,$7.3,1441379509954,100,50% bullish,of 2 ratings,N/A
IIJI,NULL,1441379510011,0,50% bullish,of 2 ratings,$12.50
XENT,$25.22,1441379510238,"8,292",50% bullish,of 2 ratings,$36.50
PTNT,$2.91,1441379510268,300,Not yet rated,NULL,N/A
INPH,$0.3096,1441379510321,"3,100",50% bullish,of 2 ratings,N/A
ISIL,$10.39,1441379510371,"227,092",50% bullish,of 6 ratings,$15
IVAC,$4.61,1441379510506,"2,700",100% bearish,of 1 rating,$6.625
IILG,$19.55,1441379510528,"13,354",100% bearish,of 1 rating,$29
INTX,$2,1441379510564,900,67% bullish,of 3 ratings,N/A
INTL,$25.83,1441379510610,"15,786",67% bearish,of 3 ratings,N/A
INTLL,$26.1,1441379510659,115,Not yet rated,NULL,N/A
IIN,NULL,1441379510804,0,100% bearish,of 1 rating,$12
ITCI,$26.56,1441379510863,"76,478",75% bearish,of 4 ratings,$40
ISRG,$509.6,1441379510888,"19,373",67% bullish,of 3 ratings,$600
INTU,$85.52,1441379510941,"275,542",86% bullish,of 7 ratings,$107.50
INVT,$0.31,1441379511130,"56,940",67% bullish,of 3 ratings,N/A
ISTR,$15.73,1441379511213,204,100% bearish,of 1 rating,$18.50
SNAK,$8.37,1441379511243,"13,273",50% bullish,of 2 ratings,$14
ISBC,$11.655,1441379511308,"567,106",100% bullish,of 1 rating,$13.25
ITIC,$70.01,1441379511333,202,100% bearish,of 2 ratings,N/A
NVIV,$9.5,1441379511377,"23,328",50% bullish,of 4 ratings,$24.50
IVTY,$14.12,1441379511402,"7,201",Not yet rated,NULL,$18
IPAS,$1.06,1441379511479,"11,103",67% bullish,of 3 ratings,N/A
IRMD,$23.7,1441379511821,"1,018",67% bearish,of 3 ratings,$25
IPGP,$81.49,1441379511852,"41,692",67% bearish,of 3 ratings,$109.50
DFVL,$66.28,1441379511902,600,Not yet rated,NULL,N/A
IPCM,$79.15,1441379511955,"39,931",50% bullish,of 2 ratings,$80.125
IRIX,$6.81,1441379511980,774,100% bearish,of 1 rating,N/A
IRDM,$6.92,1441379512008,"103,780",60% bullish,of 5 ratings,$11.50
DTUL,$64.7,1441379512032,802,Not yet rated,NULL,N/A
IRDMB,$269.01,1441379512198,100,67% bearish,of 3 ratings,N/A
IRWD,$10.91,1441379512301,"184,825",100% bearish,of 1 rating,$13
IRBT,$29.87,1441379512329,"36,565",67% bullish,of 6 ratings,$37
GNMA,$50.22,1441379512391,10,Not yet rated,NULL,N/A
FCHI,NULL,1441379512418,0,NULL,NULL,NULL
COMT,$33.07,1441379512525,"1,690",100% bearish,of 1 rating,N/A
IFAS,NULL,1441379512616,0,NULL,NULL,NULL
IRCP,NULL,1441379512689,0,100% bullish,of 2 ratings,N/A
IFEU,$37.3,1441379512747,"2,594",Not yet rated,NULL,N/A
IFNA,NULL,1441379512827,0,NULL,NULL,NULL
ACWX,$39.27,1441379512878,"77,206",100% bearish,of 1 rating,N/A
IFGL,$27.4156,1441379512907,"13,193",Not yet rated,NULL,N/A
ACWI,$54.11,1441379513010,"161,235",Not yet rated,NULL,N/A
AXJS,NULL,1441379513072,0,NULL,NULL,NULL
AAXJ,$51.26,1441379513096,"142,714",Not yet rated,NULL,N/A
EMDI,NULL,1441379513222,0,NULL,NULL,NULL
EEMA,$48.46,1441379513250,"32,839",Not yet rated,NULL,N/A
AAIT,NULL,1441379513319,0,NULL,NULL,NULL
EEME,NULL,1441379513349,0,NULL,NULL,NULL
EVAL,NULL,1441379513536,0,NULL,NULL,NULL
EGRW,NULL,1441379513574,0,NULL,NULL,NULL
EEML,NULL,1441379513662,0,Not yet rated,NULL,N/A
IEUS,$44.69,1441379513764,515,100% bearish,of 1 rating,N/A
UAE,$17.61,1441379513822,300,Not yet rated,NULL,N/A
EMEY,NULL,1441379513874,0,NULL,NULL,NULL
QAT,NULL,1441379513901,0,Not yet rated,NULL,N/A
EUFN,$20.9,1441379513933,"41,876",100% bearish,of 1 rating,N/A
IBB,$337.23,1441379513958,"381,329",63% bullish,of 8 ratings,N/A
SOXX,$81.8,1441379514010,"83,998",50% bullish,of 2 ratings,N/A
EMIF,$27.7599,1441379514188,605,Not yet rated,NULL,N/A
ICLN,$9.13,1441379514244,"5,542",50% bullish,of 2 ratings,N/A
WOOD,$47.2,1441379514269,100,50% bullish,of 2 ratings,N/A
INDY,$26.16,1441379514343,"57,935",50% bullish,of 2 ratings,N/A
ISHG,$79.3413,1441379514400,"19,020",100% bearish,of 1 rating,N/A
IGOV,$90.9,1441379514582,"22,706",100% bearish,of 1 rating,N/A
ISIS,$51.67,1441379514607,"175,551",53% bullish,of 15 ratings,$67
ITRI,$29.04,1441379514749,"25,837",100% bearish,of 1 rating,$37
ISLE,$19.01,1441379514791,"63,098",50% bullish,of 4 ratings,$17
ISRL,$122.2,1441379514815,72,100% bearish,of 1 rating,N/A
ITRN,$23.01,1441379514843,"1,195",50% bullish,of 2 ratings,N/A
XXIA,$15.06,1441379514868,"62,307",71% bullish,of 7 ratings,$14.625
ITUS,$3.95,1441379514901,700,Not yet rated,NULL,N/A
IXYS,$11.3,1441379515038,"10,923",50% bullish,of 4 ratings,N/A
JJSF,$115.72,1441379515182,"5,383",100% bearish,of 1 rating,N/A
MAYS,NULL,1441379515227,0,Not yet rated,NULL,N/A
JBHT,$74.85,1441379515421,"404,007",50% bullish,of 4 ratings,$89.50
JASO,$7.99,1441379515450,"55,399",82% bullish,of 17 ratings,$10
JCOM,$67.28,1441379515518,"14,020",100% bullish,of 2 ratings,$77
JKHY,$66.82,1441379515548,"24,039",67% bearish,of 3 ratings,$72
JACK,$78.66,1441379515588,"45,596",71% bullish,of 7 ratings,$105
JAGX,$3.25,1441379515618,520,Not yet rated,NULL,$10.50
JXSB,$24.23,1441379515676,100,Not yet rated,NULL,N/A
JAKK,$9.69,1441379515719,"83,832",60% bearish,of 5 ratings,$11
JAXB,NULL,1441379515890,0,100% bullish,of 1 rating,N/A
JMBA,$14.23,1441379515932,"19,623",75% bullish,of 4 ratings,$18
JRVR,$27.85,1441379516108,"8,269",Not yet rated,NULL,$32
ERW,NULL,1441379516132,0,Not yet rated,NULL,N/A
JASN,$4.79,1441379516172,400,50% bullish,of 2 ratings,$9.50
JASNW,NULL,1441379516269,0,50% bullish,of 2 ratings,N/A
JAZZ,$162.77,1441379516302,"67,347",80% bullish,of 15 ratings,$206.50
JBLU,$23.71,1441379516374,"1,444,293",94% bullish,of 18 ratings,$27
JD,$23.85,1441379516409,"1,387,423",75% bullish,of 16 ratings,$36
JTPY,NULL,1441379516430,0,100% bearish,of 1 rating,N/A
JCTCF,NULL,1441379516503,0,100% bullish,of 1 rating,N/A
DATE,$6.08,1441379516558,"20,630",75% bullish,of 4 ratings,$9
JIVE,$4.615,1441379516697,"26,911",75% bullish,of 4 ratings,$5
JST,$3.59,1441379516739,"4,562",75% bullish,of 4 ratings,N/A
JOEZ,$0.1793,1441379516803,"30,764",92% bullish,of 12 ratings,N/A
WYIGU,NULL,1441379516872,0,100% bearish,of 1 rating,N/A
JBSS,$50.745,1441379517058,"11,742",67% bearish,of 3 ratings,N/A
JUNO,$34.93,1441379517097,"131,725",73% bullish,of 11 ratings,$67
JNP,$13.19,1441379517122,"36,760",100% bullish,of 3 ratings,$15
JOUT,$23.7,1441379517272,346,100% bearish,of 1 rating,$34
KTWO,$20.74,1441379517297,"5,430",100% bearish,of 1 rating,$28.50
KMDA,NULL,1441379517322,0,50% bullish,of 2 ratings,$8
KALU,$81.7,1441379517350,"14,246",67% bearish,of 3 ratings,$91
KBIO,$4.56,1441379517371,"5,320,304",50% bullish,of 4 ratings,N/A
KCLI,$46.25,1441379517512,"6,280",Not yet rated,NULL,N/A
KNDI,$6.23,1441379517739,"58,888",86% bullish,of 22 ratings,N/A
KBSF,NULL,1441379517871,0,100% bullish,of 1 rating,N/A
KPTI,$14.18,1441379517907,"59,992",67% bearish,of 3 ratings,$39
KRNY,$11.3,1441379518002,"54,195",100% bearish,of 1 rating,$12.50
KFFB,NULL,1441379518135,0,100% bearish,of 1 rating,N/A
KCAP,$4.66,1441379518184,"15,048",75% bullish,of 4 ratings,$6
KELYA,$14.21,1441379518211,"4,720",67% bullish,of 6 ratings,$20
KMPH,$20.76,1441379518237,"2,640",100% bearish,of 2 ratings,$22
GMCR,$57.71,1441379518370,"286,870",71% bullish,of 42 ratings,$64
KERX,$4.725,1441379518400,"1,789,722",82% bullish,of 11 ratings,$12
KELYB,NULL,1441379518425,0,50% bullish,of 2 ratings,N/A
KFRC,$26.85,1441379518586,"12,868",100% bullish,of 2 ratings,$29
KTCC,$10.14,1441379518614,568,100% bearish,of 1 rating,$16
KTEC,NULL,1441379518635,0,Not yet rated,NULL,N/A
KEQU,NULL,1441379518656,0,100% bullish,of 1 rating,N/A
KIN,$5.98,1441379518972,"2,329",50% bullish,of 2 ratings,$6.25
KE,$11.27,1441379518993,"2,613",67% bearish,of 3 ratings,$16
KBAL,$10.51,1441379519072,"12,006",50% bullish,of 2 ratings,N/A
KINS,$8.7701,1441379519125,"4,655",100% bullish,of 1 rating,N/A
KLAC,$47.85,1441379519152,"242,634",100% bearish,of 1 rating,$61.50
KONE,$4.09,1441379519173,900,Not yet rated,NULL,N/A
KGJI,$0.6647,1441379519208,"4,200",89% bullish,of 9 ratings,N/A
KIRK,$22.52,1441379519309,"10,052",50% bullish,of 2 ratings,$32
KITE,$53.26,1441379519442,"155,597",89% bullish,of 9 ratings,$83
KONA,$18.36,1441379519572,"7,987",50% bullish,of 2 ratings,$28
KOPN,$3.05,1441379519597,"15,114",50% bullish,of 2 ratings,$4.50
KLXI,$38,1441379519625,"41,216",100% bearish,of 1 rating,$48.50
KZ,$6.48,1441379519650,"4,148",60% bearish,of 5 ratings,N/A
KOSS,$2.346,1441379519790,412,100% bearish,of 2 ratings,N/A
KRNT,$11.8513,1441379519838,"1,446",50% bullish,of 2 ratings,$18
KWEB,$29.33,1441379519970,"1,650",Not yet rated,NULL,N/A
