Symbol,Price,Date,Volume,Rating,RatingVoteCount,OneYearEstimate
TFSCW,$0.21,1440883202286,"1,300",100% bearish,of 1 rating,N/A
TFSCU,NULL,1440883202326,0,Not yet rated,NULL,N/A
FLWS,$8.91,1440883202351,"687,314",80% bullish,of 5 ratings,$15
FCCY,$11.54,1440883202378,933,100% bullish,of 1 rating,$13
DSLV,$69.51,1440883202634,"9,311",100% bearish,of 1 rating,N/A
FCTY,$7.96,1440883202663,"3,400",100% bullish,of 1 rating,$8.50
TWOU,$34.99,1440883202694,"129,143",50% bullish,of 2 ratings,$39
TFSC,NULL,1440883202714,0,100% bearish,of 1 rating,N/A
DGLD,$81.1,1440883202752,"16,958",100% bullish,of 1 rating,N/A
USLV,$12.45,1440883202773,"242,677",86% bullish,of 7 ratings,N/A
VNET,$18.05,1440883202794,"541,289",60% bullish,of 5 ratings,$35
UGLD,$9.31,1440883202832,"340,880",100% bearish,of 1 rating,N/A
JOBS,$27.019,1440883202963,"69,549",50% bullish,of 4 ratings,$36
PIH,$7.54,1440883203064,"9,402",100% bearish,of 1 rating,N/A
TFSCR,NULL,1440883203096,0,Not yet rated,NULL,N/A
SRCE,$29.44,1440883203163,"29,029",100% bullish,of 3 ratings,$33
CAFD,$15.0196,1440883203295,"242,552",Not yet rated,NULL,$25
SIXD,$2.72,1440883203324,"111,232",Not yet rated,NULL,N/A
EGHT,$7.84,1440883203367,"384,316",82% bullish,of 17 ratings,$11
SHLM,$34.06,1440883203448,"65,672",100% bearish,of 1 rating,$47
AVHI,$13.96,1440883203496,"12,911",100% bearish,of 1 rating,$19
ABY,$23.04,1440883203520,"423,555",100% bearish,of 2 ratings,$46
ABAX,$47.89,1440883203549,"108,826",100% bearish,of 1 rating,$60
AAON,$20.51,1440883203574,"107,410",100% bearish,of 1 rating,$24
ABGB,$5.71,1440883203710,"37,255",67% bullish,of 3 ratings,$5.50
ABEOW,$1.83,1440883203761,"2,361",100% bullish,of 1 rating,N/A
ABEO,$4.82,1440883203787,"47,964",50% bullish,of 4 ratings,$15.50
ABMD,$98.23,1440883203859,"317,770",75% bullish,of 4 ratings,$100.50
AXAS,$1.92,1440883203989,"949,481",78% bullish,of 9 ratings,$3.50
ACTG,$9.43,1440883204095,"194,247",67% bullish,of 3 ratings,$18.50
AXDX,$19.1,1440883204129,"112,407",100% bearish,of 1 rating,N/A
ACHC,$74.2503,1440883204154,"344,347",50% bullish,of 2 ratings,$92
ACAD,$38.17,1440883204191,"436,567",80% bullish,of 20 ratings,$48
ACST,$0.3694,1440883204217,"9,260",100% bullish,of 2 ratings,N/A
XLRN,$29.71,1440883204286,"89,309",50% bullish,of 2 ratings,$57
ANCX,$20.01,1440883204361,"20,165",Not yet rated,NULL,$20
VXDN,$1.96,1440883204389,"24,710",100% bearish,of 1 rating,N/A
ARAY,$6.77,1440883204450,"691,224",100% bearish,of 1 rating,$10.50
VXUP,$1.6,1440883204535,"49,457",100% bearish,of 1 rating,N/A
ACET,$22.76,1440883204582,"83,357",75% bullish,of 4 ratings,$30
ACRX,$4.24,1440883204611,"310,833",67% bearish,of 6 ratings,$5.50
AKAO,$6.99,1440883204632,"38,455",75% bullish,of 4 ratings,$15
ACHN,$7.76,1440883204769,"1,462,742",90% bullish,of 21 ratings,$16
ACIW,$21.38,1440883204819,"288,136",67% bearish,of 3 ratings,$24
ACTS,$1.6,1440883204951,"49,648",100% bearish,of 1 rating,N/A
ACOR,$32.73,1440883204985,"557,265",67% bearish,of 3 ratings,$38.50
ACPW,$1.81,1440883205015,"38,604",100% bullish,of 4 ratings,$3.50
ACNB,$19.85,1440883205036,"4,210",Not yet rated,NULL,N/A
ACTA,$14.02,1440883205080,"90,621",67% bearish,of 3 ratings,$25
ATVI,$29.28,1440883205112,"135,594,206",68% bullish,of 84 ratings,$31.50
ACUR,$2.83,1440883205178,"48,939",100% bullish,of 5 ratings,$1
ADMP,$3.69,1440883205323,"11,630",50% bullish,of 2 ratings,$10
ADMS,$20.61,1440883205350,"60,583",100% bearish,of 2 ratings,$36
ADUS,$28.71,1440883205399,"18,242",100% bearish,of 1 rating,$31
ACXM,$21.15,1440883205428,"258,695",67% bullish,of 3 ratings,N/A
ADAP,$11.66,1440883205532,"84,789",67% bullish,of 3 ratings,$22
AEY,$2.3,1440883205584,"7,434",100% bearish,of 2 ratings,N/A
ADMA,$9.37,1440883205665,"14,766",Not yet rated,NULL,$19
ADEP,$6.87,1440883205716,"20,312",50% bullish,of 2 ratings,$10.75
ADBE,$79.4,1440883205742,"2,177,794",65% bullish,of 17 ratings,$90
AEIS,$24.42,1440883205795,"174,991",50% bullish,of 2 ratings,$32.50
ADTN,$15.7,1440883205926,"386,714",67% bullish,of 3 ratings,$17.125
AMD,$1.85,1440883206022,"6,623,181",83% bullish,of 103 ratings,$2
MULT,NULL,1440883206050,0,100% bearish,of 1 rating,N/A
ADXSW,$10.47,1440883206082,"1,850",100% bullish,of 1 rating,N/A
ADXS,$14.69,1440883206103,"468,415",64% bullish,of 14 ratings,$27
YPRO,$22.79,1440883206132,"3,532",100% bearish,of 1 rating,N/A
ADRO,$20.61,1440883206190,"147,897",80% bullish,of 5 ratings,$45.50
AEGR,$17.66,1440883206282,"331,111",50% bullish,of 6 ratings,$26
AEHR,$2.27,1440883206416,"2,346",50% bullish,of 2 ratings,N/A
AMTX,$3.11,1440883206447,"28,001",50% bullish,of 2 ratings,$26.11
AEGN,$18.28,1440883206469,"94,812",100% bearish,of 2 ratings,$21
AEPI,$53.89,1440883206502,"11,740",100% bearish,of 1 rating,N/A
AERI,$16.49,1440883206544,"376,040",75% bullish,of 4 ratings,$31.50
AVAV,$24,1440883206607,"75,229",50% bullish,of 4 ratings,$31
AEZS,$0.088,1440883206671,"10,110,751",90% bullish,of 21 ratings,$1.50
AFMD,$10.43,1440883206773,"107,629",50% bullish,of 4 ratings,$15
AGEN,$7.26,1440883206830,"602,072",85% bullish,of 13 ratings,$14
AFFX,$9.48,1440883206860,"279,489",80% bullish,of 5 ratings,$12.50
AEMD,$6.95,1440883206885,"91,259",Not yet rated,NULL,$27.50
AGYS,$10.21,1440883206911,"23,032",100% bearish,of 1 rating,N/A
AGRX,$9.16,1440883206959,"22,184",100% bearish,of 1 rating,$17.50
AGIO,$90.62,1440883207062,"186,340",88% bullish,of 8 ratings,$114
AGFSW,$1.95,1440883207137,"8,300",100% bearish,of 2 ratings,N/A
AGFS,$10.1318,1440883207201,"137,593",100% bearish,of 1 rating,N/A
AIRM,$37.86,1440883207289,"199,407",80% bearish,of 5 ratings,$53
AIRT,$22.16,1440883207316,376,100% bullish,of 1 rating,N/A
AIMT,$21.11,1440883207342,"136,933",Not yet rated,NULL,N/A
ATSG,$8.95,1440883207472,"126,980",67% bullish,of 3 ratings,$13
AKAM,$71.9,1440883207523,"1,710,795",63% bullish,of 8 ratings,$77
AMCN,$4.59,1440883207549,"108,503",83% bullish,of 6 ratings,N/A
AIXG,$6.38,1440883207570,"27,231",67% bearish,of 3 ratings,$5.25
AKBA,$7,1440883207714,"105,064",100% bearish,of 1 rating,$18
AKER,$2.48,1440883207747,"28,755",Not yet rated,NULL,N/A
ALRM,$16.8,1440883207799,"126,608",100% bearish,of 1 rating,$22
AKRX,$41.03,1440883207847,"401,819",78% bullish,of 9 ratings,$56
ALSK,$2.15,1440883207873,"235,932",78% bullish,of 18 ratings,$2
AMRI,$20.6,1440883207902,"158,563",75% bearish,of 4 ratings,$24
ADHD,$7.94,1440883208120,"131,054",50% bullish,of 4 ratings,$18
ABDC,$12.83,1440883208149,"24,564",Not yet rated,NULL,$15
ALDR,$38.61,1440883208214,"186,540",67% bearish,of 3 ratings,$62
ALXN,$178.86,1440883208242,"1,012,132",88% bullish,of 8 ratings,$223
ALDX,$7.06,1440883208276,"18,445",100% bearish,of 1 rating,$14.50
ALXA,$1.13,1440883208314,"13,227",83% bullish,of 6 ratings,$2.125
ALCO,$42.25,1440883208371,"5,313",50% bullish,of 2 ratings,N/A
ALGN,$57.27,1440883208452,"244,131",100% bearish,of 2 ratings,$73
ALKS,$62.0942,1440883208554,"542,032",67% bullish,of 3 ratings,$75
ALIM,$3.44,1440883208583,"27,203",80% bullish,of 5 ratings,$10
ALLB,$22.72,1440883208611,797,Not yet rated,NULL,N/A
ALGT,$208.41,1440883208640,"150,284",100% bearish,of 2 ratings,$235
AIQ,$14.35,1440883208687,"6,903",67% bullish,of 3 ratings,N/A
AFOP,$19.05,1440883208738,"104,154",75% bullish,of 8 ratings,$21
AHGP,$36.41,1440883208835,"89,083",67% bullish,of 3 ratings,N/A
ARLP,$25.32,1440883208899,"280,083",67% bearish,of 3 ratings,$32
AHPI,$1.44,1440883208932,"1,714",50% bullish,of 2 ratings,N/A
ALQA,$4.4,1440883208988,"19,390",75% bullish,of 4 ratings,$8.50
ALLT,$5.42,1440883209092,"187,497",75% bullish,of 4 ratings,$6.25
AMOT,$18.85,1440883209117,"86,927",100% bearish,of 1 rating,N/A
MDRX,$13.8,1440883209246,"810,640",60% bullish,of 5 ratings,$16
AFAM,$45.43,1440883209277,"41,778",50% bullish,of 2 ratings,$44
ALNY,$109.1,1440883209299,"357,082",67% bullish,of 3 ratings,$148.50
AOSL,$7.31,1440883209332,"49,947",67% bullish,of 3 ratings,$9
ATEC,$0.54,1440883209359,"81,514",100% bullish,of 1 rating,$2
SMCP,NULL,1440883209384,0,Not yet rated,NULL,N/A
ALTR,$48.61,1440883209561,"1,182,479",80% bearish,of 5 ratings,$54
AIMC,$24.94,1440883209599,"71,616",100% bearish,of 2 ratings,$28.50
AMRN,$2.23,1440883209692,"1,409,147",85% bullish,of 39 ratings,$8
ASPS,$25.48,1440883209719,"184,857",67% bullish,of 3 ratings,$46.50
AMAG,$65.85,1440883209744,"315,677",100% bullish,of 2 ratings,$77.50
AYA,$20.7,1440883209849,"10,578",100% bearish,of 1 rating,$40
AMZN,$519.59,1440883209891,"1,553,310",81% bullish,of 264 ratings,$646
AMBCW,$7.65,1440883209982,"1,012",100% bearish,of 1 rating,N/A
AMRK,$10.28,1440883210013,"2,016",50% bullish,of 2 ratings,$14
AMBC,$15.61,1440883210044,"222,561",100% bearish,of 1 rating,$16.50
AMBA,$96.15,1440883210066,"1,960,685",83% bullish,of 12 ratings,$102.50
EPAX,$2.69,1440883210101,"86,785",100% bearish,of 1 rating,N/A
AMCX,$73.6,1440883210130,"349,491",67% bullish,of 3 ratings,$87.50
DOX,$57.75,1440883210198,"257,565",67% bearish,of 3 ratings,$60
AMDA,$0.4798,1440883210330,"643,528",90% bullish,of 10 ratings,$1
UHAL,$375.77,1440883210435,"28,990",100% bullish,of 2 ratings,$393.50
AMED,$39.09,1440883210483,"188,323",100% bearish,of 1 rating,$42
AAL,$38.6,1440883210617,"7,110,829",93% bullish,of 88 ratings,$57
ATAX,$5.27,1440883210648,"73,836",100% bullish,of 1 rating,$6.50
AMOV,$18.46,1440883210671,"2,614",100% bearish,of 1 rating,N/A
AGNC,$19.36,1440883210706,"1,941,092",71% bullish,of 28 ratings,$22
AGNCB,$24.29,1440883210727,"19,098",Not yet rated,NULL,N/A
ASBI,$22.64,1440883210765,"1,069",Not yet rated,NULL,N/A
AGNCP,$25.34,1440883210786,"6,144",Not yet rated,NULL,N/A
MTGE,$15.29,1440883210869,"623,994",75% bullish,of 4 ratings,$19.50
MTGEP,$24.5,1440883210955,583,Not yet rated,NULL,N/A
ACSF,$12.38,1440883210982,"29,182",100% bearish,of 1 rating,$15
ACAS,$13.8357,1440883211007,"897,392",60% bullish,of 5 ratings,$16.75
ANCI,$1.46,1440883211032,474,100% bearish,of 1 rating,N/A
AMIC,NULL,1440883211280,0,Not yet rated,NULL,N/A
AETI,$3.75,1440883211311,881,67% bearish,of 3 ratings,N/A
AMNB,$23.29,1440883211336,"4,556",Not yet rated,NULL,$25.50
ANAT,$100.8502,1440883211366,"25,880",100% bullish,of 1 rating,N/A
ARII,$40.76,1440883211396,"146,168",67% bearish,of 3 ratings,$45
AMRB,$10.05,1440883211465,"2,153",Not yet rated,NULL,$11
APEI,$22.36,1440883211492,"59,822",100% bearish,of 1 rating,$25.50
AMSC,$4.67,1440883211554,"80,461",50% bullish,of 4 ratings,N/A
ASEI,$39.03,1440883211635,"21,414",100% bearish,of 1 rating,$52.50
AMWD,$66.55,1440883211739,"77,289",50% bullish,of 2 ratings,$70
AMSWA,$9.06,1440883211776,"131,254",100% bearish,of 2 ratings,$10.75
CRMT,$35.97,1440883211818,"40,468",100% bearish,of 1 rating,$39
ABCB,$26.8,1440883211845,"86,002",Not yet rated,NULL,$31
AMSF,$46.91,1440883211866,"49,852",Not yet rated,NULL,$57.50
ASRV,$3.22,1440883212001,"12,469",100% bullish,of 2 ratings,N/A
ASRVP,NULL,1440883212067,0,Not yet rated,NULL,N/A
AMGN,$155.95,1440883212137,"3,400,173",89% bullish,of 19 ratings,$185
FOLD,$14.87,1440883212195,"612,656",56% bullish,of 9 ratings,$21
AMKR,$5.07,1440883212282,"1,277,833",100% bearish,of 2 ratings,$5
AMPH,$13.39,1440883212312,"106,975",50% bullish,of 2 ratings,$20
ATLO,$23.59,1440883212333,"4,506",Not yet rated,NULL,N/A
AMSG,$80.06,1440883212366,"252,052",100% bearish,of 1 rating,$85.50
ASYS,$5.39,1440883212464,"36,672",67% bullish,of 3 ratings,$12
AMSGP,$149.3,1440883212535,"33,058",Not yet rated,NULL,N/A
AFSI,$58.4717,1440883212563,"168,515",60% bullish,of 5 ratings,$72
ANAC,$135.45,1440883212744,"264,448",80% bullish,of 5 ratings,$180.50
ADI,$56.45,1440883212772,"2,245,427",67% bullish,of 3 ratings,$69
ANAD,$0.33,1440883212801,"133,227",100% bullish,of 2 ratings,$.50
AMRS,$1.69,1440883212906,"51,285",70% bullish,of 10 ratings,N/A
ALOG,$80.27,1440883212932,"65,588",100% bearish,of 2 ratings,$100.50
ANCB,$21.98,1440883212963,"29,500",Not yet rated,NULL,$23
ABCW,$40.28,1440883212990,"7,717",67% bullish,of 3 ratings,N/A
AMCF,$0.22,1440883213064,"1,426",100% bullish,of 7 ratings,N/A
ANGI,$5.21,1440883213127,"319,439",64% bullish,of 11 ratings,$5.50
ANGO,$14.67,1440883213201,"69,486",67% bullish,of 3 ratings,$19
ANIP,$52,1440883213233,"129,189",89% bullish,of 19 ratings,$66
ATRS,$1.79,1440883213259,"332,285",92% bullish,of 12 ratings,$4.50
ANSS,$89.74,1440883213333,"244,251",100% bearish,of 1 rating,$100
ANTH,$7.41,1440883213476,"469,427",80% bullish,of 10 ratings,$13
ABAC,$0.75,1440883213554,"11,927",100% bearish,of 1 rating,N/A
ATNY,$2.26,1440883213606,"4,237",50% bullish,of 2 ratings,$3.75
ANIK,$35.94,1440883213632,"100,275",60% bullish,of 5 ratings,$51.25
APIC,$6.91,1440883213682,"86,505",100% bearish,of 1 rating,$19
APOG,$50.82,1440883213707,"111,095",50% bullish,of 2 ratings,$67
APOL,$11.47,1440883213765,"654,267",87% bearish,of 68 ratings,$14
AINV,$6.6,1440883213791,"696,100",50% bullish,of 4 ratings,$8
AAPL,$113.37,1440883213867,"32,540,481",86% bullish,of 2354 ratings,$150
APPF,$16.3,1440883213893,"22,796",50% bullish,of 2 ratings,$22
ARCI,NULL,1440883213934,0,Not yet rated,NULL,N/A
APDN,$3.46,1440883214065,"72,814",Not yet rated,NULL,$9
AGTC,$16.69,1440883214091,"40,739",50% bullish,of 2 ratings,$33
APDNW,$1.27,1440883214111,"2,254",Not yet rated,NULL,N/A
AMAT,$15.9916,1440883214249,"7,111,784",82% bullish,of 11 ratings,$23
AMCC,$5.77,1440883214323,"326,270",80% bullish,of 5 ratings,$8
AAOI,$21.11,1440883214455,"169,287",50% bullish,of 4 ratings,$26
APTO,$5.28,1440883214488,"32,201",Not yet rated,NULL,$17
AREX,$2.17,1440883214515,"985,162",100% bearish,of 1 rating,$3
APRI,$1.33,1440883214571,"381,591",83% bullish,of 6 ratings,$4.86
AUMA,$9.89,1440883214674,230,Not yet rated,NULL,N/A
AQMS,$5.2,1440883214701,"53,706",Not yet rated,NULL,N/A
AUMAU,NULL,1440883214728,0,Not yet rated,NULL,N/A
AQXP,$16.76,1440883214784,"147,931",50% bullish,of 2 ratings,$2
PETX,$17.64,1440883214858,"156,925",100% bearish,of 2 ratings,$26
ARDM,NULL,1440883214949,0,100% bullish,of 1 rating,$26
ABIO,$0.89,1440883214977,"57,096",50% bullish,of 2 ratings,$3.75
AUMAW,NULL,1440883215003,0,Not yet rated,NULL,N/A
ABUS,$7.36,1440883215031,"240,604",86% bullish,of 14 ratings,$23
ARCW,$3.63,1440883215052,"4,066",100% bearish,of 2 ratings,$10.50
ARCB,$29.04,1440883215297,"134,492",67% bearish,of 3 ratings,$39.50
RKDA,$6.36,1440883215323,"9,839",100% bearish,of 2 ratings,$10
ACAT,$26.55,1440883215353,"114,131",100% bearish,of 3 ratings,$33
ACGL,$68.1836,1440883215375,"313,921",50% bullish,of 2 ratings,$72
ARNA,$2.71,1440883215457,"2,247,385",90% bullish,of 78 ratings,$5.50
ARCC,$15.6189,1440883215517,"1,375,235",67% bearish,of 3 ratings,$17.875
ARDX,$18.75,1440883215547,"63,461",50% bullish,of 2 ratings,$24.50
AGIIL,$25.36,1440883215649,"11,027",Not yet rated,NULL,N/A
AGII,$54.77,1440883215682,"101,334",Not yet rated,NULL,$59.50
ARGS,$6.16,1440883215703,"18,498",50% bullish,of 2 ratings,$19.50
ARIS,$3.54,1440883215750,"40,749",Not yet rated,NULL,$4.50
ARIA,$9.65,1440883215782,"22,314,095",87% bullish,of 46 ratings,$9
ARMH,$42.62,1440883215883,"865,391",54% bearish,of 13 ratings,$60
ARKR,$24.54,1440883216015,604,50% bullish,of 2 ratings,N/A
ARTX,$1.45,1440883216043,"63,093",88% bullish,of 16 ratings,$4.50
ARWA,NULL,1440883216067,0,Not yet rated,NULL,N/A
ARWAU,NULL,1440883216221,0,100% bullish,of 1 rating,N/A
ARWAR,NULL,1440883216252,0,Not yet rated,NULL,N/A
ARWAW,NULL,1440883216351,0,Not yet rated,NULL,N/A
ARQL,$1.76,1440883216376,"76,309",75% bullish,of 4 ratings,$5
DWAT,$9.98,1440883216409,"2,550",100% bearish,of 1 rating,N/A
ARRS,$26.82,1440883216436,"723,865",50% bullish,of 2 ratings,$38
ARRY,$5.94,1440883216515,"718,947",100% bullish,of 7 ratings,$10
AROW,$27.26,1440883216570,"13,804",Not yet rated,NULL,N/A
ARWR,$5.77,1440883216603,"437,585",75% bullish,of 4 ratings,$10.50
ARTNA,$22.24,1440883216652,"8,516",100% bearish,of 1 rating,$29
ARTW,$4.27,1440883216711,"1,665",75% bearish,of 4 ratings,N/A
ASBB,$24.2,1440883216759,191,Not yet rated,NULL,N/A
ASNA,$12,1440883216979,"3,325,555",50% bullish,of 2 ratings,$18
ASTI,$0.1027,1440883217055,"1,274,925",83% bullish,of 6 ratings,$3
APWC,$1.91,1440883217080,"1,704",100% bearish,of 1 rating,N/A
ASND,$19.17,1440883217124,"58,087",50% bullish,of 2 ratings,$30
ASMI,NULL,1440883217148,0,NULL,NULL,NULL
ASCMA,$27.4,1440883217173,"54,550",100% bearish,of 1 rating,$45
ASMB,$13.33,1440883217228,"40,085",67% bullish,of 3 ratings,N/A
AZPN,$37.9,1440883217322,"471,280",50% bullish,of 2 ratings,$42
ASML,$91.98,1440883217382,"376,653",50% bullish,of 4 ratings,$127
ASFI,$8.9,1440883217413,"6,440",100% bullish,of 1 rating,N/A
ALOT,$13.97,1440883217518,"5,000",100% bearish,of 1 rating,N/A
ASTE,$37.12,1440883217581,"59,288",100% bearish,of 1 rating,$48
ASTC,$2.07,1440883217606,"13,827",100% bullish,of 5 ratings,N/A
ATRO,$52.84,1440883217632,"104,448",100% bearish,of 2 ratings,$80
ASUR,$5.97,1440883217759,"1,342",50% bullish,of 2 ratings,$8
ATAI,$2.53,1440883217785,"5,759",100% bearish,of 1 rating,N/A
ATRA,$40.22,1440883217814,"86,077",50% bullish,of 2 ratings,$68
ATHN,$134.56,1440883217915,"144,558",67% bearish,of 3 ratings,$153
AFCB,$26.58,1440883218048,43,Not yet rated,NULL,N/A
AAME,$3.51,1440883218073,"1,614",Not yet rated,NULL,N/A
ATHX,$1.15,1440883218100,"150,153",89% bullish,of 9 ratings,$5
ACFC,$5.59,1440883218128,"23,302",100% bearish,of 1 rating,$6.50
AAPC,$10.1,1440883218154,524,Not yet rated,NULL,N/A
ATNI,$71.89,1440883218283,"30,836",100% bearish,of 1 rating,$69.50
ATLC,$3.82,1440883218312,"1,000",67% bullish,of 3 ratings,N/A
AAWW,$41.57,1440883218338,"344,090",50% bullish,of 2 ratings,$65
ATML,$8.21,1440883218495,"5,323,862",78% bullish,of 9 ratings,$9.50
AFH,$16.25,1440883218521,"45,444",Not yet rated,NULL,$21.50
ATRM,$2.83,1440883218649,"5,169",50% bullish,of 2 ratings,N/A
ATOS,$0.76,1440883218690,"146,526",100% bullish,of 7 ratings,$7
ATRC,$25.5,1440883218717,"75,032",100% bullish,of 1 rating,$30
ATTU,$13.2582,1440883218750,"43,316",100% bearish,of 1 rating,$20.50
ATRI,$390.57,1440883218792,"1,710",Not yet rated,NULL,N/A
LIFE,$14.79,1440883218883,"59,987",86% bullish,of 7 ratings,$43
AUBN,$26.68,1440883218921,652,Not yet rated,NULL,N/A
AUDC,$3.34,1440883219014,"41,046",80% bullish,of 5 ratings,$5
AUPH,$3.03,1440883219046,"48,213",100% bearish,of 1 rating,$8
EARS,$4.86,1440883219150,"61,876",100% bearish,of 2 ratings,$11.50
ABTL,$17.48,1440883219179,"56,816",100% bullish,of 4 ratings,$20.25
ADAT,$0.2901,1440883219206,"286,619",100% bullish,of 2 ratings,N/A
ADSK,$47.52,1440883219235,"7,664,747",67% bullish,of 6 ratings,$69.50
ADP,$78.41,1440883219340,"1,833,355",100% bearish,of 1 rating,$88
AVGO,$127.49,1440883219415,"2,365,644",88% bullish,of 8 ratings,$165
AAVL,$10.78,1440883219441,"281,210",100% bearish,of 1 rating,$20
AVNU,$12.35,1440883219515,"4,686",Not yet rated,NULL,$14
AVID,$8.51,1440883219613,"262,047",100% bearish,of 1 rating,$20
AVEO,$1.42,1440883219641,"525,234",75% bullish,of 8 ratings,$3
AVNW,$1.13,1440883219710,"120,526",50% bullish,of 2 ratings,$2.20
AVGR,$14.96,1440883219769,"28,648",100% bearish,of 1 rating,$20
CAR,$43.59,1440883219842,"772,875",80% bullish,of 5 ratings,$60
AWRE,$3.18,1440883219873,"9,746",67% bullish,of 3 ratings,N/A
AXPW,$1.06,1440883219894,"50,386",83% bullish,of 6 ratings,N/A
ACLS,$3.17,1440883220029,"211,572",67% bullish,of 6 ratings,$4.75
AXPWW,NULL,1440883220050,0,Not yet rated,NULL,N/A
AXTI,$2.2,1440883220085,"30,041",50% bullish,of 2 ratings,$2.75
AXGN,$4.88,1440883220129,"266,524",Not yet rated,NULL,$5
BCOM,$18.86,1440883220182,80,100% bearish,of 1 rating,N/A
RILY,NULL,1440883220228,0,Not yet rated,NULL,N/A
BOSC,$2.17,1440883220284,"2,700",50% bullish,of 2 ratings,N/A
BEAV,$49.39,1440883220311,"564,180",67% bearish,of 3 ratings,$59
BIDU,$152.41,1440883220492,"2,202,325",81% bullish,of 88 ratings,$210
BWINA,NULL,1440883220546,0,Not yet rated,NULL,N/A
BCPC,$58.23,1440883220574,"129,590",100% bearish,of 1 rating,$75
BWINB,$23.05,1440883220621,"5,630",Not yet rated,NULL,N/A
BLDP,$1.28,1440883220707,"333,343",91% bullish,of 22 ratings,$2.50
BANF,$59.87,1440883220733,"10,874",Not yet rated,NULL,$68
BANFP,NULL,1440883220759,0,Not yet rated,NULL,N/A
BKMU,$7.2,1440883220789,"106,117",Not yet rated,NULL,$8
BOCH,$5.75,1440883220861,"7,098",Not yet rated,NULL,$6.50
BMRC,$47.78,1440883220960,"6,078",Not yet rated,NULL,$52
BWFG,$17.89,1440883221102,"86,221",100% bearish,of 1 rating,N/A
BKSC,$16.38,1440883221129,"1,895",Not yet rated,NULL,N/A
BOTJ,$10.93,1440883221150,51,Not yet rated,NULL,N/A
BFIN,$11.98,1440883221171,"805,971",Not yet rated,NULL,$13
OZRK,$41.65,1440883221210,"340,296",67% bullish,of 3 ratings,$49.50
BANR,$43.67,1440883221308,"52,487",100% bullish,of 3 ratings,$50
BZUN,$5.29,1440883221336,"324,008",50% bullish,of 2 ratings,$11.50
BHACU,NULL,1440883221467,0,Not yet rated,NULL,N/A
BHACW,NULL,1440883221496,0,Not yet rated,NULL,N/A
TAPR,$31.36,1440883221528,"1,065",100% bearish,of 1 rating,N/A
BHACR,NULL,1440883221549,0,Not yet rated,NULL,N/A
BHAC,$9.81,1440883221627,400,Not yet rated,NULL,N/A
BSET,$28.97,1440883221679,"65,844",100% bearish,of 1 rating,$35
BBSI,$35.46,1440883221704,"44,948",67% bearish,of 3 ratings,$62.50
BYBK,$4.88,1440883221835,"12,262",100% bearish,of 1 rating,N/A
BYLK,$12.75,1440883221918,"3,944",Not yet rated,NULL,$14
BV,$5.16,1440883221969,"390,911",67% bullish,of 6 ratings,$9
BBCN,$14.41,1440883221998,"235,503",100% bearish,of 1 rating,$16
BCBP,$11.51,1440883222024,"2,786",Not yet rated,NULL,N/A
BSF,$8.56,1440883222100,"14,316",Not yet rated,NULL,N/A
BDCV,$4.92,1440883222170,"8,428",100% bearish,of 1 rating,$10.19
BECN,$35.38,1440883222231,"319,053",50% bullish,of 2 ratings,$40
BBGI,$4.07,1440883222260,514,100% bearish,of 1 rating,N/A
BELFA,$16.95,1440883222360,24,100% bearish,of 1 rating,N/A
BEBE,$1.35,1440883222450,"2,507,789",75% bullish,of 4 ratings,$3.075
BELFB,$17.97,1440883222489,"23,081",100% bearish,of 1 rating,N/A
BBBY,$62.32,1440883222520,"1,490,780",71% bullish,of 7 ratings,$75
BLPH,$5.04,1440883222621,"6,129",100% bearish,of 1 rating,$12.50
BNCL,$12.42,1440883222645,"203,255",100% bullish,of 3 ratings,$12.50
BNFT,$36.35,1440883222717,"83,611",67% bullish,of 3 ratings,$46
BLCM,$17.34,1440883222783,"156,508",50% bullish,of 4 ratings,$40
BGCP,$8.735,1440883222853,"654,941",88% bullish,of 8 ratings,$14
BGFV,$11.1,1440883222914,"86,024",57% bullish,of 7 ratings,$12
ORPN,$5.97,1440883223074,"20,587",100% bullish,of 1 rating,$28.50
BIND,$4.45,1440883223251,"49,598",75% bullish,of 4 ratings,$13.50
BIOC,$1.98,1440883223301,"102,773",83% bullish,of 6 ratings,$3.85
BGMD,$0.7251,1440883223329,"219,421",100% bullish,of 10 ratings,N/A
BCDA,NULL,1440883223350,0,Not yet rated,NULL,N/A
BASI,$1.6,1440883223371,"3,810",Not yet rated,NULL,N/A
BNTC,$7.9937,1440883223405,"46,904",100% bullish,of 1 rating,N/A
BCRX,$11.42,1440883223538,"314,110",63% bullish,of 8 ratings,$18
BIOD,$0.6435,1440883223564,"49,279",80% bullish,of 5 ratings,$4
BDSI,$6.87,1440883223629,"493,039",88% bullish,of 8 ratings,$17
BIIB,$303.69,1440883223690,"1,407,281",88% bullish,of 16 ratings,$400
BIOL,$1.43,1440883223731,"19,466",Not yet rated,NULL,N/A
BLRX,$1.53,1440883223790,"208,226",100% bullish,of 12 ratings,$5
BLFS,$1.98,1440883223816,"21,237",100% bearish,of 1 rating,$4.75
BMRN,$132.0147,1440883223887,"575,644",80% bullish,of 5 ratings,$160
BVXVW,$0.7,1440883224088,300,100% bearish,of 1 rating,N/A
BRLI,NULL,1440883224117,0,NULL,NULL,NULL
BPTH,$1.11,1440883224149,"55,103",100% bullish,of 2 ratings,$5
BVXV,$3.6325,1440883224192,"2,361",Not yet rated,NULL,N/A
BIOS,$2.46,1440883224227,"689,760",71% bullish,of 7 ratings,$4
BSTC,$52.12,1440883224255,"40,800",100% bearish,of 1 rating,$76
BBP,$33.4,1440883224322,"19,508",Not yet rated,NULL,N/A
BBC,$31.95,1440883224347,"9,881",Not yet rated,NULL,N/A
BOTA,$2.18,1440883224485,"25,205",88% bullish,of 8 ratings,N/A
BSPM,$0.67,1440883224519,"65,101",50% bullish,of 2 ratings,N/A
BITI,$17.095,1440883224666,"19,344",100% bullish,of 1 rating,$28
BEAT,$14.67,1440883224699,"218,630",67% bearish,of 3 ratings,$15
TECH,$96.5,1440883224742,"280,906",100% bullish,of 1 rating,$117
BDMS,$12.64,1440883224798,84,100% bearish,of 1 rating,N/A
BBOX,$15.07,1440883224824,"96,363",100% bearish,of 1 rating,N/A
BDE,$7.5,1440883224886,"75,507",50% bullish,of 2 ratings,$9
BJRI,$44.26,1440883224956,"170,972",50% bullish,of 2 ratings,$55
BLKB,$57.86,1440883225020,"156,655",100% bearish,of 2 ratings,$66
BBRY,$7.32,1440883225117,"3,500,684",61% bullish,of 330 ratings,$9
ADRA,$27.5,1440883225146,"2,800",100% bearish,of 1 rating,N/A
HAWK,$40.26,1440883225252,"239,630",91% bullish,of 11 ratings,$49
BKCC,$9.304,1440883225312,"302,275",50% bullish,of 2 ratings,$10
ADRD,$22.21,1440883225353,"11,305",100% bearish,of 1 rating,N/A
ADRE,$30.08,1440883225411,"10,155",100% bearish,of 1 rating,N/A
ADRU,$21.9113,1440883225458,"1,280",100% bearish,of 1 rating,N/A
BLMN,$20.51,1440883225487,"1,243,002",83% bullish,of 6 ratings,$27.50
BCOR,$13.81,1440883225588,"189,735",57% bullish,of 7 ratings,$15
BLBD,$11.96,1440883225637,"9,660",Not yet rated,NULL,N/A
BUFF,$26.31,1440883225662,"184,065",83% bullish,of 12 ratings,$31.50
BBLU,$0.78,1440883225798,"112,994",100% bullish,of 2 ratings,$4.43
BHBK,$13.84,1440883225904,"32,621",100% bullish,of 1 rating,$14.50
NILE,$34.3,1440883225966,"81,168",50% bullish,of 2 ratings,$34
BLUE,$137.47,1440883226378,"296,264",71% bullish,of 7 ratings,$217.50
BKEP,$6.34,1440883226407,"19,498",100% bearish,of 1 rating,$8.50
BPMC,$26.84,1440883226428,"69,527",50% bullish,of 2 ratings,$47.50
BKEPP,$7.61,1440883226457,"6,200",100% bearish,of 1 rating,N/A
BNCN,$20.56,1440883226483,"117,776",Not yet rated,NULL,$24
BOBE,$43.6,1440883226616,"117,836",75% bullish,of 4 ratings,$57
WIFI,$7.62,1440883226745,"145,572",50% bullish,of 2 ratings,$13.50
BOJA,$21.44,1440883226802,"58,055",100% bullish,of 1 rating,$30
BOKF,$62.3925,1440883226827,"164,013",100% bearish,of 1 rating,$69
BOFI,$117.62,1440883226848,"213,540",100% bullish,of 6 ratings,$144
BONA,$11.64,1440883226870,"107,333",75% bullish,of 4 ratings,$8.50
BAMM,$3.1,1440883227006,"24,796",60% bullish,of 5 ratings,N/A
BPFH,$11.79,1440883227033,"250,539",100% bearish,of 1 rating,$14
BNSO,$1.31,1440883227054,630,100% bearish,of 1 rating,N/A
BPFHW,$5.15,1440883227086,"3,330",100% bearish,of 1 rating,N/A
BPFHP,$24.85,1440883227184,"11,250",100% bearish,of 1 rating,N/A
BDBD,$8.39,1440883227373,"451,957",60% bullish,of 5 ratings,$10
BBRG,$12.72,1440883227409,"69,040",67% bullish,of 3 ratings,$14.50
EPAY,$26.94,1440883227431,"177,935",100% bearish,of 2 ratings,$30
BCLI,$3.04,1440883227460,"50,501",80% bullish,of 5 ratings,$12
BBEP,$2.94,1440883227504,"2,796,108",69% bullish,of 13 ratings,$5.625
BBEPP,$13.4,1440883227634,"61,890",100% bearish,of 1 rating,N/A
BDGE,$26.21,1440883227768,"17,166",Not yet rated,NULL,$31.75
BLIN,$1.36,1440883227794,"5,087",100% bullish,of 2 ratings,$2.20
BRCM,$51.79,1440883227854,"2,529,830",75% bullish,of 12 ratings,$56
BRID,NULL,1440883227954,0,100% bearish,of 1 rating,N/A
BCOV,$5.32,1440883227980,"68,688",67% bullish,of 3 ratings,$10.20
BVSN,$6.01,1440883228111,"13,669",60% bearish,of 5 ratings,N/A
BSFT,$31.63,1440883228143,"88,378",57% bullish,of 7 ratings,$40.50
BWEN,$3.18,1440883228173,"34,309",100% bullish,of 3 ratings,$8
BYFC,$1.36,1440883228203,"5,967",50% bullish,of 2 ratings,N/A
BRCD,$10.553,1440883228237,"2,104,384",92% bullish,of 13 ratings,$11.50
BRKS,$10.41,1440883228269,"127,627",67% bullish,of 3 ratings,$15.25
BRKL,$10.51,1440883228371,"272,340",100% bearish,of 1 rating,$10.75
BRKR,$18.4692,1440883228396,"392,981",100% bearish,of 2 ratings,$22
BMTC,$29.2,1440883228578,"98,064",Not yet rated,NULL,$34
BLMT,$20.6,1440883228637,"11,270",Not yet rated,NULL,N/A
BLDR,$14.48,1440883228832,"484,766",67% bullish,of 3 ratings,$22
BWLD,$194.06,1440883228865,"166,257",82% bullish,of 11 ratings,$205
BUR,$1.74,1440883229000,"6,743",100% bearish,of 1 rating,$8
CFFI,$36.19,1440883229059,"7,589",100% bearish,of 1 rating,N/A
BSQR,$6.15,1440883229138,"55,497",67% bullish,of 3 ratings,N/A
CHRW,$67.2467,1440883229269,"1,365,634",Not yet rated,NULL,$72
CDNS,$20.14,1440883229362,"1,265,237",75% bullish,of 4 ratings,$22.50
CSTE,$40.5,1440883229403,"114,834",50% bullish,of 2 ratings,$65
CZR,$9.17,1440883229431,"738,436",60% bearish,of 5 ratings,$10.50
CACQ,$7.53,1440883229464,"56,359",100% bearish,of 1 rating,$12.25
PRSS,$4.55,1440883229505,"10,528",80% bullish,of 5 ratings,$4.50
CA,$27.26,1440883229564,"2,293,564",50% bullish,of 4 ratings,$33
CCMP,$43.53,1440883229591,"79,642",50% bullish,of 2 ratings,$59
CDZI,$8.14,1440883229638,"84,491",100% bearish,of 1 rating,N/A
CLBS,$1.44,1440883229724,"118,591",79% bullish,of 14 ratings,$4
CHY,$11.47,1440883229769,"160,991",Not yet rated,NULL,N/A
CLMS,$10.61,1440883229819,"65,837",Not yet rated,NULL,$10.50
CCD,$19.38,1440883229897,"81,611",Not yet rated,NULL,N/A
CHI,$10.6,1440883229947,"101,782",100% bearish,of 1 rating,N/A
CFGE,NULL,1440883230000,0,Not yet rated,NULL,N/A
CHW,$7.64,1440883230105,"278,918",100% bearish,of 1 rating,N/A
CGO,$12.01,1440883230161,"13,619",100% bearish,of 1 rating,N/A
CSQ,$9.96,1440883230189,"222,801",Not yet rated,NULL,N/A
CAMP,$16.59,1440883230234,"249,483",88% bullish,of 8 ratings,$25
CALA,$5.78,1440883230318,"350,686",100% bullish,of 3 ratings,$19.50
CVGW,$59.23,1440883230343,"104,521",50% bullish,of 2 ratings,$58.50
CFNB,$13.31,1440883230505,301,100% bearish,of 1 rating,N/A
CLMT,$26.1156,1440883230532,"157,345",75% bullish,of 8 ratings,$31
CALM,$50.25,1440883230553,"273,365",80% bullish,of 5 ratings,$65
CALD,$15.94,1440883230583,"214,263",100% bearish,of 1 rating,$21
ABCD,$5.28,1440883230604,"155,994",83% bullish,of 6 ratings,N/A
CAMB,$9.95,1440883230775,"3,000",Not yet rated,NULL,N/A
CAMBU,NULL,1440883230929,0,100% bearish,of 1 rating,N/A
CAMBW,NULL,1440883231086,0,Not yet rated,NULL,N/A
CAC,$40.25,1440883231111,"5,351",Not yet rated,NULL,N/A
CAMT,$2.72,1440883231256,"11,795",73% bullish,of 11 ratings,$4
CSIQ,$18.9253,1440883231328,"1,536,120",86% bullish,of 28 ratings,$42.50
CBNJ,$11.09,1440883231390,"17,605",100% bullish,of 1 rating,N/A
CGIX,$9.96,1440883231419,"20,078",67% bullish,of 3 ratings,$14.375
CPHC,$10.3,1440883231440,"1,608",100% bearish,of 1 rating,N/A
CCBG,$14.99,1440883231461,"18,070",Not yet rated,NULL,$17.25
CPLP,$6.85,1440883231492,"246,034",71% bullish,of 7 ratings,$11
CPLA,$49.2,1440883232047,"111,385",67% bearish,of 3 ratings,$65
CBF,$29.0025,1440883232182,"163,441",Not yet rated,NULL,$32
CAPN,$2.27,1440883232285,"216,917",100% bullish,of 1 rating,$10.85
CFFN,$12.03,1440883232356,"444,730",Not yet rated,NULL,$12.75
CPTA,$13.69,1440883232383,"45,514",100% bearish,of 1 rating,$18.50
CAPNW,NULL,1440883232465,0,Not yet rated,NULL,N/A
CAPR,$4.28,1440883232515,"3,636",Not yet rated,NULL,$12
CARA,$19.25,1440883232541,"104,767",50% bullish,of 4 ratings,$25
CPST,$0.4182,1440883232598,"1,396,611",95% bullish,of 22 ratings,$1.25
CSWC,$45.86,1440883232623,"14,727",Not yet rated,NULL,N/A
CARB,$11.28,1440883232755,"80,399",75% bullish,of 4 ratings,$12
CBYL,$5.38,1440883232964,"28,815",100% bearish,of 1 rating,$20
CRDC,$0.37,1440883233022,"98,459",100% bullish,of 1 rating,$1.25
CFNL,$21.88,1440883233069,"97,527",Not yet rated,NULL,$24
CRME,$8.86,1440883233095,"6,283",89% bullish,of 9 ratings,$11.25
CSII,$24.24,1440883233127,"97,779",100% bearish,of 2 ratings,$42.125
CATM,$34.65,1440883233379,"145,056",100% bearish,of 1 rating,$44
CECO,$3.78,1440883233514,"325,880",67% bearish,of 3 ratings,$6
CDNA,$6.86,1440883233556,"9,849",100% bearish,of 1 rating,$9
CART,$5.35,1440883233581,"1,687",100% bearish,of 1 rating,N/A
CTRE,$11.32,1440883233614,"366,158",50% bullish,of 2 ratings,$13.50
CKEC,$23.45,1440883233644,"112,092",50% bullish,of 2 ratings,$35.915
CARO,$15.52,1440883233716,686,100% bearish,of 1 rating,$19
CLBH,$12.7,1440883233743,"1,504",Not yet rated,NULL,$16.50
CRZO,$35.27,1440883233769,"1,680,807",67% bearish,of 3 ratings,$55
TAST,$12.68,1440883233899,"294,920",Not yet rated,NULL,$14.25
CACB,$5.28,1440883233931,"28,460",Not yet rated,NULL,$5.50
CRTN,$2.49,1440883233961,"4,420",100% bearish,of 1 rating,N/A
CASM,$1.13,1440883233987,"169,953",100% bullish,of 1 rating,$3.50
CARV,$7,1440883234025,"3,573",50% bullish,of 2 ratings,N/A
CWST,$6.25,1440883234118,"94,168",50% bullish,of 2 ratings,$7.25
CSCD,$14.97,1440883234143,"29,328",100% bullish,of 2 ratings,$17
CASY,$106.08,1440883234350,"164,558",50% bullish,of 2 ratings,$99.50
CASI,$1.45,1440883234384,"16,210",100% bullish,of 1 rating,$3.50
CASS,$48.74,1440883234439,"12,195",100% bearish,of 1 rating,N/A
CPRX,$3.64,1440883234485,"252,829",71% bullish,of 7 ratings,$7
CATYW,NULL,1440883234516,0,100% bearish,of 1 rating,N/A
CATY,$29.47,1440883234537,"526,220",100% bearish,of 1 rating,$33.50
CATB,$12.3,1440883234585,"12,584",100% bearish,of 1 rating,$28
CVCO,$71.58,1440883234614,"22,860",100% bearish,of 1 rating,N/A
CNLM,$9.92,1440883234714,"5,100",Not yet rated,NULL,N/A
CBFV,$20.23,1440883234772,"1,904",Not yet rated,NULL,$25
CAVM,$68.35,1440883234802,"259,220",67% bearish,of 3 ratings,$72
CNLMR,NULL,1440883234828,0,Not yet rated,NULL,N/A
CNLMU,NULL,1440883234987,0,100% bullish,of 1 rating,N/A
CNLMW,NULL,1440883235037,0,Not yet rated,NULL,N/A
CBOE,$63.82,1440883235168,"270,550",Not yet rated,NULL,$60
CDK,$49.69,1440883235201,"401,908",67% bearish,of 3 ratings,$50
CDW,$39.95,1440883235228,"682,521",75% bullish,of 4 ratings,$44
CPXX,$2.09,1440883235298,"73,775",100% bullish,of 2 ratings,$7
CECE,$9.72,1440883235323,"43,721",50% bullish,of 2 ratings,$16
CELG,$123.72,1440883235355,"3,113,278",92% bullish,of 13 ratings,$155.50
CELGZ,$1.84,1440883235397,130,80% bullish,of 5 ratings,N/A
CLDN,$1.11,1440883235456,"380,623",71% bullish,of 7 ratings,$3
CLRB,$3.07,1440883235490,"3,191",100% bearish,of 1 rating,N/A
CLDX,$15.36,1440883235522,"795,869",89% bullish,of 9 ratings,$36
CLRBW,NULL,1440883235547,0,Not yet rated,NULL,N/A
CBMG,$23.56,1440883235682,"38,037",50% bullish,of 2 ratings,N/A
CLLS,$33.23,1440883235711,"43,557",75% bullish,of 4 ratings,$51.50
CLSN,$2.06,1440883235812,"73,145",80% bullish,of 10 ratings,$7.50
CLTX,$2.42,1440883235908,"133,553",100% bullish,of 2 ratings,N/A
CYAD,NULL,1440883235940,0,100% bullish,of 1 rating,$87.50
CSFL,$13.59,1440883236007,"87,153",Not yet rated,NULL,$15
CETX,$2.36,1440883236036,"4,400",Not yet rated,NULL,$5.60
CEMP,$35.8,1440883236059,"347,148",71% bullish,of 7 ratings,$52
CETV,$2.14,1440883236139,"134,612",67% bullish,of 3 ratings,$2.80
CENT,$12.18,1440883236195,"51,466",Not yet rated,NULL,$10
CFBK,$1.37,1440883236225,"2,096",Not yet rated,NULL,N/A
CENX,$5.51,1440883236334,"2,154,129",67% bullish,of 6 ratings,$9
CENTA,$12.55,1440883236363,"406,884",Not yet rated,NULL,N/A
CVCY,$11.26,1440883236388,"19,319",Not yet rated,NULL,$12
CNTY,$5.65,1440883236413,"30,032",80% bullish,of 5 ratings,$7.75
CRNT,$1.43,1440883236655,"82,256",50% bullish,of 2 ratings,$2
CPHD,$50.36,1440883236689,"387,374",67% bearish,of 3 ratings,$66.50
CERN,$63.13,1440883236818,"1,747,634",67% bullish,of 3 ratings,$79
CERS,$4.85,1440883236852,"305,160",75% bullish,of 4 ratings,$7
CERU,$3.78,1440883236918,"42,073",75% bullish,of 4 ratings,$15
CEVA,$19.13,1440883236945,"98,749",100% bearish,of 1 rating,$25
CNBKA,$41.6,1440883236972,"1,243",50% bullish,of 2 ratings,N/A
CERE,$1.14,1440883237001,"230,627",88% bullish,of 8 ratings,N/A
KOOL,$0.67,1440883237026,"40,840",100% bullish,of 5 ratings,$7
HOTRW,NULL,1440883237222,0,Not yet rated,NULL,N/A
GTLS,$24.36,1440883237328,"352,866",50% bullish,of 4 ratings,$40
HOTR,$1.42,1440883237359,"119,259",100% bullish,of 2 ratings,$5
CYOU,$20.64,1440883237380,"99,352",50% bullish,of 6 ratings,$24
CTHR,$1.3,1440883237412,"7,326",50% bullish,of 2 ratings,$2.50
CHFN,$12.38,1440883237459,"17,917",Not yet rated,NULL,$14
CHTR,$180.1921,1440883237543,"506,492",100% bearish,of 2 ratings,$196
CHFC,$31.4,1440883237690,"83,177",100% bearish,of 1 rating,$36
CHEK,$2.1,1440883237722,"3,047",Not yet rated,NULL,$7.75
CHKP,$78.7204,1440883237743,"690,963",50% bullish,of 4 ratings,$92
CEMI,$4.25,1440883237776,"18,500",50% bullish,of 2 ratings,$7.50
CHEKW,NULL,1440883237797,0,Not yet rated,NULL,N/A
CCXI,$6.5,1440883237835,"58,200",67% bullish,of 3 ratings,$14
CHKE,$25.46,1440883237931,"11,637",100% bearish,of 1 rating,$32.50
CHMG,$26.15,1440883237961,520,Not yet rated,NULL,$30
CHEV,$14.42,1440883238025,"2,230",Not yet rated,NULL,N/A
CHMA,$25.42,1440883238095,"56,946",Not yet rated,NULL,$40
CBNK,$16.25,1440883238250,"7,266",100% bearish,of 1 rating,N/A
PLCE,$59.63,1440883238298,"171,366",100% bearish,of 1 rating,$69
CADC,NULL,1440883238332,0,78% bullish,of 9 ratings,N/A
CBPO,$99.9369,1440883238428,"135,210",75% bullish,of 8 ratings,$140.50
CBAK,$2.02,1440883238474,"47,677",67% bullish,of 9 ratings,N/A
CALI,$0.89,1440883238507,"13,298",67% bullish,of 3 ratings,N/A
CMRX,$50.48,1440883238528,"233,277",50% bullish,of 2 ratings,$57
CAAS,$6.55,1440883238559,"22,438",93% bullish,of 14 ratings,$11.50
CCCL,$0.783,1440883238608,"8,319",100% bullish,of 6 ratings,N/A
JRJC,$3.64,1440883238835,"75,212",82% bullish,of 11 ratings,N/A
CCCR,$0.79,1440883238868,"1,440",67% bearish,of 3 ratings,N/A
CHLN,$1.99,1440883239001,"5,524",67% bullish,of 3 ratings,N/A
HGSH,$1.81,1440883239028,"5,114",67% bullish,of 3 ratings,N/A
CHOP,$1.16,1440883239054,"3,443",50% bullish,of 2 ratings,N/A
CNIT,$1.37,1440883239087,"110,498",67% bullish,of 6 ratings,N/A
HTHT,$25.57,1440883239162,"81,705",50% bullish,of 2 ratings,$28.40
CJJD,$1.87,1440883239192,"12,291",100% bullish,of 1 rating,N/A
CHNR,$1.57,1440883239268,"4,716",100% bearish,of 1 rating,N/A
CREG,$0.7,1440883239322,"37,457",100% bullish,of 3 ratings,N/A
CSUN,$1.48,1440883239351,"12,166",80% bullish,of 5 ratings,N/A
CNTF,$0.804,1440883239379,"91,538",Not yet rated,NULL,N/A
CXDC,$5.72,1440883239405,"37,730",67% bearish,of 3 ratings,N/A
CPGI,NULL,1440883239481,0,Not yet rated,NULL,N/A
CNYD,$3.35,1440883239558,"14,299",67% bullish,of 3 ratings,N/A
CCIH,$7.31,1440883239642,"195,215",67% bullish,of 6 ratings,$12.65
CNET,$0.898,1440883239882,"40,200",50% bullish,of 2 ratings,N/A
IMOS,$18.56,1440883239912,"157,340",60% bullish,of 5 ratings,$21.50
CHSCM,$26.12,1440883240018,"14,760",Not yet rated,NULL,N/A
CHSCL,$27.01,1440883240066,"14,960",Not yet rated,NULL,N/A
CHSCO,$28.31,1440883240092,"2,888",Not yet rated,NULL,N/A
CHSCN,$27.27,1440883240113,"2,175",Not yet rated,NULL,N/A
CHDN,$133.5,1440883240163,"100,896",Not yet rated,NULL,$165
CHSCP,$30.51,1440883240188,"4,500",Not yet rated,NULL,N/A
CHUY,$31.57,1440883240248,"143,174",50% bullish,of 2 ratings,$34
CDTX,$14.67,1440883240323,"15,045",Not yet rated,NULL,$22
CINF,$52.79,1440883240495,"561,411",50% bullish,of 4 ratings,$50.50
CIDM,$0.5736,1440883240544,"95,380",50% bullish,of 2 ratings,$2.10
CMCT,$15.3899,1440883240566,200,100% bearish,of 1 rating,N/A
CIFC,$7.04,1440883240591,"4,824",100% bearish,of 1 rating,N/A
CMPR,$73.46,1440883240619,"272,387",50% bullish,of 2 ratings,$72.50
CTAS,$85.3785,1440883240778,"330,304",100% bearish,of 1 rating,$91
CPHR,$5.33,1440883240821,"49,892",100% bearish,of 1 rating,$17
CRUS,$30.21,1440883240853,"732,197",75% bullish,of 12 ratings,$44.50
CTRN,$26.73,1440883240887,"81,046",100% bearish,of 1 rating,$31.50
CZWI,$8.97,1440883240908,974,Not yet rated,NULL,N/A
CZNC,$19.84,1440883240930,"9,181",Not yet rated,NULL,N/A
CZFC,NULL,1440883240971,0,Not yet rated,NULL,N/A
CSCO,$26.02,1440883240992,"21,265,874",84% bullish,of 209 ratings,$32
CIZN,$19.33,1440883241128,"2,439",Not yet rated,NULL,N/A
CTXS,$68.69,1440883241204,"1,229,256",86% bullish,of 7 ratings,$80
CHCO,$47.25,1440883241277,"42,647",Not yet rated,NULL,$46
CIVB,$10.07,1440883241380,"6,435",Not yet rated,NULL,$11
CIVBP,$33.21,1440883241515,353,Not yet rated,NULL,N/A
CLFD,$17.21,1440883241541,"38,655",67% bullish,of 3 ratings,$18
CLNE,$5.18,1440883241562,"972,530",80% bullish,of 15 ratings,$9
CLNT,$1.5,1440883241593,"17,654",75% bullish,of 8 ratings,N/A
CLIR,$4.67,1440883241616,"79,948",100% bullish,of 3 ratings,N/A
CDTI,$1.61,1440883241637,"54,168",75% bullish,of 4 ratings,$3.20
CLRO,$11.51,1440883241775,"4,079",50% bullish,of 2 ratings,$14.25
CSBK,$13.62,1440883241801,"66,040",Not yet rated,NULL,N/A
CBLI,$3.8,1440883242620,"30,681",60% bullish,of 5 ratings,N/A
CMFN,$11.17,1440883242872,"26,820",100% bearish,of 1 rating,$15.50
CME,$94.62,1440883242897,"1,009,749",67% bullish,of 3 ratings,$102
CLVS,$80.54,1440883243075,"406,345",60% bullish,of 5 ratings,$101.50
CWAY,$11.11,1440883243505,"4,726",Not yet rated,NULL,N/A
CISG,$7.81,1440883243534,"67,936",100% bullish,of 5 ratings,$10
CNV,$4.43,1440883243556,"28,444",50% bullish,of 2 ratings,$7.15
COBZ,$12.84,1440883243594,"40,728",100% bullish,of 1 rating,$14
CVLY,$20.32,1440883243616,722,Not yet rated,NULL,N/A
COKE,$157.56,1440883243641,"23,920",79% bullish,of 19 ratings,N/A
CDRB,$13.97,1440883243685,"24,525",67% bullish,of 3 ratings,N/A
CCNE,$16.98,1440883243710,"9,188",50% bullish,of 2 ratings,$21.50
JVA,$4.63,1440883243871,"11,572",83% bullish,of 6 ratings,$7
CDXS,$3.8,1440883243903,"19,698",64% bullish,of 11 ratings,$6
CCOI,$27.46,1440883243927,"445,468",50% bullish,of 4 ratings,$35
CGNX,$35.49,1440883243957,"359,217",50% bullish,of 2 ratings,$47
CGNT,$1.53,1440883244004,"56,889",100% bullish,of 2 ratings,$2
CTSH,$63.72,1440883244094,"2,758,536",90% bullish,of 10 ratings,$75
COHR,$57.83,1440883244133,"78,704",50% bullish,of 2 ratings,$72
CHRS,$28.98,1440883244265,"79,672",67% bearish,of 3 ratings,$37
COHU,$9.65,1440883244291,"127,716",100% bearish,of 1 rating,$14.25
CIGI,$43.29,1440883244421,"40,937",100% bearish,of 1 rating,$52
CLCT,$18.27,1440883244454,"26,386",100% bearish,of 1 rating,N/A
CLCD,$6.63,1440883244515,"68,876",100% bearish,of 1 rating,$20.50
CBAN,$8.75,1440883244548,"1,516",Not yet rated,NULL,N/A
COLL,$15.34,1440883244581,"40,817",100% bearish,of 1 rating,$26
CLRX,$0.54,1440883244609,"44,213",50% bullish,of 2 ratings,N/A
COLB,$30.05,1440883244683,"150,126",Not yet rated,NULL,$36
CMCO,$18.73,1440883244746,"73,520",60% bullish,of 5 ratings,$28
COLM,$60.64,1440883244772,"88,479",100% bearish,of 1 rating,$71
CBMX,$1.1,1440883244899,"19,525",83% bullish,of 6 ratings,$3.15
CMCSK,$57.62,1440883244924,"1,941,868",Not yet rated,NULL,$84
CMCSA,$56.77,1440883245053,"7,743,132",66% bullish,of 35 ratings,$69.50
CBSHP,$25.42,1440883245109,"26,034",100% bearish,of 1 rating,N/A
CBSH,$44.5989,1440883245138,"229,533",50% bullish,of 2 ratings,$46
CUBN,NULL,1440883245166,0,Not yet rated,NULL,N/A
CVGI,$4.96,1440883245197,"43,835",50% bullish,of 2 ratings,$6
JCS,$8.61,1440883245240,"7,525",67% bullish,of 3 ratings,N/A
COMM,$31.9,1440883245296,"725,355",67% bearish,of 3 ratings,$35
CSAL,$20.6041,1440883245336,"433,349",75% bullish,of 4 ratings,$30
ESXB,$5.06,1440883245467,"3,468",Not yet rated,NULL,N/A
CTBI,$34.87,1440883245496,"53,139",Not yet rated,NULL,$36
CYHHZ,$0.01,1440883245517,"76,000",100% bullish,of 1 rating,N/A
CWBC,$6.7,1440883245538,"1,519",Not yet rated,NULL,N/A
COB,$10.44,1440883245679,"13,253",100% bullish,of 1 rating,$11.75
CVLT,$35.7,1440883245727,"499,857",75% bullish,of 4 ratings,$44.50
CIZ,$33.45,1440883245804,"1,507",100% bearish,of 1 rating,N/A
CID,NULL,1440883245861,0,Not yet rated,NULL,N/A
CIL,NULL,1440883245886,0,Not yet rated,NULL,N/A
CSA,NULL,1440883245906,0,Not yet rated,NULL,N/A
CDC,$34.78,1440883245940,"3,743",Not yet rated,NULL,N/A
CSF,$36.75,1440883246050,"4,489",100% bearish,of 1 rating,N/A
CFO,$35.63,1440883246182,"150,250",100% bearish,of 1 rating,N/A
CFA,$35.7,1440883246209,900,100% bearish,of 1 rating,N/A
CDL,NULL,1440883246236,0,Not yet rated,NULL,N/A
CSB,$32.92,1440883246265,200,Not yet rated,NULL,N/A
CGEN,$5.2,1440883246376,"49,804",50% bullish,of 2 ratings,$11
CPSI,$45.63,1440883246402,"70,148",100% bearish,of 1 rating,$45.50
CTG,$6.51,1440883246423,"63,423",100% bearish,of 1 rating,$8.50
SCOR,$53.74,1440883246567,"303,382",100% bearish,of 1 rating,$66
CMTL,$25.29,1440883246614,"132,707",100% bearish,of 2 ratings,$37
CHCI,$0.65,1440883246639,"20,669",50% bullish,of 2 ratings,N/A
CNSI,$18.77,1440883246697,"63,344",100% bearish,of 2 ratings,$29
CNAT,$4.05,1440883246722,"58,100",83% bullish,of 6 ratings,$13
CNCE,$15.95,1440883246771,"103,480",75% bullish,of 4 ratings,$22
CXRX,$75.05,1440883246801,"5,908",100% bearish,of 1 rating,$90
CCUR,$5.46,1440883246903,"80,309",75% bullish,of 4 ratings,N/A
CDOR,$1.35,1440883246932,"4,361",100% bullish,of 1 rating,N/A
CFMS,$19.77,1440883247104,"86,468",Not yet rated,NULL,$27
CDORP,$7,1440883247132,400,100% bearish,of 1 rating,N/A
CDORO,$18.95,1440883247156,"1,200",100% bearish,of 1 rating,N/A
CNFR,$10.18,1440883247188,"11,241",Not yet rated,NULL,N/A
CTWS,$34.5,1440883247213,"20,376",100% bearish,of 1 rating,$44
CNMD,$53.23,1440883247260,"80,020",Not yet rated,NULL,$59
CNOB,$19.01,1440883247394,"42,656",100% bullish,of 1 rating,$23.50
CNXR,$6.93,1440883247457,"72,869",100% bearish,of 1 rating,$12
CNSL,$19.76,1440883247484,"196,877",100% bearish,of 1 rating,$23
CONN,$29.44,1440883247510,"528,417",67% bullish,of 3 ratings,$48.50
CTCT,$25.04,1440883247555,"195,271",67% bullish,of 3 ratings,$37
CWCO,$10.94,1440883247580,"91,573",67% bullish,of 3 ratings,$14.50
CPSS,$5.6,1440883247713,"22,982",100% bullish,of 1 rating,$10
CFRX,$5.08,1440883247788,"7,722",Not yet rated,NULL,$14
CFRXW,$1.95,1440883247849,"2,650",100% bearish,of 1 rating,N/A
CFRXZ,$0.599,1440883247883,600,Not yet rated,NULL,N/A
CTRL,$8.97,1440883247909,"133,195",50% bullish,of 2 ratings,$11
CPRT,$34.99,1440883247981,"286,933",67% bearish,of 3 ratings,$40
CTRV,$3.68,1440883248006,"4,034",Not yet rated,NULL,$6.40
CRBP,$1.92,1440883248051,"146,083",100% bullish,of 2 ratings,$6.25
CORT,$5.18,1440883248151,"216,538",67% bullish,of 3 ratings,$12
BVA,$3.75,1440883248180,627,50% bullish,of 2 ratings,N/A
CORE,$59.67,1440883248205,"118,215",100% bearish,of 1 rating,$72
CORI,$10.45,1440883248231,"37,147",100% bearish,of 1 rating,$18
CRVL,$30.91,1440883248368,"28,940",100% bearish,of 1 rating,N/A
CSOD,$36.17,1440883248399,"273,201",50% bullish,of 2 ratings,$42
COSI,$1.17,1440883248502,"158,610",100% bullish,of 1 rating,N/A
COST,$140.29,1440883248532,"1,445,606",79% bullish,of 24 ratings,$154.50
CSGP,$181.38,1440883248562,"68,173",50% bullish,of 2 ratings,$235
CPAH,$0.4301,1440883248587,"2,700",50% bullish,of 2 ratings,N/A
CVTI,$23.51,1440883248663,"93,135",67% bearish,of 3 ratings,$39
ICBK,$18.11,1440883248693,228,Not yet rated,NULL,$21
COVS,$2.7,1440883248801,"62,906",67% bullish,of 3 ratings,N/A
COWNL,$26.65,1440883248868,"2,100",Not yet rated,NULL,N/A
COWN,$5.23,1440883248902,"635,563",75% bullish,of 4 ratings,$7
CPSH,$2.18,1440883248930,"1,167",Not yet rated,NULL,N/A
CRAI,$22.05,1440883248971,"27,938",100% bearish,of 1 rating,$36
CBRL,$145.82,1440883249037,"142,127",50% bullish,of 2 ratings,$155
BREW,$7.97,1440883249170,"39,101",67% bullish,of 6 ratings,$15
CRAY,$20.41,1440883249198,"251,324",83% bullish,of 6 ratings,$38.50
CACC,$197.5495,1440883249242,"34,208",50% bullish,of 2 ratings,$158.50
CREE,$26.99,1440883249386,"801,140",65% bullish,of 17 ratings,$29.50
SLVO,$10.04,1440883249412,"2,848",100% bearish,of 1 rating,N/A
CRESY,$10.35,1440883249434,"27,734",100% bearish,of 1 rating,$19
CRTO,$43.1,1440883249567,"295,607",67% bullish,of 6 ratings,$64
CROX,$14.52,1440883249601,"662,990",63% bullish,of 8 ratings,$16.50
GLDI,$11.01,1440883249629,"3,640",100% bearish,of 1 rating,N/A
CCRN,$14.14,1440883249650,"142,037",100% bearish,of 1 rating,$14.25
CRDS,$1,1440883249710,"42,738",75% bullish,of 4 ratings,$4.50
CRWS,$8.07,1440883249783,"4,508",Not yet rated,NULL,$10
CRWN,$4.47,1440883249818,"38,249",75% bullish,of 4 ratings,N/A
CSGS,$31.14,1440883249910,"222,878",Not yet rated,NULL,$40
CYRXW,$0.83,1440883249935,200,Not yet rated,NULL,N/A
CYRX,$2.885,1440883250014,"11,794",Not yet rated,NULL,$9
CCLP,$15.38,1440883250074,"30,912",67% bearish,of 3 ratings,$20
CSPI,$5.71,1440883250099,516,67% bullish,of 3 ratings,N/A
CTCM,$1.83,1440883250177,"114,360",80% bearish,of 5 ratings,$3.90
CTIC,$1.6,1440883250270,"646,597",84% bullish,of 76 ratings,$5.75
CTIB,$3.63,1440883250303,"3,890",100% bearish,of 1 rating,N/A
CTRP,$71.1413,1440883250372,"1,216,212",75% bullish,of 8 ratings,$93
CUI,$5.32,1440883250402,"29,604",50% bullish,of 2 ratings,$10
CUNB,$21.18,1440883250432,"14,251",Not yet rated,NULL,$24.50
CPIX,$6.04,1440883250458,"5,828",Not yet rated,NULL,N/A
CMLS,$1.42,1440883250587,"374,324",50% bullish,of 4 ratings,$6
CRIS,$2.59,1440883250612,"166,862",100% bullish,of 8 ratings,$6
CUTR,$14.46,1440883250675,"32,831",67% bearish,of 3 ratings,$18
CVBF,$16,1440883250757,"493,743",Not yet rated,NULL,$18
CVV,$10.97,1440883250788,"7,294",100% bullish,of 5 ratings,N/A
CYAN,$7.6,1440883250818,"2,172",100% bearish,of 1 rating,N/A
CYBR,$52.4,1440883250843,"680,705",75% bullish,of 8 ratings,$66
CYBX,$67,1440883250921,"196,566",50% bullish,of 4 ratings,$71.50
CYBE,$6.76,1440883250990,"22,725",100% bearish,of 1 rating,N/A
CBAY,$2.63,1440883251127,"56,866",100% bullish,of 1 rating,$4
CYCCP,NULL,1440883251159,0,100% bearish,of 1 rating,N/A
CYNA,$16.17,1440883251186,"27,144",50% bullish,of 2 ratings,$31.50
CYCC,$0.55,1440883251207,"63,851",73% bullish,of 11 ratings,N/A
CYNO,$31.41,1440883251238,"137,063",67% bearish,of 3 ratings,$45.50
CY,$10.09,1440883251265,"2,674,911",80% bullish,of 10 ratings,$15.50
CYRN,$1.7,1440883251413,"29,421",67% bullish,of 3 ratings,$4
CYTK,$7,1440883251511,"180,145",71% bullish,of 14 ratings,$13.50
CYTX,$0.315,1440883251542,"2,360,173",83% bullish,of 12 ratings,$5.50
CONE,$32.3,1440883251580,"247,421",67% bearish,of 3 ratings,$35.50
DAEG,$0.35,1440883251606,"11,063",100% bearish,of 1 rating,N/A
CTSO,$6.89,1440883251638,"27,244",Not yet rated,NULL,$15.625
CYTR,$2.39,1440883251667,"318,266",67% bullish,of 6 ratings,$10
TVIZ,$19.51,1440883251899,"3,315",100% bearish,of 1 rating,N/A
XIV,$27,1440883251926,"18,307,444",75% bearish,of 4 ratings,N/A
ZIV,$40.01,1440883251961,"153,112",Not yet rated,NULL,N/A
DJCO,$191.42,1440883251991,502,Not yet rated,NULL,N/A
TVIX,$13.35,1440883252063,"14,107,659",81% bullish,of 16 ratings,N/A
DAKT,$8.64,1440883252089,"421,544",50% bullish,of 2 ratings,$12
DARA,$0.86,1440883252114,"24,822",83% bullish,of 6 ratings,$1.50
DTLK,$5.85,1440883252268,"72,201",100% bearish,of 1 rating,$9
DAIO,$2.49,1440883252296,"4,973",Not yet rated,NULL,N/A
DWCH,$5.26,1440883252323,"21,471",75% bullish,of 4 ratings,$8.25
PLAY,$34.43,1440883252460,"121,342",100% bullish,of 5 ratings,$42
DTEA,$13.15,1440883252512,"48,592",100% bearish,of 2 ratings,$24
DRAM,$1.28,1440883252535,"16,449",78% bullish,of 9 ratings,N/A
DBVT,$41.26,1440883252563,"32,497",100% bearish,of 1 rating,$53
DWSN,$4.54,1440883252613,"13,558",67% bullish,of 3 ratings,N/A
TRAK,$62.85,1440883252667,"645,671",50% bullish,of 2 ratings,$62.50
DHRM,$1.48,1440883252747,"7,227",Not yet rated,NULL,N/A
TACO,$13.1236,1440883252805,"97,042",75% bullish,of 4 ratings,$20
DFRG,$14.59,1440883252876,"99,897",100% bearish,of 1 rating,$20
TACOW,$4.05,1440883252956,"18,932",100% bullish,of 1 rating,N/A
DCTH,$0.4003,1440883253013,"122,121",78% bullish,of 9 ratings,N/A
DELT,$2.52,1440883253043,"6,000",Not yet rated,NULL,N/A
DGAS,$20.12,1440883253119,"3,626",67% bearish,of 3 ratings,N/A
DELTW,NULL,1440883253144,0,Not yet rated,NULL,N/A
DENN,$11.48,1440883253185,"411,859",100% bullish,of 3 ratings,$15
XRAY,$53.26,1440883253315,"455,198",100% bullish,of 1 rating,$58
DSCI,$5.93,1440883253345,"30,721",50% bullish,of 2 ratings,$16
DEPO,$28.38,1440883253378,"492,842",60% bullish,of 5 ratings,$29
DEST,$11.13,1440883253414,"20,183",50% bullish,of 2 ratings,N/A
DXLG,$5.62,1440883253475,"88,393",100% bearish,of 1 rating,$8
DERM,$27.24,1440883253525,"101,807",100% bearish,of 1 rating,$33.50
DSWL,$1.71,1440883253555,"4,300",100% bullish,of 1 rating,N/A
DXCM,$94.3009,1440883253658,"601,324",57% bullish,of 7 ratings,$98
DXM,$0.26,1440883253762,"140,456",50% bullish,of 2 ratings,N/A
DMND,$29.77,1440883253794,"137,181",75% bullish,of 12 ratings,$32
DHXM,$6.82,1440883253834,"1,035",Not yet rated,NULL,N/A
FANG,$66.56,1440883253893,"945,281",50% bullish,of 2 ratings,$86.50
DHIL,$194.72,1440883253924,"3,494",Not yet rated,NULL,N/A
DRNA,$11.13,1440883253986,"76,464",67% bearish,of 3 ratings,$25
DCIX,$1.74,1440883254023,"50,106",50% bullish,of 4 ratings,$3.50
DGII,$10.06,1440883254154,"88,413",100% bearish,of 1 rating,$10
DGLY,$8.6,1440883254189,"110,448",50% bullish,of 6 ratings,$20
DMRC,$37.81,1440883254210,"119,126",100% bearish,of 1 rating,$44
DRAD,$3.7,1440883254239,"14,268",100% bullish,of 1 rating,$5.25
APPS,$2.43,1440883254273,"110,613",100% bearish,of 1 rating,$10.25
DCOM,$17.01,1440883254301,"121,317",100% bearish,of 2 ratings,$16.50
DIOD,$19.93,1440883254368,"100,117",75% bearish,of 4 ratings,$24
DPRX,$13.52,1440883254549,"8,669",100% bullish,of 2 ratings,$27.75
DISCA,$27.1127,1440883254579,"1,476,936",67% bullish,of 3 ratings,$34
DISCK,$25.71,1440883254612,"1,450,570",100% bearish,of 1 rating,$32
DISCB,NULL,1440883254678,0,100% bearish,of 1 rating,$35
DSCO,$0.42,1440883254705,"233,070",83% bullish,of 6 ratings,$2.75
DVCR,$10.8,1440883254736,"5,362",100% bullish,of 1 rating,N/A
DISH,$59.62,1440883254768,"664,919",69% bullish,of 13 ratings,$73
BAGR,$2.77,1440883254831,"10,502",100% bearish,of 1 rating,$6
DLHC,$2.45,1440883254928,"2,228",100% bearish,of 1 rating,N/A
DNBF,$25.76,1440883254957,408,Not yet rated,NULL,$27.50
DLTR,$76.7377,1440883255007,"1,695,005",82% bullish,of 11 ratings,$88
DGICB,NULL,1440883255032,0,100% bearish,of 1 rating,N/A
DGICA,$14.27,1440883255086,"10,088",100% bearish,of 1 rating,$17
DMLP,$14.39,1440883255111,"9,844",100% bearish,of 1 rating,N/A
DORM,$50.42,1440883255268,"213,968",100% bearish,of 1 rating,$56
HILL,$9.665,1440883255397,"1,225,949",60% bearish,of 5 ratings,$9.75
DSKX,$3.25,1440883255427,"269,494",100% bullish,of 1 rating,N/A
DRWIW,$0.04,1440883255447,318,Not yet rated,NULL,N/A
DWA,$20.29,1440883255469,"780,239",63% bullish,of 8 ratings,$26
DRWI,$0.21,1440883255508,"608,108",60% bullish,of 5 ratings,$.45
DRYS,$0.44,1440883255530,"3,465,209",77% bullish,of 31 ratings,$.60
DSPG,$8.55,1440883255603,"86,341",100% bearish,of 1 rating,$13.50
CADT,NULL,1440883255674,0,Not yet rated,NULL,N/A
CADTW,NULL,1440883255738,0,Not yet rated,NULL,N/A
CADTR,NULL,1440883255767,0,Not yet rated,NULL,N/A
CADTU,NULL,1440883255801,0,Not yet rated,NULL,N/A
DNKN,$51.69,1440883255825,"615,001",67% bullish,of 15 ratings,$56.50
DTSI,$27.07,1440883255869,"64,293",100% bearish,of 2 ratings,$39.50
DRRX,$2.1,1440883256034,"174,261",50% bullish,of 6 ratings,$3
DXPE,$28.01,1440883256106,"198,401",50% bullish,of 2 ratings,N/A
DYAX,$23.69,1440883256138,"450,638",89% bullish,of 9 ratings,$30
BOOM,$10.64,1440883256168,"121,109",67% bullish,of 3 ratings,$12
DYSL,$1.44,1440883256189,"9,241",100% bullish,of 2 ratings,N/A
DYNT,$3,1440883256239,"2,521",75% bullish,of 4 ratings,N/A
DVAX,$29.76,1440883256271,"286,822",70% bullish,of 10 ratings,$40
ETFC,$26.53,1440883256377,"1,656,489",57% bullish,of 14 ratings,$32.50
EBMT,$11.54,1440883256403,"1,076",Not yet rated,NULL,$13.50
EGBN,$41.91,1440883256483,"45,548",Not yet rated,NULL,$48
EGRX,$83.67,1440883256538,"183,576",67% bullish,of 3 ratings,$97
EGLE,$6.51,1440883256565,"44,799",60% bullish,of 5 ratings,N/A
EROC,$1.54,1440883256591,"321,569",50% bullish,of 2 ratings,$3
ELNK,$8.45,1440883256743,"507,260",60% bullish,of 5 ratings,$9.50
EACQU,NULL,1440883256771,0,Not yet rated,NULL,N/A
EWBC,$40.36,1440883256792,"524,091",100% bearish,of 1 rating,$50
EVBS,$6.6,1440883256921,"16,168",Not yet rated,NULL,$7
EML,$16.47,1440883256953,"7,046",Not yet rated,NULL,N/A
EBIX,$28.21,1440883256981,"195,546",69% bullish,of 13 ratings,$40
EBAY,$27.25,1440883257003,"6,618,106",81% bullish,of 117 ratings,$34
ELON,$0.5649,1440883257031,"28,406",50% bullish,of 2 ratings,N/A
ECTE,$1.46,1440883257172,"3,701",75% bullish,of 4 ratings,N/A
ECHO,$23.01,1440883257200,"541,539",67% bearish,of 3 ratings,$35.50
SATS,$44.59,1440883257384,"56,536",50% bullish,of 2 ratings,$60
ESES,$3.22,1440883257413,"2,164",100% bearish,of 1 rating,$7
EEI,$11.15,1440883257434,"3,106",67% bearish,of 3 ratings,N/A
ECACU,$10.1,1440883257467,"3,602",Not yet rated,NULL,N/A
EDGW,$7.01,1440883257570,"10,591",100% bearish,of 1 rating,N/A
EDAP,$3.6,1440883257611,"25,350",60% bullish,of 5 ratings,$4.50
EDUC,$5.55,1440883257640,"21,651",100% bearish,of 1 rating,N/A
EFUT,$4.63,1440883257668,700,Not yet rated,NULL,N/A
EGAN,$3.64,1440883257741,"7,806",50% bullish,of 2 ratings,$6.25
EGLT,$10.66,1440883257822,"20,932",50% bullish,of 2 ratings,$21
LOCO,$13.72,1440883257886,"1,206,901",77% bullish,of 13 ratings,$20
EMITF,$1.18,1440883257911,"3,474",75% bullish,of 4 ratings,N/A
EHTH,$14.1,1440883257936,"168,301",50% bullish,of 4 ratings,$16.50
ESLT,$76.65,1440883257966,"2,915",67% bullish,of 3 ratings,N/A
ERI,$9.7,1440883258100,"144,246",100% bearish,of 1 rating,$10
ELRC,$10.71,1440883258130,"16,406",100% bearish,of 1 rating,N/A
ESIO,$4.43,1440883258261,"140,353",50% bullish,of 2 ratings,$10
EA,$67.91,1440883258287,"2,056,941",77% bullish,of 35 ratings,$80
ELEC,NULL,1440883258314,0,Not yet rated,NULL,N/A
ELSE,$3.9999,1440883258342,500,60% bullish,of 5 ratings,N/A
EFII,$44.09,1440883258363,"127,147",80% bullish,of 5 ratings,$55
ELECW,NULL,1440883258495,0,Not yet rated,NULL,N/A
ELECU,NULL,1440883258521,0,Not yet rated,NULL,N/A
RDEN,$10.95,1440883258655,"74,308",100% bearish,of 4 ratings,$15
EBIO,$3.55,1440883258683,"154,084",100% bearish,of 2 ratings,$8.35
CAPX,$22.93,1440883258703,"13,900",Not yet rated,NULL,N/A
ESBK,$19.66,1440883258724,423,Not yet rated,NULL,N/A
ELTK,$1.34,1440883258887,"144,213",67% bearish,of 3 ratings,N/A
LONG,$17.04,1440883258924,"9,996",67% bullish,of 3 ratings,$15.75
EMCF,$23.06,1440883259018,100,100% bearish,of 1 rating,N/A
EMMS,$1.12,1440883259050,"136,017",83% bullish,of 6 ratings,N/A
EMCI,$23.2,1440883259071,"15,362",Not yet rated,NULL,N/A
EMKR,$7.06,1440883259105,"65,081",75% bullish,of 4 ratings,$8.50
NYNY,$4.37,1440883259131,"30,167",50% bullish,of 2 ratings,N/A
EMMSP,$3,1440883259155,200,100% bearish,of 1 rating,N/A
ENTA,$41.18,1440883259288,"122,390",50% bullish,of 2 ratings,$42
ERS,$2.83,1440883259317,"6,582",Not yet rated,NULL,N/A
WIRE,$31.67,1440883259417,"90,127",100% bearish,of 1 rating,$37
ECPG,$40.13,1440883259518,"153,412",100% bullish,of 2 ratings,$52
EIGI,$15.55,1440883259624,"197,582",67% bearish,of 3 ratings,$22.50
ELGX,$13.04,1440883259649,"310,868",75% bullish,of 4 ratings,$17
ECYT,$5.28,1440883259676,"159,581",83% bullish,of 6 ratings,$12
WATT,$6.99,1440883259704,"124,032",50% bullish,of 2 ratings,$13
ENDP,$78.7,1440883259725,"843,248",50% bullish,of 6 ratings,$104
ERII,$2.69,1440883259746,"49,581",80% bullish,of 5 ratings,$2.50
EXXI,$1.83,1440883259880,"2,134,615",86% bullish,of 7 ratings,$3.50
EFOI,$22,1440883259917,"907,367",50% bullish,of 2 ratings,$20.50
ENG,$1,1440883260010,"10,728",100% bullish,of 3 ratings,N/A
ENOC,$9.35,1440883260036,"300,726",75% bullish,of 4 ratings,$18
ESGR,$146.02,1440883260061,"29,141",100% bearish,of 1 rating,$185
ENPH,$4.58,1440883260234,"408,795",75% bullish,of 4 ratings,$11
ENFC,$17.63,1440883260335,"14,896",Not yet rated,NULL,N/A
ENTG,$13.7,1440883260370,"498,237",100% bearish,of 1 rating,$18
ENTL,$22.19,1440883260398,"11,224",Not yet rated,NULL,$28
EBTC,$21.14,1440883260425,"4,216",Not yet rated,NULL,N/A
EFSC,$23.84,1440883260466,"31,437",Not yet rated,NULL,$27
ETRM,$0.27,1440883260496,"540,107",69% bearish,of 35 ratings,$1.625
EGT,$2.14,1440883260558,"13,092",100% bullish,of 1 rating,N/A
ENVI,$1.85,1440883260623,"22,541",67% bullish,of 3 ratings,N/A
ENZY,$9.69,1440883260695,"20,091",67% bullish,of 3 ratings,$9.50
ENZN,$1.05,1440883260724,"191,259",100% bullish,of 9 ratings,N/A
EPRS,$5.3,1440883260804,"65,326",82% bullish,of 11 ratings,$15
EPIQ,$12.94,1440883260862,"95,473",100% bearish,of 1 rating,$18
PLUS,$76.75,1440883260961,"44,219",50% bullish,of 2 ratings,$88
EPZM,$20.1,1440883260994,"274,818",60% bullish,of 5 ratings,$34
EAC,$3.37,1440883261094,"4,106",100% bearish,of 1 rating,$8
EQIX,$268.78,1440883261121,"317,195",75% bullish,of 4 ratings,$312.50
EQFN,NULL,1440883261150,0,100% bearish,of 1 rating,N/A
ERIE,$82.6965,1440883261283,"23,830",Not yet rated,NULL,$73
ERIC,$9.95,1440883261312,"1,517,001",67% bullish,of 9 ratings,$12.20
ESCR,$0.12,1440883261340,"313,269",50% bullish,of 2 ratings,N/A
ESCRP,$1.15,1440883261366,"3,261",100% bearish,of 1 rating,N/A
ESCA,$18,1440883261497,"15,345",100% bearish,of 1 rating,$22
ESPR,$52.27,1440883261522,"597,174",70% bearish,of 10 ratings,$123
EPIX,NULL,1440883261654,0,Not yet rated,NULL,N/A
ESSA,$12.81,1440883261692,"2,219",100% bearish,of 1 rating,N/A
ESSX,$0.4461,1440883261785,"121,833",50% bullish,of 2 ratings,N/A
ESMC,$1.31,1440883261813,"1,148",Not yet rated,NULL,N/A
ESND,$34.46,1440883261835,"110,118",100% bearish,of 2 ratings,$40
ETSY,$14.82,1440883261864,"411,302",80% bullish,of 5 ratings,$16
EEFT,$65.62,1440883262014,"156,788",100% bearish,of 1 rating,$67.50
ESEA,$5.37,1440883262046,"3,809",100% bullish,of 1 rating,$15
CLWT,NULL,1440883262067,0,100% bullish,of 1 rating,N/A
EVEP,$8.27,1440883262090,"378,682",50% bullish,of 2 ratings,$15
EVK,$3.75,1440883262128,267,75% bearish,of 4 ratings,N/A
EVLV,$2.68,1440883262227,"224,794",60% bullish,of 5 ratings,$5.125
EVOK,$3.75,1440883262254,"45,220",100% bearish,of 1 rating,$13.375
EVOL,$5.98,1440883262395,"4,531",75% bullish,of 4 ratings,$10
EXA,$11.19,1440883262466,"12,872",100% bearish,of 1 rating,$13
EXAS,$22.34,1440883262495,"466,825",78% bullish,of 9 ratings,$31
EXLS,$36.47,1440883262629,"100,676",50% bullish,of 2 ratings,$41
EXPD,$49.66,1440883262662,"1,275,347",80% bullish,of 5 ratings,$52
EXAC,$18.64,1440883262682,"19,525",100% bearish,of 1 rating,$22.50
EXEL,$6.06,1440883262705,"3,042,838",81% bullish,of 16 ratings,$6
EXFO,$2.74,1440883262738,"3,109",67% bearish,of 3 ratings,$3.95
EXPE,$116.5217,1440883262767,"591,733",64% bullish,of 11 ratings,$130
EXPO,$42.71,1440883262868,"77,752",100% bearish,of 1 rating,$45.50
EXTR,$2.85,1440883263091,"441,776",80% bullish,of 5 ratings,$3
EYEG,$3.63,1440883263117,"8,530",Not yet rated,NULL,N/A
EYEGW,NULL,1440883263145,0,Not yet rated,NULL,N/A
ESRX,$84.46,1440883263198,"2,106,762",67% bearish,of 6 ratings,$101
EXLP,$20.8232,1440883263220,"166,876",100% bearish,of 1 rating,$25
EZCH,$22.5819,1440883263298,"100,750",75% bullish,of 8 ratings,$19.50
EZPW,$5.83,1440883263355,"233,828",50% bullish,of 4 ratings,$7.50
FB,$90.997,1440883263400,"21,405,623",73% bullish,of 1070 ratings,$111
FFIV,$122.97,1440883263492,"535,549",63% bullish,of 8 ratings,$132
FCS,$13.71,1440883263525,"593,435",67% bearish,of 3 ratings,$17
FRP,$16.22,1440883263552,"95,097",100% bearish,of 1 rating,$18
FWM,$2.25,1440883263590,"117,046",100% bearish,of 2 ratings,$3.20
DAVE,$15.36,1440883263623,"17,244",100% bearish,of 1 rating,$15.50
FALC,$1.76,1440883263850,"108,050",63% bearish,of 8 ratings,N/A
FFKT,$25.89,1440883263924,"7,909",Not yet rated,NULL,$29
FMNB,$8.27,1440883263949,"9,733",Not yet rated,NULL,N/A
FARM,$22.94,1440883264005,"20,353",100% bearish,of 1 rating,$35
FAST,$38.69,1440883264081,"1,512,410",80% bullish,of 5 ratings,$45.50
FARO,$38.01,1440883264106,"102,628",50% bullish,of 2 ratings,$48
FBSS,$15.29,1440883264159,200,Not yet rated,NULL,N/A
FATE,$7.21,1440883264186,"24,853",50% bullish,of 2 ratings,$11
FBRC,$22.28,1440883264323,"11,421",100% bearish,of 1 rating,$29
FDML,$8.72,1440883264355,"236,899",50% bullish,of 4 ratings,$14
FEIC,$75.72,1440883264383,"219,243",50% bullish,of 2 ratings,$95.50
FNHC,$21.79,1440883264405,"82,959",100% bearish,of 1 rating,$35
FENX,$9.97,1440883264440,"142,317",100% bullish,of 1 rating,$14.25
FHCO,$1.37,1440883264534,"24,116",50% bullish,of 4 ratings,N/A
FCSC,$5.74,1440883264639,"84,641",100% bearish,of 1 rating,$8.125
FGEN,$25,1440883264665,"155,438",100% bearish,of 1 rating,$39
ONEQ,$189.9,1440883264831,"11,934",100% bullish,of 1 rating,N/A
FDUS,$14.64,1440883264883,"23,047",50% bullish,of 2 ratings,$18
LION,$19.23,1440883264917,"74,002",100% bullish,of 1 rating,$20
FSCFL,$24.65,1440883264963,"6,848",Not yet rated,NULL,N/A
FRGI,$52.21,1440883264993,"105,363",50% bullish,of 2 ratings,$70
FSAM,$8.19,1440883265022,"11,024",100% bearish,of 1 rating,$10.25
FSFR,$8.89,1440883265043,"67,547",100% bearish,of 1 rating,$11.50
FSC,$6.45,1440883265174,"607,315",60% bullish,of 5 ratings,$8
FITBI,$27.525,1440883265199,"34,706",Not yet rated,NULL,N/A
FITB,$19.97,1440883265224,"3,708,357",54% bullish,of 13 ratings,$22
FNGN,$33.23,1440883265360,"176,570",67% bullish,of 3 ratings,$47
FISI,$24.52,1440883265419,"15,149",100% bullish,of 2 ratings,$24.50
FNJN,$1.9,1440883265465,"33,173",100% bearish,of 1 rating,$5
FNSR,$15.77,1440883265500,"515,888",71% bullish,of 7 ratings,$24.50
FNTCW,NULL,1440883265598,0,Not yet rated,NULL,N/A
FNTC,NULL,1440883265629,0,Not yet rated,NULL,N/A
FNTCU,NULL,1440883265657,0,Not yet rated,NULL,N/A
FEYE,$39.23,1440883265682,"2,069,894",87% bullish,of 15 ratings,$55.50
FBNC,$16.95,1440883265729,"17,226",100% bullish,of 1 rating,$20
FRBA,$6.08,1440883265901,"1,488",Not yet rated,NULL,$8
FBIZ,$44.1,1440883265932,"28,261",100% bearish,of 2 ratings,$52
BUSE,$6.36,1440883265959,"86,619",Not yet rated,NULL,$6.875
FNLC,$18.73,1440883265980,"10,936",100% bullish,of 1 rating,N/A
FCVA,$4.61,1440883266030,351,Not yet rated,NULL,N/A
FCFS,$39.83,1440883266120,"154,214",100% bearish,of 3 ratings,$48
FCAP,$26.77,1440883266154,402,Not yet rated,NULL,N/A
FCNCA,$238.6,1440883266251,"15,051",Not yet rated,NULL,N/A
FCLF,$9.05,1440883266298,"1,666",Not yet rated,NULL,N/A
FCBC,$17.49,1440883266358,"17,432",Not yet rated,NULL,$18
FCFP,$6.94,1440883266383,"3,000",Not yet rated,NULL,N/A
FCCO,$12,1440883266430,"2,065",Not yet rated,NULL,$13.25
FBNK,$17.21,1440883266572,"22,827",100% bearish,of 1 rating,$17.50
FDEF,$37.44,1440883266601,"34,556",Not yet rated,NULL,$38
FFBC,$18.28,1440883266632,"149,353",67% bearish,of 3 ratings,$20.25
FFNM,$6.19,1440883266653,"1,344",Not yet rated,NULL,N/A
FFBCW,NULL,1440883266786,0,100% bearish,of 1 rating,N/A
FFNW,$12.06,1440883266813,"10,423",Not yet rated,NULL,$14
THFF,$32.94,1440883266834,"24,402",Not yet rated,NULL,$35
FFIN,$30.67,1440883266867,"141,387",50% bullish,of 2 ratings,$31.75
FFWM,$21.37,1440883266965,"22,466",Not yet rated,NULL,$24
INBK,$30.15,1440883267063,"10,430",50% bullish,of 2 ratings,$37
FIBK,$26.22,1440883267090,"81,866",Not yet rated,NULL,$32
FRME,$25.92,1440883267220,"130,285",Not yet rated,NULL,$26.50
FNFG,$9.1568,1440883267248,"1,157,000",80% bullish,of 5 ratings,$9
FMBH,NULL,1440883267274,0,Not yet rated,NULL,N/A
FNBC,$34.63,1440883267295,"63,076",Not yet rated,NULL,$40
FMBI,$17.43,1440883267385,"263,235",Not yet rated,NULL,$20
FNWB,$11.85,1440883267520,"10,217",Not yet rated,NULL,N/A
FSBK,$7.82,1440883267560,"5,412",100% bullish,of 1 rating,N/A
FSLR,$47.8,1440883267587,"1,195,799",72% bullish,of 39 ratings,$65
FSFG,$30.07,1440883267608,71,Not yet rated,NULL,N/A
FSGI,$2.47,1440883267647,"12,130",Not yet rated,NULL,N/A
BICK,$19.69,1440883267675,"1,428",100% bullish,of 1 rating,N/A
FBZ,$10.144,1440883267876,600,Not yet rated,NULL,N/A
FCAN,$24.6,1440883267903,"6,052",Not yet rated,NULL,N/A
FCA,$20.44,1440883267932,"2,300",Not yet rated,NULL,N/A
FTCS,$36.63,1440883267958,"18,232",100% bearish,of 1 rating,N/A
IFV,$17.88,1440883267986,"555,778",100% bearish,of 1 rating,N/A
FV,$23.71,1440883268088,"1,935,175",100% bearish,of 1 rating,N/A
FEMB,NULL,1440883268177,0,Not yet rated,NULL,N/A
FEUZ,$31.5,1440883268224,"1,405",Not yet rated,NULL,N/A
MDIV,$19.23,1440883268252,"128,525",Not yet rated,NULL,N/A
FTSM,$59.85,1440883268281,"7,169",100% bearish,of 1 rating,N/A
TDIV,$24.9,1440883268306,"74,537",100% bearish,of 1 rating,N/A
FGM,$35.58,1440883268334,"2,324",Not yet rated,NULL,N/A
FTHI,$19.5399,1440883268483,640,Not yet rated,NULL,N/A
FTGC,$22.39,1440883268508,"76,491",Not yet rated,NULL,N/A
HYLS,$49.53,1440883268641,"35,104",100% bearish,of 1 rating,N/A
FHK,$33.3,1440883268731,"2,363",Not yet rated,NULL,N/A
YDIV,$16.5742,1440883268789,"3,515",Not yet rated,NULL,N/A
SKYY,$29.18,1440883268875,"46,046",100% bullish,of 1 rating,N/A
FJP,$47.81,1440883268899,"59,841",Not yet rated,NULL,N/A
CU,$13.21,1440883268930,"7,015",100% bearish,of 1 rating,N/A
PLTM,$6.38,1440883268959,"6,702",100% bearish,of 1 rating,N/A
FPXI,$27.29,1440883268983,500,Not yet rated,NULL,N/A
LMBS,$49.77,1440883269004,"5,298",Not yet rated,NULL,N/A
FMB,$51.23,1440883269090,415,Not yet rated,NULL,N/A
FTLB,$19.3188,1440883269136,"3,260",100% bearish,of 1 rating,N/A
CIBR,$18.04,1440883269281,"51,388",Not yet rated,NULL,N/A
FONE,$35.29,1440883269308,950,Not yet rated,NULL,N/A
QABA,$37.18,1440883269329,"8,586",100% bearish,of 1 rating,N/A
GRID,$33.09,1440883269476,705,100% bearish,of 1 rating,N/A
QCLN,$15.18,1440883269501,"16,517",Not yet rated,NULL,N/A
CARZ,$35.05,1440883269546,"1,904",100% bearish,of 1 rating,N/A
QQEW,$42.1,1440883269575,"52,287",Not yet rated,NULL,N/A
RDVY,$21.17,1440883269630,"2,849",Not yet rated,NULL,N/A
QQXT,$40.74,1440883269658,"18,704",Not yet rated,NULL,N/A
QTEC,$40.33,1440883269689,"26,311",Not yet rated,NULL,N/A
AIRR,$16.4,1440883269787,"2,252",100% bearish,of 1 rating,N/A
FTSL,$48.74,1440883269876,"110,156",100% bearish,of 1 rating,N/A
FKO,NULL,1440883269929,0,Not yet rated,NULL,N/A
QINC,$20.2999,1440883269957,663,Not yet rated,NULL,N/A
FDIV,$46.09,1440883270061,302,100% bearish,of 1 rating,N/A
FSZ,$39.19,1440883270101,"3,866",Not yet rated,NULL,N/A
FTW,$31.91,1440883270164,230,Not yet rated,NULL,N/A
FKU,$41.82,1440883270197,"5,183",Not yet rated,NULL,N/A
FMER,$17.81,1440883270266,"731,124",50% bullish,of 2 ratings,$20
TUSA,$25.08,1440883270291,300,Not yet rated,NULL,N/A
SVVC,$9.43,1440883270322,"11,779",50% bullish,of 2 ratings,$26
FUNC,$8.12,1440883270424,"2,091",Not yet rated,NULL,N/A
FSV,$31.41,1440883270489,"12,183",Not yet rated,NULL,$33.60
FIVE,$38.5,1440883270514,"860,602",75% bearish,of 4 ratings,$44
FISV,$86.78,1440883270542,"802,788",100% bearish,of 3 ratings,$90
FPRX,$19.37,1440883270590,"177,840",50% bullish,of 2 ratings,$35
FIVN,$4.03,1440883270722,"81,303",100% bullish,of 1 rating,$8.50
FLML,$21.9746,1440883270794,"90,829",50% bullish,of 2 ratings,$30
FLKS,$12.41,1440883270853,"26,992",50% bullish,of 2 ratings,$27
FLXN,$25.29,1440883270882,"49,036",100% bearish,of 1 rating,$40
SKOR,$50.3,1440883270951,"2,349",Not yet rated,NULL,N/A
FLXS,$32.15,1440883270979,"13,502",100% bearish,of 2 ratings,N/A
MBSD,$25.02,1440883271034,"14,451",Not yet rated,NULL,N/A
FLEX,$10.6,1440883271266,"1,115,185",63% bullish,of 8 ratings,$12
FLIR,$28.57,1440883271357,"1,032,100",100% bearish,of 1 rating,$38.50
FOMX,$10.18,1440883271443,"82,757",50% bullish,of 2 ratings,$23.50
FLDM,$11.7,1440883271468,"260,257",67% bearish,of 3 ratings,$15
FFIC,$19.73,1440883271498,"77,431",Not yet rated,NULL,$21
FOGO,$19.23,1440883271598,"34,672",50% bullish,of 2 ratings,$25.50
FES,$0.9409,1440883271683,"94,182",50% bullish,of 2 ratings,$1
FONR,$9.7,1440883271750,"6,716",100% bullish,of 1 rating,N/A
FORTY,$30.33,1440883271779,"1,000",100% bearish,of 1 rating,N/A
FORR,$31.88,1440883271849,"18,396",Not yet rated,NULL,N/A
FORM,$6.53,1440883271878,"253,899",67% bullish,of 3 ratings,$10.50
FTNT,$42.96,1440883271979,"603,333",80% bullish,of 10 ratings,$52
FWRD,$45.16,1440883272066,"186,984",100% bearish,of 1 rating,$50
FBIO,$2.88,1440883272094,"79,815",83% bullish,of 6 ratings,N/A
FWP,$27.02,1440883272119,"15,503",100% bearish,of 1 rating,$45
FORD,$1.66,1440883272144,"1,753,015",67% bullish,of 3 ratings,N/A
FOSL,$61.6,1440883272297,"709,887",60% bearish,of 5 ratings,$80
FMI,$23.8,1440883272329,"312,031",100% bearish,of 2 ratings,$27.50
FXCB,$17.02,1440883272426,"34,723",Not yet rated,NULL,$19
FRAN,$11.17,1440883272470,"366,392",50% bullish,of 4 ratings,$15
FRED,$13.06,1440883272500,"248,657",50% bullish,of 2 ratings,$16
FOXF,$15.18,1440883272532,"24,155",100% bearish,of 1 rating,$19
FREE,$0.378,1440883272554,"370,595",92% bullish,of 12 ratings,N/A
FELE,$29.23,1440883272588,"216,658",50% bullish,of 4 ratings,$33
RAIL,$20.73,1440883272631,"70,803",100% bearish,of 1 rating,$24.50
FTRPR,$100.8,1440883272873,"53,474",100% bearish,of 1 rating,N/A
FEIM,$11,1440883272899,"3,049",100% bearish,of 1 rating,N/A
FTR,$5.08,1440883272924,"11,162,934",78% bullish,of 27 ratings,$6.25
FRPT,$13.06,1440883272949,"298,368",67% bearish,of 3 ratings,$23.50
FRPH,$31.17,1440883272979,"5,010",100% bearish,of 1 rating,N/A
FTD,$29.27,1440883273081,"102,153",100% bearish,of 1 rating,$40
FSBW,$23.2,1440883273107,991,Not yet rated,NULL,N/A
FSYS,$6.63,1440883273239,"30,772",67% bullish,of 3 ratings,$10
FTEK,$2.04,1440883273270,"51,368",75% bullish,of 4 ratings,N/A
FCEL,$0.8,1440883273308,"1,501,071",88% bullish,of 41 ratings,$2.65
FULL,$3.1,1440883273330,"30,227",67% bearish,of 3 ratings,$4.25
FULLL,$24.9101,1440883273350,200,Not yet rated,NULL,N/A
FULT,$12.08,1440883273397,"624,848",100% bearish,of 1 rating,$13
FLL,$1.51,1440883273426,"10,264",75% bullish,of 4 ratings,$3.50
FSNN,$2.18,1440883273528,"1,562",67% bullish,of 3 ratings,$6
FFHL,$1.05,1440883273702,"18,397",50% bullish,of 4 ratings,N/A
FXEN,$0.87,1440883273833,"69,159",75% bullish,of 4 ratings,$1.10
FXENP,$15.76,1440883273861,"1,000",100% bearish,of 1 rating,N/A
WILC,$4.97,1440883273883,"6,120",100% bullish,of 2 ratings,N/A
GAIA,$5.9,1440883273909,"7,898",50% bullish,of 2 ratings,$8.50
GK,$67.55,1440883273933,"59,942",Not yet rated,NULL,$78
GALTW,NULL,1440883273967,0,100% bullish,of 1 rating,N/A
GLPG,$60.49,1440883273988,"13,297",100% bullish,of 1 rating,$75
GALTU,NULL,1440883274074,0,100% bearish,of 1 rating,N/A
GLPI,$31.5863,1440883274406,"324,483",100% bearish,of 1 rating,$37.50
GALT,$1.96,1440883274455,"30,257",80% bullish,of 5 ratings,N/A
GALE,$1.5,1440883274477,"789,696",89% bullish,of 47 ratings,$4
GLMD,$8.81,1440883274503,"11,506",67% bullish,of 3 ratings,$20.50
GPIC,$9.64,1440883274535,710,100% bearish,of 1 rating,N/A
GRMN,$37.99,1440883274635,"966,815",50% bullish,of 6 ratings,$46.50
GGAC,$9.89,1440883274720,"10,419",100% bearish,of 1 rating,N/A
GGACR,$0.3,1440883274751,"49,683",100% bullish,of 1 rating,N/A
GGACU,$10.27,1440883274787,"22,044",Not yet rated,NULL,N/A
GENC,$9.16,1440883274809,"11,573",100% bearish,of 1 rating,N/A
GARS,$14.21,1440883274833,"22,022",Not yet rated,NULL,$16
GGACW,$0.14,1440883274871,"11,300",Not yet rated,NULL,N/A
GNCMA,$16.99,1440883274898,"119,943",100% bearish,of 1 rating,$12
GFN,$3.95,1440883275028,"17,699",100% bearish,of 2 ratings,$8
GFNCP,$93.89,1440883275054,350,Not yet rated,NULL,N/A
GFNSL,$25.6,1440883275122,700,Not yet rated,NULL,N/A
GENE,$2.29,1440883275314,"182,762",100% bullish,of 12 ratings,N/A
GNMK,$10.02,1440883275352,"195,594",67% bullish,of 6 ratings,$14
GHDX,$27.75,1440883275392,"193,234",50% bullish,of 2 ratings,$30
GNCA,$12.21,1440883275422,"103,358",100% bearish,of 1 rating,$20
GEOS,$16.71,1440883275443,"121,126",100% bearish,of 3 ratings,$21
GNTX,$15.53,1440883275476,"1,032,543",Not yet rated,NULL,$20
GTWN,NULL,1440883275497,0,Not yet rated,NULL,N/A
GNVC,$2.51,1440883275518,"10,917",90% bullish,of 10 ratings,$8.50
THRM,$46.44,1440883275660,"366,550",75% bearish,of 4 ratings,$55.50
GABC,$29,1440883275750,"15,081",Not yet rated,NULL,$31
GEVO,$2.33,1440883275779,"332,274",75% bullish,of 12 ratings,$5
GERN,$3.23,1440883275835,"1,137,894",88% bullish,of 16 ratings,$5.25
ROCK,$16.51,1440883275878,"136,353",80% bullish,of 5 ratings,$24
GIGM,$0.5201,1440883275976,"76,762",100% bullish,of 2 ratings,N/A
GIGA,$1.42,1440883276010,"2,675",100% bearish,of 1 rating,N/A
GILT,$4.3001,1440883276112,"1,700",50% bullish,of 2 ratings,N/A
GILD,$107.7,1440883276144,"5,969,671",91% bullish,of 87 ratings,$129
GBCI,$25.66,1440883276172,"245,507",50% bullish,of 2 ratings,$31
GIII,$68.14,1440883276194,"175,109",67% bullish,of 3 ratings,$75
GLAD,$8.8,1440883276245,"171,130",50% bullish,of 2 ratings,$8.75
GLADO,$25.59,1440883276326,"1,700",Not yet rated,NULL,N/A
GOOD,$14.64,1440883276387,"72,029",Not yet rated,NULL,$19
GOODO,$25,1440883276456,30,Not yet rated,NULL,N/A
GOODP,NULL,1440883276513,0,Not yet rated,NULL,N/A
GOODN,$25.407,1440883276590,400,Not yet rated,NULL,N/A
GAIN,$7.47,1440883276615,"107,125",100% bullish,of 2 ratings,$8.25
GAINN,$25.01,1440883276641,"56,593",Not yet rated,NULL,N/A
GAINO,$25.1728,1440883276772,490,Not yet rated,NULL,N/A
GAINP,$25.9,1440883276799,620,Not yet rated,NULL,N/A
GLBZ,NULL,1440883276847,0,Not yet rated,NULL,N/A
LAND,$9.16,1440883276881,"48,601",50% bullish,of 2 ratings,$13.75
GDEF,$10.53,1440883276947,600,Not yet rated,NULL,N/A
GBT,$44,1440883276978,"73,758",100% bearish,of 1 rating,N/A
GBLI,$26.99,1440883276999,"11,669",Not yet rated,NULL,N/A
ENT,$11.77,1440883277035,"71,245",100% bearish,of 1 rating,$18
GPACU,NULL,1440883277131,0,Not yet rated,NULL,N/A
GSOL,$8.0275,1440883277200,"18,239",100% bearish,of 1 rating,N/A
ACTX,NULL,1440883277290,0,100% bullish,of 1 rating,N/A
SOCL,$17.82,1440883277383,"24,218",100% bullish,of 2 ratings,N/A
QQQC,$19.67,1440883277417,"3,061",100% bearish,of 1 rating,N/A
SRET,$13.25,1440883277450,"1,014",Not yet rated,NULL,N/A
YLCO,$11.95,1440883277474,"1,396",Not yet rated,NULL,N/A
ALTY,$14.44,1440883277550,600,Not yet rated,NULL,N/A
GBIM,$2.29,1440883277622,"19,199",50% bullish,of 2 ratings,N/A
GAI,$5.9,1440883277694,"1,400",50% bullish,of 2 ratings,N/A
GLBS,NULL,1440883277723,0,67% bullish,of 3 ratings,N/A
GSM,$13.47,1440883277758,"403,698",50% bullish,of 2 ratings,$22
GLRI,$1.01,1440883277856,"23,180",100% bearish,of 1 rating,$4.25
GLYC,$7.05,1440883277882,"16,674",50% bullish,of 2 ratings,$14
GOGO,$15.67,1440883277917,"431,299",80% bullish,of 5 ratings,$25
GLUU,$4.53,1440883277956,"786,373",92% bullish,of 26 ratings,$9
GMLP,$18.86,1440883278087,"223,814",50% bullish,of 4 ratings,$32.50
GLNG,$38.2739,1440883278112,"963,948",83% bullish,of 6 ratings,$58
GBDC,$16.66,1440883278268,"111,261",Not yet rated,NULL,$17.75
GLDC,$4,1440883278290,"5,513",50% bullish,of 2 ratings,N/A
GOGL,$3.14,1440883278323,"220,227",75% bullish,of 4 ratings,$5
GTIM,$7.03,1440883278344,"31,867",Not yet rated,NULL,$11.50
GOOG,$632.69,1440883278378,"1,043,468",89% bullish,of 70 ratings,$825
GDEN,$8.96,1440883278399,"13,852",50% bullish,of 2 ratings,N/A
GOOGL,$659.9999,1440883278481,"1,027,271",88% bullish,of 1082 ratings,$749
GPRO,$48.18,1440883278577,"3,256,396",78% bullish,of 58 ratings,$72
GPIA,$9.84,1440883278606,190,Not yet rated,NULL,N/A
GMAN,$3.73,1440883278655,"210,604",60% bullish,of 5 ratings,$8.50
GPIAU,NULL,1440883278711,0,Not yet rated,NULL,N/A
GPIAW,NULL,1440883278787,0,Not yet rated,NULL,N/A
LOPE,$37.48,1440883278845,"89,001",100% bearish,of 2 ratings,$50
GBSNU,NULL,1440883278916,0,NULL,NULL,NULL
GRVY,$3.16,1440883278942,125,50% bullish,of 2 ratings,N/A
GBSN,$0.38,1440883278963,"4,057,047",50% bullish,of 2 ratings,$8.25
GLDD,$5.42,1440883279097,"86,319",100% bearish,of 4 ratings,$7.75
GSBC,$39.87,1440883279124,"19,620",100% bullish,of 1 rating,$44
GRBK,$11.95,1440883279190,"113,049",77% bullish,of 13 ratings,N/A
GNBC,$11.86,1440883279256,"12,906",100% bearish,of 1 rating,$16.50
GPRE,$20.55,1440883279284,"1,091,427",67% bullish,of 6 ratings,$28.50
GPP,$13.7,1440883279306,"33,561",Not yet rated,NULL,$20.50
GCBC,NULL,1440883279337,0,100% bullish,of 1 rating,N/A
GLRE,$24.99,1440883279506,"161,684",50% bullish,of 2 ratings,$41
GRIF,$32.61,1440883279532,308,100% bearish,of 1 rating,N/A
OMAB,$40.81,1440883279664,"12,578",100% bullish,of 1 rating,$44
GRFS,$30.5748,1440883279691,"206,103",50% bullish,of 2 ratings,$35
GRPN,$4.6,1440883279716,"5,953,989",61% bullish,of 71 ratings,$6.75
GGAL,$19.4858,1440883279902,"118,461",80% bullish,of 5 ratings,$40
GSVC,$8.72,1440883279964,"82,010",50% bullish,of 2 ratings,$14.50
GSIG,$12.99,1440883279996,"26,470",100% bearish,of 2 ratings,N/A
GBNK,$15.79,1440883280054,"18,291",100% bearish,of 1 rating,$18
GFED,$14.67,1440883280084,779,Not yet rated,NULL,$17
GSIT,$4.62,1440883280105,"8,389",100% bearish,of 1 rating,N/A
GTXI,$0.874,1440883280182,"20,930",100% bullish,of 5 ratings,$.75
GUID,$7.28,1440883280250,"42,026",100% bearish,of 3 ratings,$10
GIFI,$12.46,1440883280278,"46,325",100% bearish,of 1 rating,$16
GULTU,$0.3001,1440883280309,"1,330,535",100% bearish,of 1 rating,N/A
GURE,$1.67,1440883280411,"85,776",88% bullish,of 8 ratings,N/A
GWPH,$109.33,1440883280451,"112,738",78% bullish,of 9 ratings,$148.50
GPOR,$35.04,1440883280487,"1,494,164",75% bullish,of 4 ratings,$55
GWGH,$7.74,1440883280508,"1,171",100% bearish,of 1 rating,$15.05
GYRO,$2.84,1440883280586,"6,150",100% bearish,of 1 rating,N/A
HEES,$18.69,1440883280616,"314,064",67% bearish,of 3 ratings,$31
HNRG,$7.69,1440883280798,"67,708",100% bearish,of 1 rating,$10
HLG,$9.5,1440883280827,"2,247",100% bearish,of 1 rating,N/A
HALO,$18.41,1440883280857,"771,518",67% bullish,of 3 ratings,$22.50
HBK,$13.67,1440883280883,713,50% bullish,of 2 ratings,N/A
HALL,$11.41,1440883280959,"17,778",Not yet rated,NULL,N/A
HMPR,$1.87,1440883281025,"27,659",100% bullish,of 1 rating,N/A
HBHC,$27.4,1440883281050,"558,474",50% bullish,of 2 ratings,$30
HBHCL,$24.39,1440883281127,"26,203",Not yet rated,NULL,N/A
HAFC,$23.98,1440883281185,"109,880",100% bullish,of 2 ratings,$28.50
HNH,$25.45,1440883281259,"17,110",100% bullish,of 1 rating,N/A
HNSN,$0.56,1440883281397,"56,801",88% bullish,of 8 ratings,$.40
HDNG,$10.04,1440883281423,"11,625",50% bullish,of 4 ratings,N/A
HQCL,$12.9,1440883281502,"30,828",67% bullish,of 3 ratings,$14
HLIT,$5.79,1440883281558,"246,263",100% bearish,of 1 rating,$6.50
HRMN,NULL,1440883281590,0,Not yet rated,NULL,N/A
HRMNU,NULL,1440883281615,0,Not yet rated,NULL,N/A
TINY,$2.48,1440883281836,"19,385",50% bullish,of 2 ratings,$5.26
HART,$1.04,1440883281870,"103,690",100% bearish,of 1 rating,N/A
HRMNW,NULL,1440883281891,0,Not yet rated,NULL,N/A
HCAPL,$25.7399,1440883281929,400,Not yet rated,NULL,N/A
HBIO,$4.28,1440883281951,"35,954",100% bearish,of 1 rating,$10
HCAP,$12.15,1440883281971,"4,513",50% bullish,of 2 ratings,$15
HA,$22.91,1440883282004,"540,918",67% bullish,of 9 ratings,$27
HAS,$75.51,1440883282030,"715,928",63% bullish,of 8 ratings,$84.50
HCOM,$21.82,1440883282278,"31,985",100% bearish,of 1 rating,$28
HWBK,$13.24,1440883282436,100,100% bearish,of 1 rating,N/A
HAYN,$38.31,1440883282469,"42,900",100% bearish,of 1 rating,$59
HIIQ,$5.17,1440883282572,"32,371",50% bullish,of 2 ratings,$7
HCSG,$33.32,1440883282593,"191,852",50% bullish,of 4 ratings,$35
HDS,$33.233,1440883282623,"1,196,925",100% bearish,of 2 ratings,$39.50
HWKN,$37.33,1440883282655,"28,446",Not yet rated,NULL,N/A
HQY,$29.51,1440883282684,"115,451",67% bullish,of 3 ratings,$32
HSTM,$25.36,1440883282754,"85,370",50% bullish,of 2 ratings,$33.75
HTLD,$20.55,1440883282779,"341,001",Not yet rated,NULL,$22.50
HWAY,$11.95,1440883282814,"278,697",100% bearish,of 1 rating,$15
HTLF,$35.88,1440883282945,"18,551",100% bullish,of 1 rating,$39.50
HTWR,$86.25,1440883282986,"147,034",50% bullish,of 2 ratings,$103
HTBX,$5.16,1440883283040,"3,070",50% bullish,of 2 ratings,$15.50
HSII,$19.62,1440883283119,"52,553",100% bullish,of 3 ratings,$25
HELE,$85.56,1440883283180,"103,241",67% bearish,of 3 ratings,$100
HMNY,$2.19,1440883283317,300,100% bearish,of 1 rating,N/A
HCACU,$9.98,1440883283360,"100,000",Not yet rated,NULL,N/A
HMTV,$13.72,1440883283388,"12,932",100% bearish,of 1 rating,$16
HNNA,$24.865,1440883283410,"10,548",Not yet rated,NULL,N/A
HSIC,$139.4,1440883283455,"342,416",83% bullish,of 6 ratings,$146
HERO,NULL,1440883283536,0,NULL,NULL,NULL
HTBK,$10.63,1440883283563,"33,812",Not yet rated,NULL,$12
HFWA,$17.59,1440883283584,"71,544",100% bullish,of 1 rating,$20
HEOP,$7.66,1440883283719,"15,820",Not yet rated,NULL,$8.50
HCCI,$11.25,1440883283747,"42,055",100% bearish,of 1 rating,$16.50
HRTX,$35.46,1440883283779,"219,447",67% bullish,of 6 ratings,$41
MLHR,$26.99,1440883283801,"310,038",50% bullish,of 2 ratings,$33.50
HSKA,$33.74,1440883283884,"20,659",100% bearish,of 1 rating,$38
HFFC,$15.77,1440883283987,"5,478",Not yet rated,NULL,N/A
HPJ,$2.21,1440883284120,"29,621",75% bullish,of 4 ratings,$12.43
HIBB,$38.87,1440883284152,"223,423",100% bearish,of 1 rating,$46.50
HIHO,$3.81,1440883284173,"6,096",Not yet rated,NULL,N/A
HSGX,$6.05,1440883284202,"3,574",100% bearish,of 1 rating,$17
HIMX,$6.906,1440883284223,"915,996",86% bullish,of 21 ratings,$8.50
HIFS,$115.91,1440883284254,"1,151",Not yet rated,NULL,N/A
HMNF,$11.32,1440883284396,"2,016",Not yet rated,NULL,N/A
HMSY,$10.47,1440883284486,"809,768",67% bullish,of 3 ratings,$19.35
HOLX,$39.76,1440883284515,"1,449,945",67% bullish,of 3 ratings,$42
HBCP,$24.71,1440883284549,"2,436",Not yet rated,NULL,$29
HOMB,$37.97,1440883284570,"222,036",Not yet rated,NULL,$42
HOLI,$17.78,1440883284601,"94,603",50% bullish,of 4 ratings,$27
AWAY,$29.19,1440883284645,"431,994",67% bullish,of 3 ratings,$36
HFBL,$21.62,1440883284799,536,Not yet rated,NULL,N/A
HMIN,$26.7,1440883284846,"59,584",100% bearish,of 2 ratings,$35
HTBI,$18.18,1440883284882,"26,626",67% bullish,of 3 ratings,$18.625
HMST,$21.84,1440883284943,"74,855",100% bullish,of 2 ratings,$27
HKTV,$4.76,1440883285019,200,100% bearish,of 1 rating,N/A
HOFT,$23.78,1440883285076,"18,879",100% bearish,of 1 rating,N/A
CETC,$0.76,1440883285111,"165,443",86% bullish,of 7 ratings,N/A
HBNC,$23.57,1440883285147,"12,027",100% bullish,of 1 rating,$27
HZNP,$30.48,1440883285245,"1,069,487",85% bullish,of 20 ratings,$40
HFBC,$11.22,1440883285272,"3,150",Not yet rated,NULL,N/A
HDP,$24.18,1440883285298,"194,225",67% bearish,of 3 ratings,$30.50
HRZN,$10.33,1440883285351,"33,944",50% bullish,of 2 ratings,$14.25
ZINC,$7.85,1440883285433,"597,280",100% bearish,of 1 rating,$17
HMHC,$22.7,1440883285490,"467,940",Not yet rated,NULL,$27
HOVNP,$4.54,1440883285760,"1,000",100% bearish,of 1 rating,N/A
HWCC,$7.5,1440883285787,"82,097",100% bearish,of 1 rating,$9
HBMD,$14.24,1440883285812,809,100% bearish,of 1 rating,N/A
HUBG,$37.06,1440883285969,"387,683",100% bearish,of 1 rating,$43
HSNI,$62.38,1440883285995,"170,632",Not yet rated,NULL,$80
HSON,$2.55,1440883286025,"22,082",100% bearish,of 1 rating,$5
HTGM,$5.69,1440883286061,"4,024",100% bearish,of 1 rating,$19.50
HDSN,$3.11,1440883286084,"27,087",100% bullish,of 1 rating,$6.25
HBANP,NULL,1440883286127,0,100% bearish,of 1 rating,N/A
HBAN,$10.91,1440883286153,"5,203,375",76% bullish,of 17 ratings,$12.29
HURN,$73.36,1440883286183,"75,680",50% bullish,of 2 ratings,$80
HURC,$30.35,1440883286313,"11,794",100% bearish,of 1 rating,N/A
HCBK,$9.36,1440883286344,"1,263,712",83% bullish,of 6 ratings,$8.61
HTCH,$1.56,1440883286407,"94,983",100% bearish,of 1 rating,$3.50
HDRA,NULL,1440883286442,0,Not yet rated,NULL,N/A
HBP,$3.11,1440883286470,"3,775",100% bullish,of 1 rating,N/A
HDRAR,NULL,1440883286677,0,Not yet rated,NULL,N/A
HDRAW,NULL,1440883286701,0,Not yet rated,NULL,N/A
HDRAU,NULL,1440883286727,0,Not yet rated,NULL,N/A
IDSY,$3.91,1440883286756,"6,108",100% bearish,of 1 rating,$7
HYGS,$9.55,1440883286787,"29,871",50% bullish,of 2 ratings,$13
IBKC,$60.36,1440883286862,"111,938",100% bullish,of 1 rating,$70
IACI,$71.44,1440883286917,"445,254",75% bullish,of 4 ratings,$90
IKGH,$1.8,1440883286949,"10,231",75% bullish,of 4 ratings,N/A
IEP,$74.24,1440883287009,"59,662",75% bullish,of 4 ratings,$99
ICAD,$3.9,1440883287043,"83,344",100% bullish,of 2 ratings,$7.25
ICFI,$34.04,1440883287079,"48,356",50% bullish,of 2 ratings,$48.50
ICLR,$77.9507,1440883287217,"266,641",100% bearish,of 3 ratings,$85
ICON,$13.52,1440883287245,"466,663",50% bullish,of 2 ratings,$18.50
IPWR,$7.28,1440883287378,"4,444",100% bullish,of 1 rating,$15
ICUI,$113.92,1440883287453,"46,176",Not yet rated,NULL,$122
IROQ,$16.7,1440883287508,300,100% bullish,of 1 rating,N/A
INVE,$4.4,1440883287536,"78,490",75% bullish,of 4 ratings,$4
IDXX,$73.21,1440883287561,"346,348",100% bearish,of 1 rating,$77
IDRA,$2.94,1440883287589,"601,938",89% bullish,of 9 ratings,$6.50
DSKY,$10.9914,1440883287615,"128,718",67% bullish,of 6 ratings,$11.50
IRG,$4.78,1440883287747,"23,310",100% bearish,of 1 rating,$4.25
RXDX,$13.82,1440883287772,"155,513",100% bullish,of 1 rating,$20
KANG,$15.8182,1440883287813,"226,303",50% bullish,of 2 ratings,$22.55
IIVI,$16.89,1440883287842,"155,141",100% bearish,of 1 rating,$22
IKAN,$2.72,1440883287947,"4,738",83% bullish,of 6 ratings,$5
ILMN,$201.49,1440883287983,"782,267",80% bullish,of 5 ratings,$245
IKNX,NULL,1440883288010,0,100% bearish,of 1 rating,N/A
ICCC,$7.21,1440883288158,"13,479",100% bullish,of 1 rating,N/A
IMMR,$11.81,1440883288185,"72,756",80% bullish,of 5 ratings,$15.50
ISNS,$4,1440883288256,"15,572",50% bullish,of 2 ratings,N/A
IMDZ,$16.61,1440883288288,"27,500",100% bearish,of 1 rating,$33
IMMU,$2.16,1440883288384,"704,998",86% bullish,of 7 ratings,$2
IMNP,$1.36,1440883288413,"30,681",50% bullish,of 2 ratings,$6
IMMY,$7.69,1440883288442,"4,471",100% bearish,of 1 rating,$11
IMGN,$14.28,1440883288471,"955,380",75% bullish,of 4 ratings,$17.50
IPXL,$42.4,1440883288496,"457,825",67% bullish,of 3 ratings,$46.50
INCR,$42.01,1440883288573,"221,716",50% bullish,of 2 ratings,$53
SAAS,$7.64,1440883288666,"242,260",50% bullish,of 2 ratings,$15
INCY,$120.44,1440883288718,"1,092,792",50% bullish,of 6 ratings,$125.50
INDB,$44.5,1440883288849,"202,363",Not yet rated,NULL,$44
IBTX,$41.49,1440883288879,"14,876",100% bullish,of 2 ratings,$47.25
IBCP,$14.16,1440883288900,"93,148",100% bullish,of 1 rating,$14.50
IDSA,$3.6,1440883288931,"2,730",Not yet rated,NULL,N/A
INFN,$22.29,1440883288975,"1,022,680",71% bullish,of 7 ratings,$28
INFI,$9.28,1440883289081,"337,361",50% bullish,of 4 ratings,$18
III,$3.89,1440883289146,"95,856",57% bullish,of 7 ratings,$6
IPCC,$77.31,1440883289176,"22,807",Not yet rated,NULL,$77.50
IFON,$1.21,1440883289202,"24,493",75% bullish,of 4 ratings,N/A
IMKTA,$50.28,1440883289252,"51,886",100% bearish,of 1 rating,N/A
INWK,$7.09,1440883289335,"56,331",50% bullish,of 2 ratings,$10
INNL,$12.78,1440883289394,"1,348",100% bearish,of 1 rating,$16.50
INOD,$2.38,1440883289482,"4,694",100% bearish,of 1 rating,N/A
IPHS,$48.24,1440883289531,"75,518",100% bearish,of 1 rating,$60
IOSP,$48.17,1440883289566,"185,737",100% bearish,of 1 rating,N/A
ITEK,$12.15,1440883289660,"249,011",100% bearish,of 3 ratings,$20
INGN,$49.78,1440883289690,"219,266",100% bearish,of 1 rating,$50.50
ISSC,$2.78,1440883289711,"4,200",67% bearish,of 3 ratings,N/A
INOV,$21.73,1440883289744,"735,420",100% bearish,of 1 rating,$33
INO,$7.75,1440883289875,"1,636,416",89% bullish,of 18 ratings,$20
ISIG,$2.71,1440883289909,"10,879",100% bearish,of 1 rating,N/A
NSIT,$25.8,1440883289936,"111,626",50% bullish,of 2 ratings,N/A
IIIN,$17.07,1440883290011,"16,380",100% bearish,of 2 ratings,N/A
INSM,$25.69,1440883290040,"271,347",71% bullish,of 7 ratings,$31.50
PODD,$29.71,1440883290089,"209,947",67% bearish,of 3 ratings,$35
INSY,$33.83,1440883290115,"270,702",75% bullish,of 4 ratings,$48
NTEC,$5.75,1440883290248,"8,105",100% bearish,of 1 rating,N/A
IART,$60.79,1440883290380,"177,967",100% bearish,of 2 ratings,$71.50
IDTI,$19.09,1440883290412,"1,457,438",60% bullish,of 5 ratings,$25
IESC,$7.02,1440883290434,"2,580",100% bearish,of 1 rating,N/A
ISSI,$21.94,1440883290468,"133,663",67% bullish,of 3 ratings,$19.75
INTC,$28.41,1440883290508,"25,692,266",82% bullish,of 238 ratings,$36
IQNT,$18.59,1440883290571,"151,264",86% bullish,of 7 ratings,$20
IPCI,$2.31,1440883290595,"76,615",67% bullish,of 6 ratings,$8
IPAR,$25.63,1440883290624,"79,920",67% bullish,of 3 ratings,$38
ICPT,$189.4643,1440883290825,"96,157",70% bullish,of 10 ratings,$359.50
ININ,$36.15,1440883290857,"85,150",67% bearish,of 3 ratings,$57
IBKR,$40.2881,1440883290934,"605,394",100% bullish,of 1 rating,N/A
ICLD,$1.85,1440883290960,"103,348",75% bullish,of 4 ratings,N/A
IDCC,$48,1440883291002,"175,555",80% bullish,of 5 ratings,$63
ICLDW,NULL,1440883291027,0,100% bearish,of 1 rating,N/A
INAP,$8.05,1440883291168,"239,819",75% bullish,of 4 ratings,$11
TILE,$23.94,1440883291198,"431,058",100% bearish,of 3 ratings,$27
IBOC,$25.15,1440883291296,"154,160",100% bearish,of 1 rating,N/A
IMI,$2.13,1440883291352,"10,493",67% bullish,of 3 ratings,$2.22
IGLD,$6.97,1440883291385,400,50% bullish,of 2 ratings,N/A
ISCA,$31.97,1440883291406,"101,605",100% bearish,of 1 rating,N/A
IIJI,$10,1440883291457,40,50% bullish,of 2 ratings,$11.50
PTNT,$2.91,1440883291482,"2,723",Not yet rated,NULL,N/A
XENT,$25.35,1440883291690,"141,556",50% bullish,of 2 ratings,$36.50
ISIL,$10.61,1440883291717,"483,071",50% bullish,of 6 ratings,$15
INTX,$2.03,1440883291795,"97,223",67% bullish,of 3 ratings,N/A
IVAC,$4.86,1440883291846,"23,655",100% bearish,of 1 rating,$6.625
INPH,$0.32,1440883291905,"162,928",50% bullish,of 2 ratings,N/A
IILG,$19.97,1440883291947,"103,268",100% bearish,of 1 rating,$29
INTLL,$26.09,1440883292011,850,Not yet rated,NULL,N/A
ITCI,$26.96,1440883292039,"275,633",75% bearish,of 4 ratings,$40
INTL,$25.81,1440883292076,"62,769",67% bearish,of 3 ratings,N/A
IIN,$6.39,1440883292168,"2,100",100% bearish,of 1 rating,$12
SNAK,$8.68,1440883292243,"102,749",50% bullish,of 2 ratings,$14
ISRG,$514.24,1440883292273,"95,903",67% bullish,of 3 ratings,$600
INTU,$86.21,1440883292294,"1,895,063",86% bullish,of 7 ratings,$107.50
INVT,$0.303,1440883292428,"213,959",67% bullish,of 3 ratings,N/A
ISBC,$11.75,1440883292514,"972,204",100% bullish,of 1 rating,$13.25
ISTR,$15.6,1440883292547,841,100% bearish,of 1 rating,$18.50
NVIV,$9.66,1440883292647,"133,271",50% bullish,of 4 ratings,$24.50
IPAS,$1.09,1440883292676,"49,183",67% bullish,of 3 ratings,N/A
IVTY,$14.61,1440883292704,"17,056",Not yet rated,NULL,$18
ITIC,$71.15,1440883292729,"1,300",100% bearish,of 2 ratings,N/A
DTUL,NULL,1440883292780,0,Not yet rated,NULL,N/A
DFVL,NULL,1440883292913,0,Not yet rated,NULL,N/A
IPCM,$79.44,1440883292946,"119,808",50% bullish,of 2 ratings,$80.125
IPGP,$85.88,1440883292976,"250,042",100% bearish,of 2 ratings,$109.50
IRMD,$25.04,1440883292997,"11,245",67% bearish,of 3 ratings,$25
IRIX,$6.89,1440883293079,"7,546",100% bearish,of 1 rating,N/A
IRDM,$7.18,1440883293152,"400,499",60% bullish,of 5 ratings,$11.50
IRDMB,$279.5,1440883293210,320,67% bearish,of 3 ratings,N/A
IRBT,$29.29,1440883293235,"166,490",67% bullish,of 6 ratings,$37
IRWD,$11.27,1440883293291,"1,082,384",100% bearish,of 1 rating,$13
IRCP,NULL,1440883293423,0,100% bullish,of 2 ratings,N/A
FCHI,NULL,1440883293488,0,NULL,NULL,NULL
IFAS,NULL,1440883293517,0,NULL,NULL,NULL
COMT,$33.62,1440883293542,"23,140",100% bearish,of 1 rating,N/A
IFEU,$37.74,1440883293571,"4,879",Not yet rated,NULL,N/A
IFNA,NULL,1440883293589,0,NULL,NULL,NULL
GNMA,$50.32,1440883293623,"3,187",Not yet rated,NULL,N/A
IFGL,$28.61,1440883293643,"191,698",Not yet rated,NULL,N/A
AXJS,NULL,1440883293830,0,NULL,NULL,NULL
AAXJ,$53.8559,1440883293855,"3,183,887",Not yet rated,NULL,N/A
ACWI,$56.3,1440883293880,"1,578,362",Not yet rated,NULL,N/A
ACWX,$41.04,1440883293908,"692,879",100% bearish,of 1 rating,N/A
AAIT,NULL,1440883293927,0,NULL,NULL,NULL
EEMA,$50.47,1440883294059,"37,087",Not yet rated,NULL,N/A
EMDI,NULL,1440883294125,0,NULL,NULL,NULL
EMEY,NULL,1440883294147,0,NULL,NULL,NULL
EVAL,NULL,1440883294217,0,NULL,NULL,NULL
EEME,NULL,1440883294245,0,NULL,NULL,NULL
EEML,$27.61,1440883294266,"9,700",Not yet rated,NULL,N/A
EGRW,NULL,1440883294349,0,NULL,NULL,NULL
EUFN,$21.85,1440883294486,"73,493",100% bearish,of 1 rating,N/A
IEUS,$45.4,1440883294514,"5,456",100% bearish,of 1 rating,N/A
IBB,$353.28,1440883294555,"853,689",63% bullish,of 8 ratings,N/A
UAE,$18.63,1440883294587,"11,900",Not yet rated,NULL,N/A
SOXX,$83.25,1440883294649,"380,264",50% bullish,of 2 ratings,N/A
QAT,$21.6,1440883294680,600,Not yet rated,NULL,N/A
EMIF,$28.87,1440883294720,"8,923",Not yet rated,NULL,N/A
ICLN,$9.6,1440883294845,"14,518",50% bullish,of 2 ratings,N/A
WOOD,$48.3,1440883294877,"23,260",50% bullish,of 2 ratings,N/A
INDY,$27.63,1440883294948,"140,732",50% bullish,of 2 ratings,N/A
ISHG,$79.35,1440883294973,"9,098",100% bearish,of 1 rating,N/A
IGOV,$90.85,1440883295003,"16,643",100% bearish,of 1 rating,N/A
ISIS,$51.5999,1440883295048,"782,005",53% bullish,of 15 ratings,$67
ISLE,$17.63,1440883295132,"140,146",50% bullish,of 4 ratings,$16
ISRL,$131.04,1440883295210,465,100% bearish,of 1 rating,N/A
ITRI,$30.03,1440883295302,"194,687",100% bearish,of 1 rating,$37
ITUS,$4.03,1440883295338,"7,850",Not yet rated,NULL,N/A
ITRN,$24.11,1440883295365,"1,416",50% bullish,of 2 ratings,N/A
XXIA,$15.17,1440883295439,"472,050",71% bullish,of 7 ratings,$14.625
JJSF,$114.72,1440883295460,"29,311",100% bearish,of 1 rating,N/A
MAYS,$55.95,1440883295541,100,Not yet rated,NULL,N/A
IXYS,$11.14,1440883295601,"103,762",50% bullish,of 4 ratings,N/A
JBHT,$73.51,1440883295647,"554,190",50% bullish,of 4 ratings,$89.50
JKHY,$68.7938,1440883295773,"214,469",50% bullish,of 2 ratings,$72
JASO,$7.9,1440883295800,"747,475",82% bullish,of 17 ratings,$10
JCOM,$69.71,1440883295821,"185,842",100% bullish,of 2 ratings,$77
JACK,$81.77,1440883295875,"189,732",83% bullish,of 6 ratings,$105
JXSB,NULL,1440883295959,0,Not yet rated,NULL,N/A
JAKK,$9.42,1440883296069,"492,606",60% bearish,of 5 ratings,$11
JAXB,$13.31,1440883296096,90,100% bullish,of 1 rating,N/A
JRVR,$26.79,1440883296123,"37,791",Not yet rated,NULL,$32
JAGX,$3.44,1440883296144,"8,574",Not yet rated,NULL,N/A
JMBA,$13.95,1440883296177,"91,223",75% bullish,of 4 ratings,$18
JASNW,NULL,1440883296312,0,50% bullish,of 2 ratings,N/A
JASN,$4.93,1440883296340,"23,503",50% bullish,of 2 ratings,$9.50
ERW,NULL,1440883296365,0,Not yet rated,NULL,N/A
JBLU,$22.25,1440883296509,"2,629,199",94% bullish,of 18 ratings,$27
JD,$26.77,1440883296536,"4,905,314",75% bullish,of 16 ratings,$36
JAZZ,$171.501,1440883296556,"167,566",80% bullish,of 15 ratings,$206.50
DATE,$5.92,1440883296750,"93,636",75% bullish,of 4 ratings,$9
JTPY,$2.95,1440883296776,100,100% bearish,of 1 rating,N/A
JST,$3.98,1440883296809,"7,252",75% bullish,of 4 ratings,N/A
JIVE,$4.51,1440883296866,"258,687",75% bullish,of 4 ratings,$5
JCTCF,NULL,1440883296908,0,100% bullish,of 1 rating,N/A
WYIGU,$10.2,1440883296934,6,Not yet rated,NULL,N/A
JOEZ,$0.17,1440883297002,"97,593",92% bullish,of 12 ratings,N/A
JBSS,$54.48,1440883297072,"71,680",67% bearish,of 3 ratings,N/A
JNP,$10.93,1440883297100,"25,559",100% bullish,of 3 ratings,$15
JOUT,$23.41,1440883297179,"5,196",100% bearish,of 1 rating,$34
KALU,$83.24,1440883297282,"129,573",67% bearish,of 3 ratings,$91
KTWO,$21.65,1440883297319,"84,969",100% bearish,of 1 rating,$28.50
KNDI,$6.72,1440883297412,"254,671",86% bullish,of 22 ratings,N/A
KBIO,$2.01,1440883297439,"19,373",50% bullish,of 4 ratings,N/A
JUNO,$38.06,1440883297465,"681,045",73% bullish,of 11 ratings,$71.50
KMDA,$3.48,1440883297486,"19,288",50% bullish,of 2 ratings,$8
KCLI,$46.85,1440883297617,"26,651",Not yet rated,NULL,N/A
