Symbol,Price,Date,Volume,Rating,RatingVoteCount,OneYearEstimate
FLWS,$8.31,1441120802888,"89,599",80% bullish,of 5 ratings,$15
FCTY,$7.85,1441120802923,"1,000",100% bullish,of 1 rating,$8.50
TFSCR,NULL,1441120803017,0,Not yet rated,NULL,N/A
TFSC,NULL,1441120803043,0,100% bearish,of 1 rating,N/A
TFSCW,NULL,1441120803114,0,100% bearish,of 1 rating,N/A
FCCY,$11.5,1441120803215,100,100% bullish,of 1 rating,$13
SRCE,$29.4,1441120803271,"6,925",100% bullish,of 3 ratings,$33
TFSCU,NULL,1441120803301,0,Not yet rated,NULL,N/A
VNET,$17.5,1441120803323,"172,512",60% bullish,of 5 ratings,$35
PIH,$7.3423,1441120803404,850,100% bearish,of 1 rating,N/A
DGLD,$79.6166,1441120803503,"6,153",100% bullish,of 1 rating,N/A
DSLV,$69.4595,1441120803571,"7,158",100% bearish,of 1 rating,N/A
TWOU,$33.96,1441120803604,"69,760",50% bullish,of 2 ratings,$39
USLV,$12.5,1441120803634,"64,196",86% bullish,of 7 ratings,N/A
JOBS,$25.81,1441120803706,"28,943",50% bullish,of 4 ratings,$36
UGLD,$9.46,1441120803734,"140,301",100% bearish,of 1 rating,N/A
CAFD,$14.68,1441120803956,"41,407",Not yet rated,NULL,$25
EGHT,$7.7,1441120804034,"72,729",82% bullish,of 17 ratings,$11
AVHI,$13.82,1441120804097,"4,122",100% bearish,of 1 rating,$19
SHLM,$33.44,1441120804118,"14,245",100% bearish,of 1 rating,$47
ABGB,$5.79,1441120804153,"33,336",67% bullish,of 3 ratings,$5.50
AAON,$20.21,1441120804182,"23,025",100% bearish,of 1 rating,$24
SIXD,$2.37,1441120804203,"42,847",Not yet rated,NULL,N/A
ABAX,$47.29,1441120804249,"42,587",100% bearish,of 1 rating,$60
ABEOW,$1.6001,1441120804333,550,100% bullish,of 1 rating,N/A
ABY,$22.09,1441120804381,"142,028",100% bearish,of 2 ratings,$46
ABEO,$4.68,1441120804441,"22,874",50% bullish,of 4 ratings,$15.50
ABMD,$95.3152,1441120804469,"81,379",75% bullish,of 4 ratings,$100.50
AXAS,$1.9,1441120804514,"239,936",78% bullish,of 9 ratings,$3.50
ACTG,$9.115,1441120804616,"37,818",67% bullish,of 3 ratings,$18.50
ACAD,$36.57,1441120804664,"164,765",80% bullish,of 20 ratings,$48
AXDX,$19.75,1441120804808,"27,506",100% bearish,of 1 rating,N/A
ACST,$0.3501,1441120804840,"7,301",100% bullish,of 2 ratings,N/A
XLRN,$29.01,1441120804871,"17,589",50% bullish,of 2 ratings,$57
ACHC,$71.92,1441120804938,"73,725",50% bullish,of 2 ratings,$92
ANCX,$20.17,1441120804969,"3,792",Not yet rated,NULL,$20
ARAY,$6.775,1441120805000,"116,482",100% bearish,of 1 rating,$10.50
VXDN,$1.7851,1441120805073,"79,299",100% bearish,of 1 rating,N/A
ACRX,$4.36,1441120805098,"96,731",67% bearish,of 6 ratings,$5.50
VXUP,$1.72,1441120805139,"42,593",100% bearish,of 1 rating,N/A
AKAO,$6.96,1441120805304,"6,984",75% bullish,of 4 ratings,$15
ACET,$22.25,1441120805385,"19,009",75% bullish,of 4 ratings,$30
ACHN,$7.2,1441120805414,"332,429",90% bullish,of 21 ratings,$16
ACNB,$19.94,1441120805567,"1,107",Not yet rated,NULL,N/A
ACOR,$32.31,1441120805617,"118,002",67% bearish,of 3 ratings,$38.50
ACIW,$21.27,1441120805674,"47,829",67% bearish,of 3 ratings,$24
ATVI,$27.95,1441120805699,"2,052,063",67% bullish,of 84 ratings,$31.50
ACPW,$2.0172,1441120805886,"16,743",100% bullish,of 4 ratings,$3.25
ACTS,$1.64,1441120805914,"4,808",100% bearish,of 1 rating,N/A
ADMS,$19.76,1441120805935,"11,179",100% bearish,of 2 ratings,$36
ACUR,$2.9399,1441120805970,"7,559",100% bullish,of 5 ratings,$5
ACXM,$20.85,1441120806075,"38,881",67% bullish,of 3 ratings,N/A
ADAP,$11.49,1441120806103,"31,906",67% bullish,of 3 ratings,$22
ACTA,$14.09,1441120806161,"9,494",67% bearish,of 3 ratings,$25
ADUS,$28.59,1441120806239,"9,357",100% bearish,of 1 rating,$31
AEY,$2.4,1441120806292,"1,482",100% bearish,of 2 ratings,N/A
ADMA,$9.1999,1441120806477,"2,495",Not yet rated,NULL,$19
ADEP,$6.6401,1441120806503,"41,481",50% bullish,of 2 ratings,$10.75
ADMP,$3.64,1441120806530,561,50% bullish,of 2 ratings,$10
ADBE,$77.38,1441120806666,"488,031",65% bullish,of 17 ratings,$90
ADTN,$15.918,1441120806694,"44,259",67% bullish,of 3 ratings,$17.125
ADXS,$14.29,1441120806723,"148,964",64% bullish,of 14 ratings,$27
ADRO,$18.54,1441120806744,"75,641",80% bullish,of 5 ratings,$45.50
AEIS,$24.095,1441120806778,"37,802",50% bullish,of 2 ratings,$32.50
AMD,$1.795,1441120806800,"1,041,284",83% bullish,of 103 ratings,$2
AEGN,$18.235,1441120807039,"26,156",100% bearish,of 2 ratings,$21
ADXSW,$10.48,1441120807113,"5,778",100% bullish,of 1 rating,N/A
AEHR,$2.37,1441120807208,"4,644",50% bullish,of 2 ratings,N/A
YPRO,NULL,1441120807278,0,100% bearish,of 1 rating,N/A
MULT,NULL,1441120807338,0,100% bearish,of 1 rating,N/A
AEGR,$17.8,1441120807364,"59,651",50% bullish,of 6 ratings,$26
AMTX,$2.93,1441120807494,"3,764",50% bullish,of 2 ratings,$26.11
AEPI,$54.2401,1441120807624,"3,028",100% bearish,of 1 rating,N/A
AVAV,$23.594,1441120807652,"14,598",50% bullish,of 4 ratings,$31
AEZS,$0.0864,1441120807684,"3,273,543",90% bullish,of 21 ratings,$1.50
AERI,$15.85,1441120807714,"100,818",75% bullish,of 4 ratings,$31.50
AFMD,$10.073,1441120807740,"26,395",50% bullish,of 4 ratings,$15
AEMD,$7.499,1441120807819,"7,167",Not yet rated,NULL,$27.50
AGRX,$8.63,1441120807897,"2,232",100% bearish,of 1 rating,$17.50
AGYS,$10.16,1441120808041,"1,848",100% bearish,of 1 rating,N/A
AGEN,$7.0299,1441120808107,"135,462",85% bullish,of 13 ratings,$14
AGIO,$85,1441120808177,"62,741",88% bullish,of 8 ratings,$114
AFFX,$9.28,1441120808236,"70,708",80% bullish,of 5 ratings,$12.50
AGFS,$9.88,1441120808279,"23,405",100% bearish,of 1 rating,N/A
AIRM,$35.79,1441120808461,"42,256",80% bearish,of 5 ratings,$53
AGFSW,$2.01,1441120808495,500,100% bearish,of 2 ratings,N/A
AIRT,$22.3,1441120808543,504,100% bullish,of 1 rating,N/A
AMCN,$4.42,1441120808577,"65,640",83% bullish,of 6 ratings,N/A
ATSG,$8.94,1441120808606,"23,542",67% bullish,of 3 ratings,$13
AKAM,$71.26,1441120808633,"421,534",63% bullish,of 8 ratings,$77.50
AIMT,$21.14,1441120808669,"32,809",Not yet rated,NULL,$35.50
AKBA,$7.35,1441120808766,"72,549",100% bearish,of 1 rating,$18
AKER,$2.55,1441120808899,20,Not yet rated,NULL,N/A
ALRM,$16.35,1441120809087,"33,678",100% bearish,of 1 rating,$22
AIXG,$6.32,1441120809121,"2,143",67% bearish,of 3 ratings,$5.25
ABDC,$12.75,1441120809164,"1,200",Not yet rated,NULL,$15
AKRX,$39.29,1441120809196,"112,100",78% bullish,of 9 ratings,$56
ADHD,$8.055,1441120809224,"27,980",50% bullish,of 4 ratings,$18
ALSK,$2.194,1441120809245,"37,304",78% bullish,of 18 ratings,$2
AMRI,$20.08,1441120809279,"31,558",75% bearish,of 4 ratings,$24
ALXN,$172.915,1441120809305,"352,573",88% bullish,of 8 ratings,$223
ALDX,$7.07,1441120809504,"1,250",100% bearish,of 1 rating,$14.50
ALDR,$38.92,1441120809535,"88,054",67% bearish,of 3 ratings,$62
ALCO,$41.99,1441120809592,563,50% bullish,of 2 ratings,N/A
ALXA,$1.2,1441120809618,"17,280",83% bullish,of 6 ratings,$2.125
ALGN,$55.245,1441120809648,"122,548",100% bearish,of 2 ratings,$73
ALIM,$3.26,1441120809799,"15,012",80% bullish,of 5 ratings,$10
ALKS,$61.61,1441120809825,"374,083",67% bullish,of 3 ratings,$75
ALGT,$198.31,1441120809961,"42,322",100% bearish,of 2 ratings,$235
AFOP,$18.65,1441120809983,"35,748",75% bullish,of 8 ratings,$21
ALLB,$22.55,1441120810037,102,Not yet rated,NULL,N/A
AHGP,$35.68,1441120810063,"15,518",67% bullish,of 3 ratings,N/A
AIQ,$14.11,1441120810131,"1,909",67% bullish,of 3 ratings,N/A
AHPI,$1.49,1441120810195,200,50% bullish,of 2 ratings,N/A
AMOT,$19.17,1441120810222,"22,472",100% bearish,of 1 rating,N/A
ARLP,$25.47,1441120810262,"38,405",67% bearish,of 3 ratings,$32
ALLT,$5.13,1441120810450,"12,964",75% bullish,of 4 ratings,$6.25
ALQA,$4.62,1441120810485,"14,245",75% bullish,of 4 ratings,$8.50
ALNY,$100.68,1441120810542,"198,367",67% bullish,of 3 ratings,$151.50
AOSL,$7.47,1441120810589,"16,435",67% bullish,of 3 ratings,$9
MDRX,$13.62,1441120810622,"323,705",60% bullish,of 5 ratings,$16
SMCP,$22.9899,1441120810644,"2,400",Not yet rated,NULL,N/A
AFAM,$44.29,1441120810723,"10,113",50% bullish,of 2 ratings,$44
AMAG,$62.03,1441120810856,"131,720",100% bullish,of 2 ratings,$77.50
ATEC,$0.5809,1441120810881,"7,700",100% bullish,of 1 rating,$2
ALTR,$48.475,1441120810907,"547,982",80% bearish,of 5 ratings,$54
ASPS,$26.52,1441120811133,"65,473",67% bullish,of 3 ratings,$46.50
AIMC,$24.46,1441120811203,"10,128",100% bearish,of 2 ratings,$28.50
AMRN,$2.2,1441120811284,"400,389",85% bullish,of 39 ratings,$8
AYA,$20.3201,1441120811368,"8,450",100% bearish,of 1 rating,$40
AMRK,$10.6,1441120811394,600,50% bullish,of 2 ratings,$14
AMZN,$508.673,1441120811424,"612,427",81% bullish,of 265 ratings,$646
AMBA,$91.89,1441120811587,"1,274,998",83% bullish,of 12 ratings,$102.50
AMBC,$16.18,1441120811676,"28,759",100% bearish,of 1 rating,$16.50
AMBCW,NULL,1441120811743,0,100% bearish,of 1 rating,N/A
AMCX,$71.3,1441120811771,"63,077",67% bullish,of 3 ratings,$87.50
EPAX,$2.68,1441120811804,"12,566",100% bearish,of 1 rating,N/A
DOX,$56.71,1441120811831,"43,735",67% bearish,of 3 ratings,$60
AMDA,$0.48,1441120811903,"136,892",90% bullish,of 10 ratings,$1
AMED,$38.92,1441120811987,"62,475",100% bearish,of 1 rating,$42
ASBI,$22.58,1441120812121,300,Not yet rated,NULL,N/A
UHAL,$369.52,1441120812152,"2,852",100% bullish,of 2 ratings,$393.50
AAL,$39.01,1441120812180,"3,446,621",93% bullish,of 88 ratings,$57
ATAX,$5.33,1441120812202,"20,138",100% bullish,of 1 rating,$6.50
AGNC,$19.07,1441120812284,"482,243",71% bullish,of 28 ratings,$22
AMOV,$17.99,1441120812341,387,100% bearish,of 1 rating,N/A
MTGE,$15.155,1441120812479,"105,533",75% bullish,of 4 ratings,$19.50
MTGEP,$24.3,1441120812508,450,Not yet rated,NULL,N/A
AGNCB,$24.2399,1441120812535,"6,854",Not yet rated,NULL,N/A
AGNCP,$25.36,1441120812583,"2,023",Not yet rated,NULL,N/A
ACSF,$12.2087,1441120812725,"7,071",100% bearish,of 1 rating,$15
ANCI,NULL,1441120812831,0,100% bearish,of 1 rating,N/A
AETI,NULL,1441120812861,0,67% bearish,of 3 ratings,N/A
AMIC,NULL,1441120812885,0,100% bearish,of 1 rating,N/A
ACAS,$13.67,1441120812911,"374,109",60% bullish,of 5 ratings,$16.75
AMNB,$23.58,1441120812939,906,Not yet rated,NULL,$25.50
ARII,$40.45,1441120813074,"54,105",67% bearish,of 3 ratings,$45
APEI,$21.88,1441120813099,"20,928",100% bearish,of 1 rating,$25.50
ANAT,$98.51,1441120813174,"4,549",100% bullish,of 1 rating,N/A
ASEI,$38.795,1441120813279,"4,518",100% bearish,of 1 rating,$52.50
AMRB,$10.05,1441120813337,"3,172",Not yet rated,NULL,$11
AMSWA,$9.005,1441120813500,"15,337",100% bearish,of 2 ratings,$10.75
AMSC,$5.1198,1441120813563,"66,184",50% bullish,of 4 ratings,N/A
AMWD,$64.94,1441120813593,"21,813",50% bullish,of 2 ratings,$70
CRMT,$35.795,1441120813624,"8,859",100% bearish,of 1 rating,$39
AMSF,$46.33,1441120813651,"1,962",Not yet rated,NULL,$57.50
ASRV,$3.2254,1441120813683,"12,187",100% bullish,of 2 ratings,N/A
ABCB,$26.64,1441120813704,"9,206",Not yet rated,NULL,$31
AMGN,$149.22,1441120813842,"1,162,731",89% bullish,of 19 ratings,$185
ATLO,$23.5001,1441120813938,807,Not yet rated,NULL,N/A
ASRVP,NULL,1441120814018,0,Not yet rated,NULL,N/A
FOLD,$14.43,1441120814049,"441,359",56% bullish,of 9 ratings,$21
AMPH,$13.1,1441120814153,"51,415",50% bullish,of 2 ratings,$20
AMKR,$5.15,1441120814179,"445,145",100% bearish,of 2 ratings,$5
AMSG,$78.01,1441120814205,"29,660",100% bearish,of 1 rating,$85.50
AMSGP,$148.51,1441120814249,400,Not yet rated,NULL,N/A
ASYS,$5.53,1441120814340,"6,774",67% bullish,of 3 ratings,$12
AFSI,$56.78,1441120814366,"96,048",60% bullish,of 5 ratings,$72
AMRS,$1.8,1441120814425,"40,072",70% bullish,of 10 ratings,N/A
ANAC,$128.85,1441120814557,"66,644",80% bullish,of 5 ratings,$180.50
ADI,$54.53,1441120814586,"493,478",67% bullish,of 3 ratings,$69
ALOG,$79.58,1441120814614,"2,946",100% bearish,of 2 ratings,$100.50
ANAD,$0.3329,1441120814635,"63,201",100% bullish,of 2 ratings,$.50
ANCB,NULL,1441120814666,0,Not yet rated,NULL,$23
ABCW,$41,1441120814809,900,67% bullish,of 3 ratings,N/A
ANGO,$14.61,1441120814899,"22,780",67% bullish,of 3 ratings,$19
ANGI,$5.27,1441120814926,"84,103",64% bullish,of 11 ratings,$5.50
AMCF,$0.21,1441120814955,"5,670",100% bullish,of 7 ratings,N/A
ANIP,$50.415,1441120814982,"55,548",89% bullish,of 19 ratings,$66
ANIK,$34.8001,1441120815056,"15,808",60% bullish,of 5 ratings,$51.25
ANSS,$87.31,1441120815127,"64,164",100% bearish,of 1 rating,$100
APIC,$6.83,1441120815315,"26,647",100% bearish,of 1 rating,$19
ANTH,$6.99,1441120815345,"227,311",80% bullish,of 10 ratings,$13
APOG,$51.63,1441120815372,"21,971",50% bullish,of 2 ratings,$67
ATRS,$1.85,1441120815397,"57,715",92% bullish,of 12 ratings,$4.50
ATNY,NULL,1441120815423,0,50% bullish,of 2 ratings,$3.75
ABAC,$0.71,1441120815446,"4,600",100% bearish,of 1 rating,N/A
APOL,$11.135,1441120815586,"205,146",87% bearish,of 68 ratings,$14
APPF,$15.44,1441120815654,"10,331",50% bullish,of 2 ratings,$22
AINV,$6.33,1441120815692,"474,138",50% bullish,of 4 ratings,$8
APDNW,$1.48,1441120815785,"10,080",Not yet rated,NULL,N/A
ARCI,$1.25,1441120815811,20,Not yet rated,NULL,N/A
AAPL,$110.99,1441120815841,"14,031,109",86% bullish,of 2358 ratings,$150
APDN,$3.52,1441120815943,"13,631",Not yet rated,NULL,$9
AGTC,$16.34,1441120815968,"9,714",50% bullish,of 2 ratings,$33
AMAT,$15.989,1441120816102,"3,038,034",82% bullish,of 11 ratings,$23
AMCC,$5.76,1441120816127,"65,087",80% bullish,of 5 ratings,$8
AAOI,$20.3108,1441120816155,"49,347",50% bullish,of 4 ratings,$26
AREX,$2.41,1441120816180,"267,184",50% bullish,of 2 ratings,$3
APRI,$1.7799,1441120816318,"514,287",83% bullish,of 6 ratings,$4.86
APTO,$5.3,1441120816346,800,Not yet rated,NULL,$17
AQMS,$4.84,1441120816388,460,Not yet rated,NULL,N/A
AQXP,$16.88,1441120816414,"55,266",50% bullish,of 2 ratings,$2
AUMA,$9.9,1441120816495,100,Not yet rated,NULL,N/A
AUMAU,NULL,1441120816548,0,Not yet rated,NULL,N/A
AUMAW,NULL,1441120816626,0,Not yet rated,NULL,N/A
PETX,$18.106,1441120816762,"35,960",100% bearish,of 2 ratings,$26
ABIO,$0.9,1441120816791,"10,203",50% bullish,of 2 ratings,$3.75
ARDM,NULL,1441120816823,0,100% bullish,of 1 rating,$26
ABUS,$6.88,1441120816881,"122,776",86% bullish,of 14 ratings,$23
ARCW,$3.73,1441120816979,"2,013",100% bearish,of 2 ratings,$10.50
ARCB,$28.285,1441120817012,"21,722",67% bearish,of 3 ratings,$39.50
RKDA,$6.2094,1441120817040,"1,627",100% bearish,of 2 ratings,$10
ACAT,$25.955,1441120817108,"11,446",100% bearish,of 3 ratings,$33
ACGL,$68.18,1441120817134,"92,640",50% bullish,of 2 ratings,$72
ARNA,$2.645,1441120817267,"466,233",90% bullish,of 78 ratings,$5.50
ARDX,$19.03,1441120817300,"27,284",50% bullish,of 2 ratings,$24.50
AGIIL,$25.03,1441120817372,58,Not yet rated,NULL,N/A
AGII,$55.33,1441120817400,"17,450",Not yet rated,NULL,$59.50
ARCC,$15.3572,1441120817420,"425,908",67% bearish,of 3 ratings,$17.75
ARGS,$6.19,1441120817557,"19,035",50% bullish,of 2 ratings,$19.50
ARIA,$9.1,1441120817586,"1,345,499",87% bullish,of 46 ratings,$9
ARIS,$3.74,1441120817612,"4,766",Not yet rated,NULL,$4.50
ARMH,$42.01,1441120817661,"303,757",54% bearish,of 13 ratings,$60
ARKR,$24.74,1441120817743,42,50% bullish,of 2 ratings,N/A
ARWA,NULL,1441120817773,0,Not yet rated,NULL,N/A
ARTX,$1.5185,1441120817799,"43,970",88% bullish,of 16 ratings,$4.50
ARWAU,$10.2,1441120817936,200,100% bullish,of 1 rating,N/A
ARWAR,NULL,1441120817963,0,Not yet rated,NULL,N/A
ARWAW,NULL,1441120817992,0,Not yet rated,NULL,N/A
ARRS,$26.18,1441120818094,"170,808",50% bullish,of 2 ratings,$38
ARQL,$1.65,1441120818138,"20,494",75% bullish,of 4 ratings,$5
ARRY,$5.84,1441120818164,"325,796",100% bullish,of 7 ratings,$10
DWAT,$9.74,1441120818293,"7,900",100% bearish,of 1 rating,N/A
ARWR,$5.8137,1441120818325,"192,979",75% bullish,of 4 ratings,$10.50
ARTW,$4.176,1441120818386,"1,716",75% bearish,of 4 ratings,N/A
ASBB,$24.11,1441120818487,100,Not yet rated,NULL,N/A
AROW,$27.37,1441120818515,"3,906",Not yet rated,NULL,N/A
ARTNA,$21.9899,1441120818549,"4,356",100% bearish,of 1 rating,$29
ASNA,$12.035,1441120818649,"392,021",50% bullish,of 2 ratings,$18
ASCMA,$28.09,1441120818679,"14,073",100% bearish,of 1 rating,$45
ASMI,NULL,1441120818749,0,NULL,NULL,NULL
ASTI,$0.2002,1441120818779,"7,978,637",83% bullish,of 6 ratings,$3
ASND,$19.49,1441120818805,"14,611",50% bullish,of 2 ratings,$30
APWC,$1.72,1441120818876,100,100% bearish,of 1 rating,N/A
AZPN,$37.96,1441120819092,"62,565",50% bullish,of 2 ratings,$42
ASFI,$8.9,1441120819198,"4,000",100% bullish,of 1 rating,N/A
ASML,$90.27,1441120819245,"137,382",50% bullish,of 4 ratings,$127
ASMB,$13.98,1441120819272,"15,051",67% bullish,of 3 ratings,N/A
ASTE,$38.75,1441120819352,"15,473",100% bearish,of 1 rating,$49
ALOT,$13.59,1441120819405,"1,196",100% bearish,of 1 rating,N/A
ATRO,$50.515,1441120819432,"18,586",100% bearish,of 2 ratings,$80
ASTC,$2.0688,1441120819463,"6,671",100% bullish,of 5 ratings,N/A
ATAI,$2.45,1441120819561,"23,118",100% bearish,of 1 rating,N/A
ATHN,$131.61,1441120819663,"38,480",67% bearish,of 3 ratings,$153
ASUR,$5.38,1441120819732,"1,748",50% bullish,of 2 ratings,$8
AFCB,NULL,1441120819758,0,Not yet rated,NULL,N/A
ATRA,$39.95,1441120819780,"32,754",50% bullish,of 2 ratings,$68
ATHX,$1.1118,1441120819919,"49,767",89% bullish,of 9 ratings,$5
AAPC,$10.1,1441120819945,8,Not yet rated,NULL,N/A
AAME,NULL,1441120820016,0,Not yet rated,NULL,N/A
ATLC,$3.93,1441120820114,"2,190",67% bullish,of 3 ratings,N/A
ATNI,$71.22,1441120820146,"5,098",100% bearish,of 1 rating,$69.50
ACFC,$5.3396,1441120820249,"12,558",100% bearish,of 1 rating,$6.50
AAWW,$39.275,1441120820323,"63,576",50% bullish,of 2 ratings,$65
ATOS,$0.78,1441120820357,"10,818",100% bullish,of 7 ratings,$7
AFH,$16,1441120820378,"13,831",Not yet rated,NULL,$21.50
ATML,$8.01,1441120820455,"1,750,221",78% bullish,of 9 ratings,$9.50
ATRC,$24.3,1441120820483,"31,287",100% bullish,of 1 rating,$30
ATRI,$382.61,1441120820612,506,Not yet rated,NULL,N/A
ATRM,$2.72,1441120820643,400,50% bullish,of 2 ratings,N/A
ATTU,$12.79,1441120820746,"29,363",100% bearish,of 1 rating,$20.50
AUDC,$3.35,1441120820773,"8,958",80% bullish,of 5 ratings,$5
AUBN,$26.95,1441120820801,233,Not yet rated,NULL,N/A
AUPH,$3.455,1441120820830,"22,450",100% bearish,of 1 rating,$8
LIFE,$14.05,1441120820854,"28,503",86% bullish,of 7 ratings,$43
EARS,$4.62,1441120820935,"2,604",100% bearish,of 2 ratings,$11
ADP,$76.028,1441120821082,"384,583",100% bearish,of 1 rating,$88
ADAT,$0.284,1441120821110,"60,176",100% bullish,of 2 ratings,N/A
ABTL,$17.925,1441120821132,"16,423",100% bullish,of 4 ratings,$20.25
AVGO,$123.16,1441120821153,"796,516",88% bullish,of 8 ratings,$165
ADSK,$46.27,1441120821187,"828,144",67% bullish,of 6 ratings,$66
AVID,$8.265,1441120821340,"164,711",100% bearish,of 1 rating,$20
AAVL,$10.43,1441120821367,"66,470",100% bearish,of 1 rating,$20
AVEO,$1.4,1441120821499,"305,549",75% bullish,of 8 ratings,$3
AVNU,$12.54,1441120821529,"6,240",Not yet rated,NULL,$14
CAR,$43.53,1441120821550,"310,982",80% bullish,of 5 ratings,$60
AVGR,$14.98,1441120821572,"5,521",100% bearish,of 1 rating,$20
AVNW,$1.16,1441120821593,"5,850",50% bullish,of 2 ratings,N/A
AWRE,$3.2799,1441120821731,"1,854",67% bullish,of 3 ratings,N/A
AXGN,$4.619,1441120821843,"17,731",Not yet rated,NULL,$5
ACLS,$3.21,1441120821879,"72,670",67% bullish,of 6 ratings,$4.75
RILY,NULL,1441120821914,0,Not yet rated,NULL,N/A
AXPWW,$1.0001,1441120821935,100,Not yet rated,NULL,N/A
AXPW,$2.0599,1441120821972,"1,217,350",83% bullish,of 6 ratings,N/A
AXTI,$2.18,1441120822000,"3,507",50% bullish,of 2 ratings,$2.75
BOSC,$2.1501,1441120822028,200,50% bullish,of 2 ratings,N/A
BCOM,NULL,1441120822069,0,100% bearish,of 1 rating,N/A
BWINB,$22.9,1441120822434,800,Not yet rated,NULL,N/A
BEAV,$48.24,1441120822492,"268,632",67% bearish,of 3 ratings,$59
BIDU,$146.29,1441120822514,"1,069,100",81% bullish,of 88 ratings,$210
BLDP,$1.3499,1441120822537,"97,034",91% bullish,of 22 ratings,$2.50
BCPC,$58.45,1441120822566,"24,469",100% bearish,of 1 rating,$75
BANF,$58.6162,1441120822587,"2,515",Not yet rated,NULL,$68
BWINA,NULL,1441120822624,0,Not yet rated,NULL,N/A
BANFP,NULL,1441120822720,0,Not yet rated,NULL,N/A
BOCH,$5.72,1441120822803,"1,384",Not yet rated,NULL,$6.50
BKMU,$7.1,1441120822835,"3,503",Not yet rated,NULL,$8
BKSC,NULL,1441120822884,0,Not yet rated,NULL,N/A
OZRK,$40.95,1441120822913,"75,851",67% bullish,of 3 ratings,$49.50
BOTJ,$11.11,1441120822934,25,Not yet rated,NULL,N/A
BFIN,$12.215,1441120822969,"3,054",Not yet rated,NULL,$13
BMRC,$48.015,1441120822997,"1,430",Not yet rated,NULL,$52
BZUN,$4.99,1441120823299,"60,807",50% bullish,of 2 ratings,$11.50
BANR,$43.67,1441120823328,"18,917",100% bullish,of 3 ratings,$50
BWFG,$17.85,1441120823355,200,100% bearish,of 1 rating,N/A
BHACR,NULL,1441120823431,0,Not yet rated,NULL,N/A
BHACW,NULL,1441120823489,0,Not yet rated,NULL,N/A
BHAC,NULL,1441120823514,0,Not yet rated,NULL,N/A
BHACU,NULL,1441120823560,0,Not yet rated,NULL,N/A
BBSI,$34.795,1441120823647,"9,442",67% bearish,of 3 ratings,$62.50
TAPR,NULL,1441120823677,0,100% bearish,of 1 rating,N/A
BV,$5.19,1441120823706,"102,239",67% bullish,of 6 ratings,$9
BSET,$28.39,1441120823779,"2,608",100% bearish,of 1 rating,$35
BYLK,$12.985,1441120823861,"3,901",Not yet rated,NULL,$14
BYBK,NULL,1441120823911,0,100% bearish,of 1 rating,N/A
BCBP,NULL,1441120823994,0,Not yet rated,NULL,N/A
BDCV,$4.95,1441120824043,"4,581",100% bearish,of 1 rating,$10.19
BBCN,$14.08,1441120824068,"29,409",100% bearish,of 1 rating,$16
BECN,$35.65,1441120824268,"30,407",50% bullish,of 2 ratings,$40
BBBY,$61.16,1441120824294,"197,598",71% bullish,of 7 ratings,$75
BEBE,$1.32,1441120824316,"205,068",75% bullish,of 4 ratings,$2.125
BSF,$8.39,1441120824350,713,Not yet rated,NULL,N/A
BBGI,$3.96,1441120824373,100,100% bearish,of 1 rating,N/A
BELFA,$14.87,1441120824397,218,100% bearish,of 1 rating,N/A
BLCM,$17,1441120824539,"24,665",50% bullish,of 4 ratings,$40
BELFB,$17.43,1441120824568,"2,982",100% bearish,of 1 rating,N/A
BLPH,$5.0056,1441120824607,"6,000",100% bearish,of 1 rating,$12.50
BNCL,$12.34,1441120824640,"46,597",100% bullish,of 3 ratings,$12.50
BGMD,$0.7199,1441120824776,"10,525",100% bullish,of 10 ratings,N/A
BNTC,$7.7099,1441120824805,"6,819",100% bullish,of 1 rating,N/A
BNFT,$35.41,1441120824831,"28,606",67% bullish,of 3 ratings,$46
BGFV,$11.215,1441120824978,"24,830",57% bullish,of 7 ratings,$12
ORPN,$5.66,1441120825045,"2,100",100% bullish,of 1 rating,$28.50
BIND,$4.78,1441120825073,"57,397",75% bullish,of 4 ratings,$13.50
BGCP,$8.7633,1441120825094,"254,899",88% bullish,of 8 ratings,$14
BASI,$1.61,1441120825124,"1,800",Not yet rated,NULL,N/A
BCDA,NULL,1441120825259,0,Not yet rated,NULL,N/A
BIOC,$1.9584,1441120825287,"61,293",83% bullish,of 6 ratings,$3.85
BCRX,$11.568,1441120825320,"138,974",63% bullish,of 8 ratings,$18
BIOD,$0.6999,1441120825359,"36,545",80% bullish,of 5 ratings,$4
BDSI,$6.68,1441120825388,"342,128",88% bullish,of 8 ratings,$17
BIIB,$300.23,1441120825457,"445,121",88% bullish,of 16 ratings,$400
BLFS,$2.7,1441120825485,"301,157",100% bearish,of 1 rating,$4.75
BIOL,$1.5803,1441120825543,"11,604",Not yet rated,NULL,N/A
BMRN,$126.42,1441120825676,"274,528",80% bullish,of 5 ratings,$160
BLRX,$1.52,1441120825777,"54,578",100% bullish,of 12 ratings,$5
BRLI,NULL,1441120825805,0,NULL,NULL,NULL
BVXV,$3.3801,1441120825826,"5,212",Not yet rated,NULL,N/A
BVXVW,$0.7,1441120825871,"4,500",100% bearish,of 1 rating,N/A
BIOS,$2.37,1441120825897,"138,120",71% bullish,of 7 ratings,$4
BPTH,$1.2,1441120825919,"101,539",100% bullish,of 2 ratings,$5
BBC,$31.17,1441120826051,"6,347",Not yet rated,NULL,N/A
BSPM,$0.6976,1441120826118,680,50% bullish,of 2 ratings,N/A
BSTC,$48.74,1441120826183,"7,258",100% bearish,of 1 rating,$76
BBP,$32.41,1441120826211,"19,089",Not yet rated,NULL,N/A
BEAT,$14.9943,1441120826315,"142,549",67% bearish,of 3 ratings,$15
BOTA,$2.21,1441120826347,"21,143",88% bullish,of 8 ratings,N/A
TECH,$93.184,1441120826372,"13,992",100% bullish,of 1 rating,$117
BITI,$16.81,1441120826579,"2,427",100% bullish,of 1 rating,$28
BJRI,$43.46,1441120826647,"43,497",50% bullish,of 2 ratings,$55
BDMS,NULL,1441120826708,0,100% bearish,of 1 rating,N/A
BBOX,$15.04,1441120826737,"24,271",100% bearish,of 1 rating,N/A
BLKB,$56.88,1441120826760,"20,143",100% bearish,of 2 ratings,$66
BDE,$7.275,1441120826781,"31,344",50% bullish,of 2 ratings,$9
BBRY,$7.44,1441120826928,"872,282",61% bullish,of 330 ratings,$9
HAWK,$38.76,1441120827008,"101,510",91% bullish,of 11 ratings,$49
ADRA,$26.33,1441120827042,"1,912",100% bearish,of 1 rating,N/A
BKCC,$9.27,1441120827070,"60,608",50% bullish,of 2 ratings,$10
ADRD,$21.402,1441120827091,"64,490",100% bearish,of 1 rating,N/A
ADRE,$29.19,1441120827124,"2,015",100% bearish,of 1 rating,N/A
ADRU,$21.1812,1441120827149,100,100% bearish,of 1 rating,N/A
BLMN,$20.8,1441120827343,"230,657",83% bullish,of 6 ratings,$27.50
BLBD,$11.75,1441120827379,"1,873",Not yet rated,NULL,N/A
BCOR,$13.49,1441120827474,"46,878",57% bullish,of 7 ratings,$15
BUFF,$24.67,1441120827501,"196,879",83% bullish,of 12 ratings,$31.50
BBLU,$0.79,1441120827528,"11,041",100% bullish,of 2 ratings,$4.43
BHBK,$13.86,1441120827549,"17,656",100% bullish,of 1 rating,$14.50
NILE,$33.78,1441120827698,"22,497",50% bullish,of 2 ratings,$34
BLUE,$131.29,1441120827743,"113,909",71% bullish,of 7 ratings,$217.50
BKEP,$6.22,1441120827810,"1,400",100% bearish,of 1 rating,$8.50
BOBE,$44.55,1441120827872,"27,789",75% bullish,of 4 ratings,$57
BKEPP,$7.4,1441120827902,100,100% bearish,of 1 rating,N/A
BNCN,$20.41,1441120827930,"20,674",Not yet rated,NULL,$24
BPMC,$26.57,1441120827951,"12,058",50% bullish,of 2 ratings,$47.50
WIFI,$7.5,1441120828133,"22,580",50% bullish,of 2 ratings,$13.50
BOFI,$113.28,1441120828211,"60,487",100% bullish,of 6 ratings,$144
BOJA,$20.75,1441120828243,"23,327",100% bullish,of 1 rating,$30
BOKF,$61.25,1441120828272,"68,999",100% bearish,of 1 rating,$69
BONA,$11.45,1441120828349,"89,351",75% bullish,of 4 ratings,$8.50
BPFHP,$25.1,1441120828413,"2,000",100% bearish,of 1 rating,N/A
BNSO,NULL,1441120828450,0,100% bearish,of 1 rating,N/A
BAMM,$3.16,1441120828492,"5,975",60% bullish,of 5 ratings,N/A
BPFH,$11.515,1441120828592,"76,156",100% bearish,of 1 rating,$14
BPFHW,NULL,1441120828642,0,100% bearish,of 1 rating,N/A
BCLI,$3.1,1441120828803,"24,600",80% bullish,of 5 ratings,$12
BBEP,$2.74,1441120828838,"447,511",69% bullish,of 13 ratings,$5.625
BDBD,$8.29,1441120828881,"182,230",60% bullish,of 5 ratings,$10
EPAY,$26.565,1441120828906,"12,927",100% bearish,of 2 ratings,$30
BBRG,$12.346,1441120828930,"13,875",67% bullish,of 3 ratings,$14.50
BBEPP,$14.6,1441120828960,"7,722",100% bearish,of 1 rating,N/A
BLIN,NULL,1441120829068,0,100% bullish,of 2 ratings,$2.20
BRID,NULL,1441120829180,0,100% bearish,of 1 rating,N/A
BDGE,$25.99,1441120829208,"2,443",Not yet rated,NULL,$31.75
BCOV,$5.35,1441120829234,"31,392",67% bullish,of 3 ratings,$10.20
BVSN,$5.8999,1441120829395,"1,500",60% bearish,of 5 ratings,N/A
BRCM,$50.78,1441120829441,"943,531",75% bullish,of 12 ratings,$56
BSFT,$32.2699,1441120829470,"40,871",57% bullish,of 7 ratings,$40.50
BYFC,$1.45,1441120829522,502,50% bullish,of 2 ratings,N/A
BWEN,$3.14,1441120829572,"3,793",75% bullish,of 4 ratings,$8
BRCD,$10.37,1441120829624,"943,471",92% bullish,of 13 ratings,$11.50
BRKL,$10.2,1441120829651,"77,794",100% bearish,of 1 rating,$10.75
BRKS,$10.35,1441120829832,"10,921",67% bullish,of 3 ratings,$15.25
BWLD,$190.38,1441120829882,"80,925",82% bullish,of 11 ratings,$205
BRKR,$18.135,1441120829918,"63,010",100% bearish,of 2 ratings,$22
BLMT,$20.78,1441120829939,"1,049",Not yet rated,NULL,N/A
BMTC,$29.03,1441120830010,"9,485",Not yet rated,NULL,$34
BLDR,$14.49,1441120830039,"152,277",67% bullish,of 3 ratings,$22
BUR,$1.797,1441120830144,"4,294",100% bearish,of 1 rating,$8
CFFI,NULL,1441120830210,0,100% bearish,of 1 rating,N/A
CHRW,$66.89,1441120830343,"223,779",Not yet rated,NULL,$72
CA,$26.79,1441120830372,"426,592",50% bullish,of 4 ratings,$33
CCMP,$42.76,1441120830399,"6,551",50% bullish,of 2 ratings,$59
BSQR,$6.03,1441120830421,"4,444",67% bullish,of 3 ratings,N/A
CDNS,$19.87,1441120830454,"263,116",75% bullish,of 4 ratings,$22.50
CACQ,$7.21,1441120830503,"8,279",100% bearish,of 1 rating,$12.25
CZR,$9.355,1441120830595,"172,302",60% bearish,of 5 ratings,$10.50
CDZI,$8.095,1441120830648,"2,948",100% bearish,of 1 rating,N/A
PRSS,$4.24,1441120830784,"2,902",80% bullish,of 5 ratings,$4.50
CSTE,$39.48,1441120830814,"22,304",50% bullish,of 2 ratings,$65
CLBS,$1.58,1441120830892,"112,101",79% bullish,of 14 ratings,$4
CLMS,$10.28,1441120830926,"16,515",Not yet rated,NULL,$10.50
CHI,$10.479,1441120831020,"70,156",100% bearish,of 1 rating,N/A
CHY,$11.2598,1441120831045,"145,271",Not yet rated,NULL,N/A
CCD,$18.85,1441120831122,"19,262",Not yet rated,NULL,N/A
CHW,$7.4201,1441120831261,"40,328",100% bearish,of 1 rating,N/A
CFGE,$10.34,1441120831292,80,Not yet rated,NULL,N/A
CAMP,$16.14,1441120831325,"121,127",88% bullish,of 8 ratings,$25
CGO,$11.9825,1441120831361,"8,677",100% bearish,of 1 rating,N/A
CVGW,$57.45,1441120831391,"15,959",50% bullish,of 2 ratings,$62
CFNB,NULL,1441120831427,0,100% bearish,of 1 rating,N/A
CSQ,$9.77,1441120831452,"132,696",Not yet rated,NULL,N/A
CALA,$5.6496,1441120831520,"128,684",100% bullish,of 3 ratings,$19.50
CALM,$52,1441120831762,"126,791",80% bullish,of 5 ratings,$63.50
CLMT,$25.3458,1441120831798,"58,128",75% bullish,of 8 ratings,$31
CALD,$15.82,1441120831819,"76,395",100% bearish,of 1 rating,$21
CAMB,$9.95,1441120831852,"1,856",Not yet rated,NULL,N/A
ABCD,$5.0001,1441120831889,"20,398",83% bullish,of 6 ratings,N/A
CAMBU,NULL,1441120831915,0,100% bearish,of 1 rating,N/A
CAMBW,NULL,1441120831945,0,Not yet rated,NULL,N/A
CAC,$40.08,1441120832150,"1,382",Not yet rated,NULL,N/A
CGIX,$9.7,1441120832178,"2,500",67% bullish,of 3 ratings,$14.375
CSIQ,$18.48,1441120832217,"437,522",86% bullish,of 28 ratings,$42.50
CBNJ,$11.01,1441120832239,"2,985",100% bearish,of 1 rating,N/A
CAMT,$2.6401,1441120832261,"9,688",73% bullish,of 11 ratings,$4
CPHC,NULL,1441120832312,0,100% bearish,of 1 rating,N/A
CPLA,$48.48,1441120832338,"22,765",67% bearish,of 3 ratings,$65
CBF,$30.5,1441120832502,"43,851",Not yet rated,NULL,$32
CCBG,$15,1441120832599,"2,600",Not yet rated,NULL,$17.25
CSWC,$44.77,1441120832629,"5,343",Not yet rated,NULL,N/A
CPLP,$6.985,1441120832654,"52,947",71% bullish,of 7 ratings,$11
CAPNW,NULL,1441120832731,0,Not yet rated,NULL,N/A
CAPR,NULL,1441120832814,0,Not yet rated,NULL,$12
CAPN,$2.265,1441120832860,"38,273",100% bullish,of 1 rating,$10.85
CFFN,$11.87,1441120832893,"296,120",Not yet rated,NULL,$12.75
CPTA,$13.7,1441120832946,"13,293",100% bearish,of 1 rating,$18.50
CPST,$0.3929,1441120832991,"273,636",95% bullish,of 22 ratings,$1.25
CARB,$11.09,1441120833026,"44,572",75% bullish,of 4 ratings,$12
CARA,$18.72,1441120833122,"31,303",50% bullish,of 4 ratings,$25
CBYL,$5.19,1441120833150,"5,604",100% bearish,of 1 rating,$20
CRDC,$0.333,1441120833175,"97,288",100% bullish,of 1 rating,$1.25
CFNL,$21.86,1441120833356,"13,157",Not yet rated,NULL,$24
CRME,$8.955,1441120833426,"3,400",89% bullish,of 9 ratings,$11.25
CATM,$33.81,1441120833487,"26,753",100% bearish,of 1 rating,$44
CECO,$3.66,1441120833540,"28,523",67% bearish,of 3 ratings,$6
CSII,$24.34,1441120833563,"71,927",100% bearish,of 2 ratings,$42.125
CDNA,$6.74,1441120833594,404,100% bearish,of 1 rating,$9
CTRE,$10.965,1441120833615,"34,923",50% bullish,of 2 ratings,$13.50
CLBH,$12.56,1441120833750,"2,309",Not yet rated,NULL,$16.50
CKEC,$23.2,1441120833781,"29,429",50% bullish,of 2 ratings,$35.915
TAST,$12.635,1441120833811,"26,516",Not yet rated,NULL,$14.25
CRZO,$35.41,1441120833837,"272,121",67% bearish,of 3 ratings,$54.50
CARO,$15.4899,1441120833879,"2,680",100% bearish,of 1 rating,$19
CART,NULL,1441120833906,0,100% bearish,of 1 rating,N/A
CRTN,$2.51,1441120833967,404,100% bearish,of 1 rating,N/A
CASM,$1.21,1441120834179,439,100% bullish,of 1 rating,$3.50
CARV,NULL,1441120834208,0,50% bullish,of 2 ratings,N/A
CACB,$5.32,1441120834237,"4,383",Not yet rated,NULL,$5.50
CSCD,$15.39,1441120834258,"2,858",100% bullish,of 2 ratings,$17
CWST,$6.1,1441120834289,"13,398",50% bullish,of 2 ratings,$7.25
CASY,$105.095,1441120834310,"32,277",50% bullish,of 2 ratings,$99.50
CASI,$1.4467,1441120834520,500,100% bullish,of 1 rating,$3.50
CASS,$47.5,1441120834553,728,100% bearish,of 1 rating,N/A
CATY,$28.97,1441120834615,"152,515",100% bearish,of 1 rating,$33.50
CATB,$11.19,1441120834656,"1,004",100% bearish,of 1 rating,$28
CVCO,$69.44,1441120834747,"3,705",100% bearish,of 1 rating,N/A
CPRX,$3.67,1441120834786,"177,381",71% bullish,of 7 ratings,$7
CATYW,NULL,1441120834813,0,100% bearish,of 1 rating,N/A
CAVM,$67.2,1441120834946,"49,106",67% bearish,of 3 ratings,$72
CNLMR,$0.34,1441120834973,114,Not yet rated,NULL,N/A
CNLMU,NULL,1441120835001,0,100% bullish,of 1 rating,N/A
CBFV,$20.5,1441120835030,300,Not yet rated,NULL,$25
CNLM,NULL,1441120835132,0,Not yet rated,NULL,N/A
CNLMW,$0.3,1441120835224,"3,100",Not yet rated,NULL,N/A
CBOE,$63.01,1441120835263,"81,999",Not yet rated,NULL,$60
CDK,$49.17,1441120835289,"84,836",67% bearish,of 3 ratings,$50
CECE,$9.53,1441120835317,"18,496",50% bullish,of 2 ratings,$16
CDW,$38.81,1441120835456,"148,272",75% bullish,of 4 ratings,$44
CELG,$117.46,1441120835483,"1,304,119",92% bullish,of 13 ratings,$155.50
CPXX,$2.2201,1441120835616,"28,513",100% bullish,of 2 ratings,$7
CLDX,$14.448,1441120835650,"270,145",89% bullish,of 9 ratings,$36
CELGZ,$1.6801,1441120835672,"7,700",80% bullish,of 5 ratings,N/A
CLDN,$1.1499,1441120835747,"45,136",71% bullish,of 7 ratings,$3
CLRB,$3.09,1441120835776,"1,160",100% bearish,of 1 rating,N/A
CLRBW,NULL,1441120835882,0,Not yet rated,NULL,N/A
CLTX,$2.4801,1441120835916,"70,285",100% bullish,of 2 ratings,N/A
CLSN,$2.06,1441120835942,"6,100",80% bullish,of 10 ratings,$7.50
CLLS,$32.67,1441120835971,"30,346",75% bullish,of 4 ratings,$51.50
CBMG,$22.76,1441120836072,"19,496",50% bullish,of 2 ratings,N/A
CYAD,$46.8201,1441120836107,900,100% bullish,of 1 rating,$87.50
CEMP,$33.81,1441120836137,"118,193",71% bullish,of 7 ratings,$52
CETX,$2.43,1441120836239,"12,550",Not yet rated,NULL,$5.60
CETV,$2.14,1441120836305,"17,809",67% bullish,of 3 ratings,$2.80
CSFL,$13.5365,1441120836390,"18,011",Not yet rated,NULL,$15
CENTA,$12.6575,1441120836522,"39,930",Not yet rated,NULL,N/A
CENT,$12.37,1441120836548,"8,343",Not yet rated,NULL,$10
CFBK,$1.34,1441120836577,200,Not yet rated,NULL,N/A
CVCY,$11.28,1441120836603,"1,255",Not yet rated,NULL,$12
CENX,$5.43,1441120836737,"563,519",67% bullish,of 6 ratings,$9
CNBKA,NULL,1441120836769,0,50% bullish,of 2 ratings,N/A
CNTY,$5.7793,1441120836801,"3,044",80% bullish,of 5 ratings,$7.75
CRNT,$1.42,1441120836868,"55,509",50% bullish,of 2 ratings,$2
CERE,$1.1121,1441120836895,"94,371",88% bullish,of 8 ratings,N/A
CPHD,$48.75,1441120836958,"93,897",67% bearish,of 3 ratings,$66.50
CERN,$61.01,1441120837182,"313,485",67% bullish,of 3 ratings,$79
CEVA,$19.09,1441120837221,"4,223",100% bearish,of 1 rating,$25
CERU,$4.0539,1441120837251,"22,396",75% bullish,of 4 ratings,$14
CERS,$4.91,1441120837273,"56,096",75% bullish,of 4 ratings,$7
CYOU,$19.46,1441120837305,"50,423",50% bullish,of 6 ratings,$24
KOOL,$0.6785,1441120837400,"34,441",100% bullish,of 5 ratings,$7
HOTRW,NULL,1441120837430,0,Not yet rated,NULL,N/A
HOTR,$1.41,1441120837474,"69,905",100% bullish,of 2 ratings,$5
CTHR,$1.29,1441120837531,869,50% bullish,of 2 ratings,$2.50
CHTR,$179.88,1441120837559,"210,287",100% bearish,of 2 ratings,$202
GTLS,$24.3,1441120837605,"100,620",50% bullish,of 4 ratings,$40
CHFN,$12.42,1441120837695,"1,727",Not yet rated,NULL,$14
CHKP,$78.13,1441120837840,"349,360",50% bullish,of 4 ratings,$92
CHEK,$2.06,1441120837870,"1,600",Not yet rated,NULL,$7.75
CHFC,$31.2,1441120837939,"5,224",100% bearish,of 1 rating,$36
CHEKW,NULL,1441120837999,0,Not yet rated,NULL,N/A
CEMI,$4.25,1441120838024,"6,100",50% bullish,of 2 ratings,$7.50
CCXI,$6.205,1441120838096,"16,318",67% bullish,of 3 ratings,$14
CHMG,$26.35,1441120838158,700,Not yet rated,NULL,$30
CHEV,$14.37,1441120838191,304,Not yet rated,NULL,N/A
CHKE,$26,1441120838212,"6,526",100% bearish,of 1 rating,$32.50
CHMA,$26.19,1441120838286,"23,475",Not yet rated,NULL,$40
PLCE,$59.42,1441120838388,"35,378",100% bearish,of 1 rating,$69
CBNK,$16.39,1441120838460,600,100% bearish,of 1 rating,N/A
CMRX,$48.36,1441120838489,"40,430",50% bullish,of 2 ratings,$57
CADC,$3.02,1441120838549,200,78% bullish,of 9 ratings,N/A
CALI,$0.885,1441120838622,"9,457",67% bullish,of 3 ratings,N/A
CAAS,$6.06,1441120838693,"4,838",93% bullish,of 14 ratings,$11.50
CBAK,$1.901,1441120838755,"14,477",67% bullish,of 9 ratings,N/A
CCCL,$0.785,1441120838824,200,100% bullish,of 6 ratings,N/A
CBPO,$93.52,1441120838950,"40,925",75% bullish,of 8 ratings,$140.50
JRJC,$3.51,1441120838978,"45,849",82% bullish,of 11 ratings,N/A
CCCR,$0.739,1441120839009,"1,500",67% bearish,of 3 ratings,N/A
CHOP,$1.205,1441120839038,"4,160",50% bullish,of 2 ratings,N/A
CHLN,$1.99,1441120839108,400,67% bullish,of 3 ratings,N/A
HGSH,$1.8499,1441120839139,200,67% bullish,of 3 ratings,N/A
CNIT,$1.2025,1441120839164,"48,206",67% bullish,of 6 ratings,N/A
CJJD,$1.8,1441120839205,"1,100",100% bullish,of 1 rating,N/A
HTHT,$25.6,1441120839389,"22,600",50% bullish,of 2 ratings,$28.40
CREG,$0.6649,1441120839415,"3,549",100% bullish,of 3 ratings,N/A
CPGI,$6.84,1441120839488,200,Not yet rated,NULL,N/A
CNTF,$0.8383,1441120839544,"28,404",Not yet rated,NULL,N/A
CXDC,$5.72,1441120839618,"4,754",67% bearish,of 3 ratings,N/A
CSUN,$1.42,1441120839668,"1,552",80% bullish,of 5 ratings,N/A
CCIH,$7.65,1441120839798,"61,254",67% bullish,of 6 ratings,$12.65
CHSCL,$27.15,1441120839833,"3,664",Not yet rated,NULL,N/A
CNET,$0.855,1441120839854,"13,465",50% bullish,of 2 ratings,N/A
CHNR,$1.63,1441120839891,100,100% bearish,of 1 rating,N/A
CNYD,NULL,1441120839912,0,67% bullish,of 3 ratings,N/A
IMOS,$18.55,1441120839933,"60,393",60% bullish,of 5 ratings,$21.50
CHSCM,$26.22,1441120839971,"3,437",Not yet rated,NULL,N/A
CHSCP,$30.5982,1441120840124,102,Not yet rated,NULL,N/A
CHSCO,$28.13,1441120840153,500,Not yet rated,NULL,N/A
CHSCN,$26.8101,1441120840257,"7,343",Not yet rated,NULL,N/A
CHUY,$30.89,1441120840357,"19,750",50% bullish,of 2 ratings,$34
CDTX,$14.15,1441120840457,"10,300",Not yet rated,NULL,$22
CMPR,$69.53,1441120840487,"72,223",50% bullish,of 2 ratings,$72.50
CMCT,$15.3,1441120840520,808,100% bearish,of 1 rating,N/A
CIFC,$6.89,1441120840541,100,100% bearish,of 1 rating,N/A
CHDN,$132.98,1441120840590,"5,516",Not yet rated,NULL,$165
CIDM,$0.5401,1441120840617,"61,071",50% bullish,of 2 ratings,$2.10
CTAS,$84.18,1441120840747,"93,160",100% bearish,of 1 rating,$91
CINF,$51.32,1441120840820,"89,870",50% bullish,of 4 ratings,$50.50
CPHR,$5.6,1441120840847,"6,450",100% bearish,of 1 rating,$17
CRUS,$29.74,1441120840868,"139,895",75% bullish,of 12 ratings,$44.50
CTRN,$26.24,1441120840904,"14,969",100% bearish,of 1 rating,$31.50
CSCO,$25.405,1441120841002,"6,327,150",84% bullish,of 209 ratings,$32
CIZN,NULL,1441120841145,0,Not yet rated,NULL,N/A
CZWI,NULL,1441120841200,0,Not yet rated,NULL,N/A
CZFC,$12.7,1441120841225,200,Not yet rated,NULL,N/A
CTXS,$66.59,1441120841256,"362,206",86% bullish,of 7 ratings,$80
CHCO,$46.61,1441120841291,"6,652",Not yet rated,NULL,$46
CZNC,$19.77,1441120841312,700,Not yet rated,NULL,N/A
CIVBP,NULL,1441120841389,0,Not yet rated,NULL,N/A
CIVB,$9.9999,1441120841415,600,Not yet rated,NULL,$11
CLNE,$5.14,1441120841559,"306,318",80% bullish,of 15 ratings,$9
CDTI,$1.59,1441120841657,"58,630",75% bullish,of 4 ratings,$3.20
CLNT,$1.48,1441120841690,"6,447",75% bullish,of 8 ratings,N/A
CLFD,$17.365,1441120841716,"13,780",67% bullish,of 3 ratings,$18
CLRO,$11.203,1441120841794,752,50% bullish,of 2 ratings,$14.25
CBLI,$4.18,1441120841815,"14,003",60% bullish,of 5 ratings,N/A
CSBK,$13.655,1441120841852,"10,766",Not yet rated,NULL,N/A
CLIR,$4.795,1441120841898,"8,695",100% bullish,of 3 ratings,N/A
CLVS,$79.72,1441120842029,"79,531",60% bullish,of 5 ratings,$101.50
CME,$91.87,1441120842126,"293,428",67% bullish,of 3 ratings,$102
CISG,$7.39,1441120842216,"10,473",100% bullish,of 5 ratings,$10
CNV,$4.395,1441120842241,"21,282",50% bullish,of 2 ratings,$7.15
CCNE,$16.98,1441120842307,"3,488",50% bullish,of 2 ratings,$21.50
CWAY,$10.88,1441120842444,704,Not yet rated,NULL,N/A
CMFN,$11.39,1441120842490,"2,496",100% bearish,of 1 rating,$15.50
COBZ,$12.65,1441120842548,"8,153",100% bullish,of 1 rating,$14
CDRB,$13.6,1441120842591,"3,895",67% bullish,of 3 ratings,N/A
COKE,$153.439,1441120842616,"7,438",79% bullish,of 19 ratings,N/A
CVLY,$20.75,1441120842679,123,Not yet rated,NULL,N/A
CDXS,$3.63,1441120842810,"3,170",64% bullish,of 11 ratings,$6
JVA,$4.675,1441120842870,"1,668",83% bullish,of 6 ratings,$7
CCOI,$27.45,1441120842897,"53,146",50% bullish,of 4 ratings,$35
CGNX,$34.855,1441120842926,"72,336",50% bullish,of 2 ratings,$47
CTSH,$62.17,1441120842975,"865,889",90% bullish,of 10 ratings,$75
CGNT,$1.5272,1441120843029,"2,500",100% bullish,of 2 ratings,$2
COHR,$56.32,1441120843075,"10,935",50% bullish,of 2 ratings,$72
CLRX,$0.6101,1441120843232,"33,753",50% bullish,of 2 ratings,N/A
CHRS,$27.59,1441120843260,"11,241",67% bearish,of 3 ratings,$37
COHU,$9.64,1441120843293,"12,086",100% bearish,of 1 rating,$14.25
COLL,$14.0517,1441120843314,"29,525",100% bearish,of 1 rating,$26
CLCT,$18.0501,1441120843389,"32,997",100% bearish,of 1 rating,N/A
CIGI,$43.95,1441120843449,"14,602",100% bearish,of 1 rating,$52
CBAN,$8.8,1441120843486,300,Not yet rated,NULL,N/A
CLCD,$6.39,1441120843533,"19,682",100% bearish,of 1 rating,$20.50
COLB,$29.4,1441120843560,"16,212",Not yet rated,NULL,$36
COLM,$61,1441120843618,"20,168",100% bearish,of 1 rating,$71
CMCO,$18.73,1441120843783,"7,047",60% bullish,of 5 ratings,$28
CBSH,$43.7101,1441120843864,"33,441",50% bullish,of 2 ratings,$46
CBMX,$1.09,1441120843892,291,83% bullish,of 6 ratings,$3.15
CMCSK,$57.09,1441120843913,"799,987",Not yet rated,NULL,$84
CMCSA,$55.89,1441120843964,"2,254,375",66% bullish,of 35 ratings,$69.50
CBSHP,$25.43,1441120843994,"1,206",100% bearish,of 1 rating,N/A
CVGI,$5.05,1441120844098,"16,004",50% bullish,of 2 ratings,$6
CUBN,NULL,1441120844227,0,Not yet rated,NULL,N/A
JCS,NULL,1441120844286,0,67% bullish,of 3 ratings,N/A
CSAL,$20.3623,1441120844316,"178,023",75% bullish,of 4 ratings,$30
ESXB,$5.01,1441120844337,"4,200",Not yet rated,NULL,N/A
CYHHZ,$0.01,1441120844368,"14,300",100% bullish,of 1 rating,N/A
COMM,$32.2199,1441120844398,"440,244",67% bearish,of 3 ratings,$35
CTBI,$34.65,1441120844501,"4,304",Not yet rated,NULL,$36
CVLT,$35.55,1441120844593,"49,607",75% bullish,of 4 ratings,$44.50
CWBC,$6.71,1441120844638,"1,212",Not yet rated,NULL,N/A
CIZ,$32.4899,1441120844667,572,100% bearish,of 1 rating,N/A
CIL,NULL,1441120844767,0,Not yet rated,NULL,N/A
COB,$10.51,1441120844795,"4,211",100% bullish,of 1 rating,$11.75
CID,NULL,1441120844926,0,Not yet rated,NULL,N/A
CSA,NULL,1441120844989,0,Not yet rated,NULL,N/A
CSF,$36.29,1441120845015,387,100% bearish,of 1 rating,N/A
CDC,$34,1441120845036,"3,193",Not yet rated,NULL,N/A
CFO,$34.82,1441120845066,"8,835",100% bearish,of 1 rating,N/A
CSB,NULL,1441120845248,0,Not yet rated,NULL,N/A
CDL,NULL,1441120845278,0,Not yet rated,NULL,N/A
CFA,$34.9,1441120845335,200,100% bearish,of 1 rating,N/A
CTG,$6.6,1441120845358,"14,534",100% bearish,of 1 rating,$8.50
CGEN,$4.935,1441120845389,"16,516",50% bullish,of 2 ratings,$11
SCOR,$50.46,1441120845411,"49,971",100% bearish,of 1 rating,$66
CPSI,$45.71,1441120845450,"13,140",100% bearish,of 1 rating,$45.50
CHCI,NULL,1441120845491,0,50% bullish,of 2 ratings,N/A
CNSI,$18.62,1441120845583,"13,895",100% bearish,of 2 ratings,$29
CMTL,$26.025,1441120845623,"5,292",100% bearish,of 2 ratings,$37
CNAT,$3.705,1441120845760,"76,311",83% bullish,of 6 ratings,$13
CNCE,$15.54,1441120845863,"67,884",75% bullish,of 4 ratings,$22
CDORP,NULL,1441120845913,0,100% bearish,of 1 rating,N/A
CDOR,$1.36,1441120845939,100,100% bullish,of 1 rating,N/A
CXRX,$76.05,1441120845969,182,100% bearish,of 1 rating,$90
CCUR,$5.5999,1441120845995,"9,327",75% bullish,of 4 ratings,N/A
CFMS,$15.79,1441120846021,"77,753",100% bearish,of 1 rating,$27
CDORO,NULL,1441120846043,0,100% bearish,of 1 rating,N/A
CTWS,$34.63,1441120846232,"3,372",100% bearish,of 1 rating,$44
CNMD,$52,1441120846261,"11,264",Not yet rated,NULL,$59
CNXR,$7.1985,1441120846290,"6,270",100% bearish,of 1 rating,$12
CONN,$28.635,1441120846316,"111,817",67% bullish,of 3 ratings,$48.50
CNOB,$18.86,1441120846341,"21,000",100% bullish,of 1 rating,$23.50
CNFR,$9.844,1441120846391,507,Not yet rated,NULL,N/A
CNSL,$19.26,1441120846567,"21,112",100% bearish,of 1 rating,$23
CWCO,$10.4342,1441120846624,"7,714",67% bullish,of 3 ratings,$14.50
CTCT,$24.66,1441120846655,"34,897",67% bullish,of 3 ratings,$37
CPSS,$5.6992,1441120846723,"11,047",100% bullish,of 1 rating,$10
CFRX,$5,1441120846760,"6,500",Not yet rated,NULL,$14
CFRXW,$1.82,1441120846794,500,100% bearish,of 1 rating,N/A
CFRXZ,$0.49,1441120846891,"2,325",Not yet rated,NULL,N/A
CTRV,$3.685,1441120846918,"10,515",Not yet rated,NULL,$6.40
CPRT,$34.265,1441120846950,"98,794",67% bearish,of 3 ratings,$40
CTRL,$8.879,1441120846975,"95,242",50% bullish,of 2 ratings,$11
CRBP,$1.8637,1441120847061,"95,178",100% bullish,of 2 ratings,$6.25
CORT,$4.86,1441120847165,"77,946",67% bullish,of 3 ratings,$12
CORI,$10.06,1441120847240,"7,253",100% bearish,of 1 rating,$18
BVA,NULL,1441120847267,0,50% bullish,of 2 ratings,N/A
CORE,$58.94,1441120847304,"12,917",100% bearish,of 1 rating,$72
CSOD,$35.83,1441120847329,"100,248",50% bullish,of 2 ratings,$42
CRVL,$29.52,1441120847402,"4,191",100% bearish,of 1 rating,N/A
CSGP,$172.97,1441120847541,"20,597",50% bullish,of 2 ratings,$235
COST,$139.56,1441120847570,"420,225",79% bullish,of 24 ratings,$154.50
COSI,$1.14,1441120847608,"15,383",100% bullish,of 1 rating,N/A
COVS,$2.67,1441120847701,"9,619",67% bullish,of 3 ratings,N/A
CPAH,NULL,1441120847733,0,50% bullish,of 2 ratings,N/A
CVTI,$23.06,1441120847754,"36,096",67% bearish,of 3 ratings,$39
COWN,$5.1299,1441120847787,"332,999",75% bullish,of 4 ratings,$7
ICBK,NULL,1441120847880,0,Not yet rated,NULL,$21
CPSH,NULL,1441120847979,0,Not yet rated,NULL,N/A
COWNL,NULL,1441120848004,0,Not yet rated,NULL,N/A
CBRL,$143.44,1441120848139,"54,633",50% bullish,of 2 ratings,$155
BREW,$7.975,1441120848212,"6,593",67% bullish,of 6 ratings,$15
CRAY,$20.88,1441120848239,"27,970",83% bullish,of 6 ratings,$38.50
CRAI,$22.95,1441120848275,"4,635",100% bearish,of 1 rating,$36
CRESY,$10.32,1441120848372,"6,982",100% bearish,of 1 rating,$19
SLVO,$10.001,1441120848401,"1,408",100% bearish,of 1 rating,N/A
CACC,$201.88,1441120848432,"22,823",50% bullish,of 2 ratings,$158.50
GLDI,$11.0799,1441120848453,"2,122",100% bearish,of 1 rating,N/A
CREE,$27.28,1441120848474,"278,687",65% bullish,of 17 ratings,$29.50
CRTO,$38.46,1441120848609,"227,587",67% bullish,of 6 ratings,$64
CCRN,$13.97,1441120848710,"80,957",100% bearish,of 1 rating,$14.25
CROX,$14.45,1441120848735,"113,463",63% bullish,of 8 ratings,$16.50
CRDS,$1.02,1441120848785,900,75% bullish,of 4 ratings,$4.50
CRWN,$5.42,1441120848979,"75,520",75% bullish,of 4 ratings,N/A
CRWS,$8.13,1441120849000,"1,400",Not yet rated,NULL,$10
CSPI,NULL,1441120849038,0,67% bullish,of 3 ratings,N/A
CTCM,$1.73,1441120849073,"71,996",80% bearish,of 5 ratings,$3.90
CYRXW,NULL,1441120849100,0,Not yet rated,NULL,N/A
CSGS,$30.415,1441120849128,"23,892",Not yet rated,NULL,$40
CYRX,$2.87,1441120849163,"16,026",Not yet rated,NULL,$9
CCLP,$14.98,1441120849260,"29,095",67% bearish,of 3 ratings,$20
CTRP,$65.19,1441120849289,"390,125",75% bullish,of 8 ratings,$92.50
CTIC,$1.5749,1441120849342,"93,292",84% bullish,of 76 ratings,$5.75
CTIB,$3.61,1441120849452,800,100% bearish,of 1 rating,N/A
CUNB,$21.45,1441120849553,"4,668",Not yet rated,NULL,$24.50
CUI,$5.18,1441120849603,"4,279",50% bullish,of 2 ratings,$10
CMLS,$1.37,1441120849632,"54,842",50% bullish,of 4 ratings,$6
CRIS,$2.63,1441120849657,"52,178",100% bullish,of 8 ratings,$6
CPIX,$6.05,1441120849698,"1,200",Not yet rated,NULL,N/A
CVBF,$15.86,1441120849805,"66,052",Not yet rated,NULL,$18
CYBR,$51.14,1441120849898,"366,695",75% bullish,of 8 ratings,$66
CYBE,$6.7795,1441120849934,"1,553",100% bearish,of 1 rating,N/A
CYAN,$6.59,1441120849967,"1,911",100% bearish,of 1 rating,N/A
CYBX,$64.25,1441120850000,"36,187",50% bullish,of 4 ratings,$71.50
CVV,$10.93,1441120850031,"1,841",100% bullish,of 5 ratings,N/A
CUTR,$14.88,1441120850061,"26,288",67% bearish,of 3 ratings,$18
CYCC,$0.56,1441120850131,"2,402",73% bullish,of 11 ratings,N/A
CYCCP,NULL,1441120850157,0,100% bearish,of 1 rating,N/A
CBAY,$2.7,1441120850305,"15,115",100% bullish,of 1 rating,$4
CYNA,$15.88,1441120850330,"2,400",50% bullish,of 2 ratings,$31.50
CY,$10,1441120850510,"2,135,610",80% bullish,of 10 ratings,$15.50
CYTK,$7.05,1441120850537,"58,185",71% bullish,of 14 ratings,$13.50
CYNO,$31.23,1441120850569,"45,480",67% bearish,of 3 ratings,$45.50
CYRN,$1.76,1441120850598,"13,300",67% bullish,of 3 ratings,$4
CYTX,$0.3802,1441120850624,"703,688",83% bullish,of 12 ratings,$5.50
CONE,$31.125,1441120850666,"47,410",67% bearish,of 3 ratings,$35.50
CTSO,$6.8,1441120850694,"5,804",Not yet rated,NULL,$15.625
CYTR,$2.36,1441120850853,"103,464",67% bullish,of 6 ratings,$10
TVIZ,$23.03,1441120850880,"8,062",100% bearish,of 1 rating,N/A
DAEG,$0.37,1441120850907,5,100% bearish,of 1 rating,N/A
XIV,$23.35,1441120850932,"8,972,043",75% bearish,of 4 ratings,N/A
TVIX,$17.47,1441120850964,"5,319,794",81% bullish,of 16 ratings,N/A
ZIV,$36.215,1441120851081,"65,648",Not yet rated,NULL,N/A
DJCO,NULL,1441120851165,0,Not yet rated,NULL,N/A
DARA,$0.8717,1441120851248,"27,275",83% bullish,of 6 ratings,$1.50
DAIO,$2.6001,1441120851280,"5,950",Not yet rated,NULL,N/A
DAKT,$8.555,1441120851386,"46,111",50% bullish,of 2 ratings,$12
DWCH,$5.07,1441120851408,"3,931",75% bullish,of 4 ratings,$8.25
DRAM,$1.365,1441120851492,"5,204",78% bullish,of 9 ratings,N/A
DTLK,$5.7,1441120851513,"7,900",100% bearish,of 1 rating,$9
PLAY,$35.1,1441120851548,"39,866",100% bullish,of 5 ratings,$42
DWSN,$4.42,1441120851577,"5,201",67% bullish,of 3 ratings,N/A
DTEA,$13.35,1441120851605,"10,236",100% bearish,of 2 ratings,$24
DBVT,$37.99,1441120851677,"30,086",100% bearish,of 1 rating,$53
DHRM,$1.61,1441120851746,200,Not yet rated,NULL,N/A
TRAK,$62.73,1441120851835,"142,802",50% bullish,of 2 ratings,$62.50
DFRG,$14.63,1441120851976,"29,918",100% bearish,of 1 rating,$20
TACOW,$3.93,1441120852025,100,100% bullish,of 1 rating,N/A
TACO,$12.73,1441120852054,"47,308",75% bullish,of 4 ratings,$20
DELT,NULL,1441120852084,0,Not yet rated,NULL,N/A
DGAS,$20.3,1441120852105,"1,316",67% bearish,of 3 ratings,N/A
DCTH,$0.4397,1441120852183,"15,466",78% bullish,of 9 ratings,N/A
DENN,$11.0662,1441120852241,"83,913",100% bullish,of 3 ratings,$15
DELTW,NULL,1441120852267,0,Not yet rated,NULL,N/A
DERM,$26.5142,1441120852324,"16,477",100% bearish,of 1 rating,$33.50
DEPO,$26.57,1441120852396,"123,149",60% bullish,of 5 ratings,$29
DSCI,$5.83,1441120852426,"13,589",50% bullish,of 2 ratings,$16
XRAY,$51.3,1441120852451,"107,905",100% bullish,of 1 rating,$58
DEST,$11.31,1441120852583,"6,824",50% bullish,of 2 ratings,N/A
DXLG,$5.92,1441120852612,"33,791",100% bearish,of 1 rating,$8
DSWL,$1.6772,1441120852687,"2,171",100% bullish,of 1 rating,N/A
DXM,$0.25,1441120852758,"180,005",50% bullish,of 2 ratings,N/A
DHXM,NULL,1441120852787,0,Not yet rated,NULL,N/A
DHIL,$192.8001,1441120852891,943,Not yet rated,NULL,N/A
DXCM,$90.28,1441120852932,"239,867",57% bullish,of 7 ratings,$98
DMND,$29.26,1441120852962,"26,718",75% bullish,of 12 ratings,$32
DRNA,$10.97,1441120853063,"22,711",67% bearish,of 3 ratings,$25
DCIX,$1.6999,1441120853140,"1,312",50% bullish,of 4 ratings,$3.50
FANG,$67.12,1441120853167,"160,443",50% bullish,of 2 ratings,$86.50
DGII,$10.24,1441120853234,"47,745",100% bearish,of 1 rating,$11
DGLY,$8.03,1441120853296,"40,769",50% bullish,of 6 ratings,$20
DMRC,$38.16,1441120853369,"8,986",100% bearish,of 1 rating,$44
DRAD,$3.874,1441120853396,"3,901",100% bullish,of 1 rating,$5.25
APPS,$2.56,1441120853417,"29,941",100% bearish,of 1 rating,$10.25
DPRX,$14.86,1441120853560,"6,106",100% bullish,of 2 ratings,$27.75
DIOD,$19.52,1441120853630,"23,517",75% bearish,of 4 ratings,$24
DISCA,$26.34,1441120853657,"552,778",67% bullish,of 3 ratings,$34
DCOM,$16.66,1441120853686,"19,770",100% bearish,of 2 ratings,$16
DISCK,$25.09,1441120853732,"349,516",100% bearish,of 1 rating,$32
DISCB,NULL,1441120853794,0,100% bearish,of 1 rating,$35
DSCO,$0.42,1441120853900,"93,199",83% bullish,of 6 ratings,$2.75
DISH,$59.65,1441120853983,"249,306",69% bullish,of 13 ratings,$73
DVCR,$10.66,1441120854028,"11,900",100% bullish,of 1 rating,N/A
BAGR,$2.6999,1441120854080,"1,910",100% bearish,of 1 rating,$6
DLHC,NULL,1441120854112,0,100% bearish,of 1 rating,N/A
DNBF,$25.37,1441120854137,100,Not yet rated,NULL,$27.50
DLTR,$71.325,1441120854211,"3,477,781",82% bullish,of 11 ratings,$88
DMLP,$14.6,1441120854366,"3,125",100% bearish,of 1 rating,N/A
DGICA,$14.19,1441120854395,"8,181",100% bearish,of 1 rating,$17
DGICB,NULL,1441120854416,0,100% bearish,of 1 rating,N/A
DORM,$50.06,1441120854447,"53,673",100% bearish,of 1 rating,$56
HILL,$9.67,1441120854472,"315,071",60% bearish,of 5 ratings,$9.75
DRWI,$0.2022,1441120854636,"38,831",60% bullish,of 5 ratings,$.45
DSKX,$3.325,1441120854665,"10,747",100% bullish,of 1 rating,N/A
DRWIW,$0.03,1441120854692,117,Not yet rated,NULL,N/A
DWA,$19.745,1441120854720,"79,011",63% bullish,of 8 ratings,$26
DRYS,$0.4601,1441120854746,"1,187,530",77% bullish,of 31 ratings,$.60
CADT,NULL,1441120854851,0,Not yet rated,NULL,N/A
DSPG,$8.76,1441120854877,"6,622",100% bearish,of 1 rating,$13.50
CADTR,NULL,1441120854902,0,Not yet rated,NULL,N/A
CADTU,NULL,1441120855034,0,Not yet rated,NULL,N/A
CADTW,NULL,1441120855123,0,Not yet rated,NULL,N/A
DNKN,$48.745,1441120855176,"462,435",67% bullish,of 15 ratings,$56.50
DRRX,$2.105,1441120855279,"19,402",50% bullish,of 6 ratings,$3
DYAX,$22.25,1441120855310,"124,388",89% bullish,of 9 ratings,$30
DTSI,$25.88,1441120855331,"15,403",100% bearish,of 2 ratings,$39.50
DYSL,$1.52,1441120855366,"5,301",100% bullish,of 2 ratings,N/A
DXPE,$29.77,1441120855392,"40,078",50% bullish,of 2 ratings,N/A
BOOM,$11.23,1441120855466,"10,792",67% bullish,of 3 ratings,$12
DVAX,$28.11,1441120855572,"57,892",70% bullish,of 10 ratings,$40
DYNT,$3.09,1441120855599,300,75% bullish,of 4 ratings,N/A
ETFC,$25.2399,1441120855674,"841,109",57% bullish,of 14 ratings,$32.50
EBMT,$11.54,1441120855746,300,Not yet rated,NULL,$13.50
EGBN,$40.94,1441120855804,"4,832",Not yet rated,NULL,$48
EGLE,$6.865,1441120855879,"2,004",60% bullish,of 5 ratings,N/A
EGRX,$77.28,1441120855904,"58,670",67% bullish,of 3 ratings,$97
EWBC,$39.27,1441120855932,"139,813",100% bearish,of 1 rating,$50
EROC,$1.54,1441120856062,"60,869",50% bullish,of 2 ratings,$3
ELNK,$8.44,1441120856098,"79,057",60% bullish,of 5 ratings,$9.50
EACQU,$10.15,1441120856119,300,Not yet rated,NULL,N/A
EML,$16.3,1441120856155,"3,304",Not yet rated,NULL,N/A
EBAY,$26.995,1441120856191,"3,046,438",81% bullish,of 117 ratings,$34
EVBS,$6.59,1441120856219,"1,000",Not yet rated,NULL,$7
EBIX,$28.3301,1441120856291,"44,031",69% bullish,of 13 ratings,$40
ECHO,$22.66,1441120856444,"52,883",67% bearish,of 3 ratings,$34.50
ECTE,$1.52,1441120856491,850,75% bullish,of 4 ratings,N/A
ELON,$0.5731,1441120856576,"10,982",50% bullish,of 2 ratings,N/A
SATS,$44.28,1441120856633,"17,252",50% bullish,of 2 ratings,$60
EEI,$11.69,1441120856707,857,67% bearish,of 3 ratings,N/A
EDGW,$7.1,1441120856778,"1,300",100% bearish,of 1 rating,N/A
ESES,NULL,1441120856832,0,100% bearish,of 1 rating,$7
ECACU,NULL,1441120856861,0,Not yet rated,NULL,N/A
EDAP,$3.6529,1441120856937,"6,600",60% bullish,of 5 ratings,$4.50
EGAN,$3.57,1441120856964,"7,974",50% bullish,of 2 ratings,$6.25
EFUT,$4.678,1441120856993,200,Not yet rated,NULL,N/A
EDUC,$6.3,1441120857022,"11,508",100% bearish,of 1 rating,N/A
LOCO,$12.69,1441120857150,"184,996",69% bullish,of 13 ratings,$19.50
EGLT,$11.43,1441120857180,"25,828",50% bullish,of 2 ratings,$21
EHTH,$14.62,1441120857285,"29,504",50% bullish,of 4 ratings,$16.50
EMITF,$1.1805,1441120857315,658,75% bullish,of 4 ratings,N/A
ESLT,$76.6599,1441120857420,"3,442",67% bullish,of 3 ratings,N/A
ERI,$9.3492,1441120857487,"28,159",100% bearish,of 1 rating,$10
ELSE,NULL,1441120857564,0,60% bullish,of 5 ratings,N/A
EA,$64.62,1441120857646,"797,948",78% bullish,of 36 ratings,$80
ELRC,$10.59,1441120857680,"1,525",100% bearish,of 1 rating,N/A
ESIO,$4.595,1441120857707,"11,263",50% bullish,of 2 ratings,$10
EFII,$43.1775,1441120857777,"54,174",80% bullish,of 5 ratings,$55
ELEC,NULL,1441120857803,0,Not yet rated,NULL,N/A
ELECU,NULL,1441120857836,0,Not yet rated,NULL,N/A
EBIO,$3.5489,1441120857862,"133,321",100% bearish,of 2 ratings,$8.35
ELECW,NULL,1441120857886,0,Not yet rated,NULL,N/A
RDEN,$10.93,1441120858054,"14,101",100% bearish,of 4 ratings,$15
CAPX,$22.416,1441120858126,200,Not yet rated,NULL,N/A
ESBK,NULL,1441120858182,0,Not yet rated,NULL,N/A
LONG,$16.95,1441120858233,"3,352",67% bullish,of 3 ratings,$15.75
ELTK,$1.235,1441120858259,"2,700",67% bearish,of 3 ratings,N/A
EMCF,$23.48,1441120858285,200,100% bearish,of 1 rating,N/A
EMCI,$22.855,1441120858416,"3,617",Not yet rated,NULL,N/A
EMMSP,NULL,1441120858519,0,100% bearish,of 1 rating,N/A
EMMS,$1.16,1441120858555,200,83% bullish,of 6 ratings,N/A
ERS,$2.87,1441120858578,"2,100",Not yet rated,NULL,N/A
ECPG,$39.015,1441120858606,"37,094",100% bullish,of 2 ratings,$52
NYNY,$4.29,1441120858642,"3,184",50% bullish,of 2 ratings,N/A
ENTA,$38.48,1441120858669,"42,745",50% bullish,of 2 ratings,$42
EMKR,$6.9,1441120858706,"26,865",75% bullish,of 4 ratings,$8.50
WIRE,$31.69,1441120858845,"14,233",100% bearish,of 1 rating,$37
ENDP,$75.7555,1441120858920,"685,320",50% bullish,of 6 ratings,$104
EIGI,$15.04,1441120859108,"115,576",67% bearish,of 3 ratings,$22.50
ECYT,$5.21,1441120859135,"40,497",83% bullish,of 6 ratings,$12
WATT,$7.2748,1441120859167,"32,787",50% bullish,of 2 ratings,$13
EXXI,$1.8,1441120859190,"359,074",86% bullish,of 7 ratings,$3.50
ELGX,$12.94,1441120859211,"43,427",75% bullish,of 4 ratings,$17
ENOC,$9.27,1441120859266,"57,414",75% bullish,of 4 ratings,$18
EFOI,$22.8884,1441120859354,"239,916",50% bullish,of 2 ratings,$24.50
ERII,$2.645,1441120859395,"3,938",80% bullish,of 5 ratings,$2.50
ENPH,$4.57,1441120859457,"155,499",75% bullish,of 4 ratings,$11
ENFC,$17.49,1441120859485,438,Not yet rated,NULL,N/A
ENG,$1.01,1441120859524,"16,200",100% bullish,of 3 ratings,N/A
ESGR,$146.664,1441120859613,"8,318",100% bearish,of 1 rating,$185
ENTG,$13.59,1441120859689,"69,780",100% bearish,of 1 rating,$18
ENTL,$21.37,1441120859817,"7,098",Not yet rated,NULL,$28
ETRM,$0.27,1441120859846,"64,298",69% bearish,of 35 ratings,$1.625
EBTC,$21.09,1441120859954,300,Not yet rated,NULL,N/A
EFSC,$23.8,1441120859985,"6,518",Not yet rated,NULL,$27
ENVI,$1.81,1441120860011,"3,257",67% bullish,of 3 ratings,N/A
ENZN,$0.9799,1441120860036,"79,651",100% bullish,of 9 ratings,N/A
EGT,$2.08,1441120860089,200,100% bullish,of 1 rating,N/A
EPRS,$5.065,1441120860172,"9,009",82% bullish,of 11 ratings,$15
ENZY,$9.87,1441120860219,"19,320",67% bullish,of 3 ratings,$9.50
EPZM,$19.75,1441120860316,"57,735",60% bullish,of 5 ratings,$34
EQIX,$265.51,1441120860371,"173,595",75% bullish,of 4 ratings,$312.50
EPIQ,$12.62,1441120860400,"4,465",100% bearish,of 1 rating,$18
EQFN,$8.07,1441120860478,200,100% bearish,of 1 rating,N/A
PLUS,$75.572,1441120860508,"12,970",50% bullish,of 2 ratings,$88
ERIC,$9.57,1441120860616,"535,253",67% bullish,of 9 ratings,$12.20
ERIE,$80.9,1441120860648,"2,371",Not yet rated,NULL,$73
EAC,$3.5,1441120860680,"4,332",100% bearish,of 1 rating,$8
ESCA,$17.58,1441120860707,500,100% bearish,of 1 rating,$22
ESPR,$47.56,1441120860784,"252,917",70% bearish,of 10 ratings,$122.50
ESCRP,NULL,1441120860835,0,100% bearish,of 1 rating,N/A
ESMC,NULL,1441120860920,0,Not yet rated,NULL,N/A
ESCR,$0.1447,1441120860964,"174,577",50% bullish,of 2 ratings,N/A
EPIX,NULL,1441120861048,0,Not yet rated,NULL,N/A
ESND,$34.12,1441120861073,"10,029",100% bearish,of 2 ratings,$40
ESSA,$12.9,1441120861150,"1,600",100% bearish,of 1 rating,N/A
ETSY,$14.38,1441120861276,"87,074",80% bullish,of 5 ratings,$16
CLWT,NULL,1441120861376,0,100% bullish,of 1 rating,N/A
ESSX,$0.469,1441120861408,"34,348",50% bullish,of 2 ratings,N/A
EVK,$3.9999,1441120861437,190,75% bearish,of 4 ratings,N/A
ESEA,$4.93,1441120861462,320,100% bullish,of 1 rating,$15
EVEP,$8.74,1441120861507,"95,275",50% bullish,of 2 ratings,$15
EEFT,$63.62,1441120861566,"17,361",100% bearish,of 1 rating,$67.50
EVLV,$2.68,1441120861607,"12,270",60% bullish,of 5 ratings,$4.625
EXA,$10.74,1441120861699,"3,647",100% bearish,of 1 rating,$13
EVOK,$3.64,1441120861747,"15,545",100% bearish,of 1 rating,$13.375
EVOL,$5.835,1441120861772,"1,700",75% bullish,of 4 ratings,$10
EXAS,$22.095,1441120861927,"174,423",78% bullish,of 9 ratings,$31
EXAC,$19.21,1441120861955,"5,659",100% bearish,of 1 rating,$22.50
EXEL,$5.65,1441120861981,"1,687,406",81% bullish,of 16 ratings,$6
EXFO,$3.05,1441120862007,200,67% bearish,of 3 ratings,$3.95
EXPO,$42.7374,1441120862152,"10,299",100% bearish,of 1 rating,$45.50
EXPE,$112.158,1441120862181,"290,574",64% bullish,of 11 ratings,$130
EXLS,$35.705,1441120862211,"15,016",50% bullish,of 2 ratings,$41
EXPD,$48.18,1441120862279,"238,795",80% bullish,of 5 ratings,$52
EXLP,$20.77,1441120862351,"26,287",100% bearish,of 1 rating,$25
EYEGW,$1.04,1441120862379,500,Not yet rated,NULL,N/A
ESRX,$82.76,1441120862430,"870,131",67% bearish,of 6 ratings,$101
EXTR,$2.98,1441120862461,"324,843",80% bullish,of 5 ratings,$3
EYEG,$3.755,1441120862562,"5,398",Not yet rated,NULL,N/A
EZCH,$22.94,1441120862646,"21,523",75% bullish,of 8 ratings,$19.50
EZPW,$6.395,1441120862722,"61,980",50% bullish,of 4 ratings,$7
FFIV,$120.5,1441120862748,"216,887",63% bullish,of 8 ratings,$132
FRP,$15.88,1441120862777,"7,241",100% bearish,of 1 rating,$18
FB,$88.99,1441120862803,"8,253,939",73% bullish,of 1072 ratings,$111
FWM,$2.209,1441120862935,"38,214",100% bearish,of 2 ratings,$3.20
FCS,$13.49,1441120862997,"79,251",67% bearish,of 3 ratings,$17
FALC,$1.68,1441120863025,"13,600",63% bearish,of 8 ratings,N/A
FARM,$22.06,1441120863067,"5,637",100% bearish,of 1 rating,$35
DAVE,$14.5345,1441120863099,"2,227",100% bearish,of 1 rating,$15.50
FMNB,$8.33,1441120863201,920,Not yet rated,NULL,N/A
FFKT,$25.71,1441120863239,"3,720",Not yet rated,NULL,$29
FARO,$38.66,1441120863286,"14,138",50% bullish,of 2 ratings,$48
FBRC,$21.52,1441120863459,"21,933",100% bearish,of 1 rating,$29
FAST,$37.96,1441120863500,"377,702",80% bullish,of 5 ratings,$45.50
FATE,$6.62,1441120863530,"4,816",50% bullish,of 2 ratings,$11
FDML,$9.1,1441120863559,"47,511",50% bullish,of 4 ratings,$14
FBSS,$15.8,1441120863580,274,Not yet rated,NULL,N/A
FEIC,$74.7,1441120863614,"35,039",50% bullish,of 2 ratings,$95.50
FNHC,$21.74,1441120863714,"21,267",100% bearish,of 1 rating,$35
FENX,$9.98,1441120863754,"9,277",100% bullish,of 1 rating,$14.25
FCSC,$5.56,1441120863846,"20,212",100% bearish,of 1 rating,$8.125
ONEQ,$185.235,1441120863900,"6,617",100% bullish,of 1 rating,N/A
FHCO,$1.4488,1441120863929,"1,934",50% bullish,of 4 ratings,N/A
FGEN,$23.43,1441120863991,"52,572",100% bearish,of 1 rating,$39
LION,$18.62,1441120864030,"32,063",100% bullish,of 1 rating,$20
FDUS,$14.5445,1441120864171,"5,093",50% bullish,of 2 ratings,$18
FSAM,$8.325,1441120864200,"1,168",100% bearish,of 1 rating,$10.25
FSC,$6.51,1441120864225,"160,462",60% bullish,of 5 ratings,$8
FRGI,$51.17,1441120864361,"19,823",50% bullish,of 2 ratings,$70
FITB,$19.305,1441120864464,"1,554,185",54% bullish,of 13 ratings,$22
FSCFL,$24.6,1441120864497,"1,000",Not yet rated,NULL,N/A
FSFR,$8.7702,1441120864526,"10,470",100% bearish,of 1 rating,$11.50
FITBI,$27.3999,1441120864552,"1,323",Not yet rated,NULL,N/A
FISI,$24.605,1441120864598,"3,586",100% bullish,of 2 ratings,$24.50
FNGN,$31.48,1441120864623,"95,108",67% bullish,of 3 ratings,$47
FNJN,$1.78,1441120864684,"19,850",100% bearish,of 1 rating,$5
FNSR,$15.34,1441120864849,"81,298",71% bullish,of 7 ratings,$24
FEYE,$37.53,1441120864892,"691,325",88% bullish,of 16 ratings,$55.50
FNTCU,NULL,1441120864917,0,Not yet rated,NULL,N/A
FNTC,NULL,1441120865058,0,Not yet rated,NULL,N/A
FBNC,$16.68,1441120865087,"1,408",100% bullish,of 1 rating,$20
FNTCW,NULL,1441120865107,0,Not yet rated,NULL,N/A
FNLC,$18.4,1441120865140,"2,026",100% bullish,of 1 rating,N/A
FRBA,$6.09,1441120865251,800,Not yet rated,NULL,$8
FBIZ,$22.3248,1441120865280,"5,370",100% bearish,of 2 ratings,$26
BUSE,$6.3,1441120865306,"57,906",Not yet rated,NULL,$6.875
FCFS,$40.355,1441120865453,"30,521",100% bearish,of 3 ratings,$47
FCAP,$26.5,1441120865484,200,Not yet rated,NULL,N/A
FCVA,NULL,1441120865504,0,Not yet rated,NULL,N/A
FCBC,$17.53,1441120865679,"1,304",Not yet rated,NULL,$18
FCNCA,$233.56,1441120865708,268,Not yet rated,NULL,N/A
FCFP,$6.95,1441120865754,100,Not yet rated,NULL,N/A
FCCO,$12.25,1441120865779,"14,394",Not yet rated,NULL,$13.25
FCLF,$9.19,1441120865804,"1,500",Not yet rated,NULL,N/A
FBNK,$16.6799,1441120865832,"3,524",100% bearish,of 1 rating,$17.50
FFBC,$17.9,1441120865970,"13,811",67% bearish,of 3 ratings,$20.25
FFNM,$6.39,1441120866002,200,Not yet rated,NULL,N/A
FDEF,$36.84,1441120866023,"6,618",Not yet rated,NULL,$38
FFBCW,NULL,1441120866102,0,100% bearish,of 1 rating,N/A
FFNW,$12.07,1441120866440,"8,022",Not yet rated,NULL,$14
FFIN,$30.28,1441120866465,"22,533",50% bullish,of 2 ratings,$31.75
THFF,$32.75,1441120866491,"5,073",Not yet rated,NULL,$35
FFWM,$21.15,1441120866652,"2,874",Not yet rated,NULL,$24
INBK,$31.7,1441120866790,"4,051",50% bullish,of 2 ratings,$37
FIBK,$26.14,1441120866820,"29,531",Not yet rated,NULL,$32
FMBH,NULL,1441120866847,0,Not yet rated,NULL,N/A
FNFG,$9.02,1441120866875,"495,949",80% bullish,of 5 ratings,$9
FRME,$25.58,1441120866908,"46,209",Not yet rated,NULL,$26.50
FNBC,$33.8901,1441120866939,"5,245",Not yet rated,NULL,$40
FMBI,$17.19,1441120867008,"53,499",Not yet rated,NULL,$20
FSFG,$30.94,1441120867037,100,Not yet rated,NULL,N/A
FNWB,$12.0799,1441120867175,"4,390",Not yet rated,NULL,N/A
FSLR,$48.54,1441120867201,"438,884",72% bullish,of 39 ratings,$65
FSGI,$2.48,1441120867226,158,Not yet rated,NULL,N/A
FSBK,$7.69,1441120867279,300,100% bullish,of 1 rating,N/A
FCAN,$24.22,1441120867483,150,Not yet rated,NULL,N/A
BICK,NULL,1441120867517,0,100% bullish,of 1 rating,N/A
FTCS,$35.7099,1441120867561,"3,182",100% bearish,of 1 rating,N/A
FBZ,NULL,1441120867587,0,Not yet rated,NULL,N/A
FEMB,NULL,1441120867649,0,Not yet rated,NULL,N/A
FV,$22.9821,1441120867681,"840,773",100% bearish,of 1 rating,N/A
FCA,$18.7156,1441120867702,"1,350",Not yet rated,NULL,N/A
IFV,$17.3901,1441120867723,"206,894",100% bearish,of 1 rating,N/A
FTSM,$59.99,1441120867783,"14,909",100% bearish,of 1 rating,N/A
FEUZ,$30.71,1441120867916,20,Not yet rated,NULL,N/A
MDIV,$19.0128,1441120868048,"51,943",Not yet rated,NULL,N/A
TDIV,$24.3501,1441120868076,"18,852",100% bearish,of 1 rating,N/A
FGM,$34.9006,1441120868311,994,Not yet rated,NULL,N/A
FTHI,$18.94,1441120868379,226,Not yet rated,NULL,N/A
FTGC,$22.3576,1441120868442,"11,356",Not yet rated,NULL,N/A
FPXI,$26.49,1441120868576,300,Not yet rated,NULL,N/A
HYLS,$49.5283,1441120868601,"6,531",100% bearish,of 1 rating,N/A
YDIV,$16.23,1441120868633,"1,869",Not yet rated,NULL,N/A
FHK,$32.28,1441120868659,"1,451",Not yet rated,NULL,N/A
SKYY,$28.54,1441120868750,"37,651",100% bullish,of 1 rating,N/A
PLTM,$6.31,1441120868911,"2,116",100% bearish,of 1 rating,N/A
CU,$12.62,1441120868940,"2,640",100% bearish,of 1 rating,N/A
FTLB,$19.43,1441120868961,10,100% bearish,of 1 rating,N/A
FJP,$45.2028,1441120869092,"8,173",Not yet rated,NULL,N/A
FMB,$51.3,1441120869163,202,Not yet rated,NULL,N/A
LMBS,$50.36,1441120869195,200,Not yet rated,NULL,N/A
QABA,$36.9,1441120869258,"1,479",100% bearish,of 1 rating,N/A
CIBR,$17.6199,1441120869290,"32,062",Not yet rated,NULL,N/A
QCLN,$15.0234,1441120869391,"10,085",Not yet rated,NULL,N/A
FONE,NULL,1441120869580,0,Not yet rated,NULL,N/A
CARZ,$33.75,1441120869610,900,100% bearish,of 1 rating,N/A
GRID,$31.16,1441120869680,320,100% bearish,of 1 rating,N/A
QQEW,$41.1899,1441120869786,"33,530",Not yet rated,NULL,N/A
RDVY,$20.65,1441120869812,610,Not yet rated,NULL,N/A
QQXT,$39.7543,1441120869845,"6,202",Not yet rated,NULL,N/A
QTEC,$39.53,1441120869943,"9,865",Not yet rated,NULL,N/A
FTSL,$48.8236,1441120870095,"17,065",100% bearish,of 1 rating,N/A
FKO,$22.33,1441120870145,300,Not yet rated,NULL,N/A
QINC,$20.02,1441120870187,100,Not yet rated,NULL,N/A
AIRR,$16.3557,1441120870278,"2,196",100% bearish,of 1 rating,N/A
FSZ,$38.47,1441120870308,"2,648",Not yet rated,NULL,N/A
FDIV,NULL,1441120870339,0,100% bearish,of 1 rating,N/A
FTW,$30.92,1441120870441,100,Not yet rated,NULL,N/A
TUSA,NULL,1441120870466,0,Not yet rated,NULL,N/A
FUNC,NULL,1441120870502,0,Not yet rated,NULL,N/A
FKU,$40.855,1441120870601,"4,252",Not yet rated,NULL,N/A
FMER,$17.415,1441120870628,"197,629",50% bullish,of 2 ratings,$20
SVVC,$9.43,1441120870654,"9,934",50% bullish,of 2 ratings,$26
FSV,$31.58,1441120870820,"7,700",Not yet rated,NULL,$33.60
FISV,$83.85,1441120870852,"148,006",100% bearish,of 3 ratings,$90
FPRX,$18.85,1441120870983,"98,281",50% bullish,of 2 ratings,$35
FIVN,$3.9,1441120871010,"22,950",100% bullish,of 1 rating,$8.50
FIVE,$38.305,1441120871031,"288,733",75% bearish,of 4 ratings,$44
FLML,$21.538,1441120871226,"32,644",50% bullish,of 2 ratings,$30
FLKS,$11.915,1441120871259,"3,609",50% bullish,of 2 ratings,$27
MBSD,$25.14,1441120871358,408,Not yet rated,NULL,N/A
SKOR,$50.76,1441120871383,800,Not yet rated,NULL,N/A
FLEX,$10.245,1441120871446,"464,650",63% bullish,of 8 ratings,$12
FLXS,$30.789,1441120871473,"7,079",100% bearish,of 2 ratings,N/A
FLXN,$24.05,1441120871609,"14,779",100% bearish,of 1 rating,$40
FLIR,$28.17,1441120871641,"167,798",100% bearish,of 1 rating,$38.50
FFIC,$19.5,1441120871672,"6,294",Not yet rated,NULL,$20.50
FLDM,$11.93,1441120871771,"67,454",67% bearish,of 3 ratings,$15
FOMX,$10.28,1441120871798,"21,402",50% bullish,of 2 ratings,$23.50
FONR,$9.7757,1441120871866,817,100% bullish,of 1 rating,N/A
FOGO,$19.302,1441120871928,"16,832",50% bullish,of 2 ratings,$25.50
FES,$0.8501,1441120872092,250,50% bullish,of 2 ratings,$1
FTNT,$41.21,1441120872176,"223,406",80% bullish,of 10 ratings,$52
FORTY,NULL,1441120872206,0,100% bearish,of 1 rating,N/A
FORM,$6.7,1441120872228,"31,484",67% bullish,of 3 ratings,$10.50
FORD,$1.6601,1441120872358,"2,159,438",67% bullish,of 3 ratings,N/A
FWRD,$44.28,1441120872398,"17,290",100% bearish,of 1 rating,$50
FORR,$30.94,1441120872453,"4,698",Not yet rated,NULL,N/A
FBIO,$2.6893,1441120872532,"10,950",83% bullish,of 6 ratings,N/A
FWP,$26.6,1441120872562,"3,778",100% bearish,of 1 rating,$45
FOSL,$61.2,1441120872618,"195,964",60% bearish,of 5 ratings,$80
FMI,$22.675,1441120872814,"35,769",100% bearish,of 2 ratings,$27.50
FXCB,$17.14,1441120872894,"2,612",Not yet rated,NULL,$19
FOXF,$15.03,1441120872973,"17,087",100% bearish,of 1 rating,$19
FRAN,$11.24,1441120873001,"97,545",50% bullish,of 4 ratings,$15
FELE,$28.31,1441120873043,"42,845",50% bullish,of 4 ratings,$33
FRED,$13.11,1441120873074,"26,596",50% bullish,of 2 ratings,$15.50
RAIL,$21.32,1441120873177,"19,549",100% bearish,of 1 rating,$24.50
FEIM,$10.92,1441120873214,"3,500",100% bearish,of 1 rating,N/A
FRPT,$12.98,1441120873244,"72,566",67% bearish,of 3 ratings,$23.50
FREE,$0.3779,1441120873265,"115,748",92% bullish,of 12 ratings,N/A
FTR,$5.035,1441120873356,"2,896,756",78% bullish,of 27 ratings,$6.25
FTRPR,$100.2001,1441120873396,"1,500",100% bearish,of 1 rating,N/A
FRPH,$30.5,1441120873460,901,100% bearish,of 1 rating,N/A
FSBW,NULL,1441120873523,0,Not yet rated,NULL,N/A
FSYS,$6.84,1441120873592,"44,687",67% bullish,of 3 ratings,$10
FTD,$29.86,1441120873652,"21,070",100% bearish,of 1 rating,$40
FCEL,$0.8994,1441120873745,"1,702,321",88% bullish,of 41 ratings,$2.65
FTEK,$2.04,1441120873810,"51,940",75% bullish,of 4 ratings,N/A
FULLL,$25.17,1441120873835,200,Not yet rated,NULL,N/A
FULL,$3.1152,1441120873889,"5,613",67% bearish,of 3 ratings,$4.25
FULT,$11.8745,1441120873984,"122,855",100% bearish,of 1 rating,$13
FLL,$1.49,1441120874047,262,75% bullish,of 4 ratings,$3.50
FFHL,NULL,1441120874079,0,50% bullish,of 4 ratings,N/A
FSNN,$2.04,1441120874130,400,67% bullish,of 3 ratings,$6
FXENP,$15.86,1441120874178,"1,067",100% bearish,of 1 rating,N/A
GK,$66.1375,1441120874278,"8,310",Not yet rated,NULL,$78
FXEN,$0.9655,1441120874303,"6,785",75% bullish,of 4 ratings,$1.10
WILC,$4.9899,1441120874328,154,100% bullish,of 2 ratings,N/A
GAIA,$6.0603,1441120874358,"2,000",50% bullish,of 2 ratings,$8.50
GALT,$2.17,1441120874491,"13,774",80% bullish,of 5 ratings,N/A
GLPG,$58.57,1441120874528,"10,535",100% bullish,of 1 rating,$75
GALTU,NULL,1441120874714,0,100% bearish,of 1 rating,N/A
GALTW,NULL,1441120874739,0,100% bullish,of 1 rating,N/A
GLMD,$8.2499,1441120874874,"8,500",67% bullish,of 3 ratings,$20.50
GLPI,$30.675,1441120874904,"59,485",100% bearish,of 1 rating,$37.50
GALE,$1.62,1441120874948,"940,520",89% bullish,of 47 ratings,$4
GRMN,$37.18,1441120875014,"207,433",50% bullish,of 6 ratings,$46.50
GGAC,NULL,1441120875112,0,100% bearish,of 1 rating,N/A
GGACU,$10.22,1441120875138,100,Not yet rated,NULL,N/A
GGACR,NULL,1441120875162,0,100% bullish,of 1 rating,N/A
GPIC,$9.5,1441120875195,786,100% bearish,of 1 rating,N/A
GGACW,NULL,1441120875215,0,Not yet rated,NULL,N/A
GENC,$9.0134,1441120875248,620,100% bearish,of 1 rating,N/A
GARS,$14.42,1441120875399,"8,070",Not yet rated,NULL,$16
GNCMA,$16.8,1441120875424,"27,363",100% bearish,of 1 rating,$12
GFN,$3.7,1441120875465,"3,800",100% bearish,of 2 ratings,$8
GFNCP,$91.5,1441120875684,600,Not yet rated,NULL,N/A
GFNSL,NULL,1441120876001,0,Not yet rated,NULL,N/A
GNMK,$10.15,1441120876032,"29,287",67% bullish,of 6 ratings,$14
GENE,$2.431,1441120876131,"75,859",100% bullish,of 12 ratings,N/A
GNTX,$15.45,1441120876206,"344,060",Not yet rated,NULL,$20
THRM,$45.15,1441120876235,"48,412",75% bearish,of 4 ratings,$55.50
GHDX,$26.62,1441120876261,"33,361",50% bullish,of 2 ratings,$30
GNVC,$2.4,1441120876408,"15,514",90% bullish,of 10 ratings,$8.50
GTWN,NULL,1441120876437,0,Not yet rated,NULL,N/A
GNCA,$11.59,1441120876466,"44,568",100% bearish,of 1 rating,$20
GABC,$28.69,1441120876495,"2,808",Not yet rated,NULL,$31
GERN,$3.01,1441120876542,"431,223",88% bullish,of 16 ratings,$5.25
GEOS,$17.26,1441120876627,"19,896",100% bearish,of 3 ratings,$21
GEVO,$2.422,1441120876756,"158,527",75% bullish,of 12 ratings,$5
GIGM,$0.53,1441120876784,"7,399",100% bullish,of 2 ratings,N/A
ROCK,$16.035,1441120876805,"98,957",80% bullish,of 5 ratings,$24
GIGA,$1.5421,1441120876840,"115,422",100% bearish,of 1 rating,N/A
GILT,$4.12,1441120876933,"3,330",50% bullish,of 2 ratings,N/A
GIII,$69.5,1441120877004,"72,241",67% bullish,of 3 ratings,$75
GILD,$103.44,1441120877031,"2,382,451",91% bullish,of 87 ratings,$129
GLADO,$25.55,1441120877099,100,Not yet rated,NULL,N/A
GBCI,$25.37,1441120877239,"84,829",50% bullish,of 2 ratings,$31
GOOD,$14.2601,1441120877270,"15,602",Not yet rated,NULL,$19
GLAD,$8.84,1441120877291,"116,100",50% bullish,of 2 ratings,$8.75
GOODN,$25.61,1441120877325,300,Not yet rated,NULL,N/A
GOODO,$25,1441120877368,1,Not yet rated,NULL,N/A
GOODP,$25.2,1441120877468,642,Not yet rated,NULL,N/A
GAINN,$24.86,1441120877538,749,Not yet rated,NULL,N/A
GAIN,$7.36,1441120877565,"33,865",100% bullish,of 2 ratings,$8.25
GAINO,$25.2,1441120877638,542,Not yet rated,NULL,N/A
GAINP,$25.9,1441120877785,1,Not yet rated,NULL,N/A
LAND,$9.04,1441120877858,"40,829",50% bullish,of 2 ratings,$13.75
GBLI,$26.79,1441120877925,"7,600",Not yet rated,NULL,N/A
GLBZ,$11.25,1441120877960,457,Not yet rated,NULL,N/A
GBT,$48,1441120877986,"29,398",100% bearish,of 1 rating,N/A
ENT,$11.24,1441120878011,"30,034",100% bearish,of 1 rating,$18
GDEF,NULL,1441120878054,0,Not yet rated,NULL,N/A
GSOL,$8.185,1441120878080,"3,724",100% bearish,of 1 rating,N/A
GPACU,NULL,1441120878238,0,Not yet rated,NULL,N/A
QQQC,$18.272,1441120878268,"1,443",100% bearish,of 1 rating,N/A
SOCL,$17.26,1441120878309,"4,026",100% bullish,of 2 ratings,N/A
ALTY,$14.31,1441120878367,200,Not yet rated,NULL,N/A
ACTX,NULL,1441120878437,0,100% bullish,of 1 rating,N/A
YLCO,$11.6198,1441120878535,500,Not yet rated,NULL,N/A
SRET,$12.9,1441120878563,207,Not yet rated,NULL,N/A
GAI,$6.35,1441120878611,"10,397",50% bullish,of 2 ratings,N/A
GSM,$13.301,1441120878638,"102,961",50% bullish,of 2 ratings,$22
GBIM,$2.7,1441120878659,"4,053",50% bullish,of 2 ratings,N/A
GLRI,$1.0001,1441120878787,105,100% bearish,of 1 rating,$4.25
GOGO,$15.82,1441120878859,"98,148",80% bullish,of 5 ratings,$25
GLBS,NULL,1441120878886,0,67% bullish,of 3 ratings,N/A
GLUU,$4.425,1441120878913,"329,637",92% bullish,of 26 ratings,$9
GLYC,$7,1441120878943,"4,968",50% bullish,of 2 ratings,$14
GLNG,$38.54,1441120879016,"231,134",83% bullish,of 6 ratings,$55.50
GTIM,$6.77,1441120879268,"4,335",Not yet rated,NULL,$11.50
GMLP,$19.8,1441120879294,"37,911",50% bullish,of 4 ratings,$29
GBDC,$17.07,1441120879327,"105,977",Not yet rated,NULL,$17.75
GDEN,NULL,1441120879348,0,50% bullish,of 2 ratings,N/A
GOOGL,$641.66,1441120879369,"358,055",88% bullish,of 1082 ratings,$749
GOGL,$3.04,1441120879407,"27,932",75% bullish,of 4 ratings,$5
GLDC,$4.0144,1441120879429,"1,900",50% bullish,of 2 ratings,N/A
GOOG,$610.3041,1441120879506,"589,833",88% bullish,of 72 ratings,$825
GPIA,NULL,1441120879637,0,100% bearish,of 1 rating,N/A
GPRO,$43.02,1441120879698,"4,227,850",78% bullish,of 58 ratings,$72
GMAN,$3.77,1441120879744,"9,496",60% bullish,of 5 ratings,$8.50
GPIAW,NULL,1441120879770,0,Not yet rated,NULL,N/A
GPIAU,NULL,1441120879896,0,Not yet rated,NULL,N/A
GRVY,$3.29,1441120879936,"8,100",50% bullish,of 2 ratings,N/A
GBSN,$0.2989,1441120880000,"2,237,848",50% bullish,of 2 ratings,$8.25
LOPE,$37.35,1441120880030,"55,132",100% bearish,of 2 ratings,$50
GBSNU,NULL,1441120880085,0,NULL,NULL,NULL
GSBC,$40,1441120880136,"6,700",100% bullish,of 1 rating,$44
GNBC,$11.765,1441120880161,"2,823",100% bearish,of 1 rating,$16.50
GLDD,$5.385,1441120880327,"23,908",100% bearish,of 4 ratings,$7.75
GPP,$14.2241,1441120880355,"6,108",Not yet rated,NULL,$20.50
GCBC,$28.497,1441120880430,456,100% bullish,of 1 rating,N/A
GRBK,$11.92,1441120880489,"33,205",77% bullish,of 13 ratings,N/A
GPRE,$20.84,1441120880515,"100,629",67% bullish,of 6 ratings,$28.50
GLRE,$25.2,1441120880564,"46,762",50% bullish,of 2 ratings,$41
GRFS,$29.655,1441120880702,"44,522",50% bullish,of 2 ratings,$35
GRIF,NULL,1441120880727,0,100% bearish,of 1 rating,N/A
GRPN,$4.4535,1441120880758,"1,169,466",61% bullish,of 71 ratings,$6.75
OMAB,$41.2499,1441120880789,"6,924",100% bullish,of 1 rating,$44
GGAL,$19.11,1441120880816,"62,484",80% bullish,of 5 ratings,$40
GSIT,$4.62,1441120880890,"1,950",100% bearish,of 1 rating,N/A
GSVC,$8.56,1441120880976,"24,279",50% bullish,of 2 ratings,$15.75
GSIG,$12.98,1441120881005,907,100% bearish,of 2 ratings,N/A
GTXI,$0.8631,1441120881105,"1,100",100% bullish,of 5 ratings,$.75
GBNK,$15.7,1441120881146,"3,883",100% bearish,of 1 rating,$18
GFED,NULL,1441120881204,0,Not yet rated,NULL,$17
GUID,$7.0358,1441120881307,"42,698",100% bearish,of 3 ratings,$10
GULTU,$0.3211,1441120881332,"2,345",100% bearish,of 1 rating,N/A
GURE,$1.7061,1441120881391,"5,045",88% bullish,of 8 ratings,N/A
GWGH,$8.15,1441120881520,200,100% bearish,of 1 rating,$15.05
GWPH,$104.34,1441120881579,"35,256",78% bullish,of 9 ratings,$148.50
GIFI,$12.83,1441120881600,"11,597",100% bearish,of 1 rating,$16
GPOR,$35.315,1441120881631,"339,703",75% bullish,of 4 ratings,$54
HLG,$9,1441120881663,"10,262",100% bearish,of 1 rating,N/A
GYRO,$28,1441120881764,"70,513",100% bearish,of 1 rating,N/A
HNRG,$7.94,1441120881797,"12,979",100% bearish,of 1 rating,$10
HEES,$19.745,1441120881823,"71,472",67% bearish,of 3 ratings,$31
HALO,$17.15,1441120881956,"215,168",67% bullish,of 3 ratings,$22.50
HALL,$11.3,1441120881983,"3,362",Not yet rated,NULL,N/A
HBHC,$27.06,1441120882116,"92,201",50% bullish,of 2 ratings,$30
HBK,$13.8,1441120882148,"1,153",50% bullish,of 2 ratings,N/A
HNH,$24.51,1441120882193,"2,551",100% bullish,of 1 rating,N/A
HMPR,$1.85,1441120882245,"2,200",100% bullish,of 1 rating,N/A
HBHCL,$24.195,1441120882273,"10,411",Not yet rated,NULL,N/A
HAFC,$23.74,1441120882375,"33,877",100% bullish,of 2 ratings,$28.50
HNSN,$0.5409,1441120882446,"19,450",88% bullish,of 8 ratings,$.40
HDNG,$10.0101,1441120882483,"2,940",50% bullish,of 4 ratings,N/A
HQCL,$12.47,1441120882504,"14,171",67% bullish,of 3 ratings,$14
HLIT,$5.73,1441120882525,"36,034",100% bearish,of 1 rating,$6.50
HRMN,NULL,1441120882575,0,Not yet rated,NULL,N/A
HRMNU,NULL,1441120882730,0,Not yet rated,NULL,N/A
TINY,$2.44,1441120882762,"16,610",50% bullish,of 2 ratings,$5.26
HRMNW,NULL,1441120882783,0,Not yet rated,NULL,N/A
HART,$1.28,1441120882866,"118,640",100% bearish,of 1 rating,N/A
HBIO,$4.255,1441120882926,"5,243",100% bearish,of 1 rating,$10
HCAP,$11.92,1441120883011,"4,000",50% bullish,of 2 ratings,$15
HA,$22.4214,1441120883060,"120,444",67% bullish,of 9 ratings,$27
HCAPL,NULL,1441120883137,0,Not yet rated,NULL,N/A
HAS,$73.6901,1441120883165,"210,524",63% bullish,of 8 ratings,$84.50
HWBK,NULL,1441120883198,0,100% bearish,of 1 rating,N/A
HCOM,$21.75,1441120883233,400,100% bearish,of 1 rating,$28
HWKN,$37.94,1441120883299,"4,397",Not yet rated,NULL,N/A
HDS,$32.24,1441120883325,"179,572",100% bearish,of 2 ratings,$39.50
HAYN,$37.88,1441120883404,"7,200",100% bearish,of 1 rating,$59
HCSG,$33.21,1441120883504,"30,696",50% bullish,of 4 ratings,$35
HIIQ,$5.03,1441120883534,"8,360",50% bullish,of 2 ratings,$7
HTLD,$19.795,1441120883694,"94,565",Not yet rated,NULL,$22.50
HQY,$28.9571,1441120883722,"27,639",67% bullish,of 3 ratings,$35
HTLF,$35.69,1441120883749,"4,977",100% bullish,of 1 rating,$39.50
HWAY,$12.03,1441120883775,"69,338",100% bearish,of 1 rating,$15
HSTM,$24.5,1441120883803,"14,318",50% bullish,of 2 ratings,$33.75
HTBX,$4.11,1441120883964,"103,816",50% bullish,of 2 ratings,$15.50
HTWR,$84.073,1441120883991,"28,718",50% bullish,of 2 ratings,$103
HMNY,NULL,1441120884022,0,100% bearish,of 1 rating,N/A
HSII,$19.35,1441120884067,"10,252",100% bullish,of 3 ratings,$25
HELE,$83.075,1441120884122,"34,449",67% bearish,of 3 ratings,$100
HMTV,$13.4,1441120884199,"5,426",100% bearish,of 1 rating,$16
HNNA,$24.75,1441120884257,"2,077",Not yet rated,NULL,N/A
HCACU,NULL,1441120884342,0,Not yet rated,NULL,N/A
HERO,NULL,1441120884384,0,NULL,NULL,NULL
HEOP,$7.65,1441120884514,516,Not yet rated,NULL,$8.50
HTBK,$10.46,1441120884556,"13,977",Not yet rated,NULL,$12
HCCI,$11.47,1441120884609,"4,056",100% bearish,of 1 rating,$16.50
HSIC,$134.68,1441120884645,"68,284",83% bullish,of 6 ratings,$146
MLHR,$26.63,1441120884686,"33,047",50% bullish,of 2 ratings,$33.50
HRTX,$36.76,1441120884818,"527,175",57% bullish,of 7 ratings,$41
HSKA,$33.8,1441120884854,"7,829",100% bearish,of 1 rating,$38
HFWA,$17.31,1441120884876,"5,282",100% bullish,of 1 rating,$20
HFFC,$15.87,1441120884954,702,Not yet rated,NULL,N/A
HIBB,$39.41,1441120884982,"48,959",100% bearish,of 1 rating,$46.50
HPJ,$2.2,1441120885013,"5,631",75% bullish,of 4 ratings,$12.43
HIMX,$6.76,1441120885115,"282,925",86% bullish,of 21 ratings,$8.50
HIHO,$4.1004,1441120885142,"15,909",Not yet rated,NULL,N/A
HIFS,$116,1441120885172,800,Not yet rated,NULL,N/A
HSGX,$5.9,1441120885273,400,100% bearish,of 1 rating,$17
HMNF,$11.64,1441120885367,201,Not yet rated,NULL,N/A
HMSY,$10.18,1441120885435,"120,430",67% bullish,of 3 ratings,$19.35
HOLX,$38.32,1441120885461,"314,192",50% bullish,of 4 ratings,$42
HBCP,$24.73,1441120885497,429,Not yet rated,NULL,$29
HFBL,$21.58,1441120885589,998,Not yet rated,NULL,N/A
HOLI,$17.033,1441120885617,"60,639",50% bullish,of 4 ratings,$27
HOMB,$37.2342,1441120885646,"19,600",Not yet rated,NULL,$42
AWAY,$28.24,1441120885686,"142,874",67% bullish,of 3 ratings,$36
HTBI,$18.09,1441120885776,"12,744",67% bullish,of 3 ratings,$18.625
HMST,$21.99,1441120885815,"25,569",100% bullish,of 2 ratings,$27
HKTV,$4.31,1441120885976,"24,400",100% bearish,of 1 rating,N/A
CETC,$0.7399,1441120886001,"32,432",86% bullish,of 7 ratings,N/A
HMIN,$25.95,1441120886144,"44,435",100% bearish,of 2 ratings,$35
HFBC,$11.22,1441120886173,2,Not yet rated,NULL,N/A
HOFT,$23.67,1441120886194,"14,306",100% bearish,of 1 rating,N/A
HZNP,$29.2,1441120886234,"341,302",85% bullish,of 20 ratings,$40
HBNC,$23.575,1441120886325,"4,477",100% bullish,of 1 rating,$27
HRZN,$10.4,1441120886355,"3,796",50% bullish,of 2 ratings,$14.25
HDP,$23.68,1441120886382,"29,008",67% bearish,of 3 ratings,$30.50
ZINC,$7.98,1441120886495,"157,481",100% bearish,of 1 rating,$17
HWCC,$7.57,1441120886529,"7,821",100% bearish,of 1 rating,$9
HMHC,$22.68,1441120886556,"158,940",Not yet rated,NULL,$27
HOVNP,NULL,1441120886629,0,100% bearish,of 1 rating,N/A
HBMD,NULL,1441120886654,0,100% bearish,of 1 rating,N/A
HSNI,$60.2,1441120886916,"42,727",Not yet rated,NULL,$80
HSON,$2.55,1441120886945,500,100% bearish,of 1 rating,$5
HUBG,$37.28,1441120886971,"33,440",100% bearish,of 1 rating,$43
HTGM,$5.57,1441120887002,200,100% bearish,of 1 rating,$19.50
HCBK,$9.025,1441120887024,"661,447",83% bullish,of 6 ratings,$8.61
HBAN,$10.604,1441120887052,"1,665,820",76% bullish,of 17 ratings,$12.29
HDSN,$3.08,1441120887080,172,100% bullish,of 1 rating,$6.25
HURN,$71.83,1441120887219,"36,546",50% bullish,of 2 ratings,$80
HTCH,$1.4199,1441120887247,"52,655",100% bearish,of 1 rating,$3.50
HBANP,NULL,1441120887298,0,100% bearish,of 1 rating,N/A
HURC,$30.09,1441120887327,"2,539",100% bearish,of 1 rating,N/A
HBP,$3.097,1441120887349,"1,580",100% bullish,of 1 rating,N/A
HDRA,NULL,1441120887433,0,Not yet rated,NULL,N/A
HDRAR,NULL,1441120887482,0,Not yet rated,NULL,N/A
HYGS,$9.0163,1441120887579,"7,952",50% bullish,of 2 ratings,$13
IDSY,$3.72,1441120887666,"3,700",100% bearish,of 1 rating,$7
HDRAU,$0.05,1441120887696,0,Not yet rated,NULL,N/A
HDRAW,NULL,1441120887796,0,Not yet rated,NULL,N/A
IBKC,$59.42,1441120887881,"44,504",100% bullish,of 1 rating,$70
IKGH,$1.53,1441120887914,"11,930",75% bullish,of 4 ratings,N/A
IACI,$69.49,1441120887936,"137,477",75% bullish,of 4 ratings,$90
IEP,$71.5899,1441120887972,"23,364",75% bullish,of 4 ratings,$99
ICFI,$33.55,1441120887993,"78,740",50% bullish,of 2 ratings,$48.50
ICAD,$3.85,1441120888066,"5,480",100% bullish,of 2 ratings,$7.25
ICON,$13.69,1441120888163,"137,881",50% bullish,of 2 ratings,$28
ICUI,$112.25,1441120888267,"11,646",Not yet rated,NULL,$122
ICLR,$76.3999,1441120888303,"59,179",100% bearish,of 3 ratings,$85
IPWR,$7.27,1441120888327,200,100% bullish,of 1 rating,$15
INVE,$4.65,1441120888507,"6,877",75% bullish,of 4 ratings,$4
IDRA,$2.9064,1441120888532,"322,666",89% bullish,of 9 ratings,$6.50
IDXX,$70.74,1441120888562,"101,025",100% bearish,of 1 rating,$76
IROQ,$16.97,1441120888583,600,100% bullish,of 1 rating,N/A
DSKY,$11.0501,1441120888614,"8,578",67% bullish,of 6 ratings,$11.50
IIVI,$16.73,1441120888802,"22,619",100% bearish,of 1 rating,$22
IRG,$4.72,1441120888835,"3,955",100% bearish,of 1 rating,$4.25
IKNX,NULL,1441120888905,0,100% bearish,of 1 rating,N/A
KANG,$15.525,1441120888932,"141,389",50% bullish,of 2 ratings,$23.10
RXDX,$13.76,1441120888963,"23,048",100% bullish,of 1 rating,$20
IKAN,$2.73,1441120888988,"2,110",83% bullish,of 6 ratings,$5
ILMN,$196.42,1441120889202,"156,323",80% bullish,of 5 ratings,$245
ISNS,$4.0733,1441120889236,"2,978",50% bullish,of 2 ratings,N/A
IMGN,$13.25,1441120889338,"130,655",75% bullish,of 4 ratings,$17.50
IMDZ,$15.68,1441120889364,"21,206",100% bearish,of 1 rating,$33
IMMR,$11.35,1441120889391,"41,739",80% bullish,of 5 ratings,$15.50
IMNP,$1.2488,1441120889412,"70,200",50% bullish,of 2 ratings,$6
IPXL,$41.08,1441120889448,"87,663",67% bullish,of 3 ratings,$46.50
ICCC,$6.96,1441120889469,"5,523",100% bullish,of 1 rating,N/A
IMMU,$2.2,1441120889645,"280,238",86% bullish,of 7 ratings,$2
IMMY,$7.65,1441120889673,600,100% bearish,of 1 rating,$11
INCR,$41.71,1441120889716,"131,927",50% bullish,of 2 ratings,$53
SAAS,$7.19,1441120889741,"66,989",50% bullish,of 2 ratings,$15
INCY,$117.085,1441120889809,"232,106",50% bullish,of 6 ratings,$125.50
IBCP,$14.0225,1441120889989,"31,413",100% bullish,of 1 rating,$14.50
IBTX,$40.71,1441120890058,"6,084",100% bullish,of 2 ratings,$47.25
INDB,$44.08,1441120890087,"5,698",Not yet rated,NULL,$44
III,$3.692,1441120890120,"19,204",57% bullish,of 7 ratings,$6
INFN,$21.7614,1441120890144,"260,544",71% bullish,of 7 ratings,$28
INFI,$8.71,1441120890176,"66,041",50% bullish,of 4 ratings,$16.50
IDSA,NULL,1441120890209,0,Not yet rated,NULL,N/A
IFON,$1.25,1441120890284,"10,723",75% bullish,of 4 ratings,N/A
IPCC,$76.41,1441120890315,"2,557",Not yet rated,NULL,$77.50
IMKTA,$50.14,1441120890415,"9,322",100% bearish,of 1 rating,N/A
INWK,$7.01,1441120890501,"13,428",50% bullish,of 2 ratings,$10
INOD,$2.4,1441120890605,"1,800",100% bearish,of 1 rating,N/A
IOSP,$48.77,1441120890633,"43,352",100% bearish,of 1 rating,N/A
INNL,NULL,1441120890697,0,100% bearish,of 1 rating,$16.50
ISSC,$2.8401,1441120890787,"1,175",67% bearish,of 3 ratings,N/A
IPHS,$47.35,1441120890829,"34,330",100% bearish,of 1 rating,$60
INGN,$48.676,1441120890862,"33,946",100% bearish,of 1 rating,$50.50
NSIT,$24.85,1441120890891,"17,936",50% bullish,of 2 ratings,N/A
ITEK,$12.0893,1441120890960,"94,183",100% bearish,of 3 ratings,$20
INOV,$21.56,1441120890981,"58,789",100% bearish,of 1 rating,$33
INO,$7.3051,1441120891016,"244,715",89% bullish,of 18 ratings,$20
ISIG,$2.75,1441120891107,550,100% bearish,of 1 rating,N/A
PODD,$28.905,1441120891207,"45,367",67% bearish,of 3 ratings,$35
INSM,$23.91,1441120891280,"68,460",71% bullish,of 7 ratings,$31.50
IIIN,$17.02,1441120891339,"10,615",100% bearish,of 2 ratings,N/A
INSY,$33.65,1441120891415,"197,843",75% bullish,of 4 ratings,$48
NTEC,$5.54,1441120891506,"1,781",100% bearish,of 1 rating,N/A
ISSI,$21.89,1441120891537,"20,347",67% bullish,of 3 ratings,$19.75
IART,$59.635,1441120891568,"27,747",100% bearish,of 2 ratings,$71.50
IDTI,$18.8301,1441120891589,"340,854",60% bullish,of 5 ratings,$25
IESC,NULL,1441120891610,0,100% bearish,of 1 rating,N/A
INTC,$28,1441120891647,"8,682,464",82% bullish,of 238 ratings,$36
IQNT,$18.27,1441120891865,"36,286",86% bullish,of 7 ratings,$20
IPCI,$2.2099,1441120891922,"14,862",67% bullish,of 6 ratings,$8
IBKR,$38.95,1441120891951,"195,436",100% bullish,of 1 rating,N/A
ININ,$35.56,1441120891977,"27,039",67% bearish,of 3 ratings,$57
ICPT,$184.795,1441120892024,"66,922",70% bullish,of 10 ratings,$359.50
IPAR,$25.33,1441120892049,"4,562",67% bullish,of 3 ratings,$38
ICLD,$1.8499,1441120892262,"44,824",75% bullish,of 4 ratings,N/A
IBOC,$24.9689,1441120892300,"16,844",100% bearish,of 1 rating,N/A
IMI,$2.09,1441120892322,"12,163",67% bullish,of 3 ratings,$2.22
INAP,$8.95,1441120892357,"246,726",75% bullish,of 4 ratings,$11
IDCC,$49.18,1441120892378,"66,988",80% bullish,of 5 ratings,$63
ICLDW,$1.18,1441120892410,425,100% bearish,of 1 rating,N/A
TILE,$23.88,1441120892431,"58,552",100% bearish,of 3 ratings,$27
IGLD,$6.92,1441120892563,"3,500",50% bullish,of 2 ratings,N/A
IIJI,NULL,1441120892803,0,50% bullish,of 2 ratings,$11.50
ISCA,$31.67,1441120892829,"12,529",100% bearish,of 1 rating,N/A
PTNT,$2.98,1441120892862,5,Not yet rated,NULL,N/A
INTX,$2.0591,1441120892959,"4,154",67% bullish,of 3 ratings,N/A
INPH,$0.3001,1441120893007,"2,000",50% bullish,of 2 ratings,N/A
XENT,$26.04,1441120893041,"48,082",50% bullish,of 2 ratings,$36.50
IILG,$19.17,1441120893142,"31,927",100% bearish,of 1 rating,$29
ISIL,$10.51,1441120893170,"175,127",50% bullish,of 6 ratings,$15
INTL,$26.01,1441120893204,"23,389",67% bearish,of 3 ratings,N/A
IVAC,$4.66,1441120893225,"8,804",100% bearish,of 1 rating,$6.625
INTLL,$25.6,1441120893313,300,Not yet rated,NULL,N/A
ITCI,$27.17,1441120893413,"196,141",75% bearish,of 4 ratings,$40
IIN,$6.25,1441120893441,"1,000",100% bearish,of 1 rating,$12
INTU,$84.79,1441120893466,"334,080",86% bullish,of 7 ratings,$107.50
ISRG,$507.7,1441120893511,"48,367",67% bullish,of 3 ratings,$600
ITIC,$70,1441120893767,100,100% bearish,of 2 ratings,N/A
SNAK,$8.47,1441120893801,"22,377",50% bullish,of 2 ratings,$14
ISBC,$11.53,1441120893822,"668,847",100% bullish,of 1 rating,$13.25
INVT,$0.3366,1441120893858,"48,035",67% bullish,of 3 ratings,N/A
IVTY,$13.6,1441120893884,"1,900",Not yet rated,NULL,$18
ISTR,$15.6,1441120893916,159,100% bearish,of 1 rating,$18.50
NVIV,$9.43,1441120893938,"52,606",50% bullish,of 4 ratings,$24.50
DTUL,$64.48,1441120894015,"1,062",Not yet rated,NULL,N/A
IPAS,$1.09,1441120894099,"1,800",67% bullish,of 3 ratings,N/A
DFVL,$66.06,1441120894241,830,Not yet rated,NULL,N/A
IPCM,$79.425,1441120894288,"20,993",50% bullish,of 2 ratings,$80.125
IPGP,$82.8,1441120894459,"57,632",67% bearish,of 3 ratings,$109.50
IRMD,$23.86,1441120894504,"13,472",67% bearish,of 3 ratings,$25
IRIX,$6.7501,1441120894587,"12,049",100% bearish,of 1 rating,N/A
IRBT,$29.045,1441120894687,"20,557",67% bullish,of 6 ratings,$37
IRDM,$7.08,1441120894729,"159,277",60% bullish,of 5 ratings,$11.50
IRWD,$11.01,1441120894756,"232,337",100% bearish,of 1 rating,$13
IRCP,NULL,1441120894784,0,100% bullish,of 2 ratings,N/A
FCHI,NULL,1441120894818,0,NULL,NULL,NULL
IRDMB,NULL,1441120894915,0,67% bearish,of 3 ratings,N/A
COMT,$33.26,1441120894959,"4,972",100% bearish,of 1 rating,N/A
GNMA,$50.23,1441120895047,"3,300",Not yet rated,NULL,N/A
IFAS,NULL,1441120895189,0,NULL,NULL,NULL
IFGL,$27.62,1441120895217,"38,157",Not yet rated,NULL,N/A
IFNA,NULL,1441120895241,0,NULL,NULL,NULL
IFEU,$37.21,1441120895318,"6,196",Not yet rated,NULL,N/A
AAXJ,$52.13,1441120895392,"118,900",Not yet rated,NULL,N/A
ACWX,$39.6915,1441120895424,"172,864",100% bearish,of 1 rating,N/A
AAIT,NULL,1441120895489,0,NULL,NULL,NULL
ACWI,$54.63,1441120895520,"418,047",Not yet rated,NULL,N/A
AXJS,NULL,1441120895546,0,NULL,NULL,NULL
EEMA,$49.16,1441120895581,"13,206",Not yet rated,NULL,N/A
EEME,NULL,1441120895659,0,NULL,NULL,NULL
EMDI,NULL,1441120895686,0,NULL,NULL,NULL
EGRW,NULL,1441120895709,0,NULL,NULL,NULL
EMEY,NULL,1441120895876,0,NULL,NULL,NULL
EEML,$27.25,1441120895907,"1,379",Not yet rated,NULL,N/A
EVAL,NULL,1441120895982,0,NULL,NULL,NULL
EUFN,$21.1806,1441120896040,"21,662",100% bearish,of 1 rating,N/A
IBB,$338.63,1441120896127,"489,845",63% bullish,of 8 ratings,N/A
UAE,$18.1,1441120896171,"18,459",Not yet rated,NULL,N/A
QAT,$21.48,1441120896197,"11,958",Not yet rated,NULL,N/A
IEUS,$44.34,1441120896217,"13,186",100% bearish,of 1 rating,N/A
SOXX,$81.88,1441120896271,"91,838",50% bullish,of 2 ratings,N/A
ICLN,$9.2664,1441120896404,"7,148",50% bullish,of 2 ratings,N/A
WOOD,$47.4399,1441120896431,"2,793",50% bullish,of 2 ratings,N/A
INDY,$26.73,1441120896459,"70,333",50% bullish,of 2 ratings,N/A
EMIF,$27.9482,1441120896487,"1,235",Not yet rated,NULL,N/A
ISHG,$79.91,1441120896593,"5,154",100% bearish,of 1 rating,N/A
ISIS,$48.74,1441120896695,"518,987",53% bullish,of 15 ratings,$67
IGOV,$90.951,1441120896798,"4,917",100% bearish,of 1 rating,N/A
ITRN,$23.5,1441120896828,800,50% bullish,of 2 ratings,N/A
ISLE,$18.12,1441120896931,"82,099",50% bullish,of 4 ratings,$16
ITRI,$29.78,1441120896960,"35,627",100% bearish,of 1 rating,$37
ITUS,$4,1441120896988,"1,600",Not yet rated,NULL,N/A
ISRL,NULL,1441120897062,0,100% bearish,of 1 rating,N/A
MAYS,NULL,1441120897134,0,Not yet rated,NULL,N/A
JJSF,$112.98,1441120897199,"1,794",100% bearish,of 1 rating,N/A
IXYS,$11.83,1441120897225,"33,475",50% bullish,of 4 ratings,N/A
JCOM,$67.75,1441120897290,"49,525",100% bullish,of 2 ratings,$77
JBHT,$71.32,1441120897319,"235,820",50% bullish,of 4 ratings,$89.50
XXIA,$15.25,1441120897340,"58,941",71% bullish,of 7 ratings,$14.625
JASO,$7.99,1441120897474,"313,808",82% bullish,of 17 ratings,$10
JKHY,$66.5999,1441120897509,"127,839",50% bullish,of 2 ratings,$72
JXSB,$24.13,1441120897678,200,Not yet rated,NULL,N/A
JAGX,$3,1441120897747,200,Not yet rated,NULL,$10.50
JACK,$77.445,1441120897778,"74,392",83% bullish,of 6 ratings,$105
JAKK,$9.47,1441120897804,"71,865",60% bearish,of 5 ratings,$11
JAXB,NULL,1441120897833,0,100% bullish,of 1 rating,N/A
JMBA,$14,1441120897931,"17,367",75% bullish,of 4 ratings,$18
ERW,NULL,1441120898033,0,Not yet rated,NULL,N/A
JASNW,NULL,1441120898064,0,50% bullish,of 2 ratings,N/A
JASN,$4.96,1441120898095,"5,400",50% bullish,of 2 ratings,$9.50
JBLU,$22.05,1441120898203,"1,294,955",94% bullish,of 18 ratings,$27
JRVR,$26.773,1441120898237,"11,627",Not yet rated,NULL,$32
JAZZ,$168.04,1441120898337,"74,652",80% bullish,of 15 ratings,$206.50
JD,$25.81,1441120898362,"1,918,606",75% bullish,of 16 ratings,$36
JTPY,$2.93,1441120898392,5,100% bearish,of 1 rating,N/A
DATE,$5.9899,1441120898492,"7,816",75% bullish,of 4 ratings,$9
JCTCF,NULL,1441120898539,0,100% bullish,of 1 rating,N/A
JIVE,$4.59,1441120898671,"64,330",75% bullish,of 4 ratings,$5
JST,$3.89,1441120898741,"1,203",75% bullish,of 4 ratings,N/A
JOEZ,$0.166,1441120898781,"3,190",92% bullish,of 12 ratings,N/A
JBSS,$51.06,1441120898803,"3,239",67% bearish,of 3 ratings,N/A
WYIGU,NULL,1441120898839,0,100% bearish,of 1 rating,N/A
JNP,$10.74,1441120898867,"6,220",100% bullish,of 3 ratings,$15
JOUT,$24.58,1441120898894,126,100% bearish,of 1 rating,$34
JUNO,$35.53,1441120898933,"179,955",73% bullish,of 11 ratings,$71.50
KTWO,$20.89,1441120899146,"20,920",100% bearish,of 1 rating,$28.50
KALU,$82.61,1441120899175,"26,328",67% bearish,of 3 ratings,$91
KMDA,$3.5,1441120899221,"6,160",50% bullish,of 2 ratings,$8
KNDI,$6.5896,1441120899268,"125,638",86% bullish,of 22 ratings,N/A
KBIO,$2.12,1441120899302,"46,215",50% bullish,of 4 ratings,N/A
KCLI,$46.54,1441120899402,"2,267",Not yet rated,NULL,N/A
KPTI,$13.72,1441120899462,"39,330",67% bearish,of 3 ratings,$39
KBSF,NULL,1441120899537,0,100% bullish,of 1 rating,N/A
KCAP,$4.6301,1441120899595,"29,515",75% bullish,of 4 ratings,$6
KRNY,$11.32,1441120899902,"95,640",100% bearish,of 1 rating,$12
KELYB,NULL,1441120899979,0,50% bullish,of 2 ratings,N/A
KMPH,$19.09,1441120900009,"11,668",100% bearish,of 2 ratings,$22
KELYA,$14.21,1441120900030,"13,767",67% bullish,of 6 ratings,$20
KERX,$6.08,1441120900165,"160,572",82% bullish,of 11 ratings,$12
KFFB,$8.6701,1441120900219,500,100% bearish,of 1 rating,N/A
GMCR,$55.38,1441120900249,"460,400",71% bullish,of 42 ratings,$64
KFRC,$26.51,1441120900348,"32,793",100% bullish,of 2 ratings,$29
KTCC,$10.149,1441120900375,375,100% bearish,of 1 rating,$16
KEQU,$16.5701,1441120900400,440,100% bullish,of 1 rating,N/A
KTEC,$12.02,1441120900428,"4,399",Not yet rated,NULL,N/A
KBAL,$10.67,1441120900574,"10,608",50% bullish,of 2 ratings,N/A
KE,$11.72,1441120900603,"2,982",67% bearish,of 3 ratings,$16
KIN,$5.99,1441120900679,"4,645",50% bullish,of 2 ratings,$6.25
KGJI,$0.6648,1441120900708,"97,357",89% bullish,of 9 ratings,N/A
KINS,$8.5,1441120900776,"5,932",100% bullish,of 1 rating,N/A
