Symbol,Price,Date,Volume,Rating,RatingVoteCount,OneYearEstimate
TFSCU,NULL,1440436202287,0,Not yet rated,NULL,N/A
TFSCR,NULL,1440436202337,0,Not yet rated,NULL,N/A
FLWS,$9.36,1440436202386,"113,132",100% bullish,of 5 ratings,$15
TFSC,NULL,1440436202418,0,100% bearish,of 1 rating,N/A
FCTY,NULL,1440436202470,0,100% bullish,of 1 rating,$8.50
FCCY,NULL,1440436202496,0,100% bullish,of 1 rating,$13
TFSCW,NULL,1440436202518,0,100% bearish,of 1 rating,N/A
PIH,$7.03,1440436202546,"6,000",100% bearish,of 1 rating,N/A
SRCE,$29.82,1440436202936,"10,561",100% bullish,of 3 ratings,$33
DGLD,$76.6544,1440436202965,"17,654",100% bearish,of 1 rating,N/A
TWOU,$34.19,1440436202986,"153,047",50% bullish,of 2 ratings,$39
DSLV,$65.61,1440436203023,"31,705",100% bearish,of 1 rating,N/A
VNET,$17.96,1440436203121,"1,095,221",60% bullish,of 5 ratings,$29.50
USLV,$13.4299,1440436203152,"376,479",86% bullish,of 7 ratings,N/A
UGLD,$9.81,1440436203180,"271,395",100% bearish,of 1 rating,N/A
JOBS,$24.98,1440436203201,"187,681",50% bullish,of 4 ratings,$36
SHLM,$34.19,1440436203788,"41,443",100% bearish,of 1 rating,$50
EGHT,$8.13,1440436203817,"237,883",82% bullish,of 17 ratings,$11
CAFD,$15.2,1440436203916,"193,595",Not yet rated,NULL,$25
ABAX,$46.81,1440436203944,"41,234",100% bearish,of 1 rating,$60
SIXD,$1.36,1440436203991,"77,531",Not yet rated,NULL,N/A
ABY,$19.74,1440436204018,"349,112",100% bearish,of 2 ratings,$46
AAON,$21.28,1440436204039,"36,470",100% bearish,of 1 rating,$24
ABEOW,$1.86,1440436204230,"1,550",100% bullish,of 1 rating,N/A
ABEO,$4.6,1440436204323,"119,606",67% bullish,of 3 ratings,$15.50
AVHI,$13.78,1440436204423,"5,944",100% bearish,of 1 rating,$19
ABGB,$4.48,1440436204451,"56,569",67% bullish,of 3 ratings,$5.50
ABMD,$95.07,1440436204479,"508,740",75% bullish,of 4 ratings,$100.50
ACTG,$8.72,1440436204619,"137,108",67% bullish,of 3 ratings,$18.50
ACHC,$71.6368,1440436204667,"529,403",50% bullish,of 2 ratings,$92
AXAS,$1.6,1440436204748,"473,231",78% bullish,of 9 ratings,$3.50
ACAD,$35.34,1440436204773,"461,100",80% bullish,of 20 ratings,$48
ACST,$0.3315,1440436204987,"10,415",100% bullish,of 2 ratings,N/A
XLRN,$27.78,1440436205094,"78,739",50% bullish,of 2 ratings,$57
VXDN,$2.0301,1440436205145,"513,329",100% bearish,of 1 rating,N/A
AXDX,$18.4,1440436205227,"84,465",100% bearish,of 1 rating,N/A
ARAY,$6.54,1440436205254,"667,345",100% bearish,of 1 rating,$10.50
ANCX,$18.72,1440436205311,"14,418",Not yet rated,NULL,$19
VXUP,$2.3,1440436205388,"497,935",Not yet rated,NULL,N/A
ACRX,$4.04,1440436205647,"162,555",67% bearish,of 6 ratings,$5.50
AKAO,$6.28,1440436205934,"97,276",75% bullish,of 4 ratings,$15
ACNB,$20.05,1440436206426,"13,044",Not yet rated,NULL,N/A
ACET,$23.4,1440436206456,"35,186",75% bullish,of 4 ratings,$30
ACOR,$30,1440436206523,"177,449",67% bearish,of 3 ratings,$38.50
ACIW,$21.69,1440436206553,"149,024",50% bullish,of 2 ratings,$24
ACHN,$7.5,1440436206655,"1,567,134",90% bullish,of 21 ratings,$16
ATVI,$26.875,1440436206782,"2,728,911",68% bullish,of 84 ratings,$31.50
ACUR,$0.59,1440436206883,"23,499",100% bullish,of 5 ratings,$1
ACTS,$1.49,1440436207066,"39,835",100% bearish,of 1 rating,N/A
ACPW,$1.8099,1440436207106,"53,613",100% bullish,of 4 ratings,$3.50
ADMS,$19.63,1440436207250,"39,426",100% bearish,of 2 ratings,$36
ACTA,$13.7,1440436207278,"50,573",67% bearish,of 3 ratings,$25
ACXM,$20.09,1440436207350,"243,279",67% bullish,of 3 ratings,N/A
ADAP,$12,1440436207409,"57,666",67% bullish,of 3 ratings,$22
ADMP,$3.54,1440436207434,"27,199",50% bullish,of 2 ratings,$10
ADUS,$29.18,1440436207711,"18,198",100% bearish,of 1 rating,$31
AEY,$2.2603,1440436207736,"4,500",100% bearish,of 2 ratings,N/A
ADTN,$15.44,1440436207871,"100,422",67% bullish,of 3 ratings,$17.125
ADMA,$9.25,1440436207938,"13,534",Not yet rated,NULL,$19
AEIS,$24.38,1440436208155,"137,263",50% bullish,of 2 ratings,$32.50
ADRO,$18.887,1440436208188,"198,680",80% bullish,of 5 ratings,$45.50
AMD,$1.8,1440436208215,"5,263,046",83% bullish,of 103 ratings,$2
ADEP,$6.64,1440436208348,"34,567",50% bullish,of 2 ratings,$10.75
ADBE,$77.43,1440436208373,"1,913,439",65% bullish,of 17 ratings,$90
MULT,NULL,1440436208611,0,100% bearish,of 1 rating,N/A
YPRO,$23.2,1440436208637,400,100% bearish,of 1 rating,N/A
AEGR,$17.95,1440436208768,"152,092",50% bullish,of 6 ratings,$26
AEGN,$18.22,1440436208799,"47,627",100% bearish,of 1 rating,$21
AEHR,$2.211,1440436208901,"20,050",50% bullish,of 2 ratings,N/A
AMTX,$2.74,1440436209139,"12,160",50% bullish,of 2 ratings,$26.11
ADXS,$14.35,1440436209205,"386,904",64% bullish,of 14 ratings,$27
ADXSW,$9.62,1440436209307,"6,078",100% bullish,of 1 rating,N/A
AEPI,$55.47,1440436209367,"11,842",100% bearish,of 1 rating,N/A
AVAV,$23.89,1440436209546,"82,472",50% bullish,of 4 ratings,$31
AEZS,$0.0885,1440436209679,"7,432,851",90% bullish,of 21 ratings,$1.50
AFMD,$10.629,1440436209710,"110,788",50% bullish,of 4 ratings,$15
AERI,$16.19,1440436209818,"288,848",75% bullish,of 4 ratings,$31.50
AGRX,$8.42,1440436209950,"18,566",100% bearish,of 1 rating,$17.50
AGEN,$6.87,1440436210024,"582,884",85% bullish,of 13 ratings,$14
AFFX,$9.03,1440436210052,"302,648",80% bullish,of 5 ratings,$12
AEMD,$6.88,1440436210073,"22,885",Not yet rated,NULL,$27.50
AGYS,$9.435,1440436210102,"7,436",100% bearish,of 1 rating,N/A
AGIO,$82.96,1440436210279,"330,731",88% bullish,of 8 ratings,$114
AGFS,$9.95,1440436210501,"37,183",100% bearish,of 1 rating,N/A
AIMT,$20.23,1440436210591,"57,815",Not yet rated,NULL,N/A
AGFSW,$1.8,1440436210617,"17,528",100% bearish,of 2 ratings,N/A
AIRT,$21.83,1440436210643,16,100% bullish,of 1 rating,N/A
ATSG,$8.9,1440436210773,"94,060",67% bullish,of 3 ratings,$13
AIRM,$36.54,1440436210832,"89,892",80% bearish,of 5 ratings,$53
AMCN,$4.52,1440436210916,"759,864",83% bullish,of 6 ratings,N/A
AKAM,$68.13,1440436211160,"1,169,821",63% bullish,of 8 ratings,$77
AIXG,$5.82,1440436211191,"12,569",67% bearish,of 3 ratings,$5.25
AKER,$2.618,1440436211265,"21,468",Not yet rated,NULL,N/A
ALRM,$16.37,1440436211290,"131,034",100% bearish,of 1 rating,$22
AMRI,$19.6,1440436211433,"145,261",75% bearish,of 4 ratings,$24
AKRX,$39.045,1440436211675,"573,942",78% bullish,of 9 ratings,$56
AKBA,$6.66,1440436211724,"105,401",100% bearish,of 1 rating,$18
ABDC,$12.19,1440436211853,"85,573",Not yet rated,NULL,$15
ALDR,$37.03,1440436211910,"265,869",67% bearish,of 3 ratings,$62
ADHD,$8.15,1440436211936,"138,294",50% bullish,of 4 ratings,$18
ALSK,$2.0601,1440436212067,"90,903",78% bullish,of 18 ratings,$2
ALXA,$1.1,1440436212271,"7,160",83% bullish,of 6 ratings,$2.125
ALIM,$3.14,1440436212415,"71,565",80% bullish,of 5 ratings,$10
ALGN,$56.17,1440436212445,"187,908",100% bearish,of 2 ratings,$73
ALDX,$7.23,1440436212473,"10,738",100% bearish,of 1 rating,$14.50
ALXN,$171.66,1440436212503,"860,575",88% bullish,of 8 ratings,$223
ALCO,$41.28,1440436212608,"3,679",50% bullish,of 2 ratings,N/A
ALLB,$22.87,1440436212740,"1,595",Not yet rated,NULL,N/A
ALGT,$215.5,1440436212765,"50,773",100% bearish,of 1 rating,$235
ALKS,$59.36,1440436212790,"365,336",67% bullish,of 3 ratings,$75
AFOP,$16.95,1440436212942,"157,539",75% bullish,of 8 ratings,$21
ARLP,$24.72,1440436213131,"222,477",67% bearish,of 3 ratings,$32
AIQ,$14.34,1440436213207,"6,674",67% bullish,of 3 ratings,N/A
AHPI,$1.4526,1440436213235,"1,189",50% bullish,of 2 ratings,N/A
AMOT,$18.11,1440436213272,"42,707",100% bearish,of 1 rating,N/A
MDRX,$13.46,1440436213410,"1,025,694",60% bullish,of 5 ratings,$16
AHGP,$35.6,1440436213484,"37,246",67% bullish,of 3 ratings,N/A
ALQA,$4.33,1440436213637,"20,728",75% bullish,of 4 ratings,$8.50
ALLT,$5.17,1440436213678,"57,624",75% bullish,of 4 ratings,$6.25
AFAM,$44.98,1440436213806,"37,426",50% bullish,of 2 ratings,$44
AOSL,$7.43,1440436213867,"17,759",67% bullish,of 3 ratings,$9
ATEC,$0.58,1440436213904,"139,214",100% bullish,of 1 rating,$2
ALTR,$47.665,1440436214377,"1,754,291",80% bearish,of 5 ratings,$54
AIMC,$25.36,1440436214403,"28,321",100% bearish,of 2 ratings,$28.50
AMAG,$59.8,1440436214432,"289,537",100% bullish,of 2 ratings,$77.50
SMCP,NULL,1440436214460,0,Not yet rated,NULL,N/A
ALNY,$98.01,1440436214555,"329,161",67% bullish,of 3 ratings,$148.50
AMRK,$10.6,1440436214788,"3,029",50% bullish,of 2 ratings,$14
AMBC,$15.4894,1440436214886,"112,912",100% bearish,of 1 rating,$16.50
ASPS,$28.0802,1440436214914,"179,754",67% bullish,of 3 ratings,$46.50
AMBA,$91.8815,1440436214958,"2,668,942",83% bullish,of 12 ratings,$102.50
AMZN,$484.99,1440436215139,"3,290,977",81% bullish,of 263 ratings,$646
AYA,$21.43,1440436215235,"64,934",100% bearish,of 1 rating,$40
EPAX,$2.7,1440436215311,"28,650",100% bearish,of 1 rating,N/A
AMCX,$67.48,1440436215370,"276,114",67% bullish,of 3 ratings,$87.50
AMBCW,NULL,1440436215500,0,100% bearish,of 1 rating,N/A
AMRN,$2.05,1440436215550,"867,514",85% bullish,of 39 ratings,$8
AMED,$38.89,1440436215726,"145,884",100% bearish,of 1 rating,$42
AMDA,$0.4399,1440436215751,"1,043,179",90% bullish,of 10 ratings,$1
DOX,$57.04,1440436215780,"285,977",50% bullish,of 2 ratings,$60
UHAL,$360.56,1440436215883,"14,446",100% bullish,of 2 ratings,$393.50
AMOV,$17.53,1440436215949,"3,147",100% bearish,of 1 rating,N/A
AGNC,$19.6699,1440436216050,"2,346,533",75% bullish,of 28 ratings,$22
AAL,$39.38,1440436216234,"7,497,084",93% bullish,of 88 ratings,$57
ASBI,$22.3002,1440436216364,650,Not yet rated,NULL,N/A
AGNCP,$25.19,1440436216496,"11,643",Not yet rated,NULL,N/A
AGNCB,$24.04,1440436216522,"4,403",Not yet rated,NULL,N/A
MTGE,$15.53,1440436216591,"257,275",75% bullish,of 4 ratings,$19.50
ATAX,$5.255,1440436216664,"191,432",100% bullish,of 1 rating,$6.50
MTGEP,$24.0501,1440436216726,"5,700",Not yet rated,NULL,N/A
ACSF,$12.06,1440436216866,"14,006",100% bearish,of 1 rating,$15
ANCI,$1.42,1440436217094,454,100% bearish,of 1 rating,N/A
AETI,$4.06,1440436217150,"2,639",67% bearish,of 3 ratings,N/A
ANAT,$98.915,1440436217176,"18,457",100% bullish,of 1 rating,N/A
ACAS,$13.61,1440436217233,"672,972",60% bullish,of 5 ratings,$16.75
AMIC,NULL,1440436217261,0,Not yet rated,NULL,N/A
AMNB,$23.028,1440436217335,"8,284",Not yet rated,NULL,$25.50
AMRB,$9.99,1440436217364,"5,701",Not yet rated,NULL,$11
ARII,$39.06,1440436217389,"120,495",67% bearish,of 3 ratings,$45
APEI,$21.76,1440436217562,"23,608",100% bearish,of 1 rating,$25.50
AMSC,$3.635,1440436217766,"60,706",50% bullish,of 4 ratings,N/A
AMSWA,$9.06,1440436217814,"36,196",100% bearish,of 2 ratings,$10.75
ABCB,$27.25,1440436217997,"63,258",Not yet rated,NULL,$31
AMWD,$67.4,1440436218022,"108,785",50% bullish,of 2 ratings,$53
AMSF,$48.24,1440436218199,"23,380",Not yet rated,NULL,$57.50
AMGN,$153.7296,1440436218227,"2,621,583",89% bullish,of 19 ratings,$185
FOLD,$14.21,1440436218358,"729,471",56% bullish,of 9 ratings,$21
ASRVP,$27.5,1440436218390,400,Not yet rated,NULL,N/A
ATLO,$24.29,1440436218421,"5,920",Not yet rated,NULL,N/A
AMKR,$4.855,1440436218449,"792,608",100% bearish,of 2 ratings,$5
AMPH,$13.69,1440436218498,"74,827",50% bullish,of 2 ratings,$20
ASEI,$39.73,1440436218525,"14,823",100% bearish,of 1 rating,$52.50
AMSG,$79.15,1440436218697,"220,933",100% bearish,of 1 rating,$85.50
AMSGP,NULL,1440436218932,0,Not yet rated,NULL,N/A
ASYS,$5.09,1440436218957,"36,844",67% bullish,of 3 ratings,$12
AMRS,$1.5801,1440436219216,"111,166",70% bullish,of 10 ratings,N/A
CRMT,$37.98,1440436219453,"23,664",100% bearish,of 1 rating,$39
AFSI,$57.8,1440436219479,"440,326",60% bullish,of 5 ratings,$72
ASRV,$3.22,1440436219508,800,100% bullish,of 2 ratings,N/A
ANAC,$126.58,1440436219536,"285,477",80% bullish,of 5 ratings,$180.50
ADI,$53.86,1440436219565,"1,959,654",67% bullish,of 3 ratings,$69
ANAD,$0.3133,1440436219586,"130,363",100% bullish,of 2 ratings,$.50
ALOG,$80.59,1440436219617,"33,185",100% bearish,of 2 ratings,$100.50
ABCW,$38.89,1440436219761,"4,932",67% bullish,of 3 ratings,N/A
ANGI,$4.92,1440436220012,"497,750",64% bullish,of 11 ratings,$5.50
AMCF,$0.2454,1440436220143,"22,365",100% bullish,of 7 ratings,N/A
ANIP,$50.21,1440436220201,"110,482",89% bullish,of 19 ratings,$66
ANGO,$14.61,1440436220226,"25,602",67% bullish,of 3 ratings,$19
ANCB,$22.9999,1440436220359,"1,100",Not yet rated,NULL,$23
ANTH,$7.45,1440436220655,"861,746",80% bullish,of 10 ratings,$13
ATRS,$1.83,1440436220730,"424,106",92% bullish,of 12 ratings,$4.50
APIC,$6.47,1440436220758,"97,297",100% bearish,of 1 rating,$19
ANIK,$33.75,1440436220799,"55,125",60% bullish,of 5 ratings,$51.25
AINV,$6.331,1440436220832,"1,473,338",50% bullish,of 4 ratings,$8
ANSS,$88.475,1440436220853,"238,209",100% bearish,of 1 rating,$100
ABAC,$0.55,1440436220897,"25,763",100% bearish,of 1 rating,N/A
APOG,$50.79,1440436220983,"81,416",100% bullish,of 1 rating,$67
APOL,$11.17,1440436221121,"525,866",87% bearish,of 68 ratings,$14
ATNY,$2.38,1440436221269,"3,601",50% bullish,of 2 ratings,$3.75
AAPL,$108.3199,1440436221464,"67,558,946",86% bullish,of 2341 ratings,$150
ARCI,$1.3,1440436221490,362,Not yet rated,NULL,N/A
APDNW,$1.1442,1440436221619,"6,573",Not yet rated,NULL,N/A
AAOI,$19.87,1440436221650,"241,716",50% bullish,of 4 ratings,$26
APPF,$15.81,1440436221675,"28,586",50% bullish,of 2 ratings,$22
APDN,$3.13,1440436221700,"40,787",Not yet rated,NULL,$9
AMCC,$5.43,1440436221896,"413,173",80% bullish,of 5 ratings,$8
AREX,$2.07,1440436221942,"471,759",100% bearish,of 1 rating,$3
AMAT,$15.64,1440436222082,"9,842,603",82% bullish,of 11 ratings,$23
AGTC,$15.72,1440436222115,"25,819",50% bullish,of 2 ratings,$33
APRI,$1.2401,1440436222180,"91,311",83% bullish,of 6 ratings,$4.86
APTO,$4.69,1440436222209,"4,351",Not yet rated,NULL,$17
AQMS,$4.8,1440436222287,"5,886",Not yet rated,NULL,N/A
AUMAW,NULL,1440436222566,0,Not yet rated,NULL,N/A
AUMA,$9.75,1440436222593,400,Not yet rated,NULL,N/A
AQXP,$18.918,1440436222624,"357,654",50% bullish,of 2 ratings,$2
AUMAU,$9.97,1440436222650,600,Not yet rated,NULL,N/A
ARDM,$6.9001,1440436222723,150,100% bullish,of 1 rating,$26
PETX,$17.32,1440436222863,"181,729",100% bearish,of 2 ratings,$26
ABIO,$0.8601,1440436223036,"174,245",50% bullish,of 2 ratings,$3.75
ARCB,$30.01,1440436223168,"120,743",67% bearish,of 3 ratings,$39.50
ABUS,$7.15,1440436223195,"211,400",86% bullish,of 14 ratings,$23
RKDA,$5.655,1440436223222,"4,932",100% bearish,of 2 ratings,$10
ARNA,$2.885,1440436223373,"1,176,540",90% bullish,of 77 ratings,$5.50
ARCW,$3.31,1440436223546,"4,329",100% bearish,of 2 ratings,$10.50
ACGL,$68.98,1440436223599,"194,660",50% bullish,of 2 ratings,$72
ACAT,$26.23,1440436223695,"116,914",100% bearish,of 3 ratings,$33
ARDX,$17.19,1440436223727,"26,817",50% bullish,of 2 ratings,$24.50
ARCC,$15.17,1440436223753,"2,383,487",67% bearish,of 3 ratings,$17.875
AGII,$56,1440436223778,"64,614",Not yet rated,NULL,$59.50
AGIIL,$25.12,1440436223920,"6,362",Not yet rated,NULL,N/A
ARIS,$3.23,1440436223992,"37,793",Not yet rated,NULL,$4.50
ARKR,$24.5505,1440436224126,"2,600",50% bullish,of 2 ratings,N/A
ARIA,$6.705,1440436224198,"1,398,235",87% bullish,of 46 ratings,$9
ARMH,$41.46,1440436224270,"1,436,462",54% bearish,of 13 ratings,$61
ARGS,$6.19,1440436224296,"70,999",50% bullish,of 2 ratings,$19.50
ARWA,NULL,1440436224426,0,Not yet rated,NULL,N/A
ARTX,$1.45,1440436224571,"159,073",88% bullish,of 16 ratings,$4.50
ARWAU,$10.2,1440436224620,400,100% bullish,of 1 rating,N/A
ARWAR,NULL,1440436224646,0,Not yet rated,NULL,N/A
ARRY,$5.5,1440436224718,"744,461",100% bullish,of 7 ratings,$10
ARWAW,$0.1051,1440436224799,"1,436",Not yet rated,NULL,N/A
ARRS,$26.31,1440436224847,"464,839",50% bullish,of 2 ratings,$38
DWAT,$9.7899,1440436225135,"4,713",100% bearish,of 1 rating,N/A
AROW,$27.095,1440436225219,"17,641",Not yet rated,NULL,N/A
ARQL,$1.6593,1440436225265,"149,868",75% bullish,of 4 ratings,$5
ARTNA,$22.42,1440436225362,"12,086",100% bearish,of 1 rating,$29
ARWR,$5.26,1440436225389,"845,334",75% bullish,of 4 ratings,$10.50
ARTW,$4.3592,1440436225414,"2,493",75% bearish,of 4 ratings,N/A
ASBB,$23.75,1440436225636,400,Not yet rated,NULL,N/A
ASNA,$11.4,1440436225664,"1,450,829",50% bullish,of 2 ratings,$18
ASND,$17.9,1440436225724,"23,995",100% bullish,of 1 rating,$30
ASTI,$0.1101,1440436225855,"735,810",83% bullish,of 6 ratings,$3
ASCMA,$28.36,1440436225884,"37,219",100% bearish,of 1 rating,$45
APWC,$1.8001,1440436225923,"1,602",100% bearish,of 1 rating,N/A
ASML,$88.35,1440436226058,"1,091,496",50% bullish,of 4 ratings,$127
ASMI,NULL,1440436226116,0,NULL,NULL,NULL
ASMB,$13,1440436226396,"26,980",67% bullish,of 3 ratings,N/A
ALOT,$12.22,1440436226422,122,100% bearish,of 1 rating,N/A
ASTE,$36.75,1440436226474,"26,972",100% bearish,of 1 rating,$48
ASFI,$8.91,1440436226503,"8,425",100% bullish,of 1 rating,N/A
AZPN,$37.85,1440436226609,"429,527",50% bullish,of 2 ratings,$42
ASTC,$1.96,1440436226636,"42,152",100% bullish,of 5 ratings,N/A
ASUR,$5.452,1440436226663,"4,670",100% bearish,of 2 ratings,$8
ATRO,$52.65,1440436226795,"55,119",100% bearish,of 2 ratings,$80
ATHN,$130.29,1440436226852,"194,319",67% bearish,of 3 ratings,$153
ATAI,$2.38,1440436226883,"12,725",100% bearish,of 1 rating,N/A
ATRA,$41.17,1440436226924,"101,718",50% bullish,of 2 ratings,$68
AFCB,$28.75,1440436226986,300,Not yet rated,NULL,N/A
ATHX,$1.19,1440436227023,"186,301",89% bullish,of 9 ratings,$5
AAPC,$10.33,1440436227051,813,Not yet rated,NULL,N/A
ATLC,$3.8363,1440436227360,"9,859",67% bullish,of 3 ratings,N/A
AAME,$3.5999,1440436227518,799,Not yet rated,NULL,N/A
ACFC,$5.85,1440436227544,"32,362",Not yet rated,NULL,$6.50
ATOS,$0.795,1440436227596,"138,096",100% bullish,of 7 ratings,$7
AAWW,$41.02,1440436227679,"243,062",50% bullish,of 2 ratings,$65
ATNI,$73.415,1440436227704,"31,687",100% bearish,of 1 rating,$69.50
AFH,$16.53,1440436227744,"19,060",Not yet rated,NULL,$21.50
ATRC,$24.57,1440436227853,"135,857",100% bullish,of 1 rating,$30
LIFE,$14.37,1440436228056,"29,484",86% bullish,of 7 ratings,$43
ATRM,$2.87,1440436228082,605,50% bullish,of 2 ratings,N/A
ATTU,$13.11,1440436228116,"73,973",100% bearish,of 1 rating,$20.50
ATML,$6.935,1440436228137,"2,637,766",78% bullish,of 9 ratings,$9.50
ATRI,$381.17,1440436228167,562,Not yet rated,NULL,N/A
AUDC,$3.1,1440436228212,"62,496",80% bullish,of 5 ratings,$5
AUBN,$26.5,1440436228296,857,Not yet rated,NULL,N/A
AUPH,$3.13,1440436228495,"25,601",100% bearish,of 1 rating,$8
ABTL,$17.8,1440436228724,"141,394",100% bullish,of 4 ratings,$20.25
ADAT,$0.11,1440436228773,"2,452",100% bullish,of 2 ratings,N/A
ADSK,$50.61,1440436228798,"1,353,420",83% bullish,of 6 ratings,$69.50
EARS,$4.85,1440436228951,"57,932",100% bearish,of 2 ratings,$11.50
AVGO,$114.6452,1440436228978,"2,216,138",88% bullish,of 8 ratings,$160
AAVL,$10.84,1440436229005,"179,588",100% bearish,of 1 rating,$20
ADP,$77.7001,1440436229026,"2,084,487",100% bearish,of 1 rating,$88
AVNU,$12.25,1440436229168,"6,510",Not yet rated,NULL,$14
AVGR,$14,1440436229200,"26,253",100% bearish,of 1 rating,$20
AVNW,$1.2,1440436229226,"61,024",50% bullish,of 2 ratings,$2.20
AVEO,$1.329,1440436229302,"756,750",75% bullish,of 8 ratings,$3
AWRE,$3.13,1440436229447,"10,266",67% bullish,of 3 ratings,N/A
AVID,$8.1,1440436229486,"283,967",100% bearish,of 1 rating,$20
CAR,$42.39,1440436229511,"1,410,057",80% bullish,of 5 ratings,$60
ACLS,$3.3,1440436229672,"379,097",67% bullish,of 6 ratings,$4.75
AXPWW,NULL,1440436229803,0,Not yet rated,NULL,N/A
AXGN,$3.949,1440436229965,"19,652",Not yet rated,NULL,$5
AXTI,$2.15,1440436230004,"16,409",50% bullish,of 2 ratings,$2.75
BEAV,$47.951,1440436230030,"541,928",67% bearish,of 3 ratings,$59
AXPW,$1.11,1440436230062,"37,539",83% bullish,of 6 ratings,N/A
BCOM,$17.29,1440436230090,"1,000",100% bearish,of 1 rating,N/A
RILY,$9.66,1440436230219,405,Not yet rated,NULL,N/A
BOSC,$2.13,1440436230244,"3,366",50% bullish,of 2 ratings,N/A
BIDU,$144.4,1440436230275,"4,313,021",81% bullish,of 88 ratings,$210
BCPC,$58.34,1440436230443,"55,340",100% bearish,of 1 rating,$75
BWINA,NULL,1440436230534,0,Not yet rated,NULL,N/A
BWINB,$22.7,1440436230712,"11,476",Not yet rated,NULL,N/A
BANFP,$27.38,1440436230846,603,Not yet rated,NULL,N/A
BANF,$59.865,1440436230976,"2,420",Not yet rated,NULL,$68
BKMU,$6.93,1440436231002,"37,565",Not yet rated,NULL,$8
BOCH,$5.7,1440436231073,"7,084",Not yet rated,NULL,$6.50
BMRC,$47.9,1440436231133,"3,059",Not yet rated,NULL,$52
BKSC,$15.28,1440436231162,"3,921",Not yet rated,NULL,N/A
BLDP,$1.2296,1440436231183,"545,789",91% bullish,of 22 ratings,$2.50
OZRK,$39.79,1440436231350,"315,282",67% bullish,of 3 ratings,$49.50
BOTJ,$11.0851,1440436231400,"2,119",Not yet rated,NULL,N/A
BFIN,$11.82,1440436231426,"12,640",Not yet rated,NULL,$13
BWFG,$17.85,1440436231556,772,100% bearish,of 1 rating,N/A
BANR,$44.72,1440436231637,"16,970",100% bullish,of 3 ratings,$50
BZUN,$5.11,1440436231664,"493,745",50% bullish,of 2 ratings,$12.60
TAPR,$28.49,1440436231746,"2,459",100% bearish,of 1 rating,N/A
BHAC,NULL,1440436231878,0,Not yet rated,NULL,N/A
BHACU,NULL,1440436231911,0,Not yet rated,NULL,N/A
BHACW,NULL,1440436231936,0,Not yet rated,NULL,N/A
BHACR,NULL,1440436232032,0,Not yet rated,NULL,N/A
BBSI,$33.75,1440436232082,"54,090",67% bearish,of 3 ratings,$62.50
BYBK,NULL,1440436232214,0,100% bearish,of 1 rating,N/A
BV,$5.12,1440436232241,"174,183",67% bullish,of 6 ratings,$9
BYLK,$12.65,1440436232274,"3,500",Not yet rated,NULL,$14
BBCN,$14.49,1440436232456,"126,280",100% bearish,of 1 rating,$16
BCBP,$11.5,1440436232482,"6,199",Not yet rated,NULL,N/A
BSET,$28.55,1440436232510,"17,864",100% bearish,of 1 rating,$35
BDCV,$4.89,1440436232531,"4,764",100% bearish,of 1 rating,$10.19
BSF,$8.76,1440436232789,"11,642",Not yet rated,NULL,N/A
BECN,$35.37,1440436232826,"134,730",50% bullish,of 2 ratings,$40
BBGI,NULL,1440436232888,0,100% bearish,of 1 rating,N/A
BEBE,$1.77,1440436232959,"74,677",75% bullish,of 4 ratings,$3.075
BBBY,$61.24,1440436232984,"1,230,262",71% bullish,of 7 ratings,$75
BELFA,$14.19,1440436233021,"1,210",100% bearish,of 1 rating,N/A
BLPH,$4.96,1440436233126,"13,000",100% bearish,of 1 rating,$12.50
BELFB,$17.83,1440436233178,"9,082",100% bearish,of 1 rating,N/A
BLCM,$17.28,1440436233584,"132,395",50% bullish,of 4 ratings,$40
BNCL,$12.54,1440436233642,"119,507",100% bullish,of 3 ratings,$12.50
BNFT,$35.95,1440436233818,"31,079",67% bullish,of 3 ratings,$46
BGCP,$8.635,1440436233866,"689,220",88% bullish,of 8 ratings,$14
BNTC,$7.929,1440436233917,"6,010",100% bullish,of 1 rating,N/A
BIND,$4.3,1440436233944,"60,943",75% bullish,of 4 ratings,$13.50
BGFV,$10.68,1440436234012,"61,801",57% bullish,of 7 ratings,$12
BGMD,$0.7602,1440436234075,"130,574",100% bullish,of 10 ratings,N/A
ORPN,$4.96,1440436234206,"29,607",100% bullish,of 1 rating,$28.50
BIOC,$2.01,1440436234255,"233,712",83% bullish,of 6 ratings,$3.85
BCDA,NULL,1440436234338,0,Not yet rated,NULL,N/A
BCRX,$12.07,1440436234397,"198,289",63% bullish,of 8 ratings,$18
BIOD,$0.6799,1440436234426,"63,802",80% bullish,of 5 ratings,$4
BASI,$1.45,1440436234478,"5,770",Not yet rated,NULL,N/A
BDSI,$6.4,1440436234556,"355,707",88% bullish,of 8 ratings,$17
BIIB,$294.79,1440436234583,"1,713,675",88% bullish,of 16 ratings,$400
BIOL,$1.37,1440436234782,"57,717",Not yet rated,NULL,N/A
BLRX,$1.3399,1440436234867,"237,775",100% bullish,of 12 ratings,$5
BVXV,$3.569,1440436234918,"32,543",Not yet rated,NULL,N/A
BLFS,$1.97,1440436234944,"51,859",100% bearish,of 1 rating,$4.75
BMRN,$124.45,1440436235009,"649,301",80% bullish,of 5 ratings,$160
BPTH,$1.0699,1440436235081,"165,141",100% bullish,of 2 ratings,$5
BVXVW,$0.72,1440436235108,"24,842",100% bearish,of 1 rating,N/A
BIOS,$1.79,1440436235251,"393,404",71% bullish,of 7 ratings,$4
BBC,$30.52,1440436235413,"28,657",Not yet rated,NULL,N/A
BSPM,$0.66,1440436235441,"48,031",50% bullish,of 2 ratings,N/A
BBP,$31.62,1440436235502,"63,002",Not yet rated,NULL,N/A
BSTC,$49.485,1440436235529,"31,245",100% bearish,of 1 rating,$76
BRLI,NULL,1440436235583,0,NULL,NULL,NULL
BOTA,$2.18,1440436235665,"49,207",88% bullish,of 8 ratings,N/A
BEAT,$14.04,1440436235949,"267,026",67% bearish,of 3 ratings,$15
BITI,$16.66,1440436235976,"8,170",100% bullish,of 1 rating,$28
TECH,$98.25,1440436236002,"75,404",100% bullish,of 1 rating,$117
BDMS,$12.693,1440436236033,100,100% bearish,of 1 rating,N/A
BBOX,$15.59,1440436236058,"22,491",100% bearish,of 1 rating,N/A
BJRI,$44.65,1440436236108,"112,931",50% bullish,of 2 ratings,$55
BDE,$7.3,1440436236236,"221,666",50% bullish,of 2 ratings,$9
BLKB,$58.25,1440436236321,"49,671",100% bearish,of 2 ratings,$66
HAWK,$40.39,1440436236483,"370,522",91% bullish,of 11 ratings,$49
BBRY,$7.245,1440436236508,"5,403,832",61% bullish,of 330 ratings,$9
ADRA,$26.0201,1440436236551,"5,688",100% bearish,of 1 rating,N/A
ADRD,$21.6685,1440436236580,"22,102",100% bearish,of 1 rating,N/A
BKCC,$9.01,1440436236602,"662,977",100% bullish,of 2 ratings,$10
ADRE,$28.86,1440436236852,"54,210",100% bearish,of 1 rating,N/A
ADRU,$21.65,1440436236908,"12,288",100% bearish,of 1 rating,N/A
BBLU,$0.7701,1440436237075,"119,993",100% bullish,of 2 ratings,$4.43
BLMN,$20.025,1440436237103,"543,999",83% bullish,of 6 ratings,$27.50
BUFF,$26.75,1440436237132,"298,598",83% bullish,of 12 ratings,$31.50
BLBD,$11.52,1440436237153,"6,575",Not yet rated,NULL,N/A
BCOR,$13.4,1440436237181,"115,294",57% bullish,of 7 ratings,$15
BLUE,$123.37,1440436237528,"346,076",71% bullish,of 7 ratings,$217.50
BPMC,$26.235,1440436237561,"129,317",50% bullish,of 2 ratings,$47.50
BHBK,$14.16,1440436237592,"50,938",100% bullish,of 1 rating,$14.50
BOBE,$43.83,1440436237659,"65,548",75% bullish,of 4 ratings,$57
BKEP,$6.5,1440436237685,"20,352",100% bearish,of 1 rating,$8.50
NILE,$33.01,1440436237719,"63,890",50% bullish,of 2 ratings,$34
BKEPP,$7.7,1440436237744,"2,350",100% bearish,of 1 rating,N/A
BOFI,$123.2499,1440436237770,"201,252",100% bullish,of 6 ratings,$144
BNCN,$21.04,1440436237902,"24,284",Not yet rated,NULL,$23
BOKF,$60.935,1440436238107,"97,908",100% bearish,of 1 rating,$70.50
WIFI,$7.76,1440436238136,"177,036",50% bullish,of 2 ratings,$13.50
BOJA,$20.47,1440436238236,"177,719",100% bullish,of 1 rating,$30
BPFH,$11.78,1440436238284,"161,563",100% bearish,of 1 rating,$14
BONA,$10.99,1440436238310,"704,812",75% bullish,of 4 ratings,$8.50
BNSO,$1.2874,1440436238335,"5,915",100% bearish,of 1 rating,N/A
BAMM,$3.169,1440436238478,"45,302",60% bullish,of 5 ratings,N/A
BPFHW,NULL,1440436238572,0,100% bearish,of 1 rating,N/A
BDBD,$8.4,1440436238604,"327,612",60% bullish,of 5 ratings,$10
BPFHP,NULL,1440436238668,0,100% bearish,of 1 rating,N/A
EPAY,$25.41,1440436238780,"29,574",100% bearish,of 2 ratings,$30
BBEP,$2.2828,1440436238809,"1,033,025",69% bullish,of 13 ratings,$5.625
BCLI,$2.87,1440436238884,"185,030",80% bullish,of 5 ratings,$12
BBEPP,$12.76,1440436238943,"41,168",100% bearish,of 1 rating,N/A
BBRG,$12.49,1440436238987,"58,295",67% bullish,of 3 ratings,$14.50
BDGE,$27.16,1440436239187,"8,943",Not yet rated,NULL,$31.75
BLIN,$1.2588,1440436239236,"5,700",50% bullish,of 2 ratings,$2.20
BCOV,$5.31,1440436239264,"65,435",67% bullish,of 3 ratings,$10.20
BRID,NULL,1440436239330,0,100% bearish,of 1 rating,N/A
BRCM,$48.915,1440436239361,"2,178,472",75% bullish,of 12 ratings,$56
BSFT,$30.8,1440436239408,"52,511",57% bullish,of 7 ratings,$40.50
BVSN,$5.66,1440436239462,"4,312",60% bearish,of 5 ratings,N/A
BYFC,$1.49,1440436239536,100,50% bullish,of 2 ratings,N/A
BWEN,$3.16,1440436239777,"19,690",100% bullish,of 3 ratings,$8
BRCD,$10.515,1440436239858,"2,225,298",92% bullish,of 13 ratings,$12
BRKS,$10.47,1440436239885,"53,747",67% bullish,of 3 ratings,$15.25
BRKR,$18.87,1440436239907,"178,292",100% bearish,of 2 ratings,$22
BRKL,$10.54,1440436239963,"134,668",100% bearish,of 1 rating,$10.75
BMTC,$29.37,1440436240039,"32,710",Not yet rated,NULL,$34
BLMT,$20.59,1440436240066,"4,372",Not yet rated,NULL,N/A
BSQR,$5.98,1440436240386,"58,942",67% bullish,of 3 ratings,N/A
BWLD,$191.56,1440436240412,"153,742",82% bullish,of 11 ratings,$205
BLDR,$14.85,1440436240585,"670,497",50% bullish,of 2 ratings,$22
BUR,$1.87,1440436240611,"12,102",100% bearish,of 1 rating,$8
CFFI,$35,1440436240666,"1,288",100% bearish,of 1 rating,N/A
CHRW,$66.56,1440436240699,"1,215,264",Not yet rated,NULL,$72
CA,$27.11,1440436240746,"2,187,015",50% bullish,of 4 ratings,$33
CDNS,$19.64,1440436240798,"643,170",75% bullish,of 4 ratings,$22.50
CCMP,$43.88,1440436240876,"26,673",50% bullish,of 2 ratings,$59
CDZI,$7.41,1440436240978,"19,302",100% bearish,of 1 rating,N/A
CZR,$8.835,1440436241026,"1,087,700",60% bearish,of 5 ratings,$10.50
CACQ,$7.04,1440436241080,"12,726",100% bearish,of 1 rating,$12.25
CSTE,$45.12,1440436241224,"276,559",100% bearish,of 1 rating,$65
CLMS,$10.84,1440436241252,"60,960",Not yet rated,NULL,$10.50
PRSS,$4.26,1440436241309,"14,692",80% bullish,of 5 ratings,$4.50
CLBS,$1.27,1440436241335,"157,277",79% bullish,of 14 ratings,$4
CHY,$11.122,1440436241464,"485,000",Not yet rated,NULL,N/A
CFGE,$10.43,1440436241526,"1,504",Not yet rated,NULL,N/A
CCD,$19.1,1440436241557,"73,613",Not yet rated,NULL,N/A
CHI,$10.3,1440436241610,"386,003",100% bearish,of 1 rating,N/A
CHW,$7.3,1440436241687,"285,161",100% bearish,of 1 rating,N/A
CGO,$11.7016,1440436241755,"31,437",100% bearish,of 1 rating,N/A
CSQ,$9.63,1440436241826,"558,336",Not yet rated,NULL,N/A
CAMP,$15.42,1440436241887,"177,068",88% bullish,of 8 ratings,$25
CVGW,$55.32,1440436242027,"64,116",50% bullish,of 2 ratings,$58.50
CFNB,$13.45,1440436242057,141,100% bearish,of 1 rating,N/A
CALD,$15.35,1440436242162,"118,465",100% bearish,of 1 rating,$20.50
CALA,$5.04,1440436242195,"209,861",100% bullish,of 3 ratings,$19.50
CALM,$48.72,1440436242297,"301,528",80% bullish,of 5 ratings,$65
CAMB,$9.95,1440436242342,100,Not yet rated,NULL,N/A
CLMT,$24.55,1440436242368,"542,098",75% bullish,of 8 ratings,$31
ABCD,$4.78,1440436242501,"42,496",83% bullish,of 6 ratings,N/A
CAMBW,$0.1,1440436242526,"2,360",Not yet rated,NULL,N/A
CAMBU,NULL,1440436242553,0,100% bearish,of 1 rating,N/A
CAMT,$2.65,1440436242727,"74,884",73% bullish,of 11 ratings,$4
CSIQ,$17.3801,1440436242752,"1,902,880",86% bullish,of 28 ratings,$45
CAC,$40.27,1440436242802,"4,325",Not yet rated,NULL,N/A
CBNJ,$10.61,1440436242945,"55,006",100% bullish,of 1 rating,N/A
CPHC,$10.24,1440436243124,"4,211",100% bearish,of 1 rating,N/A
CGIX,$9.43,1440436243175,"28,103",67% bullish,of 3 ratings,$14.375
CPLA,$48.25,1440436243274,"22,085",67% bearish,of 3 ratings,$65
CBF,$29.37,1440436243302,"26,807",Not yet rated,NULL,$32
CPLP,$7.01,1440436243327,"468,043",71% bullish,of 7 ratings,$11
CCBG,$14.87,1440436243381,"6,971",Not yet rated,NULL,$17.25
CSWC,$45.3,1440436243512,"26,486",Not yet rated,NULL,N/A
CFFN,$11.94,1440436243603,"315,731",Not yet rated,NULL,$12.75
CPTA,$14,1440436243659,"73,483",100% bearish,of 1 rating,$18.50
CAPN,$1.7299,1440436243790,"124,761",100% bullish,of 1 rating,$10.85
CAPNW,$0.5001,1440436243818,300,Not yet rated,NULL,N/A
CPST,$0.3743,1440436243877,"582,737",95% bullish,of 22 ratings,$1.25
CBYL,$6.11,1440436244009,"23,595",100% bearish,of 1 rating,$20
CARA,$19.98,1440436244035,"170,263",50% bullish,of 4 ratings,$25
CARB,$11.15,1440436244067,"35,535",75% bullish,of 4 ratings,$12
CAPR,$4.15,1440436244167,"12,370",Not yet rated,NULL,$12
CRDC,$0.3795,1440436244225,"98,759",100% bullish,of 1 rating,$1.25
CFNL,$22.18,1440436244292,"46,917",Not yet rated,NULL,$24
CSII,$24.18,1440436244320,"74,688",100% bearish,of 2 ratings,$42.125
CRME,$9.23,1440436244393,"20,099",89% bullish,of 9 ratings,$11.25
CATM,$34.25,1440436244490,"132,983",100% bearish,of 1 rating,$44
CDNA,$6.371,1440436244584,"4,274",100% bearish,of 1 rating,$9
CECO,$3.6999,1440436244671,"118,184",67% bearish,of 3 ratings,$6
CLBH,$12.55,1440436244723,923,Not yet rated,NULL,$16.50
CKEC,$22.37,1440436244749,"91,697",50% bullish,of 2 ratings,$35.915
CTRE,$11.69,1440436244833,"143,182",50% bullish,of 2 ratings,N/A
CARO,$15.33,1440436244887,"5,965",100% bearish,of 1 rating,$19
CART,$5.35,1440436244913,120,100% bearish,of 1 rating,N/A
CRZO,$30.59,1440436245044,"535,231",67% bearish,of 3 ratings,$57
CRTN,NULL,1440436245075,0,100% bearish,of 1 rating,N/A
CARV,NULL,1440436245175,0,50% bullish,of 2 ratings,N/A
CASM,$1.1,1440436245223,"19,547",100% bullish,of 1 rating,$3.50
CACB,$5.33,1440436245253,"41,236",Not yet rated,NULL,$5.50
TAST,$11.78,1440436245280,"76,877",Not yet rated,NULL,$14.25
CSCD,$14.85,1440436245355,"37,856",100% bullish,of 2 ratings,$17
CWST,$6.18,1440436245412,"95,054",50% bullish,of 2 ratings,$7.25
CASS,$46.25,1440436245641,"10,769",100% bearish,of 1 rating,N/A
CASY,$104.9199,1440436245670,"134,583",50% bullish,of 2 ratings,$99.50
CATB,$10.86,1440436245695,"12,921",100% bearish,of 1 rating,$28
CPRX,$3.39,1440436245722,"491,088",71% bullish,of 7 ratings,$7
CASI,$1.4796,1440436245747,"17,084",100% bullish,of 1 rating,$3.50
CATYW,$8.92,1440436245881,700,100% bearish,of 1 rating,N/A
CATY,$29.27,1440436245911,"293,185",100% bearish,of 1 rating,$33.50
CVCO,$71.33,1440436245980,"11,907",100% bearish,of 1 rating,N/A
CAVM,$66.21,1440436246050,"225,308",67% bearish,of 3 ratings,$72
CBFV,$20.65,1440436246111,"1,000",Not yet rated,NULL,N/A
CNLMU,$10.37,1440436246142,200,100% bullish,of 1 rating,N/A
CNLM,NULL,1440436246179,0,Not yet rated,NULL,N/A
CNLMR,NULL,1440436246247,0,Not yet rated,NULL,N/A
CNLMW,NULL,1440436246387,0,Not yet rated,NULL,N/A
CDK,$47.99,1440436246527,"746,866",67% bearish,of 3 ratings,$50
CDW,$38.29,1440436246658,"394,300",75% bullish,of 4 ratings,$44
CPXX,$2.0701,1440436246684,"179,572",100% bullish,of 2 ratings,$7
CBOE,$61.86,1440436246713,"333,636",Not yet rated,NULL,$60
CELG,$118.59,1440436246753,"4,176,423",92% bullish,of 13 ratings,$155.50
CECE,$9.43,1440436246780,"66,395",50% bullish,of 2 ratings,$16
CELGZ,$1.75,1440436246831,"13,667",80% bullish,of 5 ratings,N/A
CLDN,$1.03,1440436246966,"116,582",71% bullish,of 7 ratings,$3
CLRB,$3.09,1440436247250,"2,840",100% bearish,of 1 rating,N/A
CLRBW,NULL,1440436247340,0,Not yet rated,NULL,N/A
CLLS,$29,1440436247378,"46,805",75% bullish,of 4 ratings,$51.50
CLSN,$1.8704,1440436247443,"103,627",80% bullish,of 10 ratings,$7.50
CLDX,$13.79,1440436247469,"957,340",89% bullish,of 9 ratings,$36
CBMG,$22.11,1440436247526,"48,036",50% bullish,of 2 ratings,N/A
CLTX,$2.87,1440436247659,"726,989",100% bullish,of 2 ratings,N/A
CYAD,$47.5597,1440436247685,"1,950",100% bullish,of 1 rating,$87.50
CEMP,$34.77,1440436247715,"329,105",71% bullish,of 7 ratings,$52
CSFL,$13.99,1440436247883,"117,379",Not yet rated,NULL,$15
CETV,$1.96,1440436248058,"51,676",67% bullish,of 3 ratings,$2.80
CETX,$2.35,1440436248189,"7,207",Not yet rated,NULL,$5.60
CENTA,$12.49,1440436248219,"118,285",Not yet rated,NULL,N/A
CFBK,$1.37,1440436248244,"4,901",Not yet rated,NULL,N/A
CVCY,$11.132,1440436248269,300,Not yet rated,NULL,$12
CENT,$11.46,1440436248294,"180,851",Not yet rated,NULL,$10
CNBKA,$38.62,1440436248596,"1,920",50% bullish,of 2 ratings,N/A
CENX,$5.07,1440436248739,"726,260",67% bullish,of 6 ratings,$9
CRNT,$1.33,1440436248772,"250,591",50% bullish,of 2 ratings,$2
CPHD,$49.08,1440436248806,"407,707",50% bullish,of 2 ratings,$66.50
CERU,$3.28,1440436248827,"31,458",75% bullish,of 4 ratings,$15
CNTY,$6.1499,1440436248860,"11,615",80% bullish,of 5 ratings,$7.75
CERE,$1.09,1440436248888,"221,597",88% bullish,of 8 ratings,N/A
CERS,$4.6701,1440436248919,"349,458",75% bullish,of 4 ratings,$7
CERN,$62.05,1440436249123,"1,325,653",67% bullish,of 3 ratings,$79
KOOL,$0.63,1440436249292,"72,397",100% bullish,of 5 ratings,$7
CEVA,$18.22,1440436249317,"39,056",100% bearish,of 1 rating,$25
HOTRW,NULL,1440436249451,0,Not yet rated,NULL,N/A
GTLS,$23.13,1440436249518,"153,670",50% bullish,of 4 ratings,$40
HOTR,$1.4,1440436249549,"80,329",100% bullish,of 2 ratings,$5
CYOU,$19.79,1440436249626,"139,121",50% bullish,of 6 ratings,$24
CHTR,$176.87,1440436249652,"903,516",100% bearish,of 2 ratings,$196
CTHR,$1.328,1440436249697,"51,280",50% bullish,of 2 ratings,$2.50
CHEK,$3,1440436249726,"3,008",Not yet rated,NULL,$7.75
CHFN,$12.49,1440436249752,"8,033",Not yet rated,NULL,$14
CHKP,$77.13,1440436249918,"957,227",50% bullish,of 4 ratings,$92
CEMI,$3.89,1440436250128,"21,674",50% bullish,of 2 ratings,$7.50
CHFC,$31.3,1440436250154,"17,278",100% bearish,of 1 rating,$36
CHEKW,$1.0687,1440436250203,500,Not yet rated,NULL,N/A
CCXI,$6.85,1440436250286,"57,012",67% bullish,of 3 ratings,$14
CHKE,$25.87,1440436250600,"20,350",100% bearish,of 1 rating,$32.50
CHMG,$26.59,1440436250779,560,Not yet rated,NULL,$30
CHEV,$14.512,1440436251007,"5,103",Not yet rated,NULL,N/A
PLCE,$59.23,1440436251040,"204,084",100% bearish,of 1 rating,$71
CHMA,$23.68,1440436251174,"96,912",Not yet rated,NULL,$40
CADC,$3.12,1440436251201,"5,520",78% bullish,of 9 ratings,N/A
CBNK,$16.51,1440436251592,300,100% bearish,of 1 rating,N/A
CMRX,$47.62,1440436251650,"160,350",50% bullish,of 2 ratings,$57
CALI,$0.81,1440436251680,"9,700",67% bullish,of 3 ratings,N/A
CAAS,$6.09,1440436251786,"33,055",93% bullish,of 14 ratings,$11.50
CBAK,$1.58,1440436251811,"58,975",67% bullish,of 9 ratings,N/A
CBPO,$94.1779,1440436251968,"252,563",75% bullish,of 8 ratings,$140.50
CCCL,$0.7865,1440436252195,"5,954",100% bullish,of 6 ratings,N/A
CHOP,$1.2,1440436252363,"15,476",50% bullish,of 2 ratings,N/A
CHLN,$1.7001,1440436252394,"7,533",67% bullish,of 3 ratings,N/A
HGSH,$1.775,1440436252421,"13,670",67% bullish,of 3 ratings,N/A
JRJC,$3.28,1440436252443,"262,268",82% bullish,of 11 ratings,N/A
CNIT,$1.33,1440436252475,"170,014",67% bullish,of 6 ratings,N/A
CCCR,$0.8,1440436252501,"1,400",67% bearish,of 3 ratings,N/A
CJJD,$1.81,1440436252650,"43,390",100% bullish,of 1 rating,N/A
HTHT,$23.82,1440436252723,"32,267",50% bullish,of 2 ratings,$28.40
CPGI,$6.8624,1440436252882,"3,444",Not yet rated,NULL,N/A
CHNR,$1.63,1440436252911,"5,508",100% bearish,of 1 rating,N/A
CREG,$0.67,1440436252936,"39,919",100% bullish,of 3 ratings,N/A
CSUN,$1.293,1440436253012,"42,694",80% bullish,of 5 ratings,N/A
CNTF,$0.79,1440436253203,"178,474",Not yet rated,NULL,N/A
CNYD,$3.19,1440436253274,"10,594",67% bullish,of 3 ratings,N/A
CCIH,$6.01,1440436253335,"261,455",67% bullish,of 6 ratings,$12.65
CNET,$0.755,1440436253364,"76,082",50% bullish,of 2 ratings,N/A
CXDC,$6,1440436253470,"75,811",67% bullish,of 3 ratings,N/A
IMOS,$16.74,1440436253501,"105,583",60% bullish,of 5 ratings,$21.50
CHSCL,$26.78,1440436253537,"28,241",Not yet rated,NULL,N/A
CHSCM,$25.591,1440436253869,"43,375",Not yet rated,NULL,N/A
CHDN,$133.38,1440436253921,"15,441",Not yet rated,NULL,$165
CHSCN,$26.56,1440436253946,"6,991",Not yet rated,NULL,N/A
CHUY,$31.5828,1440436253974,"129,549",50% bullish,of 2 ratings,$34
CHSCP,$29.95,1440436254004,"7,933",Not yet rated,NULL,N/A
CHSCO,$28.06,1440436254104,"9,053",Not yet rated,NULL,N/A
CDTX,$14.2501,1440436254130,"10,728",Not yet rated,NULL,$22
CMPR,$67.63,1440436254320,"296,568",50% bullish,of 2 ratings,$72.50
CINF,$52.57,1440436254450,"390,355",50% bullish,of 4 ratings,$50.50
CIDM,$0.6045,1440436254482,"50,971",50% bullish,of 2 ratings,$2.10
CIFC,$6.84,1440436254503,"3,536",100% bearish,of 1 rating,N/A
CMCT,$15.2,1440436254538,"1,516",100% bearish,of 1 rating,N/A
CTAS,$83.52,1440436254576,"247,002",100% bearish,of 1 rating,$91
CRUS,$28.76,1440436254672,"705,767",75% bullish,of 12 ratings,$44.50
CPHR,$5.61,1440436254698,"11,045",100% bearish,of 1 rating,$17
CSCO,$26.075,1440436255184,"19,122,236",84% bullish,of 208 ratings,$32
CTRN,$27.48,1440436255214,"64,204",100% bearish,of 1 rating,$31.50
CIZN,$19.27,1440436255315,"1,673",Not yet rated,NULL,N/A
CZFC,NULL,1440436255380,0,Not yet rated,NULL,N/A
CZWI,$9,1440436255406,"11,000",Not yet rated,NULL,N/A
CZNC,$19.79,1440436255444,"4,622",Not yet rated,NULL,N/A
CHCO,$47,1440436255476,"18,441",Not yet rated,NULL,$46
CIVB,$10.0255,1440436255606,400,Not yet rated,NULL,$11
CTXS,$69.205,1440436255645,"1,269,674",86% bullish,of 7 ratings,$80
CIVBP,$32.93,1440436255713,500,Not yet rated,NULL,N/A
CDTI,$1.49,1440436256257,"121,624",75% bullish,of 4 ratings,$3.20
CLNT,$1.6899,1440436256340,"4,516",75% bullish,of 8 ratings,N/A
CLNE,$4.27,1440436256392,"836,359",80% bullish,of 15 ratings,$9
CLFD,$17.29,1440436256731,"32,051",67% bullish,of 3 ratings,$18
CLIR,$4.56,1440436256984,"69,332",100% bullish,of 3 ratings,N/A
CLRO,$11.54,1440436257024,"10,451",50% bullish,of 2 ratings,$14.25
CSBK,$13.63,1440436257054,"35,895",Not yet rated,NULL,N/A
CMFN,$11.68,1440436257080,"25,850",100% bearish,of 1 rating,$15.50
CBLI,$3.64,1440436257109,"47,632",60% bullish,of 5 ratings,N/A
CLVS,$71.7,1440436257141,"204,070",60% bullish,of 5 ratings,$101.50
CCNE,$17,1440436257163,"12,176",50% bullish,of 2 ratings,$21.50
CME,$91.34,1440436257184,"1,006,086",67% bullish,of 3 ratings,$102
CNV,$4.51,1440436257410,"50,889",50% bullish,of 2 ratings,$7.15
CISG,$7.3,1440436257468,"167,858",100% bullish,of 5 ratings,$10
CWAY,$11.21,1440436257512,"3,154",Not yet rated,NULL,N/A
COBZ,$12.82,1440436257541,"38,076",100% bullish,of 1 rating,$14
CDRB,$10.1999,1440436257642,"21,867",67% bullish,of 3 ratings,N/A
COKE,$154.57,1440436257784,"34,628",79% bullish,of 19 ratings,N/A
CDXS,$3.8192,1440436257844,"42,622",64% bullish,of 11 ratings,$6
CCOI,$28.28,1440436257943,"257,126",50% bullish,of 4 ratings,$35
CTSH,$62.085,1440436257974,"2,063,363",90% bullish,of 10 ratings,$75
JVA,$4.455,1440436257996,"19,865",83% bullish,of 6 ratings,$7
CVLY,$20.55,1440436258032,"4,383",Not yet rated,NULL,N/A
CGNX,$35.36,1440436258125,"324,006",50% bullish,of 2 ratings,$47
CGNT,$1.63,1440436258197,"65,686",100% bullish,of 2 ratings,$2
CHRS,$29.78,1440436258327,"72,332",67% bearish,of 3 ratings,$37
COHU,$9.81,1440436258353,"42,184",100% bearish,of 1 rating,$14.25
COHR,$56.95,1440436258483,"40,062",50% bullish,of 2 ratings,$72
CLRX,$0.5104,1440436258654,"83,200",50% bullish,of 2 ratings,N/A
CLCT,$17.83,1440436258710,"40,425",100% bearish,of 1 rating,N/A
CIGI,$42.8,1440436258760,"4,833",100% bearish,of 1 rating,$52
COLL,$15.63,1440436258839,"41,610",100% bearish,of 1 rating,$26
CLCD,$6.71,1440436258888,"18,058",100% bearish,of 1 rating,$20.50
COLB,$30.38,1440436258938,"153,928",Not yet rated,NULL,$36
CBAN,$9.07,1440436258985,"2,904",Not yet rated,NULL,N/A
CMCSA,$56.235,1440436259312,"7,191,279",66% bullish,of 35 ratings,$69.50
CMCO,$19.35,1440436259338,"26,065",60% bullish,of 5 ratings,$28
CBMX,$1.13,1440436259365,"57,137",83% bullish,of 6 ratings,$3.15
COLM,$60.94,1440436259393,"70,455",100% bearish,of 1 rating,$71
CBSH,$44.49,1440436259497,"213,630",50% bullish,of 2 ratings,$46
CMCSK,$56.74,1440436259532,"2,122,925",Not yet rated,NULL,$84
CSAL,$20.745,1440436259844,"431,413",75% bullish,of 4 ratings,$30
JCS,$8.71,1440436259874,"8,944",67% bullish,of 3 ratings,N/A
CVGI,$4.72,1440436259904,"27,541",50% bullish,of 2 ratings,$6
CBSHP,$25.128,1440436259977,"6,215",100% bearish,of 1 rating,N/A
COMM,$28.68,1440436260036,"857,335",67% bearish,of 3 ratings,$35
CYHHZ,$0.01,1440436260062,"227,589",100% bullish,of 1 rating,N/A
CUBN,$13.51,1440436260110,"2,043",Not yet rated,NULL,N/A
ESXB,$5.04,1440436260139,"3,250",Not yet rated,NULL,N/A
CTBI,$34.72,1440436260318,"30,141",Not yet rated,NULL,$36
CWBC,NULL,1440436260377,0,Not yet rated,NULL,N/A
CVLT,$36.34,1440436260478,"201,184",75% bullish,of 4 ratings,$44.50
COB,$10.52,1440436260581,"1,992",100% bullish,of 1 rating,$11.75
CIL,$33.0699,1440436260725,100,Not yet rated,NULL,N/A
CID,$33.1399,1440436260760,150,Not yet rated,NULL,N/A
CIZ,$32.68,1440436260853,"1,150",100% bearish,of 1 rating,N/A
CSA,$32.88,1440436260892,"1,200",Not yet rated,NULL,N/A
CFA,$35.05,1440436260950,"2,156",100% bearish,of 1 rating,N/A
CDC,$34.51,1440436261024,"9,934",Not yet rated,NULL,N/A
CFO,$35.12,1440436261053,"28,210",100% bearish,of 1 rating,N/A
CSF,$36.33,1440436261110,"2,051",100% bearish,of 1 rating,N/A
CDL,NULL,1440436261157,0,Not yet rated,NULL,N/A
CSB,NULL,1440436261195,0,Not yet rated,NULL,N/A
CGEN,$4.92,1440436261417,"194,740",50% bullish,of 2 ratings,$11
CPSI,$44.98,1440436261716,"31,119",100% bearish,of 1 rating,$45.50
CTG,$6.585,1440436261745,"22,644",100% bearish,of 1 rating,$8.50
CMTL,$27.12,1440436261772,"12,470",100% bearish,of 2 ratings,$37
SCOR,$55.42,1440436261857,"137,700",100% bearish,of 1 rating,$66
CNAT,$3.858,1440436261954,"118,657",83% bullish,of 6 ratings,$13
CNSI,$18.69,1440436261995,"54,432",100% bearish,of 2 ratings,$29
CDOR,$1.37,1440436262055,"5,932",100% bullish,of 1 rating,N/A
CHCI,$0.5999,1440436262154,"14,000",50% bullish,of 2 ratings,N/A
CXRX,$70.12,1440436262184,"3,230",100% bearish,of 1 rating,$90
CCUR,$5.0399,1440436262211,"24,504",75% bullish,of 4 ratings,N/A
CNCE,$15.5201,1440436262236,"72,749",75% bullish,of 4 ratings,$22
CFMS,$20.22,1440436262371,"136,618",Not yet rated,NULL,$27
CDORO,$18,1440436262404,904,100% bearish,of 1 rating,N/A
CNFR,$10.0562,1440436262427,"8,504",Not yet rated,NULL,N/A
CDORP,$6.65,1440436262505,"1,140",100% bearish,of 1 rating,N/A
CNOB,$19.46,1440436262898,"15,389",100% bullish,of 1 rating,$23.50
CTWS,$35.35,1440436262926,"10,923",100% bearish,of 1 rating,$44
CNMD,$52.5,1440436262952,"247,599",Not yet rated,NULL,$59
CNSL,$19.41,1440436263088,"91,921",100% bearish,of 1 rating,$23
CNXR,$6.59,1440436263114,"37,387",100% bearish,of 1 rating,$12
CPSS,$5.81,1440436263142,"31,139",100% bullish,of 1 rating,$10
CONN,$30.3125,1440436263163,"331,311",67% bullish,of 3 ratings,$48.50
CWCO,$10.57,1440436263193,"63,834",67% bullish,of 3 ratings,$14.50
CTCT,$24.06,1440436263477,"105,777",67% bullish,of 3 ratings,$37
CFRX,$4.8356,1440436263524,"34,543",Not yet rated,NULL,$14
CFRXW,$1.88,1440436263569,"2,809",100% bearish,of 1 rating,N/A
CFRXZ,$0.49,1440436263750,"9,375",Not yet rated,NULL,N/A
CTRL,$8,1440436263782,"86,004",50% bullish,of 2 ratings,$11
CPRT,$34.3,1440436263885,"96,944",67% bearish,of 3 ratings,$40
CORT,$4.72,1440436264036,"150,132",67% bullish,of 3 ratings,$12
CRBP,$1.9004,1440436264062,"337,456",100% bullish,of 2 ratings,$6.25
CTRV,$3.7992,1440436264100,"20,918",Not yet rated,NULL,$6.40
CORE,$59.76,1440436264231,"48,092",100% bearish,of 1 rating,$72
BVA,NULL,1440436264256,0,50% bullish,of 2 ratings,N/A
CSOD,$35.445,1440436264385,"238,513",50% bullish,of 2 ratings,$42
CORI,$10.14,1440436264435,"32,567",100% bearish,of 1 rating,$18
CRVL,$31.4,1440436264515,"25,280",100% bearish,of 1 rating,N/A
COSI,$1.09,1440436264609,"43,113",100% bullish,of 1 rating,N/A
COST,$136.24,1440436264642,"1,670,740",79% bullish,of 24 ratings,$154.50
CSGP,$178.17,1440436264669,"97,106",50% bullish,of 2 ratings,$235
CPAH,$0.4899,1440436264765,"9,000",50% bullish,of 2 ratings,N/A
ICBK,NULL,1440436264799,0,Not yet rated,NULL,$21
COVS,$2.64,1440436265023,"137,185",67% bullish,of 3 ratings,N/A
CVTI,$22.2,1440436265050,"79,209",67% bearish,of 3 ratings,$39
COWN,$5.2,1440436265098,"443,992",75% bullish,of 4 ratings,$7
COWNL,$26.75,1440436265226,"2,698",Not yet rated,NULL,N/A
CPSH,$2.15,1440436265253,"1,070",Not yet rated,NULL,N/A
CRAI,$21.76,1440436265282,"12,806",100% bearish,of 1 rating,$36
CBRL,$140.81,1440436265418,"166,504",50% bullish,of 2 ratings,$155
BREW,$7.31,1440436265447,"38,694",67% bullish,of 6 ratings,$15
CACC,$195,1440436265598,"69,147",50% bullish,of 2 ratings,$158.50
CRAY,$20.57,1440436265676,"160,991",83% bullish,of 6 ratings,$38.50
GLDI,$11.1299,1440436265742,"13,652",100% bearish,of 1 rating,N/A
SLVO,$10.1565,1440436265804,"28,785",100% bearish,of 1 rating,N/A
CRESY,$9.78,1440436265831,"46,705",100% bearish,of 1 rating,$19
CREE,$27.2701,1440436265888,"847,783",65% bullish,of 17 ratings,$29.50
CRTO,$41.94,1440436265986,"362,447",67% bullish,of 6 ratings,$64
CROX,$13.895,1440436266020,"820,633",63% bullish,of 8 ratings,$16.50
CRDS,$1,1440436266115,"17,265",50% bullish,of 4 ratings,$4.50
CCRN,$14.49,1440436266140,"101,511",100% bearish,of 1 rating,$14.25
CRWS,$7.8926,1440436266353,"6,683",Not yet rated,NULL,$10
CRWN,$4.58,1440436266426,"57,865",75% bullish,of 4 ratings,N/A
CYRXW,$0.81,1440436266452,"7,900",Not yet rated,NULL,N/A
CYRX,$2.86,1440436266495,"24,479",Not yet rated,NULL,$9
CCLP,$13.12,1440436266597,"104,367",67% bearish,of 3 ratings,$21
CSGS,$30.92,1440436266624,"80,423",Not yet rated,NULL,$40
CTIC,$1.71,1440436266821,"686,344",84% bullish,of 76 ratings,$5.75
CTCM,$1.73,1440436266849,"97,179",80% bearish,of 5 ratings,$3.90
CSPI,$5.8899,1440436266906,"11,050",67% bullish,of 3 ratings,N/A
CTRP,$60.965,1440436266935,"1,332,080",75% bullish,of 8 ratings,$92
CTIB,$3.55,1440436267067,"4,275",100% bearish,of 1 rating,N/A
CUI,$4.96,1440436267094,"30,504",50% bullish,of 2 ratings,$10
CUNB,$21.57,1440436267122,"4,506",Not yet rated,NULL,$24.50
CPIX,$5.79,1440436267328,"1,417",Not yet rated,NULL,N/A
CRIS,$2.535,1440436267379,"254,638",100% bullish,of 8 ratings,$6
CMLS,$1.34,1440436267404,"263,315",50% bullish,of 4 ratings,$6
CUTR,$13.98,1440436267555,"265,155",67% bearish,of 3 ratings,$18
CVBF,$16.2,1440436267582,"137,377",Not yet rated,NULL,$18
CVV,$10.87,1440436267716,"21,291",100% bullish,of 5 ratings,N/A
CYBR,$51.35,1440436267746,"1,551,150",86% bullish,of 7 ratings,$66
CYAN,$6.8701,1440436267769,"2,300",100% bearish,of 1 rating,N/A
CYCC,$0.53,1440436267965,"47,449",73% bullish,of 11 ratings,N/A
CYCCP,NULL,1440436268039,0,100% bearish,of 1 rating,N/A
CYBX,$65.33,1440436268066,"159,835",50% bullish,of 4 ratings,$71.50
CBAY,$2.59,1440436268195,"29,204",100% bullish,of 1 rating,$4
CYBE,$5.85,1440436268233,"11,784",100% bearish,of 1 rating,N/A
CYNO,$31.67,1440436268305,"94,872",67% bearish,of 3 ratings,$45.50
CYNA,$15.6125,1440436268334,"43,016",100% bullish,of 1 rating,$31.50
CY,$9.71,1440436268408,"4,205,811",80% bullish,of 10 ratings,$15.50
CONE,$32.51,1440436268684,"129,209",67% bearish,of 3 ratings,$35
CYTK,$6.64,1440436268713,"139,419",71% bullish,of 14 ratings,$13.50
CYRN,$1.55,1440436268758,"75,628",67% bullish,of 3 ratings,$4
CTSO,$6.7,1440436268886,"110,727",Not yet rated,NULL,$15.625
CYTR,$2.15,1440436268912,"492,090",67% bullish,of 6 ratings,$10
CYTX,$0.3482,1440436268983,"838,457",83% bullish,of 12 ratings,$5.50
DAEG,$0.35,1440436269063,"2,420",100% bearish,of 1 rating,N/A
TVIX,$10.1201,1440436269152,"15,108,424",81% bullish,of 16 ratings,N/A
TVIZ,$15.87,1440436269193,"11,600",100% bearish,of 1 rating,N/A
DAKT,$11.56,1440436269338,"93,838",50% bullish,of 2 ratings,$14
ZIV,$44.86,1440436269370,"158,053",Not yet rated,NULL,N/A
XIV,$34.14,1440436269394,"21,969,927",75% bearish,of 4 ratings,N/A
DJCO,$202.132,1440436269474,833,Not yet rated,NULL,N/A
DARA,$0.89,1440436269546,"47,461",83% bullish,of 6 ratings,$1.50
DAIO,$2.5,1440436269717,"9,529",Not yet rated,NULL,N/A
DTLK,$5.64,1440436269791,"33,542",100% bearish,of 1 rating,$9
DWSN,$4.088,1440436269935,"26,977",67% bullish,of 3 ratings,$6
DWCH,$4.86,1440436269964,"39,420",75% bullish,of 4 ratings,$8.25
PLAY,$33.89,1440436270028,"66,728",100% bullish,of 5 ratings,$42
DRAM,$1.3501,1440436270098,"5,931",78% bullish,of 9 ratings,N/A
DBVT,$37.77,1440436270125,"61,487",100% bearish,of 1 rating,$53
DTEA,$13.175,1440436270154,"37,911",100% bearish,of 2 ratings,$24
DHRM,$1.58,1440436270364,"7,200",Not yet rated,NULL,N/A
DFRG,$14.84,1440436270423,"64,411",100% bearish,of 1 rating,$20
TRAK,$62.91,1440436270507,"257,474",50% bullish,of 2 ratings,$62.50
TACO,$12.57,1440436270559,"138,865",75% bullish,of 4 ratings,$20
TACOW,$3.54,1440436270583,"11,498",100% bullish,of 1 rating,N/A
DGAS,$20.293,1440436270638,"4,144",67% bearish,of 3 ratings,N/A
DCTH,$0.4595,1440436270783,"78,781",78% bullish,of 9 ratings,N/A
DELT,$2.6,1440436270810,"1,385",Not yet rated,NULL,N/A
DEPO,$28.08,1440436270990,"697,793",60% bullish,of 5 ratings,$29
DELTW,NULL,1440436271018,0,Not yet rated,NULL,N/A
DENN,$11.46,1440436271043,"326,281",100% bullish,of 3 ratings,$15
XRAY,$52.66,1440436271089,"296,467",100% bullish,of 1 rating,$58
DSCI,$6.15,1440436271181,"50,707",50% bullish,of 2 ratings,$16
DEST,$11.31,1440436271263,"21,396",50% bullish,of 2 ratings,N/A
DERM,$23.83,1440436271320,"83,806",100% bearish,of 1 rating,$33.50
DSWL,$1.7698,1440436271479,"21,440",100% bullish,of 1 rating,N/A
DXLG,$4.455,1440436271551,"47,478",100% bearish,of 1 rating,$8
DXM,$0.2996,1440436271616,"82,057",50% bullish,of 2 ratings,N/A
DXCM,$87.06,1440436271718,"666,625",57% bullish,of 7 ratings,$98
DHIL,$187.99,1440436271744,"1,179",Not yet rated,NULL,N/A
DMND,$29.77,1440436271791,"90,120",75% bullish,of 12 ratings,$32
DHXM,NULL,1440436271817,0,Not yet rated,NULL,N/A
DCIX,$1.65,1440436271880,"53,927",50% bullish,of 4 ratings,$3.50
DRNA,$10.95,1440436271905,"69,696",67% bearish,of 3 ratings,$25
FANG,$65.37,1440436272053,"675,116",50% bullish,of 2 ratings,$86
DGLY,$6.3775,1440436272218,"216,816",50% bullish,of 6 ratings,$20
DMRC,$36.13,1440436272245,"58,938",100% bearish,of 1 rating,$44
DGII,$9.85,1440436272270,"24,056",100% bearish,of 1 rating,$10
APPS,$2.33,1440436272499,"77,609",100% bearish,of 1 rating,$10.25
DRAD,$3.81,1440436272560,"40,125",100% bullish,of 1 rating,$5.25
DPRX,$12.1,1440436272688,"8,955",100% bullish,of 2 ratings,$27.75
DCOM,$16.57,1440436272775,"41,528",100% bearish,of 2 ratings,$16.50
DISCA,$26.61,1440436272839,"1,325,425",67% bullish,of 3 ratings,$34
DIOD,$19.49,1440436272867,"96,160",75% bearish,of 4 ratings,$24
DISCB,$29.06,1440436272888,4,100% bearish,of 1 rating,$35
DISCK,$25.21,1440436272924,"1,507,605",100% bearish,of 1 rating,$32
DISH,$60.04,1440436273020,"1,059,161",69% bullish,of 13 ratings,$73
DSCO,$0.3951,1440436273174,"166,091",83% bullish,of 6 ratings,$2.75
BAGR,$2.88,1440436273273,"17,659",100% bearish,of 1 rating,$6
DVCR,$10.36,1440436273300,"12,925",100% bullish,of 1 rating,N/A
DLHC,$2.35,1440436273378,"11,531",100% bearish,of 1 rating,N/A
DLTR,$75.96,1440436273471,"1,136,038",82% bullish,of 11 ratings,$88
DNBF,$26.29,1440436273519,"11,330",Not yet rated,NULL,$27.50
DGICA,$14.4,1440436273550,"7,761",100% bearish,of 1 rating,$17
DGICB,NULL,1440436273883,0,100% bearish,of 1 rating,N/A
DMLP,$13.49,1440436273934,"49,294",100% bearish,of 1 rating,N/A
DRWIW,NULL,1440436274030,0,Not yet rated,NULL,N/A
DRWI,$0.255,1440436274060,"128,424",60% bullish,of 5 ratings,$.45
HILL,$9.68,1440436274091,"2,394,767",60% bearish,of 5 ratings,$9.75
DORM,$50.0299,1440436274117,"150,423",100% bearish,of 1 rating,$56
DRYS,$0.3465,1440436274250,"3,067,282",77% bullish,of 31 ratings,$.60
DWA,$19.58,1440436274321,"479,913",63% bullish,of 8 ratings,$26
CADT,$10.02,1440436274575,300,Not yet rated,NULL,N/A
DSPG,$8.48,1440436274604,"20,109",100% bearish,of 1 rating,$13.50
CADTR,$0.2,1440436274706,"24,465",Not yet rated,NULL,N/A
CADTW,NULL,1440436274731,0,Not yet rated,NULL,N/A
CADTU,NULL,1440436274762,0,Not yet rated,NULL,N/A
DSKX,$3.0899,1440436274784,"120,300",100% bullish,of 1 rating,N/A
DRRX,$2.0199,1440436274920,"127,033",50% bullish,of 6 ratings,$3
DNKN,$50.23,1440436274947,"1,323,343",67% bullish,of 15 ratings,$56.50
DTSI,$25.91,1440436275029,"33,790",100% bearish,of 2 ratings,$39.50
DXPE,$28.73,1440436275078,"49,730",50% bullish,of 2 ratings,N/A
DYAX,$22.75,1440436275211,"356,609",89% bullish,of 9 ratings,$30
BOOM,$9.8,1440436275264,"29,214",67% bullish,of 3 ratings,$12
DYNT,$2.8499,1440436275355,"10,258",75% bullish,of 4 ratings,N/A
DYSL,$1.4499,1440436275415,"16,905",100% bullish,of 2 ratings,N/A
ETFC,$25.06,1440436275441,"1,985,301",57% bullish,of 14 ratings,$33
DVAX,$27.2499,1440436275571,"151,138",70% bullish,of 10 ratings,$40
EGBN,$42.285,1440436275631,"70,317",Not yet rated,NULL,$48
EBMT,$11.42,1440436275813,"40,025",Not yet rated,NULL,$13.50
EGLE,$6.13,1440436275839,"7,061",60% bullish,of 5 ratings,N/A
EROC,$1.203,1440436275871,"372,607",50% bullish,of 2 ratings,$3
ELNK,$8.145,1440436275903,"315,006",60% bullish,of 5 ratings,$9.50
EWBC,$39.87,1440436275979,"1,046,635",100% bearish,of 1 rating,$50
EGRX,$67.14,1440436276007,"176,883",67% bullish,of 3 ratings,$97
EML,$16.64,1440436276135,"23,363",Not yet rated,NULL,N/A
EACQU,NULL,1440436276162,0,Not yet rated,NULL,N/A
EVBS,$6.4001,1440436276291,"4,145",Not yet rated,NULL,$7
EBAY,$25.54,1440436276385,"6,375,050",81% bullish,of 117 ratings,$48
EBIX,$26.63,1440436276419,"488,084",69% bullish,of 13 ratings,$40
ELON,$0.5392,1440436276554,"39,672",50% bullish,of 2 ratings,N/A
ECTE,$1.41,1440436276698,"17,272",75% bullish,of 4 ratings,N/A
SATS,$42.82,1440436276724,"61,389",50% bullish,of 2 ratings,$60
ECHO,$24,1440436276774,"244,548",67% bearish,of 3 ratings,$35.50
ECACU,$10.048,1440436276855,"22,600",Not yet rated,NULL,N/A
EEI,$10.83,1440436276883,"1,604",67% bearish,of 3 ratings,N/A
ESES,$3.46,1440436276904,"3,470",100% bearish,of 1 rating,$7
EDAP,$3.045,1440436277107,"32,338",60% bullish,of 5 ratings,$4.50
EDGW,$6.93,1440436277166,"100,240",100% bearish,of 1 rating,N/A
EDUC,$4.5,1440436277304,"2,170",100% bearish,of 1 rating,N/A
EGAN,$3.3,1440436277360,"11,199",50% bullish,of 2 ratings,$6.25
EFUT,$4,1440436277386,"4,946",Not yet rated,NULL,N/A
EGLT,$10.89,1440436277465,"38,316",50% bullish,of 2 ratings,$21
LOCO,$11.98,1440436277683,"913,892",69% bullish,of 13 ratings,$20
EHTH,$13.57,1440436277729,"61,852",50% bullish,of 4 ratings,$16.50
ERI,$9.27,1440436277857,"34,329",100% bearish,of 1 rating,$10
EMITF,$1.235,1440436277895,"39,244",75% bullish,of 4 ratings,N/A
ESLT,$74.3101,1440436277958,"17,918",67% bullish,of 3 ratings,N/A
ELRC,$10.31,1440436278026,"11,390",100% bearish,of 1 rating,N/A
ESIO,$4.4,1440436278051,"36,257",50% bullish,of 2 ratings,$10
ELSE,$3.63,1440436278561,400,60% bullish,of 5 ratings,N/A
EFII,$43.18,1440436278591,"152,059",80% bullish,of 5 ratings,$55
ELEC,NULL,1440436278664,0,Not yet rated,NULL,N/A
EA,$65.43,1440436278690,"2,198,363",77% bullish,of 35 ratings,$80
ELECU,NULL,1440436278763,0,Not yet rated,NULL,N/A
ELECW,NULL,1440436279109,0,Not yet rated,NULL,N/A
ESBK,NULL,1440436279332,0,Not yet rated,NULL,N/A
EBIO,$3.3,1440436279365,"182,814",100% bearish,of 2 ratings,$8.35
LONG,$16.8,1440436279435,"49,486",67% bullish,of 3 ratings,$15.75
RDEN,$10.42,1440436279462,"54,475",100% bearish,of 4 ratings,$15
ELTK,$1.06,1440436279492,"6,830",67% bearish,of 3 ratings,N/A
CAPX,$22.365,1440436279520,"1,600",Not yet rated,NULL,N/A
EMCI,$22.32,1440436279618,"12,911",Not yet rated,NULL,N/A
EMCF,NULL,1440436279664,0,100% bearish,of 1 rating,N/A
EMMS,$1.22,1440436279903,"122,499",67% bullish,of 6 ratings,N/A
EMKR,$7.15,1440436280102,"60,705",75% bullish,of 4 ratings,$8.50
ENTA,$39.68,1440436280130,"111,749",50% bullish,of 2 ratings,$42
EMMSP,NULL,1440436280162,0,100% bearish,of 1 rating,N/A
ERS,$2.8,1440436280294,"2,602",Not yet rated,NULL,N/A
WIRE,$32.51,1440436280319,"59,626",100% bearish,of 1 rating,$37
ENDP,$75.83,1440436280345,"1,203,807",50% bullish,of 6 ratings,$104
ECPG,$39.22,1440436280377,"51,412",100% bullish,of 2 ratings,$52
NYNY,$4.09,1440436280398,"59,747",50% bullish,of 2 ratings,N/A
ECYT,$5.11,1440436280549,"134,279",83% bullish,of 6 ratings,$12
ELGX,$12.78,1440436280770,"266,853",75% bullish,of 4 ratings,$17
EFOI,$16.03,1440436280816,"224,460",50% bullish,of 2 ratings,$20.50
WATT,$6.3401,1440436280842,"160,491",50% bullish,of 2 ratings,$13
EIGI,$15.19,1440436280871,"347,128",67% bearish,of 3 ratings,$22.50
ERII,$2.9,1440436280971,"58,477",80% bullish,of 5 ratings,$2.50
EXXI,$1.3399,1440436281186,"1,520,563",86% bullish,of 7 ratings,$3.50
ENOC,$8.62,1440436281426,"151,848",75% bullish,of 4 ratings,$18
ENG,$1,1440436281454,"35,150",100% bullish,of 3 ratings,N/A
ESGR,$149.5,1440436281614,"10,015",100% bearish,of 1 rating,$185
ENPH,$5,1440436281665,"752,257",75% bullish,of 4 ratings,$11
ETRM,$0.235,1440436281700,"757,180",69% bearish,of 35 ratings,$1.625
ENTG,$13.7,1440436281722,"330,981",100% bearish,of 1 rating,$18
ENTL,$21.6,1440436281743,"7,564",Not yet rated,NULL,$28
ENFC,$18,1440436281799,"4,225",Not yet rated,NULL,N/A
EFSC,$24.17,1440436282244,"17,624",Not yet rated,NULL,$27
ENVI,$1.73,1440436282272,"22,132",67% bullish,of 3 ratings,N/A
EBTC,$20.47,1440436282298,"3,563",Not yet rated,NULL,N/A
ENZN,$0.9671,1440436282627,"807,793",100% bullish,of 9 ratings,N/A
EPZM,$18.79,1440436282796,"316,539",60% bullish,of 5 ratings,$34
EPIQ,$13.49,1440436282826,"42,272",100% bearish,of 1 rating,$18
EQFN,NULL,1440436282857,0,100% bearish,of 1 rating,N/A
EGT,$2.1156,1440436282877,305,100% bullish,of 1 rating,N/A
PLUS,$76.49,1440436282928,"29,571",50% bullish,of 2 ratings,$88
EPRS,$4.875,1440436282954,"57,427",82% bullish,of 11 ratings,$15
ENZY,$9.04,1440436283030,"7,296",67% bullish,of 3 ratings,$9.50
EQIX,$264.86,1440436283113,"306,549",75% bullish,of 4 ratings,$312.50
ERIC,$9.7301,1440436283288,"1,845,661",63% bullish,of 8 ratings,$12.20
ERIE,$82.965,1440436283358,"10,993",Not yet rated,NULL,$73
ESCA,$18.07,1440436283440,"13,755",100% bearish,of 1 rating,$22
EAC,$3.55,1440436283497,"27,818",100% bearish,of 1 rating,$8
ESMC,NULL,1440436283670,0,Not yet rated,NULL,N/A
ESCRP,$1.5475,1440436283800,"3,979",100% bearish,of 1 rating,N/A
ESPR,$54.42,1440436283825,"564,719",70% bearish,of 10 ratings,$123
ESCR,$0.1501,1440436283866,"11,719",50% bullish,of 2 ratings,N/A
ETSY,$13.53,1440436283895,"420,327",80% bullish,of 5 ratings,$16
ESND,$35.19,1440436283956,"60,311",100% bearish,of 2 ratings,$40
ESSA,$12.53,1440436283996,"8,249",100% bearish,of 1 rating,N/A
EPIX,NULL,1440436284089,0,Not yet rated,NULL,N/A
ESSX,$0.48,1440436284126,"17,750",50% bullish,of 2 ratings,N/A
CLWT,$2.3799,1440436284231,"15,107",100% bearish,of 1 rating,N/A
ESEA,$5.41,1440436284323,"2,442",100% bullish,of 1 rating,$15
EEFT,$63.58,1440436284426,"113,655",100% bearish,of 1 rating,$67.50
EVEP,$7.1746,1440436284595,"300,911",50% bullish,of 2 ratings,$15
EVK,$3.75,1440436284763,"9,400",75% bearish,of 4 ratings,N/A
EVOL,$5.88,1440436284811,"8,592",75% bullish,of 4 ratings,$10
EVOK,$3.7344,1440436284843,"74,549",100% bearish,of 1 rating,$13.375
EXAC,$18.25,1440436285123,"16,547",100% bearish,of 1 rating,$22.50
EXA,$10.6401,1440436285152,"11,294",100% bearish,of 1 rating,$13
EVLV,$2.06,1440436285187,"95,674",60% bullish,of 5 ratings,$6.50
EXEL,$5.45,1440436285285,"3,257,673",81% bullish,of 16 ratings,$6
EXAS,$20.398,1440436285325,"818,866",78% bullish,of 9 ratings,$31
EXPE,$112.59,1440436285528,"1,063,635",64% bullish,of 11 ratings,$130
EXFO,$2.63,1440436285569,"29,420",67% bearish,of 3 ratings,$3.95
EXPD,$47.6,1440436285637,"737,539",80% bullish,of 5 ratings,$51.50
EXLS,$36.81,1440436285697,"102,876",100% bullish,of 1 rating,$41
EXPO,$42.19,1440436285795,"21,791",100% bearish,of 1 rating,$45.50
EXTR,$2.805,1440436285969,"359,499",80% bullish,of 5 ratings,$3
EYEG,$4,1440436286050,"10,633",Not yet rated,NULL,N/A
EXLP,$18,1440436286082,"156,314",100% bearish,of 1 rating,$27
ESRX,$83.3451,1440436286118,"2,989,460",67% bearish,of 6 ratings,$101
EZCH,$21.425,1440436286178,"96,735",75% bullish,of 8 ratings,$19.50
EYEGW,NULL,1440436286207,0,Not yet rated,NULL,N/A
EZPW,$6.3,1440436286235,"125,004",50% bullish,of 4 ratings,$7.50
FFIV,$121.23,1440436286265,"487,981",63% bullish,of 8 ratings,$132
FB,$86.423,1440436286462,"34,246,314",73% bullish,of 1066 ratings,$111
FCS,$13.49,1440436286623,"383,931",67% bearish,of 3 ratings,$17
FRP,$16.7,1440436286670,"20,391",100% bearish,of 1 rating,$18
FWM,$2.275,1440436286814,"157,066",100% bearish,of 2 ratings,$3.20
FARM,$22.02,1440436286846,"16,893",100% bearish,of 1 rating,$35
FARO,$38.67,1440436286868,"71,335",50% bullish,of 2 ratings,$48
FALC,$1.55,1440436286949,"16,277",63% bearish,of 8 ratings,N/A
DAVE,$14.21,1440436286995,"30,922",100% bearish,of 1 rating,$15.50
FMNB,$8.0366,1440436287020,"9,916",Not yet rated,NULL,N/A
FFKT,$26.4,1440436287084,"3,124",Not yet rated,NULL,$29
FAST,$38.64,1440436287160,"2,175,156",80% bullish,of 5 ratings,$46
FATE,$6.11,1440436287256,"69,176",50% bullish,of 2 ratings,$11
FBSS,$15.3467,1440436287305,300,Not yet rated,NULL,N/A
FDML,$9.21,1440436287438,"95,204",50% bullish,of 4 ratings,$14
FBRC,$22.11,1440436287583,"17,769",100% bearish,of 1 rating,$29
FEIC,$76.975,1440436287840,"136,349",50% bullish,of 2 ratings,$95.50
FNHC,$21.39,1440436287902,"26,837",100% bearish,of 1 rating,$35
FHCO,$1.405,1440436287924,"161,243",50% bullish,of 4 ratings,N/A
FCSC,$5.5,1440436287956,"135,230",100% bearish,of 1 rating,$8.125
FGEN,$23.32,1440436287985,"284,220",100% bearish,of 1 rating,$39
FENX,$9.77,1440436288013,"32,135",100% bullish,of 1 rating,$14.25
ONEQ,$184.36,1440436288034,"95,237",100% bullish,of 1 rating,N/A
LION,$18.81,1440436288085,"76,191",100% bullish,of 1 rating,$20
FSAM,$8.44,1440436288368,"12,802",100% bearish,of 1 rating,$11
FDUS,$14.02,1440436288396,"127,326",50% bullish,of 2 ratings,$18
FSC,$6.345,1440436288423,"669,828",75% bullish,of 4 ratings,$8
FRGI,$51.83,1440436288445,"75,485",50% bullish,of 2 ratings,$70
FSCFL,$23.8,1440436288590,804,Not yet rated,NULL,N/A
FSFR,$8.82,1440436288618,"71,446",100% bearish,of 1 rating,$11.50
FITB,$19.265,1440436288893,"3,455,287",54% bullish,of 13 ratings,$22
FNGN,$33.03,1440436288918,"150,720",67% bullish,of 3 ratings,$47
FITBI,$26.8,1440436288943,"17,484",Not yet rated,NULL,N/A
FNSR,$15.47,1440436288968,"529,292",71% bullish,of 7 ratings,$24.50
FNTC,NULL,1440436289218,0,Not yet rated,NULL,N/A
FNJN,$1.555,1440436289286,"42,253",100% bearish,of 1 rating,$5
FISI,$24.78,1440436289449,"24,873",100% bullish,of 2 ratings,$24.50
FNTCU,NULL,1440436289552,0,Not yet rated,NULL,N/A
FEYE,$37.8099,1440436289616,"4,153,589",87% bullish,of 15 ratings,$55.50
BUSE,$6.3,1440436289746,"31,143",Not yet rated,NULL,$6.875
FNTCW,$0.32,1440436289806,"17,600",Not yet rated,NULL,N/A
FRBA,$5.96,1440436289839,"2,700",Not yet rated,NULL,$8
FBNC,$16.7,1440436289877,"15,301",100% bullish,of 1 rating,$20
FNLC,$18.26,1440436289905,"14,293",100% bullish,of 1 rating,N/A
FBIZ,$43.67,1440436290033,"5,025",100% bearish,of 2 ratings,$52
FCVA,$4.61,1440436290221,"5,105",Not yet rated,NULL,N/A
FCFS,$38,1440436290267,"116,130",100% bearish,of 3 ratings,$48
FCLF,$9.41,1440436290294,525,Not yet rated,NULL,N/A
FCNCA,$235.1,1440436290323,"2,470",Not yet rated,NULL,N/A
FCBC,$17.76,1440436290453,"3,454",Not yet rated,NULL,$18
FCAP,$26.5,1440436290509,601,Not yet rated,NULL,N/A
FCFP,$6.9,1440436290531,"5,314",Not yet rated,NULL,N/A
FCCO,$11.8999,1440436290582,448,Not yet rated,NULL,$13.25
FDEF,$36.96,1440436290751,"12,005",Not yet rated,NULL,$38
FBNK,$16.5,1440436290780,"16,055",100% bearish,of 1 rating,$17.50
FFBC,$18.4,1440436290883,"60,079",67% bearish,of 3 ratings,$20.25
FFBCW,NULL,1440436290990,0,100% bearish,of 1 rating,N/A
THFF,$32.98,1440436291119,"7,242",Not yet rated,NULL,$35
FFIN,$30.55,1440436291145,"86,222",50% bullish,of 2 ratings,$31.75
FFWM,$21.22,1440436291277,"41,495",Not yet rated,NULL,$24
INBK,$31.04,1440436291351,"29,540",50% bullish,of 2 ratings,$37
FIBK,$26.17,1440436291492,"49,501",Not yet rated,NULL,$32
FRME,$25.21,1440436291543,"92,111",Not yet rated,NULL,$26.50
FMBH,$22.5,1440436291680,300,Not yet rated,NULL,N/A
FMBI,$17.39,1440436291712,"201,118",Not yet rated,NULL,$20
FFNM,$6.24,1440436291737,"3,100",Not yet rated,NULL,N/A
FFNW,$12.16,1440436291817,"21,453",Not yet rated,NULL,$14
FNFG,$9.005,1440436291975,"1,059,377",80% bullish,of 5 ratings,$9
FSFG,$30.53,1440436292106,"2,000",Not yet rated,NULL,N/A
FNBC,$34.2,1440436292139,"20,615",Not yet rated,NULL,$41.50
FNWB,$11.93,1440436292190,"16,434",Not yet rated,NULL,N/A
BICK,$17.84,1440436292238,250,100% bullish,of 1 rating,N/A
FSGI,$2.44,1440436292265,"8,150",Not yet rated,NULL,N/A
FSLR,$45.88,1440436292416,"1,367,720",74% bullish,of 39 ratings,$65
FSBK,$7.9,1440436292520,545,100% bullish,of 1 rating,N/A
FBZ,$9.75,1440436292600,200,Not yet rated,NULL,N/A
FCAN,$22.57,1440436292654,513,Not yet rated,NULL,N/A
FCA,$17.43,1440436292800,"1,000",Not yet rated,NULL,N/A
FTCS,$36.2,1440436292863,"185,928",100% bearish,of 1 rating,N/A
IFV,$17.41,1440436292934,"891,866",100% bearish,of 1 rating,N/A
FV,$22.9402,1440436292994,"6,842,480",100% bearish,of 1 rating,N/A
FEUZ,$30.26,1440436293123,"2,064",Not yet rated,NULL,N/A
FEMB,$42.17,1440436293175,300,Not yet rated,NULL,N/A
FTSM,$59.9,1440436293252,"20,685",100% bearish,of 1 rating,N/A
TDIV,$24.4,1440436293397,"314,451",100% bearish,of 1 rating,N/A
MDIV,$19.0501,1440436293422,"630,435",Not yet rated,NULL,N/A
FGM,$35.07,1440436293451,"31,566",Not yet rated,NULL,N/A
HYLS,$49.1899,1440436293631,"46,256",100% bearish,of 1 rating,N/A
FTHI,$18.93,1440436293656,48,Not yet rated,NULL,N/A
FTGC,$21.855,1440436293700,"67,681",Not yet rated,NULL,N/A
FPXI,$26.07,1440436293799,40,Not yet rated,NULL,N/A
FHK,$32.03,1440436293826,"22,160",Not yet rated,NULL,N/A
CU,$12.37,1440436293956,"13,450",100% bearish,of 1 rating,N/A
YDIV,$16.21,1440436294001,"6,254",Not yet rated,NULL,N/A
SKYY,$28.4601,1440436294029,"128,941",100% bullish,of 1 rating,N/A
PLTM,$6.3601,1440436294138,"39,932",100% bearish,of 1 rating,N/A
LMBS,$50.48,1440436294247,"1,000",Not yet rated,NULL,N/A
FMB,$51.1776,1440436294272,652,Not yet rated,NULL,N/A
FJP,$44.8532,1440436294301,"11,718",Not yet rated,NULL,N/A
FTLB,$18.9828,1440436294327,"4,210",100% bearish,of 1 rating,N/A
FONE,$33.34,1440436294519,"1,275",Not yet rated,NULL,N/A
QABA,$37.132,1440436294566,"33,510",100% bearish,of 1 rating,N/A
QCLN,$14.845,1440436294711,"59,907",Not yet rated,NULL,N/A
GRID,$28.8601,1440436294736,"1,780",100% bearish,of 1 rating,N/A
CARZ,$33.15,1440436294870,"9,524",100% bearish,of 1 rating,N/A
QQEW,$40.95,1440436294898,"203,718",Not yet rated,NULL,N/A
RDVY,$20.9353,1440436294925,"9,192",Not yet rated,NULL,N/A
CIBR,$17.8401,1440436294999,"162,298",Not yet rated,NULL,N/A
QQXT,$39.572,1440436295142,"132,531",Not yet rated,NULL,N/A
QTEC,$39.27,1440436295176,"92,711",Not yet rated,NULL,N/A
AIRR,$16.1801,1440436295202,"5,549",100% bearish,of 1 rating,N/A
QINC,$20.39,1440436295275,700,Not yet rated,NULL,N/A
FTSL,$48.51,1440436295418,"30,295",100% bearish,of 1 rating,N/A
FKO,$19.5,1440436295481,100,Not yet rated,NULL,N/A
FSZ,$38.907,1440436295587,"26,261",Not yet rated,NULL,N/A
FDIV,$47.1899,1440436295669,"2,526",100% bearish,of 1 rating,N/A
TUSA,$24.54,1440436295772,700,Not yet rated,NULL,N/A
FKU,$41,1440436295850,"56,007",Not yet rated,NULL,N/A
FTW,$28.4,1440436295877,"2,686",Not yet rated,NULL,N/A
FUNC,$8.103,1440436295935,800,Not yet rated,NULL,N/A
SVVC,$9.56,1440436296007,"23,300",50% bullish,of 2 ratings,$26
FMER,$17.63,1440436296135,"758,493",50% bullish,of 2 ratings,$20
FSV,$30.375,1440436296163,"6,733",Not yet rated,NULL,$33.60
FISV,$83.77,1440436296241,"884,971",100% bearish,of 3 ratings,$90
FIVE,$36.46,1440436296292,"198,941",75% bearish,of 4 ratings,$44
FLML,$20.63,1440436296387,"144,141",50% bullish,of 2 ratings,$30
FPRX,$19.12,1440436296438,"135,319",50% bullish,of 2 ratings,$35
FIVN,$4.2,1440436296487,"130,820",100% bullish,of 1 rating,$8.50
FLKS,$13.985,1440436296714,"30,188",50% bullish,of 2 ratings,$27
FLXN,$24.04,1440436296971,"30,464",100% bearish,of 1 rating,$40
FLXS,$29.64,1440436297024,"25,301",100% bearish,of 2 ratings,N/A
SKOR,$50.399,1440436297051,500,Not yet rated,NULL,N/A
FLDM,$12.66,1440436297231,"111,174",67% bearish,of 3 ratings,$21.50
FOMX,$9.86,1440436297259,"95,091",50% bullish,of 2 ratings,$23.50
MBSD,$25.37,1440436297289,400,Not yet rated,NULL,N/A
FLIR,$27.965,1440436297311,"412,339",100% bearish,of 1 rating,$38.50
FLEX,$10.5,1440436297351,"1,074,880",63% bullish,of 8 ratings,$12
FFIC,$20,1440436297445,"18,194",Not yet rated,NULL,$21
FOGO,$17.88,1440436297473,"102,314",50% bullish,of 2 ratings,$25.50
FONR,$9.38,1440436297664,"8,240",100% bullish,of 1 rating,N/A
FES,$0.9,1440436297714,"29,893",50% bullish,of 2 ratings,$1
FORR,$32,1440436297975,"16,579",Not yet rated,NULL,N/A
FORTY,$28.75,1440436298024,"3,492",Not yet rated,NULL,N/A
FBIO,$2.265,1440436298155,"205,386",83% bullish,of 6 ratings,N/A
FWP,$25.62,1440436298510,"34,393",100% bearish,of 1 rating,$45
FORM,$6.15,1440436298566,"153,050",67% bullish,of 3 ratings,$10.50
FOSL,$60.28,1440436298607,"494,261",50% bullish,of 4 ratings,$80
FXCB,$17.15,1440436298674,"10,032",Not yet rated,NULL,$19
FWRD,$46.6,1440436298742,"60,988",100% bearish,of 1 rating,$50
FMI,$21.0799,1440436298767,"97,338",100% bearish,of 2 ratings,$27.50
FTNT,$42.24,1440436298800,"1,127,009",80% bullish,of 10 ratings,$52
FORD,$1.0201,1440436298825,"27,182",50% bullish,of 2 ratings,N/A
FOXF,$15.25,1440436299056,"19,140",100% bearish,of 1 rating,$19
FELE,$28.47,1440436299101,"149,760",50% bullish,of 4 ratings,$33
FRAN,$10.4,1440436299193,"222,358",50% bullish,of 4 ratings,$15
FRED,$14.15,1440436299282,"60,557",50% bullish,of 2 ratings,$16.50
FEIM,$10.6001,1440436299307,"1,875",100% bearish,of 1 rating,N/A
FREE,$0.39,1440436299338,"460,742",92% bullish,of 12 ratings,N/A
RAIL,$20.37,1440436299464,"57,857",100% bearish,of 1 rating,$24.50
FRPH,$29.64,1440436299495,"1,133",100% bearish,of 1 rating,N/A
FRPT,$13.26,1440436299568,"249,296",67% bearish,of 3 ratings,$23.50
FTRPR,$100.65,1440436299599,"10,939",100% bearish,of 1 rating,N/A
FTR,$5.05,1440436299668,"8,568,781",78% bullish,of 27 ratings,$6.25
FSBW,$21.95,1440436299695,200,Not yet rated,NULL,N/A
FTD,$29.27,1440436299767,"31,330",100% bearish,of 1 rating,$40
FSYS,$6.24,1440436299843,"38,859",67% bullish,of 3 ratings,$10
FTEK,$2.07,1440436299949,"44,242",75% bullish,of 4 ratings,N/A
FCEL,$0.73,1440436299988,"1,137,625",88% bullish,of 40 ratings,$2.65
FULLL,$25.02,1440436300326,"2,385",Not yet rated,NULL,N/A
FULL,$3.07,1440436300422,"85,908",67% bearish,of 3 ratings,$4.25
FSNN,$2.5301,1440436300453,600,67% bullish,of 3 ratings,$6
FFHL,$0.88,1440436300500,"2,720",50% bullish,of 4 ratings,N/A
FULT,$12.22,1440436300559,"522,658",100% bearish,of 1 rating,$13
FLL,$1.49,1440436300587,"16,850",75% bullish,of 4 ratings,$2.825
FXEN,$0.84,1440436300612,"66,193",75% bullish,of 4 ratings,$1.10
FXENP,$15.0501,1440436300662,"3,100",100% bearish,of 1 rating,N/A
WILC,$5,1440436300822,"14,512",100% bullish,of 2 ratings,N/A
GK,$69.73,1440436300852,"35,923",Not yet rated,NULL,$78
GLPG,$60.68,1440436300927,"36,031",100% bullish,of 1 rating,$75
GAIA,$5.87,1440436301074,"25,937",50% bullish,of 2 ratings,$8.50
GALTU,NULL,1440436301101,0,100% bearish,of 1 rating,N/A
GALT,$1.95,1440436301126,"127,123",80% bullish,of 5 ratings,N/A
GALTW,NULL,1440436301371,0,100% bullish,of 1 rating,N/A
GALE,$1.53,1440436301406,"1,919,695",89% bullish,of 47 ratings,$4
GLMD,$7.6,1440436301444,"29,067",67% bullish,of 3 ratings,$20.50
GLPI,$31.175,1440436301473,"395,420",100% bearish,of 1 rating,$37.50
GGAC,NULL,1440436301575,0,100% bearish,of 1 rating,N/A
GRMN,$37.965,1440436301719,"1,284,980",50% bullish,of 6 ratings,$48
GPIC,$10.1,1440436301778,"1,162",100% bearish,of 1 rating,N/A
GGACU,NULL,1440436301904,0,Not yet rated,NULL,N/A
GGACR,NULL,1440436301965,0,100% bullish,of 1 rating,N/A
GGACW,$0.0514,1440436302007,800,Not yet rated,NULL,N/A
GARS,$14.25,1440436302032,"76,057",Not yet rated,NULL,$16
GNCMA,$16.7,1440436302057,"98,737",100% bearish,of 1 rating,$12
GENC,$9.3,1440436302082,"4,052",100% bearish,of 1 rating,N/A
GFN,$3.54,1440436302306,"15,615",100% bearish,of 2 ratings,$8
GFNCP,$85.05,1440436302360,448,Not yet rated,NULL,N/A
GENE,$2.2999,1440436302393,"84,901",100% bullish,of 12 ratings,N/A
GNMK,$9.24,1440436302446,"92,362",67% bullish,of 6 ratings,$14
GNCA,$12.485,1440436302535,"56,698",100% bearish,of 1 rating,$20
GFNSL,$25,1440436302564,"1,500",Not yet rated,NULL,N/A
GHDX,$25.62,1440436302590,"78,255",50% bullish,of 2 ratings,$30
GNTX,$15.135,1440436302727,"1,085,110",Not yet rated,NULL,$20
GNVC,$2.11,1440436302871,"13,602",90% bullish,of 10 ratings,$8.50
GEOS,$15.31,1440436302896,"74,754",100% bearish,of 3 ratings,$25.50
THRM,$43.52,1440436302922,"219,780",75% bearish,of 4 ratings,$55.50
GABC,$29.48,1440436303053,"21,310",Not yet rated,NULL,$31.50
GTWN,NULL,1440436303078,0,Not yet rated,NULL,N/A
GERN,$3.17,1440436303103,"1,098,845",88% bullish,of 16 ratings,$5.25
ROCK,$17.05,1440436303264,"99,251",80% bullish,of 5 ratings,$24
GEVO,$2.54,1440436303312,"802,471",75% bullish,of 12 ratings,$5
GIGM,$0.575,1440436303362,"103,574",100% bullish,of 2 ratings,N/A
GIII,$64.02,1440436303411,"160,838",67% bullish,of 3 ratings,$75
GIGA,$1.37,1440436303495,"66,144",100% bearish,of 1 rating,N/A
GILD,$106.006,1440436303547,"9,412,937",91% bullish,of 87 ratings,$129
GILT,$4.24,1440436303639,"14,798",50% bullish,of 2 ratings,N/A
GBCI,$25.73,1440436303768,"88,164",50% bullish,of 2 ratings,$31
GLAD,$8.35,1440436303861,"131,829",50% bullish,of 2 ratings,$8.75
GOOD,$14.97,1440436303898,"138,913",Not yet rated,NULL,$19
GLADO,$25.45,1440436303924,"2,037",Not yet rated,NULL,N/A
GOODO,$25.1,1440436304062,200,Not yet rated,NULL,N/A
GOODN,$25.25,1440436304083,"1,900",Not yet rated,NULL,N/A
GOODP,$25.073,1440436304166,"1,600",Not yet rated,NULL,N/A
GAINN,$24.95,1440436304216,"21,950",Not yet rated,NULL,N/A
GAINO,$25.25,1440436304348,"2,030",Not yet rated,NULL,N/A
GAINP,$25.75,1440436304374,"10,436",Not yet rated,NULL,N/A
GAIN,$7.48,1440436304402,"343,321",100% bullish,of 2 ratings,$8.25
LAND,$9.2318,1440436304530,"22,563",50% bullish,of 2 ratings,$13.75
GBT,$44,1440436304607,"123,946",100% bearish,of 1 rating,N/A
GLBZ,$12.12,1440436304706,315,Not yet rated,NULL,N/A
ENT,$11.44,1440436304731,"167,160",100% bearish,of 1 rating,$18
GDEF,NULL,1440436304899,0,Not yet rated,NULL,N/A
GPACU,NULL,1440436304926,0,Not yet rated,NULL,N/A
GBLI,$25.07,1440436304952,"2,700",Not yet rated,NULL,N/A
ACTX,$13,1440436305081,"3,025",100% bullish,of 1 rating,N/A
QQQC,$18.085,1440436305117,"18,244",100% bearish,of 1 rating,N/A
GSOL,$7.98,1440436305174,"18,132",100% bearish,of 1 rating,N/A
ALTY,$14.2899,1440436305204,"5,500",Not yet rated,NULL,N/A
SOCL,$16.742,1440436305232,"73,060",100% bullish,of 2 ratings,N/A
SRET,$13.44,1440436305341,"3,966",Not yet rated,NULL,N/A
YLCO,$12.15,1440436305379,985,Not yet rated,NULL,N/A
GAI,$5.67,1440436305474,"10,463",50% bullish,of 2 ratings,N/A
GSM,$13.07,1440436305561,"117,258",50% bullish,of 2 ratings,$23
GBIM,$2.12,1440436305664,"45,361",50% bullish,of 2 ratings,N/A
GLBS,$1.0825,1440436305698,100,67% bullish,of 3 ratings,N/A
GLNG,$34.8516,1440436305991,"599,927",83% bullish,of 6 ratings,$58
GLRI,$1.017,1440436306024,"12,401",100% bearish,of 1 rating,$6
GLYC,$7.06,1440436306073,"9,275",50% bullish,of 2 ratings,$14
GOGO,$16.2,1440436306123,"677,344",80% bullish,of 5 ratings,$25
GLUU,$4.231,1440436306149,"1,469,888",92% bullish,of 26 ratings,$9
GOGL,$2.74,1440436306206,"229,372",75% bullish,of 4 ratings,$5
GMLP,$18.34,1440436306233,"145,855",50% bullish,of 4 ratings,$32.50
GBDC,$16.52,1440436306260,"150,731",Not yet rated,NULL,$17.75
GLDC,$4.07,1440436306456,300,50% bullish,of 2 ratings,N/A
GTIM,$6.46,1440436306543,"19,186",Not yet rated,NULL,$11.50
GOOG,$609.845,1440436306568,"1,740,690",89% bullish,of 70 ratings,$825
GDEN,$8.68,1440436306593,"5,600",50% bullish,of 2 ratings,N/A
GPRO,$50.2011,1440436306783,"5,559,655",78% bullish,of 58 ratings,$72
GOOGL,$640.9357,1440436306810,"1,863,179",88% bullish,of 1080 ratings,$749
GPIA,$9.75,1440436307015,20,Not yet rated,NULL,N/A
GMAN,$4.2,1440436307049,"30,839",60% bullish,of 5 ratings,$8
LOPE,$37.18,1440436307081,"126,222",100% bearish,of 2 ratings,$50
GRVY,$3.29,1440436307112,809,50% bullish,of 2 ratings,N/A
GPIAU,$9.99,1440436307163,"21,401",Not yet rated,NULL,N/A
GBSN,$1.15,1440436307193,"294,559",100% bearish,of 1 rating,$8.25
GPIAW,NULL,1440436307215,0,Not yet rated,NULL,N/A
GBSNU,$16.99,1440436307396,"6,138",Not yet rated,NULL,N/A
GLDD,$5.4,1440436307575,"157,100",100% bearish,of 4 ratings,$7.75
GSBC,$40.31,1440436307600,"10,154",100% bullish,of 1 rating,$44
GNBC,$11.45,1440436307627,"37,585",100% bearish,of 1 rating,$17
GRBK,$12.9,1440436307756,"141,126",77% bullish,of 13 ratings,N/A
GPP,$14.2976,1440436307892,"54,757",Not yet rated,NULL,$20.50
GPRE,$19.16,1440436307986,"368,880",67% bullish,of 6 ratings,$28.50
GRFS,$30.96,1440436308018,"141,990",50% bullish,of 2 ratings,$35
GCBC,$27.51,1440436308050,190,100% bullish,of 1 rating,N/A
GRIF,$30.04,1440436308076,747,100% bearish,of 1 rating,N/A
GLRE,$24.68,1440436308098,"90,251",50% bullish,of 2 ratings,$41
OMAB,$37.96,1440436308136,"55,655",100% bullish,of 1 rating,$44
GGAL,$17.84,1440436308233,"244,746",80% bullish,of 5 ratings,$40
GRPN,$4.09,1440436308262,"4,753,507",61% bullish,of 71 ratings,$6.75
GSIG,$12.6,1440436308404,"26,973",100% bearish,of 2 ratings,N/A
GSIT,$4.75,1440436308548,52,100% bearish,of 1 rating,N/A
GBNK,$15.5,1440436308739,"9,406",100% bearish,of 1 rating,$18
GSVC,$8.49,1440436308769,"173,273",50% bullish,of 2 ratings,$14.50
GUID,$7.34,1440436308871,"89,175",100% bearish,of 3 ratings,$10
GTXI,$0.7614,1440436308899,"83,249",100% bullish,of 5 ratings,$.75
GULTU,$0.278,1440436308925,"146,088",100% bearish,of 1 rating,N/A
GFED,$14.6,1440436308963,"1,271",Not yet rated,NULL,$17
GIFI,$11.9,1440436309070,"25,780",100% bearish,of 1 rating,$16
GWPH,$103.08,1440436309108,"206,187",78% bullish,of 9 ratings,$148.50
GURE,$1.55,1440436309133,"58,764",88% bullish,of 8 ratings,N/A
GPOR,$33.55,1440436309158,"683,051",75% bullish,of 4 ratings,$55
GWGH,NULL,1440436309337,0,100% bearish,of 1 rating,$15.05
GYRO,$2.9,1440436309400,200,100% bearish,of 1 rating,N/A
HEES,$16.93,1440436309597,"158,739",67% bearish,of 3 ratings,$31
HLG,$9.39,1440436309651,17,100% bearish,of 1 rating,N/A
HNRG,$7.15,1440436309831,"76,491",100% bearish,of 1 rating,$10
HALL,$11.55,1440436309890,"11,808",Not yet rated,NULL,N/A
HMPR,$1.9,1440436309916,"119,973",100% bullish,of 1 rating,N/A
HALO,$17.63,1440436309963,"633,853",67% bullish,of 3 ratings,$22.50
HBK,$13.2778,1440436310092,100,50% bullish,of 2 ratings,N/A
HBHCL,$24.2399,1440436310118,"37,288",Not yet rated,NULL,N/A
HQCL,$8.32,1440436310153,"21,508",67% bullish,of 3 ratings,$14
HBHC,$26.185,1440436310174,"293,594",50% bullish,of 2 ratings,$30
HNSN,$0.4984,1440436310249,"89,009",88% bullish,of 8 ratings,$.40
HAFC,$24.07,1440436310310,"78,124",100% bullish,of 2 ratings,$28.50
HNH,$26.0101,1440436310339,"8,677",100% bullish,of 1 rating,N/A
HLIT,$5.63,1440436310367,"138,539",100% bearish,of 1 rating,$6.50
HRMN,NULL,1440436310529,0,Not yet rated,NULL,N/A
HDNG,$9.79,1440436310587,"11,221",50% bullish,of 4 ratings,N/A
HART,$0.8301,1440436310774,"104,301",100% bearish,of 1 rating,N/A
HRMNW,NULL,1440436310803,0,Not yet rated,NULL,N/A
TINY,$2.47,1440436310856,"25,175",50% bullish,of 2 ratings,$5.26
HRMNU,$10.19,1440436310883,300,Not yet rated,NULL,N/A
HCAP,$12.34,1440436310908,"19,677",50% bullish,of 2 ratings,$15
HBIO,$4.46,1440436311130,"47,404",Not yet rated,NULL,$10
HCAPL,$25.16,1440436311184,"6,727",Not yet rated,NULL,N/A
HA,$22.825,1440436311216,"642,107",67% bullish,of 9 ratings,$27
HAS,$73.28,1440436311248,"911,341",63% bullish,of 8 ratings,$84.50
HCOM,$22.27,1440436311274,704,100% bearish,of 1 rating,$28
HWKN,$37.58,1440436311301,"4,785",Not yet rated,NULL,N/A
HWBK,$13.117,1440436311351,660,100% bearish,of 1 rating,N/A
HAYN,$37.58,1440436311456,"38,937",100% bearish,of 1 rating,$59
HDS,$32.27,1440436311679,"1,073,129",100% bearish,of 2 ratings,$39.50
HCSG,$33.59,1440436311816,"209,635",50% bullish,of 4 ratings,$35
HIIQ,$4.36,1440436311837,"11,816",50% bullish,of 2 ratings,$7
HTLD,$20.7108,1440436311920,"240,160",Not yet rated,NULL,$22.50
HSTM,$24.9,1440436311968,"30,748",50% bullish,of 2 ratings,$33.75
HWAY,$12.43,1440436311997,"135,338",100% bearish,of 1 rating,$15
HTWR,$82.44,1440436312023,"41,466",50% bullish,of 2 ratings,$103
HSII,$20.0001,1440436312102,"26,706",100% bullish,of 3 ratings,$25
HQY,$29.1,1440436312158,"145,380",67% bullish,of 3 ratings,$31
HTLF,$36.11,1440436312303,"27,691",100% bullish,of 1 rating,$39.50
HELE,$85.25,1440436312336,"128,842",67% bearish,of 3 ratings,$100
HMTV,$12.78,1440436312368,"10,843",100% bearish,of 1 rating,$16
HNNA,$24.94,1440436312437,"6,024",Not yet rated,NULL,N/A
HTBX,$5.16,1440436312464,"12,413",50% bullish,of 2 ratings,$15.50
HMNY,$2.15,1440436312495,"2,480",100% bearish,of 1 rating,N/A
HCACU,$10.008,1440436312686,"1,500",Not yet rated,NULL,N/A
HERO,NULL,1440436312755,0,NULL,NULL,NULL
HFWA,$17.63,1440436312884,"22,102",100% bullish,of 1 rating,$20
HTBK,$11.12,1440436312988,"20,331",Not yet rated,NULL,$12
MLHR,$28.1,1440436313013,"78,829",50% bullish,of 2 ratings,$33.50
HSIC,$136.22,1440436313042,"286,292",83% bullish,of 6 ratings,$146
HEOP,$7.4,1440436313218,"3,320",Not yet rated,NULL,$8.50
HCCI,$11.37,1440436313272,"5,987",100% bearish,of 1 rating,$16.50
HRTX,$36.76,1440436313301,"564,821",67% bullish,of 6 ratings,$41
HSKA,$32.71,1440436313336,"18,827",100% bearish,of 1 rating,$38
HPJ,$2.19,1440436313433,"54,216",75% bullish,of 4 ratings,$12.43
HFFC,$15.86,1440436313460,657,Not yet rated,NULL,N/A
HIBB,$37.3901,1440436313487,"262,439",100% bearish,of 1 rating,$48.50
HIMX,$6.3401,1440436313738,"1,099,131",86% bullish,of 21 ratings,$8.50
HIHO,$3.8699,1440436313778,"28,521",Not yet rated,NULL,N/A
HSGX,$5.46,1440436313839,"10,570",100% bearish,of 1 rating,$17
HMNF,$11.15,1440436313880,300,Not yet rated,NULL,N/A
HOLI,$16.895,1440436313973,"301,084",50% bullish,of 4 ratings,$27
HMSY,$10.8,1440436314014,"1,765,669",67% bullish,of 3 ratings,$19.35
HOLX,$38.52,1440436314117,"1,131,731",67% bullish,of 3 ratings,$42
HIFS,$118.588,1440436314160,772,Not yet rated,NULL,N/A
HFBL,NULL,1440436314334,0,Not yet rated,NULL,N/A
HOMB,$38.79,1440436314442,"103,283",Not yet rated,NULL,$41
HBCP,$24,1440436314476,400,Not yet rated,NULL,$29
AWAY,$28.44,1440436314508,"611,372",67% bullish,of 3 ratings,$36
HMST,$21.91,1440436314529,"50,680",100% bullish,of 2 ratings,$27
HMIN,$26.99,1440436314558,"218,045",100% bearish,of 2 ratings,$35
HTBI,$18.2,1440436314588,"29,312",67% bullish,of 3 ratings,$18.625
HKTV,$4.413,1440436314865,"29,593",100% bearish,of 1 rating,N/A
CETC,$0.75,1440436315018,"88,489",86% bullish,of 7 ratings,N/A
HOFT,$24.07,1440436315043,"23,191",100% bearish,of 1 rating,N/A
HFBC,$11.29,1440436315069,"5,605",Not yet rated,NULL,N/A
HDP,$24.115,1440436315118,"173,422",67% bearish,of 3 ratings,$30.50
HZNP,$28.6501,1440436315203,"1,599,277",85% bullish,of 20 ratings,$40
HMHC,$22.32,1440436315254,"298,327",Not yet rated,NULL,$27
HBNC,$24.13,1440436315283,"15,701",100% bullish,of 1 rating,$27
HRZN,$10.355,1440436315314,"56,558",100% bearish,of 1 rating,$14.25
ZINC,$7.24,1440436315411,"426,080",100% bearish,of 1 rating,$17
HSNI,$60.18,1440436315440,"78,669",Not yet rated,NULL,$80
HBMD,$14.07,1440436315567,"1,599",100% bearish,of 1 rating,N/A
HWCC,$7.25,1440436315666,"80,250",100% bearish,of 1 rating,$9
HTGM,$5.27,1440436315709,"8,261",100% bearish,of 1 rating,$19.50
HOVNP,$4.9999,1440436315757,"2,018",100% bearish,of 1 rating,N/A
HUBG,$39.16,1440436315890,"77,070",100% bearish,of 1 rating,$43
HCBK,$9.31,1440436315961,"967,196",83% bullish,of 6 ratings,$8.61
HDSN,$2.9,1440436316066,"46,086",100% bullish,of 1 rating,$6.25
HSON,$2.63,1440436316132,"6,675",100% bearish,of 1 rating,$5
HURN,$73.39,1440436316157,"79,866",50% bullish,of 2 ratings,$80
HBANP,$1332,1440436316197,96,100% bearish,of 1 rating,N/A
HBAN,$10.73,1440436316225,"4,827,603",76% bullish,of 17 ratings,$12.29
HURC,$29.78,1440436316359,"6,041",100% bearish,of 1 rating,N/A
HTCH,$1.54,1440436316387,"40,399",100% bearish,of 1 rating,$3.50
HBP,$3.04,1440436316532,"5,708",100% bullish,of 1 rating,N/A
HDRA,NULL,1440436316587,0,Not yet rated,NULL,N/A
HDRAR,NULL,1440436316800,0,Not yet rated,NULL,N/A
HDRAW,$0.25,1440436316849,11,Not yet rated,NULL,N/A
HDRAU,$10.2,1440436316874,200,Not yet rated,NULL,N/A
IACI,$69.72,1440436317007,"432,085",75% bullish,of 4 ratings,$90
IDSY,$3.69,1440436317036,"15,043",100% bearish,of 1 rating,$7
HYGS,$7.6,1440436317139,"34,204",50% bullish,of 2 ratings,$13
IBKC,$58.43,1440436317177,"105,848",100% bullish,of 1 rating,$70
IEP,$68,1440436317323,"116,135",75% bullish,of 4 ratings,$99
IKGH,$1.5758,1440436317392,"16,274",75% bullish,of 4 ratings,N/A
ICFI,$34.54,1440436317536,"40,894",50% bullish,of 2 ratings,$48.50
ICAD,$3.3722,1440436317667,"63,039",50% bullish,of 2 ratings,$7.25
ICUI,$111.2,1440436317814,"60,046",Not yet rated,NULL,$122
ICLR,$76.7625,1440436317839,"219,525",100% bearish,of 3 ratings,$85
ICON,$12.45,1440436317887,"390,784",50% bullish,of 2 ratings,$18.50
INVE,$4.5201,1440436318032,"27,562",75% bullish,of 4 ratings,$4
IPWR,$7.2,1440436318135,"8,017",100% bullish,of 1 rating,$15
IDXX,$72.83,1440436318174,"339,081",100% bearish,of 1 rating,$77
IROQ,$16.5,1440436318264,"3,301",100% bullish,of 1 rating,N/A
IDRA,$2.564,1440436318350,"518,135",89% bullish,of 9 ratings,$6.50
KANG,$13.96,1440436318393,"441,656",50% bullish,of 2 ratings,$22.55
DSKY,$11.6,1440436318422,"327,186",67% bullish,of 6 ratings,$11.50
IKAN,$2.721,1440436318450,"14,300",83% bullish,of 6 ratings,$5
IRG,$4.68,1440436318493,"35,105",100% bearish,of 1 rating,$4.50
IIVI,$17.131,1440436318592,"80,677",100% bearish,of 1 rating,$22
RXDX,$13.47,1440436318621,"110,522",100% bullish,of 1 rating,$20
IKNX,$11.33,1440436318795,400,100% bearish,of 1 rating,N/A
ILMN,$197.83,1440436318986,"718,702",80% bullish,of 5 ratings,$240
IMMU,$1.88,1440436319151,"279,580",86% bullish,of 7 ratings,$2
IMMR,$11.61,1440436319183,"65,593",80% bullish,of 5 ratings,$15.50
IMNP,$1.2,1440436319204,"165,098",50% bullish,of 2 ratings,$6
IMGN,$13.81,1440436319234,"672,029",75% bullish,of 4 ratings,$17.50
ISNS,$3.64,1440436319255,"50,026",50% bullish,of 2 ratings,N/A
ICCC,$7.67,1440436319286,"4,795",100% bullish,of 1 rating,N/A
IPXL,$43.05,1440436319431,"293,438",67% bullish,of 3 ratings,$46.50
IMDZ,$15.87,1440436319458,"40,723",100% bearish,of 1 rating,$33
INCY,$100.51,1440436319604,"596,146",50% bullish,of 6 ratings,$125.50
INCR,$40.9975,1440436319634,"178,402",50% bullish,of 2 ratings,$53
IMMY,$7.4161,1440436319663,"6,402",100% bearish,of 1 rating,$11
SAAS,$7.72,1440436319707,"161,728",50% bullish,of 2 ratings,$15
INDB,$45.48,1440436319792,"34,497",Not yet rated,NULL,$44
IBCP,$14.002,1440436320041,"51,662",100% bullish,of 1 rating,$14.50
IBTX,$41.28,1440436320145,"17,189",100% bullish,of 2 ratings,$47.25
IDSA,$3.52,1440436320171,"3,800",Not yet rated,NULL,N/A
INFN,$20.49,1440436320250,"1,288,999",71% bullish,of 7 ratings,$28
IMKTA,$51.42,1440436320306,"47,082",100% bearish,of 1 rating,N/A
INFI,$9.04,1440436320380,"370,710",50% bullish,of 4 ratings,$18
III,$4.021,1440436320438,"36,357",57% bullish,of 7 ratings,$6
IPCC,$78.81,1440436320467,"14,033",Not yet rated,NULL,$77.50
INWK,$7.2,1440436320523,"59,382",50% bullish,of 2 ratings,$10
IFON,$1.16,1440436320678,"45,834",75% bullish,of 4 ratings,N/A
INOD,$2.5,1440436320820,"3,100",100% bearish,of 1 rating,N/A
INNL,$12.22,1440436320847,955,100% bearish,of 1 rating,$16.50
IPHS,$46.68,1440436320875,"45,027",100% bearish,of 1 rating,$60
IOSP,$47.63,1440436320901,"156,722",100% bearish,of 1 rating,N/A
ISSC,$2.88,1440436321033,"4,539",67% bearish,of 3 ratings,N/A
INGN,$48.48,1440436321069,"128,490",100% bearish,of 1 rating,$50.50
INOV,$20.87,1440436321284,"136,853",100% bearish,of 1 rating,$33
ITEK,$12.7,1440436321313,"373,702",100% bearish,of 3 ratings,$20
INO,$6.95,1440436321412,"806,052",89% bullish,of 18 ratings,$20
NSIT,$25.675,1440436321880,"31,366",50% bullish,of 2 ratings,N/A
ISIG,$2.6,1440436321923,"20,375",100% bearish,of 1 rating,N/A
INSY,$32.365,1440436321954,"262,656",75% bullish,of 4 ratings,$48
INSM,$23.46,1440436322011,"299,710",71% bullish,of 7 ratings,$31.50
IIIN,$17.31,1440436322055,"11,302",100% bearish,of 2 ratings,N/A
PODD,$28.29,1440436322082,"131,393",50% bullish,of 2 ratings,$35
NTEC,$5.67,1440436322293,"16,600",100% bearish,of 1 rating,N/A
IDTI,$17.925,1440436322372,"1,265,873",60% bullish,of 5 ratings,$25
IESC,$7.0801,1440436322421,"1,705",100% bearish,of 1 rating,N/A
IART,$60.23,1440436322527,"91,423",100% bearish,of 1 rating,$71.50
ISSI,$22.09,1440436322660,"252,195",67% bullish,of 3 ratings,$19.75
IQNT,$18.97,1440436322687,"103,700",86% bullish,of 7 ratings,$20
INTC,$27.5599,1440436322712,"25,812,459",82% bullish,of 238 ratings,$36
IPCI,$2.06,1440436322841,"87,991",67% bullish,of 6 ratings,$7.75
IPAR,$26.09,1440436322889,"30,941",67% bullish,of 3 ratings,$38
IBKR,$37.71,1440436322987,"596,573",100% bullish,of 1 rating,N/A
ININ,$36.86,1440436323017,"26,107",67% bearish,of 3 ratings,$57
ICLD,$1.77,1440436323086,"212,058",75% bullish,of 4 ratings,N/A
TILE,$24.34,1440436323193,"174,393",67% bearish,of 3 ratings,$27
IDCC,$47.11,1440436323234,"174,441",80% bullish,of 5 ratings,$63
ICLDW,NULL,1440436323340,0,100% bearish,of 1 rating,N/A
IMI,$2.021,1440436323474,"14,104",67% bullish,of 3 ratings,$2.22
ICPT,$190.895,1440436323534,"176,693",70% bullish,of 10 ratings,$359.50
INAP,$8.09,1440436323559,"56,995",75% bullish,of 4 ratings,$11
IGLD,$6.0099,1440436323752,"4,425",50% bullish,of 2 ratings,N/A
ISCA,$31.32,1440436323779,"23,276",100% bearish,of 1 rating,N/A
IBOC,$25.38,1440436323824,"51,035",100% bearish,of 1 rating,N/A
PTNT,$2.99,1440436323907,"1,700",Not yet rated,NULL,N/A
IIJI,$8.99,1440436323932,100,50% bullish,of 2 ratings,$11.50
INPH,$0.2801,1440436323990,"25,700",50% bullish,of 2 ratings,N/A
INTX,$2.1799,1440436324123,"10,643",67% bullish,of 3 ratings,N/A
XENT,$26.29,1440436324183,"120,167",50% bullish,of 2 ratings,$36.50
ISIL,$10.56,1440436324280,"667,188",50% bullish,of 6 ratings,$15
IILG,$19.62,1440436324423,"40,279",100% bearish,of 1 rating,$29
INTL,$26.59,1440436324617,"55,539",67% bearish,of 3 ratings,N/A
ITCI,$26.8601,1440436324642,"196,133",75% bearish,of 4 ratings,$40
INTLL,$25.1999,1440436324669,"6,438",Not yet rated,NULL,N/A
IVAC,$4.79,1440436324695,"6,886",100% bearish,of 1 rating,$6.625
INTU,$86.56,1440436324838,"1,867,326",86% bullish,of 7 ratings,$107.50
ISRG,$499,1440436324863,"96,518",67% bullish,of 3 ratings,$600
IIN,$6.26,1440436324903,"2,724",100% bearish,of 1 rating,$12
INVT,$0.2406,1440436325035,"167,521",67% bullish,of 3 ratings,N/A
SNAK,$8.6,1440436325106,"65,919",50% bullish,of 2 ratings,$14
ITIC,NULL,1440436325189,0,100% bearish,of 2 ratings,N/A
ISTR,$15.51,1440436325217,2,100% bearish,of 1 rating,$18.50
ISBC,$11.69,1440436325346,"1,680,809",100% bullish,of 1 rating,$13.25
NVIV,$10.18,1440436325610,"413,129",50% bullish,of 4 ratings,$24.50
IVTY,$12.32,1440436325803,"9,805",Not yet rated,NULL,$18
IPAS,$1.01,1440436325861,"64,684",67% bullish,of 3 ratings,N/A
DTUL,$66.22,1440436325957,200,Not yet rated,NULL,N/A
DFVL,$67.82,1440436326043,101,Not yet rated,NULL,N/A
IPCM,$79.48,1440436326072,"102,013",50% bullish,of 2 ratings,$80.125
IRMD,$25.41,1440436326147,"5,348",67% bearish,of 3 ratings,$25
IPGP,$84.76,1440436326172,"190,442",100% bearish,of 2 ratings,$109.50
IRIX,$7,1440436326215,"2,400",100% bearish,of 1 rating,N/A
IRDMB,$267.406,1440436326241,200,67% bearish,of 3 ratings,N/A
IRWD,$11.03,1440436326441,"398,306",100% bearish,of 1 rating,$13
IRDM,$6.88,1440436326466,"316,032",60% bullish,of 5 ratings,$11.50
IRBT,$29.9925,1440436326511,"152,842",67% bullish,of 6 ratings,$37
COMT,$31.54,1440436326678,"10,551",100% bearish,of 1 rating,N/A
IRCP,$24.75,1440436326822,"13,435",100% bullish,of 2 ratings,N/A
GNMA,$50.52,1440436327013,"4,255",Not yet rated,NULL,N/A
FCHI,NULL,1440436327890,0,NULL,NULL,NULL
IFAS,NULL,1440436328465,0,NULL,NULL,NULL
IFNA,NULL,1440436328656,0,NULL,NULL,NULL
AAIT,NULL,1440436328859,0,NULL,NULL,NULL
IFEU,$39.0474,1440436328885,"10,131",Not yet rated,NULL,N/A
AAXJ,$51.15,1440436329014,"1,368,025",Not yet rated,NULL,N/A
ACWI,$54.88,1440436329043,"1,347,714",Not yet rated,NULL,N/A
AXJS,NULL,1440436329100,0,NULL,NULL,NULL
IFGL,$28.058,1440436329149,"41,807",Not yet rated,NULL,N/A
ACWX,$39.8,1440436329173,"441,818",100% bearish,of 1 rating,N/A
EEMA,$47.755,1440436329231,"19,699",Not yet rated,NULL,N/A
EMDI,NULL,1440436329376,0,NULL,NULL,NULL
EEME,NULL,1440436329400,0,NULL,NULL,NULL
EMEY,NULL,1440436329531,0,NULL,NULL,NULL
EGRW,NULL,1440436329558,0,NULL,NULL,NULL
EVAL,NULL,1440436329663,0,NULL,NULL,NULL
EEML,$26.15,1440436329739,236,Not yet rated,NULL,N/A
EUFN,$21.6009,1440436330291,"307,053",100% bearish,of 1 rating,N/A
IEUS,$44.67,1440436330320,"7,325",100% bearish,of 1 rating,N/A
QAT,$19.96,1440436330345,35,Not yet rated,NULL,N/A
IBB,$337.982,1440436330372,"1,730,492",63% bullish,of 8 ratings,N/A
UAE,$16.514,1440436330425,"7,628",Not yet rated,NULL,N/A
SOXX,$79.97,1440436330506,"520,567",50% bullish,of 2 ratings,N/A
EMIF,$27.24,1440436330567,"2,689",Not yet rated,NULL,N/A
ICLN,$9.13,1440436330699,"100,838",50% bullish,of 2 ratings,N/A
INDY,$26.625,1440436330916,"598,674",50% bullish,of 2 ratings,N/A
WOOD,$47.9607,1440436331122,"71,444",50% bullish,of 2 ratings,N/A
IGOV,$93.21,1440436331540,"19,342",100% bearish,of 1 rating,N/A
ISIS,$46.115,1440436331599,"935,227",53% bullish,of 15 ratings,$67
ISHG,$81.44,1440436331645,"9,229",100% bearish,of 1 rating,N/A
ISRL,$125.52,1440436332183,100,100% bearish,of 1 rating,N/A
ISLE,$16.3,1440436332281,"209,863",50% bullish,of 4 ratings,$16
ITRI,$31.24,1440436332516,"195,214",Not yet rated,NULL,$37
ITUS,$4,1440436332542,"1,909",Not yet rated,NULL,N/A
ITRN,$23.7,1440436332569,"11,196",50% bullish,of 2 ratings,N/A
XXIA,$15.15,1440436332714,"143,959",71% bullish,of 7 ratings,$14.625
IXYS,$10.31,1440436332740,"112,172",50% bullish,of 4 ratings,N/A
JJSF,$111.89,1440436332871,"37,764",100% bearish,of 1 rating,N/A
MAYS,$59.1,1440436333015,200,Not yet rated,NULL,N/A
JBHT,$76.17,1440436333155,"409,875",50% bullish,of 4 ratings,$89.50
JCOM,$69.18,1440436333204,"78,299",100% bullish,of 2 ratings,$77
JKHY,$67.16,1440436333229,"186,332",50% bullish,of 2 ratings,$72
JASO,$7.195,1440436333374,"747,258",82% bullish,of 17 ratings,$10
JACK,$80.425,1440436334086,"501,658",83% bullish,of 6 ratings,$105
JAXB,NULL,1440436334419,0,100% bullish,of 1 rating,N/A
JXSB,$23.7,1440436334445,"3,280",Not yet rated,NULL,N/A
JMBA,$13.35,1440436334712,"77,825",75% bullish,of 4 ratings,$18
JRVR,$26.45,1440436334848,"24,794",Not yet rated,NULL,$32
JAKK,$9.39,1440436334875,"386,547",60% bearish,of 5 ratings,$11
JAGX,$2.7,1440436334897,710,Not yet rated,NULL,N/A
ERW,NULL,1440436334930,0,Not yet rated,NULL,N/A
JASNW,NULL,1440436335027,0,50% bullish,of 2 ratings,N/A
JASN,$4.75,1440436335056,"16,149",50% bullish,of 2 ratings,$9.50
JAZZ,$170.11,1440436335081,"270,740",80% bullish,of 15 ratings,$206.50
JD,$24.77,1440436335131,"7,535,760",75% bullish,of 16 ratings,$36
JBLU,$21.65,1440436335284,"5,915,319",94% bullish,of 18 ratings,$27
JTPY,$3.02,1440436335416,"2,421",100% bearish,of 1 rating,N/A
DATE,$5.86,1440436335441,"127,749",75% bullish,of 4 ratings,$9
JCTCF,$9.514,1440436335485,100,100% bullish,of 1 rating,N/A
JIVE,$4.15,1440436335864,"310,586",75% bullish,of 4 ratings,$5
WYIGU,$10.05,1440436335917,"4,259",Not yet rated,NULL,N/A
JST,$3.74,1440436335946,"27,993",75% bullish,of 4 ratings,N/A
JNP,$9.57,1440436335994,"31,568",100% bullish,of 3 ratings,$15
JOEZ,$0.1697,1440436336050,"204,112",92% bullish,of 12 ratings,N/A
JUNO,$36.6868,1440436336086,"1,000,450",73% bullish,of 11 ratings,$71.50
JOUT,$22.85,1440436336120,"11,260",100% bearish,of 1 rating,$34
JBSS,$48.52,1440436336146,"12,687",67% bearish,of 3 ratings,N/A
KBIO,$1.87,1440436336447,"170,392",50% bullish,of 4 ratings,N/A
