Symbol,Price,Date,Volume,Rating,RatingVoteCount,OneYearEstimate
FLWS,$8.66,1440789302832,"492,664",80% bullish,of 5 ratings,$15
PIH,$7.54,1440789302864,"9,400",100% bearish,of 1 rating,N/A
TFSCU,NULL,1440789302897,0,Not yet rated,NULL,N/A
FCCY,NULL,1440789302934,0,100% bullish,of 1 rating,$13
FCTY,$7.75,1440789302959,"3,100",100% bullish,of 1 rating,$8.50
TFSCW,$0.21,1440789302991,"1,200",100% bearish,of 1 rating,N/A
TFSC,NULL,1440789303017,0,100% bearish,of 1 rating,N/A
TFSCR,NULL,1440789303041,0,Not yet rated,NULL,N/A
UGLD,$9.3005,1440789303247,"281,823",100% bearish,of 1 rating,N/A
DSLV,$69.6171,1440789303295,"7,031",100% bearish,of 1 rating,N/A
DGLD,$81.1299,1440789303383,"16,538",100% bullish,of 1 rating,N/A
TWOU,$35.1,1440789303408,"104,927",50% bullish,of 2 ratings,$39
USLV,$12.4333,1440789303447,"223,978",86% bullish,of 7 ratings,N/A
SRCE,$29.39,1440789303474,"21,808",100% bullish,of 3 ratings,$33
JOBS,$27.2,1440789303499,"33,200",50% bullish,of 4 ratings,$36
VNET,$18.1,1440789303546,"416,469",60% bullish,of 5 ratings,$35
EGHT,$7.87,1440789303884,"142,233",82% bullish,of 17 ratings,$11
AAON,$20.53,1440789303909,"46,636",100% bearish,of 1 rating,$24
AVHI,$13.95,1440789304098,"9,031",100% bearish,of 1 rating,$19
SHLM,$34.13,1440789304132,"23,224",100% bearish,of 1 rating,$47
ABEO,$4.7869,1440789304154,"36,330",50% bullish,of 4 ratings,$15.50
CAFD,$15.02,1440789304217,"135,430",Not yet rated,NULL,$25
SIXD,$2.68,1440789304244,"88,164",Not yet rated,NULL,N/A
ABGB,$5.65,1440789304285,"28,463",67% bullish,of 3 ratings,$5.50
ABAX,$47.44,1440789304314,"61,555",100% bearish,of 1 rating,$60
ABY,$22.93,1440789304342,"301,397",100% bearish,of 2 ratings,$46
ABEOW,$1.8301,1440789304476,"1,961",100% bullish,of 1 rating,N/A
AXAS,$1.92,1440789304502,"768,547",78% bullish,of 9 ratings,$3.50
ACHC,$74.32,1440789304760,"218,125",50% bullish,of 2 ratings,$92
ACTG,$9.3708,1440789304786,"119,250",67% bullish,of 3 ratings,$18.50
ACAD,$37.96,1440789304819,"268,314",80% bullish,of 20 ratings,$48
ABMD,$98.14,1440789304922,"210,874",75% bullish,of 4 ratings,$100.50
AXDX,$18.9696,1440789304949,"77,045",100% bearish,of 1 rating,N/A
ACST,$0.3553,1440789304974,"1,256",100% bullish,of 2 ratings,N/A
XLRN,$29.38,1440789305003,"64,899",50% bullish,of 2 ratings,$57
ANCX,$20.2,1440789305024,"16,835",Not yet rated,NULL,$20
ARAY,$6.79,1440789305156,"483,080",100% bearish,of 1 rating,$10.50
VXDN,$1.951,1440789305189,"22,899",100% bearish,of 1 rating,N/A
ACET,$22.7576,1440789305290,"50,223",75% bullish,of 4 ratings,$30
VXUP,$1.58,1440789305354,"35,176",100% bearish,of 1 rating,N/A
ACRX,$4.27,1440789305391,"273,093",67% bearish,of 6 ratings,$5.50
AKAO,$7.02,1440789305427,"24,663",75% bullish,of 4 ratings,$15
ACHN,$7.71,1440789305456,"1,109,080",90% bullish,of 21 ratings,$16
ACIW,$21.4298,1440789305656,"176,540",67% bearish,of 3 ratings,$24
ACTS,$1.61,1440789305754,"41,148",100% bearish,of 1 rating,N/A
ACOR,$32.615,1440789305783,"388,029",67% bearish,of 3 ratings,$38.50
ACNB,$19.82,1440789305912,"2,970",Not yet rated,NULL,N/A
ATVI,$29.705,1440789305941,"27,849,271",68% bullish,of 84 ratings,$31.50
ACUR,$2.6676,1440789305970,"45,947",100% bullish,of 5 ratings,$1
ACPW,$1.81,1440789305991,"26,970",100% bullish,of 4 ratings,$3.50
ACXM,$21.11,1440789306023,"125,866",67% bullish,of 3 ratings,N/A
ACTA,$13.9289,1440789306169,"71,056",67% bearish,of 3 ratings,$25
ADMS,$20.55,1440789306247,"52,590",100% bearish,of 2 ratings,$36
ADMP,$3.7,1440789306272,"10,210",50% bullish,of 2 ratings,$10
AEY,$2.38,1440789306308,"3,181",100% bearish,of 2 ratings,N/A
ADAP,$11.49,1440789306405,"57,144",67% bullish,of 3 ratings,$22
ADUS,$28.5,1440789306435,"13,591",100% bearish,of 1 rating,$31
ADEP,$6.87,1440789306483,"15,358",50% bullish,of 2 ratings,$10.75
ADMA,$9.347,1440789306535,"11,548",Not yet rated,NULL,$19
ADBE,$79.195,1440789306751,"1,109,048",65% bullish,of 17 ratings,$90
ADRO,$20.59,1440789306808,"122,437",80% bullish,of 5 ratings,$45.50
ADTN,$15.6336,1440789306834,"126,566",67% bullish,of 3 ratings,$17.125
ADXSW,$10.25,1440789306883,"1,450",100% bullish,of 1 rating,N/A
AMD,$1.84,1440789306913,"5,246,752",83% bullish,of 103 ratings,$2
AEIS,$24.33,1440789306973,"92,954",50% bullish,of 2 ratings,$32.50
ADXS,$14.8637,1440789307011,"335,378",64% bullish,of 14 ratings,$27
MULT,NULL,1440789307054,0,100% bearish,of 1 rating,N/A
AEGR,$17.545,1440789307184,"172,277",50% bullish,of 6 ratings,$26
YPRO,$23.25,1440789307281,"3,531",100% bearish,of 1 rating,N/A
AEGN,$18.27,1440789307346,"40,742",100% bearish,of 2 ratings,$21
AEHR,$2.38,1440789307371,"1,400",50% bullish,of 2 ratings,N/A
AMTX,$3.17,1440789307412,"24,459",50% bullish,of 2 ratings,$26.11
AEPI,$53.84,1440789307437,"6,331",100% bearish,of 1 rating,N/A
AERI,$16.7612,1440789307467,"283,194",75% bullish,of 4 ratings,$31.50
AVAV,$24.12,1440789307573,"37,691",50% bullish,of 4 ratings,$31
AFFX,$9.4,1440789307801,"127,679",80% bullish,of 5 ratings,$12.50
AEMD,$7.33,1440789307830,"84,759",Not yet rated,NULL,$27.50
AEZS,$0.087,1440789307851,"9,086,291",90% bullish,of 21 ratings,$1.50
AFMD,$10.39,1440789307909,"95,906",50% bullish,of 4 ratings,$15
AGEN,$7.225,1440789307986,"443,944",85% bullish,of 13 ratings,$14
AGIO,$90.48,1440789308044,"130,792",88% bullish,of 8 ratings,$114
AGYS,$10.2,1440789308069,"7,988",100% bearish,of 1 rating,N/A
AGRX,$8.78,1440789308119,"15,365",100% bearish,of 1 rating,$17.50
AGFS,$9.99,1440789308262,"114,660",100% bearish,of 1 rating,N/A
AIMT,$21.13,1440789308323,"127,013",Not yet rated,NULL,N/A
AIRM,$37.5941,1440789308485,"123,719",80% bearish,of 5 ratings,$53
ATSG,$8.92,1440789308511,"64,490",67% bullish,of 3 ratings,$13
AIRT,$21.67,1440789308532,100,100% bullish,of 1 rating,N/A
AGFSW,$1.95,1440789308565,"7,700",100% bearish,of 2 ratings,N/A
AMCN,$4.57,1440789308586,"88,475",83% bullish,of 6 ratings,N/A
AKER,$2.6399,1440789308712,"28,025",Not yet rated,NULL,N/A
AIXG,$6.41,1440789308815,"25,079",67% bearish,of 3 ratings,$5.25
AKRX,$41.095,1440789308878,"234,713",78% bullish,of 9 ratings,$56
AKAM,$71.6362,1440789308910,"818,214",63% bullish,of 8 ratings,$77
ALSK,$2.16,1440789308949,"208,424",78% bullish,of 18 ratings,$2
AKBA,$7.056,1440789308974,"79,658",100% bearish,of 1 rating,$18
ALRM,$16.8,1440789309012,"105,922",100% bearish,of 1 rating,$22
AMRI,$20.491,1440789309163,"90,809",75% bearish,of 4 ratings,$24
ABDC,$12.85,1440789309198,"18,444",Not yet rated,NULL,$15
ADHD,$7.89,1440789309404,"120,248",50% bullish,of 4 ratings,$18
ALDR,$38.48,1440789309466,"146,306",67% bearish,of 3 ratings,$62
ALXN,$178.02,1440789309568,"559,468",88% bullish,of 8 ratings,$223
ALXA,$1.17,1440789309611,"11,153",83% bullish,of 6 ratings,$2.125
ALDX,$7,1440789309648,"15,985",100% bearish,of 1 rating,$14.50
ALGN,$57.2,1440789309677,"115,990",100% bearish,of 2 ratings,$73
ALCO,$42.2,1440789309698,"3,740",50% bullish,of 2 ratings,N/A
ALIM,$3.44,1440789309834,"19,869",80% bullish,of 5 ratings,$10
ALGT,$208.4,1440789309968,"97,195",100% bearish,of 2 ratings,$235
ALKS,$62.7317,1440789310002,"319,178",67% bullish,of 3 ratings,$75
AFOP,$19.02,1440789310032,"76,976",75% bullish,of 8 ratings,$21
ALLB,$22.8,1440789310054,429,Not yet rated,NULL,N/A
AIQ,$14.25,1440789310135,"3,625",67% bullish,of 3 ratings,N/A
AHGP,$36.57,1440789310191,"80,146",67% bullish,of 3 ratings,N/A
AMOT,$18.72,1440789310331,"72,149",100% bearish,of 1 rating,N/A
AHPI,$1.45,1440789310379,101,50% bullish,of 2 ratings,N/A
ARLP,$25.69,1440789310466,"196,889",67% bearish,of 3 ratings,$32
ALLT,$5.46,1440789310502,"130,851",75% bullish,of 4 ratings,$6.25
ALQA,$4.42,1440789310524,"15,414",75% bullish,of 4 ratings,$8.50
ALNY,$109.24,1440789310555,"199,227",67% bullish,of 3 ratings,$148.50
MDRX,$13.74,1440789310592,"473,074",60% bullish,of 5 ratings,$16
AFAM,$45.66,1440789310687,"20,987",50% bullish,of 2 ratings,$44
AOSL,$7.34,1440789310830,"31,437",67% bullish,of 3 ratings,$9
SMCP,NULL,1440789310876,0,Not yet rated,NULL,N/A
AYA,$20.71,1440789311064,"8,078",100% bearish,of 1 rating,$40
ALTR,$48.58,1440789311090,"517,587",80% bearish,of 5 ratings,$54
AIMC,$24.95,1440789311117,"49,600",100% bearish,of 2 ratings,$28.50
ASPS,$25.7,1440789311146,"106,206",67% bullish,of 3 ratings,$46.50
ATEC,$0.57,1440789311182,"55,789",100% bullish,of 1 rating,$2
AMRN,$2.29,1440789311244,"1,068,998",85% bullish,of 39 ratings,$8
AMAG,$65.65,1440789311271,"194,070",100% bullish,of 2 ratings,$77.50
AMRK,$10.328,1440789311298,"1,350",50% bullish,of 2 ratings,$14
AMBCW,$6.75,1440789311449,112,100% bearish,of 1 rating,N/A
AMZN,$514.57,1440789311514,"935,844",81% bullish,of 264 ratings,$646
AMBA,$95.7967,1440789311644,"1,423,679",83% bullish,of 12 ratings,$102.50
EPAX,$2.71,1440789311670,"79,447",100% bearish,of 1 rating,N/A
AMBC,$15.46,1440789311696,"104,682",100% bearish,of 1 rating,$16.50
AMCX,$73.2789,1440789311827,"231,054",67% bullish,of 3 ratings,$87.50
AMDA,$0.4634,1440789311994,"588,298",90% bullish,of 10 ratings,$1
AMED,$39.07,1440789312023,"109,087",100% bearish,of 1 rating,$42
DOX,$57.58,1440789312044,"146,349",67% bearish,of 3 ratings,$60
AMOV,$18.38,1440789312187,"2,314",100% bearish,of 1 rating,N/A
UHAL,$377.4155,1440789312219,"20,254",100% bullish,of 2 ratings,$393.50
ASBI,$22.78,1440789312241,573,Not yet rated,NULL,N/A
ATAX,$5.2799,1440789312277,"69,142",100% bullish,of 1 rating,$6.50
AGNC,$19.39,1440789312298,"1,318,685",71% bullish,of 28 ratings,$22
AGNCB,$24.2701,1440789312429,"12,193",Not yet rated,NULL,N/A
AAL,$38.55,1440789312473,"4,845,675",93% bullish,of 88 ratings,$57
MTGEP,$24.4082,1440789312766,103,Not yet rated,NULL,N/A
AGNCP,$25.34,1440789312835,"4,844",Not yet rated,NULL,N/A
AMIC,NULL,1440789312965,0,Not yet rated,NULL,N/A
MTGE,$15.289,1440789313016,"484,416",75% bullish,of 4 ratings,$19.50
ANCI,$1.55,1440789313053,122,100% bearish,of 1 rating,N/A
AETI,$3.89,1440789313074,100,67% bearish,of 3 ratings,N/A
ACAS,$13.95,1440789313105,"491,897",60% bullish,of 5 ratings,$16.75
AMNB,$23.32,1440789313147,"2,940",Not yet rated,NULL,$25.50
ACSF,$12.37,1440789313172,"20,367",100% bearish,of 1 rating,$15
APEI,$22.47,1440789313376,"23,857",100% bearish,of 1 rating,$25.50
ANAT,$101,1440789313482,"18,611",100% bullish,of 1 rating,N/A
ARII,$40.71,1440789313508,"92,531",67% bearish,of 3 ratings,$45
ASEI,$38.94,1440789313537,"7,456",100% bearish,of 1 rating,$52.50
AMRB,$10.09,1440789313642,"1,207",Not yet rated,NULL,$11
AMSC,$4.65,1440789313703,"61,632",50% bullish,of 4 ratings,N/A
AMSWA,$8.97,1440789313781,"116,050",100% bearish,of 2 ratings,$10.75
CRMT,$35.95,1440789313833,"21,571",100% bearish,of 1 rating,$39
ABCB,$26.72,1440789313884,"54,366",Not yet rated,NULL,$31
ASRV,$3.21,1440789313938,"10,647",100% bullish,of 2 ratings,N/A
AMSF,$46.75,1440789313991,"25,039",Not yet rated,NULL,$57.50
AMWD,$66.73,1440789314070,"35,655",50% bullish,of 2 ratings,$70
ASRVP,NULL,1440789314122,0,Not yet rated,NULL,N/A
ATLO,$23.65,1440789314151,"3,186",Not yet rated,NULL,N/A
FOLD,$14.83,1440789314203,"335,519",56% bullish,of 9 ratings,$21
AMGN,$155.275,1440789314256,"1,958,783",89% bullish,of 19 ratings,$185
AMKR,$5.105,1440789314519,"917,595",100% bearish,of 2 ratings,$5
AMSG,$79.92,1440789314547,"129,614",100% bearish,of 1 rating,$85.50
AMPH,$13.35,1440789314575,"68,973",50% bullish,of 2 ratings,$20
AMSGP,$149.3,1440789314604,"32,958",Not yet rated,NULL,N/A
AFSI,$58.28,1440789314635,"112,382",60% bullish,of 5 ratings,$72
ANAC,$134.83,1440789314704,"183,633",80% bullish,of 5 ratings,$180.50
ASYS,$5.39,1440789314731,"28,320",67% bullish,of 3 ratings,$12
ANAD,$0.33,1440789314800,"86,414",100% bullish,of 2 ratings,$.50
ADI,$56.375,1440789314898,"1,252,996",67% bullish,of 3 ratings,$69
AMRS,$1.71,1440789314927,"36,982",70% bullish,of 10 ratings,N/A
ANCB,$22.1,1440789315031,"29,300",Not yet rated,NULL,$23
ABCW,$40.49,1440789315087,"5,202",67% bullish,of 3 ratings,N/A
AMCF,$0.2366,1440789315181,"1,284",100% bullish,of 7 ratings,N/A
ALOG,$80.22,1440789315315,"39,606",100% bearish,of 2 ratings,$100.50
ANGI,$5.18,1440789315397,"228,810",64% bullish,of 11 ratings,$5.50
ANGO,$14.7,1440789315467,"35,207",67% bullish,of 3 ratings,$19
ANIP,$51.38,1440789315500,"98,823",89% bullish,of 19 ratings,$66
ANSS,$89.641,1440789315604,"143,614",100% bearish,of 1 rating,$100
ANIK,$35.8,1440789315632,"70,960",60% bullish,of 5 ratings,$51.25
ANTH,$7.34,1440789315705,"344,658",80% bullish,of 10 ratings,$13
ATNY,$2.33,1440789315807,"1,599",50% bullish,of 2 ratings,$3.75
ATRS,$1.8,1440789315842,"195,864",92% bullish,of 12 ratings,$4.50
APOL,$11.43,1440789315899,"446,541",87% bearish,of 68 ratings,$14
APIC,$6.87,1440789315933,"69,837",100% bearish,of 1 rating,$19
ABAC,$0.7302,1440789315961,"6,785",100% bearish,of 1 rating,N/A
APOG,$50.65,1440789315991,"48,767",50% bullish,of 2 ratings,$67
AINV,$6.605,1440789316093,"536,530",50% bullish,of 4 ratings,$8
APPF,$16.6,1440789316183,"18,476",50% bullish,of 2 ratings,$22
AAPL,$112.6301,1440789316315,"22,610,079",86% bullish,of 2351 ratings,$150
ARCI,NULL,1440789316404,0,Not yet rated,NULL,N/A
APDN,$3.47,1440789316444,"60,621",Not yet rated,NULL,$9
AMAT,$15.97,1440789316482,"4,223,659",82% bullish,of 11 ratings,$23
APDNW,$1.2699,1440789316516,"1,604",Not yet rated,NULL,N/A
AAOI,$21.1,1440789316608,"119,374",50% bullish,of 4 ratings,$26
AGTC,$16.75,1440789316633,"31,246",50% bullish,of 2 ratings,$33
AREX,$2.27,1440789316690,"719,445",100% bearish,of 1 rating,$3
AMCC,$5.74,1440789316717,"239,974",80% bullish,of 5 ratings,$8
APTO,$5.14,1440789316796,"15,139",Not yet rated,NULL,$17
APRI,$1.3999,1440789316928,"358,681",83% bullish,of 6 ratings,$4.86
AQMS,$5.14,1440789316956,"51,506",Not yet rated,NULL,N/A
AUMA,$9.89,1440789316994,115,Not yet rated,NULL,N/A
AQXP,$17.25,1440789317019,"127,204",50% bullish,of 2 ratings,$2
AUMAU,NULL,1440789317158,0,Not yet rated,NULL,N/A
AUMAW,NULL,1440789317265,0,Not yet rated,NULL,N/A
ARDM,NULL,1440789317306,0,100% bullish,of 1 rating,$26
ARCW,$3.59,1440789317335,"3,024",100% bearish,of 2 ratings,$10.50
PETX,$17.5,1440789317439,"115,871",100% bearish,of 2 ratings,$26
ABIO,$0.89,1440789317489,"41,122",50% bullish,of 2 ratings,$3.75
ABUS,$7.4,1440789317516,"159,195",86% bullish,of 14 ratings,$23
RKDA,$6.26,1440789317548,"6,069",100% bearish,of 2 ratings,$10
ARCB,$29.04,1440789317652,"78,212",67% bearish,of 3 ratings,$39.50
ACGL,$68.04,1440789317717,"106,751",50% bullish,of 2 ratings,$72
ARDX,$18.77,1440789317785,"47,724",50% bullish,of 2 ratings,$24.50
ARNA,$2.71,1440789317850,"1,752,171",90% bullish,of 78 ratings,$5.50
ARCC,$15.735,1440789317921,"924,076",67% bearish,of 3 ratings,$17.875
AGIIL,$25.36,1440789318090,"10,967",Not yet rated,NULL,N/A
AGII,$54.82,1440789318115,"45,184",Not yet rated,NULL,$59.50
ARIS,$3.65,1440789318295,"29,709",Not yet rated,NULL,$4.50
ARIA,$9.88,1440789318323,"16,854,722",87% bullish,of 46 ratings,$9
ACAT,$26.29,1440789318349,"67,677",100% bearish,of 3 ratings,$33
ARGS,$6.165,1440789318374,"15,828",50% bullish,of 2 ratings,$19.50
ARTX,$1.49,1440789318584,"46,029",88% bullish,of 16 ratings,$4.50
ARWAR,NULL,1440789318718,0,Not yet rated,NULL,N/A
ARQL,$1.76,1440789318749,"50,591",75% bullish,of 4 ratings,$5
ARWAU,NULL,1440789318808,0,100% bullish,of 1 rating,N/A
ARWAW,NULL,1440789318848,0,Not yet rated,NULL,N/A
ARWA,NULL,1440789318910,0,Not yet rated,NULL,N/A
ARKR,$24.75,1440789318935,202,50% bullish,of 2 ratings,N/A
ARMH,$42.51,1440789318983,"634,611",54% bearish,of 13 ratings,$60
ARRY,$5.89,1440789319113,"457,419",100% bullish,of 7 ratings,$10
ARRS,$26.76,1440789319148,"428,996",50% bullish,of 2 ratings,$38
ARWR,$5.68,1440789319185,"304,709",75% bullish,of 4 ratings,$10.50
AROW,$27.33,1440789319317,"8,899",Not yet rated,NULL,N/A
DWAT,$9.96,1440789319347,"2,450",100% bearish,of 1 rating,N/A
ARTW,$4.2501,1440789319368,"1,365",75% bearish,of 4 ratings,N/A
ARTNA,$22.23,1440789319447,"4,700",100% bearish,of 1 rating,$29
ASBB,NULL,1440789319530,0,Not yet rated,NULL,N/A
ASND,$18.92,1440789319661,"41,191",100% bullish,of 1 rating,$30
ASCMA,$27.36,1440789319696,"28,624",100% bearish,of 1 rating,$45
ASTI,$0.105,1440789319728,"1,039,219",83% bullish,of 6 ratings,$3
ASMI,NULL,1440789319746,0,NULL,NULL,NULL
ASNA,$11.9999,1440789319807,"1,401,223",50% bullish,of 2 ratings,$18
APWC,$1.71,1440789319834,729,100% bearish,of 1 rating,N/A
AZPN,$37.78,1440789320044,"274,661",50% bullish,of 2 ratings,$42
ASMB,$13.22,1440789320080,"35,648",67% bullish,of 3 ratings,N/A
ASML,$91.855,1440789320102,"298,028",50% bullish,of 4 ratings,$127
ASTE,$37.33,1440789320180,"32,836",100% bearish,of 1 rating,$48
ASFI,$8.873,1440789320206,"4,400",100% bullish,of 1 rating,N/A
ALOT,NULL,1440789320346,0,100% bearish,of 1 rating,N/A
ASTC,$2.15,1440789320377,"10,388",100% bullish,of 5 ratings,N/A
ATRO,$52.91,1440789320481,"47,784",100% bearish,of 2 ratings,$80
ATRA,$40.34,1440789320513,"61,853",50% bullish,of 2 ratings,$68
ASUR,$5.92,1440789320535,"1,042",50% bullish,of 2 ratings,$8
ATAI,$2.45,1440789320614,"5,556",100% bearish,of 1 rating,N/A
ATHX,$1.15,1440789320744,"125,105",89% bullish,of 9 ratings,$5
ATHN,$136.43,1440789320774,"84,033",67% bearish,of 3 ratings,$153
AFCB,NULL,1440789320839,0,Not yet rated,NULL,N/A
AAPC,$10.152,1440789320871,516,Not yet rated,NULL,N/A
AAME,$3.6,1440789320913,"1,000",Not yet rated,NULL,N/A
ACFC,$5.56,1440789321129,"19,452",100% bearish,of 1 rating,$6.50
AAWW,$41.43,1440789321162,"234,645",50% bullish,of 2 ratings,$65
ATNI,$71.6,1440789321259,"12,882",100% bearish,of 1 rating,$69.50
ATLC,$3.89,1440789321289,100,67% bullish,of 3 ratings,N/A
AFH,$16.25,1440789321366,"39,200",Not yet rated,NULL,$21.50
ATOS,$0.775,1440789321398,"134,025",100% bullish,of 7 ratings,$7
ATRC,$25.685,1440789321434,"52,770",100% bullish,of 1 rating,$30
ATML,$8.115,1440789321565,"3,653,891",78% bullish,of 9 ratings,$9.50
ATRI,$387.87,1440789321643,956,Not yet rated,NULL,N/A
ATRM,$2.9,1440789321668,"2,465",50% bullish,of 2 ratings,N/A
ATTU,$13.31,1440789321707,"31,781",100% bearish,of 1 rating,$20.50
LIFE,$14.3,1440789321878,"49,282",86% bullish,of 7 ratings,$43
AUBN,$27.24,1440789321903,300,Not yet rated,NULL,N/A
AUPH,$3.0701,1440789321972,"44,503",100% bearish,of 1 rating,$8
AUDC,$3.3697,1440789322044,"37,146",80% bullish,of 5 ratings,$5
ABTL,$17.68,1440789322075,"43,709",100% bullish,of 4 ratings,$20.25
EARS,$4.88,1440789322106,"10,976",100% bearish,of 2 ratings,$11.50
ADAT,$0.3,1440789322177,"255,340",100% bullish,of 2 ratings,N/A
ADSK,$47.04,1440789322204,"5,563,140",67% bullish,of 6 ratings,$69.50
ADP,$78.44,1440789322375,"1,147,183",100% bearish,of 1 rating,$88
AAVL,$10.72,1440789322460,"207,358",100% bearish,of 1 rating,$20
AVGO,$126.1684,1440789322485,"1,309,445",88% bullish,of 8 ratings,$165
AVNU,$12.32,1440789322616,"4,264",Not yet rated,NULL,$14
AVNW,$1.14,1440789322812,"89,767",50% bullish,of 2 ratings,$2.20
AVEO,$1.4101,1440789322879,"422,114",75% bullish,of 8 ratings,$3
AVID,$8.49,1440789322918,"220,126",100% bearish,of 1 rating,$20
AVGR,$14.955,1440789322944,"23,760",100% bearish,of 1 rating,$20
AWRE,$3.2,1440789323074,"7,818",67% bullish,of 3 ratings,N/A
CAR,$43.92,1440789323102,"488,223",80% bullish,of 5 ratings,$60
ACLS,$3.18,1440789323126,"149,297",67% bullish,of 6 ratings,$4.75
AXPW,$1.08,1440789323157,"37,264",83% bullish,of 6 ratings,N/A
AXTI,$2.2,1440789323420,"24,089",50% bullish,of 2 ratings,$2.75
AXPWW,NULL,1440789323463,0,Not yet rated,NULL,N/A
AXGN,$4.8899,1440789323489,"232,017",Not yet rated,NULL,$5
BCOM,$18.86,1440789323510,40,100% bearish,of 1 rating,N/A
RILY,NULL,1440789323546,0,Not yet rated,NULL,N/A
BOSC,$2.14,1440789323674,"1,850",50% bullish,of 2 ratings,N/A
BEAV,$49.2853,1440789323844,"304,971",67% bearish,of 3 ratings,$59
BCPC,$58.46,1440789323878,"74,439",100% bearish,of 1 rating,$75
BIDU,$151.81,1440789323903,"1,621,357",81% bullish,of 88 ratings,$210
BWINA,NULL,1440789323924,0,Not yet rated,NULL,N/A
BWINB,$23.07,1440789323960,"3,500",Not yet rated,NULL,N/A
BLDP,$1.28,1440789323992,"297,837",91% bullish,of 22 ratings,$2.50
BANF,$59.7,1440789324094,"5,402",Not yet rated,NULL,$68
BANFP,NULL,1440789324201,0,Not yet rated,NULL,N/A
BKMU,$7.24,1440789324226,"49,939",Not yet rated,NULL,$8
BMRC,$47.85,1440789324486,"1,904",Not yet rated,NULL,$52
BOTJ,NULL,1440789324534,0,Not yet rated,NULL,N/A
OZRK,$41.55,1440789324567,"199,632",67% bullish,of 3 ratings,$49.50
BFIN,$12.01,1440789324618,"800,353",Not yet rated,NULL,$13
BOCH,$5.79,1440789324652,"4,548",Not yet rated,NULL,$6.50
BWFG,$18,1440789324679,"85,905",100% bearish,of 1 rating,N/A
BANR,$43.51,1440789324745,"16,838",100% bullish,of 3 ratings,$50
BKSC,$16.4,1440789324771,"1,535",Not yet rated,NULL,N/A
BHAC,$9.81,1440789324930,400,Not yet rated,NULL,N/A
BZUN,$5.31,1440789324957,"316,156",50% bullish,of 2 ratings,$11.50
BHACR,NULL,1440789324999,0,Not yet rated,NULL,N/A
BHACU,NULL,1440789325099,0,Not yet rated,NULL,N/A
TAPR,$31.67,1440789325124,"1,050",100% bearish,of 1 rating,N/A
BHACW,NULL,1440789325279,0,Not yet rated,NULL,N/A
BSET,$29.25,1440789325326,"50,081",100% bearish,of 1 rating,$35
BYBK,$4.87,1440789325463,"8,364",100% bearish,of 1 rating,N/A
BCBP,NULL,1440789325491,0,Not yet rated,NULL,N/A
BV,$5.19,1440789325521,"232,159",67% bullish,of 6 ratings,$9
BYLK,$12.875,1440789325547,"3,080",Not yet rated,NULL,$14
BBSI,$35.33,1440789325595,"33,942",67% bearish,of 3 ratings,$62.50
BDCV,$4.9156,1440789325723,"6,799",100% bearish,of 1 rating,$10.19
BBCN,$14.38,1440789325877,"91,601",100% bearish,of 1 rating,$16
BSF,$8.6,1440789325908,"10,077",Not yet rated,NULL,N/A
BECN,$35.32,1440789325975,"214,085",50% bullish,of 2 ratings,$40
BEBE,$1.31,1440789326013,"2,243,908",75% bullish,of 4 ratings,$3.075
BBGI,NULL,1440789326037,0,100% bullish,of 1 rating,N/A
BBBY,$62.375,1440789326081,"755,852",71% bullish,of 7 ratings,$75
BLPH,$5.05,1440789326254,"5,223",100% bearish,of 1 rating,$12.50
BELFB,$17.95,1440789326326,"9,634",100% bearish,of 1 rating,N/A
BLCM,$17.26,1440789326382,"106,590",50% bullish,of 4 ratings,$40
BNCL,$12.4,1440789326413,"100,466",100% bullish,of 3 ratings,$12.50
BNTC,$7.9,1440789326480,"43,438",100% bullish,of 1 rating,N/A
BGMD,$0.73,1440789326542,"174,654",100% bullish,of 10 ratings,N/A
BELFA,$14.87,1440789326570,12,100% bearish,of 1 rating,N/A
BNFT,$36.29,1440789326646,"55,286",67% bullish,of 3 ratings,$46
BGCP,$8.715,1440789326814,"363,036",88% bullish,of 8 ratings,$14
BGFV,$11.11,1440789326896,"52,907",57% bullish,of 7 ratings,$12
ORPN,$6,1440789326981,"18,687",100% bullish,of 1 rating,$28.50
BCDA,NULL,1440789327066,0,Not yet rated,NULL,N/A
BCRX,$11.35,1440789327111,"188,106",63% bullish,of 8 ratings,$18
BIND,$4.48,1440789327138,"43,433",75% bullish,of 4 ratings,$13.50
BASI,$1.63,1440789327160,"3,114",Not yet rated,NULL,N/A
BIOD,$0.6501,1440789327208,"23,165",80% bullish,of 5 ratings,$4
BIOC,$1.94,1440789327294,"78,666",83% bullish,of 6 ratings,$3.85
BIIB,$302.59,1440789327430,"768,580",88% bullish,of 16 ratings,$400
BDSI,$6.85,1440789327456,"384,656",88% bullish,of 8 ratings,$17
BIOL,$1.45,1440789327490,"13,772",Not yet rated,NULL,N/A
BLFS,$2.08,1440789327528,"16,430",100% bearish,of 1 rating,$4.75
BMRN,$132.56,1440789327588,"265,894",80% bullish,of 5 ratings,$160
BLRX,$1.54,1440789327616,"181,615",100% bullish,of 12 ratings,$5
BVXV,$3.6325,1440789327696,"2,361",Not yet rated,NULL,N/A
BVXVW,$0.7,1440789327951,300,100% bearish,of 1 rating,N/A
BRLI,NULL,1440789328037,0,NULL,NULL,NULL
BBC,$31.717,1440789328065,"9,083",Not yet rated,NULL,N/A
BBP,$33.3987,1440789328096,"18,158",Not yet rated,NULL,N/A
BSTC,$52.14,1440789328123,"30,264",100% bearish,of 1 rating,$76
BPTH,$1.155,1440789328144,"26,185",100% bullish,of 2 ratings,$5
BIOS,$2.34,1440789328176,"386,687",71% bullish,of 7 ratings,$4
BSPM,$0.6996,1440789328201,"60,901",50% bullish,of 2 ratings,N/A
BEAT,$14.64,1440789328423,"166,700",67% bearish,of 3 ratings,$15
BOTA,$2.099,1440789328455,"13,090",88% bullish,of 8 ratings,N/A
BITI,$17.1775,1440789328519,"17,471",100% bullish,of 1 rating,$28
BJRI,$44.255,1440789328551,"91,191",50% bullish,of 2 ratings,$55
TECH,$96.46,1440789328651,"91,566",100% bullish,of 1 rating,$117
BBOX,$14.97,1440789328676,"49,499",100% bearish,of 1 rating,N/A
BDMS,NULL,1440789328701,0,100% bearish,of 1 rating,N/A
BLKB,$57.4129,1440789328915,"92,509",100% bearish,of 2 ratings,$66
BDE,$7.48,1440789328944,"57,750",50% bullish,of 2 ratings,$9
BBRY,$7.3532,1440789328972,"3,066,429",61% bullish,of 330 ratings,$9
BKCC,$9.37,1440789329077,"239,195",50% bullish,of 2 ratings,$10
ADRE,$30.04,1440789329131,"9,893",100% bearish,of 1 rating,N/A
ADRD,$22.16,1440789329161,"10,305",100% bearish,of 1 rating,N/A
HAWK,$40.23,1440789329183,"166,455",91% bullish,of 11 ratings,$49
ADRA,NULL,1440789329211,0,100% bearish,of 1 rating,N/A
ADRU,$21.9113,1440789329431,"1,280",100% bearish,of 1 rating,N/A
BLMN,$20.5125,1440789329462,"726,238",83% bullish,of 6 ratings,$27.50
BCOR,$13.67,1440789329565,"114,042",57% bullish,of 7 ratings,$15
BUFF,$26.36,1440789329597,"129,854",83% bullish,of 12 ratings,$31.50
NILE,$34.24,1440789329666,"48,751",50% bullish,of 2 ratings,$34
BHBK,$13.845,1440789329730,"21,228",100% bullish,of 1 rating,$14.50
BBLU,$0.7701,1440789329758,"96,756",100% bullish,of 2 ratings,$4.43
BLBD,$11.595,1440789329799,"5,044",Not yet rated,NULL,N/A
BLUE,$136.87,1440789329904,"200,506",71% bullish,of 7 ratings,$217.50
BKEPP,$7.61,1440789330071,"4,200",100% bearish,of 1 rating,N/A
BPMC,$27.015,1440789330101,"62,110",50% bullish,of 2 ratings,$47.50
BKEP,$6.33,1440789330126,"7,805",100% bearish,of 1 rating,$8.50
BNCN,$20.38,1440789330152,"92,325",Not yet rated,NULL,$24
BOFI,$117.405,1440789330180,"146,148",100% bullish,of 6 ratings,$144
WIFI,$7.5796,1440789330353,"77,360",50% bullish,of 2 ratings,$13.50
BOBE,$43.51,1440789330378,"54,411",75% bullish,of 4 ratings,$57
BOJA,$21.27,1440789330511,"45,557",100% bullish,of 1 rating,$30
BONA,$11.66,1440789330643,"32,467",75% bullish,of 4 ratings,$8.50
BNSO,$1.2749,1440789330691,440,100% bearish,of 1 rating,N/A
BOKF,$62.05,1440789330716,"90,044",100% bearish,of 1 rating,$69
BPFHP,$24.9325,1440789330895,"11,150",100% bearish,of 1 rating,N/A
BAMM,$3.0901,1440789330922,"23,974",60% bullish,of 5 ratings,N/A
BPFHW,$5.15,1440789330951,"3,230",100% bearish,of 1 rating,N/A
BPFH,$11.745,1440789330977,"128,926",100% bearish,of 1 rating,$14
BCLI,$3.01,1440789331144,"43,132",80% bullish,of 5 ratings,$12
BBRG,$12.6964,1440789331173,"42,966",67% bullish,of 3 ratings,$14.50
EPAY,$26.92,1440789331202,"110,116",100% bearish,of 2 ratings,$30
BDBD,$8.36,1440789331276,"371,633",60% bullish,of 5 ratings,$10
BBEP,$2.885,1440789331340,"2,373,106",69% bullish,of 13 ratings,$5.625
BBEPP,$14.5,1440789331377,"44,146",100% bearish,of 1 rating,N/A
BLIN,$1.4,1440789331442,"5,000",100% bullish,of 2 ratings,$2.20
BDGE,$26.14,1440789331525,"12,023",Not yet rated,NULL,$31.75
BRID,NULL,1440789331699,0,100% bearish,of 1 rating,N/A
BRCM,$51.525,1440789331767,"1,423,351",75% bullish,of 12 ratings,$56
BCOV,$5.37,1440789331798,"40,462",67% bullish,of 3 ratings,$10.20
BSFT,$31.54,1440789331826,"61,703",57% bullish,of 7 ratings,$40.50
BVSN,$6.01,1440789331902,"12,339",60% bearish,of 5 ratings,N/A
BWEN,$3.1901,1440789331959,"31,317",100% bullish,of 3 ratings,$8
BYFC,$1.4,1440789331985,"5,800",50% bullish,of 2 ratings,N/A
BRCD,$10.64,1440789332068,"1,260,559",92% bullish,of 13 ratings,$11.50
BRKL,$10.55,1440789332202,"108,683",100% bearish,of 1 rating,$10.75
BRKS,$10.415,1440789332252,"51,616",67% bullish,of 3 ratings,$15.25
BRKR,$18.55,1440789332390,"224,631",100% bearish,of 2 ratings,$22
BLMT,$20.65,1440789332525,"7,704",Not yet rated,NULL,N/A
BWLD,$194.325,1440789332551,"103,425",82% bullish,of 11 ratings,$205
BSQR,$6.2,1440789332581,"50,531",67% bullish,of 3 ratings,N/A
BMTC,$29.2,1440789332602,"74,544",Not yet rated,NULL,$34
BUR,$1.75,1440789332732,"6,543",100% bearish,of 1 rating,$8
CFFI,$36.6,1440789332757,"5,662",100% bearish,of 1 rating,N/A
BLDR,$14.43,1440789332908,"268,761",67% bullish,of 3 ratings,$22
CA,$27.255,1440789332938,"1,213,127",50% bullish,of 4 ratings,$33
CHRW,$66.955,1440789332968,"671,337",Not yet rated,NULL,$72
CCMP,$43.5501,1440789333070,"29,117",50% bullish,of 2 ratings,$59
CDZI,$8.1,1440789333215,"73,175",100% bearish,of 1 rating,N/A
CDNS,$20.12,1440789333349,"890,056",75% bullish,of 4 ratings,$22.50
CZR,$9.2,1440789333375,"534,750",60% bearish,of 5 ratings,$10.50
CACQ,$7.49,1440789333396,"32,226",100% bearish,of 1 rating,$12.25
CSTE,$40.805,1440789333429,"82,291",50% bullish,of 2 ratings,$65
PRSS,$4.52,1440789333527,"8,720",80% bullish,of 5 ratings,$4.50
CLBS,$1.44,1440789333581,"111,601",79% bullish,of 14 ratings,$4
CLMS,$10.6599,1440789333637,"43,908",Not yet rated,NULL,$10.50
CHY,$11.468,1440789333742,"142,093",Not yet rated,NULL,N/A
CCD,$19.32,1440789333769,"69,351",Not yet rated,NULL,N/A
CFGE,NULL,1440789333805,0,Not yet rated,NULL,N/A
CHW,$7.6364,1440789333831,"264,913",100% bearish,of 1 rating,N/A
CHI,$10.63,1440789333898,"89,828",100% bearish,of 1 rating,N/A
CGO,$12.16,1440789334003,"13,569",100% bearish,of 1 rating,N/A
CSQ,$9.9355,1440789334086,"199,839",Not yet rated,NULL,N/A
CAMP,$16.5,1440789334132,"164,424",88% bullish,of 8 ratings,$25
CVGW,$59.16,1440789334295,"78,073",50% bullish,of 2 ratings,$58.50
CFNB,$13.31,1440789334398,101,100% bearish,of 1 rating,N/A
CALA,$5.79,1440789334425,"298,564",100% bullish,of 3 ratings,$19.50
ABCD,$5.28,1440789334458,"127,945",83% bullish,of 6 ratings,N/A
CALD,$15.74,1440789334487,"146,207",100% bearish,of 1 rating,$21
CAMB,$9.95,1440789334590,"2,000",Not yet rated,NULL,N/A
CLMT,$26.177,1440789334650,"107,956",75% bullish,of 8 ratings,$31
CALM,$49.98,1440789334721,"173,036",80% bullish,of 5 ratings,$65
CAMT,$2.72,1440789334820,"11,195",73% bullish,of 11 ratings,$4
CAMBU,NULL,1440789334890,0,100% bearish,of 1 rating,N/A
CAC,$40.35,1440789334922,"2,825",Not yet rated,NULL,N/A
CAMBW,NULL,1440789334947,0,Not yet rated,NULL,N/A
CSIQ,$18.89,1440789335023,"1,222,737",86% bullish,of 28 ratings,$42.50
CGIX,$10.04,1440789335155,"16,284",67% bullish,of 3 ratings,$14.375
CPLA,$49.05,1440789335287,"77,920",67% bearish,of 3 ratings,$65
CCBG,$14.87,1440789335316,"14,091",Not yet rated,NULL,$17.25
CBF,$29.77,1440789335345,"107,945",Not yet rated,NULL,$32
CPHC,NULL,1440789335366,0,100% bearish,of 1 rating,N/A
CBNJ,$11.115,1440789335398,"13,617",100% bullish,of 1 rating,N/A
CPLP,$6.85,1440789335533,"198,363",71% bullish,of 7 ratings,$11
CSWC,$46.01,1440789335562,"6,094",Not yet rated,NULL,N/A
CPTA,$13.66,1440789335588,"28,904",100% bearish,of 1 rating,$18.50
CAPN,$2.28,1440789335730,"186,089",100% bullish,of 1 rating,$10.85
CFFN,$12.01,1440789335758,"257,102",Not yet rated,NULL,$12.75
CAPNW,NULL,1440789335886,0,Not yet rated,NULL,N/A
CPST,$0.415,1440789335916,"1,207,800",95% bullish,of 22 ratings,$1.25
CAPR,$4.3301,1440789335946,"2,810",Not yet rated,NULL,$12
CARA,$19.15,1440789336016,"79,222",50% bullish,of 4 ratings,$25
CBYL,$5.21,1440789336042,"18,976",100% bearish,of 1 rating,$20
CRDC,$0.36,1440789336104,"81,287",100% bullish,of 1 rating,$1.25
CARB,$11.24,1440789336131,"57,568",75% bullish,of 4 ratings,$12
CFNL,$21.8703,1440789336331,"44,102",Not yet rated,NULL,$24
CATM,$34.52,1440789336372,"66,786",100% bearish,of 1 rating,$44
CRME,$8.78,1440789336411,"5,763",89% bullish,of 9 ratings,$11.25
CDNA,$6.86,1440789336463,"9,009",100% bearish,of 1 rating,$9
CSII,$24.29,1440789336496,"56,401",100% bearish,of 2 ratings,$42.125
CECO,$3.785,1440789336591,"192,706",67% bearish,of 3 ratings,$6
CTRE,$11.348,1440789336618,"178,158",50% bullish,of 2 ratings,$13.50
CKEC,$23.34,1440789336745,"66,641",50% bullish,of 2 ratings,$35.915
CART,$5.35,1440789336846,"1,000",100% bearish,of 1 rating,N/A
CLBH,$12.73,1440789336979,958,Not yet rated,NULL,$16.50
TAST,$12.66,1440789337006,"228,124",Not yet rated,NULL,$14.25
CARO,$15.55,1440789337039,200,100% bearish,of 1 rating,$19
CRZO,$35.0525,1440789337068,"1,148,197",67% bearish,of 3 ratings,$55
CARV,$7.14,1440789337136,"2,155",50% bullish,of 2 ratings,N/A
CRTN,$2.52,1440789337168,"3,726",100% bearish,of 1 rating,N/A
CACB,$5.29,1440789337274,"20,892",Not yet rated,NULL,$5.50
CASM,$1.17,1440789337301,"133,486",100% bullish,of 1 rating,$3.50
CASY,$105.91,1440789337534,"98,057",50% bullish,of 2 ratings,$99.50
CWST,$6.23,1440789337562,"71,258",50% bullish,of 2 ratings,$7.25
CSCD,$14.94,1440789337591,"21,535",100% bullish,of 2 ratings,$17
CASI,$1.48,1440789337619,"12,960",100% bullish,of 1 rating,$3.50
CPRX,$3.63,1440789337699,"190,143",71% bullish,of 7 ratings,$7
CATB,$12.28,1440789337747,"7,334",100% bearish,of 1 rating,$28
CASS,$48.23,1440789337773,"7,642",100% bearish,of 1 rating,N/A
CATYW,NULL,1440789338002,0,100% bearish,of 1 rating,N/A
CATY,$29.45,1440789338033,"378,824",100% bearish,of 1 rating,$33.50
CVCO,$72.23,1440789338064,"16,109",100% bearish,of 1 rating,N/A
CAVM,$68.12,1440789338085,"165,276",67% bearish,of 3 ratings,$72
CBFV,$21.475,1440789338134,"1,102",Not yet rated,NULL,$25
CNLMR,NULL,1440789338239,0,Not yet rated,NULL,N/A
CNLM,$9.92,1440789338266,"3,400",Not yet rated,NULL,N/A
CNLMU,NULL,1440789338432,0,100% bullish,of 1 rating,N/A
CNLMW,NULL,1440789338534,0,Not yet rated,NULL,N/A
CBOE,$63.7396,1440789338563,"129,547",Not yet rated,NULL,$60
CDK,$49.55,1440789338670,"203,702",67% bearish,of 3 ratings,$50
CECE,$9.69,1440789338804,"31,810",50% bullish,of 2 ratings,$16
CDW,$39.92,1440789338830,"426,783",75% bullish,of 4 ratings,$44
CPXX,$2.1,1440789338851,"58,719",100% bullish,of 2 ratings,$7
CLDX,$15.25,1440789338998,"544,509",89% bullish,of 9 ratings,$36
CELGZ,$1.84,1440789339026,15,80% bullish,of 5 ratings,N/A
CELG,$124.0072,1440789339107,"1,936,651",92% bullish,of 13 ratings,$155.50
CLDN,$1.12,1440789339162,"375,009",71% bullish,of 7 ratings,$3
CLRB,$3.17,1440789339203,"1,800",100% bearish,of 1 rating,N/A
CLLS,$32.76,1440789339229,"34,198",75% bullish,of 4 ratings,$51.50
CLRBW,NULL,1440789339250,0,Not yet rated,NULL,N/A
CBMG,$23.29,1440789339439,"34,160",50% bullish,of 2 ratings,N/A
CLSN,$2.05,1440789339519,"36,471",80% bullish,of 10 ratings,$7.50
CYAD,NULL,1440789339575,0,100% bullish,of 1 rating,$87.50
CLTX,$2.39,1440789339615,"100,753",100% bullish,of 2 ratings,N/A
CEMP,$35.6899,1440789339665,"277,373",71% bullish,of 7 ratings,$52
CETX,$2.3924,1440789339696,"3,700",Not yet rated,NULL,$5.60
CETV,$2.145,1440789339725,"48,643",67% bullish,of 3 ratings,$2.80
CSFL,$13.56,1440789339798,"52,059",Not yet rated,NULL,$15
CFBK,NULL,1440789339965,0,Not yet rated,NULL,N/A
CVCY,$11.21,1440789340037,"11,709",Not yet rated,NULL,$12
CENT,$12.2,1440789340069,"40,874",Not yet rated,NULL,$10
CENX,$5.43,1440789340171,"1,443,476",67% bullish,of 6 ratings,$9
CENTA,$12.58,1440789340196,"305,156",Not yet rated,NULL,N/A
CNBKA,$41.07,1440789340328,800,50% bullish,of 2 ratings,N/A
CNTY,$5.71,1440789340355,"17,126",80% bullish,of 5 ratings,$7.75
CPHD,$50.135,1440789340385,"232,639",67% bearish,of 3 ratings,$66.50
CERE,$1.17,1440789340516,"136,679",88% bullish,of 8 ratings,N/A
CERN,$63.04,1440789340543,"852,522",67% bullish,of 3 ratings,$79
CRNT,$1.42,1440789340573,"77,181",50% bullish,of 2 ratings,$2
CERU,$3.759,1440789340605,"34,306",75% bullish,of 4 ratings,$15
CERS,$4.84,1440789340709,"234,285",75% bullish,of 4 ratings,$7
KOOL,$0.7,1440789340868,"40,640",100% bullish,of 5 ratings,$7
CEVA,$18.9841,1440789340897,"48,964",100% bearish,of 1 rating,$25
CYOU,$20.68,1440789340999,"81,694",50% bullish,of 6 ratings,$24
CTHR,$1.27,1440789341134,"3,575",50% bullish,of 2 ratings,$2.50
HOTRW,NULL,1440789341178,0,Not yet rated,NULL,N/A
HOTR,$1.4132,1440789341209,"107,987",100% bullish,of 2 ratings,$5
CHKP,$78.6,1440789341239,"483,199",50% bullish,of 4 ratings,$92
CHTR,$180.1,1440789341286,"300,731",100% bearish,of 2 ratings,$196
GTLS,$24.03,1440789341313,"240,710",50% bullish,of 4 ratings,$40
CHEK,$2.1,1440789341344,"2,850",Not yet rated,NULL,$7.75
CHFN,$12.47,1440789341506,"12,941",Not yet rated,NULL,$14
CEMI,$4.28,1440789341591,"16,300",50% bullish,of 2 ratings,$7.50
CHFC,$31.32,1440789341621,"55,110",100% bearish,of 1 rating,$36
CCXI,$6.5,1440789341642,"41,037",67% bullish,of 3 ratings,$14
CHEKW,NULL,1440789341719,0,Not yet rated,NULL,N/A
CBNK,$16.3,1440789341991,"6,737",100% bearish,of 1 rating,N/A
CHEV,$14.59,1440789342032,"1,510",Not yet rated,NULL,N/A
CHMG,$26.56,1440789342068,200,Not yet rated,NULL,$30
CHKE,$25.49,1440789342089,"9,316",100% bearish,of 1 rating,$32.50
CMRX,$50,1440789342126,"146,576",50% bullish,of 2 ratings,$57
CHMA,$25.11,1440789342159,"48,348",Not yet rated,NULL,$40
PLCE,$59.415,1440789342187,"77,748",100% bearish,of 1 rating,$69
CADC,NULL,1440789342216,0,78% bullish,of 9 ratings,N/A
CALI,$0.911,1440789342475,"12,998",67% bullish,of 3 ratings,N/A
CAAS,$6.52,1440789342501,"20,219",93% bullish,of 14 ratings,$11.50
CBPO,$100.2,1440789342632,"107,652",75% bullish,of 8 ratings,$140.50
CBAK,$2.065,1440789342677,"38,277",67% bullish,of 9 ratings,N/A
CCCR,$0.79,1440789343010,"1,340",67% bearish,of 3 ratings,N/A
CCCL,$0.77,1440789343039,"6,919",100% bullish,of 6 ratings,N/A
CHOP,$1.15,1440789343060,"2,500",50% bullish,of 2 ratings,N/A
JRJC,$3.57,1440789343096,"70,375",82% bullish,of 11 ratings,N/A
CHLN,$2.06,1440789343127,"5,024",67% bullish,of 3 ratings,N/A
HGSH,$1.7799,1440789343188,"4,529",67% bullish,of 3 ratings,N/A
CNIT,$1.38,1440789343217,"88,711",67% bullish,of 6 ratings,N/A
CJJD,$1.8799,1440789343245,"10,122",100% bullish,of 1 rating,N/A
HTHT,$25.54,1440789343382,"54,122",50% bullish,of 2 ratings,$28.40
CHNR,$1.67,1440789343439,900,100% bearish,of 1 rating,N/A
CPGI,NULL,1440789343517,0,Not yet rated,NULL,N/A
CREG,$0.6999,1440789343542,"33,157",100% bullish,of 3 ratings,N/A
CNTF,$0.7899,1440789343758,"90,588",Not yet rated,NULL,N/A
CXDC,$5.83,1440789343783,"35,900",67% bearish,of 3 ratings,N/A
CSUN,$1.48,1440789343809,"10,566",80% bullish,of 5 ratings,N/A
CHSCL,$27.1126,1440789343937,"13,993",Not yet rated,NULL,N/A
CNYD,$3.4,1440789343978,"13,899",67% bullish,of 3 ratings,N/A
IMOS,$18.6,1440789344035,"115,893",60% bullish,of 5 ratings,$21.50
CCIH,$7.29,1440789344063,"162,740",67% bullish,of 6 ratings,$12.65
CNET,$0.8264,1440789344091,"33,100",50% bullish,of 2 ratings,N/A
CHSCN,$27.15,1440789344220,"1,768",Not yet rated,NULL,N/A
CHSCM,$26.2459,1440789344246,"11,660",Not yet rated,NULL,N/A
CHSCP,$30.52,1440789344419,"4,400",Not yet rated,NULL,N/A
CHSCO,$28.22,1440789344452,"2,775",Not yet rated,NULL,N/A
CHDN,$134.16,1440789344558,"58,477",Not yet rated,NULL,$165
CHUY,$31.64,1440789344579,"93,718",50% bullish,of 2 ratings,$34
CIFC,$7.11,1440789344662,"2,720",100% bearish,of 1 rating,N/A
CDTX,$14.6755,1440789344717,"10,869",Not yet rated,NULL,$22
CMPR,$72.46,1440789344767,"165,808",50% bullish,of 2 ratings,$72.50
CMCT,$15.3899,1440789344896,200,100% bearish,of 1 rating,N/A
CIDM,$0.6,1440789344967,"69,876",50% bullish,of 2 ratings,$2.10
CRUS,$30.02,1440789345029,"457,344",75% bullish,of 12 ratings,$44.50
CINF,$52.6025,1440789345057,"219,296",50% bullish,of 4 ratings,$50.50
CTAS,$85.3,1440789345085,"149,316",100% bearish,of 1 rating,$91
CPHR,$5.28,1440789345113,"45,592",100% bearish,of 1 rating,$17
CSCO,$25.975,1440789345265,"9,032,604",84% bullish,of 209 ratings,$32
CTRN,$26.78,1440789345330,"36,518",100% bearish,of 1 rating,$31.50
CZNC,$19.765,1440789345401,"4,388",Not yet rated,NULL,N/A
CZFC,NULL,1440789345546,0,Not yet rated,NULL,N/A
CZWI,NULL,1440789345603,0,Not yet rated,NULL,N/A
CIZN,$19.3,1440789345628,"1,800",Not yet rated,NULL,N/A
CIVB,$10.15,1440789345690,"5,350",Not yet rated,NULL,$11
CTXS,$68.52,1440789345722,"641,028",86% bullish,of 7 ratings,$80
CHCO,$47.07,1440789345816,"16,091",Not yet rated,NULL,$46
CLNE,$5.1092,1440789345921,"713,696",80% bullish,of 15 ratings,$9
CDTI,$1.62,1440789345950,"44,191",75% bullish,of 4 ratings,$3.20
CIVBP,NULL,1440789345975,0,Not yet rated,NULL,N/A
CLFD,$17.03,1440789346111,"23,369",67% bullish,of 3 ratings,$18
CLRO,$11.62,1440789346143,"2,487",50% bullish,of 2 ratings,$14.25
CLNT,$1.39,1440789346164,"15,558",75% bullish,of 8 ratings,N/A
CLIR,$4.62,1440789346247,"76,953",100% bullish,of 3 ratings,N/A
CBLI,$3.8,1440789346354,"29,677",60% bullish,of 5 ratings,N/A
CMFN,$11.15,1440789346490,"21,572",100% bearish,of 1 rating,$15.50
CME,$94.3,1440789346540,"546,564",67% bullish,of 3 ratings,$102
CLVS,$79.85,1440789346575,"273,998",60% bullish,of 5 ratings,$101.50
CSBK,$13.55,1440789346605,"40,616",Not yet rated,NULL,N/A
CCNE,$17.02,1440789346669,"6,086",50% bullish,of 2 ratings,$21.50
CISG,$7.76,1440789346694,"55,366",100% bullish,of 5 ratings,$10
CNV,$4.41,1440789346724,"25,512",50% bullish,of 2 ratings,$7.15
CWAY,$11.1,1440789346938,"2,750",Not yet rated,NULL,N/A
COKE,$156.1,1440789346963,"18,126",79% bullish,of 19 ratings,N/A
COBZ,$12.85,1440789346990,"26,733",100% bullish,of 1 rating,$14
CDRB,$13.97,1440789347011,"11,318",67% bullish,of 3 ratings,N/A
CVLY,$20.425,1440789347143,100,Not yet rated,NULL,N/A
CDXS,$3.825,1440789347198,"10,264",64% bullish,of 11 ratings,$6
JVA,$4.6999,1440789347326,"10,750",83% bullish,of 6 ratings,$7
CGNX,$35.41,1440789347355,"212,355",50% bullish,of 2 ratings,$47
CCOI,$27.43,1440789347387,"326,614",50% bullish,of 4 ratings,$35
CGNT,$1.57,1440789347408,"48,024",100% bullish,of 2 ratings,$2
COHR,$57.69,1440789347457,"39,010",50% bullish,of 2 ratings,$72
CTSH,$63.86,1440789347587,"1,252,695",90% bullish,of 10 ratings,$75
CHRS,$28.93,1440789347638,"57,652",67% bearish,of 3 ratings,$37
CLCT,$18.38,1440789347771,"22,320",100% bearish,of 1 rating,N/A
CLRX,$0.54,1440789347797,"27,671",50% bullish,of 2 ratings,N/A
COHU,$9.6,1440789347818,"65,920",100% bearish,of 1 rating,$14.25
COLL,$15.09,1440789347847,"32,652",100% bearish,of 1 rating,$26
CLCD,$6.8,1440789348006,"66,272",100% bearish,of 1 rating,$20.50
CIGI,$43.11,1440789348090,"35,085",100% bearish,of 1 rating,$52
CBAN,$8.9,1440789348143,652,Not yet rated,NULL,N/A
COLB,$30,1440789348176,"64,867",Not yet rated,NULL,$36
CMCSA,$56.56,1440789348234,"4,110,507",66% bullish,of 35 ratings,$69.50
COLM,$60.82,1440789348272,"41,286",100% bearish,of 1 rating,$71
CMCO,$18.63,1440789348299,"57,173",60% bullish,of 5 ratings,$28
CBMX,$1.15,1440789348327,"16,273",83% bullish,of 6 ratings,$3.15
CMCSK,$57.4,1440789348494,"1,218,144",Not yet rated,NULL,$84
CBSH,$44.54,1440789348638,"120,217",50% bullish,of 2 ratings,$46
CBSHP,$25.39,1440789348663,"23,834",100% bearish,of 1 rating,N/A
CUBN,NULL,1440789348736,0,Not yet rated,NULL,N/A
COMM,$31.72,1440789348835,"511,773",67% bearish,of 3 ratings,$35
CVGI,$4.95,1440789348893,"30,113",50% bullish,of 2 ratings,$6
CSAL,$20.69,1440789348919,"252,246",75% bullish,of 4 ratings,$30
CTBI,$34.57,1440789349054,"9,245",Not yet rated,NULL,$36
CWBC,$6.79,1440789349084,565,Not yet rated,NULL,N/A
JCS,$8.72,1440789349183,"6,717",67% bullish,of 3 ratings,N/A
CYHHZ,$0.01,1440789349243,"18,900",100% bullish,of 1 rating,N/A
ESXB,$5.08,1440789349274,950,Not yet rated,NULL,N/A
CVLT,$35.65,1440789349295,"343,800",75% bullish,of 4 ratings,$44.50
CIZ,$33.5525,1440789349330,"1,407",100% bearish,of 1 rating,N/A
COB,$10.41,1440789349375,"10,435",100% bullish,of 1 rating,$11.75
CIL,NULL,1440789349538,0,Not yet rated,NULL,N/A
CID,NULL,1440789349638,0,Not yet rated,NULL,N/A
CSA,NULL,1440789349681,0,Not yet rated,NULL,N/A
CDC,$34.79,1440789349783,"3,700",Not yet rated,NULL,N/A
CSF,$36.7447,1440789349915,"4,289",100% bearish,of 1 rating,N/A
CFO,$35.6388,1440789349944,"149,440",100% bearish,of 1 rating,N/A
CDL,NULL,1440789349976,0,Not yet rated,NULL,N/A
CFA,$35.7,1440789350000,900,100% bearish,of 1 rating,N/A
CSB,$32.92,1440789350050,100,Not yet rated,NULL,N/A
CTG,$6.525,1440789350075,"46,417",100% bearish,of 1 rating,$8.50
CGEN,$5.15,1440789350219,"38,609",50% bullish,of 2 ratings,$11
CPSI,$45.6,1440789350284,"49,470",100% bearish,of 1 rating,$45.50
CHCI,$0.65,1440789350312,"17,500",50% bullish,of 2 ratings,N/A
SCOR,$53.08,1440789350333,"200,981",100% bearish,of 1 rating,$66
CMTL,$25,1440789350463,"72,685",100% bearish,of 2 ratings,$37
CNSI,$18.73,1440789350552,"38,898",100% bearish,of 2 ratings,$29
CXRX,$75.82,1440789350721,"3,127",100% bearish,of 1 rating,$90
CNAT,$4.1,1440789350749,"50,548",83% bullish,of 6 ratings,$13
CCUR,$5.41,1440789350775,"73,468",75% bullish,of 4 ratings,N/A
CDOR,$1.37,1440789350825,"4,073",100% bullish,of 1 rating,N/A
CFMS,$19.77,1440789350908,"69,475",Not yet rated,NULL,$27
CNCE,$15.89,1440789351038,"80,187",75% bullish,of 4 ratings,$22
CDORO,$18.95,1440789351070,600,100% bearish,of 1 rating,N/A
CDORP,NULL,1440789351126,0,100% bearish,of 1 rating,N/A
CNMD,$53.61,1440789351173,"29,150",Not yet rated,NULL,$59
CNFR,$10.18,1440789351204,"10,441",Not yet rated,NULL,N/A
CTWS,$34.35,1440789351232,"14,968",100% bearish,of 1 rating,$44
CNOB,$19.04,1440789351306,"29,116",100% bullish,of 1 rating,$23.50
CNXR,$6.88,1440789351454,"68,550",100% bearish,of 1 rating,$12
CONN,$29.24,1440789351511,"319,036",67% bullish,of 3 ratings,$48.50
CNSL,$19.81,1440789351667,"108,508",100% bearish,of 1 rating,$23
CWCO,$10.88,1440789351692,"56,479",67% bullish,of 3 ratings,$14.50
CPSS,$5.74,1440789351730,"17,212",100% bullish,of 1 rating,$10
CFRXW,$1.87,1440789351780,600,100% bearish,of 1 rating,N/A
CTCT,$24.97,1440789351801,"90,459",67% bullish,of 3 ratings,$37
CFRXZ,NULL,1440789351929,0,Not yet rated,NULL,N/A
CFRX,$5.13,1440789352003,"7,451",Not yet rated,NULL,$14
CTRV,$3.74,1440789352065,"3,394",Not yet rated,NULL,$6.40
CPRT,$34.92,1440789352095,"121,312",67% bearish,of 3 ratings,$40
CRBP,$1.9101,1440789352228,"119,089",100% bullish,of 2 ratings,$6.25
CTRL,$8.89,1440789352269,"105,598",50% bullish,of 2 ratings,$11
CORT,$5.09,1440789352331,"146,681",67% bullish,of 3 ratings,$12
BVA,$3.76,1440789352374,100,50% bullish,of 2 ratings,N/A
CORE,$59.565,1440789352420,"86,626",100% bearish,of 1 rating,$72
CORI,$10.44,1440789352520,"28,643",100% bearish,of 1 rating,$18
CSOD,$36.15,1440789352546,"172,473",50% bullish,of 2 ratings,$42
CRVL,$30.91,1440789352700,"13,232",100% bearish,of 1 rating,N/A
CPAH,$0.4301,1440789352762,"2,700",50% bullish,of 2 ratings,N/A
CSGP,$180.788,1440789352795,"36,864",50% bullish,of 2 ratings,$235
COSI,$1.19,1440789352825,"141,431",100% bullish,of 1 rating,N/A
ICBK,$18.56,1440789352890,100,Not yet rated,NULL,$21
COST,$139.84,1440789352924,"599,063",79% bullish,of 24 ratings,$154.50
CVTI,$23.33,1440789353023,"55,073",67% bearish,of 3 ratings,$39
COVS,$2.72,1440789353048,"51,239",67% bullish,of 3 ratings,N/A
COWN,$5.2025,1440789353183,"460,061",75% bullish,of 4 ratings,$7
COWNL,$26.8789,1440789353275,"1,700",Not yet rated,NULL,N/A
CPSH,$2.2,1440789353407,989,Not yet rated,NULL,N/A
BREW,$7.9999,1440789353433,"34,657",67% bullish,of 6 ratings,$15
CRAI,$22.17,1440789353455,"16,623",100% bearish,of 1 rating,$36
CBRL,$145.53,1440789353491,"89,412",50% bullish,of 2 ratings,$155
CRAY,$20.69,1440789353512,"165,747",83% bullish,of 6 ratings,$38.50
CACC,$197.42,1440789353642,"22,581",50% bullish,of 2 ratings,$158.50
GLDI,$11.02,1440789353671,"3,400",100% bearish,of 1 rating,N/A
SLVO,$10.0591,1440789353700,"1,547",100% bearish,of 1 rating,N/A
CREE,$26.85,1440789353803,"610,488",65% bullish,of 17 ratings,$29.50
CRESY,$10.41,1440789353947,"16,986",100% bearish,of 1 rating,$19
CROX,$14.485,1440789353972,"342,417",63% bullish,of 8 ratings,$16.50
CRTO,$43.0775,1440789354004,"248,789",67% bullish,of 6 ratings,$64
CCRN,$14.095,1440789354141,"67,996",100% bearish,of 1 rating,$14.25
CRWN,$4.47,1440789354173,"25,188",75% bullish,of 4 ratings,N/A
CRDS,$1.0101,1440789354246,"32,576",75% bullish,of 4 ratings,$4.50
CYRX,$2.9,1440789354310,"11,094",Not yet rated,NULL,$9
CRWS,$8.1,1440789354335,"3,600",Not yet rated,NULL,$10
CYRXW,$0.83,1440789354381,200,Not yet rated,NULL,N/A
CCLP,$15.3101,1440789354407,"24,245",67% bearish,of 3 ratings,$20
CSGS,$31.175,1440789354428,"137,055",Not yet rated,NULL,$40
CSPI,$5.88,1440789354583,200,67% bullish,of 3 ratings,N/A
CTIC,$1.585,1440789354715,"497,034",84% bullish,of 76 ratings,$5.75
CTCM,$1.805,1440789354752,"68,529",80% bearish,of 5 ratings,$3.90
CTIB,$3.6,1440789354847,"2,000",100% bearish,of 1 rating,N/A
CUNB,$21.24,1440789354880,"9,256",Not yet rated,NULL,$24.50
CTRP,$69.02,1440789354906,"956,249",75% bullish,of 8 ratings,$93
CPIX,$6.11,1440789355039,"4,100",Not yet rated,NULL,N/A
CUI,$5.17,1440789355071,"18,244",50% bullish,of 2 ratings,$10
CUTR,$14.45,1440789355102,"28,031",67% bearish,of 3 ratings,$18
CRIS,$2.585,1440789355172,"112,995",100% bullish,of 8 ratings,$6
CMLS,$1.415,1440789355199,"222,822",50% bullish,of 4 ratings,$6
CVV,$11.03,1440789355229,"5,850",100% bullish,of 5 ratings,N/A
CVBF,$15.95,1440789355360,"263,952",Not yet rated,NULL,$18
CYAN,$7.56,1440789355389,"1,672",100% bearish,of 1 rating,N/A
CYBR,$52.3,1440789355425,"571,696",75% bullish,of 8 ratings,$66
CYBX,$67.16,1440789355567,"130,530",50% bullish,of 4 ratings,$71.50
CYBE,$6.73,1440789355702,"17,568",100% bearish,of 1 rating,N/A
CYCC,$0.555,1440789355734,"61,473",73% bullish,of 11 ratings,N/A
CBAY,$2.6,1440789355804,"32,630",100% bullish,of 1 rating,$4
CYNA,$16,1440789355830,"11,233",50% bullish,of 2 ratings,$31.50
CYRN,$1.73,1440789355900,"25,100",67% bullish,of 3 ratings,$4
CY,$10.07,1440789356001,"2,013,060",80% bullish,of 10 ratings,$15.50
CYCCP,NULL,1440789356071,0,100% bearish,of 1 rating,N/A
CYNO,$31.685,1440789356146,"87,298",67% bearish,of 3 ratings,$45.50
CONE,$32.22,1440789356206,"140,435",67% bearish,of 3 ratings,$35.50
CTSO,$6.7,1440789356233,"14,077",Not yet rated,NULL,$15.625
CYTX,$0.3149,1440789356261,"2,104,193",83% bullish,of 12 ratings,$5.50
CYTK,$6.97,1440789356286,"149,135",71% bullish,of 14 ratings,$13.50
CYTR,$2.36,1440789356479,"266,088",67% bullish,of 6 ratings,$10
TVIZ,$19.5221,1440789356586,"1,715",100% bearish,of 1 rating,N/A
DAEG,$0.37,1440789356615,"10,845",100% bearish,of 1 rating,N/A
TVIX,$14.73,1440789356641,"11,215,272",81% bullish,of 16 ratings,N/A
XIV,$25.62,1440789356719,"14,709,779",75% bearish,of 4 ratings,N/A
ZIV,$39.1008,1440789356785,"130,150",Not yet rated,NULL,N/A
DJCO,$194.51,1440789356815,300,Not yet rated,NULL,N/A
DAKT,$8.58,1440789356916,"313,393",50% bullish,of 2 ratings,$12
DARA,$0.87,1440789356944,"24,622",83% bullish,of 6 ratings,$1.50
DAIO,$2.55,1440789357010,"3,813",Not yet rated,NULL,N/A
DTLK,$5.9,1440789357078,"57,178",100% bearish,of 1 rating,$9
DRAM,$1.3042,1440789357155,"9,418",78% bullish,of 9 ratings,N/A
DWCH,$5.22,1440789357222,"14,680",75% bullish,of 4 ratings,$8.25
DTEA,$13.16,1440789357258,"40,305",100% bearish,of 2 ratings,$24
PLAY,$34.36,1440789357390,"81,194",100% bullish,of 5 ratings,$42
DBVT,$41.16,1440789357416,"21,545",100% bearish,of 1 rating,$53
DWSN,$4.6,1440789357545,"9,580",67% bullish,of 3 ratings,N/A
TRAK,$62.73,1440789357570,"451,891",50% bullish,of 2 ratings,$62.50
TACO,$12.97,1440789357631,"38,939",75% bullish,of 4 ratings,$20
DHRM,$1.46,1440789357714,"7,027",Not yet rated,NULL,N/A
DFRG,$14.57,1440789357771,"58,973",100% bearish,of 1 rating,$20
TACOW,$3.975,1440789357853,"9,532",100% bullish,of 1 rating,N/A
DCTH,$0.41,1440789357878,"94,871",78% bullish,of 9 ratings,N/A
DGAS,$20.2,1440789357910,"2,680",67% bearish,of 3 ratings,N/A
DELT,$2.6,1440789358018,"5,400",Not yet rated,NULL,N/A
DELTW,NULL,1440789358051,0,Not yet rated,NULL,N/A
XRAY,$53.1104,1440789358151,"210,126",100% bullish,of 1 rating,$58
DENN,$11.48,1440789358233,"225,299",100% bullish,of 3 ratings,$15
DEPO,$28.45,1440789358283,"205,390",60% bullish,of 5 ratings,$29
DERM,$27.52,1440789358326,"38,702",100% bearish,of 1 rating,$33.50
DSCI,$5.935,1440789358433,"24,004",50% bullish,of 2 ratings,$16
DEST,$11.2,1440789358560,"13,714",50% bullish,of 2 ratings,N/A
DXM,$0.2642,1440789358652,"139,839",50% bullish,of 2 ratings,N/A
DXLG,$5.61,1440789358679,"47,867",100% bearish,of 1 rating,$8
DHXM,$7.2,1440789358732,500,Not yet rated,NULL,N/A
DSWL,$1.78,1440789358787,"4,000",100% bullish,of 1 rating,N/A
DHIL,$192.84,1440789358827,"2,337",Not yet rated,NULL,N/A
DMND,$29.83,1440789358855,"75,741",75% bullish,of 12 ratings,$32
DXCM,$94.12,1440789358884,"451,003",57% bullish,of 7 ratings,$98
DCIX,$1.74,1440789359099,"45,636",50% bullish,of 4 ratings,$3.50
DRNA,$11,1440789359155,"50,207",67% bearish,of 3 ratings,$25
FANG,$66.72,1440789359228,"622,319",50% bullish,of 2 ratings,$86.50
DGII,$10.05,1440789359258,"54,091",100% bearish,of 1 rating,$10
DMRC,$37.9,1440789359292,"100,625",100% bearish,of 1 rating,$44
DGLY,$8.3284,1440789359360,"69,726",50% bullish,of 6 ratings,$20
DRAD,$3.69,1440789359385,"12,028",100% bullish,of 1 rating,$5.25
APPS,$2.435,1440789359422,"74,195",100% bearish,of 1 rating,$10.25
DISCA,$26.96,1440789359671,"973,459",67% bullish,of 3 ratings,$34
DPRX,$13.7,1440789359701,"6,831",100% bullish,of 2 ratings,$27.75
DCOM,$17,1440789359803,"66,030",100% bearish,of 2 ratings,$16.50
DISCB,NULL,1440789359827,0,100% bearish,of 1 rating,$35
DIOD,$19.92,1440789359875,"38,145",75% bearish,of 4 ratings,$24
DISCK,$25.6,1440789359903,"847,773",100% bearish,of 1 rating,$32
DSCO,$0.4177,1440789359925,"171,194",83% bullish,of 6 ratings,$2.75
DISH,$59.37,1440789360059,"405,324",69% bullish,of 13 ratings,$73
DVCR,$11.17,1440789360161,"5,262",100% bullish,of 1 rating,N/A
DNBF,NULL,1440789360201,0,Not yet rated,NULL,$27.50
DLHC,$2.52,1440789360251,"1,550",100% bearish,of 1 rating,N/A
BAGR,$2.81,1440789360335,"6,800",100% bearish,of 1 rating,$6
DLTR,$76.69,1440789360439,"837,376",82% bullish,of 11 ratings,$88
DGICA,$14.44,1440789360482,"6,307",100% bearish,of 1 rating,$17
DGICB,NULL,1440789360518,0,100% bearish,of 1 rating,N/A
DMLP,$14.7299,1440789360686,"5,053",100% bearish,of 1 rating,N/A
DRWI,$0.2145,1440789360743,"399,675",60% bullish,of 5 ratings,$.45
HILL,$9.68,1440789360821,"940,612",60% bearish,of 5 ratings,$9.75
DORM,$50.24,1440789360849,"149,493",100% bearish,of 1 rating,$56
DRWIW,NULL,1440789360870,0,Not yet rated,NULL,N/A
DRYS,$0.4398,1440789361027,"3,068,137",77% bullish,of 31 ratings,$.60
DWA,$20.22,1440789361053,"543,651",63% bullish,of 8 ratings,$26
DSKX,$3.255,1440789361083,"241,778",100% bullish,of 1 rating,N/A
DSPG,$8.6,1440789361216,"36,571",100% bearish,of 1 rating,$13.50
CADTR,NULL,1440789361244,0,Not yet rated,NULL,N/A
CADT,NULL,1440789361268,0,Not yet rated,NULL,N/A
CADTU,NULL,1440789361293,0,Not yet rated,NULL,N/A
DTSI,$26.82,1440789361432,"30,713",100% bearish,of 2 ratings,$39.50
CADTW,NULL,1440789361536,0,Not yet rated,NULL,N/A
DRRX,$2.05,1440789361634,"137,345",50% bullish,of 6 ratings,$3
DNKN,$51.69,1440789361663,"417,993",67% bullish,of 15 ratings,$56.50
DXPE,$28,1440789361691,"141,482",50% bullish,of 2 ratings,N/A
DYAX,$23.2425,1440789361732,"256,466",89% bullish,of 9 ratings,$30
BOOM,$10.55,1440789361759,"102,995",67% bullish,of 3 ratings,$12
DYSL,$1.47,1440789361891,"1,697",100% bullish,of 2 ratings,N/A
ETFC,$26.49,1440789362024,"908,982",57% bullish,of 14 ratings,$32.50
DVAX,$29.5201,1440789362050,"182,197",70% bullish,of 10 ratings,$40
DYNT,$3.1,1440789362095,"2,317",75% bullish,of 4 ratings,N/A
EGBN,$41.86,1440789362179,"32,547",Not yet rated,NULL,$48
EGRX,$82.62,1440789362207,"144,342",67% bullish,of 3 ratings,$97
EBMT,$11.5,1440789362236,700,Not yet rated,NULL,$13.50
EGLE,$6.43,1440789362336,"31,672",60% bullish,of 5 ratings,N/A
EROC,$1.56,1440789362532,"236,992",50% bullish,of 2 ratings,$3
ELNK,$8.4101,1440789362561,"313,603",60% bullish,of 5 ratings,$9.50
EACQU,NULL,1440789362587,0,Not yet rated,NULL,N/A
EWBC,$40.2599,1440789362613,"279,323",100% bearish,of 1 rating,$50
EML,$16.53,1440789362740,"5,100",Not yet rated,NULL,N/A
EVBS,$6.6001,1440789362790,"11,236",Not yet rated,NULL,$7
EBIX,$28.12,1440789362818,"65,977",69% bullish,of 13 ratings,$40
EBAY,$27.115,1440789362845,"3,269,893",81% bullish,of 117 ratings,$34
ECHO,$23.08,1440789363020,"128,640",67% bearish,of 3 ratings,$35.50
ELON,$0.5609,1440789363045,"27,244",50% bullish,of 2 ratings,N/A
ECTE,$1.51,1440789363223,"2,683",75% bullish,of 4 ratings,N/A
ESES,$3.4,1440789363271,"1,132",100% bearish,of 1 rating,$7
SATS,$44.44,1440789363403,"21,502",50% bullish,of 2 ratings,$60
ECACU,$10.1,1440789363434,"3,301",Not yet rated,NULL,N/A
EEI,$11.29,1440789363466,"3,000",67% bearish,of 3 ratings,N/A
EDUC,$5.61,1440789363536,"16,237",100% bearish,of 1 rating,N/A
EDAP,$3.57,1440789363569,"20,118",60% bullish,of 5 ratings,$4.50
EDGW,$7.02,1440789363607,"6,350",100% bearish,of 1 rating,N/A
EFUT,$4.63,1440789363667,500,Not yet rated,NULL,N/A
EGAN,$3.63,1440789363714,"5,570",50% bullish,of 2 ratings,$6.25
EGLT,$10.56,1440789363874,"17,245",50% bullish,of 2 ratings,$21
EMITF,$1.25,1440789364002,"3,472",75% bullish,of 4 ratings,N/A
EHTH,$14.46,1440789364051,"123,987",50% bullish,of 4 ratings,$16.50
LOCO,$13.55,1440789364100,"1,001,880",69% bullish,of 13 ratings,$20
ERI,$9.8,1440789364127,"91,274",100% bearish,of 1 rating,$10
ESLT,$76.89,1440789364185,"2,263",67% bullish,of 3 ratings,N/A
ELRC,$10.6,1440789364284,"10,094",100% bearish,of 1 rating,N/A
EFII,$44.02,1440789364311,"59,938",80% bullish,of 5 ratings,$55
ESIO,$4.32,1440789364338,"99,824",50% bullish,of 2 ratings,$10
EA,$68,1440789364537,"1,189,424",77% bullish,of 35 ratings,$80
ELEC,NULL,1440789364565,0,Not yet rated,NULL,N/A
ELSE,$3.9999,1440789364591,500,60% bullish,of 5 ratings,N/A
ELECW,NULL,1440789364667,0,Not yet rated,NULL,N/A
ELECU,NULL,1440789364727,0,Not yet rated,NULL,N/A
EBIO,$3.51,1440789364795,"140,949",100% bearish,of 2 ratings,$8.35
ESBK,NULL,1440789364956,0,Not yet rated,NULL,N/A
RDEN,$10.92,1440789364981,"43,801",100% bearish,of 4 ratings,$15
LONG,$16.99,1440789365010,"9,264",67% bullish,of 3 ratings,$15.75
CAPX,$22.98,1440789365040,"3,700",Not yet rated,NULL,N/A
ELTK,$1.34,1440789365143,"138,013",67% bearish,of 3 ratings,N/A
EMCI,$22.99,1440789365170,"12,376",Not yet rated,NULL,N/A
EMCF,$23.06,1440789365301,100,100% bearish,of 1 rating,N/A
EMMSP,$3,1440789365372,200,100% bearish,of 1 rating,N/A
EMKR,$7.04,1440789365404,"47,913",75% bullish,of 4 ratings,$8.50
EMMS,$1.1528,1440789365456,"112,316",83% bullish,of 6 ratings,N/A
NYNY,$4.37,1440789365503,"25,736",50% bullish,of 2 ratings,N/A
ERS,$2.8475,1440789365587,"6,100",Not yet rated,NULL,N/A
ENTA,$41.19,1440789365635,"74,273",50% bullish,of 2 ratings,$42
WIRE,$31.63,1440789365773,"55,350",100% bearish,of 1 rating,$37
ECPG,$40,1440789365822,"84,884",100% bullish,of 2 ratings,$52
ENDP,$78.5,1440789365875,"487,394",50% bullish,of 6 ratings,$104
ECYT,$5.265,1440789365965,"130,124",83% bullish,of 6 ratings,$12
ELGX,$13.01,1440789366067,"139,434",75% bullish,of 4 ratings,$17
EIGI,$15.485,1440789366229,"130,230",67% bearish,of 3 ratings,$22.50
WATT,$6.92,1440789366318,"114,337",50% bullish,of 2 ratings,$13
ERII,$2.67,1440789366343,"40,950",80% bullish,of 5 ratings,$2.50
EFOI,$21.38,1440789366377,"614,187",50% bullish,of 2 ratings,$20.50
EXXI,$1.765,1440789366398,"1,771,432",86% bullish,of 7 ratings,$3.50
ENOC,$9.16,1440789366486,"186,997",75% bullish,of 4 ratings,$18
ENG,$1.04,1440789366528,"2,560",100% bullish,of 3 ratings,N/A
ENPH,$4.59,1440789366717,"319,047",75% bullish,of 4 ratings,$11
ENTG,$13.68,1440789366774,"345,787",100% bearish,of 1 rating,$18
ENFC,$17.7,1440789366800,"13,700",Not yet rated,NULL,N/A
ESGR,$145,1440789366829,"8,347",100% bearish,of 1 rating,$185
ENTL,$21.99,1440789366934,"7,768",Not yet rated,NULL,$28
ETRM,$0.2785,1440789367063,"438,950",69% bearish,of 35 ratings,$1.625
EFSC,$23.82,1440789367142,"21,099",Not yet rated,NULL,$27
ENZY,$9.7299,1440789367247,"17,099",67% bullish,of 3 ratings,$9.50
ENVI,$1.83,1440789367273,"17,988",67% bullish,of 3 ratings,N/A
EBTC,$21.65,1440789367299,"1,825",Not yet rated,NULL,N/A
ENZN,$1.0338,1440789367354,"144,012",100% bullish,of 9 ratings,N/A
EPIQ,$12.885,1440789367435,"56,193",100% bearish,of 1 rating,$18
EPRS,$5.33,1440789367483,"57,927",82% bullish,of 11 ratings,$15
EGT,$2.0411,1440789367508,"12,552",100% bullish,of 1 rating,N/A
EPZM,$19.52,1440789367665,"163,184",60% bullish,of 5 ratings,$34
PLUS,$76.32,1440789367773,"18,355",50% bullish,of 2 ratings,$88
EQIX,$267.9,1440789367862,"173,901",75% bullish,of 4 ratings,$312.50
EQFN,NULL,1440789367936,0,100% bearish,of 1 rating,N/A
ERIC,$9.93,1440789367971,"1,013,027",67% bullish,of 9 ratings,$12.20
EAC,$3.4,1440789368020,"3,115",100% bearish,of 1 rating,$8
ERIE,$82.66,1440789368071,"8,771",Not yet rated,NULL,$73
ESCA,$17.84,1440789368098,"10,888",100% bearish,of 1 rating,$22
ESCR,$0.0955,1440789368262,"195,542",50% bullish,of 2 ratings,N/A
ESCRP,$1.215,1440789368339,"3,260",100% bearish,of 1 rating,N/A
ESPR,$52.2201,1440789368374,"478,426",70% bearish,of 10 ratings,$123
ESSA,$12.88,1440789368400,856,100% bearish,of 1 rating,N/A
ESMC,$1.32,1440789368473,250,Not yet rated,NULL,N/A
ESND,$34.46,1440789368530,"61,796",100% bearish,of 2 ratings,$40
EPIX,NULL,1440789368603,0,Not yet rated,NULL,N/A
ESSX,$0.4598,1440789368659,"83,837",50% bullish,of 2 ratings,N/A
ETSY,$14.79,1440789368816,"303,256",80% bullish,of 5 ratings,$16
CLWT,NULL,1440789368975,0,100% bullish,of 1 rating,N/A
ESEA,$5.37,1440789369011,"3,309",100% bullish,of 1 rating,$15
EEFT,$65.38,1440789369033,"97,025",100% bearish,of 1 rating,$67.50
EVOK,$3.77,1440789369067,"39,176",100% bearish,of 1 rating,$13.375
EVK,$3.73,1440789369106,200,75% bearish,of 4 ratings,N/A
EVLV,$2.62,1440789369133,"130,529",60% bullish,of 5 ratings,$5.125
EVEP,$8.185,1440789369161,"254,622",50% bullish,of 2 ratings,$15
EXAS,$22.16,1440789369376,"318,226",78% bullish,of 9 ratings,$31
EXA,$11.34,1440789369415,"10,544",100% bearish,of 1 rating,$13
EXAC,$18.63,1440789369552,"15,281",100% bearish,of 1 rating,$22.50
EXFO,$2.74,1440789369578,"2,909",67% bearish,of 3 ratings,$3.95
EVOL,$6.14,1440789369606,"3,525",75% bullish,of 4 ratings,$10
EXEL,$6.02,1440789369633,"2,390,844",81% bullish,of 16 ratings,$6
EXLS,$36.46,1440789369658,"57,377",50% bullish,of 2 ratings,$41
EXPE,$116.35,1440789369791,"258,213",64% bullish,of 11 ratings,$130
EXPO,$42.76,1440789369923,"41,429",100% bearish,of 1 rating,$45.50
EXPD,$49.38,1440789369954,"636,281",80% bullish,of 5 ratings,$52
EXLP,$20.66,1440789369980,"133,684",100% bearish,of 1 rating,$25
ESRX,$84.36,1440789370005,"1,143,559",67% bearish,of 6 ratings,$101
EYEG,$3.59,1440789370183,"6,020",Not yet rated,NULL,N/A
EYEGW,NULL,1440789370208,0,Not yet rated,NULL,N/A
EXTR,$2.795,1440789370233,"324,734",80% bullish,of 5 ratings,$3
EZCH,$22.71,1440789370258,"82,062",75% bullish,of 8 ratings,$19.50
EZPW,$5.89,1440789370399,"100,835",50% bullish,of 4 ratings,$7.50
FFIV,$122.51,1440789370453,"250,523",63% bullish,of 8 ratings,$132
FRP,$16.23,1440789370619,"71,993",100% bearish,of 1 rating,$18
FCS,$13.63,1440789370646,"301,260",67% bearish,of 3 ratings,$17
DAVE,$15.1897,1440789370676,"11,321",100% bearish,of 1 rating,$15.50
FWM,$2.26,1440789370698,"84,156",100% bearish,of 2 ratings,$3.20
FALC,$1.79,1440789370732,"87,634",63% bearish,of 8 ratings,N/A
FB,$90.61,1440789370777,"16,811,762",73% bullish,of 1069 ratings,$111
FARM,$22.71,1440789370868,"12,450",100% bearish,of 1 rating,$35
FFKT,$25.79,1440789370939,"6,339",Not yet rated,NULL,$29
FMNB,$8.3,1440789370999,"6,077",Not yet rated,NULL,N/A
FARO,$37.98,1440789371142,"66,001",50% bullish,of 2 ratings,$48
FAST,$38.705,1440789371168,"584,469",80% bullish,of 5 ratings,$45.50
FATE,$7.12,1440789371360,"19,945",50% bullish,of 2 ratings,$11
FNHC,$21.52,1440789371393,"69,723",100% bearish,of 1 rating,$35
FDML,$8.62,1440789371418,"148,678",50% bullish,of 4 ratings,$14
FHCO,$1.39,1440789371447,"23,214",50% bullish,of 4 ratings,N/A
FBSS,$15.29,1440789371468,200,Not yet rated,NULL,N/A
FBRC,$22.6,1440789371507,"8,089",100% bearish,of 1 rating,$29
FENX,$9.77,1440789371601,"119,981",100% bullish,of 1 rating,$14.25
FEIC,$75.59,1440789371634,"94,325",50% bullish,of 2 ratings,$95.50
FCSC,$5.73,1440789371742,"64,379",100% bearish,of 1 rating,$8.125
FGEN,$24.4,1440789371901,"66,466",100% bearish,of 1 rating,$39
LION,$19.13,1440789371926,"37,250",100% bullish,of 1 rating,$20
ONEQ,$189.22,1440789371951,"9,824",100% bullish,of 1 rating,N/A
FDUS,$14.498,1440789372173,"19,285",50% bullish,of 2 ratings,$18
FRGI,$52.435,1440789372201,"73,517",50% bullish,of 2 ratings,$70
FSAM,$8.16,1440789372237,"10,044",100% bearish,of 1 rating,$10.25
FSC,$6.465,1440789372265,"441,610",60% bullish,of 5 ratings,$8
FITBI,$27.5799,1440789372338,"28,004",Not yet rated,NULL,N/A
FSCFL,$24.46,1440789372369,"5,847",Not yet rated,NULL,N/A
FITB,$19.92,1440789372399,"2,220,055",54% bullish,of 13 ratings,$22
FSFR,$8.8775,1440789372464,"55,994",100% bearish,of 1 rating,$11.50
FNGN,$33.15,1440789372558,"81,693",67% bullish,of 3 ratings,$47
FNJN,$1.92,1440789372703,"19,601",100% bearish,of 1 rating,$5
FISI,$24.65,1440789372753,"8,475",100% bullish,of 2 ratings,$24.50
FNSR,$15.725,1440789372774,"359,231",71% bullish,of 7 ratings,$24.50
FNTCU,NULL,1440789373061,0,Not yet rated,NULL,N/A
FNTC,NULL,1440789373085,0,Not yet rated,NULL,N/A
FNLC,$18.75,1440789373218,"7,923",100% bullish,of 1 rating,N/A
FEYE,$39.03,1440789373255,"1,606,639",87% bullish,of 15 ratings,$55.50
FRBA,$6.09,1440789373318,800,Not yet rated,NULL,$8
FNTCW,NULL,1440789373383,0,Not yet rated,NULL,N/A
FBIZ,$43.8,1440789373420,"23,733",100% bearish,of 2 ratings,$52
FBNC,$17.03,1440789373450,"10,800",100% bullish,of 1 rating,$20
BUSE,$6.38,1440789373481,"59,282",Not yet rated,NULL,$6.875
FCVA,NULL,1440789373584,0,Not yet rated,NULL,N/A
FCAP,$26.5,1440789373639,202,Not yet rated,NULL,N/A
FCNCA,$235.34,1440789373820,"9,584",Not yet rated,NULL,N/A
FCFS,$39.695,1440789373875,"69,438",100% bearish,of 3 ratings,$48
FCLF,$9.04,1440789373980,504,Not yet rated,NULL,N/A
FCCO,$11.92,1440789374033,"1,200",Not yet rated,NULL,$13.25
FCBC,$17.38,1440789374088,"9,443",Not yet rated,NULL,$18
FCFP,$6.94,1440789374113,"1,500",Not yet rated,NULL,N/A
FBNK,$17.15,1440789374169,"17,348",100% bearish,of 1 rating,$17.50
FDEF,$37.73,1440789374271,"23,731",Not yet rated,NULL,$38
FFBC,$18.21,1440789374364,"62,390",67% bearish,of 3 ratings,$20.25
FFNM,$6.37,1440789374428,"1,086",Not yet rated,NULL,N/A
FFBCW,NULL,1440789374492,0,100% bearish,of 1 rating,N/A
FFNW,$12.1,1440789374521,"7,869",Not yet rated,NULL,$14
FFIN,$30.58,1440789374567,"55,778",50% bullish,of 2 ratings,$31.75
THFF,$32.97,1440789374623,"11,126",Not yet rated,NULL,$35
FFWM,$21.39,1440789374783,"5,016",Not yet rated,NULL,$24
INBK,$30.75,1440789374838,"7,428",50% bullish,of 2 ratings,$37
FIBK,$26.17,1440789374916,"47,655",Not yet rated,NULL,$32
FMBH,NULL,1440789374943,0,Not yet rated,NULL,N/A
FMBI,$17.36,1440789374975,"133,074",Not yet rated,NULL,$20
FRME,$25.94,1440789375078,"69,094",Not yet rated,NULL,$26.50
FNFG,$9.145,1440789375103,"803,304",80% bullish,of 5 ratings,$9
FNBC,$34.51,1440789375150,"37,271",Not yet rated,NULL,$40
FSFG,NULL,1440789375310,0,Not yet rated,NULL,N/A
FNWB,$11.86,1440789375347,"7,168",Not yet rated,NULL,N/A
FSGI,$2.5,1440789375376,"4,850",Not yet rated,NULL,N/A
FSLR,$47.7,1440789375442,"772,289",72% bullish,of 39 ratings,$65
FSBK,$7.95,1440789375512,"4,530",100% bullish,of 1 rating,N/A
FCAN,$24.71,1440789375643,"4,460",Not yet rated,NULL,N/A
BICK,$19.69,1440789375679,952,100% bullish,of 1 rating,N/A
FCA,$20.44,1440789375781,"2,200",Not yet rated,NULL,N/A
FBZ,NULL,1440789375810,0,Not yet rated,NULL,N/A
IFV,$17.8488,1440789375883,"513,670",100% bearish,of 1 rating,N/A
FTCS,$36.6101,1440789375910,"12,966",100% bearish,of 1 rating,N/A
FEMB,NULL,1440789375936,0,Not yet rated,NULL,N/A
FV,$23.64,1440789375965,"1,642,559",100% bearish,of 1 rating,N/A
FTSM,$59.853,1440789376208,"6,227",100% bearish,of 1 rating,N/A
FEUZ,$31.16,1440789376341,560,Not yet rated,NULL,N/A
MDIV,$19.22,1440789376377,"110,774",Not yet rated,NULL,N/A
TDIV,$24.81,1440789376404,"63,306",100% bearish,of 1 rating,N/A
FTHI,$19.5399,1440789376534,640,Not yet rated,NULL,N/A
FTGC,$22.42,1440789376563,"69,207",Not yet rated,NULL,N/A
FGM,$35.616,1440789376589,"2,104",Not yet rated,NULL,N/A
HYLS,$49.5299,1440789376668,"32,075",100% bearish,of 1 rating,N/A
YDIV,$16.4712,1440789376797,"3,063",Not yet rated,NULL,N/A
FPXI,$27.24,1440789376825,300,Not yet rated,NULL,N/A
FHK,$33.2652,1440789376846,"2,029",Not yet rated,NULL,N/A
SKYY,$29.09,1440789376893,"40,807",100% bullish,of 1 rating,N/A
CU,$13.0401,1440789377035,"4,612",100% bearish,of 1 rating,N/A
FJP,$47.7868,1440789377060,"56,121",Not yet rated,NULL,N/A
PLTM,$6.3701,1440789377103,"6,502",100% bearish,of 1 rating,N/A
LMBS,$49.85,1440789377263,"5,111",Not yet rated,NULL,N/A
FTLB,$19.3188,1440789377311,"3,260",100% bearish,of 1 rating,N/A
FMB,$51.23,1440789377397,415,Not yet rated,NULL,N/A
QCLN,$15.1706,1440789377445,"14,605",Not yet rated,NULL,N/A
CIBR,$18.02,1440789377530,"45,904",Not yet rated,NULL,N/A
CARZ,$35.074,1440789377599,"1,527",100% bearish,of 1 rating,N/A
QABA,$37.355,1440789377630,"7,082",100% bearish,of 1 rating,N/A
FONE,$35.4068,1440789377651,900,Not yet rated,NULL,N/A
GRID,$33.01,1440789377782,500,100% bearish,of 1 rating,N/A
QQEW,$42.05,1440789377810,"40,723",Not yet rated,NULL,N/A
RDVY,$21.13,1440789377886,"2,749",Not yet rated,NULL,N/A
QQXT,$40.6292,1440789378016,"18,181",Not yet rated,NULL,N/A
AIRR,$16.39,1440789378049,"2,152",100% bearish,of 1 rating,N/A
QTEC,$40.23,1440789378074,"19,872",Not yet rated,NULL,N/A
QINC,$20.2999,1440789378150,663,Not yet rated,NULL,N/A
FTSL,$48.74,1440789378222,"105,855",100% bearish,of 1 rating,N/A
FSZ,$39.1352,1440789378356,"3,392",Not yet rated,NULL,N/A
FTW,$31.39,1440789378450,109,Not yet rated,NULL,N/A
FKO,NULL,1440789378479,0,Not yet rated,NULL,N/A
FDIV,$46.9925,1440789378522,301,100% bearish,of 1 rating,N/A
FKU,$41.8544,1440789378577,"4,760",Not yet rated,NULL,N/A
FUNC,$8.13,1440789378605,"1,501",Not yet rated,NULL,N/A
TUSA,$25.08,1440789378634,200,Not yet rated,NULL,N/A
SVVC,$9.415,1440789378656,"11,479",50% bullish,of 2 ratings,$26
FISV,$86.66,1440789378920,"388,465",100% bearish,of 3 ratings,$90
FMER,$17.77,1440789378963,"487,167",50% bullish,of 2 ratings,$20
FIVE,$38.35,1440789379051,"579,127",75% bearish,of 4 ratings,$44
FSV,$31.29,1440789379077,"6,649",Not yet rated,NULL,$33.60
FIVN,$4.03,1440789379103,"61,055",100% bullish,of 1 rating,$8.50
FPRX,$19.39,1440789379124,"134,180",50% bullish,of 2 ratings,$35
FLML,$22.03,1440789379351,"65,289",50% bullish,of 2 ratings,$30
FLEX,$10.59,1440789379480,"811,121",63% bullish,of 8 ratings,$12
SKOR,$50.23,1440789379512,400,Not yet rated,NULL,N/A
FLXN,$25.31,1440789379534,"27,342",100% bearish,of 1 rating,$40
FLIR,$28.53,1440789379571,"566,278",100% bearish,of 1 rating,$38.50
FLXS,$32.02,1440789379602,"9,372",100% bearish,of 2 ratings,N/A
MBSD,$24.95,1440789379664,"13,103",Not yet rated,NULL,N/A
FLKS,$12.18,1440789379691,"20,975",50% bullish,of 2 ratings,$27
FFIC,$19.7,1440789379863,"47,964",Not yet rated,NULL,$21
FLDM,$11.61,1440789379997,"160,925",67% bearish,of 3 ratings,$15
FOMX,$10.245,1440789380023,"70,745",50% bullish,of 2 ratings,$23.50
FONR,$9.66,1440789380190,"3,923",100% bullish,of 1 rating,N/A
FOGO,$19.2,1440789380246,"28,434",50% bullish,of 2 ratings,$25.50
FORM,$6.54,1440789380280,"173,597",67% bullish,of 3 ratings,$10.50
FORR,$32.05,1440789380349,"6,404",Not yet rated,NULL,N/A
FES,$0.9661,1440789380377,"91,282",50% bullish,of 2 ratings,$1
FORTY,$30.31,1440789380408,700,100% bearish,of 1 rating,N/A
FTNT,$42.865,1440789380433,"338,996",80% bullish,of 10 ratings,$52
FWRD,$44.97,1440789380625,"100,018",100% bearish,of 1 rating,$50
FBIO,$2.87,1440789380654,"73,609",83% bullish,of 6 ratings,N/A
FORD,$1.74,1440789380702,"1,565,657",67% bullish,of 3 ratings,N/A
FWP,$27.01,1440789380785,"11,706",100% bearish,of 1 rating,$45
FMI,$23.575,1440789380846,"258,671",100% bearish,of 2 ratings,$27.50
FOSL,$61.7,1440789380977,"382,181",60% bearish,of 5 ratings,$80
FXCB,$17.01,1440789381067,"30,833",Not yet rated,NULL,$19
FRED,$13.075,1440789381202,"133,501",50% bullish,of 2 ratings,$16
FOXF,$15.21,1440789381231,"12,370",100% bearish,of 1 rating,$19
FRAN,$11.27,1440789381258,"228,673",50% bullish,of 4 ratings,$15
FELE,$29.22,1440789381287,"137,549",50% bullish,of 4 ratings,$33
FREE,$0.365,1440789381332,"292,568",92% bullish,of 12 ratings,N/A
FEIM,$11.0235,1440789381394,"2,203",100% bearish,of 1 rating,N/A
RAIL,$20.39,1440789381464,"42,084",100% bearish,of 1 rating,$24.50
FRPT,$13.18,1440789381497,"216,062",67% bearish,of 3 ratings,$23.50
FTR,$5.08,1440789381859,"7,812,191",78% bullish,of 27 ratings,$6.25
FTRPR,$100.85,1440789382041,"52,144",100% bearish,of 1 rating,N/A
FRPH,$31.15,1440789382099,"2,884",100% bearish,of 1 rating,N/A
FSYS,$6.64,1440789382327,"24,455",67% bullish,of 3 ratings,$10
FTD,$29.24,1440789382363,"57,698",100% bearish,of 1 rating,$40
FTEK,$2.05,1440789382393,"43,128",75% bullish,of 4 ratings,N/A
FCEL,$0.8025,1440789382469,"1,331,737",88% bullish,of 41 ratings,$2.65
FULLL,$24.9101,1440789382495,200,Not yet rated,NULL,N/A
FSBW,$22.77,1440789382524,717,Not yet rated,NULL,N/A
FLL,$1.5,1440789382621,"5,200",75% bullish,of 4 ratings,$3.50
FULL,$3.0999,1440789382653,"26,735",67% bearish,of 3 ratings,$4.25
FULT,$12.04,1440789382723,"319,414",100% bearish,of 1 rating,$13
FXEN,$0.88,1440789383022,"61,053",75% bullish,of 4 ratings,$1.10
FFHL,$1.05,1440789383048,"17,697",50% bullish,of 4 ratings,N/A
FXENP,$15.7547,1440789383191,700,100% bearish,of 1 rating,N/A
FSNN,$2.25,1440789383216,900,67% bullish,of 3 ratings,$6
GLPG,$60.62,1440789383682,"6,676",100% bullish,of 1 rating,$75
GALT,$1.98,1440789383815,"21,743",80% bullish,of 5 ratings,N/A
GK,$67.565,1440789383844,"28,753",Not yet rated,NULL,$78
GALE,$1.495,1440789383978,"631,218",89% bullish,of 47 ratings,$4
GAIA,$5.86,1440789384007,"1,800",50% bullish,of 2 ratings,$8.50
GALTW,NULL,1440789384031,0,100% bullish,of 1 rating,N/A
GALTU,NULL,1440789384067,0,100% bearish,of 1 rating,N/A
WILC,$4.84,1440789384089,"1,029",100% bullish,of 2 ratings,N/A
GLMD,$8.898,1440789384173,"7,810",67% bullish,of 3 ratings,$20.50
GLPI,$31.58,1440789384331,"183,114",100% bearish,of 1 rating,$37.50
GPIC,$10.38,1440789384387,510,100% bearish,of 1 rating,N/A
GRMN,$38.01,1440789384412,"347,275",50% bullish,of 6 ratings,$46.50
GGAC,$9.9,1440789384549,"3,134",100% bearish,of 1 rating,N/A
GGACR,$0.29,1440789384740,"46,800",100% bullish,of 1 rating,N/A
GGACU,$10.29,1440789384800,"19,744",Not yet rated,NULL,N/A
GENC,$9.21,1440789384831,"11,057",100% bearish,of 1 rating,N/A
GENE,$2.28,1440789384899,"162,270",100% bullish,of 12 ratings,N/A
GARS,$14.24,1440789384928,"14,370",Not yet rated,NULL,$16
GFNCP,$93.95,1440789384956,340,Not yet rated,NULL,N/A
GNCMA,$16.88,1440789384985,"60,091",100% bearish,of 1 rating,$12
GGACW,$0.14,1440789385036,"6,000",Not yet rated,NULL,N/A
GFNSL,$25.62,1440789385168,600,Not yet rated,NULL,N/A
GFN,$3.95,1440789385242,"13,889",100% bearish,of 2 ratings,$8
GNMK,$10.03,1440789385268,"139,368",67% bullish,of 6 ratings,$14
GNCA,$12.31,1440789385314,"52,328",100% bearish,of 1 rating,$20
GHDX,$27.54,1440789385477,"135,744",50% bullish,of 2 ratings,$30
GNTX,$15.49,1440789385543,"632,922",Not yet rated,NULL,$20
GERN,$3.19,1440789385681,"746,852",88% bullish,of 16 ratings,$5.25
GNVC,$2.52,1440789385711,"8,066",90% bullish,of 10 ratings,$8.50
GTWN,NULL,1440789385739,0,Not yet rated,NULL,N/A
GEOS,$16.35,1440789385764,"81,209",100% bearish,of 3 ratings,$21
GABC,$28.9836,1440789385796,"10,963",Not yet rated,NULL,$31
THRM,$46.48,1440789385818,"281,985",75% bearish,of 4 ratings,$55.50
GEVO,$2.3285,1440789385951,"282,278",75% bullish,of 12 ratings,$5
ROCK,$16.46,1440789386083,"67,378",80% bullish,of 5 ratings,$24
GIGM,$0.5201,1440789386109,"64,413",100% bullish,of 2 ratings,N/A
GIII,$68.395,1440789386237,"80,363",67% bullish,of 3 ratings,$75
GIGA,$1.44,1440789386320,"1,863",100% bearish,of 1 rating,N/A
GILT,$4.3912,1440789386486,900,50% bullish,of 2 ratings,N/A
GLADO,$25.45,1440789386516,600,Not yet rated,NULL,N/A
GOOD,$14.54,1440789386546,"58,052",Not yet rated,NULL,$19
GILD,$107.69,1440789386567,"3,695,403",91% bullish,of 87 ratings,$129
GLAD,$8.79,1440789386604,"150,463",50% bullish,of 2 ratings,$8.75
GBCI,$25.615,1440789386630,"82,602",50% bullish,of 2 ratings,$31
GOODO,$25,1440789386708,15,Not yet rated,NULL,N/A
GOODN,$25.407,1440789386790,400,Not yet rated,NULL,N/A
GAIN,$7.47,1440789386849,"88,786",100% bullish,of 2 ratings,$8.25
GAINN,$25,1440789386925,"55,393",Not yet rated,NULL,N/A
GOODP,NULL,1440789386950,0,Not yet rated,NULL,N/A
GAINO,$25.1728,1440789387089,490,Not yet rated,NULL,N/A
LAND,$9.109,1440789387271,"40,422",50% bullish,of 2 ratings,$13.75
GAINP,$25.9,1440789387297,320,Not yet rated,NULL,N/A
GBT,$46.49,1440789387447,"62,156",100% bearish,of 1 rating,N/A
ENT,$11.72,1440789387488,"31,703",100% bearish,of 1 rating,$18
GBLI,$26.86,1440789387518,"7,706",Not yet rated,NULL,N/A
GLBZ,NULL,1440789387539,0,Not yet rated,NULL,N/A
GDEF,$10.53,1440789387560,400,Not yet rated,NULL,N/A
GPACU,NULL,1440789387602,0,Not yet rated,NULL,N/A
GSOL,$8.06,1440789387697,"15,643",100% bearish,of 1 rating,N/A
ACTX,NULL,1440789387967,0,100% bullish,of 1 rating,N/A
QQQC,$19.65,1440789387995,"2,061",100% bearish,of 1 rating,N/A
ALTY,$14.44,1440789388016,600,Not yet rated,NULL,N/A
SOCL,$17.7899,1440789388050,"18,814",100% bullish,of 2 ratings,N/A
SRET,$13.27,1440789388153,214,Not yet rated,NULL,N/A
GAI,$5.92,1440789388195,"1,100",50% bullish,of 2 ratings,N/A
GSM,$13.38,1440789388282,"255,046",50% bullish,of 2 ratings,$22
YLCO,$11.9181,1440789388311,"1,371",Not yet rated,NULL,N/A
GLRI,$1.04,1440789388366,"15,061",100% bearish,of 1 rating,$4.25
GLBS,NULL,1440789388464,0,67% bullish,of 3 ratings,N/A
GBIM,$2.4,1440789388500,"18,269",50% bullish,of 2 ratings,N/A
GLUU,$4.5288,1440789388560,"568,564",92% bullish,of 26 ratings,$9
GLYC,$7.02,1440789388598,"14,186",50% bullish,of 2 ratings,$14
GLNG,$38.59,1440789388623,"780,290",83% bullish,of 6 ratings,$58
GOGO,$15.68,1440789388648,"271,640",80% bullish,of 5 ratings,$25
GMLP,$18.765,1440789388902,"132,248",50% bullish,of 4 ratings,$32.50
GBDC,$16.68,1440789389052,"79,267",Not yet rated,NULL,$17.75
GLDC,$4.0172,1440789389075,"4,985",50% bullish,of 2 ratings,N/A
GTIM,$6.94,1440789389101,"25,841",Not yet rated,NULL,$11.50
GOGL,$3.09,1440789389127,"154,535",75% bullish,of 4 ratings,$5
GDEN,$9.0399,1440789389158,"12,502",50% bullish,of 2 ratings,N/A
GOOG,$627.15,1440789389180,"650,289",89% bullish,of 70 ratings,$825
GOOGL,$656.5,1440789389311,"608,957",88% bullish,of 1081 ratings,$749
GPIAW,NULL,1440789389533,0,Not yet rated,NULL,N/A
GPIA,$9.79,1440789389564,150,Not yet rated,NULL,N/A
GPIAU,NULL,1440789389590,0,Not yet rated,NULL,N/A
LOPE,$37.41,1440789389620,"51,860",100% bearish,of 2 ratings,$50
GPRO,$47.95,1440789389665,"2,708,313",78% bullish,of 58 ratings,$72
GMAN,$3.765,1440789389727,"184,705",60% bullish,of 5 ratings,$8.50
GRVY,$3.16,1440789389829,125,50% bullish,of 2 ratings,N/A
GBSN,$0.3522,1440789389871,"2,826,025",50% bullish,of 2 ratings,$8.25
GBSNU,NULL,1440789389957,0,NULL,NULL,NULL
GLDD,$5.43,1440789390002,"53,957",100% bearish,of 4 ratings,$7.75
GSBC,$39.97,1440789390029,"13,394",100% bullish,of 1 rating,$44
GNBC,$11.87,1440789390090,"8,700",100% bearish,of 1 rating,$16.50
GPP,$13.6,1440789390164,"30,145",Not yet rated,NULL,$20.50
GRBK,$11.99,1440789390296,"70,017",77% bullish,of 13 ratings,N/A
GPRE,$20.38,1440789390367,"905,788",67% bullish,of 6 ratings,$28.50
GCBC,NULL,1440789390440,0,100% bullish,of 1 rating,N/A
GRIF,$33.49,1440789390499,254,100% bearish,of 1 rating,N/A
GLRE,$25.53,1440789390545,"112,716",50% bullish,of 2 ratings,$41
GRFS,$30.56,1440789390682,"156,183",50% bullish,of 2 ratings,$35
OMAB,$40.95,1440789390738,"10,568",100% bullish,of 1 rating,$44
GGAL,$19.49,1440789390765,"98,330",80% bullish,of 5 ratings,$40
GRPN,$4.545,1440789390814,"3,893,936",61% bullish,of 71 ratings,$6.75
GSIT,$4.62,1440789390897,"6,195",100% bearish,of 1 rating,N/A
GSIG,$12.88,1440789390945,"15,767",100% bearish,of 2 ratings,N/A
GTXI,$0.875,1440789390970,"14,670",100% bullish,of 5 ratings,$.75
GBNK,$15.77,1440789390995,"12,133",100% bearish,of 1 rating,$18
GSVC,$8.68,1440789391127,"65,709",50% bullish,of 2 ratings,$14.50
GFED,$14.7278,1440789391223,185,Not yet rated,NULL,$17
GUID,$7.22,1440789391262,"32,875",100% bearish,of 3 ratings,$10
GPOR,$35.12,1440789391418,"977,078",75% bullish,of 4 ratings,$55
GULTU,$0.3,1440789391451,"1,244,742",100% bearish,of 1 rating,N/A
GIFI,$12.45,1440789391473,"26,883",100% bearish,of 1 rating,$16
GURE,$1.6901,1440789391554,"78,076",88% bullish,of 8 ratings,N/A
GWPH,$109.97,1440789391600,"85,525",78% bullish,of 9 ratings,$148.50
GWGH,$7.74,1440789391696,935,100% bearish,of 1 rating,$15.05
GYRO,NULL,1440789391756,0,100% bearish,of 1 rating,N/A
HEES,$18.71,1440789391793,"226,171",67% bearish,of 3 ratings,$31
HLG,$9,1440789391890,"2,225",100% bearish,of 1 rating,N/A
HNRG,$7.69,1440789391915,"47,002",100% bearish,of 1 rating,$10
HALL,$11.435,1440789391944,"13,006",Not yet rated,NULL,N/A
HALO,$18.36,1440789392072,"583,875",67% bullish,of 3 ratings,$22.50
HBK,$13.7324,1440789392202,200,50% bullish,of 2 ratings,N/A
HMPR,$1.87,1440789392231,"15,205",100% bullish,of 1 rating,N/A
HNH,$25.335,1440789392335,"13,537",100% bullish,of 1 rating,N/A
HBHCL,$24.4,1440789392367,"25,934",Not yet rated,NULL,N/A
HBHC,$27.44,1440789392404,"306,804",50% bullish,of 2 ratings,$30
HDNG,$10.0865,1440789392470,"7,863",50% bullish,of 4 ratings,N/A
HAFC,$24.02,1440789392500,"60,524",100% bullish,of 2 ratings,$28.50
HNSN,$0.54,1440789392549,"37,184",88% bullish,of 8 ratings,$.40
HQCL,$12.7,1440789392632,"26,027",67% bullish,of 3 ratings,$14
HRMN,NULL,1440789392734,0,Not yet rated,NULL,N/A
HRMNU,NULL,1440789392802,0,Not yet rated,NULL,N/A
HLIT,$5.77,1440789392874,"120,448",100% bearish,of 1 rating,$6.50
TINY,$2.49,1440789393008,"11,263",50% bullish,of 2 ratings,$5.26
HART,$1.05,1440789393039,"85,424",100% bearish,of 1 rating,N/A
HRMNW,NULL,1440789393060,0,Not yet rated,NULL,N/A
HBIO,$4.3,1440789393141,"22,755",100% bearish,of 1 rating,$10
HCAP,$12.275,1440789393199,"3,900",50% bullish,of 2 ratings,$15
HCAPL,NULL,1440789393249,0,Not yet rated,NULL,N/A
HA,$22.68,1440789393275,"324,940",67% bullish,of 9 ratings,$27
HCOM,$21.89,1440789393414,"27,915",100% bearish,of 1 rating,$28
HAS,$75.5675,1440789393502,"328,654",63% bullish,of 8 ratings,$84.50
HWKN,$37.39,1440789393534,"16,491",Not yet rated,NULL,N/A
HWBK,NULL,1440789393563,0,100% bearish,of 1 rating,N/A
HDS,$33.31,1440789393632,"768,170",100% bearish,of 2 ratings,$39.50
HAYN,$37.89,1440789393659,"21,829",100% bearish,of 1 rating,$59
HIIQ,$5.16,1440789393790,"23,881",50% bullish,of 2 ratings,$7
HCSG,$33.3733,1440789393958,"69,600",50% bullish,of 4 ratings,$35
HQY,$29.6,1440789394016,"67,282",67% bullish,of 3 ratings,$32
HWAY,$11.92,1440789394061,"75,550",100% bearish,of 1 rating,$15
HSTM,$25.3,1440789394093,"38,602",50% bullish,of 2 ratings,$33.75
HTLD,$20.51,1440789394150,"145,029",Not yet rated,NULL,$22.50
HTBX,$5.17,1440789394187,"2,208",50% bullish,of 2 ratings,$15.50
HTLF,$35.72,1440789394212,"11,050",100% bullish,of 1 rating,$39.50
HTWR,$85.68,1440789394281,"97,496",50% bullish,of 2 ratings,$103
HSII,$19.56,1440789394386,"22,433",100% bullish,of 3 ratings,$25
HELE,$85.4,1440789394557,"44,228",67% bearish,of 3 ratings,$100
HNNA,$24.69,1440789394583,"6,248",Not yet rated,NULL,N/A
HMTV,$13.51,1440789394613,"4,245",100% bearish,of 1 rating,$16
HMNY,NULL,1440789394657,0,100% bearish,of 1 rating,N/A
HCACU,NULL,1440789394713,0,Not yet rated,NULL,N/A
HSIC,$139.071,1440789394739,"154,615",83% bullish,of 6 ratings,$146
HERO,NULL,1440789394762,0,NULL,NULL,NULL
HFWA,$17.67,1440789394928,"58,427",100% bullish,of 1 rating,$20
HTBK,$10.5,1440789394959,"21,817",Not yet rated,NULL,$12
HCCI,$11.27,1440789395013,"31,991",100% bearish,of 1 rating,$16.50
HEOP,$7.66,1440789395059,"8,624",Not yet rated,NULL,$8.50
MLHR,$27.04,1440789395119,"164,320",50% bullish,of 2 ratings,$33.50
HSKA,$33.7,1440789395251,"17,103",100% bearish,of 1 rating,$38
HRTX,$35.31,1440789395306,"135,524",67% bullish,of 6 ratings,$41
HFFC,$16,1440789395416,"4,730",Not yet rated,NULL,N/A
HIBB,$38.85,1440789395445,"142,743",100% bearish,of 1 rating,$46.50
HIHO,$3.63,1440789395526,"6,064",Not yet rated,NULL,N/A
HPJ,$2.19,1440789395557,"24,018",75% bullish,of 4 ratings,$12.43
HIMX,$6.86,1440789395598,"756,652",86% bullish,of 21 ratings,$8.50
HIFS,$117.21,1440789395668,812,Not yet rated,NULL,N/A
HSGX,$6.2,1440789395772,"3,450",100% bearish,of 1 rating,$17
HMSY,$10.43,1440789395800,"497,098",67% bullish,of 3 ratings,$19.35
HMNF,$11.68,1440789395829,"1,650",Not yet rated,NULL,N/A
HOLI,$17.79,1440789395863,"73,060",50% bullish,of 4 ratings,$27
HOLX,$39.64,1440789395995,"831,563",67% bullish,of 3 ratings,$42
HBCP,$24.725,1440789396102,"1,600",Not yet rated,NULL,$29
HOMB,$37.86,1440789396152,"145,016",Not yet rated,NULL,$42
HFBL,$21.58,1440789396177,500,Not yet rated,NULL,N/A
AWAY,$28.95,1440789396234,"238,946",67% bullish,of 3 ratings,$36
HMIN,$26.725,1440789396367,"26,815",100% bearish,of 2 ratings,$35
HOFT,$23.91,1440789396505,"10,657",100% bearish,of 1 rating,N/A
HFBC,$11.3,1440789396535,"2,400",Not yet rated,NULL,N/A
CETC,$0.75,1440789396559,"159,235",86% bullish,of 7 ratings,N/A
HTBI,$18.12,1440789396580,"15,675",67% bullish,of 3 ratings,$18.625
HMST,$21.85,1440789396620,"51,852",100% bullish,of 2 ratings,$27
HKTV,$4.76,1440789396641,100,100% bearish,of 1 rating,N/A
HBNC,$23.43,1440789396772,"8,904",100% bullish,of 1 rating,$27
HZNP,$30.35,1440789396861,"886,250",85% bullish,of 20 ratings,$40
ZINC,$7.855,1440789396900,"418,998",100% bearish,of 1 rating,$17
HRZN,$10.3999,1440789396925,"27,942",50% bullish,of 2 ratings,$14.25
HMHC,$22.65,1440789397136,"259,672",Not yet rated,NULL,$27
HDP,$24.12,1440789397198,"155,855",67% bearish,of 3 ratings,$30.50
HOVNP,$4.5,1440789397273,100,100% bearish,of 1 rating,N/A
HBMD,$14,1440789397309,609,100% bearish,of 1 rating,N/A
HUBG,$37.09,1440789397381,"273,244",100% bearish,of 1 rating,$43
HSNI,$62.27,1440789397402,"85,177",Not yet rated,NULL,$80
HWCC,$7.56,1440789397434,"71,488",100% bearish,of 1 rating,$9
HTGM,$5.5,1440789397455,"3,024",100% bearish,of 1 rating,$19.50
HSON,$2.6,1440789397616,"9,640",100% bearish,of 1 rating,$5
HCBK,$9.33,1440789397645,"597,270",83% bullish,of 6 ratings,$8.61
HDSN,$3.13,1440789397749,"18,900",100% bullish,of 1 rating,$6.25
HBAN,$10.87,1440789397854,"3,433,859",76% bullish,of 17 ratings,$12.29
HURC,$30.44,1440789397882,"6,529",100% bearish,of 1 rating,N/A
HBANP,NULL,1440789397907,0,100% bearish,of 1 rating,N/A
HTCH,$1.55,1440789398070,"83,218",100% bearish,of 1 rating,$3.50
HURN,$73.28,1440789398146,"57,871",50% bullish,of 2 ratings,$80
HBP,$3.15,1440789398176,916,100% bullish,of 1 rating,N/A
HDRAR,NULL,1440789398204,0,Not yet rated,NULL,N/A
HDRA,NULL,1440789398235,0,Not yet rated,NULL,N/A
HDRAU,NULL,1440789398260,0,Not yet rated,NULL,N/A
HYGS,$9.5,1440789398335,"25,771",50% bullish,of 2 ratings,$13
IACI,$71.23,1440789398395,"285,588",75% bullish,of 4 ratings,$90
IDSY,$3.92,1440789398467,"4,418",100% bearish,of 1 rating,$7
HDRAW,NULL,1440789398601,0,Not yet rated,NULL,N/A
IBKC,$60.13,1440789398631,"57,256",100% bullish,of 1 rating,$70
IKGH,$1.7,1440789398742,"3,672",75% bullish,of 4 ratings,N/A
IEP,$73.96,1440789398886,"45,431",75% bullish,of 4 ratings,$99
ICFI,$34.11,1440789398944,"36,120",50% bullish,of 2 ratings,$48.50
ICLR,$77.94,1440789398974,"190,908",100% bearish,of 3 ratings,$85
ICON,$13.52,1440789399002,"252,410",50% bullish,of 2 ratings,$18.50
ICAD,$3.99,1440789399023,"74,641",100% bullish,of 2 ratings,$7.25
ICUI,$113.93,1440789399058,"20,137",Not yet rated,NULL,$122
IPWR,$7.27,1440789399153,"2,300",100% bullish,of 1 rating,$15
IDXX,$73.07,1440789399246,"209,011",100% bearish,of 1 rating,$77
INVE,$4.47,1440789399319,"70,238",75% bullish,of 4 ratings,$4
DSKY,$11,1440789399380,"93,617",67% bullish,of 6 ratings,$11.50
IDRA,$2.96,1440789399459,"344,714",89% bullish,of 9 ratings,$6.50
IROQ,$16.7,1440789399594,200,100% bullish,of 1 rating,N/A
IRG,$4.86,1440789399639,"18,244",100% bearish,of 1 rating,$4.25
RXDX,$13.66,1440789399665,"65,955",100% bullish,of 1 rating,$20
KANG,$15.82,1440789399796,"123,987",50% bullish,of 2 ratings,$22.55
IIVI,$16.86,1440789399822,"60,090",100% bearish,of 1 rating,$22
IKAN,$2.74,1440789399850,"3,666",83% bullish,of 6 ratings,$5
IKNX,NULL,1440789399873,0,100% bearish,of 1 rating,N/A
ISNS,$3.97,1440789400050,"10,100",50% bullish,of 2 ratings,N/A
IMMR,$11.8,1440789400080,"49,539",80% bullish,of 5 ratings,$15.50
ILMN,$201.31,1440789400101,"614,173",80% bullish,of 5 ratings,$245
ICCC,$7.28,1440789400135,"10,531",100% bullish,of 1 rating,N/A
IMDZ,$16.59,1440789400232,"16,425",100% bearish,of 1 rating,$33
IMNP,$1.31,1440789400278,"28,947",50% bullish,of 2 ratings,$6
IMGN,$14.28,1440789400586,"631,849",75% bullish,of 4 ratings,$17.50
IMMY,$7.86,1440789400621,"1,125",100% bearish,of 1 rating,$11
SAAS,$7.63,1440789400652,"162,775",50% bullish,of 2 ratings,$15
IPXL,$42.69,1440789400682,"237,453",67% bullish,of 3 ratings,$46.50
IMMU,$2.14,1440789400703,"460,820",86% bullish,of 7 ratings,$2
IBCP,$14.1,1440789400736,"63,408",100% bullish,of 1 rating,$14.50
INCY,$119,1440789400757,"683,842",50% bullish,of 6 ratings,$125.50
INCR,$41.77,1440789400790,"146,597",50% bullish,of 2 ratings,$53
INDB,$44.5899,1440789401013,"140,971",Not yet rated,NULL,$44
IBTX,$41.44,1440789401038,"10,747",100% bullish,of 2 ratings,$47.25
IDSA,$3.662,1440789401071,"1,600",Not yet rated,NULL,N/A
INFI,$9.33,1440789401204,"196,739",50% bullish,of 4 ratings,$18
INFN,$22.17,1440789401233,"736,766",71% bullish,of 7 ratings,$28
III,$3.9199,1440789401335,"72,521",57% bullish,of 7 ratings,$6
IFON,$1.25,1440789401394,"22,399",75% bullish,of 4 ratings,N/A
IPCC,$77.23,1440789401427,"10,173",Not yet rated,NULL,$77.50
IMKTA,$50.26,1440789401538,"29,226",100% bearish,of 1 rating,N/A
INWK,$7.045,1440789401686,"29,309",50% bullish,of 2 ratings,$10
IPHS,$47.95,1440789401717,"44,575",100% bearish,of 1 rating,$60
INOD,$2.4,1440789401739,"1,900",100% bearish,of 1 rating,N/A
INNL,$12.565,1440789401793,250,100% bearish,of 1 rating,$16.50
IOSP,$48.05,1440789401818,"124,492",100% bearish,of 1 rating,N/A
INGN,$49.29,1440789401970,"166,768",100% bearish,of 1 rating,$50.50
ISSC,$2.91,1440789402020,"3,800",67% bearish,of 3 ratings,N/A
ITEK,$12.235,1440789402104,"198,450",100% bearish,of 3 ratings,$20
INO,$7.69,1440789402135,"1,358,557",89% bullish,of 18 ratings,$20
INOV,$21.68,1440789402156,"676,947",100% bearish,of 1 rating,$33
ISIG,$2.75,1440789402233,"9,563",100% bearish,of 1 rating,N/A
NSIT,$25.83,1440789402302,"48,807",50% bullish,of 2 ratings,N/A
INSM,$25.511,1440789402489,"172,302",71% bullish,of 7 ratings,$31.50
PODD,$29.61,1440789402520,"114,938",67% bearish,of 3 ratings,$35
NTEC,$5.59,1440789402541,"6,305",100% bearish,of 1 rating,N/A
INSY,$33.635,1440789402563,"173,412",75% bullish,of 4 ratings,$48
IDTI,$19.01,1440789402699,"876,691",60% bullish,of 5 ratings,$25
IIIN,$17.08,1440789402747,"8,921",100% bearish,of 2 ratings,N/A
IESC,$7.1,1440789402776,"1,700",100% bearish,of 1 rating,N/A
IART,$60.86,1440789402840,"78,270",100% bearish,of 1 rating,$71.50
ISSI,$21.905,1440789402935,"92,626",67% bullish,of 3 ratings,$19.75
IQNT,$18.6,1440789402983,"107,221",86% bullish,of 7 ratings,$20
INTC,$28.45,1440789403069,"15,883,361",82% bullish,of 238 ratings,$36
IPCI,$2.27,1440789403205,"71,721",67% bullish,of 6 ratings,$8
IBKR,$40.15,1440789403389,"249,416",100% bullish,of 1 rating,N/A
ININ,$35.805,1440789403417,"40,782",67% bearish,of 3 ratings,$57
IPAR,$25.65,1440789403446,"41,955",67% bullish,of 3 ratings,$38
ICLD,$1.88,1440789403478,"83,800",75% bullish,of 4 ratings,N/A
ICPT,$188.19,1440789403500,"76,751",70% bullish,of 10 ratings,$359.50
ICLDW,NULL,1440789403578,0,100% bearish,of 1 rating,N/A
IDCC,$49.38,1440789403631,"109,223",80% bullish,of 5 ratings,$63
TILE,$24.1,1440789403711,"255,719",100% bearish,of 3 ratings,$27
INAP,$8,1440789403843,"146,566",75% bullish,of 4 ratings,$11
IBOC,$25.05,1440789403903,"64,080",100% bearish,of 1 rating,N/A
ISCA,$31.8,1440789403949,"70,525",100% bearish,of 1 rating,N/A
IMI,$2.19,1440789403973,"7,295",67% bullish,of 3 ratings,$2.22
IGLD,NULL,1440789404128,0,50% bullish,of 2 ratings,N/A
PTNT,$2.985,1440789404159,"1,729",Not yet rated,NULL,N/A
INPH,$0.326,1440789404213,"153,436",50% bullish,of 2 ratings,N/A
IIJI,$10,1440789404263,20,50% bullish,of 2 ratings,$11.50
XENT,$25.33,1440789404345,"76,854",50% bullish,of 2 ratings,$36.50
ISIL,$10.59,1440789404395,"250,171",50% bullish,of 6 ratings,$15
INTX,$2.04,1440789404423,"85,249",67% bullish,of 3 ratings,N/A
IILG,$19.93,1440789404479,"45,379",100% bearish,of 1 rating,$29
IVAC,$4.87,1440789404648,"17,327",100% bearish,of 1 rating,$6.625
INTL,$25.71,1440789404674,"28,788",67% bearish,of 3 ratings,N/A
INTLL,$26.09,1440789404700,850,Not yet rated,NULL,N/A
ITCI,$26.78,1440789404837,"248,918",75% bearish,of 4 ratings,$40
IIN,$6.28,1440789404968,"1,400",100% bearish,of 1 rating,$12
ISRG,$513.41,1440789405040,"33,848",67% bullish,of 3 ratings,$600
INTU,$86.16,1440789405067,"1,044,638",86% bullish,of 7 ratings,$107.50
INVT,$0.3118,1440789405097,"165,609",67% bullish,of 3 ratings,N/A
ISTR,$15.7299,1440789405124,515,100% bearish,of 1 rating,$18.50
ITIC,$71.5,1440789405149,800,100% bearish,of 2 ratings,N/A
ISBC,$11.725,1440789405283,"614,462",100% bullish,of 1 rating,$13.25
NVIV,$9.5004,1440789405415,"91,258",50% bullish,of 4 ratings,$24.50
IVTY,$14.7,1440789405494,"14,404",Not yet rated,NULL,$18
DTUL,NULL,1440789405552,0,Not yet rated,NULL,N/A
SNAK,$8.65,1440789405579,"80,807",50% bullish,of 2 ratings,$14
IPAS,$1.0899,1440789405609,"40,680",67% bullish,of 3 ratings,N/A
DFVL,NULL,1440789405713,0,Not yet rated,NULL,N/A
IPGP,$85.41,1440789405854,"169,709",100% bearish,of 2 ratings,$109.50
IPCM,$79.33,1440789405946,"74,169",50% bullish,of 2 ratings,$80.125
IRWD,$11.24,1440789405987,"752,168",100% bearish,of 1 rating,$13
IRMD,$25.3,1440789406028,"9,440",67% bearish,of 3 ratings,$25
IRDMB,$288,1440789406049,20,67% bearish,of 3 ratings,N/A
IRIX,$7,1440789406078,"6,100",100% bearish,of 1 rating,N/A
IRDM,$7.1067,1440789406117,"241,172",60% bullish,of 5 ratings,$11.50
IRBT,$29.3,1440789406149,"95,490",67% bullish,of 6 ratings,$37
IRCP,NULL,1440789406366,0,100% bullish,of 2 ratings,N/A
COMT,$33.5101,1440789406424,"15,745",100% bearish,of 1 rating,N/A
FCHI,NULL,1440789406504,0,NULL,NULL,NULL
GNMA,$50.3,1440789406578,"2,685",Not yet rated,NULL,N/A
IFNA,NULL,1440789406635,0,NULL,NULL,NULL
IFAS,NULL,1440789406659,0,NULL,NULL,NULL
IFEU,$37.76,1440789406794,"4,382",Not yet rated,NULL,N/A
AAIT,NULL,1440789406856,0,NULL,NULL,NULL
AXJS,NULL,1440789406924,0,NULL,NULL,NULL
IFGL,$28.5551,1440789406954,"140,909",Not yet rated,NULL,N/A
AAXJ,$53.53,1440789406975,"823,842",Not yet rated,NULL,N/A
ACWX,$41.01,1440789407008,"470,789",100% bearish,of 1 rating,N/A
EEMA,$50.4701,1440789407107,"23,766",Not yet rated,NULL,N/A
ACWI,$56.218,1440789407177,"1,318,346",Not yet rated,NULL,N/A
EMEY,NULL,1440789407327,0,NULL,NULL,NULL
EGRW,NULL,1440789407351,0,NULL,NULL,NULL
EEME,NULL,1440789407377,0,NULL,NULL,NULL
EMDI,NULL,1440789407427,0,NULL,NULL,NULL
EVAL,NULL,1440789407477,0,NULL,NULL,NULL
EEML,$27.66,1440789407526,"7,900",Not yet rated,NULL,N/A
QAT,$21.43,1440789407685,400,Not yet rated,NULL,N/A
EUFN,$21.8855,1440789407750,"45,029",100% bearish,of 1 rating,N/A
UAE,$18.51,1440789407814,"9,800",Not yet rated,NULL,N/A
IEUS,$45.3901,1440789407839,"5,415",100% bearish,of 1 rating,N/A
EMIF,$28.7462,1440789407880,"8,913",Not yet rated,NULL,N/A
IBB,$351.796,1440789407906,"581,424",63% bullish,of 8 ratings,N/A
SOXX,$83.07,1440789407938,"321,146",50% bullish,of 2 ratings,N/A
ICLN,$9.6504,1440789408041,"11,788",50% bullish,of 2 ratings,N/A
WOOD,$48.39,1440789408196,"19,886",50% bullish,of 2 ratings,N/A
ISHG,$79.23,1440789408299,"6,399",100% bearish,of 1 rating,N/A
INDY,$27.63,1440789408328,"108,916",50% bullish,of 2 ratings,N/A
IGOV,$90.4861,1440789408402,"7,954",100% bearish,of 1 rating,N/A
ISIS,$51.16,1440789408433,"546,892",53% bullish,of 15 ratings,$67
ISLE,$17.61,1440789408548,"104,395",50% bullish,of 4 ratings,$16
ISRL,$132.25,1440789408576,373,100% bearish,of 1 rating,N/A
ITUS,$4.1,1440789408677,"6,550",Not yet rated,NULL,N/A
IXYS,$11.125,1440789408761,"73,778",50% bullish,of 4 ratings,N/A
ITRI,$30.005,1440789408791,"88,947",Not yet rated,NULL,$37
XXIA,$15.22,1440789408821,"220,673",71% bullish,of 7 ratings,$14.625
ITRN,$24.15,1440789408849,"1,316",50% bullish,of 2 ratings,N/A
JJSF,$114.94,1440789408925,"10,811",100% bearish,of 1 rating,N/A
JBHT,$73.48,1440789409029,"292,024",50% bullish,of 4 ratings,$89.50
MAYS,NULL,1440789409054,0,Not yet rated,NULL,N/A
JASO,$7.9,1440789409184,"619,728",82% bullish,of 17 ratings,$10
JCOM,$69.29,1440789409278,"99,763",100% bullish,of 2 ratings,$77
JACK,$81.42,1440789409371,"103,199",83% bullish,of 6 ratings,$105
JKHY,$68.64,1440789409397,"122,519",50% bullish,of 2 ratings,$72
JXSB,NULL,1440789409422,0,Not yet rated,NULL,N/A
JAXB,NULL,1440789409451,0,100% bullish,of 1 rating,N/A
JAGX,$3.72,1440789409555,"7,914",Not yet rated,NULL,N/A
JAKK,$9.4,1440789409615,"242,588",60% bearish,of 5 ratings,$11
JMBA,$13.99,1440789409718,"66,221",75% bullish,of 4 ratings,$18
JASNW,NULL,1440789409807,0,50% bullish,of 2 ratings,N/A
ERW,NULL,1440789409834,0,Not yet rated,NULL,N/A
JRVR,$26.58,1440789409855,"26,198",Not yet rated,NULL,$32
JASN,$4.99,1440789409886,"20,049",50% bullish,of 2 ratings,$9.50
JAZZ,$172.11,1440789410069,"78,492",80% bullish,of 15 ratings,$206.50
JBLU,$22.28,1440789410202,"1,848,286",94% bullish,of 18 ratings,$27
JTPY,$2.95,1440789410235,100,100% bearish,of 1 rating,N/A
JD,$26.55,1440789410256,"3,982,990",75% bullish,of 16 ratings,$36
JCTCF,NULL,1440789410285,0,100% bullish,of 1 rating,N/A
JST,$3.99,1440789410333,"4,702",75% bullish,of 4 ratings,N/A
WYIGU,$10.2,1440789410426,3,Not yet rated,NULL,N/A
JIVE,$4.48,1440789410458,"197,064",75% bullish,of 4 ratings,$5
DATE,$6,1440789410561,"59,041",75% bullish,of 4 ratings,$9
JBSS,$53.68,1440789410660,"44,223",67% bearish,of 3 ratings,N/A
JOUT,$23.25,1440789410706,"2,925",100% bearish,of 1 rating,$34
JOEZ,$0.174,1440789410731,"81,573",92% bullish,of 12 ratings,N/A
KTWO,$21.6,1440789410875,"55,752",100% bearish,of 1 rating,$28.50
JNP,$10.98,1440789410905,"23,831",100% bullish,of 3 ratings,$15
KALU,$82.72,1440789411012,"49,932",67% bearish,of 3 ratings,$91
JUNO,$38.08,1440789411057,"548,976",73% bullish,of 11 ratings,$71.50
KMDA,$3.4,1440789411097,"13,288",50% bullish,of 2 ratings,$8
KBIO,$2.07,1440789411152,"14,196",50% bullish,of 4 ratings,N/A
KCLI,$46.85,1440789411179,"24,065",Not yet rated,NULL,N/A
KNDI,$6.73,1440789411207,"218,551",86% bullish,of 22 ratings,N/A
KPTI,$14.01,1440789411237,"138,893",67% bearish,of 3 ratings,$39
KBSF,NULL,1440789411418,0,100% bullish,of 1 rating,N/A
KCAP,$4.705,1440789411523,"35,498",75% bullish,of 4 ratings,$6
KELYA,$14.18,1440789411596,"44,812",67% bullish,of 6 ratings,$20
