Symbol,Price,Date,Volume,Rating,RatingVoteCount,OneYearEstimate
TWOU,$34.17,1440598802840,"17,800",50% bullish,of 2 ratings,$39
FCCY,$11.64,1440598802878,200,100% bullish,of 1 rating,$13
FLWS,$9.24,1440598802910,"32,198",100% bullish,of 5 ratings,$15
FCTY,$7.9,1440598802972,"1,267",100% bullish,of 1 rating,$8.50
TFSCU,NULL,1440598802997,0,Not yet rated,NULL,N/A
DGLD,$83.8892,1440598803018,"4,768",100% bullish,of 1 rating,N/A
TFSCR,NULL,1440598803046,0,Not yet rated,NULL,N/A
TFSC,$9.73,1440598803067,"3,100",100% bearish,of 1 rating,N/A
SRCE,$28.94,1440598803237,"1,418",100% bullish,of 3 ratings,$33
DSLV,$77.6999,1440598803316,"8,326",100% bearish,of 1 rating,N/A
JOBS,$26.99,1440598803407,"15,507",50% bullish,of 4 ratings,$36
SIXD,$2.84,1440598803438,"238,046",Not yet rated,NULL,N/A
VNET,$17.835,1440598803475,"95,270",60% bullish,of 5 ratings,$29.50
UGLD,$8.924,1440598803496,"76,399",100% bearish,of 1 rating,N/A
CAFD,$14.1037,1440598803530,"26,659",Not yet rated,NULL,$25
USLV,$11.215,1440598803565,"285,788",86% bullish,of 7 ratings,N/A
ABGB,$6.22,1440598803983,"76,518",67% bullish,of 3 ratings,$5.50
EGHT,$7.46,1440598804017,"69,114",82% bullish,of 17 ratings,$11
SHLM,$31.95,1440598804049,"17,442",100% bearish,of 1 rating,$50
AVHI,$13.67,1440598804101,"2,216",100% bearish,of 1 rating,$19
ABEO,$4.54,1440598804128,"18,572",50% bullish,of 4 ratings,$15.50
AAON,$20.1,1440598804149,"26,707",100% bearish,of 1 rating,$24
ABY,$20.56,1440598804177,"180,733",100% bearish,of 2 ratings,$46
ABEOW,$1.63,1440598804204,"1,786",100% bullish,of 1 rating,N/A
ACHC,$69.66,1440598804522,"76,050",50% bullish,of 2 ratings,$92
ACAD,$34.8239,1440598804550,"87,215",80% bullish,of 20 ratings,$48
ABAX,$46.29,1440598804587,"6,198",100% bearish,of 1 rating,$60
ACST,NULL,1440598804681,0,100% bullish,of 2 ratings,N/A
ABMD,$95.392,1440598804713,"34,804",75% bullish,of 4 ratings,$100.50
AXAS,$1.515,1440598804745,"85,548",78% bullish,of 9 ratings,$3.50
ACTG,$8.83,1440598804781,"71,589",67% bullish,of 3 ratings,$18.50
AXDX,$17.57,1440598805050,"17,542",100% bearish,of 1 rating,N/A
XLRN,$27.5,1440598805075,"12,523",50% bullish,of 2 ratings,$57
ARAY,$6.2199,1440598805129,"116,453",100% bearish,of 1 rating,$10.50
ANCX,$19.59,1440598805263,"3,624",Not yet rated,NULL,$20
AKAO,$6.33,1440598805290,"21,673",75% bullish,of 4 ratings,$15
VXDN,$1.86,1440598805311,"7,724",100% bearish,of 1 rating,N/A
ACET,$22.22,1440598805343,"23,879",75% bullish,of 4 ratings,$30
ACRX,$4.03,1440598805445,"44,694",67% bearish,of 6 ratings,$5.50
VXUP,$1.6,1440598805491,"13,492",100% bearish,of 1 rating,N/A
ACHN,$7.12,1440598805522,"162,444",90% bullish,of 21 ratings,$16
ACNB,NULL,1440598805627,0,Not yet rated,NULL,N/A
ACPW,$1.83,1440598805664,"7,056",100% bullish,of 4 ratings,$3.50
ACIW,$20.71,1440598805695,"38,310",50% bullish,of 2 ratings,$24
ACTS,$1.586,1440598805725,"8,424",100% bearish,of 1 rating,N/A
ACOR,$31.47,1440598805762,"116,123",67% bearish,of 3 ratings,$38.50
ATVI,$26.63,1440598806007,"548,817",68% bullish,of 84 ratings,$31.50
ADMS,$19.35,1440598806236,"4,174",100% bearish,of 2 ratings,$36
ACTA,$13,1440598806278,"10,694",67% bearish,of 3 ratings,$25
ACUR,$0.555,1440598806372,"3,773",100% bullish,of 5 ratings,$1
ADMP,$3.58,1440598806406,"3,906",50% bullish,of 2 ratings,$10
ADAP,$11.7299,1440598806427,"12,196",67% bullish,of 3 ratings,$22
ADUS,$28.26,1440598806448,"1,690",100% bearish,of 1 rating,$31
ACXM,$19.91,1440598806480,"30,534",67% bullish,of 3 ratings,N/A
ADEP,$6.45,1440598806508,"12,278",50% bullish,of 2 ratings,$10.75
AEY,$2.37,1440598806652,200,100% bearish,of 2 ratings,N/A
ADTN,$14.98,1440598806779,"37,440",67% bullish,of 3 ratings,$17.125
ADRO,$18.28,1440598806839,"24,774",80% bullish,of 5 ratings,$45.50
AEIS,$23.6675,1440598806883,"10,142",50% bullish,of 2 ratings,$32.50
ADBE,$75.23,1440598806910,"305,776",65% bullish,of 17 ratings,$90
AMD,$1.68,1440598806940,"1,165,613",83% bullish,of 103 ratings,$2
ADMA,$9.27,1440598806965,"1,304",Not yet rated,NULL,$19
ADXS,$13.295,1440598807184,"268,910",64% bullish,of 14 ratings,$27
YPRO,NULL,1440598807315,0,100% bearish,of 1 rating,N/A
AEGR,$17.27,1440598807349,"31,880",50% bullish,of 6 ratings,$26
ADXSW,$9.35,1440598807370,"5,902",100% bullish,of 1 rating,N/A
AEHR,NULL,1440598807447,0,50% bullish,of 2 ratings,N/A
AEGN,$17.3952,1440598807476,"13,235",100% bearish,of 2 ratings,$21
AMTX,$2.6189,1440598807501,"5,432",50% bullish,of 2 ratings,$26.11
MULT,NULL,1440598807525,0,100% bearish,of 1 rating,N/A
AEPI,$53.78,1440598807667,772,100% bearish,of 1 rating,N/A
AERI,$15.65,1440598807706,"23,182",75% bullish,of 4 ratings,$31.50
AVAV,$22.91,1440598807804,"10,052",50% bullish,of 4 ratings,$31
AEZS,$0.0862,1440598807848,"731,154",90% bullish,of 21 ratings,$1.50
AFFX,$8.97,1440598807954,"34,749",80% bullish,of 5 ratings,$12
AEMD,$7.2,1440598807979,349,Not yet rated,NULL,$27.50
AFMD,$9.74,1440598808038,"28,193",50% bullish,of 4 ratings,$15
AGEN,$6.65,1440598808107,"204,109",85% bullish,of 13 ratings,$14
AGIO,$85.365,1440598808205,"52,001",88% bullish,of 8 ratings,$114
AGYS,$9.53,1440598808233,"2,100",100% bearish,of 1 rating,N/A
AGRX,$8.51,1440598808258,"2,174",100% bearish,of 1 rating,$17.50
AGFS,$9.88,1440598808416,"4,885",100% bearish,of 1 rating,N/A
AIMT,$21.75,1440598808444,"3,000",Not yet rated,NULL,N/A
AGFSW,$1.84,1440598808475,"1,903",100% bearish,of 2 ratings,N/A
AIRT,$21.12,1440598808520,146,100% bullish,of 1 rating,N/A
AIRM,$34.75,1440598808573,"39,108",80% bearish,of 5 ratings,$53
ATSG,$8.56,1440598808743,"17,657",67% bullish,of 3 ratings,$13
AMCN,$4.49,1440598808770,"144,908",83% bullish,of 6 ratings,N/A
AIXG,$5.78,1440598808900,538,67% bearish,of 3 ratings,$5.25
ALRM,$16.175,1440598808932,"4,488",100% bearish,of 1 rating,$22
AKBA,$6.12,1440598808967,"16,718",100% bearish,of 1 rating,$18
AKAM,$65.639,1440598808995,"238,033",63% bullish,of 8 ratings,$77
AKRX,$38.925,1440598809032,"70,612",78% bullish,of 9 ratings,$56
AKER,$2.27,1440598809060,500,Not yet rated,NULL,N/A
ALSK,$2.0001,1440598809247,"16,085",78% bullish,of 18 ratings,$2
ALDR,$36.79,1440598809408,"41,453",67% bearish,of 3 ratings,$62
AMRI,$19.36,1440598809434,"101,339",75% bearish,of 4 ratings,$24
ABDC,$11.62,1440598809463,"7,535",Not yet rated,NULL,$15
ADHD,$7.93,1440598809515,"22,303",50% bullish,of 4 ratings,$18
ALDX,$7,1440598809571,"3,300",100% bearish,of 1 rating,$14.50
ALXN,$169.34,1440598809598,"151,755",88% bullish,of 8 ratings,$223
ALXA,$1.11,1440598809768,"1,200",83% bullish,of 6 ratings,$2.125
ALCO,$42.1099,1440598809934,600,50% bullish,of 2 ratings,N/A
ALGT,$213.15,1440598809982,"7,767",100% bearish,of 2 ratings,$235
ALGN,$54.885,1440598810013,"63,778",100% bearish,of 2 ratings,$73
ALLB,$22.27,1440598810034,200,Not yet rated,NULL,N/A
ALIM,$3.17,1440598810069,"14,623",80% bullish,of 5 ratings,$10
ALKS,$57.56,1440598810115,"61,866",67% bullish,of 3 ratings,$75
AFOP,$17.98,1440598810164,"25,447",75% bullish,of 8 ratings,$21
AIQ,$13.14,1440598810400,"5,222",67% bullish,of 3 ratings,N/A
ARLP,$23.9354,1440598810426,"26,839",67% bearish,of 3 ratings,$32
AHPI,NULL,1440598810458,0,50% bullish,of 2 ratings,N/A
AHGP,$34.9,1440598810478,"2,477",67% bullish,of 3 ratings,N/A
AMOT,$17.96,1440598810556,"28,020",100% bearish,of 1 rating,N/A
MDRX,$12.93,1440598810626,"178,827",60% bullish,of 5 ratings,$16
ALQA,$4.23,1440598810651,"2,437",75% bullish,of 4 ratings,$8.50
ALLT,$4.87,1440598810689,"23,285",75% bullish,of 4 ratings,$6.25
AFAM,$43.88,1440598810831,"3,892",50% bullish,of 2 ratings,$44
ALNY,$97.435,1440598810929,"60,247",67% bullish,of 3 ratings,$148.50
SMCP,NULL,1440598810959,0,Not yet rated,NULL,N/A
AOSL,$7.2,1440598811063,"23,461",67% bullish,of 3 ratings,$9
ASPS,$24.38,1440598811130,"41,769",67% bullish,of 3 ratings,$46.50
ATEC,$0.57,1440598811156,"28,500",100% bullish,of 1 rating,$2
AIMC,$24,1440598811177,"5,918",100% bearish,of 2 ratings,$28.50
ALTR,$46.87,1440598811311,"230,636",80% bearish,of 5 ratings,$54
AMRN,$1.9099,1440598811395,"100,754",85% bullish,of 39 ratings,$8
AMAG,$60.52,1440598811443,"47,191",100% bullish,of 2 ratings,$77.50
AYA,$19.87,1440598811586,"5,532",100% bearish,of 1 rating,$40
AMBC,$15.34,1440598811615,"26,154",100% bearish,of 1 rating,$16.50
AMBCW,NULL,1440598811636,0,100% bearish,of 1 rating,N/A
AMZN,$479.97,1440598811719,"717,063",81% bullish,of 264 ratings,$646
AMRK,$10.49,1440598811767,100,50% bullish,of 2 ratings,$14
AMBA,$86.67,1440598811855,"417,443",83% bullish,of 12 ratings,$102.50
DOX,$55.97,1440598811959,"67,772",67% bearish,of 3 ratings,$60
AMCX,$69.64,1440598812020,"116,652",67% bullish,of 3 ratings,$87.50
AMED,$37.38,1440598812121,"21,914",100% bearish,of 1 rating,$42
AMDA,$0.4545,1440598812148,"262,718",90% bullish,of 10 ratings,$1
EPAX,$2.66,1440598812173,"14,365",100% bearish,of 1 rating,N/A
ASBI,$22.2,1440598812307,100,Not yet rated,NULL,N/A
ATAX,$5.1299,1440598812337,"40,029",100% bullish,of 1 rating,$6.50
UHAL,$364.46,1440598812370,"2,490",100% bullish,of 2 ratings,$393.50
AMOV,$17.38,1440598812439,154,100% bearish,of 1 rating,N/A
AGNC,$19.4101,1440598812467,"712,385",71% bullish,of 28 ratings,$22
AAL,$37.2,1440598812496,"1,579,055",93% bullish,of 88 ratings,$57
AGNCP,$25.14,1440598812598,500,Not yet rated,NULL,N/A
AGNCB,$24.07,1440598812623,400,Not yet rated,NULL,N/A
ACAS,$13.01,1440598812886,"171,002",60% bullish,of 5 ratings,$16.75
MTGEP,$24.69,1440598812912,300,Not yet rated,NULL,N/A
ACSF,$12.0499,1440598812932,"5,688",100% bearish,of 1 rating,$15
MTGE,$15.26,1440598812961,"35,616",75% bullish,of 4 ratings,$19.50
ANCI,NULL,1440598813097,0,100% bearish,of 1 rating,N/A
AMIC,NULL,1440598813126,0,Not yet rated,NULL,N/A
AMNB,$22.85,1440598813147,"1,696",Not yet rated,NULL,$25.50
AETI,$3.87,1440598813183,1,67% bearish,of 3 ratings,N/A
APEI,$20.805,1440598813280,"5,500",100% bearish,of 1 rating,$25.50
ANAT,$98.1399,1440598813327,"4,054",100% bullish,of 1 rating,N/A
ARII,$38.18,1440598813459,"24,470",67% bearish,of 3 ratings,$45
AMRB,$9.96,1440598813484,"4,604",Not yet rated,NULL,$11
ASEI,$36.87,1440598813509,"4,635",100% bearish,of 1 rating,$52.50
AMSC,$3.91,1440598813666,"32,836",50% bullish,of 4 ratings,N/A
AMWD,$63.91,1440598813734,"20,271",50% bullish,of 2 ratings,$70
AMSWA,$8.9,1440598813767,"3,543",100% bearish,of 2 ratings,$10.75
ASRV,$3.2301,1440598813867,"1,804",100% bullish,of 2 ratings,N/A
CRMT,$36.11,1440598813901,"7,774",100% bearish,of 1 rating,$39
ABCB,$26.08,1440598813965,"7,575",Not yet rated,NULL,$31
AMSF,$46.44,1440598813994,"5,531",Not yet rated,NULL,$57.50
AMGN,$148.734,1440598814070,"681,631",89% bullish,of 19 ratings,$185
ASRVP,NULL,1440598814143,0,Not yet rated,NULL,N/A
ATLO,$23.4,1440598814215,664,Not yet rated,NULL,N/A
AMKR,$4.505,1440598814357,"243,940",100% bearish,of 2 ratings,$5
FOLD,$13.76,1440598814394,"179,758",56% bullish,of 9 ratings,$21
AMPH,$12.96,1440598814419,"29,170",50% bullish,of 2 ratings,$20
AMSG,$78.1,1440598814491,"27,770",100% bearish,of 1 rating,$85.50
AMSGP,NULL,1440598814559,0,Not yet rated,NULL,N/A
ASYS,$5.11,1440598814647,"10,310",67% bullish,of 3 ratings,$12
AMRS,$1.55,1440598814672,"5,508",70% bullish,of 10 ratings,N/A
ADI,$50.97,1440598814849,"303,629",67% bullish,of 3 ratings,$69
ANAC,$126.88,1440598814883,"25,384",80% bullish,of 5 ratings,$180.50
ANCB,NULL,1440598814948,0,Not yet rated,NULL,$23
ABCW,$39.52,1440598814981,"1,361",67% bullish,of 3 ratings,N/A
ANAD,$0.3299,1440598815009,"96,530",100% bullish,of 2 ratings,$.50
ALOG,$78.05,1440598815082,"3,594",100% bearish,of 2 ratings,$100.50
AFSI,$57.47,1440598815343,"74,622",60% bullish,of 5 ratings,$72
AMCF,$0.2481,1440598815407,"1,800",100% bullish,of 7 ratings,N/A
ANGI,$4.68,1440598815476,"53,625",64% bullish,of 11 ratings,$5.50
ANSS,$86.49,1440598815513,"41,412",100% bearish,of 1 rating,$100
ANIP,$49.21,1440598815545,"17,874",89% bullish,of 19 ratings,$66
ANGO,$14.45,1440598815570,"3,323",67% bullish,of 3 ratings,$19
ANIK,$33.57,1440598815643,"12,090",60% bullish,of 5 ratings,$51.25
ANTH,$6.93,1440598815670,"134,869",80% bullish,of 10 ratings,$13
ATRS,$1.66,1440598815829,"224,335",92% bullish,of 12 ratings,$4.50
ATNY,$2.33,1440598815929,"2,800",50% bullish,of 2 ratings,$3.75
ABAC,NULL,1440598815958,0,100% bearish,of 1 rating,N/A
APIC,$5.94,1440598815991,"13,801",100% bearish,of 1 rating,$19
APOL,$10.58,1440598816057,"143,317",87% bearish,of 68 ratings,$14
APOG,$49.23,1440598816086,"14,190",50% bullish,of 2 ratings,$67
AINV,$6.29,1440598816152,"166,317",50% bullish,of 4 ratings,$8
AAPL,$106.5099,1440598816435,"12,989,319",86% bullish,of 2348 ratings,$150
ARCI,NULL,1440598816495,0,Not yet rated,NULL,N/A
APPF,$16.46,1440598816524,"9,450",50% bullish,of 2 ratings,$22
APDN,$3.113,1440598816566,"10,945",Not yet rated,NULL,$9
APDNW,$1.1,1440598816632,200,Not yet rated,NULL,N/A
AMAT,$14.8501,1440598816667,"3,319,235",82% bullish,of 11 ratings,$23
AMCC,$5.34,1440598816703,"73,610",80% bullish,of 5 ratings,$8
AGTC,$15.23,1440598816844,"5,166",50% bullish,of 2 ratings,$33
AAOI,$19.37,1440598816920,"19,990",50% bullish,of 4 ratings,$26
AREX,$1.685,1440598816988,"108,665",100% bearish,of 1 rating,$3
APTO,$4.82,1440598817019,406,Not yet rated,NULL,$17
APRI,$1.22,1440598817047,"10,422",83% bullish,of 6 ratings,$4.86
AQMS,$4.93,1440598817146,"10,896",Not yet rated,NULL,N/A
AQXP,$17.901,1440598817251,"78,356",50% bullish,of 2 ratings,$2
AUMA,NULL,1440598817317,0,Not yet rated,NULL,N/A
AUMAU,NULL,1440598817385,0,Not yet rated,NULL,N/A
AUMAW,NULL,1440598817413,0,Not yet rated,NULL,N/A
ARDM,$6.95,1440598817489,202,100% bullish,of 1 rating,$26
PETX,$17.29,1440598817578,"86,817",100% bearish,of 2 ratings,$26
ARCW,$3.4201,1440598817619,"7,108",100% bearish,of 2 ratings,$10.50
ABUS,$6.796,1440598817646,"41,452",86% bullish,of 14 ratings,$23
RKDA,$5.537,1440598817779,989,100% bearish,of 2 ratings,$10
ARCB,$27.49,1440598817806,"22,338",67% bearish,of 3 ratings,$39.50
ABIO,$0.8501,1440598817833,"36,780",50% bullish,of 2 ratings,$3.75
ACAT,$24.88,1440598817972,"8,920",100% bearish,of 3 ratings,$33
ACGL,$67.11,1440598818002,"21,078",50% bullish,of 2 ratings,$72
ARDX,$17.27,1440598818103,"6,026",50% bullish,of 2 ratings,$24.50
ARCC,$14.71,1440598818134,"355,906",67% bearish,of 3 ratings,$17.875
ARNA,$2.66,1440598818204,"554,743",90% bullish,of 77 ratings,$5.50
AGII,$55.65,1440598818260,"16,253",Not yet rated,NULL,$59.50
AGIIL,$25.31,1440598818341,"4,179",Not yet rated,NULL,N/A
ARGS,$6.1,1440598818372,"4,794",50% bullish,of 2 ratings,$19.50
ARIS,$4,1440598818478,"16,940",Not yet rated,NULL,$4.50
ARIA,$6.4299,1440598818526,"631,151",87% bullish,of 46 ratings,$9
ARMH,$40.87,1440598818712,"2,508,049",54% bearish,of 13 ratings,$61
ARTX,$1.37,1440598818743,"73,660",88% bullish,of 16 ratings,$4.50
ARKR,$24.92,1440598818796,200,50% bullish,of 2 ratings,N/A
ARWA,NULL,1440598818846,0,Not yet rated,NULL,N/A
ARWAR,$0.27,1440598818872,800,Not yet rated,NULL,N/A
ARWAU,NULL,1440598818902,0,100% bullish,of 1 rating,N/A
ARQL,$1.6,1440598818923,"36,050",75% bullish,of 4 ratings,$5
ARWAW,NULL,1440598819098,0,Not yet rated,NULL,N/A
DWAT,$9.64,1440598819258,600,100% bearish,of 1 rating,N/A
AROW,$26.7,1440598819288,"5,158",Not yet rated,NULL,N/A
ARRY,$5.52,1440598819318,"157,419",100% bullish,of 7 ratings,$10
ARRS,$24.99,1440598819363,"63,168",50% bullish,of 2 ratings,$38
ARWR,$5.3,1440598819388,"107,555",75% bullish,of 4 ratings,$10.50
ARTNA,$22.14,1440598819413,"3,214",100% bearish,of 1 rating,$29
ARTW,$4.2883,1440598819581,"2,263",75% bearish,of 4 ratings,N/A
ASBB,$24.74,1440598819626,74,Not yet rated,NULL,N/A
ASND,$19.27,1440598819714,"14,828",100% bullish,of 1 rating,$30
ASNA,$10.87,1440598819753,"276,802",50% bullish,of 2 ratings,$18
ASCMA,$26.4,1440598819778,"5,143",100% bearish,of 1 rating,$45
ASTI,$0.1056,1440598819848,"380,640",83% bullish,of 6 ratings,$3
APWC,NULL,1440598819878,0,100% bearish,of 1 rating,N/A
ASMI,NULL,1440598819984,0,NULL,NULL,NULL
ASML,$87.66,1440598820047,"189,567",50% bullish,of 4 ratings,$127
AZPN,$36.63,1440598820215,"57,598",50% bullish,of 2 ratings,$42
ALOT,$13.2,1440598820350,"16,610",100% bearish,of 1 rating,N/A
ASFI,$8.94,1440598820381,"4,210",100% bullish,of 1 rating,N/A
ASMB,$12.3401,1440598820410,"3,368",67% bullish,of 3 ratings,N/A
ASTE,$35.99,1440598820458,"4,944",100% bearish,of 1 rating,$48
ASTC,$1.8431,1440598820489,"6,203",100% bullish,of 5 ratings,N/A
ATRO,$50.349,1440598820515,"13,733",100% bearish,of 2 ratings,$80
ATRA,$40.394,1440598820593,"13,338",50% bullish,of 2 ratings,$68
ASUR,$5.46,1440598820659,900,50% bullish,of 2 ratings,$8
ATAI,$2.37,1440598820725,"1,400",100% bearish,of 1 rating,N/A
ATHN,$128.155,1440598820797,"6,530",67% bearish,of 3 ratings,$153
AFCB,$27.3,1440598820822,100,Not yet rated,NULL,N/A
ATHX,$1.08,1440598820890,"48,360",89% bullish,of 9 ratings,$5
AAPC,NULL,1440598821019,0,Not yet rated,NULL,N/A
AAME,NULL,1440598821175,0,Not yet rated,NULL,N/A
ATNI,$69.67,1440598821226,"9,147",100% bearish,of 1 rating,$69.50
ACFC,$5.8505,1440598821255,"5,300",Not yet rated,NULL,$6.50
ATML,$7.43,1440598821305,"1,020,844",78% bullish,of 9 ratings,$9.50
ATLC,NULL,1440598821365,0,67% bullish,of 3 ratings,N/A
ATRC,$25.035,1440598821392,"30,927",100% bullish,of 1 rating,$30
AAWW,$39.3,1440598821435,"23,953",50% bullish,of 2 ratings,$65
AFH,$16.16,1440598821459,"5,186",Not yet rated,NULL,$21.50
ATOS,$0.76,1440598821601,"27,045",100% bullish,of 7 ratings,$7
ATRM,NULL,1440598821691,0,50% bullish,of 2 ratings,N/A
ATRI,$373,1440598821774,624,Not yet rated,NULL,N/A
ATTU,$13.12,1440598821823,"3,705",100% bearish,of 1 rating,$20.50
LIFE,$13.64,1440598821875,"4,615",86% bullish,of 7 ratings,$43
AUBN,$26.5,1440598821966,"1,096",Not yet rated,NULL,N/A
AUDC,$3.08,1440598822020,"6,124",80% bullish,of 5 ratings,$5
EARS,$4.59,1440598822149,"2,214",100% bearish,of 2 ratings,$11.50
ADAT,$0.392,1440598822349,"844,736",100% bullish,of 2 ratings,N/A
ADSK,$48.87,1440598822378,"205,504",67% bullish,of 6 ratings,$69.50
AUPH,$3,1440598822404,600,100% bearish,of 1 rating,$8
AVGO,$111.74,1440598822430,"460,764",88% bullish,of 8 ratings,$165
ABTL,$16.31,1440598822459,"9,026",100% bullish,of 4 ratings,$20.25
ADP,$75.13,1440598822484,"404,665",100% bearish,of 1 rating,$88
AAVL,$10.16,1440598822700,"20,682",100% bearish,of 1 rating,$20
AVNU,$12.25,1440598822780,198,Not yet rated,NULL,$14
AVEO,$1.2505,1440598822843,"122,470",75% bullish,of 8 ratings,$3
AVGR,$13.98,1440598822978,"2,838",100% bearish,of 1 rating,$20
AVID,$7.87,1440598823004,"40,851",100% bearish,of 1 rating,$20
AVNW,$1.18,1440598823081,"3,700",50% bullish,of 2 ratings,$2.20
ACLS,$3.03,1440598823132,"90,521",67% bullish,of 6 ratings,$4.75
AWRE,$3.09,1440598823167,"1,678",67% bullish,of 3 ratings,N/A
CAR,$40.49,1440598823212,"345,187",80% bullish,of 5 ratings,$60
AXPW,$1.065,1440598823243,"11,874",83% bullish,of 6 ratings,N/A
AXGN,$3.75,1440598823349,"1,546",Not yet rated,NULL,$5
AXPWW,$1.1,1440598823460,100,Not yet rated,NULL,N/A
BCOM,$19.34,1440598823597,"2,010",100% bearish,of 1 rating,N/A
AXTI,$2.15,1440598823623,"21,870",50% bullish,of 2 ratings,$2.75
RILY,$9.99,1440598823646,300,Not yet rated,NULL,N/A
BOSC,$2.26,1440598823704,544,50% bullish,of 2 ratings,N/A
BEAV,$46.42,1440598823841,"117,755",67% bearish,of 3 ratings,$59
BWINA,NULL,1440598824102,0,Not yet rated,NULL,N/A
BLDP,$1.16,1440598824134,"169,933",91% bullish,of 22 ratings,$2.50
BCPC,$55.52,1440598824155,"8,294",100% bearish,of 1 rating,$75
BIDU,$138.685,1440598824185,"1,245,420",81% bullish,of 88 ratings,$210
BANFP,NULL,1440598824238,0,Not yet rated,NULL,N/A
BANF,$59.4,1440598824344,322,Not yet rated,NULL,$68
BWINB,$22.66,1440598824405,"4,733",Not yet rated,NULL,N/A
BOCH,$5.75,1440598824502,200,Not yet rated,NULL,$6.50
BKMU,$6.92,1440598824558,"3,474",Not yet rated,NULL,$8
BKSC,$15.5899,1440598824635,698,Not yet rated,NULL,N/A
BMRC,$48.5,1440598824660,600,Not yet rated,NULL,$52
BOTJ,NULL,1440598824728,0,Not yet rated,NULL,N/A
BFIN,$12.03,1440598824865,470,Not yet rated,NULL,$13
OZRK,$40.59,1440598824904,"113,653",67% bullish,of 3 ratings,$49.50
BWFG,$18,1440598824969,"1,300",100% bearish,of 1 rating,N/A
BZUN,$4.5905,1440598825164,"65,959",50% bullish,of 2 ratings,$11.50
BHAC,NULL,1440598825217,0,Not yet rated,NULL,N/A
TAPR,$32.2,1440598825243,967,100% bearish,of 1 rating,N/A
BANR,$42.95,1440598825264,"2,979",100% bullish,of 3 ratings,$50
BHACU,NULL,1440598825398,0,Not yet rated,NULL,N/A
BHACR,NULL,1440598825429,0,Not yet rated,NULL,N/A
BHACW,NULL,1440598825536,0,Not yet rated,NULL,N/A
BBSI,$33.31,1440598825570,"9,163",67% bearish,of 3 ratings,$62.50
BSET,$28.43,1440598825634,"4,225",100% bearish,of 1 rating,$35
BYBK,$4.9,1440598825708,275,100% bearish,of 1 rating,N/A
BYLK,$12.65,1440598825734,300,Not yet rated,NULL,$14
BV,$4.92,1440598825867,"45,241",67% bullish,of 6 ratings,$9
BBCN,$13.94,1440598825914,"30,415",100% bearish,of 1 rating,$16
BCBP,NULL,1440598825996,0,Not yet rated,NULL,N/A
BECN,$34.2399,1440598826090,"38,498",50% bullish,of 2 ratings,$40
BDCV,$4.67,1440598826160,"25,178",100% bearish,of 1 rating,$10.19
BSF,$8.43,1440598826225,223,Not yet rated,NULL,N/A
BBGI,$4.08,1440598826257,100,100% bearish,of 1 rating,N/A
BBBY,$60.71,1440598826356,"241,743",71% bullish,of 7 ratings,$75
BEBE,$1.6899,1440598826387,"9,261",75% bullish,of 4 ratings,$3.075
BELFB,$17.99,1440598826490,"3,416",100% bearish,of 1 rating,N/A
BLPH,$5.17,1440598826539,"3,599",100% bearish,of 1 rating,$12.50
BLCM,$16.0994,1440598826623,"12,163",50% bullish,of 4 ratings,$40
BNCL,$12.12,1440598826648,"32,468",100% bullish,of 3 ratings,$12.50
BELFA,$14.84,1440598826696,7,100% bearish,of 1 rating,N/A
BGMD,$0.777,1440598826862,"1,350",100% bullish,of 10 ratings,N/A
BNTC,$8.04,1440598826893,"4,468",100% bullish,of 1 rating,N/A
BNFT,$34.855,1440598826993,"32,202",67% bullish,of 3 ratings,$46
BGCP,$8.46,1440598827057,"120,534",88% bullish,of 8 ratings,$14
BGFV,$10.37,1440598827122,"10,206",57% bullish,of 7 ratings,$12
BIND,$4.225,1440598827225,"13,874",75% bullish,of 4 ratings,$13.50
ORPN,$5.33,1440598827250,"2,666",100% bullish,of 1 rating,$28.50
BASI,$1.53,1440598827289,102,Not yet rated,NULL,N/A
BCDA,NULL,1440598827316,0,Not yet rated,NULL,N/A
BIOC,$1.91,1440598827450,"60,149",83% bullish,of 6 ratings,$3.85
BCRX,$10.8887,1440598827480,"39,610",63% bullish,of 8 ratings,$18
BIOD,$0.668,1440598827506,"18,259",80% bullish,of 5 ratings,$4
BIIB,$285.722,1440598827651,"359,233",88% bullish,of 16 ratings,$400
BDSI,$6.1625,1440598827676,"133,930",88% bullish,of 8 ratings,$17
BIOL,$1.36,1440598827742,"8,495",Not yet rated,NULL,N/A
BLRX,$1.295,1440598827877,"23,020",100% bullish,of 12 ratings,$5
BLFS,NULL,1440598827908,0,100% bearish,of 1 rating,$4.75
BMRN,$122.33,1440598827938,"119,428",80% bullish,of 5 ratings,$160
BVXV,$3.43,1440598828007,"1,100",Not yet rated,NULL,N/A
BVXVW,NULL,1440598828036,0,100% bearish,of 1 rating,N/A
BPTH,$1.04,1440598828063,"5,559",100% bullish,of 2 ratings,$5
BRLI,NULL,1440598828095,0,NULL,NULL,NULL
BIOS,$2.225,1440598828235,"240,157",71% bullish,of 7 ratings,$4
BBC,$29.5232,1440598828304,"1,370",Not yet rated,NULL,N/A
BBP,$30.7015,1440598828339,"3,711",Not yet rated,NULL,N/A
BSTC,$47.06,1440598828533,"8,549",100% bearish,of 1 rating,$76
TECH,$94.33,1440598828634,"9,525",100% bullish,of 1 rating,$117
BSPM,$0.65,1440598828663,"9,258",50% bullish,of 2 ratings,N/A
BOTA,$2.115,1440598828725,"19,782",88% bullish,of 8 ratings,N/A
BITI,$17,1440598828762,"1,302",100% bullish,of 1 rating,$28
BJRI,$43.1251,1440598828789,"30,026",50% bullish,of 2 ratings,$55
BEAT,$14.265,1440598828825,"107,514",67% bearish,of 3 ratings,$15
BDMS,NULL,1440598828851,0,100% bearish,of 1 rating,N/A
BBOX,$14.81,1440598829007,"9,010",100% bearish,of 1 rating,N/A
BDE,$7.05,1440598829068,"6,872",50% bullish,of 2 ratings,$9
BLKB,$57.87,1440598829099,"13,359",100% bearish,of 2 ratings,$66
BBRY,$6.6701,1440598829237,"629,422",61% bullish,of 330 ratings,$9
HAWK,$40.38,1440598829312,"51,827",91% bullish,of 11 ratings,$49
BKCC,$9.01,1440598829443,"77,167",100% bullish,of 2 ratings,$10
ADRE,$28.6066,1440598829491,"1,904",100% bearish,of 1 rating,N/A
ADRA,$26.41,1440598829520,765,100% bearish,of 1 rating,N/A
ADRD,$21.7388,1440598829587,"1,170",100% bearish,of 1 rating,N/A
ADRU,$21.52,1440598829616,346,100% bearish,of 1 rating,N/A
BLMN,$19.01,1440598829766,"104,100",83% bullish,of 6 ratings,$27.50
BUFF,$26.03,1440598829819,"37,122",83% bullish,of 12 ratings,$31.50
BCOR,$13.19,1440598829844,"18,352",57% bullish,of 7 ratings,$15
BBLU,$0.8001,1440598829985,"12,800",100% bullish,of 2 ratings,$4.43
NILE,$32.48,1440598830126,"23,494",50% bullish,of 2 ratings,$34
BLUE,$123.78,1440598830152,"58,687",71% bullish,of 7 ratings,$217.50
BHBK,$13.8,1440598830173,"10,006",100% bullish,of 1 rating,$14.50
BLBD,$11.72,1440598830307,"6,635",Not yet rated,NULL,N/A
BKEP,$5.815,1440598830333,"7,340",100% bearish,of 1 rating,$8.50
BKEPP,$7.09,1440598830354,"32,977",100% bearish,of 1 rating,N/A
BOBE,$42.555,1440598830559,"18,942",75% bullish,of 4 ratings,$57
WIFI,$7.34,1440598830617,"42,352",50% bullish,of 2 ratings,$13.50
BOFI,$118.81,1440598830643,"29,324",100% bullish,of 6 ratings,$144
BNCN,$20.01,1440598830702,"7,335",Not yet rated,NULL,$24
BPMC,$25.39,1440598830728,"9,372",50% bullish,of 2 ratings,$47.50
BOJA,$20.52,1440598830774,"24,023",100% bullish,of 1 rating,$30
BOKF,$57.95,1440598830799,"30,400",100% bearish,of 1 rating,$69
BONA,$11.465,1440598830943,"5,300",75% bullish,of 4 ratings,$8.50
BAMM,$3.18,1440598831078,"1,000",60% bullish,of 5 ratings,N/A
BPFHW,NULL,1440598831146,0,100% bearish,of 1 rating,N/A
BNSO,$1.26,1440598831171,60,100% bearish,of 1 rating,N/A
BPFHP,NULL,1440598831208,0,100% bearish,of 1 rating,N/A
BPFH,$11.49,1440598831234,"59,959",100% bearish,of 1 rating,$14
EPAY,$24.58,1440598831447,"11,814",100% bearish,of 2 ratings,$30
BCLI,$2.866,1440598831579,"9,042",80% bullish,of 5 ratings,$12
BDBD,$7.96,1440598831627,"53,243",60% bullish,of 5 ratings,$10
BBRG,$12.05,1440598831709,"7,778",67% bullish,of 3 ratings,$14.50
BBEP,$2.3,1440598831737,"163,420",69% bullish,of 13 ratings,$5.625
BBEPP,$12.7,1440598831762,"3,605",100% bearish,of 1 rating,N/A
BLIN,NULL,1440598831789,0,50% bullish,of 2 ratings,$2.20
BDGE,$26.66,1440598831816,"1,202",Not yet rated,NULL,$31.75
BCOV,$5.0466,1440598831982,"5,007",67% bullish,of 3 ratings,$10.20
BRID,NULL,1440598832045,0,100% bearish,of 1 rating,N/A
BRCM,$48.21,1440598832118,"430,440",75% bullish,of 12 ratings,$56
BSFT,$29.66,1440598832178,"17,970",57% bullish,of 7 ratings,$40.50
BYFC,$1.32,1440598832311,600,50% bullish,of 2 ratings,N/A
BWEN,$3.16,1440598832346,900,100% bullish,of 3 ratings,$8
BVSN,$5.7,1440598832371,403,60% bearish,of 5 ratings,N/A
BRCD,$10.175,1440598832443,"970,032",92% bullish,of 13 ratings,$11.50
BRKL,$10.37,1440598832468,"29,236",100% bearish,of 1 rating,$10.75
BRKS,$9.9276,1440598832497,"9,470",67% bullish,of 3 ratings,$15.25
BRKR,$18.355,1440598832625,"26,415",100% bearish,of 2 ratings,$22
BMTC,$28.16,1440598832675,"12,734",Not yet rated,NULL,$34
BLMT,$20.43,1440598832826,337,Not yet rated,NULL,N/A
BWLD,$187.94,1440598832923,"40,727",82% bullish,of 11 ratings,$205
BSQR,$5.8499,1440598832950,"9,084",67% bullish,of 3 ratings,N/A
BUR,$1.8,1440598832972,500,100% bearish,of 1 rating,$8
BLDR,$13.49,1440598833001,"181,206",50% bullish,of 2 ratings,$22
CHRW,$65.7694,1440598833187,"181,007",Not yet rated,NULL,$72
CFFI,NULL,1440598833241,0,100% bearish,of 1 rating,N/A
CA,$25.98,1440598833377,"326,031",50% bullish,of 4 ratings,$33
CCMP,$42.09,1440598833401,"3,096",50% bullish,of 2 ratings,$59
CDNS,$18.89,1440598833431,"142,503",75% bullish,of 4 ratings,$22.50
CACQ,$6.99,1440598833463,"3,917",100% bearish,of 1 rating,$12.25
CDZI,$7.54,1440598833534,"4,458",100% bearish,of 1 rating,N/A
CZR,$8.4,1440598833562,"114,587",60% bearish,of 5 ratings,$10.50
CSTE,$40.25,1440598833728,"31,926",100% bearish,of 1 rating,$65
CLBS,$1.28,1440598833773,"28,792",79% bullish,of 14 ratings,$4
PRSS,$4.36,1440598833804,100,80% bullish,of 5 ratings,$4.50
CHY,$11.025,1440598833902,"61,606",Not yet rated,NULL,N/A
CLMS,$10.1301,1440598833954,"9,821",Not yet rated,NULL,$10.50
CHI,$10.3236,1440598833984,"83,257",100% bearish,of 1 rating,N/A
CFGE,NULL,1440598834082,0,Not yet rated,NULL,N/A
CCD,$18.55,1440598834182,"101,659",Not yet rated,NULL,N/A
CHW,$7.3802,1440598834243,"54,815",100% bearish,of 1 rating,N/A
CSQ,$9.56,1440598834315,"83,872",Not yet rated,NULL,N/A
CAMP,$15.38,1440598834467,"62,926",88% bullish,of 8 ratings,$25
CALA,$4.52,1440598834496,"147,312",100% bullish,of 3 ratings,$19.50
CVGW,$56.11,1440598834564,"36,435",50% bullish,of 2 ratings,$58.50
CFNB,NULL,1440598834592,0,100% bearish,of 1 rating,N/A
CALD,$15.075,1440598834622,"67,709",100% bearish,of 1 rating,$20.50
CGO,$11.6999,1440598834648,"3,102",100% bearish,of 1 rating,N/A
CALM,$47.75,1440598834723,"81,206",80% bullish,of 5 ratings,$65
ABCD,$4.9225,1440598834880,"10,200",83% bullish,of 6 ratings,N/A
CLMT,$24.97,1440598834924,"64,525",75% bullish,of 8 ratings,$31
CAMB,$10.05,1440598835023,200,Not yet rated,NULL,N/A
CAMBU,NULL,1440598835048,0,100% bearish,of 1 rating,N/A
CAMBW,NULL,1440598835189,0,Not yet rated,NULL,N/A
CAMT,$2.63,1440598835237,"8,142",73% bullish,of 11 ratings,$4
CAC,$39.37,1440598835271,524,Not yet rated,NULL,N/A
CSIQ,$16.4648,1440598835370,"737,407",86% bullish,of 28 ratings,$42.50
CPHC,NULL,1440598835399,0,100% bearish,of 1 rating,N/A
CGIX,$8.78,1440598835426,"8,755",67% bullish,of 3 ratings,$14.375
CBNJ,$10.802,1440598835496,"3,159",100% bullish,of 1 rating,N/A
CPLA,$47.32,1440598835598,"5,533",67% bearish,of 3 ratings,$65
CCBG,$14.67,1440598835670,680,Not yet rated,NULL,$17.25
CBF,$28.43,1440598835695,"8,057",Not yet rated,NULL,$32
CSWC,$44.86,1440598835826,"3,304",Not yet rated,NULL,N/A
CPLP,$6.524,1440598835858,"46,808",71% bullish,of 7 ratings,$11
CPTA,$13.4,1440598836022,"8,435",100% bearish,of 1 rating,$18.50
CAPN,$1.76,1440598836051,"6,740",100% bullish,of 1 rating,$10.85
CAPR,$4.1805,1440598836156,"1,203",Not yet rated,NULL,$12
CAPNW,NULL,1440598836189,0,Not yet rated,NULL,N/A
CPST,$0.356,1440598836214,"146,036",95% bullish,of 22 ratings,$1.25
CFFN,$11.65,1440598836259,"97,392",Not yet rated,NULL,$12.75
CARA,$18.795,1440598836397,"48,304",50% bullish,of 4 ratings,$25
CARB,$11.06,1440598836424,"7,224",75% bullish,of 4 ratings,$12
CBYL,$5.27,1440598836486,"1,907",100% bearish,of 1 rating,$20
CRDC,$0.36,1440598836618,"37,200",100% bullish,of 1 rating,$1.25
CFNL,$21.36,1440598836646,"11,793",Not yet rated,NULL,$24
CSII,$23.01,1440598836784,"20,088",100% bearish,of 2 ratings,$42.125
CRME,$8.5621,1440598836810,"1,704",89% bullish,of 9 ratings,$11.25
CATM,$33.505,1440598836839,"10,879",100% bearish,of 1 rating,$44
CDNA,$6.44,1440598836888,100,100% bearish,of 1 rating,$9
CECO,$3.4001,1440598836947,"51,444",67% bearish,of 3 ratings,$6
CKEC,$21.94,1440598837028,"23,260",50% bullish,of 2 ratings,$35.915
CLBH,$12.53,1440598837160,"2,100",Not yet rated,NULL,$16.50
CART,$5.35,1440598837224,210,100% bearish,of 1 rating,N/A
CTRE,$11.54,1440598837252,"23,342",50% bullish,of 2 ratings,$13.50
CRZO,$28.47,1440598837283,"108,730",67% bearish,of 3 ratings,$55.50
CARO,$15.061,1440598837322,250,100% bearish,of 1 rating,$19
TAST,$11.81,1440598837386,"18,719",Not yet rated,NULL,$14.25
CRTN,NULL,1440598837587,0,100% bearish,of 1 rating,N/A
CACB,$5.3,1440598837665,"9,656",Not yet rated,NULL,$5.50
CARV,$7.02,1440598837695,"11,106",50% bullish,of 2 ratings,N/A
CSCD,$14.92,1440598837723,"2,892",100% bullish,of 2 ratings,$17
CASM,NULL,1440598837755,0,100% bullish,of 1 rating,$3.50
CWST,$5.95,1440598837793,"6,397",50% bullish,of 2 ratings,$7.25
CASY,$101.835,1440598837938,"34,312",50% bullish,of 2 ratings,$99.50
CASI,$1.48,1440598837966,490,100% bullish,of 1 rating,$3.50
CPRX,$3.3499,1440598838096,"89,547",71% bullish,of 7 ratings,$7
CATB,$11.24,1440598838122,"1,455",100% bearish,of 1 rating,$28
CATYW,NULL,1440598838164,0,100% bearish,of 1 rating,N/A
CASS,$46.4,1440598838256,"1,692",100% bearish,of 1 rating,N/A
CVCO,$69.98,1440598838311,"2,637",100% bearish,of 1 rating,N/A
CATY,$28.33,1440598838337,"66,422",100% bearish,of 1 rating,$33.50
CAVM,$65.64,1440598838466,"81,308",67% bearish,of 3 ratings,$72
CBFV,$20.85,1440598838532,175,Not yet rated,NULL,$25
CNLMR,NULL,1440598838636,0,Not yet rated,NULL,N/A
CNLM,NULL,1440598838661,0,Not yet rated,NULL,N/A
CNLMU,NULL,1440598838693,0,100% bullish,of 1 rating,N/A
CBOE,$60.77,1440598838824,"49,479",Not yet rated,NULL,$60
CECE,$9.025,1440598838894,"9,360",50% bullish,of 2 ratings,$16
CNLMW,NULL,1440598838923,0,Not yet rated,NULL,N/A
CDK,$46.41,1440598838965,"122,683",67% bearish,of 3 ratings,$50
CELG,$114.502,1440598839068,"699,944",92% bullish,of 13 ratings,$155.50
CPXX,$2.06,1440598839099,"11,312",100% bullish,of 2 ratings,$7
CDW,$38.165,1440598839127,"112,471",75% bullish,of 4 ratings,$44
CELGZ,NULL,1440598839199,0,80% bullish,of 5 ratings,N/A
CLDN,$1.0401,1440598839269,"24,182",71% bullish,of 7 ratings,$3
CLRB,$3.0291,1440598839479,603,100% bearish,of 1 rating,N/A
CLRBW,NULL,1440598839508,0,Not yet rated,NULL,N/A
CLDX,$13.8699,1440598839546,"277,809",89% bullish,of 9 ratings,$36
CLLS,$29.838,1440598839608,"30,506",75% bullish,of 4 ratings,$51.50
CBMG,$22.36,1440598839634,"10,900",50% bullish,of 2 ratings,N/A
CLTX,$2.49,1440598839690,"70,288",100% bullish,of 2 ratings,N/A
CLSN,$1.83,1440598839711,"15,879",80% bullish,of 10 ratings,$7.50
CYAD,$52.01,1440598839798,700,100% bullish,of 1 rating,$87.50
CEMP,$33.75,1440598839958,"97,903",71% bullish,of 7 ratings,$52
CSFL,$13.61,1440598839984,"13,886",Not yet rated,NULL,$15
CETX,NULL,1440598840117,0,Not yet rated,NULL,$5.60
CFBK,NULL,1440598840142,0,Not yet rated,NULL,N/A
CETV,$2.01,1440598840170,"20,690",67% bullish,of 3 ratings,$2.80
CENT,$11.87,1440598840309,"1,300",Not yet rated,NULL,$10
CENTA,$12.4725,1440598840342,"12,503",Not yet rated,NULL,N/A
CENX,$4.28,1440598840407,"510,767",67% bullish,of 6 ratings,$9
CNBKA,$41.98,1440598840439,782,50% bullish,of 2 ratings,N/A
CVCY,$11.2,1440598840539,100,Not yet rated,NULL,$12
CPHD,$47.17,1440598840572,"64,455",67% bearish,of 3 ratings,$66.50
CNTY,$5.8672,1440598840640,"4,224",80% bullish,of 5 ratings,$7.75
CERE,$1.12,1440598840713,"38,027",88% bullish,of 8 ratings,N/A
CRNT,$1.32,1440598840771,"9,002",50% bullish,of 2 ratings,$2
CERN,$60.1309,1440598840822,"230,573",67% bullish,of 3 ratings,$79
CERU,$3.3,1440598840849,"7,663",75% bullish,of 4 ratings,$15
CERS,$4.65,1440598840979,"64,634",75% bullish,of 4 ratings,$7
KOOL,$0.6558,1440598841333,"24,971",100% bullish,of 5 ratings,$7
CTHR,$1.3,1440598841360,852,50% bullish,of 2 ratings,$2.50
HOTRW,NULL,1440598841393,0,Not yet rated,NULL,N/A
CEVA,$17.3,1440598841414,"4,161",100% bearish,of 1 rating,$25
CHTR,$171.795,1440598841447,"96,271",100% bearish,of 2 ratings,$196
CYOU,$19.82,1440598841468,"28,297",50% bullish,of 6 ratings,$24
GTLS,$21.74,1440598841505,"45,371",50% bullish,of 4 ratings,$40
HOTR,$1.5246,1440598841544,"5,000",100% bullish,of 2 ratings,$5
CHKP,$78.11,1440598841759,"219,796",50% bullish,of 4 ratings,$92
CHFN,$12.1,1440598841858,"1,460",Not yet rated,NULL,$14
CHEKW,NULL,1440598841891,0,Not yet rated,NULL,N/A
CCXI,$6.75,1440598841938,"7,668",67% bullish,of 3 ratings,$14
CHEK,NULL,1440598841967,0,Not yet rated,NULL,$7.75
CEMI,$4.01,1440598841995,"1,150",50% bullish,of 2 ratings,$7.50
CHMG,$26.6999,1440598842067,"1,000",Not yet rated,NULL,$30
CHFC,$30.7399,1440598842159,"2,711",100% bearish,of 1 rating,$36
CHKE,$25.41,1440598842247,"2,348",100% bearish,of 1 rating,$32.50
CHMA,$23.95,1440598842374,"7,447",Not yet rated,NULL,$40
CHEV,$14.4,1440598842410,350,Not yet rated,NULL,N/A
CBNK,$16.48,1440598842431,636,100% bearish,of 1 rating,N/A
PLCE,$58.61,1440598842501,"41,476",100% bearish,of 1 rating,$71
CMRX,$47.855,1440598842527,"24,586",50% bullish,of 2 ratings,$57
CALI,$0.945,1440598842607,"1,010",67% bullish,of 3 ratings,N/A
CADC,NULL,1440598842678,0,78% bullish,of 9 ratings,N/A
CAAS,$5.85,1440598842817,"5,288",93% bullish,of 14 ratings,$11.50
CBAK,$1.79,1440598842858,"24,872",67% bullish,of 9 ratings,N/A
CBPO,$93.33,1440598842883,"16,186",75% bullish,of 8 ratings,$140.50
CCCR,NULL,1440598842908,0,67% bearish,of 3 ratings,N/A
CCCL,$0.74,1440598843045,100,100% bullish,of 6 ratings,N/A
JRJC,$2.9514,1440598843105,"46,863",82% bullish,of 11 ratings,N/A
HGSH,$1.67,1440598843181,"1,200",67% bullish,of 3 ratings,N/A
CHOP,$1.25,1440598843275,"8,292",50% bullish,of 2 ratings,N/A
CJJD,$1.67,1440598843351,"17,310",100% bullish,of 1 rating,N/A
CNIT,$1.32,1440598843378,"15,940",67% bullish,of 6 ratings,N/A
HTHT,$24.2,1440598843422,"14,295",50% bullish,of 2 ratings,$28.40
CHLN,$2,1440598843447,"1,582",67% bullish,of 3 ratings,N/A
CHNR,$1.67,1440598843626,"2,010",100% bearish,of 1 rating,N/A
CREG,$0.699,1440598843673,"3,300",100% bullish,of 3 ratings,N/A
CXDC,$5.84,1440598843832,"3,366",67% bullish,of 3 ratings,N/A
CNYD,$3.1,1440598843863,16,67% bullish,of 3 ratings,N/A
CCIH,$6.3,1440598843895,"14,533",67% bullish,of 6 ratings,$12.65
CNTF,$0.77,1440598843916,"1,566",Not yet rated,NULL,N/A
CSUN,$1.34,1440598843968,"14,400",80% bullish,of 5 ratings,N/A
CPGI,$6.91,1440598843995,200,Not yet rated,NULL,N/A
CNET,$0.81,1440598844207,"2,250",50% bullish,of 2 ratings,N/A
IMOS,$16.4,1440598844233,"37,305",60% bullish,of 5 ratings,$21.50
CHSCL,$26.75,1440598844379,"4,401",Not yet rated,NULL,N/A
CHSCM,$25.9,1440598844405,"3,275",Not yet rated,NULL,N/A
CHSCN,$26.54,1440598844438,3,Not yet rated,NULL,N/A
CHSCO,$28.11,1440598844531,"4,469",Not yet rated,NULL,N/A
CHSCP,$30.25,1440598844556,563,Not yet rated,NULL,N/A
CHUY,$29.89,1440598844634,"13,600",50% bullish,of 2 ratings,$34
CDTX,$14.14,1440598844691,"4,550",Not yet rated,NULL,$22
CIFC,$6.95,1440598844777,"1,002",100% bearish,of 1 rating,N/A
CHDN,$131.375,1440598844805,"2,804",Not yet rated,NULL,$165
CMCT,NULL,1440598844837,0,100% bearish,of 1 rating,N/A
CINF,$51.25,1440598844946,"59,811",50% bullish,of 4 ratings,$50.50
CMPR,$66.6,1440598844971,"12,047",50% bullish,of 2 ratings,$72.50
CIDM,$0.5879,1440598845025,"12,822",50% bullish,of 2 ratings,$2.10
CTAS,$82.155,1440598845127,"50,242",100% bearish,of 1 rating,$91
CPHR,$5.35,1440598845200,"7,189",100% bearish,of 1 rating,$17
CRUS,$27.65,1440598845295,"87,934",75% bullish,of 12 ratings,$44.50
CSCO,$24.9299,1440598845330,"7,018,370",84% bullish,of 208 ratings,$32
CIZN,$19.33,1440598845383,902,Not yet rated,NULL,N/A
CZNC,$19.5001,1440598845423,"1,104",Not yet rated,NULL,N/A
CZWI,$8.99,1440598845449,400,Not yet rated,NULL,N/A
CZFC,NULL,1440598845520,0,Not yet rated,NULL,N/A
CTRN,$27.5,1440598845549,"12,727",100% bearish,of 1 rating,$31.50
CTXS,$66.83,1440598845575,"178,974",86% bullish,of 7 ratings,$80
CIVB,$10.03,1440598845752,"2,800",Not yet rated,NULL,$11
CHCO,$46.2,1440598845785,"4,304",Not yet rated,NULL,$46
CIVBP,NULL,1440598845810,0,Not yet rated,NULL,N/A
CLNE,$4.1,1440598845943,"165,863",80% bullish,of 15 ratings,$9
CDTI,$1.54,1440598845972,"7,895",75% bullish,of 4 ratings,$3.20
CLFD,$16.562,1440598846075,"6,466",67% bullish,of 3 ratings,$18
CLNT,$1.39,1440598846103,"5,262",75% bullish,of 8 ratings,N/A
CLRO,$11.28,1440598846208,"33,499",50% bullish,of 2 ratings,$14.25
CLIR,$4.345,1440598846235,"7,327",100% bullish,of 3 ratings,N/A
CBLI,$3.75,1440598846266,"2,675",60% bullish,of 5 ratings,N/A
CLVS,$69.91,1440598846371,"77,242",60% bullish,of 5 ratings,$101.50
CSBK,$13.7,1440598846398,"9,190",Not yet rated,NULL,N/A
CMFN,$11.15,1440598846428,"5,028",100% bearish,of 1 rating,$15.50
CME,$90.14,1440598846561,"161,879",67% bullish,of 3 ratings,$102
CCNE,$16.76,1440598846725,"1,836",50% bullish,of 2 ratings,$21.50
CNV,$4.39,1440598846779,"1,362",50% bullish,of 2 ratings,$7.15
CISG,$7.16,1440598846826,"22,290",100% bullish,of 5 ratings,$10
COBZ,$12.705,1440598846881,"8,950",100% bullish,of 1 rating,$14
CWAY,$11.29,1440598846907,400,Not yet rated,NULL,N/A
CDRB,$11.6,1440598846932,"1,308",67% bullish,of 3 ratings,N/A
COKE,$160.92,1440598846956,"2,595",79% bullish,of 19 ratings,N/A
CCOI,$27.16,1440598847206,"39,098",50% bullish,of 4 ratings,$35
CDXS,$3.31,1440598847246,"4,913",64% bullish,of 11 ratings,$6
CVLY,$20.25,1440598847302,100,Not yet rated,NULL,N/A
CGNT,$1.37,1440598847334,"7,587",100% bullish,of 2 ratings,$2
CGNX,$33.5275,1440598847403,"92,141",50% bullish,of 2 ratings,$47
JVA,$4.46,1440598847431,"2,576",83% bullish,of 6 ratings,$7
CTSH,$60.25,1440598847461,"477,054",90% bullish,of 10 ratings,$75
COHR,$55.615,1440598847681,"16,305",50% bullish,of 2 ratings,$72
CLCT,$18.22,1440598847767,"2,046",100% bearish,of 1 rating,N/A
COHU,$9.45,1440598847815,"13,756",100% bearish,of 1 rating,$14.25
CLRX,$0.5126,1440598847854,"16,805",50% bullish,of 2 ratings,N/A
CHRS,$27.17,1440598847875,"62,984",67% bearish,of 3 ratings,$37
COLL,$14.48,1440598847943,"4,112",100% bearish,of 1 rating,$26
CIGI,$41.54,1440598847973,904,100% bearish,of 1 rating,$52
CLCD,$6.55,1440598847994,"15,374",100% bearish,of 1 rating,$20.50
CBAN,NULL,1440598848078,0,Not yet rated,NULL,N/A
COLB,$29.16,1440598848211,"12,319",Not yet rated,NULL,$36
COLM,$59.65,1440598848271,"7,257",100% bearish,of 1 rating,$71
CBMX,$1.099,1440598848349,"10,064",83% bullish,of 6 ratings,$3.15
CMCO,$17.88,1440598848370,"5,702",60% bullish,of 5 ratings,$28
CMCSA,$54.23,1440598848457,"1,810,461",66% bullish,of 35 ratings,$69.50
CBSH,$42.82,1440598848527,"44,593",50% bullish,of 2 ratings,$46
CMCSK,$54.98,1440598848554,"334,455",Not yet rated,NULL,$84
CVGI,$4.38,1440598848631,"7,586",50% bullish,of 2 ratings,$6
CUBN,$13.55,1440598848798,300,Not yet rated,NULL,N/A
CBSHP,$25.18,1440598848828,15,100% bearish,of 1 rating,N/A
CSAL,$19.83,1440598848849,"60,921",75% bullish,of 4 ratings,$30
COMM,$28.48,1440598848882,"66,779",67% bearish,of 3 ratings,$35
JCS,$8.52,1440598848984,"1,354",67% bullish,of 3 ratings,N/A
CYHHZ,$0.01,1440598849088,"19,998",100% bullish,of 1 rating,N/A
ESXB,$5.1,1440598849112,20,Not yet rated,NULL,N/A
CTBI,$34.27,1440598849186,"2,651",Not yet rated,NULL,$36
COB,$10.38,1440598849339,706,100% bullish,of 1 rating,$11.75
CWBC,NULL,1440598849369,0,Not yet rated,NULL,N/A
CVLT,$34.16,1440598849390,"49,794",75% bullish,of 4 ratings,$44.50
CIL,NULL,1440598849470,0,Not yet rated,NULL,N/A
CSA,$31.8999,1440598849524,150,Not yet rated,NULL,N/A
CIZ,NULL,1440598849549,0,100% bearish,of 1 rating,N/A
CFA,$34.4284,1440598849796,501,100% bearish,of 1 rating,N/A
CFO,$34.31,1440598849827,"4,370",100% bearish,of 1 rating,N/A
CDC,$33.5,1440598849853,"2,049",Not yet rated,NULL,N/A
CID,NULL,1440598849925,0,Not yet rated,NULL,N/A
CSF,NULL,1440598849986,0,100% bearish,of 1 rating,N/A
CDL,NULL,1440598850014,0,Not yet rated,NULL,N/A
CSB,$32.44,1440598850070,1,Not yet rated,NULL,N/A
CGEN,$4.83,1440598850271,"6,457",50% bullish,of 2 ratings,$11
SCOR,$53.57,1440598850371,"37,426",100% bearish,of 1 rating,$66
CHCI,$0.7001,1440598850406,"25,040",50% bullish,of 2 ratings,N/A
CTG,$6.4,1440598850435,"1,924",100% bearish,of 1 rating,$8.50
CMTL,$25.38,1440598850502,"6,126",100% bearish,of 2 ratings,$37
CPSI,$44.99,1440598850527,"10,581",100% bearish,of 1 rating,$45.50
CNSI,$18.5052,1440598850565,"28,225",100% bearish,of 2 ratings,$29
CNAT,$3.53,1440598850597,"13,448",83% bullish,of 6 ratings,$13
CNCE,$14.99,1440598850698,"17,357",75% bullish,of 4 ratings,$22
CCUR,$4.77,1440598850826,"22,831",75% bullish,of 4 ratings,N/A
CDOR,$1.26,1440598850915,200,100% bullish,of 1 rating,N/A
CXRX,$67.6401,1440598850945,745,100% bearish,of 1 rating,$90
CDORO,NULL,1440598851022,0,100% bearish,of 1 rating,N/A
CDORP,$6.3501,1440598851050,"1,110",100% bearish,of 1 rating,N/A
CFMS,$19.52,1440598851147,"28,599",Not yet rated,NULL,$27
CNFR,$10.2028,1440598851179,624,Not yet rated,NULL,N/A
CNMD,$52.89,1440598851246,"9,450",Not yet rated,NULL,$59
CTWS,$34.45,1440598851330,"2,396",100% bearish,of 1 rating,$44
CNOB,$18.9,1440598851462,"5,238",100% bullish,of 1 rating,$23.50
CONN,$29.47,1440598851491,"41,235",67% bullish,of 3 ratings,$48.50
CNXR,$6.43,1440598851520,"9,332",100% bearish,of 1 rating,$12
CNSL,$19.005,1440598851598,"13,837",100% bearish,of 1 rating,$23
CWCO,$9.9501,1440598851704,"12,298",67% bullish,of 3 ratings,$14.50
CTCT,$23.69,1440598851760,"34,870",67% bullish,of 3 ratings,$37
CFRXW,$1.64,1440598851862,100,100% bearish,of 1 rating,N/A
CPSS,$5.55,1440598851888,"6,060",100% bullish,of 1 rating,$10
CFRXZ,NULL,1440598851919,0,Not yet rated,NULL,N/A
CFRX,$4.84,1440598851945,"8,000",Not yet rated,NULL,$14
CTRL,$7.65,1440598852025,"17,946",50% bullish,of 2 ratings,$11
CTRV,$3.78,1440598852053,"4,000",Not yet rated,NULL,$6.40
CRBP,$1.85,1440598852183,"77,137",100% bullish,of 2 ratings,$6.25
CORT,$4.45,1440598852211,"65,610",67% bullish,of 3 ratings,$12
BVA,NULL,1440598852265,0,50% bullish,of 2 ratings,N/A
CPRT,$33.63,1440598852397,"27,753",67% bearish,of 3 ratings,$40
CORI,$10.13,1440598852434,"9,612",100% bearish,of 1 rating,$18
CORE,$60.47,1440598852531,"7,617",100% bearish,of 1 rating,$72
CSOD,$34.46,1440598852560,"48,242",50% bullish,of 2 ratings,$42
COSI,$1.01,1440598852661,"60,096",100% bullish,of 1 rating,N/A
COST,$134.46,1440598852795,"258,991",79% bullish,of 24 ratings,$154.50
CRVL,$30.7,1440598852827,"1,100",100% bearish,of 1 rating,N/A
CSGP,$170.695,1440598852856,"12,469",50% bullish,of 2 ratings,$235
CVTI,$21.98,1440598852924,"13,015",67% bearish,of 3 ratings,$39
CPAH,NULL,1440598852961,0,50% bullish,of 2 ratings,N/A
ICBK,$18.21,1440598853024,200,Not yet rated,NULL,$21
COVS,$2.51,1440598853155,"16,628",67% bullish,of 3 ratings,N/A
COWN,$4.9501,1440598853180,"124,711",75% bullish,of 4 ratings,$7
COWNL,$27.75,1440598853206,400,Not yet rated,NULL,N/A
CPSH,$2.25,1440598853227,"12,280",Not yet rated,NULL,N/A
CRAI,$21.53,1440598853361,"2,311",100% bearish,of 1 rating,$36
CBRL,$139.72,1440598853726,"22,559",50% bullish,of 2 ratings,$155
BREW,$7.26,1440598853834,"7,630",67% bullish,of 6 ratings,$15
CACC,$194.23,1440598853860,"15,115",50% bullish,of 2 ratings,$158.50
CRAY,$19.805,1440598853881,"23,125",83% bullish,of 6 ratings,$38.50
GLDI,$11.04,1440598853915,327,100% bearish,of 1 rating,N/A
CRTO,$41.75,1440598853936,"24,302",67% bullish,of 6 ratings,$64
CRESY,$9.62,1440598854013,"5,237",100% bearish,of 1 rating,$19
CREE,$25.394,1440598854079,"99,778",65% bullish,of 17 ratings,$29.50
CCRN,$13.58,1440598854234,"8,364",100% bearish,of 1 rating,$14.25
CRDS,$1.0264,1440598854267,100,50% bullish,of 4 ratings,$4.50
CROX,$13.45,1440598854300,"135,047",63% bullish,of 8 ratings,$16.50
CYRX,$2.9,1440598854333,"3,795",Not yet rated,NULL,$9
SLVO,$9.75,1440598854366,"44,650",100% bearish,of 1 rating,N/A
CRWS,$7.93,1440598854404,"2,300",Not yet rated,NULL,$10
CYRXW,NULL,1440598854434,0,Not yet rated,NULL,N/A
CRWN,$4.49,1440598854457,"16,424",75% bullish,of 4 ratings,N/A
CCLP,$12.811,1440598854837,"12,646",67% bearish,of 3 ratings,$20
CSGS,$30.15,1440598854868,"14,610",Not yet rated,NULL,$40
CSPI,$5.8,1440598854917,850,67% bullish,of 3 ratings,N/A
CTIC,$1.63,1440598854973,"246,436",84% bullish,of 76 ratings,$5.75
CTIB,NULL,1440598855001,0,100% bearish,of 1 rating,N/A
CTCM,$1.69,1440598855027,"34,115",80% bearish,of 5 ratings,$3.90
CTRP,$63.3,1440598855052,"300,703",75% bullish,of 8 ratings,$92
CPIX,$6,1440598855100,"37,116",Not yet rated,NULL,N/A
CUNB,$21.19,1440598855232,"2,862",Not yet rated,NULL,$24.50
CRIS,$2.445,1440598855294,"59,840",100% bullish,of 8 ratings,$6
CUI,$4.87,1440598855367,"6,700",50% bullish,of 2 ratings,$10
CMLS,$1.33,1440598855400,"56,757",50% bullish,of 4 ratings,$6
CVBF,$15.53,1440598855464,"28,526",Not yet rated,NULL,$18
CUTR,$14.24,1440598855495,"6,420",67% bearish,of 3 ratings,$18
CVV,$10.75,1440598855526,"4,918",100% bullish,of 5 ratings,N/A
CYAN,NULL,1440598855570,0,100% bearish,of 1 rating,N/A
CYCC,$0.5342,1440598855904,"9,579",73% bullish,of 11 ratings,N/A
CYNA,$16.18,1440598855949,692,100% bullish,of 1 rating,$31.50
CYCCP,NULL,1440598856008,0,100% bearish,of 1 rating,N/A
CYBR,$46.0774,1440598856037,"258,399",86% bullish,of 7 ratings,$66
CBAY,$2.58,1440598856066,"17,945",100% bullish,of 1 rating,$4
CYBX,$65.185,1440598856088,"22,727",50% bullish,of 4 ratings,$71.50
CYBE,$5.8,1440598856116,515,100% bearish,of 1 rating,N/A
CYNO,$31.81,1440598856141,"12,767",67% bearish,of 3 ratings,$45.50
CY,$8.905,1440598856289,"727,161",80% bullish,of 10 ratings,$15.50
CONE,$30.695,1440598856459,"36,097",67% bearish,of 3 ratings,$35
CYTK,$6.58,1440598856486,"12,623",71% bullish,of 14 ratings,$13.50
CTSO,$6.4,1440598856543,"2,235",Not yet rated,NULL,$15.625
CYRN,$1.65,1440598856564,"4,050",67% bullish,of 3 ratings,$4
CYTX,$0.3431,1440598856645,"310,651",83% bullish,of 12 ratings,$5.50
CYTR,$2.02,1440598856699,"103,011",67% bullish,of 6 ratings,$10
DAEG,$0.36,1440598856804,296,100% bearish,of 1 rating,N/A
TVIX,$13.81,1440598856861,"5,420,941",81% bullish,of 16 ratings,N/A
TVIZ,$18.21,1440598856940,320,100% bearish,of 1 rating,N/A
ZIV,$40.798,1440598856998,"23,445",Not yet rated,NULL,N/A
XIV,$26.85,1440598857029,"4,873,281",75% bearish,of 4 ratings,N/A
DAKT,$8.7,1440598857087,"133,076",50% bullish,of 2 ratings,$14
DJCO,$197,1440598857128,201,Not yet rated,NULL,N/A
DAIO,NULL,1440598857265,0,Not yet rated,NULL,N/A
DARA,$0.845,1440598857294,"17,808",83% bullish,of 6 ratings,$1.50
DTLK,$5.34,1440598857344,"12,564",100% bearish,of 1 rating,$9
DRAM,$1.1699,1440598857426,"13,750",78% bullish,of 9 ratings,N/A
PLAY,$32.5,1440598857478,"42,251",100% bullish,of 5 ratings,$42
DWCH,$4.898,1440598857507,"8,304",75% bullish,of 4 ratings,$8.25
DTEA,$13.08,1440598857612,"5,449",100% bearish,of 2 ratings,$24
DWSN,$4.26,1440598857761,"3,706",67% bullish,of 3 ratings,N/A
DBVT,$37.92,1440598857791,"10,757",100% bearish,of 1 rating,$53
DFRG,$14.07,1440598857870,"42,634",100% bearish,of 1 rating,$20
TRAK,$62.87,1440598857923,"81,999",50% bullish,of 2 ratings,$62.50
DHRM,NULL,1440598858014,0,Not yet rated,NULL,N/A
TACO,$12.87,1440598858077,"37,021",75% bullish,of 4 ratings,$20
TACOW,NULL,1440598858140,0,100% bullish,of 1 rating,N/A
DCTH,$0.4013,1440598858207,"17,464",78% bullish,of 9 ratings,N/A
DGAS,$20.2,1440598858240,800,67% bearish,of 3 ratings,N/A
DELT,NULL,1440598858267,0,Not yet rated,NULL,N/A
DELTW,NULL,1440598858292,0,Not yet rated,NULL,N/A
DENN,$11.31,1440598858423,"27,250",100% bullish,of 3 ratings,$15
XRAY,$51.37,1440598858480,"37,929",100% bullish,of 1 rating,$58
DSCI,$5.785,1440598858616,"8,886",50% bullish,of 2 ratings,$16
DERM,$24.3,1440598858668,"7,250",100% bearish,of 1 rating,$33.50
DEST,$11.13,1440598858697,"16,460",50% bullish,of 2 ratings,N/A
DEPO,$27.73,1440598858718,"36,650",60% bullish,of 5 ratings,$29
DXLG,$4.49,1440598859060,"21,943",100% bearish,of 1 rating,$8
DXM,$0.3198,1440598859092,"17,375",50% bullish,of 2 ratings,N/A
DSWL,$1.75,1440598859194,"36,290",100% bullish,of 1 rating,N/A
DXCM,$90.83,1440598859223,"69,753",57% bullish,of 7 ratings,$98
DMND,$27.92,1440598859252,"12,215",75% bullish,of 12 ratings,$32
DHXM,NULL,1440598859273,0,Not yet rated,NULL,N/A
DHIL,$190.88,1440598859332,302,Not yet rated,NULL,N/A
DCIX,$1.585,1440598859404,"6,713",50% bullish,of 4 ratings,$3.50
FANG,$61.37,1440598859478,"46,103",50% bullish,of 2 ratings,$86.50
DRNA,$10.23,1440598859617,"3,951",67% bearish,of 3 ratings,$25
DGII,$9.5,1440598859710,"5,808",100% bearish,of 1 rating,$10
DMRC,$33.77,1440598859743,"14,407",100% bearish,of 1 rating,$44
DRAD,$3.8,1440598859838,"1,400",100% bullish,of 1 rating,$5.25
APPS,$2.2599,1440598859894,"13,550",100% bearish,of 1 rating,$10.25
DGLY,$7.82,1440598859925,"228,368",50% bullish,of 6 ratings,$20
DIOD,$18.975,1440598859947,"10,625",75% bearish,of 4 ratings,$24
DCOM,$16.3275,1440598859999,"13,574",100% bearish,of 2 ratings,$16.50
DPRX,$12.984,1440598860025,102,100% bullish,of 2 ratings,$27.75
DISCA,$26.1,1440598860162,"248,455",67% bullish,of 3 ratings,$34
DISCK,$24.48,1440598860214,"151,907",100% bearish,of 1 rating,$32
DISH,$57.7,1440598860239,"136,593",69% bullish,of 13 ratings,$73
DSCO,$0.3698,1440598860303,"30,336",83% bullish,of 6 ratings,$2.75
DISCB,$25.45,1440598860390,12,100% bearish,of 1 rating,$35
DVCR,NULL,1440598860522,0,100% bullish,of 1 rating,N/A
DGICA,$14.05,1440598860674,"2,366",100% bearish,of 1 rating,$17
DLHC,$2.5,1440598860730,"1,021",100% bearish,of 1 rating,N/A
BAGR,$2.72,1440598860757,"6,902",100% bearish,of 1 rating,$6
DLTR,$74.43,1440598860778,"232,274",82% bullish,of 11 ratings,$88
DNBF,NULL,1440598860807,0,Not yet rated,NULL,$27.50
DORM,$49.65,1440598860836,"37,209",100% bearish,of 1 rating,$56
DMLP,$13.43,1440598860968,"9,857",100% bearish,of 1 rating,N/A
DRWI,$0.231,1440598861116,"38,000",60% bullish,of 5 ratings,$.45
HILL,$9.67,1440598861137,"168,652",60% bearish,of 5 ratings,$9.75
DGICB,NULL,1440598861165,0,100% bearish,of 1 rating,N/A
DRWIW,NULL,1440598861218,0,Not yet rated,NULL,N/A
DWA,$19.43,1440598861386,"79,245",63% bullish,of 8 ratings,$26
DRYS,$0.3674,1440598861417,"517,933",77% bullish,of 31 ratings,$.60
CADTR,NULL,1440598861521,0,Not yet rated,NULL,N/A
DSKX,$2.8777,1440598861548,"10,171",100% bullish,of 1 rating,N/A
DSPG,$8.36,1440598861574,"6,425",100% bearish,of 1 rating,$13.50
CADT,NULL,1440598861625,0,Not yet rated,NULL,N/A
CADTU,NULL,1440598861701,0,Not yet rated,NULL,N/A
CADTW,NULL,1440598861801,0,Not yet rated,NULL,N/A
DTSI,$25.75,1440598861879,"5,384",100% bearish,of 2 ratings,$39.50
DNKN,$50.2,1440598861904,"107,904",67% bullish,of 15 ratings,$56.50
DRRX,$1.95,1440598861935,"23,107",50% bullish,of 6 ratings,$3
DXPE,$27.05,1440598861972,"12,062",50% bullish,of 2 ratings,N/A
BOOM,$9.07,1440598862098,"31,880",67% bullish,of 3 ratings,$12
DYAX,$22.082,1440598862123,"53,006",89% bullish,of 9 ratings,$30
DYNT,$2.93,1440598862252,548,75% bullish,of 4 ratings,N/A
DYSL,$1.431,1440598862328,"8,600",100% bullish,of 2 ratings,N/A
EBMT,$11.05,1440598862414,445,Not yet rated,NULL,$13.50
ETFC,$24.54,1440598862455,"327,841",57% bullish,of 14 ratings,$33
DVAX,$25.7,1440598862503,"24,063",70% bullish,of 10 ratings,$40
EGBN,$40.75,1440598862587,"5,437",Not yet rated,NULL,$48
EROC,$1.19,1440598862635,"47,396",50% bullish,of 2 ratings,$3
EGRX,$72.32,1440598862663,"63,920",67% bullish,of 3 ratings,$97
EGLE,$6.17,1440598862719,"2,000",60% bullish,of 5 ratings,N/A
EWBC,$37.37,1440598862929,"225,685",100% bearish,of 1 rating,$50
EML,$16.73,1440598862970,402,Not yet rated,NULL,N/A
EACQU,$10.2,1440598863008,"1,000",Not yet rated,NULL,N/A
EVBS,$6.42,1440598863035,"1,418",Not yet rated,NULL,$7
ELNK,$8.05,1440598863056,"73,469",60% bullish,of 5 ratings,$9.50
EBAY,$25.55,1440598863101,"1,129,879",81% bullish,of 117 ratings,$48
EBIX,$25.9115,1440598863126,"30,536",69% bullish,of 13 ratings,$40
ELON,$0.535,1440598863390,"38,950",50% bullish,of 2 ratings,N/A
ECHO,$22.95,1440598863466,"23,299",67% bearish,of 3 ratings,$35.50
EEI,$10.99,1440598863523,402,67% bearish,of 3 ratings,N/A
ECACU,$10.06,1440598863549,"4,100",Not yet rated,NULL,N/A
ECTE,$1.42,1440598863574,"2,000",75% bullish,of 4 ratings,N/A
SATS,$42.43,1440598863603,"7,900",50% bullish,of 2 ratings,$60
ESES,$3.09,1440598863703,186,100% bearish,of 1 rating,$7
EDAP,$3.58,1440598863763,"38,492",60% bullish,of 5 ratings,$4.50
EDGW,$6.62,1440598863788,900,100% bearish,of 1 rating,N/A
EDUC,$4.9799,1440598863935,833,100% bearish,of 1 rating,N/A
EGLT,$10.71,1440598864073,"8,331",50% bullish,of 2 ratings,$21
EGAN,$3.25,1440598864113,300,50% bullish,of 2 ratings,$6.25
EFUT,$4.06,1440598864139,100,Not yet rated,NULL,N/A
LOCO,$11.8205,1440598864168,"155,183",69% bullish,of 13 ratings,$20
EHTH,$13.18,1440598864201,"4,511",50% bullish,of 4 ratings,$16.50
ESLT,$74.3701,1440598864350,"10,760",67% bullish,of 3 ratings,N/A
EMITF,$1.23,1440598864411,"1,700",75% bullish,of 4 ratings,N/A
ERI,$9.17,1440598864483,"6,591",100% bearish,of 1 rating,$10
EA,$64.885,1440598864552,"679,684",77% bullish,of 35 ratings,$80
ELRC,$10.35,1440598864652,"5,166",100% bearish,of 1 rating,N/A
ELEC,NULL,1440598864719,0,Not yet rated,NULL,N/A
EFII,$42.8,1440598864744,"25,618",80% bullish,of 5 ratings,$55
ELSE,$3.85,1440598864777,206,60% bullish,of 5 ratings,N/A
ESIO,$4.29,1440598864802,"9,978",50% bullish,of 2 ratings,$10
ELECU,NULL,1440598864877,0,Not yet rated,NULL,N/A
ELECW,NULL,1440598865060,0,Not yet rated,NULL,N/A
RDEN,$10.12,1440598865188,"10,587",100% bearish,of 4 ratings,$15
EBIO,$3.202,1440598865215,"37,377",100% bearish,of 2 ratings,$8.35
ESBK,$19.9399,1440598865290,"1,000",Not yet rated,NULL,N/A
ELTK,$1.17,1440598865346,"18,133",67% bearish,of 3 ratings,N/A
CAPX,NULL,1440598865377,0,Not yet rated,NULL,N/A
LONG,$16.41,1440598865398,"5,600",67% bullish,of 3 ratings,$15.75
EMCF,NULL,1440598865478,0,100% bearish,of 1 rating,N/A
EMKR,$6.83,1440598865608,"17,458",75% bullish,of 4 ratings,$8.50
EMCI,$22.49,1440598865659,"1,216",Not yet rated,NULL,N/A
EMMS,$1.11,1440598865688,373,67% bullish,of 6 ratings,N/A
EMMSP,NULL,1440598865714,0,100% bearish,of 1 rating,N/A
NYNY,$3.94,1440598865848,"10,485",50% bullish,of 2 ratings,N/A
ENTA,$39.53,1440598865876,"21,166",50% bullish,of 2 ratings,$42
ERS,$2.76,1440598865897,200,Not yet rated,NULL,N/A
ECPG,$38.2738,1440598866030,"16,134",100% bullish,of 2 ratings,$52
ENDP,$74.55,1440598866189,"231,402",50% bullish,of 6 ratings,$104
WIRE,$30.55,1440598866218,"3,781",100% bearish,of 1 rating,$37
ELGX,$12.27,1440598866317,"80,658",75% bullish,of 4 ratings,$17
EIGI,$14.97,1440598866364,"169,340",67% bearish,of 3 ratings,$22.50
EFOI,$17.69,1440598866389,"154,207",50% bullish,of 2 ratings,$20.50
WATT,$6.0239,1440598866416,"73,295",50% bullish,of 2 ratings,$13
ECYT,$4.93,1440598866443,"29,087",83% bullish,of 6 ratings,$12
EXXI,$1.315,1440598866572,"240,010",86% bullish,of 7 ratings,$3.50
ENOC,$8.19,1440598866609,"33,126",75% bullish,of 4 ratings,$18
ERII,$2.71,1440598866644,"35,506",80% bullish,of 5 ratings,$2.50
ENG,$0.9801,1440598866751,"27,889",100% bullish,of 3 ratings,N/A
ESGR,$145.79,1440598866834,"3,104",100% bearish,of 1 rating,$185
ENFC,$17.99,1440598866893,600,Not yet rated,NULL,N/A
ENPH,$4.4,1440598866968,"108,025",75% bullish,of 4 ratings,$11
ENTG,$13.17,1440598866997,"24,299",100% bearish,of 1 rating,$18
ETRM,$0.2402,1440598867098,"186,100",69% bearish,of 35 ratings,$1.625
ENTL,$21.54,1440598867123,"1,290",Not yet rated,NULL,$28
ENVI,NULL,1440598867351,0,67% bullish,of 3 ratings,N/A
EBTC,$21,1440598867376,"1,704",Not yet rated,NULL,N/A
ENZN,$0.9577,1440598867407,"52,728",100% bullish,of 9 ratings,N/A
EFSC,$23.535,1440598867428,"3,965",Not yet rated,NULL,$27
EGT,$1.94,1440598867460,200,100% bullish,of 1 rating,N/A
ENZY,$9.12,1440598867561,570,67% bullish,of 3 ratings,$9.50
EPIQ,$12.82,1440598867590,"3,615",100% bearish,of 1 rating,$18
EPRS,$4.67,1440598867697,"15,653",82% bullish,of 11 ratings,$15
EPZM,$17.025,1440598867726,"21,845",60% bullish,of 5 ratings,$34
PLUS,$74.54,1440598867914,"4,182",50% bullish,of 2 ratings,$88
EQIX,$254.92,1440598868108,"67,258",75% bullish,of 4 ratings,$312.50
EAC,$3.34,1440598868245,546,100% bearish,of 1 rating,$8
EQFN,NULL,1440598868274,0,100% bearish,of 1 rating,N/A
ERIC,$9.66,1440598868374,"612,440",67% bullish,of 9 ratings,$12.20
ESCA,$16.9599,1440598868466,"2,174",100% bearish,of 1 rating,$22
ERIE,$81.15,1440598868637,"2,095",Not yet rated,NULL,$73
ESCRP,$1.19,1440598868801,292,100% bearish,of 1 rating,N/A
ESPR,$49.7787,1440598868873,"65,950",70% bearish,of 10 ratings,$123
ESMC,NULL,1440598868898,0,Not yet rated,NULL,N/A
ESSA,$12.6,1440598868926,"1,500",100% bearish,of 1 rating,N/A
ESCR,$0.17,1440598868955,"1,000",50% bullish,of 2 ratings,N/A
EPIX,$5.23,1440598869058,"1,000",Not yet rated,NULL,N/A
ESND,$33.13,1440598869083,"9,457",100% bearish,of 2 ratings,$40
ESSX,$0.43,1440598869138,"6,950",50% bullish,of 2 ratings,N/A
ETSY,$12.6537,1440598869271,"67,892",80% bullish,of 5 ratings,$16
CLWT,$2.4,1440598869301,400,100% bearish,of 1 rating,N/A
EEFT,$62.85,1440598869322,"24,703",100% bearish,of 1 rating,$67.50
ESEA,$5.69,1440598869455,200,100% bullish,of 1 rating,$15
EVEP,$6.79,1440598869485,"72,456",50% bullish,of 2 ratings,$15
EVK,$3.67,1440598869510,"2,400",75% bearish,of 4 ratings,N/A
EVLV,$2.12,1440598869589,"32,462",60% bullish,of 5 ratings,$6.50
EVOK,$3.8,1440598869649,"16,008",100% bearish,of 1 rating,$13.375
EVOL,$6,1440598869746,"2,025",75% bullish,of 4 ratings,$10
EXAS,$19.94,1440598869776,"78,690",78% bullish,of 9 ratings,$31
EXA,$10.84,1440598869882,443,100% bearish,of 1 rating,$13
EXEL,$5.22,1440598870012,"648,861",81% bullish,of 16 ratings,$6
EXFO,$2.56,1440598870059,"2,200",67% bearish,of 3 ratings,$3.95
EXAC,$17.87,1440598870087,"2,816",100% bearish,of 1 rating,$22.50
EXLS,$35.19,1440598870107,"9,381",50% bullish,of 2 ratings,$41
EXPE,$110.89,1440598870144,"186,153",64% bullish,of 11 ratings,$130
EXPD,$47.91,1440598870240,"218,577",80% bullish,of 5 ratings,$52
EXPO,$41.54,1440598870326,"7,616",100% bearish,of 1 rating,$45.50
ESRX,$82.23,1440598870467,"371,611",67% bearish,of 6 ratings,$101
EXLP,$17.73,1440598870494,"23,379",100% bearish,of 1 rating,$25
EXTR,$2.675,1440598870578,"54,160",80% bullish,of 5 ratings,$3
EYEGW,NULL,1440598870707,0,Not yet rated,NULL,N/A
FFIV,$118.7325,1440598870750,"84,655",63% bullish,of 8 ratings,$132
EZPW,$5.8,1440598870780,"32,784",50% bullish,of 4 ratings,$7.50
EZCH,$20.681,1440598870816,"10,676",75% bullish,of 8 ratings,$19.50
EYEG,NULL,1440598870879,0,Not yet rated,NULL,N/A
FCS,$12.97,1440598870908,"100,765",67% bearish,of 3 ratings,$17
FB,$84.95,1440598870932,"5,980,863",73% bullish,of 1066 ratings,$111
FWM,$2.42,1440598871073,"13,800",100% bearish,of 2 ratings,$3.20
FRP,$15.305,1440598871224,"20,394",100% bearish,of 1 rating,$18
FALC,$1.52,1440598871256,"19,743",63% bearish,of 8 ratings,N/A
FARM,$21.54,1440598871323,"4,713",100% bearish,of 1 rating,$35
DAVE,$14.15,1440598871471,662,100% bearish,of 1 rating,$15.50
FFKT,$26.41,1440598871577,878,Not yet rated,NULL,$29
FMNB,$7.98,1440598871607,"1,650",Not yet rated,NULL,N/A
FAST,$37.74,1440598871637,"345,729",80% bullish,of 5 ratings,$45.50
FARO,$36.7,1440598871659,"6,386",50% bullish,of 2 ratings,$48
FATE,$6.1701,1440598871691,"1,760",50% bullish,of 2 ratings,$11
FBSS,NULL,1440598871740,0,Not yet rated,NULL,N/A
FDML,$8.34,1440598871909,"22,117",50% bullish,of 4 ratings,$14
FBRC,$21.6901,1440598872004,"4,506",100% bearish,of 1 rating,$29
FEIC,$73.42,1440598872031,"16,276",50% bullish,of 2 ratings,$95.50
FNHC,$21.27,1440598872056,"4,818",100% bearish,of 1 rating,$35
FHCO,$1.32,1440598872103,"5,347",50% bullish,of 4 ratings,N/A
FENX,$9.3776,1440598872267,"22,388",100% bullish,of 1 rating,$14.25
FDUS,$13.7,1440598872410,"5,029",50% bullish,of 2 ratings,$18
FCSC,$5.38,1440598872439,"22,312",100% bearish,of 1 rating,$8.125
FGEN,$22.97,1440598872460,"37,081",100% bearish,of 1 rating,$39
ONEQ,$181.4299,1440598872502,"9,391",100% bullish,of 1 rating,N/A
LION,$18.3799,1440598872524,"11,830",100% bullish,of 1 rating,$20
FRGI,$51.12,1440598872595,"13,029",50% bullish,of 2 ratings,$70
FSAM,$8.4,1440598872621,"2,578",100% bearish,of 1 rating,$10.25
FSC,$6.12,1440598872768,"137,330",75% bullish,of 4 ratings,$8
FSCFL,$24.3799,1440598872794,"1,900",Not yet rated,NULL,N/A
FSFR,$8.67,1440598872929,"14,853",100% bearish,of 1 rating,$11.50
FITB,$18.74,1440598873105,"1,572,440",54% bullish,of 13 ratings,$22
FITBI,$27.1,1440598873131,"1,447",Not yet rated,NULL,N/A
FISI,$24.59,1440598873205,"1,466",100% bullish,of 2 ratings,$24.50
FNJN,$1.5401,1440598873237,"7,812",100% bearish,of 1 rating,$5
FNGN,$31.47,1440598873267,"48,383",67% bullish,of 3 ratings,$47
FNSR,$14.96,1440598873292,"151,950",71% bullish,of 7 ratings,$24.50
FNTCW,NULL,1440598873334,0,Not yet rated,NULL,N/A
FNTCU,$10.15,1440598873365,10,Not yet rated,NULL,N/A
FNTC,NULL,1440598873525,0,Not yet rated,NULL,N/A
FEYE,$36.6143,1440598873615,"647,928",87% bullish,of 15 ratings,$55.50
FBNC,$16.68,1440598873640,776,100% bullish,of 1 rating,$20
FNLC,$18.3,1440598873667,"2,993",100% bullish,of 1 rating,N/A
FRBA,$6.05,1440598873906,"7,400",Not yet rated,NULL,$8
FBIZ,$43.85,1440598873976,"12,581",100% bearish,of 2 ratings,$52
FCNCA,$230.15,1440598874007,435,Not yet rated,NULL,N/A
FCAP,$27.02,1440598874033,202,Not yet rated,NULL,N/A
FCVA,NULL,1440598874106,0,Not yet rated,NULL,N/A
FCFS,$37.96,1440598874185,"41,072",100% bearish,of 3 ratings,$48
BUSE,$6.28,1440598874241,"6,070",Not yet rated,NULL,$6.875
FCLF,NULL,1440598874342,0,Not yet rated,NULL,N/A
FCBC,$16.74,1440598874398,"2,927",Not yet rated,NULL,$18
FCCO,$11.83,1440598874428,"1,804",Not yet rated,NULL,$13.25
FBNK,$16.7,1440598874572,"10,139",100% bearish,of 1 rating,$17.50
FCFP,$6.9,1440598874633,201,Not yet rated,NULL,N/A
FDEF,$36.75,1440598874721,"3,567",Not yet rated,NULL,$38
FFNM,NULL,1440598874772,0,Not yet rated,NULL,N/A
FFBC,$17.635,1440598874798,"31,346",67% bearish,of 3 ratings,$20.25
FFBCW,NULL,1440598874875,0,100% bearish,of 1 rating,N/A
FFIN,$29.5,1440598874958,"9,075",50% bullish,of 2 ratings,$31.75
FFWM,$20.8,1440598875046,645,Not yet rated,NULL,$24
THFF,$32.99,1440598875147,"1,179",Not yet rated,NULL,$35
FRME,$25.16,1440598875179,"9,267",Not yet rated,NULL,$26.50
INBK,$29.52,1440598875203,"3,130",50% bullish,of 2 ratings,$37
FFNW,$12.01,1440598875278,"7,243",Not yet rated,NULL,$14
FMBH,NULL,1440598875348,0,Not yet rated,NULL,N/A
FIBK,$25.88,1440598875376,"7,239",Not yet rated,NULL,$32
FMBI,$16.825,1440598875510,"41,604",Not yet rated,NULL,$20
FNFG,$8.6,1440598875642,"242,990",80% bullish,of 5 ratings,$9
FSFG,NULL,1440598875691,0,Not yet rated,NULL,N/A
FNBC,$33.01,1440598875716,"3,055",Not yet rated,NULL,$40
FNWB,$11.7601,1440598875774,"1,500",Not yet rated,NULL,N/A
FSGI,$2.46,1440598875804,"5,408",Not yet rated,NULL,N/A
FSBK,$7.56,1440598875848,"1,608",100% bullish,of 1 rating,N/A
FSLR,$44.22,1440598875874,"287,308",74% bullish,of 39 ratings,$65
BICK,NULL,1440598875902,0,100% bullish,of 1 rating,N/A
FBZ,$9.74,1440598876102,200,Not yet rated,NULL,N/A
FTCS,$35.42,1440598876170,"1,735",100% bearish,of 1 rating,N/A
FCAN,NULL,1440598876253,0,Not yet rated,NULL,N/A
FCA,$18.8088,1440598876386,460,Not yet rated,NULL,N/A
FEMB,$41.88,1440598876411,18,Not yet rated,NULL,N/A
FV,$22.46,1440598876461,"372,391",100% bearish,of 1 rating,N/A
IFV,$17.462,1440598876543,"213,341",100% bearish,of 1 rating,N/A
TDIV,$23.56,1440598876568,"40,946",100% bearish,of 1 rating,N/A
FEUZ,$31.23,1440598876597,"8,804",Not yet rated,NULL,N/A
FTGC,$21.63,1440598876700,"1,734",Not yet rated,NULL,N/A
FTSM,$59.8542,1440598876732,"1,901",100% bearish,of 1 rating,N/A
FGM,$35.56,1440598876805,641,Not yet rated,NULL,N/A
MDIV,$18.7048,1440598876840,"39,831",Not yet rated,NULL,N/A
HYLS,$49.1156,1440598876949,"8,503",100% bearish,of 1 rating,N/A
FTHI,NULL,1440598876978,0,Not yet rated,NULL,N/A
FHK,$32.32,1440598877107,"1,556",Not yet rated,NULL,N/A
FPXI,NULL,1440598877241,0,Not yet rated,NULL,N/A
CU,$12.055,1440598877347,"1,345",100% bearish,of 1 rating,N/A
FJP,$46.26,1440598877401,429,Not yet rated,NULL,N/A
YDIV,NULL,1440598877430,0,Not yet rated,NULL,N/A
PLTM,$6.21,1440598877451,900,100% bearish,of 1 rating,N/A
SKYY,$27.6677,1440598877484,"19,458",100% bullish,of 1 rating,N/A
FTLB,NULL,1440598877513,0,100% bearish,of 1 rating,N/A
QABA,$36.035,1440598877588,"2,222",100% bearish,of 1 rating,N/A
FMB,NULL,1440598877647,0,Not yet rated,NULL,N/A
LMBS,$50.57,1440598877785,100,Not yet rated,NULL,N/A
CIBR,$17.4394,1440598877886,"21,324",Not yet rated,NULL,N/A
QCLN,$14.22,1440598877911,758,Not yet rated,NULL,N/A
FONE,NULL,1440598877935,0,Not yet rated,NULL,N/A
GRID,NULL,1440598878198,0,100% bearish,of 1 rating,N/A
QQEW,$39.9,1440598878223,"17,120",Not yet rated,NULL,N/A
CARZ,$34.1,1440598878251,"2,240",100% bearish,of 1 rating,N/A
RDVY,$20.44,1440598878282,"2,446",Not yet rated,NULL,N/A
QINC,NULL,1440598878389,0,Not yet rated,NULL,N/A
AIRR,NULL,1440598878444,0,100% bearish,of 1 rating,N/A
QTEC,$37.99,1440598878472,"7,690",Not yet rated,NULL,N/A
QQXT,$38.99,1440598878571,"5,371",Not yet rated,NULL,N/A
FKO,$22.59,1440598878657,300,Not yet rated,NULL,N/A
FTSL,$48.56,1440598878699,"23,529",100% bearish,of 1 rating,N/A
FDIV,NULL,1440598878753,0,100% bearish,of 1 rating,N/A
FSZ,$39.14,1440598878858,893,Not yet rated,NULL,N/A
FTW,NULL,1440598878943,0,Not yet rated,NULL,N/A
SVVC,$9.39,1440598879097,"2,019",50% bullish,of 2 ratings,$26
FMER,$17.22,1440598879127,"139,814",50% bullish,of 2 ratings,$20
TUSA,$24.4,1440598879148,"1,888",Not yet rated,NULL,N/A
FUNC,$8.3,1440598879181,100,Not yet rated,NULL,N/A
FKU,$41.5601,1440598879210,"1,367",Not yet rated,NULL,N/A
FISV,$81.36,1440598879236,"165,129",100% bearish,of 3 ratings,$90
FSV,$31.16,1440598879313,400,Not yet rated,NULL,$33.60
FLML,$21.58,1440598879638,"12,731",50% bullish,of 2 ratings,$30
FPRX,$18.48,1440598879689,"51,174",50% bullish,of 2 ratings,$35
FIVN,$4.06,1440598879721,"12,982",100% bullish,of 1 rating,$8.50
FIVE,$35.34,1440598879767,"42,676",75% bearish,of 4 ratings,$44
FLKS,$12.67,1440598879822,"10,291",50% bullish,of 2 ratings,$27
FLXN,$22.81,1440598879853,"15,228",100% bearish,of 1 rating,$40
SKOR,NULL,1440598879897,0,Not yet rated,NULL,N/A
FLXS,$31.51,1440598879962,"3,016",100% bearish,of 2 ratings,N/A
MBSD,NULL,1440598880094,0,Not yet rated,NULL,N/A
FLEX,$9.99,1440598880123,"309,177",63% bullish,of 8 ratings,$12
FLIR,$27.23,1440598880152,"75,420",100% bearish,of 1 rating,$38.50
FLDM,$11.67,1440598880254,"47,459",67% bearish,of 3 ratings,$21.50
FFIC,$19.35,1440598880300,"7,130",Not yet rated,NULL,$21
FOGO,$17.95,1440598880328,"3,705",50% bullish,of 2 ratings,$25.50
FOMX,$9.5,1440598880349,"9,789",50% bullish,of 2 ratings,$23.50
FONR,$9.51,1440598880550,"17,899",100% bullish,of 1 rating,N/A
FES,$0.9,1440598880676,"4,000",50% bullish,of 2 ratings,$1
FORTY,$30.979,1440598880722,731,100% bearish,of 1 rating,N/A
FWRD,$45.16,1440598880754,"10,094",100% bearish,of 1 rating,$50
FORM,$6.06,1440598880788,"27,356",67% bullish,of 3 ratings,$10.50
FBIO,$2.3963,1440598880852,"21,320",83% bullish,of 6 ratings,N/A
FTNT,$41.46,1440598880881,"137,065",80% bullish,of 10 ratings,$52
FORR,$31.72,1440598880909,"1,343",Not yet rated,NULL,N/A
FORD,$1.805,1440598881042,"3,195,750",67% bullish,of 3 ratings,N/A
FWP,$25.59,1440598881124,"8,403",100% bearish,of 1 rating,$45
FOSL,$58.29,1440598881172,"69,437",60% bearish,of 5 ratings,$80
FMI,$20.65,1440598881256,"12,813",100% bearish,of 2 ratings,$27.50
FXCB,$17,1440598881282,"3,428",Not yet rated,NULL,$19
FELE,$27.57,1440598881419,"18,759",50% bullish,of 4 ratings,$33
FOXF,$15.33,1440598881475,"2,070",100% bearish,of 1 rating,$19
FRAN,$10.78,1440598881496,"102,170",50% bullish,of 4 ratings,$15
FRED,$12.71,1440598881532,"7,975",50% bullish,of 2 ratings,$16.50
FREE,$0.3401,1440598881577,"80,122",92% bullish,of 12 ratings,N/A
FEIM,$10.42,1440598881630,"1,100",100% bearish,of 1 rating,N/A
RAIL,$19.23,1440598881708,"10,780",100% bearish,of 1 rating,$24.50
FRPT,$12.26,1440598881837,"44,035",67% bearish,of 3 ratings,$23.50
FTR,$4.88,1440598881864,"3,547,659",78% bullish,of 27 ratings,$6.25
FRPH,$30.99,1440598881889,500,100% bearish,of 1 rating,N/A
FSBW,$23.1,1440598882163,10,Not yet rated,NULL,N/A
FTRPR,$98,1440598882190,"3,150",100% bearish,of 1 rating,N/A
FSYS,$6.12,1440598882230,"8,192",67% bullish,of 3 ratings,$10
FTEK,$2.0601,1440598882266,"40,629",75% bullish,of 4 ratings,N/A
FCEL,$0.7495,1440598882363,"214,947",88% bullish,of 41 ratings,$2.65
FULL,$3.0712,1440598882416,"2,988",67% bearish,of 3 ratings,$4.25
FTD,$28.631,1440598882444,"8,510",100% bearish,of 1 rating,$40
FULLL,$25.15,1440598882465,272,Not yet rated,NULL,N/A
FLL,$1.45,1440598882660,"12,635",75% bullish,of 4 ratings,$3.50
FULT,$11.72,1440598882689,"62,996",100% bearish,of 1 rating,$13
FSNN,NULL,1440598882758,0,67% bullish,of 3 ratings,$6
FFHL,$0.883,1440598882817,"1,100",50% bullish,of 4 ratings,N/A
FXEN,$0.8,1440598882888,"12,020",75% bullish,of 4 ratings,$1.10
GK,$65.84,1440598882913,"7,678",Not yet rated,NULL,$78
FXENP,$15.86,1440598882962,100,100% bearish,of 1 rating,N/A
WILC,$4.8435,1440598882987,800,100% bullish,of 2 ratings,N/A
GLPG,$61.56,1440598883137,"14,093",100% bullish,of 1 rating,$75
GAIA,$5.91,1440598883180,"1,612",50% bullish,of 2 ratings,$8.50
GALTU,NULL,1440598883310,0,100% bearish,of 1 rating,N/A
GALTW,NULL,1440598883344,0,100% bullish,of 1 rating,N/A
GLMD,$7.6128,1440598883364,966,67% bullish,of 3 ratings,$20.50
GALT,$1.8001,1440598883409,"3,380",80% bullish,of 5 ratings,N/A
GALE,$1.5399,1440598883453,"320,064",89% bullish,of 47 ratings,$4
GLPI,$30.99,1440598883495,"78,614",100% bearish,of 1 rating,$37.50
GPIC,$10.6,1440598883647,159,100% bearish,of 1 rating,N/A
GGACR,NULL,1440598883707,0,100% bullish,of 1 rating,N/A
GGAC,$9.85,1440598883782,189,100% bearish,of 1 rating,N/A
GRMN,$37.18,1440598883813,"96,982",50% bullish,of 6 ratings,$46.50
GGACU,$10.02,1440598883862,872,Not yet rated,NULL,N/A
GARS,$14.159,1440598883912,"4,005",Not yet rated,NULL,$16
GGACW,$0.11,1440598884006,10,Not yet rated,NULL,N/A
GNCMA,$16.62,1440598884132,"16,371",100% bearish,of 1 rating,$12
GENC,$9.49,1440598884158,220,100% bearish,of 1 rating,N/A
GENE,$2.0599,1440598884291,"23,037",100% bullish,of 12 ratings,N/A
GFNCP,NULL,1440598884317,0,Not yet rated,NULL,N/A
GFN,$3.5,1440598884346,348,100% bearish,of 2 ratings,$8
GFNSL,NULL,1440598884390,0,Not yet rated,NULL,N/A
GNMK,$9.4,1440598884450,"22,280",67% bullish,of 6 ratings,$14
GNCA,$12.1609,1440598884497,"8,663",100% bearish,of 1 rating,$20
GHDX,$24.29,1440598884642,"17,059",50% bullish,of 2 ratings,$30
GNTX,$15.01,1440598884674,"251,123",Not yet rated,NULL,$20
THRM,$42.16,1440598884705,"55,055",75% bearish,of 4 ratings,$55.50
GTWN,NULL,1440598884780,0,Not yet rated,NULL,N/A
GNVC,$2.3226,1440598884805,"7,058",90% bullish,of 10 ratings,$8.50
GEOS,$14,1440598884851,"17,911",100% bearish,of 3 ratings,$21
GABC,$28.92,1440598884980,"1,017",Not yet rated,NULL,$31
GERN,$2.96,1440598885027,"345,663",88% bullish,of 16 ratings,$5.25
GEVO,$2.2801,1440598885118,"122,399",75% bullish,of 12 ratings,$5
ROCK,$16.19,1440598885192,"13,299",80% bullish,of 5 ratings,$24
GIGM,$0.57,1440598885223,"3,900",100% bullish,of 2 ratings,N/A
GIII,$64.03,1440598885295,"14,504",67% bullish,of 3 ratings,$75
GIGA,$1.47,1440598885320,374,100% bearish,of 1 rating,N/A
GILT,$4.22,1440598885385,656,50% bullish,of 2 ratings,N/A
GILD,$104.35,1440598885463,"1,807,137",91% bullish,of 87 ratings,$129
GBCI,$24.52,1440598885592,"49,359",50% bullish,of 2 ratings,$31
GLADO,$25.4798,1440598885629,350,Not yet rated,NULL,N/A
GLAD,$8.1499,1440598885655,"17,830",50% bullish,of 2 ratings,$8.75
GOOD,$14.159,1440598885784,"35,380",Not yet rated,NULL,$19
GOODN,$25.27,1440598885918,300,Not yet rated,NULL,N/A
GOODO,$25,1440598885947,400,Not yet rated,NULL,N/A
GAIN,$7.24,1440598885976,"27,776",100% bullish,of 2 ratings,$8.25
GOODP,$25.25,1440598886048,15,Not yet rated,NULL,N/A
GAINN,$25.3501,1440598886110,"7,089",Not yet rated,NULL,N/A
GAINP,$25.6001,1440598886181,"2,544",Not yet rated,NULL,N/A
GAINO,$25.13,1440598886248,587,Not yet rated,NULL,N/A
GDEF,NULL,1440598886373,0,Not yet rated,NULL,N/A
LAND,$9.025,1440598886405,"6,384",50% bullish,of 2 ratings,$13.75
GBT,$42.72,1440598886441,"12,310",100% bearish,of 1 rating,N/A
GLBZ,NULL,1440598886470,0,Not yet rated,NULL,N/A
ENT,$10.87,1440598886601,"12,548",100% bearish,of 1 rating,$18
GBLI,$26.72,1440598886661,"1,499",Not yet rated,NULL,N/A
GSOL,$8.16,1440598886695,"3,153",100% bearish,of 1 rating,N/A
GPACU,NULL,1440598886726,0,Not yet rated,NULL,N/A
QQQC,$18.08,1440598886824,"1,440",100% bearish,of 1 rating,N/A
SOCL,$16.78,1440598886888,"15,620",100% bullish,of 2 ratings,N/A
ACTX,NULL,1440598886915,0,100% bullish,of 1 rating,N/A
ALTY,NULL,1440598886952,0,Not yet rated,NULL,N/A
GAI,$5.82,1440598887097,746,50% bullish,of 2 ratings,N/A
SRET,NULL,1440598887124,0,Not yet rated,NULL,N/A
YLCO,NULL,1440598887145,0,Not yet rated,NULL,N/A
GSM,$12.145,1440598887273,"82,605",50% bullish,of 2 ratings,$23
GBIM,$2.11,1440598887302,749,50% bullish,of 2 ratings,N/A
GLRI,NULL,1440598887401,0,100% bearish,of 1 rating,$4.25
GLBS,NULL,1440598887454,0,67% bullish,of 3 ratings,N/A
GLUU,$4.11,1440598887509,"275,857",92% bullish,of 26 ratings,$9
GLYC,$6.95,1440598887537,301,50% bullish,of 2 ratings,$14
GOGO,$14.94,1440598887716,"113,003",80% bullish,of 5 ratings,$25
GLNG,$33.63,1440598887748,"87,852",83% bullish,of 6 ratings,$58
GMLP,$17.45,1440598887769,"32,260",50% bullish,of 4 ratings,$32.50
GLDC,NULL,1440598887856,0,50% bullish,of 2 ratings,N/A
GOGL,$2.6,1440598887913,"70,516",75% bullish,of 4 ratings,$5
GBDC,$16.5,1440598887989,"45,951",Not yet rated,NULL,$17.75
GDEN,$9.05,1440598888014,504,50% bullish,of 2 ratings,N/A
GTIM,$6.5,1440598888175,"1,310",Not yet rated,NULL,$11.50
GOOGL,$637.138,1440598888201,"468,479",88% bullish,of 1080 ratings,$749
GOOG,$605.55,1440598888265,"442,263",89% bullish,of 70 ratings,$825
GPRO,$46.69,1440598888336,"1,563,712",78% bullish,of 58 ratings,$72
GMAN,$4.13,1440598888366,"15,417",60% bullish,of 5 ratings,$8.50
GPIAU,NULL,1440598888494,0,Not yet rated,NULL,N/A
GPIA,NULL,1440598888523,0,Not yet rated,NULL,N/A
GPIAW,NULL,1440598888626,0,Not yet rated,NULL,N/A
GRVY,$3.25,1440598888668,50,50% bullish,of 2 ratings,N/A
LOPE,$36.08,1440598888766,"24,493",100% bearish,of 2 ratings,$50
GBSNU,NULL,1440598888784,0,NULL,NULL,NULL
GBSN,$0.3814,1440598888812,"2,810,168",100% bearish,of 1 rating,$8.25
GLDD,$5.1,1440598888841,"25,922",100% bearish,of 4 ratings,$7.75
GSBC,$38.4,1440598888977,"1,683",100% bullish,of 1 rating,$44
GRBK,$12.2,1440598889081,"10,825",77% bullish,of 13 ratings,N/A
GPP,$13.1501,1440598889154,"12,526",Not yet rated,NULL,$20.50
GNBC,$11.35,1440598889183,"1,100",100% bearish,of 1 rating,$16.50
GPRE,$17.61,1440598889287,"36,379",67% bullish,of 6 ratings,$28.50
GCBC,$28.5,1440598889341,14,100% bullish,of 1 rating,N/A
GLRE,$23.7175,1440598889419,"16,274",50% bullish,of 2 ratings,$41
GRFS,$30.505,1440598889473,"25,549",50% bullish,of 2 ratings,$35
GRIF,$30.75,1440598889499,300,100% bearish,of 1 rating,N/A
GRPN,$4.02,1440598889634,"1,279,852",61% bullish,of 71 ratings,$6.75
OMAB,$38.74,1440598889664,"13,131",100% bullish,of 1 rating,$44
GGAL,$17.94,1440598889685,"29,710",80% bullish,of 5 ratings,$40
GSIT,$4.74,1440598889816,"1,903",100% bearish,of 1 rating,N/A
GSIG,$12.28,1440598889844,"16,943",100% bearish,of 2 ratings,N/A
GSVC,$8.42,1440598889865,"5,584",50% bullish,of 2 ratings,$14.50
GTXI,$0.7999,1440598889997,"2,058",100% bullish,of 5 ratings,$.75
GBNK,$15.57,1440598890125,"1,710",100% bearish,of 1 rating,$18
GULTU,$0.295,1440598890231,"10,400",100% bearish,of 1 rating,N/A
GPOR,$32.63,1440598890263,"125,276",75% bullish,of 4 ratings,$55
GUID,$6.72,1440598890331,"8,235",100% bearish,of 3 ratings,$10
GFED,NULL,1440598890359,0,Not yet rated,NULL,$17
GIFI,$11.22,1440598890417,"9,427",100% bearish,of 1 rating,$16
GURE,$1.68,1440598890444,"1,800",88% bullish,of 8 ratings,N/A
GWPH,$101.54,1440598890500,"17,984",78% bullish,of 9 ratings,$148.50
GYRO,NULL,1440598890652,0,100% bearish,of 1 rating,N/A
GWGH,NULL,1440598890718,0,100% bearish,of 1 rating,$15.05
HEES,$16.2,1440598890748,"60,331",67% bearish,of 3 ratings,$31
HLG,NULL,1440598890882,0,100% bearish,of 1 rating,N/A
HNRG,$7.295,1440598890909,"54,447",100% bearish,of 1 rating,$10
HALL,$11.09,1440598890936,"4,768",Not yet rated,NULL,N/A
HALO,$17.1072,1440598890962,"186,963",67% bullish,of 3 ratings,$22.50
HBK,$13.75,1440598891159,204,50% bullish,of 2 ratings,N/A
HBHC,$25.62,1440598891188,"49,084",50% bullish,of 2 ratings,$30
HMPR,$1.82,1440598891221,"19,194",100% bullish,of 1 rating,N/A
HNH,$26.3,1440598891318,244,100% bullish,of 1 rating,N/A
HBHCL,$24.3,1440598891350,"2,011",Not yet rated,NULL,N/A
HAFC,$23.537,1440598891380,"17,628",100% bullish,of 2 ratings,$28.50
HDNG,$9.63,1440598891449,"2,789",50% bullish,of 4 ratings,N/A
HNSN,$0.507,1440598891475,"7,176",88% bullish,of 8 ratings,$.40
HQCL,$10.216,1440598891509,"23,091",67% bullish,of 3 ratings,$14
HRMN,NULL,1440598891662,0,Not yet rated,NULL,N/A
HRMNU,NULL,1440598891690,0,Not yet rated,NULL,N/A
HLIT,$5.5,1440598891714,"38,028",100% bearish,of 1 rating,$6.50
HRMNW,NULL,1440598891856,0,Not yet rated,NULL,N/A
TINY,$2.48,1440598891916,"1,250",50% bullish,of 2 ratings,$5.26
HART,$0.96,1440598892045,"17,410",100% bearish,of 1 rating,N/A
HBIO,$4.4,1440598892073,"11,412",Not yet rated,NULL,$10
HCAP,$12.18,1440598892141,"1,017",50% bullish,of 2 ratings,$15
HCAPL,$25.345,1440598892200,"1,880",Not yet rated,NULL,N/A
HCOM,$21.975,1440598892300,"1,529",100% bearish,of 1 rating,$28
HAS,$72.09,1440598892376,"101,756",63% bullish,of 8 ratings,$84.50
HWKN,$35.1,1440598892409,"5,491",Not yet rated,NULL,N/A
HA,$22.52,1440598892435,"77,219",67% bullish,of 9 ratings,$27
HAYN,$35,1440598892514,"6,591",100% bearish,of 1 rating,$59
HDS,$30.87,1440598892576,"358,653",100% bearish,of 2 ratings,$39.50
HWBK,NULL,1440598892647,0,100% bearish,of 1 rating,N/A
HIIQ,$4.23,1440598892829,"2,246",50% bullish,of 2 ratings,$7
HQY,$28.75,1440598892856,"8,930",67% bullish,of 3 ratings,$31
HCSG,$32.66,1440598892886,"15,566",50% bullish,of 4 ratings,$35
HWAY,$11.84,1440598892989,"23,820",100% bearish,of 1 rating,$15
HSTM,$24.13,1440598893015,"4,210",50% bullish,of 2 ratings,$33.75
HTLD,$20.03,1440598893091,"32,186",Not yet rated,NULL,$22.50
HTWR,$79.85,1440598893118,"32,844",50% bullish,of 2 ratings,$103
HTBX,$4.769,1440598893261,"11,266",50% bullish,of 2 ratings,$15.50
HTLF,$35.495,1440598893312,"3,171",100% bullish,of 1 rating,$39.50
HSII,$19.6,1440598893340,"10,735",100% bullish,of 3 ratings,$25
HMNY,$2.27,1440598893372,200,100% bearish,of 1 rating,N/A
HELE,$83,1440598893474,"20,775",67% bearish,of 3 ratings,$100
HMTV,$13.235,1440598893502,"11,908",100% bearish,of 1 rating,$16
HCACU,NULL,1440598893604,0,Not yet rated,NULL,N/A
HNNA,$24.43,1440598893636,"4,582",Not yet rated,NULL,N/A
HSIC,$133.51,1440598893700,"32,946",83% bullish,of 6 ratings,$146
HFWA,$17.235,1440598893799,"3,346",100% bullish,of 1 rating,$20
HTBK,$10.55,1440598893847,"3,856",Not yet rated,NULL,$12
HERO,NULL,1440598893876,0,NULL,NULL,NULL
HEOP,$7.63,1440598894038,592,Not yet rated,NULL,$8.50
MLHR,$26.77,1440598894105,"32,101",50% bullish,of 2 ratings,$33.50
HCCI,$10.82,1440598894135,"4,205",100% bearish,of 1 rating,$16.50
HFFC,$15.8,1440598894209,540,Not yet rated,NULL,N/A
HRTX,$33.12,1440598894236,"64,024",67% bullish,of 6 ratings,$41
HSKA,$33.09,1440598894260,930,100% bearish,of 1 rating,$38
HIBB,$37.85,1440598894288,"97,787",100% bearish,of 1 rating,$46.50
HPJ,$2.06,1440598894429,"13,499",75% bullish,of 4 ratings,$12.43
HIMX,$6.36,1440598894567,"229,851",86% bullish,of 21 ratings,$8.50
HIHO,$3.81,1440598894629,"8,400",Not yet rated,NULL,N/A
HIFS,$115.69,1440598894709,300,Not yet rated,NULL,N/A
HMNF,$11.14,1440598894734,477,Not yet rated,NULL,N/A
HSGX,$6.03,1440598894771,"1,200",100% bearish,of 1 rating,$17
HOLX,$38.1,1440598894967,"279,644",67% bullish,of 3 ratings,$42
HOMB,$37.24,1440598894995,"46,685",Not yet rated,NULL,$42
HMSY,$9.58,1440598895029,"160,419",67% bullish,of 3 ratings,$19.35
HBCP,$24.5,1440598895131,400,Not yet rated,NULL,$29
AWAY,$27.47,1440598895164,"55,180",67% bullish,of 3 ratings,$36
HMIN,$26.23,1440598895191,"25,769",100% bearish,of 2 ratings,$35
HFBL,$21.54,1440598895285,200,Not yet rated,NULL,N/A
HMST,$21.48,1440598895419,"18,184",100% bullish,of 2 ratings,$27
HOLI,$16.92,1440598895465,"65,511",50% bullish,of 4 ratings,$27
HTBI,$17.85,1440598895563,"6,308",67% bullish,of 3 ratings,$18.625
HKTV,$4.44,1440598895621,"22,800",100% bearish,of 1 rating,N/A
CETC,$0.6976,1440598895720,"17,829",86% bullish,of 7 ratings,N/A
HOFT,$23.42,1440598895851,"2,906",100% bearish,of 1 rating,N/A
HBNC,$22.66,1440598895882,"1,906",100% bullish,of 1 rating,$27
HFBC,$10.92,1440598895917,"3,400",Not yet rated,NULL,N/A
HZNP,$28.6349,1440598895980,"209,961",85% bullish,of 20 ratings,$40
ZINC,$6.87,1440598896009,"64,232",100% bearish,of 1 rating,$17
HDP,$23.0401,1440598896039,"58,945",67% bearish,of 3 ratings,$30.50
HRZN,$10.0296,1440598896073,"8,892",50% bullish,of 2 ratings,$14.25
HMHC,$22.3,1440598896102,"361,824",Not yet rated,NULL,$27
HWCC,$7.19,1440598896353,"8,867",100% bearish,of 1 rating,$9
HBMD,NULL,1440598896378,0,100% bearish,of 1 rating,N/A
HOVNP,NULL,1440598896410,0,100% bearish,of 1 rating,N/A
HSNI,$60.32,1440598896568,"25,984",Not yet rated,NULL,$80
HUBG,$37.085,1440598896675,"5,700",100% bearish,of 1 rating,$43
HBAN,$10.38,1440598896713,"1,192,495",76% bullish,of 17 ratings,$12.29
HTGM,$5.575,1440598896739,"1,600",100% bearish,of 1 rating,$19.50
HSON,$2.6,1440598896776,3,100% bearish,of 1 rating,$5
HCBK,$8.96,1440598896871,"293,012",83% bullish,of 6 ratings,$8.61
HDSN,$3.015,1440598896935,"2,989",100% bullish,of 1 rating,$6.25
HURC,$28.8,1440598897003,700,100% bearish,of 1 rating,N/A
HBANP,$1330,1440598897037,15,100% bearish,of 1 rating,N/A
HURN,$71.99,1440598897064,"22,427",50% bullish,of 2 ratings,$80
HTCH,$1.43,1440598897134,"5,833",100% bearish,of 1 rating,$3.50
HBP,$3.16,1440598897160,"6,173",100% bullish,of 1 rating,N/A
HDRA,NULL,1440598897382,0,Not yet rated,NULL,N/A
HDRAR,NULL,1440598897482,0,Not yet rated,NULL,N/A
HDRAW,NULL,1440598897511,0,Not yet rated,NULL,N/A
IDSY,$3.8,1440598897562,686,100% bearish,of 1 rating,$7
HYGS,$7.54,1440598897611,"4,696",50% bullish,of 2 ratings,$13
HDRAU,NULL,1440598897663,0,Not yet rated,NULL,N/A
IKGH,$1.6,1440598897705,"7,260",75% bullish,of 4 ratings,N/A
IBKC,$57.48,1440598897738,"20,833",100% bullish,of 1 rating,$70
ICAD,$3.31,1440598897765,"8,212",50% bullish,of 2 ratings,$7.25
IACI,$67.46,1440598897837,"68,109",75% bullish,of 4 ratings,$90
IEP,$68.64,1440598897899,"15,129",75% bullish,of 4 ratings,$99
ICFI,$33.8,1440598898064,"5,084",50% bullish,of 2 ratings,$48.50
ICLR,$76.7,1440598898203,"66,895",100% bearish,of 3 ratings,$85
ICUI,$111.584,1440598898228,"8,553",Not yet rated,NULL,$122
ICON,$12.3186,1440598898274,"84,834",50% bullish,of 2 ratings,$18.50
IPWR,$7.19,1440598898416,"3,059",100% bullish,of 1 rating,$15
IDRA,$2.61,1440598898523,"228,259",89% bullish,of 9 ratings,$6.50
INVE,$4.26,1440598898551,"2,288",75% bullish,of 4 ratings,$4
IDXX,$70.67,1440598898582,"56,296",100% bearish,of 1 rating,$77
DSKY,$10.88,1440598898618,"11,724",67% bullish,of 6 ratings,$11.50
IROQ,$16.761,1440598898686,"1,050",100% bullish,of 1 rating,N/A
KANG,$14.64,1440598898719,"60,991",50% bullish,of 2 ratings,$22.55
IRG,$4.42,1440598898740,"8,153",100% bearish,of 1 rating,$4.50
RXDX,$12.6,1440598898827,"18,173",100% bullish,of 1 rating,$20
IIVI,$16.88,1440598898996,"41,651",100% bearish,of 1 rating,$22
IKAN,$2.7201,1440598899055,"2,307",83% bullish,of 6 ratings,$5
ILMN,$191.785,1440598899188,"190,013",80% bullish,of 5 ratings,$240
ISNS,$3.92,1440598899215,"2,637",50% bullish,of 2 ratings,N/A
IMMR,$11.22,1440598899241,"11,828",80% bullish,of 5 ratings,$15.50
ICCC,$7.55,1440598899266,"3,543",100% bullish,of 1 rating,N/A
IMNP,$1.16,1440598899439,"58,481",50% bullish,of 2 ratings,$6
IMDZ,$14.77,1440598899468,"36,710",100% bearish,of 1 rating,$33
IKNX,NULL,1440598899497,0,100% bearish,of 1 rating,N/A
IMGN,$13.275,1440598899528,"115,288",75% bullish,of 4 ratings,$17.50
IMMU,$1.86,1440598899551,"80,677",86% bullish,of 7 ratings,$2
IMMY,$7.3111,1440598899597,"4,702",100% bearish,of 1 rating,$11
IPXL,$42.005,1440598899690,"42,353",67% bullish,of 3 ratings,$46.50
INCR,$41.42,1440598899731,"21,993",50% bullish,of 2 ratings,$53
SAAS,$7.27,1440598899934,"49,064",50% bullish,of 2 ratings,$15
INDB,$43.65,1440598900068,"1,957",Not yet rated,NULL,$44
INCY,$103.08,1440598900088,"122,410",50% bullish,of 6 ratings,$125.50
IBTX,$39.21,1440598900142,"3,759",100% bullish,of 2 ratings,$47.25
INFN,$20.4901,1440598900168,"873,402",71% bullish,of 7 ratings,$28
IDSA,$3.4,1440598900219,"3,329",Not yet rated,NULL,N/A
INFI,$8.64,1440598900298,"52,217",50% bullish,of 4 ratings,$18
III,$3.97,1440598900381,"2,077",57% bullish,of 7 ratings,$6
IBCP,$14.03,1440598900410,"11,021",100% bullish,of 1 rating,$14.50
IFON,$1.2125,1440598900437,"4,500",75% bullish,of 4 ratings,N/A
INWK,$6.92,1440598900627,"13,767",50% bullish,of 2 ratings,$10
IMKTA,$50.17,1440598900654,"8,950",100% bearish,of 1 rating,N/A
INNL,$13,1440598900679,"1,240",100% bearish,of 1 rating,$16.50
IPCC,$78.26,1440598900709,"3,356",Not yet rated,NULL,$77.50
INOD,$2.448,1440598900808,825,100% bearish,of 1 rating,N/A
IOSP,$46.99,1440598901023,"28,040",100% bearish,of 1 rating,N/A
IPHS,$45.34,1440598901053,"11,649",100% bearish,of 1 rating,$60
INOV,$20.675,1440598901087,"57,824",100% bearish,of 1 rating,$33
INO,$6.5837,1440598901186,"146,864",89% bullish,of 18 ratings,$20
ISSC,$2.945,1440598901214,"1,938",67% bearish,of 3 ratings,N/A
INGN,$44.7927,1440598901242,"22,181",100% bearish,of 1 rating,$50.50
NSIT,$25.04,1440598901267,"20,994",50% bullish,of 2 ratings,N/A
ITEK,$11.475,1440598901295,"102,430",100% bearish,of 3 ratings,$20
ISIG,$2.6,1440598901514,"2,100",100% bearish,of 1 rating,N/A
INSM,$22.7,1440598901544,"40,331",71% bullish,of 7 ratings,$31.50
PODD,$28.63,1440598901647,"27,331",67% bearish,of 3 ratings,$35
INSY,$32.38,1440598901677,"64,196",75% bullish,of 4 ratings,$48
NTEC,$5.45,1440598901729,"9,500",100% bearish,of 1 rating,N/A
IIIN,$17.1,1440598901779,"16,263",100% bearish,of 2 ratings,N/A
IART,$59.275,1440598901866,"30,015",100% bearish,of 1 rating,$71.50
IDTI,$17.21,1440598901971,"212,967",60% bullish,of 5 ratings,$25
IESC,$7.25,1440598902024,"1,293",100% bearish,of 1 rating,N/A
INTC,$26.17,1440598902053,"5,102,293",82% bullish,of 238 ratings,$36
IPCI,$2.08,1440598902159,"34,290",67% bullish,of 6 ratings,$8
IBKR,$36.76,1440598902208,"51,448",100% bullish,of 1 rating,N/A
IQNT,$17.65,1440598902257,"26,179",86% bullish,of 7 ratings,$20
ISSI,$22.01,1440598902282,"27,135",67% bullish,of 3 ratings,$19.75
IPAR,$24.975,1440598902418,"4,226",67% bullish,of 3 ratings,$38
ININ,$34.96,1440598902522,"6,778",67% bearish,of 3 ratings,$57
ICLD,$1.7675,1440598902593,"36,119",75% bullish,of 4 ratings,N/A
ICLDW,NULL,1440598902689,0,100% bearish,of 1 rating,N/A
ICPT,$184.0251,1440598902751,"49,745",70% bullish,of 10 ratings,$359.50
TILE,$23.67,1440598902778,"50,488",67% bearish,of 3 ratings,$27
IDCC,$47.59,1440598902800,"20,405",80% bullish,of 5 ratings,$63
IBOC,$24.21,1440598902934,"5,971",100% bearish,of 1 rating,N/A
IMI,$2.07,1440598902964,35,67% bullish,of 3 ratings,$2.22
INAP,$7.76,1440598903064,"28,604",75% bullish,of 4 ratings,$11
IGLD,$6.99,1440598903091,"2,215",50% bullish,of 2 ratings,N/A
ISCA,$30.81,1440598903138,"10,386",100% bearish,of 1 rating,N/A
PTNT,$3.04,1440598903267,202,Not yet rated,NULL,N/A
IIJI,NULL,1440598903301,0,50% bullish,of 2 ratings,$11.50
XENT,$25.76,1440598903399,"16,751",50% bullish,of 2 ratings,$36.50
INPH,$0.2801,1440598903427,"12,700",50% bullish,of 2 ratings,N/A
ISIL,$10,1440598903559,"74,042",50% bullish,of 6 ratings,$15
INTX,$2.0999,1440598903587,"2,818",67% bullish,of 3 ratings,N/A
IILG,$19.22,1440598903690,"22,478",100% bearish,of 1 rating,$29
IVAC,$4.66,1440598903716,"3,086",100% bearish,of 1 rating,$6.625
INTL,$25.74,1440598903760,"14,301",67% bearish,of 3 ratings,N/A
INTLL,$25.78,1440598903785,"1,350",Not yet rated,NULL,N/A
ITCI,$25.64,1440598903844,"131,269",75% bearish,of 4 ratings,$40
IIN,$6.02,1440598903975,100,100% bearish,of 1 rating,$12
INTU,$81.535,1440598904143,"442,790",86% bullish,of 7 ratings,$107.50
ISRG,$498.71,1440598904179,"11,171",67% bullish,of 3 ratings,$600
SNAK,$8.43,1440598904205,"45,090",50% bullish,of 2 ratings,$14
ISTR,$15.68,1440598904275,102,100% bearish,of 1 rating,$18.50
ISBC,$11.35,1440598904300,"193,176",100% bullish,of 1 rating,$13.25
INVT,$0.27,1440598904335,"1,102",67% bullish,of 3 ratings,N/A
ITIC,$69.1,1440598904481,200,100% bearish,of 2 ratings,N/A
IVTY,$12.57,1440598904509,"1,054",Not yet rated,NULL,$18
IPAS,$1.06,1440598904640,"1,224",67% bullish,of 3 ratings,N/A
IPGP,$83.18,1440598904670,"36,908",100% bearish,of 2 ratings,$109.50
DFVL,NULL,1440598904700,0,Not yet rated,NULL,N/A
NVIV,$9.4167,1440598904721,"48,650",50% bullish,of 4 ratings,$24.50
IPCM,$79.06,1440598904756,"22,792",50% bullish,of 2 ratings,$80.125
DTUL,NULL,1440598904851,0,Not yet rated,NULL,N/A
IRIX,$6.71,1440598905032,"25,611",100% bearish,of 1 rating,N/A
IRDM,$6.8,1440598905089,"60,484",60% bullish,of 5 ratings,$11.50
IRMD,$24.56,1440598905163,"1,709",67% bearish,of 3 ratings,$25
IRDMB,$289.95,1440598905192,206,67% bearish,of 3 ratings,N/A
IRBT,$28.005,1440598905245,"21,497",67% bullish,of 6 ratings,$37
FCHI,NULL,1440598905292,0,NULL,NULL,NULL
IRWD,$10.75,1440598905334,"61,314",100% bearish,of 1 rating,$13
GNMA,$50.1841,1440598905378,"1,350",Not yet rated,NULL,N/A
COMT,$31.45,1440598905481,"1,064",100% bearish,of 1 rating,N/A
IRCP,NULL,1440598905516,0,100% bullish,of 2 ratings,N/A
IFAS,NULL,1440598905548,0,NULL,NULL,NULL
IFNA,NULL,1440598905645,0,NULL,NULL,NULL
IFGL,$27.96,1440598905688,"10,207",Not yet rated,NULL,N/A
IFEU,NULL,1440598905712,0,Not yet rated,NULL,N/A
ACWX,$39.81,1440598905742,"92,289",100% bearish,of 1 rating,N/A
ACWI,$54.065,1440598905910,"174,891",Not yet rated,NULL,N/A
AXJS,NULL,1440598905979,0,NULL,NULL,NULL
AAXJ,$51.38,1440598906039,"302,052",Not yet rated,NULL,N/A
EMEY,NULL,1440598906172,0,NULL,NULL,NULL
EEME,NULL,1440598906198,0,NULL,NULL,NULL
EEMA,$48.2688,1440598906223,"3,007",Not yet rated,NULL,N/A
AAIT,NULL,1440598906248,0,NULL,NULL,NULL
EMDI,NULL,1440598906272,0,NULL,NULL,NULL
EGRW,NULL,1440598906301,0,NULL,NULL,NULL
EEML,$26.28,1440598906402,686,Not yet rated,NULL,N/A
EUFN,$21.74,1440598906444,"30,947",100% bearish,of 1 rating,N/A
QAT,$20.8,1440598906509,566,Not yet rated,NULL,N/A
EVAL,NULL,1440598906571,0,NULL,NULL,NULL
IEUS,$45.7,1440598906674,609,100% bearish,of 1 rating,N/A
UAE,$16.815,1440598906735,300,Not yet rated,NULL,N/A
IBB,$330.67,1440598906806,"234,567",63% bullish,of 8 ratings,N/A
ICLN,$9.27,1440598907050,"3,655",50% bullish,of 2 ratings,N/A
SOXX,$77.19,1440598907078,"84,841",50% bullish,of 2 ratings,N/A
ISHG,$80.28,1440598907109,"2,818",100% bearish,of 1 rating,N/A
WOOD,$46.77,1440598907139,"1,879",50% bullish,of 2 ratings,N/A
IGOV,$91.892,1440598907167,"22,964",100% bearish,of 1 rating,N/A
EMIF,$27.42,1440598907190,"6,386",Not yet rated,NULL,N/A
ISIS,$47.51,1440598907224,"242,598",53% bullish,of 15 ratings,$67
INDY,$26.91,1440598907251,"27,722",50% bullish,of 2 ratings,N/A
ISLE,$16.525,1440598907464,"32,634",50% bullish,of 4 ratings,$16
ITRN,$23.87,1440598907527,886,50% bullish,of 2 ratings,N/A
ISRL,$125,1440598907567,115,100% bearish,of 1 rating,N/A
ITRI,$30.2,1440598907670,"40,495",Not yet rated,NULL,$37
ITUS,NULL,1440598907851,0,Not yet rated,NULL,N/A
IXYS,$10.3,1440598907885,"16,233",50% bullish,of 4 ratings,N/A
XXIA,$14.92,1440598907906,"31,763",71% bullish,of 7 ratings,$14.625
JJSF,$110.94,1440598907935,"7,100",100% bearish,of 1 rating,N/A
MAYS,NULL,1440598907979,0,Not yet rated,NULL,N/A
JCOM,$66.37,1440598908008,"16,718",100% bullish,of 2 ratings,$77
JBHT,$73.25,1440598908140,"69,307",50% bullish,of 4 ratings,$89.50
JASO,$7.26,1440598908170,"188,684",82% bullish,of 17 ratings,$10
JACK,$78.89,1440598908275,"35,538",83% bullish,of 6 ratings,$105
JKHY,$67.49,1440598908301,"158,865",50% bullish,of 2 ratings,$72
JAXB,NULL,1440598908329,0,100% bullish,of 1 rating,N/A
JXSB,$23.81,1440598908377,200,Not yet rated,NULL,N/A
JAGX,$3.01,1440598908559,"1,050",Not yet rated,NULL,N/A
JRVR,$26.13,1440598908762,"14,068",Not yet rated,NULL,$32
JAKK,$8.9148,1440598908796,"85,278",60% bearish,of 5 ratings,$11
JMBA,$13.26,1440598908828,"17,938",75% bullish,of 4 ratings,$18
JAZZ,$161.01,1440598908854,"56,533",80% bullish,of 15 ratings,$206.50
JASN,$4.76,1440598908888,"7,729",50% bullish,of 2 ratings,$9.50
ERW,NULL,1440598908942,0,Not yet rated,NULL,N/A
JD,$25,1440598908970,"1,413,233",75% bullish,of 16 ratings,$36
JASNW,NULL,1440598909048,0,50% bullish,of 2 ratings,N/A
JBLU,$21.66,1440598909153,"1,077,224",94% bullish,of 18 ratings,$27
JTPY,$2.9699,1440598909182,820,100% bearish,of 1 rating,N/A
JCTCF,$9.5,1440598909287,100,100% bullish,of 1 rating,N/A
JST,$3.66,1440598909474,"9,794",75% bullish,of 4 ratings,N/A
DATE,$5.8412,1440598909513,"31,120",75% bullish,of 4 ratings,$9
WYIGU,NULL,1440598909575,0,Not yet rated,NULL,N/A
JIVE,$4.19,1440598909603,"107,671",75% bullish,of 4 ratings,$5
JOEZ,$0.1801,1440598909636,"58,311",92% bullish,of 12 ratings,N/A
JUNO,$35.26,1440598909669,"168,686",73% bullish,of 11 ratings,$71.50
JBSS,$50.895,1440598909738,"4,564",67% bearish,of 3 ratings,N/A
JOUT,$22.6,1440598909766,"3,187",100% bearish,of 1 rating,$34
KBIO,$1.83,1440598909926,904,50% bullish,of 4 ratings,N/A
JNP,$9.55,1440598909964,"7,205",100% bullish,of 3 ratings,$15
KTWO,$21.31,1440598909989,"19,069",100% bearish,of 1 rating,$28.50
KALU,$78.88,1440598910025,"14,735",67% bearish,of 3 ratings,$91
KNDI,$5.89,1440598910161,"62,811",86% bullish,of 22 ratings,N/A
KMDA,$3.34,1440598910190,200,50% bullish,of 2 ratings,$8
KCLI,$46.24,1440598910298,"3,380",Not yet rated,NULL,N/A
KCAP,$4.4299,1440598910357,"18,513",75% bullish,of 4 ratings,$6
KBSF,NULL,1440598910491,0,100% bullish,of 1 rating,N/A
KELYA,$13.715,1440598910518,"21,028",67% bullish,of 6 ratings,$20
KPTI,$13.14,1440598910548,"41,725",67% bearish,of 3 ratings,$39
KRNY,$11.19,1440598910569,"177,188",100% bearish,of 1 rating,$12
KERX,$5.66,1440598910700,"99,911",82% bullish,of 11 ratings,$12
KELYB,NULL,1440598910726,0,50% bullish,of 2 ratings,N/A
KMPH,$20.2,1440598910747,"7,745",100% bearish,of 2 ratings,$22
GMCR,$51.33,1440598910960,"324,367",71% bullish,of 42 ratings,$64
KEQU,$16.93,1440598911010,200,100% bullish,of 1 rating,N/A
KFFB,NULL,1440598911038,0,100% bearish,of 1 rating,N/A
KTEC,$11.99,1440598911065,40,Not yet rated,NULL,N/A
KE,$11.42,1440598911195,"2,022",67% bearish,of 3 ratings,$16
KBAL,$10.36,1440598911225,"8,304",50% bullish,of 2 ratings,N/A
KTCC,$10.02,1440598911246,"5,327",100% bearish,of 1 rating,$16
KFRC,$26.13,1440598911332,"16,330",100% bullish,of 2 ratings,$29
KGJI,$0.65,1440598911500,840,89% bullish,of 9 ratings,N/A
KIN,$5.8012,1440598911525,"3,100",50% bullish,of 2 ratings,$6.25
KIRK,$22.73,1440598911554,"6,192",50% bullish,of 2 ratings,$32
KONE,NULL,1440598911655,0,Not yet rated,NULL,N/A
KINS,$8.35,1440598911687,"2,838",100% bullish,of 1 rating,N/A
KLAC,$46.73,1440598911716,"134,958",100% bearish,of 1 rating,$61.50
KITE,$50.9872,1440598911742,"68,978",89% bullish,of 9 ratings,$85
KLXI,$38.045,1440598911822,"97,656",100% bearish,of 1 rating,$48.50
KONA,$17.5,1440598911959,"4,141",50% bullish,of 2 ratings,$28
KRNT,$13.32,1440598911984,"7,689",50% bullish,of 2 ratings,$18
KOPN,$2.75,1440598912009,"18,212",50% bullish,of 2 ratings,$4.50
KZ,$6.45,1440598912035,"1,189",60% bearish,of 5 ratings,N/A
KWEB,$29.3458,1440598912169,"10,844",Not yet rated,NULL,N/A
KOSS,$2.2807,1440598912200,600,100% bearish,of 2 ratings,N/A
KTOS,$3.87,1440598912222,"60,480",50% bullish,of 2 ratings,$8.50
