Symbol,Price,Date,Volume,Rating,RatingVoteCount,OneYearEstimate
TFSCR,NULL,1440094202858,0,Not yet rated,NULL,N/A
TFSC,$9.73,1440094202889,400,100% bearish,of 1 rating,N/A
PIH,$7.49,1440094202925,"3,740",100% bearish,of 1 rating,N/A
SRCE,$30.13,1440094202953,"5,854",100% bullish,of 3 ratings,$33
FCCY,$11.45,1440094202985,902,100% bullish,of 1 rating,$13
TFSCW,NULL,1440094203020,0,100% bearish,of 1 rating,N/A
TFSCU,NULL,1440094203045,0,Not yet rated,NULL,N/A
FLWS,$9.58,1440094203083,"113,726",100% bullish,of 5 ratings,$15
FCTY,NULL,1440094203249,0,100% bullish,of 1 rating,$8.50
DGLD,$77.4,1440094203276,"7,703",100% bullish,of 1 rating,N/A
TWOU,$34.89,1440094203355,"151,974",50% bullish,of 2 ratings,$39
UGLD,$9.7637,1440094203410,"181,755",100% bearish,of 1 rating,N/A
VNET,$20.06,1440094203463,"237,047",60% bullish,of 5 ratings,$29.50
USLV,$15.295,1440094203489,"258,738",86% bullish,of 7 ratings,N/A
JOBS,$25.9191,1440094203546,"98,770",50% bullish,of 4 ratings,$36
DSLV,$58.4978,1440094203627,"9,067",100% bearish,of 1 rating,N/A
CAFD,$15.6797,1440094203913,"76,582",Not yet rated,NULL,$25
SIXD,$2.08,1440094203951,"53,387",Not yet rated,NULL,N/A
EGHT,$8.3,1440094203973,"126,080",82% bullish,of 17 ratings,$11
ABY,$20.96,1440094203995,"90,936",100% bearish,of 2 ratings,$46
SHLM,$35.45,1440094204060,"42,344",100% bearish,of 1 rating,$50
AVHI,$13.9,1440094204086,"13,932",100% bearish,of 1 rating,$19
AAON,$22.43,1440094204128,"26,903",100% bearish,of 1 rating,$24
ABAX,$47.66,1440094204284,"82,215",100% bearish,of 1 rating,$60
ABEO,$4.99,1440094204310,"99,533",67% bullish,of 3 ratings,$15.50
ABEOW,$1.71,1440094204383,"1,450",100% bullish,of 1 rating,N/A
ABGB,$3.99,1440094204408,"65,217",67% bullish,of 3 ratings,$5.50
ABMD,$102.96,1440094204454,"174,015",75% bullish,of 4 ratings,$100.50
AXAS,$1.66,1440094204586,"229,532",78% bullish,of 9 ratings,$3.50
ACTG,$8.73,1440094204617,"97,013",67% bullish,of 3 ratings,$18.50
ACAD,$37.1785,1440094204670,"449,496",80% bullish,of 20 ratings,$48
ACST,$0.3602,1440094204719,"30,900",100% bullish,of 2 ratings,N/A
ANCX,$19.01,1440094204808,"15,297",Not yet rated,NULL,$19
AXDX,$18.48,1440094204862,"78,648",100% bearish,of 1 rating,N/A
ACHC,$76.8601,1440094204894,"314,146",50% bullish,of 2 ratings,$92
XLRN,$29.69,1440094204992,"37,434",50% bullish,of 2 ratings,$57
VXDN,$13.7,1440094205029,"3,515",Not yet rated,NULL,N/A
ARAY,$5.725,1440094205124,"679,467",100% bearish,of 1 rating,$10.50
VXUP,$17.9,1440094205335,"16,570",Not yet rated,NULL,N/A
AKAO,$7.08,1440094205405,"47,029",75% bullish,of 4 ratings,$15
ACRX,$4.28,1440094205435,"130,239",67% bearish,of 6 ratings,$5.50
ACOR,$29.522,1440094205466,"120,976",67% bearish,of 3 ratings,$38.50
ACET,$24.998,1440094205500,"42,822",75% bullish,of 4 ratings,$30
ACTS,$1.35,1440094205534,"32,285",100% bearish,of 1 rating,N/A
ACIW,$22.36,1440094205562,"123,342",50% bullish,of 2 ratings,$24
ACHN,$8.05,1440094205593,"619,616",90% bullish,of 21 ratings,$16
ACPW,$1.85,1440094205840,"8,035",100% bullish,of 4 ratings,$3.50
ACNB,$20.15,1440094205894,472,Not yet rated,NULL,N/A
ACTA,$13.36,1440094205923,"61,305",67% bearish,of 3 ratings,$25
ACUR,$0.61,1440094205950,638,100% bullish,of 5 ratings,$1
ATVI,$28.18,1440094206029,"2,271,001",68% bullish,of 84 ratings,$31.50
ADMP,$3.5699,1440094206222,"4,337",50% bullish,of 2 ratings,$10
ADEP,$7.1,1440094206270,"13,777",50% bullish,of 2 ratings,$10.75
ADMS,$20,1440094206301,"39,464",100% bearish,of 2 ratings,$36
ADAP,$15.05,1440094206322,"29,113",67% bullish,of 3 ratings,$22
ADUS,$29.4,1440094206363,"44,756",100% bearish,of 1 rating,$31
ACXM,$20.45,1440094206390,"106,071",67% bullish,of 3 ratings,N/A
AEY,$2.3858,1440094206455,"3,624",100% bearish,of 2 ratings,N/A
ADMA,$9.35,1440094206535,"2,221",Not yet rated,NULL,$19
ADTN,$15.66,1440094206596,"158,493",67% bullish,of 3 ratings,$17.125
ADBE,$83.43,1440094206642,"684,045",65% bullish,of 17 ratings,$90
ADRO,$20.45,1440094206840,"83,235",80% bullish,of 5 ratings,$45.50
ADXSW,$9.97,1440094206942,"2,792",100% bullish,of 1 rating,N/A
MULT,NULL,1440094206971,0,100% bearish,of 1 rating,N/A
ADXS,$14.28,1440094206997,"422,892",64% bullish,of 14 ratings,$27
AMD,$1.705,1440094207027,"5,531,114",83% bullish,of 102 ratings,$2
AEIS,$25.4301,1440094207073,"87,954",50% bullish,of 2 ratings,$32.50
AEGN,$18.605,1440094207130,"75,950",100% bearish,of 1 rating,$21
AEHR,$2.135,1440094207156,"2,194",50% bullish,of 2 ratings,N/A
YPRO,$23.2299,1440094207289,"1,502",100% bearish,of 1 rating,N/A
AEGR,$17.99,1440094207429,"147,109",50% bullish,of 6 ratings,$26
AEPI,$57.59,1440094207457,"3,736",100% bearish,of 1 rating,N/A
AMTX,$3.52,1440094207506,"10,899",50% bullish,of 2 ratings,$26.11
AERI,$15.89,1440094207600,"182,016",75% bullish,of 4 ratings,$31.50
AVAV,$24.79,1440094207765,"63,598",50% bullish,of 4 ratings,$31
AEZS,$0.1083,1440094207795,"4,937,289",90% bullish,of 21 ratings,$1.50
AEMD,$6.69,1440094207892,"18,218",Not yet rated,NULL,$27.50
AFFX,$9.43,1440094207931,"102,409",80% bullish,of 5 ratings,$12
AGEN,$7.33,1440094207962,"277,200",85% bullish,of 13 ratings,$14
AGRX,$8.25,1440094207990,"21,182",100% bearish,of 1 rating,$17.50
AGYS,$9.54,1440094208065,"12,054",100% bearish,of 1 rating,N/A
AFMD,$10.44,1440094208125,"117,295",50% bullish,of 4 ratings,$15
AGFS,$9.57,1440094208269,"127,882",100% bearish,of 1 rating,N/A
AGIO,$86.39,1440094208304,"196,077",88% bullish,of 8 ratings,$114
AIMT,$22.06,1440094208333,"97,782",Not yet rated,NULL,N/A
AGFSW,$1.75,1440094208354,"12,145",100% bearish,of 2 ratings,N/A
AIRT,$22.5,1440094208489,"2,119",100% bullish,of 1 rating,N/A
AIRM,$37.59,1440094208545,"79,536",80% bearish,of 5 ratings,$53
AMCN,$4.94,1440094208740,"316,699",83% bullish,of 6 ratings,N/A
AKRX,$42.05,1440094208770,"282,777",78% bullish,of 9 ratings,$56
AKBA,$6.415,1440094208799,"162,239",100% bearish,of 1 rating,$18
AKAM,$70.615,1440094208821,"718,244",63% bullish,of 8 ratings,$77
ATSG,$9.31,1440094208860,"42,073",67% bullish,of 3 ratings,$13
AIXG,$6.06,1440094208954,"5,978",67% bearish,of 3 ratings,$6
AKER,$2.8001,1440094208981,"4,727",Not yet rated,NULL,N/A
AMRI,$19.78,1440094209182,"73,495",75% bearish,of 4 ratings,$24
ALSK,$2.15,1440094209211,"36,650",78% bullish,of 18 ratings,$2
ABDC,$12.878,1440094209238,"6,686",Not yet rated,NULL,$15
ALRM,$17.03,1440094209260,"117,700",100% bearish,of 1 rating,$22
ADHD,$8.6799,1440094209396,"105,585",50% bullish,of 4 ratings,$18
ALDR,$37.28,1440094209422,"157,523",67% bearish,of 3 ratings,$62
ALXN,$181.35,1440094209561,"352,206",88% bullish,of 8 ratings,$223
ALDX,$7.72,1440094209597,"8,470",100% bearish,of 1 rating,$14.50
ALXA,$1.13,1440094209626,"10,120",83% bullish,of 6 ratings,$2.125
ALGN,$58.66,1440094209665,"191,274",100% bearish,of 2 ratings,$73
ALCO,$42.87,1440094209701,"2,420",50% bullish,of 2 ratings,N/A
ALIM,$3.42,1440094209729,"28,059",80% bullish,of 5 ratings,$10
ALKS,$63.83,1440094209804,"241,431",67% bullish,of 3 ratings,$75
ALGT,$219.79,1440094209857,"52,097",100% bearish,of 1 rating,$235
ALLB,$23.59,1440094210159,200,Not yet rated,NULL,N/A
AFOP,$17.86,1440094210190,"85,011",75% bullish,of 8 ratings,$21
ARLP,$24.882,1440094210218,"88,238",67% bearish,of 3 ratings,$32
AHGP,$37.11,1440094210244,"28,206",67% bullish,of 3 ratings,N/A
AIQ,$14.71,1440094210275,"5,625",67% bullish,of 3 ratings,N/A
AHPI,$1.44,1440094210378,"1,018",50% bullish,of 2 ratings,N/A
ALLT,$5.04,1440094210430,"31,028",75% bullish,of 4 ratings,$6.25
ALQA,$4.4899,1440094210471,"17,697",75% bullish,of 4 ratings,$8.50
AMOT,$16.43,1440094210562,"28,011",100% bearish,of 1 rating,N/A
MDRX,$13.88,1440094210694,"692,865",60% bullish,of 5 ratings,$16
AFAM,$47.16,1440094210725,"41,156",50% bullish,of 2 ratings,$44
SMCP,NULL,1440094210752,0,Not yet rated,NULL,N/A
AOSL,$7.2,1440094210880,"28,381",67% bullish,of 3 ratings,$9
ALNY,$104.94,1440094210906,"317,864",67% bullish,of 3 ratings,$148.50
ATEC,$0.5998,1440094211087,"29,425",100% bullish,of 1 rating,$2
ASPS,$29.71,1440094211172,"32,212",67% bullish,of 3 ratings,$46.50
AMRN,$2.035,1440094211217,"1,201,615",85% bullish,of 39 ratings,$8
AIMC,$25.78,1440094211247,"12,641",100% bearish,of 1 rating,$28.50
ALTR,$48.87,1440094211269,"722,235",80% bearish,of 5 ratings,$54
AMAG,$62.51,1440094211291,"94,653",100% bullish,of 2 ratings,$77.50
AYA,$21.93,1440094211330,"19,341",100% bearish,of 1 rating,$40
AMRK,NULL,1440094211358,0,50% bullish,of 2 ratings,$14
AMBC,$15.85,1440094211609,"88,821",100% bearish,of 1 rating,$16.50
AMBA,$98.88,1440094211636,"1,144,304",83% bullish,of 12 ratings,$102.50
AMZN,$517.885,1440094211662,"1,535,233",81% bullish,of 263 ratings,$646
AMBCW,$7.4,1440094211712,"2,510",100% bearish,of 1 rating,N/A
EPAX,$2.6728,1440094211883,"29,134",100% bearish,of 1 rating,N/A
DOX,$59.2099,1440094211966,"94,448",100% bullish,of 2 ratings,$60
AMDA,$0.4825,1440094212011,"810,852",90% bullish,of 10 ratings,$1
ASBI,$22.65,1440094212039,600,Not yet rated,NULL,N/A
AMCX,$70.32,1440094212060,"439,801",67% bullish,of 3 ratings,$85.50
AAL,$42.07,1440094212099,"3,250,612",93% bullish,of 87 ratings,$57
AMED,$41.3,1440094212122,"180,838",100% bearish,of 1 rating,$42
UHAL,$373.43,1440094212153,"5,985",100% bullish,of 2 ratings,$393.50
ATAX,$5.2801,1440094212289,"54,192",100% bullish,of 1 rating,$6.50
AGNC,$20.02,1440094212422,"2,091,050",75% bullish,of 28 ratings,$22
AGNCB,$24.2,1440094212455,"15,600",Not yet rated,NULL,N/A
AMOV,$18.2486,1440094212586,"5,926",100% bearish,of 1 rating,N/A
MTGE,$15.99,1440094212671,"89,934",75% bullish,of 4 ratings,$19.50
AGNCP,$25.394,1440094212696,"1,672",Not yet rated,NULL,N/A
MTGEP,NULL,1440094212726,0,Not yet rated,NULL,N/A
ANCI,$1.58,1440094212823,"2,500",100% bearish,of 1 rating,N/A
ACAS,$14.16,1440094212858,"606,140",60% bullish,of 5 ratings,$16.75
AETI,NULL,1440094212962,0,67% bearish,of 3 ratings,N/A
ACSF,$12.6616,1440094212999,"7,112",100% bearish,of 1 rating,$15
AMIC,NULL,1440094213030,0,Not yet rated,NULL,N/A
APEI,$21.64,1440094213099,"26,330",100% bearish,of 1 rating,$25.50
ANAT,$102.7,1440094213130,"5,155",100% bullish,of 1 rating,N/A
ARII,$38.79,1440094213159,"93,461",67% bearish,of 3 ratings,$45
AMNB,$22.945,1440094213236,"4,274",Not yet rated,NULL,$25.50
AMRB,$10,1440094213484,"1,217",Not yet rated,NULL,$11
AMSWA,$9.13,1440094213512,"6,028",100% bearish,of 2 ratings,$10.75
AMSC,$3.76,1440094213566,"14,091",50% bullish,of 4 ratings,N/A
CRMT,$42.575,1440094213602,"15,290",100% bearish,of 1 rating,$49
AMWD,$60.03,1440094213671,"109,071",50% bullish,of 2 ratings,$58
ASEI,$39.74,1440094213700,"43,068",100% bearish,of 1 rating,$52.50
AMSF,$50.52,1440094213728,"29,506",Not yet rated,NULL,$57.50
ABCB,$27.81,1440094213754,"22,356",Not yet rated,NULL,$31
ASRV,$3.26,1440094213954,"1,460",100% bullish,of 2 ratings,N/A
ATLO,$23.6228,1440094213984,"2,259",Not yet rated,NULL,N/A
ASRVP,NULL,1440094214014,0,Not yet rated,NULL,N/A
AMGN,$162.95,1440094214120,"938,469",89% bullish,of 19 ratings,$185
FOLD,$15.47,1440094214149,"331,278",56% bullish,of 9 ratings,$21
AMKR,$4.2672,1440094214176,"451,924",100% bearish,of 2 ratings,$5
AMPH,$14.22,1440094214225,"97,401",50% bullish,of 2 ratings,$20
AMSG,$82.37,1440094214387,"117,532",100% bearish,of 1 rating,$85.50
AFSI,$63.565,1440094214461,"221,395",60% bullish,of 5 ratings,$72
ASYS,$5.42,1440094214490,"31,385",67% bullish,of 3 ratings,$12
AMSGP,NULL,1440094214519,0,Not yet rated,NULL,N/A
ANAC,$132.33,1440094214621,"217,693",80% bullish,of 5 ratings,$180.50
AMRS,$1.65,1440094214661,"39,805",70% bullish,of 10 ratings,N/A
ANAD,$0.3799,1440094214687,"134,001",100% bullish,of 2 ratings,$.50
ADI,$55.2198,1440094214853,"1,859,099",67% bullish,of 3 ratings,$69
ALOG,$83.68,1440094214908,"26,501",100% bearish,of 2 ratings,$100.50
ANCB,NULL,1440094214954,0,Not yet rated,NULL,$23
ABCW,$39.99,1440094214983,"7,707",67% bullish,of 3 ratings,N/A
AMCF,$0.2997,1440094215043,"1,484",100% bullish,of 7 ratings,N/A
ANGI,$4.36,1440094215113,"237,161",64% bullish,of 11 ratings,$5.50
ANIP,$52.33,1440094215336,"108,830",89% bullish,of 19 ratings,$66
ANIK,$34.95,1440094215372,"38,636",60% bullish,of 5 ratings,$51.25
ANGO,$14.75,1440094215407,"16,526",67% bullish,of 3 ratings,$19
ANSS,$94.11,1440094215436,"144,465",100% bearish,of 1 rating,$100
ABAC,$0.7708,1440094215463,"7,310",100% bearish,of 1 rating,N/A
ANTH,$8.27,1440094215503,"462,893",80% bullish,of 10 ratings,$13
ATRS,$1.82,1440094215529,"174,514",92% bullish,of 12 ratings,$4.50
ATNY,$2.35,1440094215772,"1,100",50% bullish,of 2 ratings,$3.75
APIC,$7,1440094215798,"153,156",100% bearish,of 1 rating,$19
APOG,$52.11,1440094215927,"54,520",100% bullish,of 1 rating,$62
AINV,$6.545,1440094216010,"770,031",50% bullish,of 4 ratings,$8
AAPL,$112.741,1440094216042,"26,554,583",86% bullish,of 2335 ratings,$150
APOL,$11.18,1440094216069,"485,717",87% bearish,of 68 ratings,$14
APPF,$16.83,1440094216095,"18,030",50% bullish,of 2 ratings,$22
ARCI,$1.25,1440094216142,200,Not yet rated,NULL,N/A
APDNW,$1.2,1440094216277,"3,745",Not yet rated,NULL,N/A
AGTC,$15.22,1440094216316,"87,039",50% bullish,of 2 ratings,$33
APDN,$3.23,1440094216381,"30,789",Not yet rated,NULL,$9
AMAT,$16.095,1440094216407,"3,947,320",82% bullish,of 11 ratings,$23
AMCC,$5.35,1440094216449,"161,858",80% bullish,of 5 ratings,$8
AAOI,$20.84,1440094216475,"151,645",50% bullish,of 4 ratings,$26
AREX,$2.36,1440094216610,"252,585",100% bearish,of 1 rating,$3
APRI,$1.3499,1440094216683,"352,236",83% bullish,of 6 ratings,$4.86
APTO,$4.9,1440094216822,"5,700",Not yet rated,NULL,$17
AQMS,$5.1,1440094216923,"7,582",Not yet rated,NULL,N/A
AUMAU,NULL,1440094216953,0,Not yet rated,NULL,N/A
AUMA,NULL,1440094216994,0,Not yet rated,NULL,N/A
ARDM,$7.01,1440094217168,"4,754",100% bullish,of 1 rating,$26
AQXP,$15.824,1440094217196,"295,605",50% bullish,of 2 ratings,$2
PETX,$17.01,1440094217223,"135,458",100% bearish,of 2 ratings,$26
ABUS,$7.51,1440094217252,"203,444",86% bullish,of 14 ratings,$23
ARCW,$3.63,1440094217389,"2,420",100% bearish,of 2 ratings,$10.50
AUMAW,NULL,1440094217446,0,Not yet rated,NULL,N/A
RKDA,$5.72,1440094217477,"3,904",100% bearish,of 2 ratings,$10
ARCB,$31.02,1440094217550,"83,396",50% bullish,of 2 ratings,$39.50
ACGL,$72.6,1440094217575,"86,240",50% bullish,of 2 ratings,$72
ABIO,$0.8805,1440094217629,"55,885",50% bullish,of 2 ratings,$3.75
ARDX,$17.5618,1440094217834,"42,139",50% bullish,of 2 ratings,$24.50
ACAT,$28,1440094217893,"54,903",100% bearish,of 3 ratings,$33
AGII,$58.5,1440094218025,"64,123",Not yet rated,NULL,$59.50
ARGS,$5.7,1440094218059,"83,574",50% bullish,of 2 ratings,$19.50
ARNA,$2.87,1440094218117,"1,018,269",90% bullish,of 77 ratings,$5.50
ARKR,NULL,1440094218148,0,50% bullish,of 2 ratings,N/A
AGIIL,$25.45,1440094218173,"2,817",Not yet rated,NULL,N/A
ARCC,$15.84,1440094218205,"351,918",67% bearish,of 3 ratings,$17.875
ARIS,$3.28,1440094218230,"2,825",Not yet rated,NULL,$4.50
ARIA,$6.8768,1440094218340,"1,043,469",87% bullish,of 46 ratings,$9
ARTX,$1.5199,1440094218531,"114,053",88% bullish,of 16 ratings,$4.50
ARWA,NULL,1440094218564,0,Not yet rated,NULL,N/A
ARMH,$41.71,1440094218661,"749,075",54% bearish,of 13 ratings,$61
ARWAR,NULL,1440094218686,0,Not yet rated,NULL,N/A
ARWAU,NULL,1440094218732,0,100% bullish,of 1 rating,N/A
ARWAW,NULL,1440094218877,0,Not yet rated,NULL,N/A
ARRS,$27.31,1440094218925,"340,453",50% bullish,of 2 ratings,$38
ARQL,$1.655,1440094219079,"95,548",75% bullish,of 4 ratings,$5
DWAT,$10.2556,1440094219109,800,100% bearish,of 1 rating,N/A
ARRY,$5.43,1440094219131,"366,270",100% bullish,of 7 ratings,$10
ARTNA,$22.577,1440094219169,"16,620",100% bearish,of 1 rating,$29
AROW,$27.17,1440094219201,"6,103",Not yet rated,NULL,N/A
ARWR,$5.58,1440094219223,"352,934",75% bullish,of 4 ratings,$10.50
ASBB,$23.72,1440094219302,305,Not yet rated,NULL,N/A
ARTW,$4.5099,1440094219369,300,75% bearish,of 4 ratings,N/A
ASNA,$11.6,1440094219515,"947,037",50% bullish,of 2 ratings,$18
ASTI,$0.1201,1440094219655,"1,013,657",83% bullish,of 6 ratings,$3
ASND,$17.7,1440094219685,"18,564",100% bullish,of 1 rating,$30
AZPN,$38.61,1440094219792,"329,328",50% bullish,of 2 ratings,$42
APWC,$2,1440094219850,600,100% bearish,of 1 rating,N/A
ASML,$87.54,1440094219879,"583,741",67% bullish,of 3 ratings,$127
ASCMA,$27.63,1440094219905,"39,895",100% bearish,of 1 rating,$45
ASMI,$36.57,1440094220154,300,50% bullish,of 2 ratings,N/A
ASTE,$36.73,1440094220187,"19,092",100% bearish,of 1 rating,$48
ALOT,$13.14,1440094220286,"1,312",100% bearish,of 1 rating,N/A
ASFI,$9,1440094220315,"5,610",100% bullish,of 1 rating,N/A
ASTC,$2.2916,1440094220343,"17,658",100% bullish,of 5 ratings,N/A
ASMB,$12.96,1440094220365,"39,816",67% bullish,of 3 ratings,N/A
ATRO,$53.61,1440094220397,"50,851",100% bearish,of 2 ratings,$80
ASUR,$5.7899,1440094220572,"5,578",100% bearish,of 1 rating,$8
ATAI,$3.02,1440094220678,"17,851",100% bearish,of 1 rating,N/A
ATHN,$135.79,1440094220720,"42,739",67% bearish,of 3 ratings,$153
ATRA,$43.6182,1440094220750,"54,817",50% bullish,of 2 ratings,$68
AFCB,NULL,1440094220782,0,Not yet rated,NULL,N/A
ATHX,$1.19,1440094220856,"68,023",89% bullish,of 9 ratings,$5
AAPC,$10.2,1440094220882,170,Not yet rated,NULL,N/A
AAME,$3.44,1440094220957,104,Not yet rated,NULL,N/A
ATNI,$73.64,1440094221128,"23,115",100% bearish,of 1 rating,$69.50
AAWW,$42.28,1440094221185,"233,039",50% bullish,of 2 ratings,$65
ATLC,$3.98,1440094221217,492,67% bullish,of 3 ratings,N/A
ACFC,$6.23,1440094221238,"48,045",Not yet rated,NULL,$6.50
ATML,$7.33,1440094221315,"2,076,840",78% bullish,of 9 ratings,$9.50
AFH,$17,1440094221399,"8,234",Not yet rated,NULL,$21.50
ATOS,$0.9198,1440094221447,"98,265",100% bullish,of 7 ratings,$7
ATRM,$2.87,1440094221660,690,50% bullish,of 2 ratings,N/A
ATRI,$394.45,1440094221687,501,Not yet rated,NULL,N/A
LIFE,$14.7,1440094221711,"15,694",86% bullish,of 7 ratings,$43
ATTU,$14.4868,1440094221742,"24,589",100% bearish,of 1 rating,$20.50
ATRC,$26.43,1440094221771,"32,325",100% bullish,of 1 rating,$30
AUBN,$27.21,1440094221904,100,Not yet rated,NULL,N/A
AUPH,$3.33,1440094221942,"3,200",100% bearish,of 1 rating,$8
AUDC,$3.24,1440094222038,"51,677",80% bullish,of 5 ratings,$5
EARS,$5.01,1440094222070,"35,045",100% bearish,of 2 ratings,$11.50
ADAT,$0.11,1440094222099,"50,455",100% bullish,of 2 ratings,N/A
ABTL,$18.52,1440094222130,"48,632",100% bullish,of 4 ratings,$20.25
ADSK,$53.27,1440094222229,"718,257",83% bullish,of 6 ratings,$69.50
ADP,$83.06,1440094222328,"754,681",100% bearish,of 1 rating,$88
AVGO,$116.915,1440094222393,"1,107,959",88% bullish,of 8 ratings,$160
AAVL,$10.595,1440094222426,"175,162",100% bearish,of 1 rating,$20
AVEO,$1.405,1440094222526,"633,835",75% bullish,of 8 ratings,$3
AVNU,$12.48,1440094222585,"2,020",Not yet rated,NULL,$14
AVNW,$1.12,1440094222658,"30,841",50% bullish,of 2 ratings,$2.20
AVID,$7.9189,1440094222687,"101,010",100% bearish,of 1 rating,$20
CAR,$44.7,1440094222765,"616,195",80% bullish,of 5 ratings,$60
ACLS,$3.405,1440094222847,"554,417",67% bullish,of 6 ratings,$4.75
AWRE,$3.1901,1440094222908,"9,094",67% bullish,of 3 ratings,N/A
AXPWW,NULL,1440094222985,0,Not yet rated,NULL,N/A
AXPW,$1.12,1440094223012,"32,206",83% bullish,of 6 ratings,N/A
AXGN,$3.89,1440094223090,"15,959",Not yet rated,NULL,$5
AVGR,$15.01,1440094223148,"17,521",100% bearish,of 1 rating,$20
AXTI,$2.16,1440094223248,"7,930",50% bullish,of 2 ratings,$2.75
BCOM,$19.98,1440094223345,187,100% bearish,of 1 rating,N/A
RILY,$9.8601,1440094223402,505,Not yet rated,NULL,N/A
BOSC,$2.25,1440094223434,"2,414",50% bullish,of 2 ratings,N/A
BEAV,$50.065,1440094223456,"281,735",67% bearish,of 3 ratings,$59
BIDU,$158.2,1440094223601,"2,009,246",81% bullish,of 88 ratings,$215
BWINA,NULL,1440094223659,0,Not yet rated,NULL,N/A
BCPC,$59.27,1440094223736,"48,547",100% bearish,of 1 rating,$75
BANF,$61.41,1440094223794,706,Not yet rated,NULL,$68
BWINB,$22.92,1440094223821,"1,048",Not yet rated,NULL,N/A
BLDP,$1.32,1440094223842,"166,613",91% bullish,of 22 ratings,$2.50
BANFP,NULL,1440094223980,0,Not yet rated,NULL,N/A
BKMU,$7.2,1440094224053,"27,578",Not yet rated,NULL,$8
BMRC,$48.52,1440094224133,"3,781",Not yet rated,NULL,$52
BOCH,$5.75,1440094224185,"12,990",Not yet rated,NULL,$6.50
OZRK,$41.9,1440094224219,"89,681",67% bullish,of 3 ratings,$49.50
BOTJ,NULL,1440094224324,0,Not yet rated,NULL,N/A
BKSC,$15.83,1440094224345,800,Not yet rated,NULL,N/A
BFIN,$12.06,1440094224428,"5,734",Not yet rated,NULL,$13
BANR,$45.78,1440094224559,"22,851",100% bullish,of 3 ratings,$50
TAPR,$29.77,1440094224585,"1,000",100% bearish,of 1 rating,N/A
BZUN,$6.09,1440094224637,"422,880",50% bullish,of 2 ratings,$13.85
BHACR,NULL,1440094224804,0,Not yet rated,NULL,N/A
BWFG,$18.25,1440094224887,"1,627",100% bearish,of 1 rating,N/A
BHAC,NULL,1440094224912,0,Not yet rated,NULL,N/A
BHACU,$10.19,1440094225057,200,Not yet rated,NULL,N/A
BBSI,$34.51,1440094225087,"47,903",67% bearish,of 3 ratings,$62.50
BHACW,NULL,1440094225114,0,Not yet rated,NULL,N/A
BSET,$30.38,1440094225136,"35,584",100% bearish,of 1 rating,$35
BYLK,$12.96,1440094225298,"1,904",Not yet rated,NULL,$14
BV,$5.16,1440094225397,"131,306",67% bullish,of 6 ratings,$9
BYBK,$5.05,1440094225432,100,100% bearish,of 1 rating,N/A
BDCV,$5.04,1440094225463,"9,715",100% bearish,of 1 rating,$10.19
BCBP,$11.68,1440094225530,"13,154",Not yet rated,NULL,N/A
BBCN,$15.17,1440094225559,"94,641",100% bearish,of 1 rating,$16
BECN,$36.44,1440094225591,"107,520",50% bullish,of 2 ratings,$40
BSF,$8.86,1440094225693,"6,499",Not yet rated,NULL,N/A
BBGI,$4.8499,1440094225825,100,100% bearish,of 1 rating,N/A
BBBY,$63.28,1440094225851,"763,524",71% bullish,of 7 ratings,$75
BEBE,$1.83,1440094225880,"43,759",75% bullish,of 4 ratings,$3.075
BELFA,NULL,1440094225905,0,100% bearish,of 1 rating,N/A
BELFB,$19.67,1440094226053,"9,964",100% bearish,of 1 rating,N/A
BLPH,$5.66,1440094226085,"26,624",100% bearish,of 1 rating,$12.50
BNCL,$12.78,1440094226115,"137,255",100% bullish,of 3 ratings,$12.50
BNFT,$37.68,1440094226220,"31,823",67% bullish,of 3 ratings,$46
BNTC,$8.235,1440094226278,"79,578",100% bullish,of 1 rating,N/A
BLCM,$17.5,1440094226303,"87,938",50% bullish,of 4 ratings,$40
BGMD,$0.81,1440094226357,"184,143",100% bullish,of 10 ratings,N/A
BGCP,$9.26,1440094226458,"296,295",88% bullish,of 8 ratings,$14
BGFV,$11.13,1440094226559,"51,281",57% bullish,of 7 ratings,$12
BIND,$4.63,1440094226585,"29,887",67% bullish,of 3 ratings,$13.50
ORPN,$5.5,1440094226631,"4,450",100% bullish,of 1 rating,$28.50
BASI,$1.31,1440094226765,"6,706",Not yet rated,NULL,N/A
BCDA,NULL,1440094226795,0,Not yet rated,NULL,N/A
BIOC,$2.03,1440094226821,"491,847",83% bullish,of 6 ratings,$3.85
BCRX,$11.86,1440094226967,"415,483",63% bullish,of 8 ratings,$18
BIOD,$0.65,1440094227099,"90,901",80% bullish,of 5 ratings,$4
BLFS,$2.13,1440094227125,"11,909",100% bearish,of 1 rating,$4.75
BIIB,$311.08,1440094227155,"458,078",88% bullish,of 16 ratings,$400
BIOL,$1.5,1440094227183,"43,399",Not yet rated,NULL,N/A
BDSI,$6.3599,1440094227265,"306,790",88% bullish,of 8 ratings,$17
BMRN,$132.0956,1440094227315,"315,106",80% bullish,of 5 ratings,$160
BVXV,$4,1440094227412,"6,358",Not yet rated,NULL,N/A
BLRX,$1.47,1440094227441,"112,997",100% bullish,of 12 ratings,$5
BRLI,NULL,1440094227577,0,83% bullish,of 6 ratings,N/A
BVXVW,$0.7051,1440094227605,"3,000",100% bearish,of 1 rating,N/A
BPTH,$1.17,1440094227635,"11,800",100% bullish,of 2 ratings,$5
BIOS,$1.69,1440094227656,"578,736",71% bullish,of 7 ratings,$4
BBP,$33.2399,1440094227786,"31,375",Not yet rated,NULL,N/A
BBC,$31.01,1440094227830,"9,945",Not yet rated,NULL,N/A
BSTC,$49.733,1440094227890,"47,765",100% bearish,of 1 rating,$76
BOTA,$2.32,1440094227989,"50,466",88% bullish,of 8 ratings,N/A
BSPM,$0.7092,1440094228017,"10,200",50% bullish,of 2 ratings,N/A
BEAT,$13.03,1440094228045,"239,423",67% bearish,of 3 ratings,$15
BDMS,NULL,1440094228179,0,100% bearish,of 1 rating,N/A
TECH,$104.32,1440094228313,"27,478",100% bullish,of 1 rating,$117
BITI,$18.94,1440094228343,"27,225",100% bullish,of 1 rating,$28
BBOX,$15.26,1440094228370,"16,948",100% bearish,of 1 rating,N/A
BJRI,$46.32,1440094228400,"60,675",50% bullish,of 2 ratings,$55
BDE,$7.52,1440094228500,"43,551",50% bullish,of 2 ratings,$9
BBRY,$7.35,1440094228532,"2,539,892",61% bullish,of 330 ratings,$9
HAWK,$44.04,1440094228560,"183,571",90% bullish,of 10 ratings,$49
BLKB,$60.02,1440094228628,"47,486",100% bearish,of 2 ratings,$66
BKCC,$9.2818,1440094228718,"61,202",100% bullish,of 2 ratings,$10
ADRA,$27.77,1440094228747,908,Not yet rated,NULL,N/A
ADRD,$22.82,1440094228815,"2,438",100% bearish,of 1 rating,N/A
ADRE,$30.2601,1440094228847,"4,382",Not yet rated,NULL,N/A
ADRU,$22.5308,1440094228946,208,100% bearish,of 1 rating,N/A
BLMN,$21.06,1440094229187,"454,647",83% bullish,of 6 ratings,$27.50
BCOR,$13.505,1440094229218,"92,421",57% bullish,of 7 ratings,$15
BLBD,$12.22,1440094229240,"2,589",Not yet rated,NULL,N/A
BBLU,$0.86,1440094229274,"57,849",100% bullish,of 2 ratings,$4.43
BUFF,$27.09,1440094229372,"115,906",83% bullish,of 12 ratings,$31.50
BHBK,$14.21,1440094229403,"23,282",100% bullish,of 1 rating,$14.50
NILE,$34.47,1440094229456,"23,365",50% bullish,of 2 ratings,$34
BKEPP,$7.75,1440094229587,"9,900",100% bearish,of 1 rating,N/A
BKEP,$6.8999,1440094229634,"22,364",100% bearish,of 1 rating,$8.50
BLUE,$123.5299,1440094229663,"358,203",71% bullish,of 7 ratings,$217.50
BPMC,$26.57,1440094229691,"47,669",50% bullish,of 2 ratings,$47.50
BOFI,$129.75,1440094229848,"77,921",100% bullish,of 6 ratings,$144
BNCN,$21.545,1440094229876,"23,697",Not yet rated,NULL,$23
BOBE,$44.92,1440094229902,"30,592",75% bullish,of 4 ratings,$57
BOJA,$21.047,1440094230044,"130,572",100% bullish,of 1 rating,$30
WIFI,$8.25,1440094230066,"179,027",50% bullish,of 2 ratings,$13.50
BONA,$11.96,1440094230147,"127,973",75% bullish,of 4 ratings,$8.50
BOKF,$63.495,1440094230199,"43,540",100% bearish,of 1 rating,$71
BNSO,$1.42,1440094230226,"3,202",100% bearish,of 1 rating,N/A
BPFH,$12.27,1440094230358,"162,269",100% bearish,of 1 rating,$14
BAMM,$3.2078,1440094230385,"1,958",60% bullish,of 5 ratings,N/A
BPFHW,NULL,1440094230434,0,100% bearish,of 1 rating,N/A
EPAY,$26.17,1440094230466,"49,718",100% bearish,of 2 ratings,$30
BPFHP,NULL,1440094230518,0,100% bearish,of 1 rating,N/A
BDBD,$8.51,1440094230562,"309,599",60% bullish,of 5 ratings,$10
BCLI,$3.01,1440094230651,"39,644",80% bullish,of 5 ratings,$12
BBRG,$13.02,1440094230791,"32,404",67% bullish,of 3 ratings,$14.50
BBEP,$2.29,1440094230820,"1,050,650",69% bullish,of 13 ratings,$5.625
BBEPP,$13.501,1440094230893,"17,561",100% bearish,of 1 rating,N/A
BDGE,$27.5,1440094230973,"6,105",Not yet rated,NULL,$31.75
BLIN,$1.33,1440094231000,"19,477",50% bullish,of 2 ratings,$2.20
BRID,NULL,1440094231036,0,100% bearish,of 1 rating,N/A
BSFT,$31.75,1440094231062,"58,463",57% bullish,of 7 ratings,$40.50
BCOV,$5.26,1440094231202,"56,295",67% bullish,of 3 ratings,$10.20
BRCM,$49.94,1440094231230,"2,165,774",75% bullish,of 12 ratings,$56
BYFC,$1.49,1440094231381,"13,810",50% bullish,of 2 ratings,N/A
BVSN,$5.95,1440094231414,"2,008",60% bearish,of 5 ratings,N/A
BRCD,$9.875,1440094231447,"3,005,594",92% bullish,of 13 ratings,$12.50
BWEN,$3.35,1440094231514,"25,101",100% bullish,of 3 ratings,$8
BRKS,$10.51,1440094231540,"56,301",67% bullish,of 3 ratings,$15.25
BRKL,$10.9,1440094231578,"49,656",100% bearish,of 1 rating,$10.75
BRKR,$19.62,1440094231729,"350,484",100% bearish,of 2 ratings,$22
BMTC,$29.42,1440094231870,"11,698",Not yet rated,NULL,$34
BLMT,$20.84,1440094231908,"3,042",Not yet rated,NULL,N/A
BSQR,$6.53,1440094231938,"71,180",67% bullish,of 3 ratings,N/A
BUR,$1.99,1440094232007,816,100% bearish,of 1 rating,$8
BWLD,$193.8494,1440094232037,"131,695",82% bullish,of 11 ratings,$205
BLDR,$15.1,1440094232059,"594,030",50% bullish,of 2 ratings,$22
CFFI,NULL,1440094232442,0,100% bearish,of 1 rating,N/A
CCMP,$44.55,1440094232472,"30,757",50% bullish,of 2 ratings,$59
CDZI,$7.432,1440094232499,"11,083",100% bearish,of 1 rating,N/A
CA,$28.44,1440094232528,"755,736",50% bullish,of 4 ratings,$33
CHRW,$69.5699,1440094232554,"567,890",Not yet rated,NULL,$72
CDNS,$20.61,1440094232587,"593,564",75% bullish,of 4 ratings,$22.50
CACQ,$7.27,1440094232664,"15,905",100% bearish,of 1 rating,$12.25
CSTE,$43.135,1440094232716,"516,454",100% bearish,of 1 rating,$65
CHY,$11.82,1440094232968,"152,204",Not yet rated,NULL,N/A
CZR,$6.8601,1440094232994,"441,785",60% bearish,of 5 ratings,$10.50
CLBS,$1.36,1440094233020,"75,842",79% bullish,of 14 ratings,$4
CLMS,$11.71,1440094233047,"14,743",Not yet rated,NULL,$10.50
PRSS,$4.39,1440094233069,"4,115",80% bullish,of 5 ratings,$4.50
CHI,$10.9601,1440094233214,"97,665",100% bearish,of 1 rating,N/A
CCD,$20.66,1440094233304,"35,192",Not yet rated,NULL,N/A
CSQ,$10.26,1440094233374,"201,849",Not yet rated,NULL,N/A
CHW,$7.8301,1440094233407,"151,814",100% bearish,of 1 rating,N/A
CGO,$12.48,1440094233471,"17,821",100% bearish,of 1 rating,N/A
CAMP,$15.93,1440094233501,"125,515",88% bullish,of 8 ratings,$25
CFGE,NULL,1440094233553,0,Not yet rated,NULL,N/A
CVGW,$54.85,1440094233602,"62,047",50% bullish,of 2 ratings,$58.50
CALA,$5.11,1440094233741,"173,532",100% bullish,of 3 ratings,$19.50
CFNB,NULL,1440094233794,0,100% bearish,of 1 rating,N/A
CALD,$15.78,1440094233926,"81,278",100% bearish,of 1 rating,$20.50
CLMT,$26.255,1440094233958,"73,828",75% bullish,of 8 ratings,$31
CALM,$50.42,1440094233979,"186,823",80% bullish,of 5 ratings,$65
ABCD,$4.745,1440094234059,"52,055",83% bullish,of 6 ratings,N/A
CAMB,$9.95,1440094234123,400,Not yet rated,NULL,N/A
CAMBU,NULL,1440094234155,0,100% bearish,of 1 rating,N/A
CAMBW,NULL,1440094234185,0,Not yet rated,NULL,N/A
CAC,$39.75,1440094234252,"1,996",Not yet rated,NULL,N/A
CSIQ,$19.12,1440094234327,"2,072,237",86% bullish,of 28 ratings,$45
CAMT,$2.83,1440094234354,"19,470",73% bullish,of 11 ratings,$4
CGIX,$9.87,1440094234491,"16,605",67% bullish,of 3 ratings,$14.375
CPHC,$10.53,1440094234565,196,100% bearish,of 1 rating,N/A
CBNJ,$10.85,1440094234592,"1,408",100% bullish,of 1 rating,N/A
CPLA,$48.31,1440094234725,"33,313",50% bullish,of 2 ratings,$65
CBF,$30.08,1440094234754,"45,669",Not yet rated,NULL,$32
CCBG,$15.01,1440094234784,"3,765",Not yet rated,NULL,$17.25
CSWC,$48.15,1440094234814,"6,699",Not yet rated,NULL,N/A
CPLP,$6.86,1440094234861,"339,876",71% bullish,of 7 ratings,$11
CPTA,$14.54,1440094234919,"39,684",Not yet rated,NULL,$18.50
CAPN,$2.2899,1440094235084,"129,919",100% bullish,of 1 rating,$10.85
CFFN,$12.07,1440094235110,"121,105",Not yet rated,NULL,$12.75
CAPNW,$0.76,1440094235142,"3,300",Not yet rated,NULL,N/A
CAPR,$4,1440094235169,"16,145",Not yet rated,NULL,$12
CPST,$0.3877,1440094235238,"393,951",95% bullish,of 22 ratings,$1
CARB,$11.2799,1440094235306,"41,471",75% bullish,of 4 ratings,$12
CARA,$21.31,1440094235340,"144,389",50% bullish,of 4 ratings,$25
CBYL,$6.94,1440094235485,"16,608",100% bearish,of 1 rating,$20
CRDC,$0.39,1440094235615,"21,988",100% bullish,of 1 rating,$1.25
CFNL,$22.78,1440094235645,"44,432",Not yet rated,NULL,$24
CRME,$9.36,1440094235687,"17,682",89% bullish,of 9 ratings,$11.25
CATM,$35.31,1440094235714,"175,000",100% bearish,of 1 rating,$44
CSII,$24.05,1440094235778,"99,854",100% bearish,of 2 ratings,$42.125
CECO,$3.615,1440094235846,"104,093",67% bearish,of 3 ratings,$6
CDNA,$6.3694,1440094235872,"1,900",100% bearish,of 1 rating,$9
CTRE,$12,1440094235922,"195,307",50% bullish,of 2 ratings,N/A
CARO,$15.43,1440094236064,"8,733",100% bearish,of 1 rating,$19
CKEC,$22.2,1440094236113,"91,206",50% bullish,of 2 ratings,$35.915
CART,$5.45,1440094236198,"2,256",100% bearish,of 1 rating,N/A
CLBH,$12.8,1440094236229,"3,118",Not yet rated,NULL,$16.50
CRZO,$32.99,1440094236328,"252,123",67% bearish,of 3 ratings,$57
CRTN,$2.71,1440094236356,100,100% bearish,of 1 rating,N/A
TAST,$12.4301,1440094236384,"91,249",Not yet rated,NULL,$14.25
CASM,$1.091,1440094236614,"36,048",100% bullish,of 1 rating,$3.50
CACB,$5.4801,1440094236643,"36,224",Not yet rated,NULL,$5.50
CARV,$6.04,1440094236698,317,50% bullish,of 2 ratings,N/A
CWST,$6.28,1440094236777,"68,001",50% bullish,of 2 ratings,$7
CASY,$107.35,1440094236914,"90,748",50% bullish,of 2 ratings,$99.50
CSCD,$14.37,1440094236942,"44,345",100% bullish,of 2 ratings,$17
CASI,$1.49,1440094236973,"7,980",100% bullish,of 1 rating,$3.50
CASS,$49.37,1440094236999,"5,834",100% bearish,of 1 rating,N/A
CATB,$11.9,1440094237077,"10,007",100% bearish,of 1 rating,$28
CPRX,$3.59,1440094237142,"476,724",71% bullish,of 7 ratings,$7
CATY,$30.81,1440094237207,"127,885",100% bearish,of 1 rating,$33.50
CATYW,NULL,1440094237300,0,100% bearish,of 1 rating,N/A
CVCO,$73.38,1440094237428,"9,486",100% bearish,of 1 rating,N/A
CAVM,$68.68,1440094237455,"148,453",67% bearish,of 3 ratings,$72
CNLM,$9.98,1440094237511,200,Not yet rated,NULL,N/A
CBFV,$20.62,1440094237532,"2,673",Not yet rated,NULL,N/A
CNLMU,$10.4,1440094237621,100,100% bullish,of 1 rating,N/A
CNLMR,NULL,1440094237661,0,Not yet rated,NULL,N/A
CNLMW,NULL,1440094237706,0,Not yet rated,NULL,N/A
CBOE,$63.48,1440094237759,"144,778",Not yet rated,NULL,$60
CDW,$39,1440094237840,"233,851",75% bullish,of 4 ratings,$44
CDK,$48.5,1440094237934,"209,912",67% bearish,of 3 ratings,$50
CECE,$9.81,1440094238000,"66,006",50% bullish,of 2 ratings,$16
CPXX,$2.14,1440094238153,"36,515",100% bullish,of 2 ratings,$7
CELG,$126.364,1440094238288,"1,559,216",92% bullish,of 13 ratings,$155.50
CLDN,$1.059,1440094238316,"96,548",71% bullish,of 7 ratings,$3
CELGZ,$1.7698,1440094238350,"31,149",80% bullish,of 5 ratings,N/A
CLLS,$30.68,1440094238450,"68,675",75% bullish,of 4 ratings,$51.50
CLRBW,NULL,1440094238481,0,Not yet rated,NULL,N/A
CLDX,$13.95,1440094238508,"852,589",89% bullish,of 9 ratings,$36
CLRB,$3,1440094238590,900,100% bearish,of 1 rating,N/A
CBMG,$21.55,1440094238693,"62,633",50% bullish,of 2 ratings,N/A
CLSN,$2.03,1440094238723,"37,562",80% bullish,of 10 ratings,$7.50
CLTX,$2.81,1440094238755,"5,914,665",100% bullish,of 2 ratings,N/A
CYAD,$53.29,1440094238854,"1,418",100% bullish,of 1 rating,$87.50
CEMP,$35.72,1440094238916,"429,187",71% bullish,of 7 ratings,$52
CETX,$2.5325,1440094239025,"7,752",Not yet rated,NULL,$5.60
CSFL,$14.095,1440094239051,"56,928",Not yet rated,NULL,$15
CFBK,$1.372,1440094239183,100,Not yet rated,NULL,N/A
CETV,$2.01,1440094239208,"35,831",67% bullish,of 3 ratings,$2.80
CENT,$12.05,1440094239239,"17,037",Not yet rated,NULL,$10
CENTA,$12.6642,1440094239374,"39,381",Not yet rated,NULL,N/A
CVCY,NULL,1440094239413,0,Not yet rated,NULL,$12
CENX,$5.28,1440094239445,"1,050,279",67% bullish,of 6 ratings,$9
CNBKA,$41.1,1440094239546,34,100% bullish,of 1 rating,N/A
CNTY,$6.3,1440094239647,"5,568",80% bullish,of 5 ratings,$7.75
CPHD,$48.1,1440094239675,"132,399",50% bullish,of 2 ratings,$66.50
CERN,$63.49,1440094239703,"445,200",67% bullish,of 3 ratings,$79
CRNT,$1.4299,1440094239729,"78,849",50% bullish,of 2 ratings,$2
CERE,$1.2101,1440094239755,"247,034",88% bullish,of 8 ratings,N/A
CERS,$4.9,1440094239950,"169,216",75% bullish,of 4 ratings,$7
CERU,$3.37,1440094239996,"11,175",75% bullish,of 4 ratings,$15
CEVA,$18.81,1440094240084,"18,888",100% bearish,of 1 rating,$25
HOTR,$1.29,1440094240131,"157,266",100% bullish,of 2 ratings,$5
KOOL,$0.6866,1440094240162,"3,670",100% bullish,of 5 ratings,$7
CYOU,$19.98,1440094240189,"185,781",50% bullish,of 6 ratings,$24
HOTRW,$0.156,1440094240256,"6,099",Not yet rated,NULL,N/A
CTHR,$1.21,1440094240360,"80,863",50% bullish,of 2 ratings,$2.50
GTLS,$22.97,1440094240494,"99,970",50% bullish,of 4 ratings,$40
CHFN,$12.45,1440094240550,"2,722",Not yet rated,NULL,$14
CHTR,$183.57,1440094240624,"496,451",100% bearish,of 2 ratings,$196
CHEK,$3.08,1440094240654,38,Not yet rated,NULL,$7.75
CHKP,$80.01,1440094240675,"399,129",50% bullish,of 4 ratings,$92
CHEKW,NULL,1440094240708,0,Not yet rated,NULL,N/A
CEMI,$4.4699,1440094240808,"9,418",50% bullish,of 2 ratings,$7.50
CHFC,$32.22,1440094240898,"25,491",100% bearish,of 1 rating,$36
CCXI,$7,1440094240935,"27,491",67% bullish,of 3 ratings,$14
CHMG,$26.6,1440094241042,"3,212",Not yet rated,NULL,$30
CHEV,$14.66,1440094241076,700,Not yet rated,NULL,N/A
CHMA,$26.05,1440094241103,"53,571",Not yet rated,NULL,$40
CHKE,$26.08,1440094241130,"4,163",100% bearish,of 1 rating,$32.50
CBNK,$16.52,1440094241185,100,100% bearish,of 1 rating,N/A
CMRX,$48.42,1440094241394,"64,241",50% bullish,of 2 ratings,$57
PLCE,$60.62,1440094241422,"137,749",100% bearish,of 1 rating,$71
CALI,$0.916,1440094241451,"4,592",67% bullish,of 3 ratings,N/A
CADC,NULL,1440094241498,0,78% bullish,of 9 ratings,N/A
CAAS,$6.66,1440094241554,"10,789",93% bullish,of 14 ratings,$11.50
CBPO,$101.27,1440094241630,"166,160",75% bullish,of 8 ratings,$140.50
CBAK,$2.0799,1440094241662,"33,616",67% bullish,of 9 ratings,N/A
CCCL,$0.86,1440094241684,"1,972",100% bullish,of 6 ratings,N/A
CCCR,$0.8,1440094241992,"11,457",67% bearish,of 3 ratings,N/A
JRJC,$4.21,1440094242019,"30,397",82% bullish,of 11 ratings,N/A
CHLN,$1.917,1440094242049,"17,960",67% bullish,of 3 ratings,N/A
CHOP,$1.23,1440094242075,"4,600",50% bullish,of 2 ratings,N/A
HGSH,$1.96,1440094242148,357,67% bullish,of 3 ratings,N/A
CNIT,$1.6,1440094242223,"70,172",67% bullish,of 6 ratings,N/A
HTHT,$25.7099,1440094242327,"19,093",50% bullish,of 2 ratings,$28
CREG,$0.7516,1440094242358,"8,926",100% bullish,of 3 ratings,N/A
CJJD,$2.01,1440094242392,"9,863",100% bullish,of 1 rating,N/A
CNTF,$0.88,1440094242489,"38,817",Not yet rated,NULL,N/A
CHNR,NULL,1440094242538,0,100% bearish,of 1 rating,N/A
CSUN,$1.383,1440094242566,"11,999",80% bullish,of 5 ratings,N/A
CPGI,$6.7065,1440094242592,140,Not yet rated,NULL,N/A
CXDC,$6.2,1440094242618,"25,102",67% bullish,of 3 ratings,N/A
CNYD,NULL,1440094242771,0,67% bullish,of 3 ratings,N/A
CCIH,$8.7343,1440094242797,"62,592",67% bullish,of 6 ratings,$12.65
CHSCO,$28.4,1440094243285,"1,900",Not yet rated,NULL,N/A
CHSCL,$26.98,1440094243320,"13,724",Not yet rated,NULL,N/A
CHSCP,$30.5816,1440094243341,"3,931",Not yet rated,NULL,N/A
IMOS,$15.35,1440094243363,"90,199",60% bullish,of 5 ratings,$21.50
CNET,$0.8301,1440094243403,"33,747",50% bullish,of 2 ratings,N/A
CHSCN,$27.3,1440094243424,"3,568",Not yet rated,NULL,N/A
CHSCM,$26.14,1440094243446,"24,427",Not yet rated,NULL,N/A
CHDN,$133.93,1440094243484,"32,899",Not yet rated,NULL,$165
CDTX,$13.98,1440094243695,"16,068",Not yet rated,NULL,$22
CMPR,$68.26,1440094243743,"134,544",50% bullish,of 2 ratings,$72.50
CIFC,$7.1461,1440094243770,"1,318",Not yet rated,NULL,N/A
CINF,$55.96,1440094243791,"131,992",50% bullish,of 4 ratings,$50.50
CHUY,$31.38,1440094243821,"88,899",50% bullish,of 2 ratings,$34
CMCT,$15.03,1440094243847,300,100% bearish,of 1 rating,N/A
CIDM,$0.6594,1440094244083,"50,482",50% bullish,of 2 ratings,$2.10
CTAS,$86.905,1440094244140,"150,184",100% bearish,of 1 rating,$91
CPHR,$6.4,1440094244169,"7,153",100% bearish,of 1 rating,$16
CRUS,$28.38,1440094244191,"569,634",75% bullish,of 12 ratings,$44.50
CSCO,$27.24,1440094244236,"11,444,384",84% bullish,of 208 ratings,$32
CTRN,$28.14,1440094244257,"99,735",100% bearish,of 1 rating,$30.50
CZNC,$20.0099,1440094244324,"9,704",Not yet rated,NULL,N/A
CZWI,NULL,1440094244351,0,Not yet rated,NULL,N/A
CZFC,$12.75,1440094244585,700,Not yet rated,NULL,N/A
CIZN,NULL,1440094244690,0,Not yet rated,NULL,N/A
CTXS,$76.06,1440094244715,"293,570",86% bullish,of 7 ratings,$80
CIVB,$10.3,1440094244741,"3,700",Not yet rated,NULL,$11
CLNE,$4.16,1440094244943,"437,888",80% bullish,of 15 ratings,$9
CDTI,$1.5605,1440094245001,"77,490",75% bullish,of 4 ratings,$3.20
CHCO,$47.92,1440094245072,"27,413",Not yet rated,NULL,$46
CIVBP,NULL,1440094245100,0,Not yet rated,NULL,N/A
CLRO,$12.25,1440094245176,"5,027",50% bullish,of 2 ratings,$14.25
CLNT,$1.9,1440094245230,"7,992",75% bullish,of 8 ratings,N/A
CLFD,$17.285,1440094245258,"41,567",67% bullish,of 3 ratings,$18
CBLI,$3.9999,1440094245398,"22,231",60% bullish,of 5 ratings,N/A
CSBK,$13.72,1440094245469,"24,731",Not yet rated,NULL,N/A
CLIR,$5.11,1440094245496,"20,127",100% bullish,of 3 ratings,N/A
CMFN,$11.695,1440094245627,"9,808",100% bearish,of 1 rating,$15.50
CLVS,$74.35,1440094245652,"188,032",60% bullish,of 5 ratings,$101.50
CME,$96.905,1440094245831,"497,244",67% bullish,of 3 ratings,$102
CNV,$4.61,1440094245878,"75,837",50% bullish,of 2 ratings,$7.15
CCNE,$17.265,1440094245908,"1,364",50% bullish,of 2 ratings,$21.50
CISG,$8.3099,1440094245939,"79,230",100% bullish,of 5 ratings,$10
CWAY,$11.45,1440094246040,"5,300",Not yet rated,NULL,N/A
COBZ,$12.98,1440094246115,"50,728",100% bullish,of 1 rating,$14
CDRB,$11.845,1440094246143,"2,496",67% bullish,of 3 ratings,N/A
COKE,$159.42,1440094246165,"16,058",79% bullish,of 19 ratings,N/A
CDXS,$3.975,1440094246322,"22,855",64% bullish,of 11 ratings,$6
CVLY,NULL,1440094246387,0,Not yet rated,NULL,N/A
JVA,$4.66,1440094246454,"5,089",83% bullish,of 6 ratings,$7
CGNT,$1.633,1440094246488,"12,021",100% bullish,of 2 ratings,$2
CGNX,$36.47,1440094246586,"215,125",50% bullish,of 2 ratings,$47
CCOI,$28.72,1440094246612,"115,278",50% bullish,of 4 ratings,$35
CTSH,$66.02,1440094246641,"1,326,458",90% bullish,of 10 ratings,$74.50
CHRS,$29.42,1440094246836,"47,918",67% bearish,of 3 ratings,$37
CLRX,$0.5,1440094246865,"21,577",50% bullish,of 2 ratings,N/A
COHU,$9.67,1440094246896,"32,105",100% bearish,of 1 rating,$14.25
COHR,$57.92,1440094246917,"32,811",50% bullish,of 2 ratings,$72
CIGI,$46.24,1440094247053,"4,800",100% bearish,of 1 rating,$52
CLCT,$19,1440094247081,"3,481",100% bearish,of 1 rating,N/A
COLL,$15.35,1440094247109,"27,244",100% bearish,of 1 rating,$26
CBAN,$8.76,1440094247135,705,Not yet rated,NULL,N/A
CLCD,$7.7,1440094247309,"6,910",100% bearish,of 1 rating,$20.50
COLB,$32.05,1440094247369,"104,883",Not yet rated,NULL,$36
COLM,$64.49,1440094247397,"38,686",100% bearish,of 1 rating,$71
CBMX,$1.1699,1440094247553,"6,080",83% bullish,of 6 ratings,$3.15
CMCSA,$58.31,1440094247581,"6,129,031",66% bullish,of 35 ratings,$69.50
CMCSK,$58.93,1440094247608,"1,575,470",Not yet rated,NULL,$84
CMCO,$19.87,1440094247630,"162,037",60% bullish,of 5 ratings,$28
CBSH,$46.19,1440094247659,"101,104",50% bullish,of 2 ratings,$46
CUBN,NULL,1440094247832,0,Not yet rated,NULL,N/A
CVGI,$4.6,1440094247866,"39,403",50% bullish,of 2 ratings,$6
CBSHP,$25.2499,1440094247901,"3,342",100% bearish,of 1 rating,N/A
COMM,$30.8,1440094247960,"409,285",67% bearish,of 3 ratings,$35
CSAL,$22.04,1440094248063,"205,409",75% bullish,of 4 ratings,$30
ESXB,$5.1,1440094248090,"34,502",Not yet rated,NULL,N/A
CYHHZ,$0.011,1440094248116,"17,000",100% bullish,of 1 rating,N/A
JCS,$9.31,1440094248142,"5,100",67% bullish,of 3 ratings,N/A
CTBI,$34.765,1440094248379,"6,150",Not yet rated,NULL,$36
COB,$10.56,1440094248413,"3,200",100% bullish,of 1 rating,$11.75
CWBC,$6.752,1440094248484,200,Not yet rated,NULL,N/A
CID,$34.7,1440094248513,"10,500",Not yet rated,NULL,N/A
CIL,$34.44,1440094248544,"1,400",Not yet rated,NULL,N/A
CVLT,$37.02,1440094248572,"106,207",75% bullish,of 4 ratings,$44.50
CIZ,$34.0754,1440094248645,"4,910",100% bearish,of 1 rating,N/A
CSA,NULL,1440094248699,0,Not yet rated,NULL,N/A
CSF,$37.619,1440094248928,839,100% bearish,of 1 rating,N/A
CFA,$37.15,1440094248965,200,100% bearish,of 1 rating,N/A
CDC,$36.2,1440094248999,"1,142",Not yet rated,NULL,N/A
CSB,$34.01,1440094249058,"2,380",Not yet rated,NULL,N/A
CFO,$36.8812,1440094249087,"5,376",100% bearish,of 1 rating,N/A
CGEN,$5.28,1440094249117,"117,455",50% bullish,of 2 ratings,$11
CDL,NULL,1440094249137,0,Not yet rated,NULL,N/A
SCOR,$60.64,1440094249358,"206,147",100% bearish,of 1 rating,$66
CPSI,$45.43,1440094249388,"12,879",100% bearish,of 1 rating,$45.50
CTG,$6.64,1440094249409,"9,018",100% bearish,of 1 rating,$8.50
CHCI,$0.61,1440094249459,"11,405",50% bullish,of 2 ratings,N/A
CMTL,$26.79,1440094249486,"15,121",100% bearish,of 2 ratings,$37
CNAT,$4.2901,1440094249621,"22,325",83% bullish,of 6 ratings,$13
CNSI,$18.75,1440094249647,"12,148",100% bearish,of 2 ratings,$29
CNCE,$15.43,1440094249675,"116,992",75% bullish,of 4 ratings,$22
CDOR,$1.4511,1440094249829,"3,612",100% bullish,of 1 rating,N/A
CDORO,NULL,1440094249856,0,100% bearish,of 1 rating,N/A
CXRX,$75.69,1440094249878,"3,662",Not yet rated,NULL,$90
CCUR,$5.167,1440094249934,"9,626",75% bullish,of 4 ratings,N/A
CDORP,$7.1195,1440094250016,"2,036",100% bearish,of 1 rating,N/A
CFMS,$21.93,1440094250140,"64,076",Not yet rated,NULL,$27
CNFR,$10.3505,1440094250186,"15,460",Not yet rated,NULL,N/A
CNMD,$55.845,1440094250246,"14,673",Not yet rated,NULL,$59
CTWS,$34.88,1440094250319,"7,506",100% bearish,of 1 rating,$44
CNOB,$20.11,1440094250390,"46,066",100% bullish,of 1 rating,$23.50
CNXR,$6.34,1440094250418,"13,150",100% bearish,of 1 rating,$12
CONN,$31.56,1440094250445,"126,874",67% bullish,of 3 ratings,$48.50
CNSL,$20.04,1440094250579,"55,216",100% bearish,of 1 rating,$23
CWCO,$11.32,1440094250607,"30,957",67% bullish,of 3 ratings,$14.50
CTCT,$23.93,1440094250773,"113,823",67% bullish,of 3 ratings,$37
CFRXW,NULL,1440094250800,0,100% bearish,of 1 rating,N/A
CPSS,$5.62,1440094250832,"14,520",100% bullish,of 1 rating,$10
CTRV,$4.04,1440094250878,"23,060",Not yet rated,NULL,$6.40
CFRXZ,$0.51,1440094250930,400,Not yet rated,NULL,N/A
CFRX,$5.05,1440094250981,"21,225",Not yet rated,NULL,$14
CTRL,$7.843,1440094251087,"98,093",50% bullish,of 2 ratings,$11
CPRT,$35.555,1440094251133,"97,803",67% bearish,of 3 ratings,$40
CRBP,$2.133,1440094251320,"1,292,950",100% bullish,of 2 ratings,$6.25
CORT,$4.81,1440094251364,"100,523",67% bullish,of 3 ratings,$12
CORE,$62.94,1440094251422,"27,495",100% bearish,of 1 rating,$72
BVA,NULL,1440094251447,0,50% bullish,of 2 ratings,N/A
CORI,$11,1440094251505,"23,237",100% bearish,of 1 rating,$18
CSOD,$37.3,1440094251593,"218,121",50% bullish,of 2 ratings,$42
CRVL,$33,1440094251663,"3,583",100% bearish,of 1 rating,N/A
COSI,$1.13,1440094251724,"177,373",100% bullish,of 1 rating,N/A
CSGP,$188.39,1440094251819,"39,108",50% bullish,of 2 ratings,$235
COST,$143.98,1440094251873,"492,367",83% bullish,of 24 ratings,$154.50
CPAH,$0.4673,1440094251901,"1,750",50% bullish,of 2 ratings,N/A
ICBK,NULL,1440094251979,0,Not yet rated,NULL,$21
CVTI,$24.04,1440094252114,"58,965",67% bearish,of 3 ratings,$39
COVS,$2.65,1440094252161,"84,169",67% bullish,of 3 ratings,N/A
COWN,$5.26,1440094252204,"283,252",75% bullish,of 4 ratings,$7
COWNL,$27.21,1440094252244,"2,400",Not yet rated,NULL,N/A
CRAI,$22.52,1440094252296,"9,162",Not yet rated,NULL,$36
BREW,$7.795,1440094252381,"25,126",67% bullish,of 6 ratings,$15
CPSH,$2.3,1440094252428,"4,400",Not yet rated,NULL,N/A
CBRL,$147.11,1440094252456,"77,610",50% bullish,of 2 ratings,$155
CACC,$194.1,1440094252643,"57,284",50% bullish,of 2 ratings,$158.50
GLDI,$11.1,1440094252669,"2,528",100% bearish,of 1 rating,N/A
CRAY,$21.34,1440094252723,"100,516",83% bullish,of 6 ratings,$38.50
SLVO,$10.61,1440094252802,"5,217",100% bearish,of 1 rating,N/A
CREE,$25.855,1440094252864,"487,037",65% bullish,of 17 ratings,$28.50
CRESY,$10.884,1440094252890,"80,531",100% bearish,of 1 rating,$19
CROX,$14.57,1440094253020,"301,880",63% bullish,of 8 ratings,$16.50
CRTO,$44.65,1440094253081,"371,791",67% bullish,of 6 ratings,$64
CCRN,$14.91,1440094253115,"110,000",100% bearish,of 1 rating,$14.25
CRDS,$1.06,1440094253147,"22,900",50% bullish,of 4 ratings,$4.50
CRWN,$4.7,1440094253222,"70,909",75% bullish,of 4 ratings,N/A
CRWS,$8.08,1440094253252,665,Not yet rated,NULL,$10
CYRX,$3.09,1440094253281,"8,838",Not yet rated,NULL,$9
CYRXW,$0.945,1440094253467,"10,900",Not yet rated,NULL,N/A
CCLP,$14.825,1440094253492,"19,444",67% bearish,of 3 ratings,$21
CSGS,$31.7,1440094253519,"42,524",Not yet rated,NULL,$40
CSPI,$6.17,1440094253650,855,67% bullish,of 3 ratings,N/A
CTIC,$1.64,1440094253714,"982,893",84% bullish,of 76 ratings,$5.75
CTCM,$1.73,1440094253785,"153,926",80% bearish,of 5 ratings,$3.90
CTIB,$3.54,1440094253814,"2,475",100% bearish,of 1 rating,N/A
CUNB,$22.1,1440094253950,"4,390",Not yet rated,NULL,$24.50
CTRP,$64.33,1440094253978,"1,614,589",75% bullish,of 8 ratings,$92
CUI,$5.3,1440094254001,"37,369",50% bullish,of 2 ratings,$10
CPIX,$5.86,1440094254029,"3,889",Not yet rated,NULL,N/A
CMLS,$1.2,1440094254059,"408,508",50% bullish,of 4 ratings,$6
CRIS,$2.61,1440094254222,"133,054",100% bullish,of 8 ratings,$6
CUTR,$14.51,1440094254253,"11,821",67% bearish,of 3 ratings,$18
CVV,$12.0101,1440094254354,"24,931",100% bullish,of 5 ratings,N/A
CYBR,$56.33,1440094254416,"1,267,757",86% bullish,of 7 ratings,$66
CVBF,$16.83,1440094254444,"191,136",Not yet rated,NULL,$18
CYAN,$7.54,1440094254577,"3,790",100% bearish,of 1 rating,N/A
CYBE,$5.94,1440094254661,"7,678",100% bearish,of 1 rating,N/A
CYBX,$65.035,1440094254707,"424,784",50% bullish,of 4 ratings,$70
CYCC,$0.5899,1440094254764,"35,512",73% bullish,of 11 ratings,N/A
CBAY,$2.6999,1440094254793,"36,571",100% bullish,of 1 rating,$4
CYCCP,NULL,1440094254841,0,100% bearish,of 1 rating,N/A
CYNA,$16.03,1440094254871,"16,957",100% bullish,of 1 rating,$31.50
CYNO,$33.14,1440094255028,"72,238",67% bearish,of 3 ratings,$45.50
CYRN,$1.7,1440094255058,"60,430",67% bullish,of 3 ratings,$4
CY,$9.53,1440094255085,"2,697,154",80% bullish,of 10 ratings,$15.50
CONE,$33.86,1440094255161,"153,374",67% bearish,of 3 ratings,$35
CYTK,$6.4,1440094255309,"109,623",71% bullish,of 14 ratings,$13.50
CYTX,$0.3903,1440094255336,"387,843",83% bullish,of 12 ratings,$5.50
CTSO,$7.12,1440094255464,"43,445",Not yet rated,NULL,$15.625
DAEG,$0.3301,1440094255494,"15,273",100% bearish,of 1 rating,N/A
TVIX,$6.6101,1440094255560,"7,707,754",81% bullish,of 16 ratings,N/A
CYTR,$2.24,1440094255590,"195,702",67% bullish,of 6 ratings,$10
TVIZ,$13.88,1440094255656,400,100% bearish,of 1 rating,N/A
ZIV,$48.39,1440094255736,"63,878",Not yet rated,NULL,N/A
DJCO,$205.8,1440094255826,200,Not yet rated,NULL,N/A
DAKT,$11.8072,1440094255852,"110,903",50% bullish,of 2 ratings,$14
XIV,$43.971,1440094255899,"10,352,393",75% bearish,of 4 ratings,N/A
DARA,$0.89,1440094255925,"19,322",83% bullish,of 6 ratings,$1.50
DTLK,$5.45,1440094256062,"45,649",100% bearish,of 1 rating,$9
DRAM,$1.4299,1440094256089,"1,912",78% bullish,of 9 ratings,N/A
DWCH,$5.16,1440094256222,"30,153",75% bullish,of 4 ratings,$8.25
DAIO,$2.6699,1440094256247,"21,180",Not yet rated,NULL,N/A
PLAY,$34.96,1440094256385,"125,642",100% bullish,of 5 ratings,$42
DTEA,$12.436,1440094256411,"61,206",100% bearish,of 2 ratings,$24
DWSN,$4.385,1440094256437,"6,130",67% bullish,of 3 ratings,$6
DBVT,$40.83,1440094256486,"39,409",100% bearish,of 1 rating,$53
DHRM,$1.8595,1440094256621,"5,738",Not yet rated,NULL,N/A
DFRG,$14.82,1440094256653,"39,489",100% bearish,of 1 rating,$20
TRAK,$62.99,1440094256685,"707,134",50% bullish,of 2 ratings,$62.50
DCTH,$0.4925,1440094256773,"97,055",78% bullish,of 9 ratings,N/A
DGAS,$20.25,1440094256806,"7,258",67% bearish,of 3 ratings,N/A
TACO,$13.35,1440094256836,"62,594",100% bullish,of 3 ratings,$20
TACOW,$4.38,1440094256941,"5,333",100% bullish,of 1 rating,N/A
DELT,$2.77,1440094256971,"3,668",Not yet rated,NULL,N/A
DELTW,NULL,1440094257073,0,Not yet rated,NULL,N/A
DENN,$12.12,1440094257206,"192,822",100% bullish,of 3 ratings,$15
DEST,$11.9,1440094257339,"17,595",50% bullish,of 2 ratings,N/A
DEPO,$30.22,1440094257366,"360,858",60% bullish,of 5 ratings,$29
DSCI,$6.43,1440094257413,"23,046",50% bullish,of 2 ratings,$16
XRAY,$55.89,1440094257500,"117,650",100% bullish,of 1 rating,$58
DXM,$0.313,1440094257540,"93,015",50% bullish,of 2 ratings,N/A
DSWL,NULL,1440094257579,0,100% bullish,of 1 rating,N/A
DXLG,$4.65,1440094257638,"15,288",100% bearish,of 1 rating,$8
DERM,$24.17,1440094257666,"51,982",100% bearish,of 1 rating,$33.50
DXCM,$91.21,1440094257797,"413,603",57% bullish,of 7 ratings,$98
DHIL,$192,1440094257928,416,Not yet rated,NULL,N/A
DHXM,NULL,1440094257962,0,Not yet rated,NULL,N/A
DMND,$31.01,1440094257989,"130,385",75% bullish,of 12 ratings,$32
FANG,$70.81,1440094258063,"311,867",50% bullish,of 2 ratings,$86
DCIX,$1.782,1440094258093,"20,143",50% bullish,of 4 ratings,$3.50
DRNA,$9.775,1440094258191,"69,284",67% bearish,of 3 ratings,$25
DGII,$10.055,1440094258297,"21,816",100% bearish,of 1 rating,$10
DMRC,$35.43,1440094258338,"41,665",100% bearish,of 1 rating,$44
DGLY,$7.1475,1440094258428,"81,060",50% bullish,of 6 ratings,$20
APPS,$2.28,1440094258468,"51,912",100% bearish,of 1 rating,$10.25
DCOM,$17.15,1440094258495,"43,004",100% bearish,of 2 ratings,$16.50
DRAD,$3.982,1440094258517,"8,020",100% bullish,of 1 rating,$5.25
DPRX,$12.2,1440094258683,"72,718",100% bullish,of 2 ratings,$27.75
DIOD,$19.45,1440094258713,"64,353",75% bearish,of 4 ratings,$24
DISCA,$27.35,1440094258813,"3,080,984",67% bullish,of 3 ratings,$34
DISCB,$30.53,1440094258886,50,100% bearish,of 1 rating,$35
DISH,$63.4,1440094258912,"765,609",69% bullish,of 13 ratings,$73
DISCK,$26.29,1440094259039,"3,482,251",100% bearish,of 1 rating,$32
BAGR,$3.08,1440094259072,"6,356",100% bearish,of 1 rating,$6
DSCO,$0.4499,1440094259112,"82,647",83% bullish,of 6 ratings,$2.75
DVCR,$11.49,1440094259140,"6,849",100% bullish,of 1 rating,N/A
DLTR,$80.86,1440094259169,"665,116",82% bullish,of 11 ratings,$88
DNBF,$26.71,1440094259212,"1,238",Not yet rated,NULL,$27.50
DGICA,$14.41,1440094259343,"3,190",100% bearish,of 1 rating,$17
DLHC,$2.58,1440094259369,"1,404",100% bearish,of 1 rating,N/A
DGICB,NULL,1440094259513,0,100% bearish,of 1 rating,N/A
DORM,$50.39,1440094259569,"47,755",100% bearish,of 1 rating,$56
DMLP,$13.84,1440094259616,"132,621",100% bearish,of 1 rating,N/A
HILL,$9.67,1440094259751,"4,392,145",60% bearish,of 5 ratings,$9
DRYS,$0.3458,1440094259797,"2,065,644",77% bullish,of 31 ratings,$.60
DRWI,$0.2509,1440094259824,"387,092",60% bullish,of 5 ratings,$.45
DWA,$18.15,1440094259846,"225,988",63% bullish,of 8 ratings,$26
DRWIW,$0.068,1440094259887,200,Not yet rated,NULL,N/A
DSPG,$8.79,1440094259976,"23,565",100% bearish,of 1 rating,$13.50
DSKX,$3.17,1440094260004,"101,608",100% bullish,of 1 rating,N/A
CADT,NULL,1440094260032,0,Not yet rated,NULL,N/A
CADTR,NULL,1440094260170,0,Not yet rated,NULL,N/A
CADTW,NULL,1440094260199,0,Not yet rated,NULL,N/A
CADTU,NULL,1440094260264,0,Not yet rated,NULL,N/A
DTSI,$27.01,1440094260458,"32,645",100% bearish,of 2 ratings,$39.50
DXPE,$28.29,1440094260515,"60,310",50% bullish,of 2 ratings,N/A
DRRX,$2.01,1440094260545,"110,630",50% bullish,of 6 ratings,$3
DNKN,$50.32,1440094260585,"843,865",67% bullish,of 15 ratings,$56.50
DYSL,$1.61,1440094260649,"372,957",100% bullish,of 2 ratings,N/A
DYNT,$2.95,1440094260683,"5,642",75% bullish,of 4 ratings,N/A
BOOM,$10.24,1440094260711,"31,713",67% bullish,of 3 ratings,$12
DYAX,$22.37,1440094260782,"109,231",89% bullish,of 9 ratings,$30
DVAX,$28.07,1440094260926,"131,500",70% bullish,of 10 ratings,$40
ETFC,$26.78,1440094261059,"1,008,883",57% bullish,of 14 ratings,$33
EGBN,$43.57,1440094261089,"26,804",Not yet rated,NULL,$48
EGLE,$6.62,1440094261118,"8,356",60% bullish,of 5 ratings,N/A
EBMT,$11.46,1440094261145,"1,300",Not yet rated,NULL,$13.50
EGRX,$65.56,1440094261224,"161,373",67% bullish,of 3 ratings,$97
EROC,$1.175,1440094261289,"181,732",50% bullish,of 2 ratings,$3
EWBC,$42.88,1440094261396,"679,470",100% bearish,of 1 rating,$50
EACQU,$10.2,1440094261470,944,Not yet rated,NULL,N/A
ELNK,$8.58,1440094261501,"275,875",60% bullish,of 5 ratings,$9.50
EBAY,$26.69,1440094261631,"4,960,980",81% bullish,of 117 ratings,$48
EML,$16.96,1440094261663,"12,900",Not yet rated,NULL,N/A
EBIX,$29.55,1440094261690,"124,351",69% bullish,of 13 ratings,$40
ELON,$0.5503,1440094261712,"18,912",50% bullish,of 2 ratings,N/A
EVBS,$6.45,1440094261744,886,Not yet rated,NULL,$7
SATS,$45.52,1440094262032,"52,366",50% bullish,of 2 ratings,$60
ECHO,$25.605,1440094262070,"227,598",67% bearish,of 3 ratings,$35.50
EEI,$11.22,1440094262097,900,67% bearish,of 3 ratings,N/A
ECTE,$1.49,1440094262134,"1,900",75% bullish,of 4 ratings,N/A
EDAP,$3.4503,1440094262159,"24,421",60% bullish,of 5 ratings,$4.50
ESES,$3.4,1440094262191,"1,649",100% bearish,of 1 rating,$7
ECACU,$10.09,1440094262320,"13,500",Not yet rated,NULL,N/A
EDGW,$7.15,1440094262345,"11,300",100% bearish,of 1 rating,N/A
EDUC,$4.7,1440094262508,"5,966",100% bearish,of 1 rating,N/A
EGLT,$11.3,1440094262540,"103,128",50% bullish,of 2 ratings,$21
EGAN,$3.5,1440094262644,"105,300",50% bullish,of 2 ratings,$6.25
EHTH,$14.23,1440094262671,"51,425",50% bullish,of 4 ratings,$16.50
EFUT,$4.2711,1440094262701,"1,000",Not yet rated,NULL,N/A
ESLT,$81.0001,1440094262723,"4,256",100% bullish,of 2 ratings,N/A
LOCO,$12.673,1440094262858,"1,114,236",69% bullish,of 13 ratings,$20
EMITF,$1.299,1440094262891,"3,704",75% bullish,of 4 ratings,N/A
ELRC,$10.26,1440094262988,"8,460",100% bearish,of 1 rating,N/A
ESIO,$4.64,1440094263064,"46,705",50% bullish,of 2 ratings,$10
EA,$68.52,1440094263120,"1,853,878",77% bullish,of 35 ratings,$80
ERI,$9.52,1440094263141,"44,446",100% bearish,of 1 rating,$10
EFII,$44.39,1440094263200,"46,493",80% bullish,of 5 ratings,$55
ELSE,$4.07,1440094263277,486,60% bullish,of 5 ratings,N/A
ELEC,NULL,1440094263447,0,Not yet rated,NULL,N/A
ELECU,NULL,1440094263516,0,Not yet rated,NULL,N/A
EBIO,$3.1988,1440094263551,"457,094",100% bearish,of 2 ratings,$8.35
ELECW,NULL,1440094263573,0,Not yet rated,NULL,N/A
RDEN,$10.64,1440094263617,"38,756",100% bearish,of 4 ratings,$15
ESBK,$19.5,1440094263644,"2,800",Not yet rated,NULL,N/A
CAPX,NULL,1440094263671,0,Not yet rated,NULL,N/A
LONG,$17.05,1440094263854,"20,951",67% bullish,of 3 ratings,$15.75
EMCI,$23.635,1440094263912,"8,050",Not yet rated,NULL,N/A
ELTK,$1.13,1440094264014,"25,248",67% bearish,of 3 ratings,N/A
EMCF,NULL,1440094264093,0,100% bearish,of 1 rating,N/A
EMMSP,NULL,1440094264148,0,100% bearish,of 1 rating,N/A
EMKR,$7.05,1440094264178,"39,623",75% bullish,of 4 ratings,$8.50
NYNY,$4.1,1440094264277,"32,843",50% bullish,of 2 ratings,N/A
EMMS,$1.324,1440094264335,"16,400",67% bullish,of 6 ratings,N/A
ERS,$3.39,1440094264380,"1,385",Not yet rated,NULL,N/A
WIRE,$32.81,1440094264483,"23,227",100% bearish,of 1 rating,$37
ENTA,$40.58,1440094264514,"70,147",50% bullish,of 2 ratings,$42
ECPG,$39.44,1440094264536,"68,076",100% bullish,of 2 ratings,$52
ENDP,$82.24,1440094264616,"607,481",50% bullish,of 6 ratings,$104
ECYT,$5.04,1440094264766,"141,759",83% bullish,of 6 ratings,$12
EFOI,$17.15,1440094264901,"424,005",50% bullish,of 2 ratings,$20.50
ELGX,$13.08,1440094264958,"317,822",75% bullish,of 4 ratings,$17
WATT,$7.02,1440094264990,"44,181",50% bullish,of 2 ratings,$13
ENOC,$8.05,1440094265020,"77,908",75% bullish,of 4 ratings,$18
EIGI,$15.505,1440094265046,"266,329",67% bearish,of 3 ratings,$20
ERII,$2.85,1440094265084,"30,078",80% bullish,of 5 ratings,$2.50
EXXI,$1.58,1440094265176,"665,318",86% bullish,of 7 ratings,$3.50
ENG,$1.05,1440094265372,"19,556",100% bullish,of 3 ratings,N/A
ENFC,$18.1337,1440094265473,"2,684",Not yet rated,NULL,N/A
ESGR,$152.07,1440094265520,"17,486",100% bearish,of 1 rating,$185
ENPH,$4.56,1440094265547,"290,819",75% bullish,of 4 ratings,$11
ETRM,$0.2459,1440094265606,"285,825",69% bearish,of 35 ratings,$1.625
ENTG,$14,1440094265632,"97,408",100% bearish,of 1 rating,$18
ENTL,$22.29,1440094265683,"23,469",Not yet rated,NULL,$28
EBTC,$20.62,1440094265787,"1,735",Not yet rated,NULL,N/A
EFSC,$24.69,1440094265861,"12,842",Not yet rated,NULL,$27
EGT,$2.15,1440094265925,"6,725",100% bullish,of 1 rating,N/A
ENZY,$8.97,1440094265961,"5,576",67% bullish,of 3 ratings,$9.50
ENVI,$1.7701,1440094265997,"5,814",67% bullish,of 3 ratings,N/A
ENZN,$1.1,1440094266024,"228,465",100% bullish,of 9 ratings,N/A
EPIQ,$13.95,1440094266159,"36,441",100% bearish,of 1 rating,$18
EPRS,$4.81,1440094266193,"57,996",82% bullish,of 11 ratings,$15
EPZM,$16.21,1440094266327,"79,425",60% bullish,of 5 ratings,$34
EQIX,$281.61,1440094266364,"124,258",67% bullish,of 3 ratings,$312.50
PLUS,$78.92,1440094266396,"126,512",50% bullish,of 2 ratings,$88
EAC,$3.69,1440094266470,"10,962",100% bearish,of 1 rating,$8
EQFN,$8.3,1440094266495,"2,400",Not yet rated,NULL,N/A
ERIE,$87.18,1440094266720,"6,101",Not yet rated,NULL,$73
ESCR,$0.181,1440094266750,"40,816",50% bullish,of 2 ratings,N/A
ERIC,$9.8741,1440094266789,"634,289",63% bullish,of 8 ratings,$13.30
ESCA,$18.285,1440094266853,"3,929",100% bearish,of 1 rating,$22
ESPR,$52.33,1440094266887,"968,667",67% bearish,of 9 ratings,$123
ESMC,$1.3,1440094266911,101,Not yet rated,NULL,N/A
ESCRP,NULL,1440094266944,0,100% bearish,of 1 rating,N/A
ESSA,$12.8676,1440094266965,"3,854",100% bearish,of 1 rating,N/A
EPIX,NULL,1440094267177,0,Not yet rated,NULL,N/A
ESND,$35.9,1440094267261,"28,524",50% bullish,of 2 ratings,$40
ESSX,$0.48,1440094267394,"18,600",50% bullish,of 2 ratings,N/A
EEFT,$68.04,1440094267420,"82,491",100% bearish,of 1 rating,$67.50
CLWT,NULL,1440094267447,0,100% bearish,of 1 rating,N/A
ETSY,$14.484,1440094267481,"395,798",80% bullish,of 5 ratings,$16
EVEP,$7.746,1440094267576,"158,697",50% bullish,of 2 ratings,$15
EVK,$3.86,1440094267602,"1,312",75% bearish,of 4 ratings,N/A
ESEA,$6.12,1440094267631,"2,047",100% bullish,of 1 rating,$15
EVLV,$2.2,1440094267769,"66,371",60% bullish,of 5 ratings,$6.50
EVOL,$6.168,1440094267800,"8,287",75% bullish,of 4 ratings,$10
EXA,$10.705,1440094267833,"5,522",100% bearish,of 1 rating,$13
EVOK,$4.22,1440094267936,"146,384",100% bearish,of 1 rating,$13.75
EXEL,$5.485,1440094267963,"1,509,408",81% bullish,of 16 ratings,$6
EXAS,$21.84,1440094267998,"278,029",78% bullish,of 9 ratings,$31
EXAC,$18.87,1440094268024,"13,173",100% bearish,of 1 rating,$22.50
EXLS,$37.14,1440094268270,"41,734",100% bullish,of 1 rating,$41
EXPE,$119.055,1440094268303,"308,265",64% bullish,of 11 ratings,$130
EXFO,$2.83,1440094268325,"2,900",67% bearish,of 3 ratings,$3.95
EXPO,$43.03,1440094268415,"16,373",100% bearish,of 1 rating,$45.50
EXPD,$49.55,1440094268468,"881,513",80% bullish,of 5 ratings,$50.50
EXLP,$19.4954,1440094268545,"39,164",100% bearish,of 1 rating,$27
ESRX,$88.6,1440094268571,"1,201,879",67% bearish,of 6 ratings,$101
EXTR,$2.885,1440094268600,"447,972",80% bullish,of 5 ratings,$3
EYEG,$4.25,1440094268632,"13,485",Not yet rated,NULL,N/A
EYEGW,NULL,1440094268732,0,Not yet rated,NULL,N/A
EZPW,$6.079,1440094268831,"71,327",50% bullish,of 4 ratings,$7.50
EZCH,$21.25,1440094268932,"49,738",75% bullish,of 8 ratings,$19.50
FB,$91.36,1440094268960,"17,181,257",73% bullish,of 1065 ratings,$111
FFIV,$128.2,1440094268991,"445,578",63% bullish,of 8 ratings,$132
FRP,$16.99,1440094269091,"24,050",100% bearish,of 1 rating,$18
FCS,$13.45,1440094269220,"427,286",67% bearish,of 3 ratings,$17
FALC,$1.62,1440094269248,"23,153",63% bearish,of 8 ratings,N/A
FFKT,$26.82,1440094269378,"2,078",Not yet rated,NULL,$29
FWM,$2.32,1440094269412,"70,061",100% bearish,of 2 ratings,$3.20
FARM,$22.37,1440094269434,"6,714",100% bearish,of 1 rating,$35
DAVE,$14.11,1440094269473,"12,029",100% bearish,of 1 rating,$15.50
FMNB,$8.1,1440094269500,"3,387",Not yet rated,NULL,N/A
FARO,$38.945,1440094269572,"44,319",50% bullish,of 2 ratings,$48
FAST,$39.69,1440094269633,"576,918",80% bullish,of 5 ratings,$46
FATE,$6.02,1440094269797,"108,528",50% bullish,of 2 ratings,$11
FBSS,$15.451,1440094269858,163,Not yet rated,NULL,N/A
FDML,$9.16,1440094269961,"94,986",50% bullish,of 4 ratings,$14
FNHC,$22.61,1440094270059,"26,326",100% bearish,of 1 rating,$35
FBRC,$22.8,1440094270087,"3,325",100% bearish,of 1 rating,$29
FENX,$9.73,1440094270216,"14,509",100% bullish,of 1 rating,$14.25
FEIC,$79.98,1440094270271,"147,425",50% bullish,of 2 ratings,$95.50
FGEN,$24.45,1440094270320,"86,149",100% bearish,of 1 rating,$39
FHCO,$1.3901,1440094270370,"13,760",50% bullish,of 4 ratings,N/A
ONEQ,$193.2331,1440094270407,"11,530",100% bullish,of 1 rating,N/A
FCSC,$5.79,1440094270438,"72,453",100% bearish,of 1 rating,$8.125
FRGI,$53.46,1440094270469,"58,475",50% bullish,of 2 ratings,$70
FDUS,$14.82,1440094270568,"12,588",100% bullish,of 1 rating,$18
LION,$19.4001,1440094270700,"37,868",100% bullish,of 1 rating,$20
FSAM,$8.8704,1440094270726,"1,232",100% bearish,of 1 rating,$11
FSC,$6.5901,1440094270791,"459,385",75% bullish,of 4 ratings,$8
FSCFL,$24.89,1440094270937,"6,305",Not yet rated,NULL,N/A
FSFR,$9.12,1440094270967,"42,293",100% bearish,of 1 rating,$11.50
FITB,$20.57,1440094271040,"2,158,614",54% bullish,of 13 ratings,$22
FITBI,$27.71,1440094271066,"4,016",Not yet rated,NULL,N/A
FNSR,$15.906,1440094271125,"578,394",71% bullish,of 7 ratings,$24.50
FNGN,$34.495,1440094271199,"153,986",67% bullish,of 3 ratings,$47
FISI,$24.75,1440094271301,"36,417",100% bullish,of 2 ratings,$24.50
FNJN,$1.73,1440094271329,"5,972",100% bearish,of 1 rating,$5
FNTC,$9.82,1440094271363,100,Not yet rated,NULL,N/A
FNTCU,NULL,1440094271463,0,Not yet rated,NULL,N/A
FEYE,$40.68,1440094271489,"2,426,053",87% bullish,of 15 ratings,$55.50
FNTCW,NULL,1440094271519,0,Not yet rated,NULL,N/A
FBNC,$16.95,1440094271738,"13,457",100% bullish,of 1 rating,$20
FNLC,$18.8,1440094271764,"2,710",100% bullish,of 1 rating,N/A
BUSE,$6.35,1440094271795,"33,462",Not yet rated,NULL,$6.875
FRBA,$6.0499,1440094271895,500,Not yet rated,NULL,$8
FBIZ,$43.75,1440094271961,"6,836",100% bearish,of 2 ratings,$52
FCNCA,$242.884,1440094272067,"1,238",Not yet rated,NULL,N/A
FCAP,$27,1440094272089,200,Not yet rated,NULL,N/A
FCLF,NULL,1440094272163,0,Not yet rated,NULL,N/A
FCVA,$4.78,1440094272219,"1,580",Not yet rated,NULL,N/A
FCFS,$38.58,1440094272266,"42,498",100% bearish,of 2 ratings,$48
FCCO,$11.9,1440094272350,836,Not yet rated,NULL,$13.25
FCBC,$17.69,1440094272378,"6,801",Not yet rated,NULL,$18
FCFP,$6.824,1440094272400,"1,500",Not yet rated,NULL,N/A
FBNK,$16.35,1440094272671,"2,580",100% bearish,of 1 rating,$17.50
FFNM,$6.42,1440094272703,100,Not yet rated,NULL,N/A
FFBC,$19.06,1440094272774,"52,254",67% bearish,of 3 ratings,$20.25
FDEF,$37.97,1440094272848,"17,677",Not yet rated,NULL,$38
FFIN,$31.17,1440094272870,"65,410",50% bullish,of 2 ratings,$31.75
FFBCW,NULL,1440094272950,0,100% bearish,of 1 rating,N/A
FFNW,$12.5511,1440094273002,"20,714",Not yet rated,NULL,$14
THFF,$33.34,1440094273029,"3,757",Not yet rated,NULL,$35
FFWM,$21.5,1440094273161,"6,916",Not yet rated,NULL,$24
INBK,$32.4107,1440094273189,"7,064",50% bullish,of 2 ratings,$37
FMBH,NULL,1440094273336,0,Not yet rated,NULL,N/A
FIBK,$27.3,1440094273364,"21,534",Not yet rated,NULL,$32
FRME,$25.5,1440094273441,"72,684",Not yet rated,NULL,$26.50
FNBC,$34.89,1440094273498,"35,806",Not yet rated,NULL,$41.50
FMBI,$18.03,1440094273526,"97,775",Not yet rated,NULL,$20
FNFG,$9.4699,1440094273548,"957,039",80% bullish,of 5 ratings,$9
FSFG,$31.12,1440094273709,100,Not yet rated,NULL,N/A
FNWB,$12.06,1440094273784,"6,470",Not yet rated,NULL,N/A
FSLR,$48.45,1440094273816,"705,173",74% bullish,of 39 ratings,$65
BICK,$19.93,1440094273916,400,100% bullish,of 1 rating,N/A
FSGI,$2.49,1440094273969,"2,957",Not yet rated,NULL,N/A
FSBK,$7.9101,1440094274008,"4,389",100% bullish,of 1 rating,N/A
FBZ,NULL,1440094274036,0,Not yet rated,NULL,N/A
FCAN,$24.74,1440094274245,"1,429",Not yet rated,NULL,N/A
FTCS,$37.909,1440094274274,"26,999",Not yet rated,NULL,N/A
FCA,$20.8905,1440094274372,"3,750",Not yet rated,NULL,N/A
FV,$24.0746,1440094274436,"915,636",Not yet rated,NULL,N/A
FEMB,$42.01,1440094274471,100,Not yet rated,NULL,N/A
IFV,$18.1192,1440094274602,"1,152,285",100% bearish,of 1 rating,N/A
TDIV,$25.29,1440094274633,"105,155",100% bearish,of 1 rating,N/A
FEUZ,$31.41,1440094274654,697,Not yet rated,NULL,N/A
FTSM,$59.93,1440094274732,"7,400",100% bearish,of 1 rating,N/A
MDIV,$19.7101,1440094274826,"105,301",Not yet rated,NULL,N/A
FGM,$35.882,1440094274880,"24,014",Not yet rated,NULL,N/A
FTGC,$22.62,1440094274973,"61,212",Not yet rated,NULL,N/A
FHK,$33.99,1440094275105,"62,615",Not yet rated,NULL,N/A
FTHI,$20.24,1440094275132,"5,292",Not yet rated,NULL,N/A
HYLS,$49.7101,1440094275327,"13,918",100% bearish,of 1 rating,N/A
YDIV,$16.81,1440094275364,"5,437",Not yet rated,NULL,N/A
FPXI,$28.25,1440094275398,"1,025",Not yet rated,NULL,N/A
SKYY,$29.7396,1440094275458,"28,004",100% bullish,of 1 rating,N/A
CU,$13.0141,1440094275489,"6,210",100% bearish,of 1 rating,N/A
PLTM,$6.6987,1440094275516,"4,632",100% bearish,of 1 rating,N/A
FJP,$48.1122,1440094275650,"63,643",Not yet rated,NULL,N/A
FTLB,NULL,1440094275714,0,100% bearish,of 1 rating,N/A
FMB,$51.14,1440094275781,"4,628",Not yet rated,NULL,N/A
LMBS,$50.48,1440094275808,"9,114",Not yet rated,NULL,N/A
QABA,$38.4899,1440094275938,"20,877",100% bearish,of 1 rating,N/A
CIBR,$18.7336,1440094276009,"83,912",Not yet rated,NULL,N/A
FONE,$35.26,1440094276117,"1,849",Not yet rated,NULL,N/A
CARZ,$35.8184,1440094276258,"1,457",100% bearish,of 1 rating,N/A
RDVY,$22.0599,1440094276287,"1,646",Not yet rated,NULL,N/A
GRID,$32.3901,1440094276310,100,100% bearish,of 1 rating,N/A
QCLN,$15.32,1440094276335,"14,561",Not yet rated,NULL,N/A
QQEW,$42.91,1440094276478,"78,933",Not yet rated,NULL,N/A
QQXT,$41.8602,1440094276638,"3,566",Not yet rated,NULL,N/A
QTEC,$40.8245,1440094276697,"49,462",Not yet rated,NULL,N/A
AIRR,$16.521,1440094276744,"3,859",100% bearish,of 1 rating,N/A
FTSL,$48.9662,1440094276828,"27,132",100% bearish,of 1 rating,N/A
FKO,NULL,1440094276857,0,Not yet rated,NULL,N/A
QINC,NULL,1440094276883,0,Not yet rated,NULL,N/A
FSZ,$39.84,1440094277172,"18,353",Not yet rated,NULL,N/A
FTW,NULL,1440094277202,0,Not yet rated,NULL,N/A
FDIV,$48.09,1440094277232,323,100% bearish,of 1 rating,N/A
FKU,$43.02,1440094277305,"15,994",Not yet rated,NULL,N/A
TUSA,NULL,1440094277362,0,Not yet rated,NULL,N/A
FUNC,$8.3194,1440094277420,"2,300",Not yet rated,NULL,N/A
FMER,$18.01,1440094277441,"322,698",50% bullish,of 2 ratings,$20
FSV,$32.06,1440094277493,"2,645",Not yet rated,NULL,$33.60
FIVN,$4.1701,1440094277853,"231,830",100% bullish,of 1 rating,$8.50
FPRX,$18.18,1440094277881,"123,575",50% bullish,of 2 ratings,$35
FISV,$89.09,1440094277908,"327,629",100% bearish,of 3 ratings,$90
FLML,$21.14,1440094277941,"92,924",50% bullish,of 2 ratings,$30
SVVC,$10.59,1440094277972,"10,475",100% bullish,of 1 rating,$26
FIVE,$36.3,1440094278039,"107,801",75% bearish,of 4 ratings,$44
FLKS,$14.26,1440094278067,"40,697",50% bullish,of 2 ratings,$27
FLXN,$24.12,1440094278101,"51,415",100% bearish,of 1 rating,$40
SKOR,$50.5,1440094278327,200,Not yet rated,NULL,N/A
MBSD,$24.932,1440094278356,805,Not yet rated,NULL,N/A
FLEX,$10.82,1440094278408,"1,050,893",63% bullish,of 8 ratings,$12
FLXS,$32.38,1440094278485,"29,931",100% bearish,of 2 ratings,N/A
FFIC,$20.51,1440094278541,"10,200",Not yet rated,NULL,$21
FLDM,$12.74,1440094278589,"248,821",67% bearish,of 3 ratings,$21.50
FLIR,$29.8,1440094278615,"304,855",100% bearish,of 1 rating,$38.50
FOMX,$10.11,1440094278768,"207,039",50% bullish,of 2 ratings,$23.50
FONR,$9.8999,1440094278859,"18,411",100% bullish,of 1 rating,N/A
FOGO,$18.89,1440094278894,"77,868",50% bullish,of 2 ratings,$25.50
FES,$0.9484,1440094278922,300,50% bullish,of 2 ratings,$1
FORTY,NULL,1440094278956,0,Not yet rated,NULL,N/A
FORM,$6.16,1440094278995,"66,444",67% bullish,of 3 ratings,$10.50
FORR,$32.82,1440094279087,"12,970",Not yet rated,NULL,N/A
FTNT,$45.035,1440094279301,"853,226",80% bullish,of 10 ratings,$52
FORD,$1.04,1440094279327,"89,111",50% bullish,of 2 ratings,N/A
FBIO,$2.8028,1440094279361,"71,721",83% bullish,of 6 ratings,N/A
FWRD,$48.13,1440094279463,"160,291",100% bearish,of 1 rating,$50
FWP,$25.41,1440094279489,"7,626",100% bearish,of 1 rating,$45
FMI,$20.03,1440094279536,"74,601",100% bearish,of 2 ratings,$27.50
FOSL,$61.05,1440094279621,"390,172",50% bullish,of 4 ratings,$70
FXCB,$17.27,1440094279652,"1,084",Not yet rated,NULL,$19
FELE,$29.44,1440094279785,"118,247",50% bullish,of 4 ratings,$33
FRAN,$10.29,1440094279817,"222,387",50% bullish,of 4 ratings,$15
FRED,$14.45,1440094279848,"43,927",50% bullish,of 2 ratings,$16.50
FOXF,$15.38,1440094279875,"14,385",100% bearish,of 1 rating,$19
FREE,$0.5,1440094279950,"2,163,190",92% bullish,of 12 ratings,N/A
RAIL,$20.58,1440094280006,"35,938",100% bearish,of 1 rating,$24.50
FEIM,$11.09,1440094280187,"2,300",100% bearish,of 1 rating,N/A
FRPT,$13.27,1440094280214,"143,530",67% bearish,of 3 ratings,$23.50
FTR,$5.27,1440094280354,"8,964,386",78% bullish,of 27 ratings,$6.25
FTRPR,$103.57,1440094280385,"101,848",100% bearish,of 1 rating,N/A
FSBW,$23.44,1440094280406,1,Not yet rated,NULL,N/A
FRPH,$31.02,1440094280428,447,100% bearish,of 1 rating,N/A
FTD,$30.12,1440094280483,"24,936",100% bearish,of 1 rating,$40
FTEK,$2.195,1440094280574,"20,225",75% bullish,of 4 ratings,N/A
FCEL,$0.7788,1440094280623,"522,961",88% bullish,of 40 ratings,$2.65
FSYS,$6.558,1440094280651,"28,651",67% bullish,of 3 ratings,$10
FULLL,$25.38,1440094280811,"2,400",Not yet rated,NULL,N/A
FULL,$3.1801,1440094280875,"7,197",67% bearish,of 3 ratings,$4.25
FULT,$12.64,1440094280902,"288,881",100% bearish,of 1 rating,$13
FLL,$1.56,1440094280943,"56,995",75% bullish,of 4 ratings,$2.825
FFHL,NULL,1440094281173,0,50% bullish,of 4 ratings,N/A
FXEN,$0.9701,1440094281207,"35,650",75% bullish,of 4 ratings,$1.10
FXENP,$16.25,1440094281235,400,100% bearish,of 1 rating,N/A
FSNN,$2.552,1440094281273,"1,600",67% bullish,of 3 ratings,$6
GAIA,$5.9,1440094281300,"9,465",50% bullish,of 2 ratings,$8.50
GK,$71.13,1440094281326,"12,771",Not yet rated,NULL,$78
WILC,$5.1499,1440094281364,"5,470",100% bullish,of 2 ratings,N/A
GLPG,$63.9077,1440094281390,"4,835",100% bullish,of 1 rating,$75
GALT,$1.98,1440094281629,"54,251",80% bullish,of 5 ratings,N/A
GALTU,NULL,1440094281658,0,100% bearish,of 1 rating,N/A
GALTW,NULL,1440094281680,0,100% bullish,of 1 rating,N/A
GALE,$1.36,1440094281734,"638,636",89% bullish,of 47 ratings,$4
GPIC,$10.89,1440094281925,200,100% bearish,of 1 rating,N/A
GLMD,$8.5366,1440094281957,"2,071",67% bullish,of 3 ratings,$20.50
GRMN,$39.47,1440094281984,"263,414",50% bullish,of 6 ratings,$48
GGACR,NULL,1440094282054,0,100% bullish,of 1 rating,N/A
GGACU,NULL,1440094282147,0,Not yet rated,NULL,N/A
GGACW,$0.12,1440094282177,500,Not yet rated,NULL,N/A
GLPI,$32.76,1440094282206,"133,891",100% bearish,of 1 rating,$37.50
GARS,$14.81,1440094282250,"6,454",Not yet rated,NULL,$16
GENC,$9.502,1440094282336,400,100% bearish,of 1 rating,N/A
GGAC,NULL,1440094282393,0,100% bearish,of 1 rating,N/A
GNCMA,$17.05,1440094282467,"36,355",100% bearish,of 1 rating,$12
GFN,$3.8,1440094282600,"17,681",100% bearish,of 2 ratings,$8
GFNSL,$25.697,1440094282696,"1,700",Not yet rated,NULL,N/A
GFNCP,NULL,1440094282722,0,Not yet rated,NULL,N/A
GENE,$2.575,1440094282754,"137,528",100% bullish,of 12 ratings,N/A
GNCA,$12.25,1440094282786,"92,605",100% bearish,of 1 rating,$20
GNMK,$9.11,1440094282853,"46,219",67% bullish,of 6 ratings,$14
GNTX,$15.385,1440094282882,"629,313",Not yet rated,NULL,$20
GHDX,$25.3125,1440094282913,"39,124",50% bullish,of 2 ratings,$30
THRM,$45.115,1440094283016,"104,604",75% bearish,of 4 ratings,$55.50
GNVC,$2.45,1440094283121,"3,810",90% bullish,of 10 ratings,$8.50
GEOS,$15.1889,1440094283222,"73,489",100% bearish,of 3 ratings,$25.50
GTWN,$18.57,1440094283249,1,Not yet rated,NULL,N/A
GABC,$29.77,1440094283275,"7,660",Not yet rated,NULL,$31.50
GERN,$3.06,1440094283323,"428,807",88% bullish,of 16 ratings,$5.25
GEVO,$2.35,1440094283452,"171,480",75% bullish,of 12 ratings,$5
ROCK,$18.18,1440094283510,"19,718",80% bullish,of 5 ratings,$24
GILT,$4.5,1440094283650,"8,806",50% bullish,of 2 ratings,N/A
GIGA,$1.39,1440094283683,"7,431",100% bearish,of 1 rating,N/A
GIGM,$0.6206,1440094283704,"11,892",100% bullish,of 2 ratings,N/A
GILD,$113.5535,1440094283743,"2,961,885",91% bullish,of 86 ratings,$129
GBCI,$26.55,1440094283789,"119,292",50% bullish,of 2 ratings,$31
GIII,$67.95,1440094283848,"45,561",67% bullish,of 3 ratings,$75
GLADO,$25.5,1440094283873,"1,341",Not yet rated,NULL,N/A
GLAD,$8.34,1440094283923,"34,673",50% bullish,of 2 ratings,$8.75
GOODN,$25.6499,1440094284117,400,Not yet rated,NULL,N/A
GOOD,$15.68,1440094284183,"11,981",Not yet rated,NULL,$19
GAINN,$25.442,1440094284324,"55,811",Not yet rated,NULL,N/A
GAIN,$7.69,1440094284375,"98,413",100% bullish,of 2 ratings,$8.25
GOODP,NULL,1440094284425,0,Not yet rated,NULL,N/A
GAINP,$26.065,1440094284509,"1,222",Not yet rated,NULL,N/A
LAND,$9.53,1440094284532,"10,191",50% bullish,of 2 ratings,$13.75
GOODO,NULL,1440094284559,0,Not yet rated,NULL,N/A
GLBZ,NULL,1440094284615,0,Not yet rated,NULL,N/A
GAINO,$25.7499,1440094284641,200,Not yet rated,NULL,N/A
GBT,$44.39,1440094284699,"63,037",100% bearish,of 1 rating,N/A
GDEF,NULL,1440094284730,0,Not yet rated,NULL,N/A
GPACU,NULL,1440094284899,0,Not yet rated,NULL,N/A
ENT,$11.545,1440094284961,"232,413",100% bearish,of 1 rating,$18
GSOL,$8.36,1440094285000,"5,447",100% bearish,of 1 rating,N/A
GBLI,$26.47,1440094285051,"6,300",Not yet rated,NULL,N/A
ACTX,$13.78,1440094285180,"1,051",100% bullish,of 1 rating,N/A
SOCL,$17.81,1440094285313,"37,426",100% bullish,of 2 ratings,N/A
QQQC,$20.1959,1440094285392,"8,373",100% bearish,of 1 rating,N/A
SRET,$13.85,1440094285449,"1,301",Not yet rated,NULL,N/A
YLCO,$12.1099,1440094285475,100,Not yet rated,NULL,N/A
ALTY,NULL,1440094285504,0,Not yet rated,NULL,N/A
GSM,$13.52,1440094285528,"132,929",50% bullish,of 2 ratings,$24.50
GAI,$5.4001,1440094285563,"1,762",50% bullish,of 2 ratings,N/A
GBIM,$2.23,1440094285666,"10,093",50% bullish,of 2 ratings,N/A
GLBS,$1.0701,1440094285694,"2,000",67% bullish,of 3 ratings,N/A
GLRI,$1.163,1440094285766,"2,789",100% bearish,of 1 rating,$6
GLUU,$4.51,1440094285898,"1,731,478",92% bullish,of 26 ratings,$9
GLYC,$7.21,1440094285926,"1,712",50% bullish,of 2 ratings,$14
GLNG,$37.25,1440094286107,"261,817",83% bullish,of 6 ratings,$58
GLDC,NULL,1440094286134,0,50% bullish,of 2 ratings,N/A
GOGO,$15.79,1440094286156,"343,501",80% bullish,of 5 ratings,$25
GMLP,$19.68,1440094286193,"110,323",50% bullish,of 4 ratings,$32.50
GDEN,$8.82,1440094286294,"6,195",50% bullish,of 2 ratings,N/A
GOGL,$3.18,1440094286325,"160,989",75% bullish,of 4 ratings,$5
GBDC,$16.6,1440094286354,"30,828",Not yet rated,NULL,$17.75
GTIM,$6.19,1440094286423,"50,025",Not yet rated,NULL,$11.50
GPRO,$51.1801,1440094286487,"4,154,946",78% bullish,of 58 ratings,$72
GOOG,$648.13,1440094286514,"757,446",89% bullish,of 65 ratings,$825
GOOGL,$681.4,1440094286543,"727,652",88% bullish,of 1079 ratings,$749
GMAN,$4.53,1440094286692,"28,196",60% bullish,of 5 ratings,$8
GPIA,NULL,1440094286820,0,Not yet rated,NULL,N/A
GPIAU,NULL,1440094286847,0,Not yet rated,NULL,N/A
GPIAW,NULL,1440094286880,0,Not yet rated,NULL,N/A
LOPE,$36.8745,1440094286915,"105,279",100% bearish,of 2 ratings,$50
GRVY,$3.67,1440094286980,519,50% bullish,of 2 ratings,N/A
GBSN,$2.08,1440094287007,"65,903",100% bearish,of 1 rating,$8.25
GBSNU,$17.25,1440094287087,"3,050",Not yet rated,NULL,N/A
GNBC,$12.57,1440094287213,"4,399",100% bearish,of 1 rating,$17
GLDD,$5.475,1440094287245,"77,746",100% bearish,of 4 ratings,$7.75
GSBC,$40.63,1440094287351,"11,274",100% bullish,of 1 rating,$44
GRBK,$13.49,1440094287381,"88,644",77% bullish,of 13 ratings,N/A
GPRE,$20.04,1440094287409,"283,050",67% bullish,of 6 ratings,$28.50
GPP,$14.9,1440094287430,"24,693",Not yet rated,NULL,$20.50
GCBC,NULL,1440094287561,0,100% bullish,of 1 rating,N/A
GLRE,$25.97,1440094287650,"92,113",100% bullish,of 1 rating,$41
GRFS,$31.08,1440094287758,"43,550",50% bullish,of 2 ratings,$35
GRIF,NULL,1440094287786,0,100% bearish,of 1 rating,N/A
OMAB,$40.55,1440094287826,"15,912",100% bullish,of 1 rating,$44
GRPN,$4.07,1440094287855,"3,730,444",61% bullish,of 71 ratings,$6.75
GSIT,$4.81,1440094288103,"6,632",100% bearish,of 1 rating,N/A
GSIG,$13.27,1440094288130,"8,160",100% bearish,of 2 ratings,N/A
GGAL,$19.05,1440094288152,"131,599",80% bullish,of 5 ratings,$40
GSVC,$9.3,1440094288191,"29,542",50% bullish,of 2 ratings,$14.50
GBNK,$15.8,1440094288218,"13,087",100% bearish,of 1 rating,$18
GTXI,$0.92,1440094288295,"44,345",100% bullish,of 5 ratings,$.75
GFED,$14.8443,1440094288393,"1,000",Not yet rated,NULL,$17
GIFI,$12.41,1440094288527,"27,080",100% bearish,of 1 rating,$16
GUID,$7.75,1440094288566,"59,833",100% bearish,of 3 ratings,$10
GULTU,$0.305,1440094288596,"3,293,149",100% bearish,of 1 rating,N/A
GPOR,$33.82,1440094288698,"396,308",75% bullish,of 4 ratings,$55
GURE,$1.74,1440094288742,"39,758",88% bullish,of 8 ratings,N/A
GWPH,$101.945,1440094288877,"193,800",78% bullish,of 9 ratings,$148.50
GYRO,$3.01,1440094288933,"7,326",100% bearish,of 1 rating,N/A
HEES,$16.36,1440094288959,"145,821",67% bearish,of 3 ratings,$31
GWGH,$7.55,1440094288991,200,100% bearish,of 1 rating,$15.05
HNRG,$7.17,1440094289034,"110,138",100% bearish,of 1 rating,$10
HALL,$11.5779,1440094289217,"3,758",Not yet rated,NULL,N/A
HLG,$9.3,1440094289249,"2,100",100% bearish,of 1 rating,N/A
HALO,$17.99,1440094289276,"467,527",67% bullish,of 3 ratings,$22.50
HBK,$13.72,1440094289353,550,50% bullish,of 2 ratings,N/A
HMPR,$1.96,1440094289538,"183,205",100% bullish,of 1 rating,N/A
HBHC,$27.5208,1440094289618,"114,972",50% bullish,of 2 ratings,$30
HBHCL,$24.59,1440094289645,"14,182",Not yet rated,NULL,N/A
HAFC,$24.86,1440094289677,"27,016",100% bullish,of 2 ratings,$28.50
HQCL,$9.73,1440094289777,"7,515",67% bullish,of 3 ratings,N/A
HNH,$28.66,1440094289810,"7,969",100% bullish,of 1 rating,N/A
HNSN,$0.5094,1440094289840,"25,163",88% bullish,of 8 ratings,$.40
HDNG,$10.26,1440094289869,"1,066",50% bullish,of 4 ratings,N/A
HLIT,$5.675,1440094289944,"81,509",100% bearish,of 1 rating,$6.50
HRMNU,NULL,1440094290169,0,Not yet rated,NULL,N/A
HRMN,NULL,1440094290203,0,Not yet rated,NULL,N/A
HRMNW,NULL,1440094290225,0,Not yet rated,NULL,N/A
TINY,$2.44,1440094290271,"17,776",50% bullish,of 2 ratings,$5.26
HBIO,$4.33,1440094290299,"15,208",Not yet rated,NULL,$10
HART,$0.6617,1440094290374,"88,933",100% bearish,of 1 rating,N/A
HCAP,$12.114,1440094290599,"4,439",50% bullish,of 2 ratings,$15
HAS,$78.33,1440094290627,"263,965",63% bullish,of 8 ratings,$84.50
HCOM,$22.55,1440094290666,954,100% bearish,of 1 rating,$28
HCAPL,$25.51,1440094290698,"1,087",Not yet rated,NULL,N/A
HWKN,$36.72,1440094290753,"6,733",Not yet rated,NULL,N/A
HA,$24.69,1440094290783,"243,482",67% bullish,of 9 ratings,$27
HWBK,$13.49,1440094290805,328,100% bearish,of 1 rating,N/A
HAYN,$39.05,1440094290835,"28,719",100% bearish,of 1 rating,$59
HIIQ,$4.59,1440094291089,"20,150",50% bullish,of 2 ratings,$7
HDS,$33.67,1440094291120,"473,701",100% bearish,of 2 ratings,$39.50
HQY,$31.15,1440094291191,"106,574",67% bullish,of 3 ratings,$31
HCSG,$34.0753,1440094291217,"51,329",50% bullish,of 4 ratings,$35
HWAY,$12.4,1440094291382,"110,992",100% bearish,of 1 rating,$15
HTLD,$20.605,1440094291410,"174,174",Not yet rated,NULL,$22.50
HSTM,$25,1440094291438,"53,068",50% bullish,of 2 ratings,$33.75
HTWR,$85.76,1440094291580,"51,097",50% bullish,of 2 ratings,$103
HTBX,$5.4324,1440094291608,"16,420",50% bullish,of 2 ratings,$15.50
HMNY,$2.29,1440094291644,"1,100",100% bearish,of 1 rating,N/A
HTLF,$36.54,1440094291667,"18,877",100% bullish,of 1 rating,$39.50
HSII,$20.22,1440094291697,"35,305",100% bullish,of 3 ratings,$25
HELE,$89.19,1440094291742,"79,802",67% bearish,of 3 ratings,$100
HNNA,$23,1440094291922,"5,148",Not yet rated,NULL,N/A
HMTV,$12.97,1440094291979,806,100% bearish,of 1 rating,$16
HCACU,$10.02,1440094292079,200,Not yet rated,NULL,N/A
HSIC,$143.795,1440094292243,"107,885",83% bullish,of 6 ratings,$146
HERO,$0.0686,1440094292274,"665,000",81% bullish,of 16 ratings,$.75
HFWA,$17.98,1440094292301,"7,510",100% bullish,of 1 rating,$20
HTBK,$10.8,1440094292327,"24,999",Not yet rated,NULL,$12
HEOP,$7.82,1440094292357,"4,652",Not yet rated,NULL,$8.50
MLHR,$28.75,1440094292383,"71,693",50% bullish,of 2 ratings,$33.50
HCCI,$11.88,1440094292537,"3,854",100% bearish,of 1 rating,$16.50
HIBB,$39.54,1440094292609,"117,462",100% bearish,of 1 rating,$48.50
HRTX,$32.97,1440094292640,"230,220",67% bullish,of 6 ratings,$41
HSKA,$33.85,1440094292668,"16,688",100% bearish,of 1 rating,$38
HFFC,$16.2,1440094292694,"2,402",Not yet rated,NULL,N/A
HPJ,$2.6489,1440094292743,"13,550",75% bullish,of 4 ratings,$12.43
HIHO,$4.22,1440094292871,"5,120",Not yet rated,NULL,N/A
HSGX,$6.29,1440094293062,"2,400",100% bearish,of 1 rating,$17
HMNF,$11.2,1440094293096,100,Not yet rated,NULL,N/A
HIFS,$118.35,1440094293127,461,Not yet rated,NULL,N/A
HIMX,$6.58,1440094293159,"1,187,289",86% bullish,of 21 ratings,$8.50
HOLX,$41.37,1440094293195,"449,549",67% bullish,of 3 ratings,$42
HMSY,$9.2,1440094293224,"415,008",67% bullish,of 3 ratings,$19.35
HOLI,$17.41,1440094293254,"170,959",50% bullish,of 4 ratings,$27
HBCP,$24.29,1440094293361,"1,645",Not yet rated,NULL,$29
HOMB,$39.83,1440094293496,"35,172",Not yet rated,NULL,$41
HFBL,$21.8,1440094293567,"6,661",Not yet rated,NULL,N/A
HMIN,$29.4395,1440094293594,"65,995",100% bearish,of 2 ratings,$35
AWAY,$30.387,1440094293620,"279,386",67% bullish,of 3 ratings,$36
HMST,$21.275,1440094293761,"42,921",100% bullish,of 2 ratings,$27
HKTV,$4.9101,1440094293852,"15,500",100% bearish,of 1 rating,N/A
HTBI,$18.54,1440094293900,"19,641",67% bullish,of 3 ratings,$18.625
HFBC,$11.5,1440094293945,"3,400",Not yet rated,NULL,N/A
CETC,$0.8272,1440094294031,"63,425",86% bullish,of 7 ratings,N/A
HOFT,$24.74,1440094294062,"13,058",100% bearish,of 1 rating,N/A
HBNC,$24.58,1440094294091,"18,733",100% bullish,of 1 rating,$27
HZNP,$30.015,1440094294194,"734,010",85% bullish,of 20 ratings,$40
ZINC,$7.5,1440094294236,"268,083",100% bearish,of 1 rating,$17
HRZN,$10.812,1440094294264,"29,676",100% bearish,of 1 rating,$14.25
HMHC,$22.29,1440094294412,"171,728",Not yet rated,NULL,$27
HDP,$25.65,1440094294442,"165,939",67% bearish,of 3 ratings,$30.50
HWCC,$7.27,1440094294548,"32,421",100% bearish,of 1 rating,$9
HOVNP,NULL,1440094294583,0,100% bearish,of 1 rating,N/A
HBMD,NULL,1440094294633,0,100% bearish,of 1 rating,N/A
HTGM,$5.87,1440094294678,"8,884",100% bearish,of 1 rating,$19.50
HSNI,$62.11,1440094294777,"82,895",Not yet rated,NULL,$80
HUBG,$39.97,1440094294805,"81,453",100% bearish,of 1 rating,$43
HCBK,$9.92,1440094294836,"621,244",83% bullish,of 6 ratings,$8.61
HSON,$2.89,1440094294970,"6,561",100% bearish,of 1 rating,$5
HBANP,$1358,1440094295102,79,100% bearish,of 1 rating,N/A
HDSN,$2.93,1440094295132,"41,324",100% bullish,of 1 rating,$6.25
HBAN,$11.415,1440094295175,"2,439,504",76% bullish,of 17 ratings,$12.50
HURC,$30.12,1440094295235,"8,796",100% bearish,of 1 rating,N/A
HTCH,$1.64,1440094295319,"32,030",100% bearish,of 1 rating,$3.50
HURN,$74.2,1440094295409,"34,369",50% bullish,of 2 ratings,$80
HDRAW,NULL,1440094295481,0,Not yet rated,NULL,N/A
HBP,$3.2,1440094295514,"2,800",100% bullish,of 1 rating,N/A
HDRA,$9.69,1440094295538,100,Not yet rated,NULL,N/A
HDRAR,$0.3701,1440094295570,"1,700",Not yet rated,NULL,N/A
HDRAU,$10.1,1440094295596,"5,825",Not yet rated,NULL,N/A
IDSY,$3.84,1440094295699,"13,038",100% bearish,of 1 rating,$7
HYGS,$7.4,1440094295762,"15,182",50% bullish,of 2 ratings,$13
IKGH,$1.71,1440094295788,"4,800",75% bullish,of 4 ratings,N/A
IACI,$71.71,1440094295951,"397,605",75% bullish,of 4 ratings,$90
ICON,$12.8368,1440094296152,"188,263",50% bullish,of 2 ratings,$18.50
ICFI,$36.26,1440094296190,"43,512",50% bullish,of 2 ratings,$48.50
IEP,$68.912,1440094296212,"82,429",75% bullish,of 4 ratings,$99
ICAD,$3.5,1440094296234,"18,335",50% bullish,of 2 ratings,$7.25
IBKC,$61.73,1440094296276,"49,946",100% bullish,of 1 rating,$70
ICUI,$119.17,1440094296303,"34,771",Not yet rated,NULL,$122
ICLR,$79.42,1440094296325,"141,311",100% bearish,of 3 ratings,$85
IPWR,$7.5,1440094296362,"5,540",100% bullish,of 1 rating,$15
INVE,$4.66,1440094296537,"47,176",75% bullish,of 4 ratings,$4
DSKY,$12.02,1440094296596,"316,020",67% bullish,of 6 ratings,$11.50
IDRA,$2.5,1440094296629,"912,228",89% bullish,of 9 ratings,$6.50
IROQ,NULL,1440094296672,0,100% bullish,of 1 rating,N/A
IDXX,$76.7575,1440094296697,"180,182",100% bearish,of 1 rating,$77
IRG,$4.775,1440094296849,"11,364",100% bearish,of 1 rating,$4.50
RXDX,$12.42,1440094296881,"86,156",100% bullish,of 1 rating,$20
IIVI,$17.8799,1440094296912,"83,503",100% bearish,of 1 rating,$22
KANG,$15.53,1440094296981,"277,349",50% bullish,of 2 ratings,$22.55
ILMN,$201.82,1440094297011,"319,899",80% bullish,of 5 ratings,$240
IKAN,$2.73,1440094297143,"28,500",83% bullish,of 6 ratings,$5
ISNS,$4.06,1440094297190,"19,051",50% bullish,of 2 ratings,N/A
IKNX,NULL,1440094297221,0,100% bearish,of 1 rating,N/A
IMDZ,$15.78,1440094297369,"34,972",100% bearish,of 1 rating,$33
IMMR,$11.33,1440094297420,"127,003",80% bullish,of 5 ratings,$15.50
ICCC,$8.36,1440094297448,"10,359",100% bullish,of 1 rating,N/A
IPXL,$44.79,1440094297581,"253,973",67% bullish,of 3 ratings,$46.50
IMNP,$1.45,1440094297649,"67,264",50% bullish,of 2 ratings,$6
IMMY,$7.46,1440094297718,"13,388",100% bearish,of 1 rating,$11
IMGN,$12.68,1440094297745,"332,936",75% bullish,of 4 ratings,$17.50
IMMU,$1.76,1440094297778,"258,758",86% bullish,of 7 ratings,$2
SAAS,$7.63,1440094297804,"177,908",50% bullish,of 2 ratings,$15
INCR,$43.52,1440094297875,"162,689",50% bullish,of 2 ratings,$53
INCY,$109.8,1440094298054,"451,872",50% bullish,of 6 ratings,$125.50
INDB,$47.58,1440094298106,"30,395",Not yet rated,NULL,$44
INFN,$22.3,1440094298211,"1,512,254",71% bullish,of 7 ratings,$28
IBTX,$43.47,1440094298236,"18,234",100% bullish,of 2 ratings,$47.25
IBCP,$14.35,1440094298264,"12,192",100% bullish,of 1 rating,$14.50
IDSA,$3.73,1440094298291,"5,227",Not yet rated,NULL,N/A
INFI,$9.035,1440094298428,"250,024",50% bullish,of 4 ratings,$18
IPCC,$81.03,1440094298455,"10,604",Not yet rated,NULL,$77.50
III,$4.255,1440094298482,"21,938",57% bullish,of 7 ratings,$6
IFON,$1.22,1440094298617,"138,327",75% bullish,of 4 ratings,N/A
INWK,$7.45,1440094298648,"42,180",50% bullish,of 2 ratings,$10
INNL,$12.63,1440094298674,588,100% bearish,of 1 rating,$16.50
IMKTA,$53.99,1440094298809,"38,401",100% bearish,of 1 rating,N/A
IPHS,$48.98,1440094298886,"20,428",100% bearish,of 1 rating,$60
IOSP,$46.38,1440094298954,"38,967",100% bearish,of 1 rating,N/A
INOV,$21.06,1440094299090,"120,663",100% bearish,of 1 rating,$33
ISSC,$2.93,1440094299118,"8,862",67% bearish,of 3 ratings,N/A
INGN,$49.81,1440094299145,"65,301",100% bearish,of 1 rating,$50.50
INOD,$2.518,1440094299194,"29,817",100% bearish,of 1 rating,N/A
INO,$7.245,1440094299278,"598,359",89% bullish,of 18 ratings,$20
NSIT,$26.32,1440094299408,"39,377",50% bullish,of 2 ratings,N/A
ITEK,$14.64,1440094299440,"293,209",100% bearish,of 3 ratings,$20
IIIN,$17.85,1440094299545,"30,921",100% bearish,of 2 ratings,N/A
INSM,$26.0716,1440094299626,"74,318",71% bullish,of 7 ratings,$31.50
PODD,$29.3,1440094299704,"217,138",50% bullish,of 2 ratings,$35
ISIG,$2.6,1440094299783,"14,350",100% bearish,of 1 rating,N/A
NTEC,$6.03,1440094299847,"12,278",Not yet rated,NULL,N/A
INSY,$32.65,1440094299923,"304,972",75% bullish,of 4 ratings,$48
IART,$60.595,1440094299979,"91,581",100% bearish,of 1 rating,$71.50
IESC,$7.2,1440094300007,"2,100",100% bearish,of 1 rating,N/A
IDTI,$17.7659,1440094300035,"1,150,020",60% bullish,of 5 ratings,$25
ISSI,$22.33,1440094300062,"231,867",67% bullish,of 3 ratings,$19.75
IQNT,$19.49,1440094300197,"316,585",86% bullish,of 7 ratings,$20
INTC,$27.74,1440094300227,"10,268,917",82% bullish,of 238 ratings,$36
IPCI,$2.17,1440094300334,"22,371",67% bullish,of 6 ratings,$7.75
IPAR,$28.16,1440094300439,"16,859",67% bullish,of 3 ratings,$38
ININ,$40,1440094300473,"47,109",67% bearish,of 3 ratings,$57
IBKR,$40.59,1440094300499,"270,431",100% bullish,of 1 rating,N/A
ICPT,$197.92,1440094300525,"117,948",70% bullish,of 10 ratings,$359.50
ICLD,$1.8,1440094300680,"192,816",75% bullish,of 4 ratings,N/A
ICLDW,NULL,1440094300711,0,100% bearish,of 1 rating,N/A
IDCC,$48.72,1440094300767,"72,576",80% bullish,of 5 ratings,$63
TILE,$25.02,1440094300842,"205,655",67% bearish,of 3 ratings,$27
IMI,$2,1440094300931,"1,600",67% bullish,of 3 ratings,$2.22
IBOC,$26.4,1440094300972,"62,110",100% bearish,of 1 rating,N/A
INAP,$8.7099,1440094301066,"61,691",75% bullish,of 4 ratings,$11
ISCA,$32.033,1440094301117,"15,453",100% bearish,of 1 rating,N/A
IGLD,$7.25,1440094301198,712,50% bullish,of 2 ratings,N/A
PTNT,$3,1440094301283,810,Not yet rated,NULL,N/A
IIJI,$9.23,1440094301426,400,50% bullish,of 2 ratings,$11.50
XENT,$27.81,1440094301452,"79,203",50% bullish,of 2 ratings,$36.50
INPH,$0.3248,1440094301509,"12,518",50% bullish,of 2 ratings,N/A
IILG,$21.02,1440094301583,"32,142",100% bearish,of 1 rating,$30.50
INTX,$2.52,1440094301615,"5,218",67% bullish,of 3 ratings,N/A
INTLL,$25.92,1440094301642,400,Not yet rated,NULL,N/A
ISIL,$10.45,1440094301669,"247,669",50% bullish,of 6 ratings,$15
IVAC,$4.95,1440094301693,"9,728",Not yet rated,NULL,$6.625
INTL,$27.07,1440094301833,"29,520",67% bearish,of 3 ratings,N/A
ITCI,$28.8499,1440094301991,"223,612",75% bearish,of 4 ratings,$40
INTU,$103.9,1440094302064,"327,764",100% bullish,of 7 ratings,$110.50
INVT,$0.282,1440094302122,"29,541",67% bullish,of 3 ratings,N/A
IIN,$6.42,1440094302162,510,100% bearish,of 1 rating,$12
ISRG,$519.26,1440094302188,"48,939",67% bullish,of 3 ratings,$600
SNAK,$8.65,1440094302372,"41,158",50% bullish,of 2 ratings,$14
ISTR,$15.6,1440094302402,416,100% bearish,of 1 rating,$18.50
ITIC,NULL,1440094302428,0,100% bearish,of 2 ratings,N/A
ISBC,$12.04,1440094302505,"1,056,039",100% bullish,of 1 rating,$13.25
NVIV,$10.89,1440094302578,"146,233",50% bullish,of 4 ratings,$24.50
DFVL,NULL,1440094302652,0,Not yet rated,NULL,N/A
IPAS,$1.0621,1440094302721,"12,468",67% bullish,of 3 ratings,N/A
IVTY,$11.94,1440094302755,"15,910",Not yet rated,NULL,$18
DTUL,NULL,1440094302776,0,Not yet rated,NULL,N/A
IPCM,$79.17,1440094302855,"130,587",50% bullish,of 2 ratings,$80.125
IRMD,$25.273,1440094303093,"16,653",67% bearish,of 3 ratings,$25
IRIX,$7.18,1440094303119,"13,000",100% bearish,of 1 rating,N/A
IRDMB,$267.5,1440094303253,120,67% bearish,of 3 ratings,N/A
IRDM,$6.7,1440094303281,"184,244",60% bullish,of 5 ratings,$11.50
IRWD,$11.145,1440094303302,"568,485",100% bearish,of 1 rating,$13
IRBT,$30.11,1440094303334,"98,319",67% bullish,of 6 ratings,$37
IPGP,$87.65,1440094303362,"79,867",100% bearish,of 2 ratings,$109.50
COMT,$33.08,1440094303466,"4,200",100% bearish,of 1 rating,N/A
IRCP,$33.5,1440094303496,957,100% bullish,of 2 ratings,N/A
FCHI,$47.9,1440094303601,470,Not yet rated,NULL,N/A
IFAS,$28.62,1440094303670,"1,100",Not yet rated,NULL,N/A
GNMA,$50.31,1440094303703,"2,346",Not yet rated,NULL,N/A
IFEU,$39.3801,1440094303802,"3,815",Not yet rated,NULL,N/A
IFGL,$29.6129,1440094303827,"14,641",Not yet rated,NULL,N/A
IFNA,$56.1,1440094303973,"4,750",Not yet rated,NULL,N/A
ACWI,$57.53,1440094304049,"459,253",Not yet rated,NULL,N/A
ACWX,$41.66,1440094304074,"374,813",100% bearish,of 1 rating,N/A
AXJS,NULL,1440094304264,0,Not yet rated,NULL,N/A
EEMA,$50.88,1440094304290,"10,104",Not yet rated,NULL,N/A
AAXJ,$53.95,1440094304311,"990,188",Not yet rated,NULL,N/A
EMDI,$44.2402,1440094304451,860,Not yet rated,NULL,N/A
EEME,$38.47,1440094304480,571,100% bearish,of 1 rating,N/A
EGRW,$47.6799,1440094304534,"5,262",Not yet rated,NULL,N/A
EMEY,$24.3966,1440094304554,500,Not yet rated,NULL,N/A
AAIT,$30.2135,1440094304586,306,100% bullish,of 1 rating,N/A
EEML,$28.36,1440094304737,"1,220",Not yet rated,NULL,N/A
EVAL,$36.3,1440094304867,"3,982",Not yet rated,NULL,N/A
EUFN,$22.4945,1440094304892,"87,055",100% bearish,of 1 rating,N/A
IEUS,$46.2759,1440094304929,"2,277",100% bearish,of 1 rating,N/A
QAT,NULL,1440094304960,0,Not yet rated,NULL,N/A
UAE,$18.16,1440094304981,"5,850",Not yet rated,NULL,N/A
IBB,$356.45,1440094305111,"557,430",63% bullish,of 8 ratings,N/A
EMIF,$29.2696,1440094305278,"3,694",Not yet rated,NULL,N/A
WOOD,$50.2447,1440094305305,"6,711",50% bullish,of 2 ratings,N/A
SOXX,$81.56,1440094305341,"393,007",50% bullish,of 2 ratings,N/A
IGOV,$91.0765,1440094305434,"8,041",100% bearish,of 1 rating,N/A
ISHG,$79.33,1440094305466,"1,873",100% bearish,of 1 rating,N/A
ICLN,$9.7235,1440094305495,"11,047",50% bullish,of 2 ratings,N/A
ISLE,$17.5702,1440094305517,"105,001",50% bullish,of 4 ratings,$16
INDY,$29.07,1440094305564,"218,315",100% bullish,of 1 rating,N/A
ISIS,$48.3,1440094305650,"464,180",53% bullish,of 15 ratings,$67
ISRL,$136.99,1440094305806,121,100% bearish,of 1 rating,N/A
ITRN,$24.81,1440094305894,"1,763",50% bullish,of 2 ratings,N/A
ITRI,$32.49,1440094305920,"97,404",Not yet rated,NULL,$37
XXIA,$15.62,1440094305948,"130,865",71% bullish,of 7 ratings,$14.625
ITUS,$4.35,1440094305997,"3,900",Not yet rated,NULL,N/A
IXYS,$10.76,1440094306127,"108,930",50% bullish,of 4 ratings,N/A
MAYS,$59,1440094306212,100,Not yet rated,NULL,N/A
JJSF,$117.64,1440094306239,"11,028",100% bearish,of 1 rating,N/A
JCOM,$71.701,1440094306297,"43,792",100% bullish,of 2 ratings,$77
JBHT,$78.906,1440094306430,"322,609",50% bullish,of 4 ratings,$89.50
JKHY,$70.75,1440094306457,"73,183",50% bullish,of 2 ratings,$72
JASO,$7.727,1440094306478,"459,001",82% bullish,of 17 ratings,$10
JXSB,NULL,1440094306516,0,Not yet rated,NULL,N/A
JACK,$84.75,1440094306609,"178,735",83% bullish,of 6 ratings,$105
JAGX,$2.95,1440094306739,300,Not yet rated,NULL,N/A
JAXB,$13.22,1440094306765,15,100% bullish,of 1 rating,N/A
JMBA,$13.41,1440094306898,"44,528",75% bullish,of 4 ratings,$18
JRVR,$26.705,1440094306931,"10,611",Not yet rated,NULL,$32
JAKK,$9.6701,1440094306958,"378,223",60% bearish,of 5 ratings,$10.50
ERW,NULL,1440094307025,0,Not yet rated,NULL,N/A
JAZZ,$183.61,1440094307225,"138,992",80% bullish,of 15 ratings,$206.50
JASN,$5,1440094307260,"30,952",50% bullish,of 2 ratings,$9.50
JASNW,$0.25,1440094307293,"5,000",50% bullish,of 2 ratings,N/A
JTPY,$3,1440094307323,"2,116",100% bearish,of 1 rating,N/A
JD,$25.325,1440094307362,"3,623,815",75% bullish,of 16 ratings,$36
JBLU,$23.11,1440094307390,"2,534,174",94% bullish,of 16 ratings,$27
JCTCF,NULL,1440094307421,0,100% bullish,of 1 rating,N/A
JST,$4.11,1440094307641,"29,168",75% bullish,of 4 ratings,N/A
DATE,$6.5,1440094307673,"112,422",75% bullish,of 4 ratings,$9
JIVE,$4.09,1440094307774,"332,513",75% bullish,of 4 ratings,$5
JOEZ,$0.18,1440094307857,"116,815",92% bullish,of 12 ratings,N/A
JBSS,$48.54,1440094307903,"12,983",67% bearish,of 3 ratings,N/A
JNP,$9.84,1440094307931,"9,385",100% bullish,of 3 ratings,$15
WYIGU,$10.0524,1440094307958,400,Not yet rated,NULL,N/A
JOUT,$24.2375,1440094307988,"2,705",100% bearish,of 1 rating,$34
JUNO,$38.97,1440094308091,"622,938",73% bullish,of 11 ratings,$71.50
KBIO,$1.91,1440094308196,"36,237",50% bullish,of 4 ratings,N/A
KTWO,$21.46,1440094308223,"103,262",100% bearish,of 1 rating,$28.50
KMDA,$3.709,1440094308259,"7,815",50% bullish,of 2 ratings,$8
KALU,$83.2,1440094308290,"50,913",67% bearish,of 3 ratings,$91
KNDI,$7.27,1440094308355,"245,357",86% bullish,of 22 ratings,N/A
KCLI,$47.6,1440094308386,"4,464",Not yet rated,NULL,N/A
KPTI,$13.2865,1440094308440,"188,086",67% bearish,of 3 ratings,$39
KCAP,$4.77,1440094308677,"54,423",75% bullish,of 4 ratings,$6
KBSF,$3.9,1440094308704,"1,750",100% bullish,of 1 rating,N/A
