Symbol,Price,Date,Volume,Rating,RatingVoteCount,OneYearEstimate
TFSCU,NULL,1440166802758,0,Not yet rated,NULL,N/A
TFSC,NULL,1440166802788,0,100% bearish,of 1 rating,N/A
TFSCR,NULL,1440166802814,0,Not yet rated,NULL,N/A
FCTY,NULL,1440166802846,0,100% bullish,of 1 rating,$8.50
FCCY,NULL,1440166802872,0,100% bullish,of 1 rating,$13
FLWS,$9.62,1440166802900,"49,367",100% bullish,of 5 ratings,$15
PIH,NULL,1440166802947,0,100% bearish,of 1 rating,N/A
VNET,$19.83,1440166803037,"74,193",60% bullish,of 5 ratings,$29.50
TWOU,$34,1440166803171,"114,308",50% bullish,of 2 ratings,$39
SRCE,$29.73,1440166803275,"22,502",100% bullish,of 3 ratings,$33
TFSCW,NULL,1440166803312,0,100% bearish,of 1 rating,N/A
DSLV,$62.79,1440166803337,"1,148",100% bearish,of 1 rating,N/A
UGLD,$9.683,1440166803362,"100,342",100% bearish,of 1 rating,N/A
DGLD,$78.19,1440166803394,"5,824",100% bullish,of 1 rating,N/A
JOBS,$25.94,1440166803530,"40,583",50% bullish,of 4 ratings,$36
USLV,$14.17,1440166803662,"81,679",86% bullish,of 7 ratings,N/A
CAFD,$15.68,1440166803870,"134,590",Not yet rated,NULL,$25
ABAX,$47.2,1440166803905,"34,643",100% bearish,of 1 rating,$60
EGHT,$8.23,1440166803973,"130,136",82% bullish,of 17 ratings,$11
AVHI,$13.95,1440166803999,"17,226",100% bearish,of 1 rating,$19
ABY,$19.78,1440166804024,"234,565",100% bearish,of 2 ratings,$46
SHLM,$34.62,1440166804164,"26,688",100% bearish,of 1 rating,$50
AAON,$22.11,1440166804212,"52,575",100% bearish,of 1 rating,$24
ABGB,$4.15,1440166804348,"8,357",67% bullish,of 3 ratings,$5.50
ABEO,$4.96,1440166804413,"47,931",67% bullish,of 3 ratings,$15.50
AXAS,$1.6249,1440166804515,"179,460",78% bullish,of 9 ratings,$3.50
ABEOW,$1.6901,1440166804544,947,100% bullish,of 1 rating,N/A
SIXD,$1.4952,1440166804574,"96,207",Not yet rated,NULL,N/A
ACTG,$8.72,1440166804673,"85,715",67% bullish,of 3 ratings,$18.50
ABMD,$97.26,1440166804733,"330,978",75% bullish,of 4 ratings,$100.50
ACAD,$35.5,1440166804958,"332,327",80% bullish,of 20 ratings,$48
ACHC,$74.3601,1440166805053,"133,663",50% bullish,of 2 ratings,$92
AXDX,$18.62,1440166805115,"46,076",100% bearish,of 1 rating,N/A
ANCX,$18.87,1440166805150,"10,939",Not yet rated,NULL,$19
ACST,$0.3601,1440166805172,"3,000",100% bullish,of 2 ratings,N/A
XLRN,$28.215,1440166805206,"37,371",50% bullish,of 2 ratings,$57
ARAY,$6.42,1440166805242,"1,135,768",100% bearish,of 1 rating,$10.50
VXDN,$12.94,1440166805308,"6,000",Not yet rated,NULL,N/A
ACET,$24.54,1440166805488,"45,956",75% bullish,of 4 ratings,$30
ACRX,$4.1,1440166805619,"84,612",67% bearish,of 6 ratings,$5.50
ACHN,$8,1440166805645,"409,505",90% bullish,of 21 ratings,$16
AKAO,$6.95,1440166805678,"21,690",75% bullish,of 4 ratings,$15
VXUP,$18.69,1440166805700,"16,132",Not yet rated,NULL,N/A
ACIW,$22.225,1440166805780,"167,634",50% bullish,of 2 ratings,$24
ACOR,$29.89,1440166805925,"115,689",67% bearish,of 3 ratings,$38.50
ACNB,$20.17,1440166805955,500,Not yet rated,NULL,N/A
ACTS,$1.35,1440166806063,"1,755",100% bearish,of 1 rating,N/A
ACUR,$0.6121,1440166806094,"2,200",100% bullish,of 5 ratings,$1
ACPW,$1.8252,1440166806121,"26,069",100% bullish,of 4 ratings,$3.50
ATVI,$27.595,1440166806143,"1,159,282",68% bullish,of 84 ratings,$31.50
ACXM,$20.24,1440166806401,"107,659",67% bullish,of 3 ratings,N/A
ADMS,$19.91,1440166806431,"20,064",100% bearish,of 2 ratings,$36
ACTA,$13.49,1440166806462,"53,596",67% bearish,of 3 ratings,$25
ADAP,$14.29,1440166806531,"16,868",67% bullish,of 3 ratings,$22
ADMP,$3.5,1440166806558,"3,711",50% bullish,of 2 ratings,$10
ADUS,$29.545,1440166806700,"10,540",100% bearish,of 1 rating,$31
AEY,$2.3099,1440166806835,"10,002",100% bearish,of 2 ratings,N/A
ADBE,$80.785,1440166806938,"948,487",65% bullish,of 17 ratings,$90
ADTN,$15.57,1440166806980,"94,193",67% bullish,of 3 ratings,$17.125
ADEP,$6.7747,1440166807012,"6,324",50% bullish,of 2 ratings,$10.75
ADRO,$19.155,1440166807034,"73,350",80% bullish,of 5 ratings,$45.50
AEIS,$25.35,1440166807164,"58,343",50% bullish,of 2 ratings,$32.50
AMD,$1.725,1440166807195,"1,580,052",83% bullish,of 103 ratings,$2
ADMA,$9.25,1440166807216,334,Not yet rated,NULL,$19
ADXS,$14.53,1440166807354,"223,618",64% bullish,of 14 ratings,$27
ADXSW,$10.43,1440166807558,"1,000",100% bullish,of 1 rating,N/A
YPRO,$23.29,1440166807642,100,100% bearish,of 1 rating,N/A
AEGN,$18.41,1440166807676,"59,817",100% bearish,of 1 rating,$21
MULT,NULL,1440166807698,0,100% bearish,of 1 rating,N/A
AEHR,NULL,1440166807745,0,50% bullish,of 2 ratings,N/A
AMTX,$3.311,1440166807770,232,50% bullish,of 2 ratings,$26.11
AEGR,$18.17,1440166807831,"74,593",50% bullish,of 6 ratings,$26
AEPI,$57.17,1440166807904,"5,182",100% bearish,of 1 rating,N/A
AERI,$15.675,1440166807965,"81,008",75% bullish,of 4 ratings,$31.50
AEZS,$0.1054,1440166808142,"1,036,501",90% bullish,of 21 ratings,$1.50
AEMD,$6.65,1440166808168,"3,368",Not yet rated,NULL,$27.50
AFMD,$9.89,1440166808221,"73,280",50% bullish,of 4 ratings,$15
AVAV,$24.33,1440166808247,"43,338",50% bullish,of 4 ratings,$31
AGEN,$7.04,1440166808426,"320,441",85% bullish,of 13 ratings,$14
AGRX,$8.47,1440166808451,"17,968",100% bearish,of 1 rating,$17.50
AFFX,$9.4,1440166808487,"145,005",80% bullish,of 5 ratings,$12
AGYS,$9.33,1440166808630,"8,776",100% bearish,of 1 rating,N/A
AGFS,$9.9795,1440166808659,"12,911",100% bearish,of 1 rating,N/A
AGIO,$85.37,1440166808681,"82,346",88% bullish,of 8 ratings,$114
AGFSW,$1.85,1440166808822,"1,647",100% bearish,of 2 ratings,N/A
AIMT,$20.9555,1440166808854,"50,555",Not yet rated,NULL,N/A
AIRT,$22.46,1440166808906,50,100% bullish,of 1 rating,N/A
AIRM,$37,1440166808985,"64,892",80% bearish,of 5 ratings,$53
AMCN,$4.91,1440166809044,"57,169",83% bullish,of 6 ratings,N/A
ATSG,$9.2,1440166809148,"70,755",67% bullish,of 3 ratings,$13
AKBA,$6.4892,1440166809313,"65,790",100% bearish,of 1 rating,$18
AIXG,$5.93,1440166809339,"3,545",67% bearish,of 3 ratings,$5.25
AKER,$2.7501,1440166809374,"1,000",Not yet rated,NULL,N/A
AKAM,$69.71,1440166809397,"392,191",63% bullish,of 8 ratings,$77
ALRM,$16.545,1440166809427,"45,409",100% bearish,of 1 rating,$22
AKRX,$40.41,1440166809471,"113,584",78% bullish,of 9 ratings,$56
ALSK,$2.137,1440166809603,"8,878",78% bullish,of 18 ratings,$2
AMRI,$19.89,1440166809681,"44,783",75% bearish,of 4 ratings,$24
ALDR,$36.945,1440166809817,"96,190",67% bearish,of 3 ratings,$62
ADHD,$8.536,1440166809850,"41,670",50% bullish,of 4 ratings,$18
ABDC,$12.8272,1440166809887,"6,406",Not yet rated,NULL,$15
ALXN,$179.6,1440166809985,"327,849",88% bullish,of 8 ratings,$223
ALDX,$7.45,1440166810010,502,100% bearish,of 1 rating,$14.50
ALIM,$3.18,1440166810255,"54,304",80% bullish,of 5 ratings,$10
ALXA,$1.0433,1440166810289,200,83% bullish,of 6 ratings,$2.125
ALCO,$41.97,1440166810344,"5,898",50% bullish,of 2 ratings,N/A
ALKS,$62.32,1440166810386,"105,504",67% bullish,of 3 ratings,$75
ALGN,$57.56,1440166810412,"33,290",100% bearish,of 2 ratings,$73
ALGT,$220.15,1440166810446,"27,492",100% bearish,of 1 rating,$235
ALLB,$23.27,1440166810467,104,Not yet rated,NULL,N/A
AFOP,$17.73,1440166810598,"35,529",75% bullish,of 8 ratings,$21
AIQ,$14.84,1440166810624,"6,506",67% bullish,of 3 ratings,N/A
ARLP,$24.6577,1440166810874,"13,675",67% bearish,of 3 ratings,$32
AHPI,NULL,1440166810906,0,50% bullish,of 2 ratings,N/A
AHGP,$36.82,1440166811006,"3,672",67% bullish,of 3 ratings,N/A
AMOT,$17.29,1440166811033,"35,212",100% bearish,of 1 rating,N/A
ALLT,$5.04,1440166811168,"10,449",75% bullish,of 4 ratings,$6.25
MDRX,$13.72,1440166811194,"121,514",60% bullish,of 5 ratings,$16
AFAM,$46.08,1440166811330,"21,474",50% bullish,of 2 ratings,$44
ALNY,$100.86,1440166811382,"102,929",67% bullish,of 3 ratings,$148.50
ALQA,$4.48,1440166811414,"11,735",75% bullish,of 4 ratings,$8.50
AOSL,$7.28,1440166811437,"32,306",67% bullish,of 3 ratings,$9
SMCP,NULL,1440166811511,0,Not yet rated,NULL,N/A
ALTR,$48.69,1440166811611,"377,385",80% bearish,of 5 ratings,$54
ATEC,$0.5802,1440166811677,"11,964",100% bullish,of 1 rating,$2
ASPS,$29.39,1440166811713,"46,745",67% bullish,of 3 ratings,$46.50
AIMC,$25.28,1440166811815,"34,686",100% bearish,of 1 rating,$28.50
AMRN,$2.03,1440166811990,"285,406",85% bullish,of 39 ratings,$8
AMAG,$61.48,1440166812066,"84,049",100% bullish,of 2 ratings,$77.50
AYA,$21.4499,1440166812157,"4,584",100% bearish,of 1 rating,$40
AMBCW,NULL,1440166812192,0,100% bearish,of 1 rating,N/A
AMBA,$90.15,1440166812230,"1,616,780",83% bullish,of 12 ratings,$102.50
AMBC,$15.7,1440166812292,"70,293",100% bearish,of 1 rating,$16.50
AMRK,$10.523,1440166812362,520,50% bullish,of 2 ratings,$14
EPAX,$2.66,1440166812393,"32,804",100% bearish,of 1 rating,N/A
AMZN,$509.27,1440166812415,"1,081,325",81% bullish,of 263 ratings,$646
AMCX,$68.465,1440166812595,"113,075",67% bullish,of 3 ratings,$85.50
AMED,$40.6,1440166812702,"63,131",100% bearish,of 1 rating,$42
DOX,$58.6,1440166812786,"14,392",50% bullish,of 2 ratings,$60
AMDA,$0.4728,1440166812836,"326,228",90% bullish,of 10 ratings,$1
UHAL,$367.455,1440166812869,"2,175",100% bullish,of 2 ratings,$393.50
ASBI,$22.57,1440166812891,100,Not yet rated,NULL,N/A
ATAX,$5.235,1440166812973,"46,014",100% bullish,of 1 rating,$6.50
AGNC,$19.915,1440166813131,"713,281",75% bullish,of 28 ratings,$22
AMOV,NULL,1440166813180,0,100% bearish,of 1 rating,N/A
AGNCB,$24.15,1440166813262,700,Not yet rated,NULL,N/A
MTGE,$15.81,1440166813310,"113,277",75% bullish,of 4 ratings,$19.50
AGNCP,$25.44,1440166813394,200,Not yet rated,NULL,N/A
AAL,$41.37,1440166813437,"1,936,422",93% bullish,of 87 ratings,$57
ACSF,$12.4601,1440166813527,"6,384",100% bearish,of 1 rating,$15
MTGEP,NULL,1440166813557,0,Not yet rated,NULL,N/A
ACAS,$14.0299,1440166813659,"139,083",60% bullish,of 5 ratings,$16.75
ANCI,$1.41,1440166813889,"2,568",100% bearish,of 1 rating,N/A
AMNB,$22.51,1440166813949,"5,313",Not yet rated,NULL,$25.50
APEI,$21.78,1440166813989,"33,250",100% bearish,of 1 rating,$25.50
ANAT,$101.48,1440166814016,"2,724",100% bullish,of 1 rating,N/A
AMIC,NULL,1440166814079,0,Not yet rated,NULL,N/A
ASEI,$39.34,1440166814111,"7,241",100% bearish,of 1 rating,$52.50
AETI,NULL,1440166814133,0,67% bearish,of 3 ratings,N/A
ARII,$38.45,1440166814211,"46,097",67% bearish,of 3 ratings,$45
AMRB,$10.004,1440166814342,203,Not yet rated,NULL,$11
AMSC,$3.6199,1440166814478,"6,364",50% bullish,of 4 ratings,N/A
AMSWA,$9.0999,1440166814508,"31,509",100% bearish,of 2 ratings,$10.75
CRMT,$38,1440166814612,"28,002",100% bearish,of 1 rating,$49
AMWD,$65.0546,1440166814688,"52,196",50% bullish,of 2 ratings,$58
AMSF,$49.74,1440166814757,"26,531",Not yet rated,NULL,$57.50
ABCB,$27.485,1440166814782,"47,642",Not yet rated,NULL,$31
ASRVP,NULL,1440166814966,0,Not yet rated,NULL,N/A
ATLO,$23.795,1440166814998,"11,482",Not yet rated,NULL,N/A
ASRV,$3.23,1440166815021,202,100% bullish,of 2 ratings,N/A
AMGN,$162.32,1440166815051,"1,035,459",89% bullish,of 19 ratings,$185
FOLD,$14.1,1440166815099,"610,581",56% bullish,of 9 ratings,$21
AMPH,$13.97,1440166815229,"58,615",50% bullish,of 2 ratings,$20
AMKR,$4.34,1440166815402,"281,306",100% bearish,of 2 ratings,$5
AMSG,$81.18,1440166815430,"80,520",100% bearish,of 1 rating,$85.50
AMSGP,NULL,1440166815458,0,Not yet rated,NULL,N/A
ASYS,$5.3,1440166815485,"14,253",67% bullish,of 3 ratings,$12
AFSI,$60.86,1440166815813,"126,235",60% bullish,of 5 ratings,$72
ANAC,$128.14,1440166815840,"164,063",80% bullish,of 5 ratings,$180.50
AMRS,$1.617,1440166815873,"27,457",70% bullish,of 10 ratings,N/A
ALOG,$83.49,1440166815900,"23,137",100% bearish,of 2 ratings,$100.50
ANAD,$0.3692,1440166815971,"36,681",100% bullish,of 2 ratings,$.50
ADI,$54.735,1440166816003,"689,161",67% bullish,of 3 ratings,$69
ABCW,$39.96,1440166816047,"5,034",67% bullish,of 3 ratings,N/A
ANCB,NULL,1440166816074,0,Not yet rated,NULL,$23
ANGI,$4.485,1440166816306,"114,522",64% bullish,of 11 ratings,$5.50
ANIP,$49.785,1440166816395,"50,202",89% bullish,of 19 ratings,$66
AMCF,$0.27,1440166816441,"6,114",100% bullish,of 7 ratings,N/A
ANSS,$92.47,1440166816585,"37,950",100% bearish,of 1 rating,$100
ANIK,$34.96,1440166816611,"32,692",60% bullish,of 5 ratings,$51.25
ANGO,$14.66,1440166816638,"33,409",67% bullish,of 3 ratings,$19
ANTH,$7.33,1440166816770,"385,944",80% bullish,of 10 ratings,$13
ATRS,$1.81,1440166816800,"277,878",92% bullish,of 12 ratings,$4.50
APIC,$6.96,1440166816828,"16,070",100% bearish,of 1 rating,$19
ABAC,$0.75,1440166816858,"6,000",100% bearish,of 1 rating,N/A
APOG,$52.1025,1440166816903,"54,610",100% bullish,of 1 rating,$67
AINV,$6.515,1440166817037,"199,366",50% bullish,of 4 ratings,$8
APOL,$11.22,1440166817177,"177,372",87% bearish,of 68 ratings,$14
ATNY,$2.378,1440166817198,200,50% bullish,of 2 ratings,$3.75
AAPL,$110.93,1440166817228,"15,187,277",86% bullish,of 2336 ratings,$150
APPF,$16.45,1440166817250,"4,997",50% bullish,of 2 ratings,$22
AREX,$2.24,1440166817642,"140,176",100% bearish,of 1 rating,$3
AMAT,$15.84,1440166817672,"2,388,214",82% bullish,of 11 ratings,$23
ARCI,$1.22,1440166817702,4,Not yet rated,NULL,N/A
AGTC,$15.53,1440166817725,"22,486",50% bullish,of 2 ratings,$33
APDNW,NULL,1440166817746,0,Not yet rated,NULL,N/A
AMCC,$5.255,1440166817788,"330,108",80% bullish,of 5 ratings,$8
AAOI,$19.96,1440166817884,"100,227",50% bullish,of 4 ratings,$26
APDN,$3.23,1440166817912,"8,430",Not yet rated,NULL,$9
AQMS,$4.85,1440166818086,760,Not yet rated,NULL,N/A
AQXP,$17.0085,1440166818219,"104,038",50% bullish,of 2 ratings,$2
APTO,$4.87,1440166818244,163,Not yet rated,NULL,$17
AUMA,NULL,1440166818300,0,Not yet rated,NULL,N/A
PETX,$17.07,1440166818509,"98,598",100% bearish,of 2 ratings,$26
ARDM,$7.15,1440166818536,"1,808",100% bullish,of 1 rating,$26
AUMAU,$10,1440166818573,100,Not yet rated,NULL,N/A
APRI,$1.3599,1440166818673,"53,158",83% bullish,of 6 ratings,$4.86
ABUS,$7.19,1440166818729,"97,802",86% bullish,of 14 ratings,$23
ARCW,$3.4701,1440166818755,"3,538",100% bearish,of 2 ratings,$10.50
AUMAW,NULL,1440166818806,0,Not yet rated,NULL,N/A
ABIO,$0.8869,1440166818901,"21,038",50% bullish,of 2 ratings,$3.75
RKDA,$5.22,1440166819034,"7,196",100% bearish,of 2 ratings,$10
ARCB,$30.09,1440166819063,"53,382",50% bullish,of 2 ratings,$39.50
ACGL,$71.37,1440166819377,"23,346",50% bullish,of 2 ratings,$72
ACAT,$27.42,1440166819431,"51,387",100% bearish,of 3 ratings,$33
ARDX,$17.35,1440166819480,"30,329",50% bullish,of 2 ratings,$24.50
ARCC,$15.715,1440166819520,"263,549",67% bearish,of 3 ratings,$17.875
ARNA,$2.885,1440166819560,"884,467",90% bullish,of 77 ratings,$5.50
AGII,$57.7,1440166819706,"25,754",Not yet rated,NULL,$59.50
ARIS,$3.39,1440166819851,100,Not yet rated,NULL,$4.50
AGIIL,$25.46,1440166819883,"1,414",Not yet rated,NULL,N/A
ARIA,$6.8,1440166819985,"903,909",87% bullish,of 46 ratings,$9
ARMH,$41.32,1440166820042,"329,020",54% bearish,of 13 ratings,$61
ARWA,NULL,1440166820127,0,Not yet rated,NULL,N/A
ARGS,$5.8195,1440166820155,"15,390",50% bullish,of 2 ratings,$19.50
ARKR,$25.47,1440166820176,3,50% bullish,of 2 ratings,N/A
ARTX,$1.4988,1440166820307,"26,752",88% bullish,of 16 ratings,$4.50
ARWAU,NULL,1440166820577,0,100% bullish,of 1 rating,N/A
ARWAR,NULL,1440166820611,0,Not yet rated,NULL,N/A
ARQL,$1.65,1440166820642,"11,756",75% bullish,of 4 ratings,$5
ARWAW,NULL,1440166820673,0,Not yet rated,NULL,N/A
DWAT,$10.22,1440166820705,9,100% bearish,of 1 rating,N/A
ARRS,$26.55,1440166820739,"84,022",50% bullish,of 2 ratings,$38
ARRY,$5.32,1440166820770,"387,650",100% bullish,of 7 ratings,$10
AROW,$26.73,1440166820835,"13,950",Not yet rated,NULL,N/A
ARWR,$5.53,1440166820978,"315,022",75% bullish,of 4 ratings,$10.50
ASBB,$23.67,1440166821122,100,Not yet rated,NULL,N/A
ARTNA,$22.4,1440166821193,"13,028",100% bearish,of 1 rating,$29
ARTW,$4.43,1440166821223,"2,404",75% bearish,of 4 ratings,N/A
ASNA,$11.58,1440166821276,"456,036",50% bullish,of 2 ratings,$18
ASND,$18.12,1440166821326,"5,158",100% bullish,of 1 rating,$30
ASTI,$0.1199,1440166821461,"389,877",83% bullish,of 6 ratings,$3
ASCMA,$28.27,1440166821558,"26,714",100% bearish,of 1 rating,$45
ASMI,NULL,1440166821589,0,NULL,NULL,NULL
APWC,$1.85,1440166821623,100,100% bearish,of 1 rating,N/A
ASML,$88.99,1440166821645,"221,718",67% bullish,of 3 ratings,$127
ASMB,$12.23,1440166821793,"20,165",67% bullish,of 3 ratings,N/A
AZPN,$38.7,1440166821821,"179,041",50% bullish,of 2 ratings,$42
ASFI,$8.96,1440166821854,"1,596",100% bullish,of 1 rating,N/A
ASTE,$36.95,1440166821952,"30,136",100% bearish,of 1 rating,$48
ALOT,$12,1440166822104,283,100% bearish,of 1 rating,N/A
ATRO,$53.17,1440166822238,"31,141",100% bearish,of 2 ratings,$80
ASTC,$2.1201,1440166822287,"6,054",100% bullish,of 5 ratings,N/A
ATHN,$134.4747,1440166822384,"18,671",67% bearish,of 3 ratings,$153
ASUR,$5.3,1440166822427,"4,205",100% bearish,of 1 rating,$8
ATRA,$41.55,1440166822456,"42,309",50% bullish,of 2 ratings,$68
AFCB,$28.01,1440166822477,168,Not yet rated,NULL,N/A
ATAI,$2.83,1440166822641,"1,800",100% bearish,of 1 rating,N/A
ATHX,$1.16,1440166822669,"80,447",89% bullish,of 9 ratings,$5
AAPC,$10.21,1440166822695,197,Not yet rated,NULL,N/A
ACFC,$5.74,1440166822742,"63,900",Not yet rated,NULL,$6.50
ATNI,$73.625,1440166823003,"20,999",100% bearish,of 1 rating,$69.50
AAWW,$41.465,1440166823109,"84,286",50% bullish,of 2 ratings,$65
AAME,NULL,1440166823210,0,Not yet rated,NULL,N/A
ATLC,NULL,1440166823237,0,67% bullish,of 3 ratings,N/A
ATML,$7.16,1440166823370,"481,221",78% bullish,of 9 ratings,$9.50
AFH,$16.95,1440166823398,"12,997",Not yet rated,NULL,$21.50
ATRC,$26.42,1440166823530,"47,543",100% bullish,of 1 rating,$30
ATOS,$0.86,1440166823596,"68,278",100% bullish,of 7 ratings,$7
ATRI,$391,1440166823625,"1,778",Not yet rated,NULL,N/A
LIFE,$14.37,1440166823698,"10,111",86% bullish,of 7 ratings,$43
ATRM,$2.89,1440166823879,200,50% bullish,of 2 ratings,N/A
AUDC,$3.15,1440166823941,"15,600",80% bullish,of 5 ratings,$5
AUBN,$27.0001,1440166823980,502,Not yet rated,NULL,N/A
AUPH,$3.2,1440166824112,"5,386",100% bearish,of 1 rating,$8
EARS,$4.93,1440166824140,152,100% bearish,of 2 ratings,$11.50
ADAT,$0.123,1440166824374,"4,190",100% bullish,of 2 ratings,N/A
ATTU,$13.8601,1440166824409,"13,978",100% bearish,of 1 rating,$20.50
ABTL,$17.94,1440166824449,"17,429",100% bullish,of 4 ratings,$20.25
ADSK,$52.74,1440166824483,"315,963",83% bullish,of 6 ratings,$69.50
AVGO,$114.13,1440166824504,"791,746",88% bullish,of 8 ratings,$160
ADP,$81.74,1440166824526,"487,615",100% bearish,of 1 rating,$88
AAVL,$10.45,1440166824589,"55,959",100% bearish,of 1 rating,$20
AVNU,NULL,1440166824675,0,Not yet rated,NULL,$14
AVEO,$1.39,1440166824854,"525,909",75% bullish,of 8 ratings,$3
AVID,$7.81,1440166824888,"86,248",100% bearish,of 1 rating,$20
AVNW,$1.18,1440166824984,"19,437",50% bullish,of 2 ratings,$2.20
AVGR,$14.499,1440166825034,869,100% bearish,of 1 rating,$20
CAR,$42.87,1440166825119,"222,307",80% bullish,of 5 ratings,$60
ACLS,$3.3703,1440166825201,"188,252",67% bullish,of 6 ratings,$4.75
AXPWW,NULL,1440166825356,0,Not yet rated,NULL,N/A
AXPW,$1.16,1440166825394,"4,122",83% bullish,of 6 ratings,N/A
AWRE,$3.176,1440166825425,948,67% bullish,of 3 ratings,N/A
AXGN,$3.8901,1440166825456,231,Not yet rated,NULL,$5
BCOM,NULL,1440166825555,0,100% bearish,of 1 rating,N/A
BOSC,$2.18,1440166825584,240,50% bullish,of 2 ratings,N/A
AXTI,$2.16,1440166825610,"1,500",50% bullish,of 2 ratings,$2.75
RILY,$10,1440166825636,100,Not yet rated,NULL,N/A
BEAV,$49.1,1440166825945,"117,841",67% bearish,of 3 ratings,$59
BIDU,$156.93,1440166826079,"1,109,639",81% bullish,of 88 ratings,$210
BWINB,$22.97,1440166826114,"16,294",Not yet rated,NULL,N/A
BLDP,$1.28,1440166826139,"91,982",91% bullish,of 22 ratings,$2.50
BCPC,$58.43,1440166826160,"45,705",100% bearish,of 1 rating,$75
BWINA,NULL,1440166826186,0,Not yet rated,NULL,N/A
BANF,$61.71,1440166826224,"9,634",Not yet rated,NULL,$68
BANFP,NULL,1440166826474,0,Not yet rated,NULL,N/A
BOCH,$5.81,1440166826605,"11,407",Not yet rated,NULL,$6.50
OZRK,$40.87,1440166826666,"138,699",67% bullish,of 3 ratings,$49.50
BKSC,$15.58,1440166826687,137,Not yet rated,NULL,N/A
BMRC,$48.85,1440166826711,"10,154",Not yet rated,NULL,$52
BOTJ,$11.45,1440166826744,100,Not yet rated,NULL,N/A
BKMU,$7.1,1440166826779,"60,026",Not yet rated,NULL,$8
BFIN,$11.93,1440166826879,"13,372",Not yet rated,NULL,$13
BZUN,$5.91,1440166827057,"102,412",50% bullish,of 2 ratings,$12.60
BWFG,$18.08,1440166827083,205,100% bearish,of 1 rating,N/A
BANR,$45.25,1440166827148,"31,061",100% bullish,of 3 ratings,$50
TAPR,$29.73,1440166827376,"4,250",100% bearish,of 1 rating,N/A
BHACR,NULL,1440166827402,0,Not yet rated,NULL,N/A
BHAC,NULL,1440166827433,0,Not yet rated,NULL,N/A
BHACU,NULL,1440166827454,0,Not yet rated,NULL,N/A
BHACW,NULL,1440166827488,0,Not yet rated,NULL,N/A
BBSI,$34.47,1440166827532,"20,776",67% bearish,of 3 ratings,$62.50
BYBK,$5.09,1440166827625,878,100% bearish,of 1 rating,N/A
BSET,$30.04,1440166827651,"8,710",100% bearish,of 1 rating,$35
BBCN,$14.98,1440166827846,"109,096",100% bearish,of 1 rating,$16
BV,$5.155,1440166827872,"96,759",67% bullish,of 6 ratings,$9
BYLK,$13.03,1440166828013,200,Not yet rated,NULL,$14
BDCV,$5.0283,1440166828092,"1,503",100% bearish,of 1 rating,$10.19
BCBP,$11.63,1440166828118,100,Not yet rated,NULL,N/A
BECN,$35.93,1440166828193,"88,333",50% bullish,of 2 ratings,$40
BSF,$8.62,1440166828285,"7,672",Not yet rated,NULL,N/A
BELFA,NULL,1440166828434,0,100% bearish,of 1 rating,N/A
BELFB,$18.36,1440166828455,"12,552",100% bearish,of 1 rating,N/A
BBGI,NULL,1440166828491,0,100% bearish,of 1 rating,N/A
BEBE,$1.7925,1440166828536,"33,440",75% bullish,of 4 ratings,$3.075
BLPH,$5.11,1440166828637,"11,139",100% bearish,of 1 rating,$12.50
BLCM,$16.39,1440166828713,"122,426",50% bullish,of 4 ratings,$40
BBBY,$62.28,1440166828849,"388,043",71% bullish,of 7 ratings,$75
BNCL,$12.75,1440166829033,"115,658",100% bullish,of 3 ratings,$12.50
BNFT,$37.615,1440166829061,"17,936",67% bullish,of 3 ratings,$46
BGMD,$0.89,1440166829091,"24,919",100% bullish,of 10 ratings,N/A
BNTC,$8.0001,1440166829128,"13,600",100% bullish,of 1 rating,N/A
BGCP,$9.08,1440166829201,"390,263",88% bullish,of 8 ratings,$14
BGFV,$11.03,1440166829300,"49,822",57% bullish,of 7 ratings,$12
BIND,$4.58,1440166829353,"20,016",67% bullish,of 3 ratings,$13.50
BASI,$1.28,1440166829410,46,Not yet rated,NULL,N/A
ORPN,$5.14,1440166829436,"3,297",100% bullish,of 1 rating,$28.50
BIOC,$2.13,1440166829581,"165,128",83% bullish,of 6 ratings,$3.85
BIOD,$0.6596,1440166829739,"6,936",80% bullish,of 5 ratings,$4
BCDA,NULL,1440166829766,0,Not yet rated,NULL,N/A
BCRX,$11.96,1440166829788,"170,896",63% bullish,of 8 ratings,$18
BIIB,$309.22,1440166829957,"384,507",88% bullish,of 16 ratings,$400
BDSI,$6.535,1440166829984,"258,201",88% bullish,of 8 ratings,$17
BIOL,$1.53,1440166830021,"1,252",Not yet rated,NULL,N/A
BVXV,$3.9892,1440166830226,"1,392",Not yet rated,NULL,N/A
BLFS,$2.05,1440166830320,"1,163",100% bearish,of 1 rating,$4.75
BLRX,$1.4601,1440166830347,"78,911",100% bullish,of 12 ratings,$5
BMRN,$128.81,1440166830380,"156,530",80% bullish,of 5 ratings,$160
BRLI,NULL,1440166830480,0,NULL,NULL,NULL
BIOS,$1.855,1440166830614,"236,460",71% bullish,of 7 ratings,$4
BVXVW,NULL,1440166830641,0,100% bearish,of 1 rating,N/A
BBP,$32.9297,1440166830886,"24,759",Not yet rated,NULL,N/A
BBC,$30.2801,1440166830912,"27,856",Not yet rated,NULL,N/A
BPTH,$1.15,1440166830975,"9,330",100% bullish,of 2 ratings,$5
BOTA,$2.24,1440166831189,"6,819",88% bullish,of 8 ratings,N/A
BEAT,$13.348,1440166831216,"67,300",67% bearish,of 3 ratings,$15
BSPM,$0.69,1440166831245,"1,100",50% bullish,of 2 ratings,N/A
BITI,$18.2799,1440166831288,"15,594",100% bullish,of 1 rating,$28
BSTC,$50.58,1440166831321,"17,147",100% bearish,of 1 rating,$76
TECH,$103.41,1440166831430,"5,133",100% bullish,of 1 rating,$117
BDMS,NULL,1440166831474,0,100% bearish,of 1 rating,N/A
BJRI,$45.38,1440166831609,"47,439",50% bullish,of 2 ratings,$55
BLKB,$59.035,1440166831671,"69,520",100% bearish,of 2 ratings,$66
BBRY,$7.285,1440166831970,"812,052",61% bullish,of 330 ratings,$9
BBOX,$15.56,1440166832018,"13,085",100% bearish,of 1 rating,N/A
BDE,$7.35,1440166832044,"60,080",50% bullish,of 2 ratings,$9
HAWK,$42.955,1440166832257,"110,855",90% bullish,of 10 ratings,$49
ADRA,NULL,1440166832308,0,Not yet rated,NULL,N/A
ADRE,$30.0126,1440166832414,"6,624",Not yet rated,NULL,N/A
ADRD,$22.569,1440166832462,550,100% bearish,of 1 rating,N/A
BCOR,$13.42,1440166832624,"67,594",57% bullish,of 7 ratings,$15
BKCC,$9.2598,1440166832653,"65,551",100% bullish,of 2 ratings,$10
BLMN,$20.48,1440166832679,"371,299",83% bullish,of 6 ratings,$27.50
ADRU,NULL,1440166832732,0,100% bearish,of 1 rating,N/A
BLBD,$11.79,1440166833513,"3,104",Not yet rated,NULL,N/A
NILE,$34.36,1440166833539,"19,100",50% bullish,of 2 ratings,$34
BUFF,$26.61,1440166833572,"79,910",83% bullish,of 12 ratings,$31.50
BBLU,$0.8402,1440166833751,"25,773",100% bullish,of 2 ratings,$4.43
BLUE,$122.0618,1440166833855,"82,019",71% bullish,of 7 ratings,$217.50
BHBK,$14.34,1440166833895,"40,525",100% bullish,of 1 rating,$14.50
BKEP,$6.8175,1440166833922,"3,854",100% bearish,of 1 rating,$8.50
BPMC,$26.02,1440166834095,"15,721",50% bullish,of 2 ratings,$47.50
BOBE,$44.68,1440166834123,"37,650",75% bullish,of 4 ratings,$57
WIFI,$8.2701,1440166834327,"122,086",50% bullish,of 2 ratings,$13.50
BOFI,$125.975,1440166834363,"76,289",100% bullish,of 6 ratings,$144
BNCN,$21.38,1440166834384,"36,248",Not yet rated,NULL,$23
BKEPP,$7.865,1440166834415,100,100% bearish,of 1 rating,N/A
BOJA,$20.8,1440166834464,"28,275",100% bullish,of 1 rating,$30
BOKF,$62.46,1440166834623,"15,242",100% bearish,of 1 rating,$70.50
BONA,$11.96,1440166834680,"30,031",75% bullish,of 4 ratings,$8.50
BAMM,$3.2,1440166834814,"2,094",60% bullish,of 5 ratings,N/A
BNSO,$1.5099,1440166834946,"2,200",100% bearish,of 1 rating,N/A
BPFHP,NULL,1440166834972,0,100% bearish,of 1 rating,N/A
BPFHW,$5.5,1440166834998,558,100% bearish,of 1 rating,N/A
EPAY,$26.11,1440166835208,"54,659",100% bearish,of 2 ratings,$30
BDBD,$8.38,1440166835279,"179,630",60% bullish,of 5 ratings,$10
BPFH,$12.08,1440166835362,"80,500",100% bearish,of 1 rating,$14
BCLI,$3.04,1440166835392,"13,486",80% bullish,of 5 ratings,$12
BBRG,$12.68,1440166835436,"27,199",67% bullish,of 3 ratings,$14.50
BBEP,$2.35,1440166835464,"351,525",69% bullish,of 13 ratings,$5.625
BBEPP,$13.39,1440166835522,"30,672",100% bearish,of 1 rating,N/A
BDGE,$27.08,1440166835786,"9,452",Not yet rated,NULL,$31.75
BLIN,NULL,1440166835820,0,50% bullish,of 2 ratings,$2.20
BCOV,$5.27,1440166835855,"52,002",67% bullish,of 3 ratings,$10.20
BRID,$8.01,1440166835882,120,100% bearish,of 1 rating,N/A
BRCM,$49.275,1440166835920,"1,070,507",75% bullish,of 12 ratings,$56
BSFT,$31.19,1440166836014,"51,682",57% bullish,of 7 ratings,$40.50
BYFC,NULL,1440166836086,0,50% bullish,of 2 ratings,N/A
BVSN,$5.7,1440166836262,"5,125",60% bearish,of 5 ratings,N/A
BWEN,$3.31,1440166836291,"1,518",100% bullish,of 3 ratings,$8
BRCD,$10.98,1440166836326,"3,398,439",92% bullish,of 13 ratings,$12.50
BRKL,$10.76,1440166836348,"100,599",100% bearish,of 1 rating,$10.75
BMTC,$29.15,1440166836424,"25,943",Not yet rated,NULL,$34
BRKR,$19.41,1440166836479,"26,330",100% bearish,of 2 ratings,$22
BRKS,$10.45,1440166836511,"92,644",67% bullish,of 3 ratings,$15.25
BSQR,$6.42,1440166836742,"12,400",67% bullish,of 3 ratings,N/A
BLMT,$20.75,1440166836834,"10,668",Not yet rated,NULL,N/A
BUR,$2.05,1440166836871,400,100% bearish,of 1 rating,$8
BLDR,$15,1440166836902,"175,408",50% bullish,of 2 ratings,$22
BWLD,$192.23,1440166836924,"64,903",82% bullish,of 11 ratings,$205
CHRW,$68.71,1440166837002,"162,389",Not yet rated,NULL,$72
CA,$28.155,1440166837096,"469,588",50% bullish,of 4 ratings,$33
CFFI,$35.97,1440166837128,700,100% bearish,of 1 rating,N/A
CCMP,$44.57,1440166837225,"39,904",50% bullish,of 2 ratings,$59
CDNS,$20.3,1440166837376,"161,594",75% bullish,of 4 ratings,$22.50
CACQ,$7.13,1440166837404,"60,637",100% bearish,of 1 rating,$12.25
CZR,$7.245,1440166837430,"152,914",60% bearish,of 5 ratings,$10.50
CDZI,$7.3,1440166837479,"2,724",100% bearish,of 1 rating,N/A
CSTE,$43.045,1440166837614,"71,471",100% bearish,of 1 rating,$65
CLBS,$1.3362,1440166837670,"39,985",79% bullish,of 14 ratings,$4
PRSS,$4.45,1440166837723,153,80% bullish,of 5 ratings,$4.50
CLMS,$11.54,1440166837750,"26,654",Not yet rated,NULL,$10.50
CCD,$20.55,1440166837887,"43,447",Not yet rated,NULL,N/A
CHI,$10.9256,1440166837916,"41,636",100% bearish,of 1 rating,N/A
CFGE,NULL,1440166837942,0,Not yet rated,NULL,N/A
CHY,$11.7901,1440166838055,"49,166",Not yet rated,NULL,N/A
CHW,$7.69,1440166838127,"63,899",100% bearish,of 1 rating,N/A
CGO,$12.2611,1440166838269,"12,182",100% bearish,of 1 rating,N/A
CSQ,$10.0615,1440166838299,"142,936",Not yet rated,NULL,N/A
CVGW,$54.41,1440166838401,"30,575",50% bullish,of 2 ratings,$58.50
CAMP,$15.785,1440166838447,"80,645",88% bullish,of 8 ratings,$25
CALA,$4.91,1440166838476,"84,175",100% bullish,of 3 ratings,$19.50
CALD,$15.75,1440166838620,"85,185",100% bearish,of 1 rating,$20.50
CFNB,$13.53,1440166838648,5,100% bearish,of 1 rating,N/A
ABCD,$4.708,1440166838683,"21,698",83% bullish,of 6 ratings,N/A
CLMT,$25.7,1440166838714,"102,318",75% bullish,of 8 ratings,$31
CALM,$49.22,1440166838736,"92,935",80% bullish,of 5 ratings,$65
CAMB,NULL,1440166838819,0,Not yet rated,NULL,N/A
CAMBU,NULL,1440166838965,0,100% bearish,of 1 rating,N/A
CAC,$39.53,1440166839040,"9,114",Not yet rated,NULL,N/A
CAMBW,NULL,1440166839097,0,Not yet rated,NULL,N/A
CAMT,$2.8,1440166839179,"4,600",73% bullish,of 11 ratings,$4
CSIQ,$18.28,1440166839423,"1,235,505",86% bullish,of 28 ratings,$45
CPHC,$10.44,1440166839455,400,100% bearish,of 1 rating,N/A
CGIX,$9.5,1440166839482,"16,140",67% bullish,of 3 ratings,$14.375
CBNJ,$10.88,1440166839557,"1,934",100% bullish,of 1 rating,N/A
CSWC,$47.9,1440166839617,"3,916",Not yet rated,NULL,N/A
CPLA,$49.155,1440166839652,"20,440",50% bullish,of 2 ratings,$65
CBF,$29.95,1440166839673,"48,375",Not yet rated,NULL,$32
CCBG,$15.25,1440166839704,"15,995",Not yet rated,NULL,$17.25
CPLP,$6.994,1440166839832,"59,936",71% bullish,of 7 ratings,$11
CPTA,$14.61,1440166839902,"11,756",Not yet rated,NULL,$18.50
CFFN,$11.96,1440166840053,"249,868",Not yet rated,NULL,$12.75
CAPN,$1.98,1440166840094,"134,419",100% bullish,of 1 rating,$10.85
CAPNW,NULL,1440166840140,0,Not yet rated,NULL,N/A
CPST,$0.3851,1440166840226,"70,041",95% bullish,of 22 ratings,$1.25
CAPR,$4.164,1440166840252,482,Not yet rated,NULL,$12
CBYL,$6.46,1440166840380,"7,425",100% bearish,of 1 rating,$20
CARA,$20.805,1440166840407,"68,612",50% bullish,of 4 ratings,$25
CARB,$11.39,1440166840433,"29,572",75% bullish,of 4 ratings,$12
CRDC,$0.3857,1440166840483,"3,050",100% bullish,of 1 rating,$1.25
CFNL,$22.58,1440166840562,"56,594",Not yet rated,NULL,$24
CSII,$23.9975,1440166840727,"52,650",100% bearish,of 2 ratings,$42.125
CRME,$9.27,1440166840753,100,89% bullish,of 9 ratings,$11.25
CDNA,$6.42,1440166840897,"3,100",100% bearish,of 1 rating,$9
CATM,$34.99,1440166840925,"74,853",100% bearish,of 1 rating,$44
CECO,$3.55,1440166840951,"112,945",67% bearish,of 3 ratings,$6
CTRE,$11.995,1440166841174,"53,613",50% bullish,of 2 ratings,N/A
CKEC,$21.56,1440166841201,"99,957",50% bullish,of 2 ratings,$35.915
CLBH,$12.76,1440166841231,200,Not yet rated,NULL,$16.50
CART,NULL,1440166841271,0,100% bearish,of 1 rating,N/A
CARO,$15.36,1440166841299,400,100% bearish,of 1 rating,$19
TAST,$12.005,1440166841443,"81,993",Not yet rated,NULL,$14.25
CRZO,$32.32,1440166841471,"177,902",67% bearish,of 3 ratings,$57
CASM,$1.11,1440166841608,110,100% bullish,of 1 rating,$3.50
CRTN,NULL,1440166841637,0,100% bearish,of 1 rating,N/A
CARV,NULL,1440166841659,0,50% bullish,of 2 ratings,N/A
CACB,$5.44,1440166841689,"42,848",Not yet rated,NULL,$5.50
CSCD,$14.33,1440166841833,"16,893",100% bullish,of 2 ratings,$17
CWST,$6.1701,1440166841917,"92,259",50% bullish,of 2 ratings,$7
CASI,$1.4844,1440166842063,"1,044",100% bullish,of 1 rating,$3.50
CASY,$104.67,1440166842200,"75,351",50% bullish,of 2 ratings,$99.50
CATY,$30.36,1440166842231,"149,171",100% bearish,of 1 rating,$33.50
CATB,$11.263,1440166842281,"10,286",100% bearish,of 1 rating,$28
CPRX,$3.76,1440166842310,"323,655",71% bullish,of 7 ratings,$7
CATYW,$10.54,1440166842337,100,100% bearish,of 1 rating,N/A
CVCO,$73.22,1440166842506,"11,348",100% bearish,of 1 rating,N/A
CASS,$48.8,1440166842639,"17,225",100% bearish,of 1 rating,N/A
CAVM,$67.38,1440166842666,"112,808",67% bearish,of 3 ratings,$72
CBFV,$20.56,1440166842693,"3,764",Not yet rated,NULL,N/A
CNLM,$9.97,1440166842795,"1,292",Not yet rated,NULL,N/A
CNLMW,NULL,1440166842880,0,Not yet rated,NULL,N/A
CNLMU,NULL,1440166842927,0,100% bullish,of 1 rating,N/A
CNLMR,NULL,1440166843010,0,Not yet rated,NULL,N/A
CBOE,$62.73,1440166843062,"73,071",Not yet rated,NULL,$60
CDK,$48.81,1440166843170,"51,727",67% bearish,of 3 ratings,$50
CDW,$39.0502,1440166843236,"120,125",75% bullish,of 4 ratings,$44
CECE,$9.61,1440166843264,"33,324",50% bullish,of 2 ratings,$16
CPXX,$2.1599,1440166843345,"28,983",100% bullish,of 2 ratings,$7
CELG,$123.9659,1440166843490,"1,363,792",92% bullish,of 13 ratings,$155.50
CELGZ,NULL,1440166843574,0,80% bullish,of 5 ratings,N/A
CLDN,$1.0521,1440166843623,"31,676",71% bullish,of 7 ratings,$3
CLDX,$13.77,1440166843651,"652,708",89% bullish,of 9 ratings,$36
CLRB,$3.0011,1440166843677,"1,107",100% bearish,of 1 rating,N/A
CLRBW,$0.94,1440166843703,200,Not yet rated,NULL,N/A
CLLS,$30.31,1440166843873,"58,459",75% bullish,of 4 ratings,$51.50
CBMG,$23.11,1440166844030,"19,849",50% bullish,of 2 ratings,N/A
CYAD,NULL,1440166844094,0,100% bullish,of 1 rating,$87.50
CLSN,$1.9658,1440166844160,"46,805",80% bullish,of 10 ratings,$7.50
CEMP,$34.1587,1440166844189,"166,920",71% bullish,of 7 ratings,$52
CETX,$2.75,1440166844227,"3,000",Not yet rated,NULL,$5.60
CSFL,$13.98,1440166844261,"65,372",Not yet rated,NULL,$15
CLTX,$2.86,1440166844327,"975,508",100% bullish,of 2 ratings,N/A
CETV,$2.12,1440166844426,"99,759",67% bullish,of 3 ratings,$2.80
CENTA,$12.7633,1440166844666,"62,689",Not yet rated,NULL,N/A
CFBK,NULL,1440166844698,0,Not yet rated,NULL,N/A
CVCY,$10.96,1440166844726,5,Not yet rated,NULL,$12
CENT,$12.12,1440166844752,"5,224",Not yet rated,NULL,$10
CENX,$5.1,1440166844798,"244,356",67% bullish,of 6 ratings,$9
CNBKA,$40.4,1440166844931,"3,819",100% bullish,of 1 rating,N/A
CNTY,$6.1,1440166844957,"1,792",80% bullish,of 5 ratings,$7.75
CPHD,$48.07,1440166845124,"178,491",50% bullish,of 2 ratings,$66.50
CRNT,$1.38,1440166845150,"49,185",50% bullish,of 2 ratings,$2
CERE,$1.1795,1440166845173,"136,769",88% bullish,of 8 ratings,N/A
CERN,$62.73,1440166845207,"368,010",67% bullish,of 3 ratings,$79
CERU,$3.355,1440166845305,"12,564",75% bullish,of 4 ratings,$15
KOOL,NULL,1440166845530,0,100% bullish,of 5 ratings,$7
CERS,$4.825,1440166845578,"254,226",75% bullish,of 4 ratings,$7
CEVA,$18.59,1440166845747,"16,984",100% bearish,of 1 rating,$25
HOTR,$1.2999,1440166845970,"25,156",100% bullish,of 2 ratings,$5
CYOU,$20.268,1440166846070,"66,588",50% bullish,of 6 ratings,$24
HOTRW,NULL,1440166846207,0,Not yet rated,NULL,N/A
GTLS,$22.5,1440166846309,"99,964",50% bullish,of 4 ratings,$40
CHFN,$12.49,1440166846338,"20,870",Not yet rated,NULL,$14
CHTR,$180.11,1440166846371,"183,300",100% bearish,of 2 ratings,$196
CHKP,$79.268,1440166846564,"173,202",50% bullish,of 4 ratings,$92
CHEKW,NULL,1440166846593,0,Not yet rated,NULL,N/A
CEMI,$4.26,1440166846644,714,50% bullish,of 2 ratings,$7.50
CHEK,NULL,1440166846675,0,Not yet rated,NULL,$7.75
CTHR,$1.19,1440166846712,"1,704",50% bullish,of 2 ratings,$2.50
CCXI,$6.82,1440166846805,"43,312",67% bullish,of 3 ratings,$14
CHFC,$31.8303,1440166846833,"46,750",100% bearish,of 1 rating,$36
CHMG,NULL,1440166846971,0,Not yet rated,NULL,$30
CHKE,$25.865,1440166847008,"14,757",100% bearish,of 1 rating,$32.50
CADC,NULL,1440166847442,0,78% bullish,of 9 ratings,N/A
PLCE,$59.875,1440166847470,"70,521",100% bearish,of 1 rating,$71
CMRX,$45.19,1440166847501,"107,204",50% bullish,of 2 ratings,$57
CHMA,$23.56,1440166847530,"31,041",Not yet rated,NULL,$40
CALI,$0.934,1440166847557,776,67% bullish,of 3 ratings,N/A
CBNK,$16.51,1440166847598,215,100% bearish,of 1 rating,N/A
CBAK,$1.91,1440166847697,"6,165",67% bullish,of 9 ratings,N/A
CHEV,$14.36,1440166847724,300,Not yet rated,NULL,N/A
CBPO,$100.115,1440166847929,"69,457",75% bullish,of 8 ratings,$140.50
CAAS,$6.5567,1440166847956,"14,380",93% bullish,of 14 ratings,$11.50
CCCL,NULL,1440166847978,0,100% bullish,of 6 ratings,N/A
CCCR,$0.751,1440166848011,300,67% bearish,of 3 ratings,N/A
CHOP,$1.24,1440166848146,301,50% bullish,of 2 ratings,N/A
JRJC,$4.1406,1440166848174,"94,513",82% bullish,of 11 ratings,N/A
HGSH,NULL,1440166848336,0,67% bullish,of 3 ratings,N/A
CHLN,$1.8501,1440166848470,"1,556",67% bullish,of 3 ratings,N/A
CNIT,$1.55,1440166848678,"3,980",67% bullish,of 6 ratings,N/A
HTHT,$25.5,1440166848754,"5,604",50% bullish,of 2 ratings,$28
CJJD,$1.91,1440166848783,"12,576",100% bullish,of 1 rating,N/A
CPGI,$6.85,1440166848828,200,Not yet rated,NULL,N/A
CREG,$0.8,1440166848855,"8,357",100% bullish,of 3 ratings,N/A
CHNR,$2.04,1440166848989,200,100% bearish,of 1 rating,N/A
CXDC,$6.2,1440166849244,"10,440",67% bullish,of 3 ratings,N/A
CNYD,NULL,1440166849274,0,67% bullish,of 3 ratings,N/A
CSUN,$1.35,1440166849327,"2,332",80% bullish,of 5 ratings,N/A
CNET,$0.8999,1440166849356,"15,018",50% bullish,of 2 ratings,N/A
CCIH,$6.68,1440166849382,"157,745",67% bullish,of 6 ratings,$12.65
CNTF,$0.9197,1440166849515,"25,969",Not yet rated,NULL,N/A
IMOS,$15.94,1440166849546,"20,505",60% bullish,of 5 ratings,$21.50
CHSCL,$26.9,1440166849646,"6,058",Not yet rated,NULL,N/A
CHSCM,$26.07,1440166849745,"4,621",Not yet rated,NULL,N/A
CHSCN,$27.02,1440166849773,462,Not yet rated,NULL,N/A
CHSCP,$30.64,1440166849927,160,Not yet rated,NULL,N/A
CHSCO,$28.4,1440166849966,"4,022",Not yet rated,NULL,N/A
CHDN,$132.79,1440166850028,"25,794",Not yet rated,NULL,$165
CDTX,$14.05,1440166850256,"4,503",Not yet rated,NULL,$22
CIFC,$6.9,1440166850281,"7,398",Not yet rated,NULL,N/A
CMCT,NULL,1440166850331,0,100% bearish,of 1 rating,N/A
CINF,$55,1440166850438,"128,068",50% bullish,of 4 ratings,$50.50
CIDM,$0.66,1440166850474,734,50% bullish,of 2 ratings,$2.10
CMPR,$68.35,1440166850502,"104,240",50% bullish,of 2 ratings,$72.50
CTAS,$86.67,1440166850592,"107,339",100% bearish,of 1 rating,$91
CPHR,$6.2,1440166850624,600,100% bearish,of 1 rating,$16
CRUS,$27.71,1440166850722,"183,568",75% bullish,of 12 ratings,$44.50
CHUY,$31.43,1440166850752,"33,146",50% bullish,of 2 ratings,$34
CSCO,$27.225,1440166850853,"7,705,433",84% bullish,of 208 ratings,$32
CZWI,NULL,1440166851051,0,Not yet rated,NULL,N/A
CTXS,$75.57,1440166851268,"260,741",86% bullish,of 7 ratings,$80
CZFC,NULL,1440166851297,0,Not yet rated,NULL,N/A
CIZN,NULL,1440166851324,0,Not yet rated,NULL,N/A
CIVB,$10.323,1440166851357,885,Not yet rated,NULL,$11
CHCO,$47.5,1440166851461,"22,271",Not yet rated,NULL,$46
CZNC,$19.63,1440166851482,"8,087",Not yet rated,NULL,N/A
CIVBP,NULL,1440166851515,0,Not yet rated,NULL,N/A
CTRN,$28.3,1440166851620,"32,542",100% bearish,of 1 rating,$31.50
CDTI,$1.5657,1440166851798,"20,132",75% bullish,of 4 ratings,$3.20
CLNE,$4.1568,1440166851903,"241,355",80% bullish,of 15 ratings,$9
CLFD,$17.146,1440166851937,"16,886",67% bullish,of 3 ratings,$18
CLNT,$1.79,1440166851964,"2,280",75% bullish,of 8 ratings,N/A
CLRO,$11.92,1440166852227,"1,658",50% bullish,of 2 ratings,$14.25
CLIR,NULL,1440166852358,0,100% bullish,of 3 ratings,N/A
CLVS,$72.385,1440166852496,"92,513",60% bullish,of 5 ratings,$101.50
CBLI,$3.95,1440166852563,"19,651",60% bullish,of 5 ratings,N/A
CCNE,$17.19,1440166852694,"17,858",50% bullish,of 2 ratings,$21.50
CME,$94.59,1440166852720,"286,308",67% bullish,of 3 ratings,$102
CMFN,$11.6,1440166852751,"4,524",100% bearish,of 1 rating,$15.50
CSBK,$13.69,1440166852774,"18,060",Not yet rated,NULL,N/A
CNV,$4.55,1440166852928,"2,000",50% bullish,of 2 ratings,$7.15
CISG,$8.03,1440166852956,"11,954",100% bullish,of 5 ratings,$10
CWAY,$11.32,1440166853035,204,Not yet rated,NULL,N/A
COKE,$156.1233,1440166853235,"10,332",79% bullish,of 19 ratings,N/A
COBZ,$12.95,1440166853261,"23,963",100% bullish,of 1 rating,$14
CDXS,$3.88,1440166853412,"1,939",64% bullish,of 11 ratings,$6
CVLY,NULL,1440166853438,0,Not yet rated,NULL,N/A
CDRB,$11.6301,1440166853483,"2,157",67% bullish,of 3 ratings,N/A
CGNT,$1.6592,1440166853578,"13,010",100% bullish,of 2 ratings,$2
CCOI,$28.42,1440166853612,"83,333",50% bullish,of 4 ratings,$35
JVA,$4.703,1440166853639,"3,100",83% bullish,of 6 ratings,$7
CGNX,$36.03,1440166853773,"111,664",50% bullish,of 2 ratings,$47
CTSH,$65.31,1440166853812,"733,742",90% bullish,of 10 ratings,$75
CHRS,$29.82,1440166853991,"48,902",67% bearish,of 3 ratings,$37
COHU,$9.66,1440166854025,"28,462",100% bearish,of 1 rating,$14.25
COHR,$57.635,1440166854047,"37,258",50% bullish,of 2 ratings,$72
CLRX,$0.4781,1440166854131,"25,868",50% bullish,of 2 ratings,N/A
CLCT,$18.53,1440166854185,"9,757",100% bearish,of 1 rating,N/A
COLL,$15.4101,1440166854237,"11,048",100% bearish,of 1 rating,$26
CBAN,$8.75,1440166854373,300,Not yet rated,NULL,N/A
CLCD,$7.188,1440166854405,"2,911",100% bearish,of 1 rating,$20.50
COLB,$31.08,1440166854541,"95,691",Not yet rated,NULL,$36
CIGI,$45.29,1440166854578,"1,508",100% bearish,of 1 rating,$52
CMCSA,$57.875,1440166854668,"2,958,477",66% bullish,of 35 ratings,$69.50
CMCO,$19.34,1440166854694,"19,839",60% bullish,of 5 ratings,$28
CBMX,$1.1201,1440166854726,"8,247",83% bullish,of 6 ratings,$3.15
COLM,$64.195,1440166854931,"63,851",100% bearish,of 1 rating,$71
CBSH,$45.5,1440166855005,"52,971",50% bullish,of 2 ratings,$46
CMCSK,$58.53,1440166855064,"435,603",Not yet rated,NULL,$84
CVGI,$4.72,1440166855150,"34,238",50% bullish,of 2 ratings,$6
CUBN,$13.8001,1440166855219,395,Not yet rated,NULL,N/A
CBSHP,$25.1901,1440166855245,916,100% bearish,of 1 rating,N/A
CSAL,$21.44,1440166855282,"129,890",75% bullish,of 4 ratings,$30
JCS,NULL,1440166855514,0,67% bullish,of 3 ratings,N/A
COMM,$30.47,1440166855650,"94,693",67% bearish,of 3 ratings,$35
ESXB,$5.1,1440166855688,"2,383",Not yet rated,NULL,N/A
CYHHZ,$0.0101,1440166855720,"3,000",100% bullish,of 1 rating,N/A
CVLT,$36.4,1440166855779,"101,889",75% bullish,of 4 ratings,$44.50
CWBC,$6.75,1440166855810,810,Not yet rated,NULL,N/A
COB,$10.395,1440166855837,"15,526",100% bullish,of 1 rating,$11.75
CTBI,$34.64,1440166855864,"20,849",Not yet rated,NULL,$36
CIZ,$33.8685,1440166856114,"1,729",100% bearish,of 1 rating,N/A
CID,NULL,1440166856247,0,Not yet rated,NULL,N/A
CIL,NULL,1440166856284,0,Not yet rated,NULL,N/A
CSA,NULL,1440166856305,0,Not yet rated,NULL,N/A
CFA,NULL,1440166856336,0,100% bearish,of 1 rating,N/A
CFO,$36.2514,1440166856364,"5,931",100% bearish,of 1 rating,N/A
CSF,$37.1048,1440166856395,"1,958",100% bearish,of 1 rating,N/A
CDC,$35.65,1440166856498,"7,371",Not yet rated,NULL,N/A
CDL,NULL,1440166856713,0,Not yet rated,NULL,N/A
CSB,NULL,1440166856869,0,Not yet rated,NULL,N/A
CPSI,$45.18,1440166856895,"21,202",100% bearish,of 1 rating,$45.50
CTG,$6.7438,1440166856930,"3,683",100% bearish,of 1 rating,$8.50
CGEN,$5.22,1440166856960,"21,080",50% bullish,of 2 ratings,$11
SCOR,$58.95,1440166857063,"89,608",100% bearish,of 1 rating,$66
CMTL,$26.55,1440166857147,"25,218",100% bearish,of 2 ratings,$37
CHCI,NULL,1440166857219,0,50% bullish,of 2 ratings,N/A
CNAT,$4.08,1440166857364,"38,478",83% bullish,of 6 ratings,$13
CNCE,$15.27,1440166857394,"71,797",75% bullish,of 4 ratings,$22
CDOR,$1.41,1440166857425,3,100% bullish,of 1 rating,N/A
CNSI,$18.665,1440166857448,"78,234",100% bearish,of 2 ratings,$29
CXRX,$73.17,1440166857498,"1,799",Not yet rated,NULL,$90
CCUR,$5.1136,1440166857590,"2,915",75% bullish,of 4 ratings,N/A
CDORO,NULL,1440166857736,0,100% bearish,of 1 rating,N/A
CDORP,NULL,1440166857891,0,100% bearish,of 1 rating,N/A
CFMS,$21.1,1440166858215,"39,932",Not yet rated,NULL,$27
CTWS,$34.69,1440166858538,"15,256",100% bearish,of 1 rating,$44
CNFR,$10.5,1440166858564,416,Not yet rated,NULL,N/A
CNOB,$19.81,1440166858720,"38,538",100% bullish,of 1 rating,$23.50
CNMD,$54.81,1440166858751,"34,340",Not yet rated,NULL,$59
CNXR,$6.27,1440166858776,"6,921",100% bearish,of 1 rating,$12
CONN,$31.89,1440166858936,"83,268",67% bullish,of 3 ratings,$48.50
CNSL,$19.945,1440166859007,"84,881",100% bearish,of 1 rating,$23
CTCT,$23.88,1440166859140,"69,206",67% bullish,of 3 ratings,$37
CPSS,$5.611,1440166859184,"18,478",100% bullish,of 1 rating,$10
CFRXZ,NULL,1440166859270,0,Not yet rated,NULL,N/A
CWCO,$10.84,1440166859305,"37,703",67% bullish,of 3 ratings,$14.50
CFRX,$4.9989,1440166859374,"8,315",Not yet rated,NULL,$14
CFRXW,NULL,1440166859400,0,100% bearish,of 1 rating,N/A
CTRV,$3.76,1440166859546,"5,554",Not yet rated,NULL,$6.40
CTRL,$7.81,1440166859691,"34,466",50% bullish,of 2 ratings,$11
CRBP,$2.1899,1440166859828,"387,252",100% bullish,of 2 ratings,$6.25
CPRT,$35.03,1440166859854,"27,608",67% bearish,of 3 ratings,$40
CORT,$4.75,1440166859904,"101,689",67% bullish,of 3 ratings,$12
CORE,$61.725,1440166860042,"18,817",100% bearish,of 1 rating,$72
BVA,NULL,1440166860137,0,50% bullish,of 2 ratings,N/A
CORI,$10.68,1440166860179,"12,550",100% bearish,of 1 rating,$18
CSOD,$37.085,1440166860338,"94,783",50% bullish,of 2 ratings,$42
COST,$142.76,1440166860421,"550,475",83% bullish,of 24 ratings,$154.50
CSGP,$186.68,1440166860471,"6,251",50% bullish,of 2 ratings,$235
COSI,$1.14,1440166860499,"17,132",100% bullish,of 1 rating,N/A
CRVL,$32.49,1440166860529,"12,098",100% bearish,of 1 rating,N/A
CPAH,$0.4625,1440166860627,300,50% bullish,of 2 ratings,N/A
ICBK,NULL,1440166860733,0,Not yet rated,NULL,$21
CVTI,$22.94,1440166861231,"24,216",67% bearish,of 3 ratings,$39
COVS,$2.69,1440166861333,"44,276",67% bullish,of 3 ratings,N/A
COWNL,NULL,1440166861381,0,Not yet rated,NULL,N/A
COWN,$5.15,1440166861460,"201,396",75% bullish,of 4 ratings,$7
CPSH,NULL,1440166861563,0,Not yet rated,NULL,N/A
CRAI,$22.1,1440166861734,"11,610",Not yet rated,NULL,$36
CBRL,$145.185,1440166861839,"108,889",50% bullish,of 2 ratings,$155
BREW,$7.5855,1440166861905,"19,969",67% bullish,of 6 ratings,$15
CRAY,$21.18,1440166862009,"67,546",83% bullish,of 6 ratings,$38.50
GLDI,$11.02,1440166862314,"26,570",100% bearish,of 1 rating,N/A
CACC,$191.405,1440166862348,"7,640",50% bullish,of 2 ratings,$158.50
CRTO,$45.965,1440166862377,"151,878",67% bullish,of 6 ratings,$64
CREE,$25.1663,1440166862408,"165,652",65% bullish,of 17 ratings,$29.50
CRESY,$10.69,1440166862429,871,100% bearish,of 1 rating,$19
SLVO,$10.58,1440166862461,100,100% bearish,of 1 rating,N/A
CROX,$14.12,1440166862506,"161,205",63% bullish,of 8 ratings,$16.50
CCRN,$14.5,1440166862642,"57,538",100% bearish,of 1 rating,$14.25
CRWN,$4.44,1440166862895,"69,054",75% bullish,of 4 ratings,N/A
CRWS,$8,1440166862920,15,Not yet rated,NULL,$10
CYRX,NULL,1440166862978,0,Not yet rated,NULL,$9
CRDS,$1,1440166863004,"4,840",50% bullish,of 4 ratings,$4.50
CYRXW,NULL,1440166863135,0,Not yet rated,NULL,N/A
CCLP,$14.67,1440166863161,"24,221",67% bearish,of 3 ratings,$21
CTCM,$1.71,1440166863341,"26,414",80% bearish,of 5 ratings,$3.90
CSGS,$31.31,1440166863367,"55,903",Not yet rated,NULL,$40
CSPI,$6.18,1440166863405,100,67% bullish,of 3 ratings,N/A
CTIC,$1.68,1440166863534,"764,769",84% bullish,of 76 ratings,$5.75
CTRP,$64.84,1440166863641,"481,413",75% bullish,of 8 ratings,$92
CTIB,NULL,1440166863672,0,100% bearish,of 1 rating,N/A
CUNB,$21.94,1440166863702,"21,842",Not yet rated,NULL,$24.50
CUI,$5.22,1440166863732,"4,891",50% bullish,of 2 ratings,$10
CPIX,$5.66,1440166864058,204,Not yet rated,NULL,N/A
CMLS,$1.22,1440166864084,"300,015",50% bullish,of 4 ratings,$6
CRIS,$2.5319,1440166864322,"172,390",100% bullish,of 8 ratings,$6
CVBF,$16.68,1440166864417,"174,077",Not yet rated,NULL,$18
CUTR,$14.2,1440166864449,"19,996",67% bearish,of 3 ratings,$18
CYBR,$52.8604,1440166864485,"754,920",86% bullish,of 7 ratings,$66
CVV,$11.7275,1440166864507,"7,730",100% bullish,of 5 ratings,N/A
CYAN,$6.97,1440166864545,240,100% bearish,of 1 rating,N/A
CYBE,$6,1440166864576,350,100% bearish,of 1 rating,N/A
CYBX,$67.09,1440166864602,"200,119",50% bullish,of 4 ratings,$70
CYCC,$0.5781,1440166864799,"16,200",73% bullish,of 11 ratings,N/A
CY,$9.5366,1440166864960,"679,010",80% bullish,of 10 ratings,$15.50
CYNA,$15.8001,1440166864990,"6,178",100% bullish,of 1 rating,$31.50
CYCCP,NULL,1440166865011,0,100% bearish,of 1 rating,N/A
CBAY,$2.648,1440166865048,"11,593",100% bullish,of 1 rating,$4
CYNO,$32.535,1440166865070,"58,289",67% bearish,of 3 ratings,$45.50
CYRN,$1.6301,1440166865365,"12,733",67% bullish,of 3 ratings,$4
CONE,$32.7825,1440166865392,"157,306",67% bearish,of 3 ratings,$35
CYTX,$0.376,1440166865443,"295,417",83% bullish,of 12 ratings,$5.50
CYTK,$6.5494,1440166865524,"61,898",71% bullish,of 14 ratings,$13.50
DAEG,NULL,1440166865575,0,100% bearish,of 1 rating,N/A
CYTR,$2.15,1440166865605,"284,188",67% bullish,of 6 ratings,$10
CTSO,$7.18,1440166865653,"24,283",Not yet rated,NULL,$15.625
TVIZ,$14.42,1440166865908,"1,460",100% bearish,of 1 rating,N/A
ZIV,$47.5101,1440166866038,"30,839",Not yet rated,NULL,N/A
XIV,$40.96,1440166866068,"4,148,301",75% bearish,of 4 ratings,N/A
TVIX,$7.53,1440166866090,"4,036,579",81% bullish,of 16 ratings,N/A
DAKT,$11.65,1440166866124,"62,913",50% bullish,of 2 ratings,$14
DARA,$0.8748,1440166866220,"21,686",83% bullish,of 6 ratings,$1.50
DAIO,$2.54,1440166866264,100,Not yet rated,NULL,N/A
DJCO,$198.1,1440166866295,"1,380",Not yet rated,NULL,N/A
DTLK,$5.42,1440166866472,"32,620",100% bearish,of 1 rating,$9
DRAM,NULL,1440166866650,0,78% bullish,of 9 ratings,N/A
DTEA,$13.38,1440166866680,"21,740",100% bearish,of 2 ratings,$24
PLAY,$34.397,1440166866702,"72,781",100% bullish,of 5 ratings,$42
DWCH,$5.04,1440166866736,"1,347",75% bullish,of 4 ratings,$8.25
DWSN,$4.07,1440166866840,"4,934",67% bullish,of 3 ratings,$6
DBVT,$40.2,1440166867002,"13,896",100% bearish,of 1 rating,$53
TRAK,$63,1440166867090,"152,956",50% bullish,of 2 ratings,$62.50
TACO,$13.01,1440166867119,"11,500",100% bullish,of 3 ratings,$20
DHRM,NULL,1440166867145,0,Not yet rated,NULL,N/A
DFRG,$14.43,1440166867174,"43,363",100% bearish,of 1 rating,$20
TACOW,NULL,1440166867209,0,100% bullish,of 1 rating,N/A
DCTH,$0.4754,1440166867303,"39,051",78% bullish,of 9 ratings,N/A
DGAS,$20.23,1440166867333,913,67% bearish,of 3 ratings,N/A
DELT,NULL,1440166867532,0,Not yet rated,NULL,N/A
DELTW,NULL,1440166867584,0,Not yet rated,NULL,N/A
DENN,$12.02,1440166867768,"152,292",100% bullish,of 3 ratings,$15
DEPO,$29.7,1440166867838,"193,708",60% bullish,of 5 ratings,$29
XRAY,$54.59,1440166867865,"127,754",100% bullish,of 1 rating,$58
DSCI,$6.38,1440166867895,"17,437",50% bullish,of 2 ratings,$16
DERM,$24.01,1440166867947,"115,387",100% bearish,of 1 rating,$33.50
DXLG,$4.605,1440166868055,"24,074",100% bearish,of 1 rating,$8
DEST,$11.77,1440166868130,"2,456",50% bullish,of 2 ratings,N/A
DXM,$0.32,1440166868195,"3,300",50% bullish,of 2 ratings,N/A
DHXM,NULL,1440166868231,0,Not yet rated,NULL,N/A
DSWL,$1.75,1440166868273,"1,007",100% bullish,of 1 rating,N/A
DXCM,$89.96,1440166868299,"201,986",57% bullish,of 7 ratings,$98
DMND,$29.89,1440166868445,"52,198",75% bullish,of 12 ratings,$32
FANG,$68.68,1440166868606,"120,044",50% bullish,of 2 ratings,$86
DHIL,$186.2,1440166868636,"5,481",Not yet rated,NULL,N/A
DRNA,$10.0001,1440166869055,"28,230",67% bearish,of 3 ratings,$25
DGLY,$6.915,1440166869087,"50,014",50% bullish,of 6 ratings,$20
DCIX,$1.76,1440166869119,"1,320",50% bullish,of 4 ratings,$3.50
DGII,$9.97,1440166869147,"40,328",100% bearish,of 1 rating,$10
DRAD,$3.86,1440166869178,"2,100",100% bullish,of 1 rating,$5.25
DPRX,$12.165,1440166869204,102,100% bullish,of 2 ratings,$27.75
APPS,$2.275,1440166869233,"67,587",100% bearish,of 1 rating,$10.25
DMRC,$35.43,1440166869283,"18,575",100% bearish,of 1 rating,$44
DIOD,$19.44,1440166869488,"59,886",75% bearish,of 4 ratings,$24
DISCK,$26.03,1440166869621,"467,499",100% bearish,of 1 rating,$32
DISCA,$27.2,1440166869649,"515,891",67% bullish,of 3 ratings,$34
DCOM,$16.88,1440166869677,"42,500",100% bearish,of 2 ratings,$16.50
DISCB,NULL,1440166869806,0,100% bearish,of 1 rating,$35
DISH,$62.04,1440166869890,"430,365",69% bullish,of 13 ratings,$73
DSCO,$0.4353,1440166870076,"13,884",83% bullish,of 6 ratings,$2.75
BAGR,$3.0601,1440166870106,"7,069",100% bearish,of 1 rating,$6
DLTR,$79.17,1440166870133,"426,405",82% bullish,of 11 ratings,$88
DVCR,$10.47,1440166870180,"3,583",100% bullish,of 1 rating,N/A
DLHC,NULL,1440166870209,0,100% bearish,of 1 rating,N/A
DNBF,$27.2501,1440166870263,"5,327",Not yet rated,NULL,$27.50
DGICA,$14.09,1440166870409,"10,610",100% bearish,of 1 rating,$17
DGICB,NULL,1440166870436,0,100% bearish,of 1 rating,N/A
DMLP,$13.8999,1440166870635,"9,268",100% bearish,of 1 rating,N/A
DORM,$50.33,1440166870687,"50,398",100% bearish,of 1 rating,$56
DRWIW,$0.062,1440166870864,110,Not yet rated,NULL,N/A
DWA,$18.52,1440166870903,"169,121",63% bullish,of 8 ratings,$26
HILL,$9.68,1440166871008,"359,669",60% bearish,of 5 ratings,$9.75
DRWI,$0.2601,1440166871050,"73,044",60% bullish,of 5 ratings,$.45
DSKX,$3.25,1440166871080,"35,573",100% bullish,of 1 rating,N/A
DRYS,$0.3476,1440166871148,"315,224",77% bullish,of 31 ratings,$.60
CADT,$10.02,1440166871176,103,Not yet rated,NULL,N/A
DSPG,$8.67,1440166871207,"33,012",100% bearish,of 1 rating,$13.50
CADTR,NULL,1440166871247,0,Not yet rated,NULL,N/A
CADTW,NULL,1440166871443,0,Not yet rated,NULL,N/A
CADTU,NULL,1440166871533,0,Not yet rated,NULL,N/A
DTSI,$26.4699,1440166871559,"19,915",100% bearish,of 2 ratings,$39.50
DNKN,$50.2,1440166871694,"159,606",67% bullish,of 15 ratings,$56.50
DRRX,$2.0749,1440166871729,"183,522",50% bullish,of 6 ratings,$3
DXPE,$28.56,1440166871826,"22,556",50% bullish,of 2 ratings,N/A
DYAX,$22.47,1440166871851,"233,771",89% bullish,of 9 ratings,$30
BOOM,$10.2,1440166871881,"8,330",67% bullish,of 3 ratings,$12
DYSL,$1.5008,1440166872011,"44,553",100% bullish,of 2 ratings,N/A
DYNT,NULL,1440166872041,0,75% bullish,of 4 ratings,N/A
EBMT,$11.5,1440166872138,"3,804",Not yet rated,NULL,$13.50
DVAX,$26.9611,1440166872180,"79,344",70% bullish,of 10 ratings,$40
ETFC,$25.98,1440166872244,"686,497",57% bullish,of 14 ratings,$33
EGBN,$43.09,1440166872272,"41,216",Not yet rated,NULL,$48
EGLE,$6.23,1440166872325,"16,814",60% bullish,of 5 ratings,N/A
EGRX,$64.13,1440166872508,"82,349",67% bullish,of 3 ratings,$97
EROC,$1.13,1440166872604,"87,948",50% bullish,of 2 ratings,$3
ELNK,$8.66,1440166872637,"213,729",60% bullish,of 5 ratings,$9.50
EML,$16.65,1440166872764,"2,818",Not yet rated,NULL,N/A
EACQU,NULL,1440166872794,0,Not yet rated,NULL,N/A
EBAY,$26.49,1440166872816,"2,495,728",81% bullish,of 117 ratings,$48
EWBC,$42.03,1440166872851,"185,680",100% bearish,of 1 rating,$50
EVBS,$6.5,1440166872951,384,Not yet rated,NULL,$7
EBIX,$29.18,1440166873094,"70,965",69% bullish,of 13 ratings,$40
ELON,$0.5426,1440166873166,"17,986",50% bullish,of 2 ratings,N/A
ECHO,$24.81,1440166873193,"83,270",67% bearish,of 3 ratings,$35.50
SATS,$44.74,1440166873214,"11,521",50% bullish,of 2 ratings,$60
ECACU,$10.1,1440166873405,19,Not yet rated,NULL,N/A
ECTE,$1.4601,1440166873438,"14,086",75% bullish,of 4 ratings,N/A
EDGW,$6.97,1440166873538,509,100% bearish,of 1 rating,N/A
EEI,$11.21,1440166873572,"1,200",67% bearish,of 3 ratings,N/A
EDAP,$3.15,1440166873601,"46,765",60% bullish,of 5 ratings,$4.50
ESES,$3.39,1440166873627,214,100% bearish,of 1 rating,$7
EDUC,$4.91,1440166873671,896,100% bearish,of 1 rating,N/A
EFUT,NULL,1440166873848,0,Not yet rated,NULL,N/A
EHTH,$14.125,1440166873993,"37,006",50% bullish,of 4 ratings,$16.50
LOCO,$12.494,1440166874026,"236,347",69% bullish,of 13 ratings,$20
EMITF,NULL,1440166874067,0,75% bullish,of 4 ratings,N/A
EGLT,$11.36,1440166874126,"2,995",50% bullish,of 2 ratings,$21
ESLT,$80.9332,1440166874153,562,100% bullish,of 2 ratings,N/A
ELRC,$10.21,1440166874320,"36,359",100% bearish,of 1 rating,N/A
ERI,$9.545,1440166874394,"48,234",100% bearish,of 1 rating,$10
ESIO,$4.645,1440166874451,"6,322",50% bullish,of 2 ratings,$10
EA,$66.655,1440166874505,"975,817",77% bullish,of 35 ratings,$80
ELSE,NULL,1440166874607,0,60% bullish,of 5 ratings,N/A
ELEC,NULL,1440166874636,0,Not yet rated,NULL,N/A
EFII,$44.28,1440166874664,"57,703",80% bullish,of 5 ratings,$55
EGAN,$3.52,1440166874691,566,50% bullish,of 2 ratings,$6.25
ELECU,NULL,1440166874864,0,Not yet rated,NULL,N/A
ELECW,NULL,1440166874941,0,Not yet rated,NULL,N/A
EBIO,$3.2938,1440166875025,"164,781",100% bearish,of 2 ratings,$8.35
RDEN,$10.34,1440166875097,"40,695",100% bearish,of 4 ratings,$15
ESBK,$19.79,1440166875246,126,Not yet rated,NULL,N/A
ELTK,$1.13,1440166875285,"1,100",67% bearish,of 3 ratings,N/A
LONG,$17.09,1440166875415,"3,200",67% bullish,of 3 ratings,$15.75
EMCF,NULL,1440166875442,0,100% bearish,of 1 rating,N/A
EMMS,$1.3409,1440166875516,100,67% bullish,of 6 ratings,N/A
CAPX,NULL,1440166875577,0,Not yet rated,NULL,N/A
EMCI,$23.28,1440166875605,"7,676",Not yet rated,NULL,N/A
EMKR,$7.04,1440166875634,"16,760",75% bullish,of 4 ratings,$8.50
EMMSP,NULL,1440166875769,0,100% bearish,of 1 rating,N/A
ERS,NULL,1440166875852,0,Not yet rated,NULL,N/A
ENTA,$39.75,1440166876001,"35,406",50% bullish,of 2 ratings,$42
ECPG,$38.66,1440166876083,"42,262",100% bullish,of 2 ratings,$52
ENDP,$79.77,1440166876272,"244,137",50% bullish,of 6 ratings,$104
WIRE,$32.905,1440166876313,"35,994",100% bearish,of 1 rating,$37
NYNY,$4.01,1440166876371,"16,222",50% bullish,of 2 ratings,N/A
ECYT,$5.2201,1440166876401,"81,936",83% bullish,of 6 ratings,$12
WATT,$6.89,1440166876505,"10,516",50% bullish,of 2 ratings,$13
ELGX,$13.01,1440166876534,"199,554",75% bullish,of 4 ratings,$17
EIGI,$15.345,1440166876560,"134,559",67% bearish,of 3 ratings,$22.50
ENOC,$8.03,1440166876753,"58,256",75% bullish,of 4 ratings,$18
ERII,$2.877,1440166876842,"6,534",80% bullish,of 5 ratings,$2.50
ENG,$1.0001,1440166876868,804,100% bullish,of 3 ratings,N/A
ENPH,$4.5199,1440166876906,"107,219",75% bullish,of 4 ratings,$11
EXXI,$1.47,1440166876939,"294,642",86% bullish,of 7 ratings,$3.50
EFOI,$17.0628,1440166876997,"84,723",50% bullish,of 2 ratings,$20.50
ESGR,$151.974,1440166877102,"6,813",100% bearish,of 1 rating,$185
ENTG,$13.88,1440166877270,"199,676",100% bearish,of 1 rating,$18
ENFC,NULL,1440166877345,0,Not yet rated,NULL,N/A
ENTL,$21.54,1440166877408,"4,592",Not yet rated,NULL,$28
EFSC,$24.53,1440166877430,"27,278",Not yet rated,NULL,$27
EBTC,$20,1440166877474,"4,715",Not yet rated,NULL,N/A
ETRM,$0.2315,1440166877507,"161,357",69% bearish,of 35 ratings,$1.625
ENVI,$1.86,1440166877571,"1,104",67% bullish,of 3 ratings,N/A
EGT,NULL,1440166877703,0,100% bullish,of 1 rating,N/A
ENZN,$1.015,1440166877835,"254,194",100% bullish,of 9 ratings,N/A
ENZY,$8.91,1440166877908,"1,850",67% bullish,of 3 ratings,$9.50
EPIQ,$13.84,1440166877979,"42,096",100% bearish,of 1 rating,$18
EPRS,$4.7,1440166878059,"17,483",82% bullish,of 11 ratings,$15
EPZM,$16.01,1440166878114,"73,630",60% bullish,of 5 ratings,$34
PLUS,$79.01,1440166878155,"20,129",50% bullish,of 2 ratings,$88
EQIX,$278.465,1440166878218,"93,749",67% bullish,of 3 ratings,$312.50
EQFN,NULL,1440166878755,0,Not yet rated,NULL,N/A
EAC,$3.636,1440166878791,571,100% bearish,of 1 rating,$8
ERIE,$85.9799,1440166878856,"2,738",Not yet rated,NULL,$73
ERIC,$9.98,1440166878938,"310,023",63% bullish,of 8 ratings,$12.20
ESCR,$0.19,1440166878964,600,50% bullish,of 2 ratings,N/A
ESCA,$18.26,1440166879020,"9,877",100% bearish,of 1 rating,$22
ESCRP,$1.65,1440166879106,900,100% bearish,of 1 rating,N/A
ESMC,NULL,1440166879132,0,Not yet rated,NULL,N/A
EPIX,NULL,1440166879490,0,Not yet rated,NULL,N/A
ESPR,$55.0199,1440166879553,"339,186",67% bearish,of 9 ratings,$123
ESSA,$12.7101,1440166879580,608,100% bearish,of 1 rating,N/A
ESND,$35.43,1440166879606,"26,380",50% bullish,of 2 ratings,$40
EEFT,$65.89,1440166879742,"80,484",100% bearish,of 1 rating,$67.50
ETSY,$13.83,1440166879775,"246,383",80% bullish,of 5 ratings,$16
CLWT,NULL,1440166879799,0,100% bearish,of 1 rating,N/A
ESSX,$0.48,1440166879877,"4,190",50% bullish,of 2 ratings,N/A
ESEA,$6.11,1440166879984,6,100% bullish,of 1 rating,$15
EVEP,$7.5999,1440166880010,"79,304",50% bullish,of 2 ratings,$15
EVK,$3.89,1440166880199,100,75% bearish,of 4 ratings,N/A
EVLV,$2.18,1440166880249,"17,303",60% bullish,of 5 ratings,$6.50
EXA,$10.53,1440166880505,300,100% bearish,of 1 rating,$13
EVOK,$4.3,1440166880576,"29,489",100% bearish,of 1 rating,$13.375
EXAS,$20.6725,1440166880608,"276,435",78% bullish,of 9 ratings,$31
EXEL,$5.22,1440166880676,"1,159,182",81% bullish,of 16 ratings,$6
EXAC,$18.7,1440166880702,"15,194",100% bearish,of 1 rating,$22.50
EVOL,$5.9901,1440166880742,500,75% bullish,of 4 ratings,$10
EXFO,NULL,1440166880773,0,67% bearish,of 3 ratings,$3.95
EXLS,$37.025,1440166880914,"24,795",100% bullish,of 1 rating,$41
EXPE,$118.0763,1440166881016,"169,754",64% bullish,of 11 ratings,$130
EXPD,$49.12,1440166881104,"246,478",80% bullish,of 5 ratings,$51.50
EXPO,$42.84,1440166881131,"38,553",100% bearish,of 1 rating,$45.50
ESRX,$87.212,1440166881264,"906,259",67% bearish,of 6 ratings,$101
EXTR,$2.93,1440166881327,"227,334",80% bullish,of 5 ratings,$3
EYEG,$4.05,1440166881399,"4,905",Not yet rated,NULL,N/A
EXLP,$19.05,1440166881427,"17,489",100% bearish,of 1 rating,$27
EZPW,$6.11,1440166881500,"45,797",50% bullish,of 4 ratings,$7.50
FFIV,$126.405,1440166881606,"101,994",63% bullish,of 8 ratings,$132
EZCH,$21.65,1440166881638,"23,888",75% bullish,of 8 ratings,$19.50
EYEGW,$1.34,1440166881659,600,Not yet rated,NULL,N/A
FB,$88.575,1440166881690,"11,821,478",73% bullish,of 1065 ratings,$111
FRP,$17.105,1440166881823,"18,445",100% bearish,of 1 rating,$18
FCS,$13.3299,1440166881849,"193,041",67% bearish,of 3 ratings,$17
FWM,$2.21,1440166881997,"44,770",100% bearish,of 2 ratings,$3.20
DAVE,$13.92,1440166882130,"6,339",100% bearish,of 1 rating,$15.50
FALC,$1.63,1440166882158,363,63% bearish,of 8 ratings,N/A
FARM,$22.31,1440166882289,"6,138",100% bearish,of 1 rating,$35
FARO,$38.86,1440166882317,"30,247",50% bullish,of 2 ratings,$48
FMNB,$8.03,1440166882339,100,Not yet rated,NULL,N/A
FFKT,$26.73,1440166882372,"5,071",Not yet rated,NULL,$29
FATE,$5.85,1440166882402,"12,691",50% bullish,of 2 ratings,$11
FAST,$39.655,1440166882468,"644,024",80% bullish,of 5 ratings,$46
FBRC,$22.5,1440166882598,300,100% bearish,of 1 rating,$29
FDML,$8.98,1440166882633,"61,347",50% bullish,of 4 ratings,$14
FBSS,NULL,1440166882887,0,Not yet rated,NULL,N/A
FEIC,$78.55,1440166883022,"110,020",50% bullish,of 2 ratings,$95.50
FNHC,$22.145,1440166883101,"27,166",100% bearish,of 1 rating,$35
FCSC,$5.68,1440166883131,"64,386",100% bearish,of 1 rating,$8.125
FENX,$9.69,1440166883199,"20,218",100% bullish,of 1 rating,$14.25
FGEN,$23.21,1440166883228,"153,242",100% bearish,of 1 rating,$39
FHCO,$1.42,1440166883263,"1,040",50% bullish,of 4 ratings,N/A
LION,$19.23,1440166883363,"44,933",100% bullish,of 1 rating,$20
ONEQ,$189.981,1440166883390,"12,720",100% bullish,of 1 rating,N/A
FDUS,$14.644,1440166883467,"17,206",100% bullish,of 1 rating,$18
FSC,$6.515,1440166883561,"110,149",75% bullish,of 4 ratings,$8
FSAM,$8.73,1440166883610,"3,512",100% bearish,of 1 rating,$11
FSCFL,$24.7,1440166883711,"2,064",Not yet rated,NULL,N/A
FITB,$20.1838,1440166883740,"1,479,962",54% bullish,of 13 ratings,$22
FSFR,$8.98,1440166883766,"18,472",100% bearish,of 1 rating,$11.50
FRGI,$53.015,1440166883990,"42,097",50% bullish,of 2 ratings,$70
FISI,$24.7836,1440166884148,"24,647",100% bullish,of 2 ratings,$24.50
FITBI,$27.75,1440166884209,525,Not yet rated,NULL,N/A
FNSR,$15.71,1440166884243,"316,492",71% bullish,of 7 ratings,$24.50
FNGN,$33.1,1440166884303,"109,957",67% bullish,of 3 ratings,$47
FNTC,NULL,1440166884337,0,Not yet rated,NULL,N/A
FNTCW,NULL,1440166884364,0,Not yet rated,NULL,N/A
FNJN,$1.66,1440166884440,"3,181",100% bearish,of 1 rating,$5
FNTCU,NULL,1440166884467,0,Not yet rated,NULL,N/A
FEYE,$38.2701,1440166884605,"1,950,734",87% bullish,of 15 ratings,$55.50
FNLC,$18.6,1440166884711,"6,892",100% bullish,of 1 rating,N/A
FBNC,$16.7,1440166884740,"25,660",100% bullish,of 1 rating,$20
FRBA,$6.06,1440166884770,181,Not yet rated,NULL,$8
FBIZ,$43.8,1440166884843,"7,112",100% bearish,of 2 ratings,$52
BUSE,$6.31,1440166884902,"94,958",Not yet rated,NULL,$6.875
FCVA,NULL,1440166884974,0,Not yet rated,NULL,N/A
FCFS,$38.021,1440166885107,"26,726",100% bearish,of 2 ratings,$48
FCAP,NULL,1440166885142,0,Not yet rated,NULL,N/A
FCNCA,$241.67,1440166885167,"11,554",Not yet rated,NULL,N/A
FCLF,NULL,1440166885242,0,Not yet rated,NULL,N/A
FCCO,NULL,1440166885266,0,Not yet rated,NULL,$13.25
FCBC,$17.685,1440166885297,"21,544",Not yet rated,NULL,$18
FCFP,$6.9,1440166885598,"1,000",Not yet rated,NULL,N/A
FBNK,$16.59,1440166885633,"31,448",100% bearish,of 1 rating,$17.50
FFBC,$18.81,1440166885654,"78,443",67% bearish,of 3 ratings,$20.25
FFNM,NULL,1440166885676,0,Not yet rated,NULL,N/A
FDEF,$37.95,1440166885715,"18,010",Not yet rated,NULL,$38
FFBCW,NULL,1440166885748,0,100% bearish,of 1 rating,N/A
THFF,$33.205,1440166885821,"15,168",Not yet rated,NULL,$35
FFIN,$30.9,1440166885846,"114,950",50% bullish,of 2 ratings,$31.75
INBK,$31.61,1440166886014,"3,718",50% bullish,of 2 ratings,$37
FIBK,$27.12,1440166886044,"30,418",Not yet rated,NULL,$32
FFWM,$21.16,1440166886072,"2,408",Not yet rated,NULL,$24
FFNW,$12.369,1440166886118,"2,000",Not yet rated,NULL,$14
FRME,$25.15,1440166886145,"76,629",Not yet rated,NULL,$26.50
FMBH,NULL,1440166886372,0,Not yet rated,NULL,N/A
FNFG,$9.24,1440166886449,"274,665",80% bullish,of 5 ratings,$9
FMBI,$17.8,1440166886482,"110,832",Not yet rated,NULL,$20
FSFG,NULL,1440166886582,0,Not yet rated,NULL,N/A
FSGI,$2.49,1440166886614,200,Not yet rated,NULL,N/A
FNBC,$34.06,1440166886636,"29,804",Not yet rated,NULL,$41.50
FNWB,$12.09,1440166886665,"2,210",Not yet rated,NULL,N/A
FSBK,$7.73,1440166886801,200,100% bullish,of 1 rating,N/A
FSLR,$47.6,1440166886851,"362,288",74% bullish,of 39 ratings,$65
BICK,$19.6,1440166887002,"1,198",100% bullish,of 1 rating,N/A
FBZ,NULL,1440166887034,0,Not yet rated,NULL,N/A
FCAN,$24.47,1440166887060,22,Not yet rated,NULL,N/A
FV,$23.6269,1440166887254,"682,898",Not yet rated,NULL,N/A
FCA,$20.14,1440166887281,"1,987",Not yet rated,NULL,N/A
IFV,$17.9804,1440166887314,"470,128",100% bearish,of 1 rating,N/A
FTCS,$37.4,1440166887335,"7,789",Not yet rated,NULL,N/A
FTSM,$59.904,1440166887410,"1,364",100% bearish,of 1 rating,N/A
FEUZ,NULL,1440166887469,0,Not yet rated,NULL,N/A
TDIV,$25.09,1440166887495,"182,783",100% bearish,of 1 rating,N/A
FEMB,NULL,1440166887523,0,Not yet rated,NULL,N/A
MDIV,$19.3812,1440166887702,"56,520",Not yet rated,NULL,N/A
FTGC,$22.3499,1440166887727,"97,812",Not yet rated,NULL,N/A
FGM,$35.726,1440166887800,"10,930",Not yet rated,NULL,N/A
FTHI,$19.82,1440166887930,"2,400",Not yet rated,NULL,N/A
HYLS,$49.37,1440166887961,"17,373",100% bearish,of 1 rating,N/A
FHK,$33.41,1440166887983,"13,751",Not yet rated,NULL,N/A
FPXI,NULL,1440166888064,0,Not yet rated,NULL,N/A
YDIV,$16.66,1440166888157,"1,892",Not yet rated,NULL,N/A
CU,$12.9,1440166888188,225,100% bearish,of 1 rating,N/A
SKYY,$29.3899,1440166888221,"27,010",100% bullish,of 1 rating,N/A
PLTM,NULL,1440166888242,0,100% bearish,of 1 rating,N/A
FJP,$47.4809,1440166888321,"14,490",Not yet rated,NULL,N/A
FTLB,$19.58,1440166888468,843,100% bearish,of 1 rating,N/A
LMBS,$50.45,1440166888513,700,Not yet rated,NULL,N/A
FMB,NULL,1440166888597,0,Not yet rated,NULL,N/A
QABA,$37.86,1440166888624,"20,031",100% bearish,of 1 rating,N/A
FONE,$35,1440166888774,300,Not yet rated,NULL,N/A
CIBR,$18.4199,1440166888801,"32,587",Not yet rated,NULL,N/A
QCLN,$14.9202,1440166888881,"2,745",Not yet rated,NULL,N/A
GRID,$33.62,1440166888980,24,100% bearish,of 1 rating,N/A
CARZ,$35.18,1440166889009,741,100% bearish,of 1 rating,N/A
RDVY,$21.63,1440166889038,"58,418",Not yet rated,NULL,N/A
QQEW,$42.1999,1440166889059,"28,561",Not yet rated,NULL,N/A
QTEC,$40.25,1440166889096,"39,645",Not yet rated,NULL,N/A
QQXT,$41.0699,1440166889206,"6,302",Not yet rated,NULL,N/A
QINC,$20.94,1440166889353,"1,500",Not yet rated,NULL,N/A
FDIV,$47.53,1440166889512,"4,648",100% bearish,of 1 rating,N/A
AIRR,NULL,1440166889538,0,100% bearish,of 1 rating,N/A
FTSL,$48.825,1440166889560,"10,612",100% bearish,of 1 rating,N/A
FKO,$22.07,1440166889612,"2,500",Not yet rated,NULL,N/A
FTW,NULL,1440166889821,0,Not yet rated,NULL,N/A
TUSA,NULL,1440166889850,0,Not yet rated,NULL,N/A
FSZ,$39.49,1440166889879,"9,096",Not yet rated,NULL,N/A
FUNC,$8.23,1440166889906,200,Not yet rated,NULL,N/A
FKU,$42.4825,1440166889936,"11,578",Not yet rated,NULL,N/A
SVVC,$10.2701,1440166890064,"15,458",100% bullish,of 1 rating,$26
FSV,$32.03,1440166890092,"6,600",Not yet rated,NULL,$33.60
FMER,$17.63,1440166890118,"353,355",50% bullish,of 2 ratings,$20
FIVE,$35.58,1440166890267,"122,148",75% bearish,of 4 ratings,$44
FISV,$87.5801,1440166890292,"240,850",100% bearish,of 3 ratings,$90
FPRX,$18.225,1440166890446,"71,395",50% bullish,of 2 ratings,$35
FLKS,$14,1440166890645,"22,065",50% bullish,of 2 ratings,$27
FLML,$20.92,1440166890708,"43,867",50% bullish,of 2 ratings,$30
FLXN,$24.265,1440166890740,"29,290",100% bearish,of 1 rating,$40
FIVN,$4.1,1440166890768,"58,492",100% bullish,of 1 rating,$8.50
FLXS,$31.26,1440166890795,"9,986",100% bearish,of 2 ratings,N/A
MBSD,NULL,1440166890826,0,Not yet rated,NULL,N/A
FLEX,$10.65,1440166890848,"333,262",63% bullish,of 8 ratings,$12
SKOR,$50.52,1440166890880,100,Not yet rated,NULL,N/A
FLIR,$29.4,1440166891060,"118,302",100% bearish,of 1 rating,$38.50
FLDM,$12.38,1440166891088,"114,314",67% bearish,of 3 ratings,$21.50
FOMX,$9.755,1440166891220,"43,239",50% bullish,of 2 ratings,$23.50
FOGO,$18.62,1440166891246,"7,071",50% bullish,of 2 ratings,$25.50
FFIC,$20.264,1440166891310,"19,843",Not yet rated,NULL,$21
FONR,$9.65,1440166891445,"5,838",100% bullish,of 1 rating,N/A
FES,NULL,1440166891550,0,50% bullish,of 2 ratings,$1
FORR,$32.55,1440166891583,"16,818",Not yet rated,NULL,N/A
FORM,$6.13,1440166891613,"96,745",67% bullish,of 3 ratings,$10.50
FORTY,$32.07,1440166891682,488,Not yet rated,NULL,N/A
FTNT,$43.85,1440166891709,"357,661",80% bullish,of 10 ratings,$52
FBIO,$2.78,1440166891843,"26,995",83% bullish,of 6 ratings,N/A
FORD,$1.04,1440166891871,"6,516",50% bullish,of 2 ratings,N/A
FWRD,$46.66,1440166891893,"51,815",100% bearish,of 1 rating,$50
FWP,$24.74,1440166892028,"2,790",100% bearish,of 1 rating,$45
FOSL,$60.3,1440166892054,"101,650",50% bullish,of 4 ratings,$80
FXCB,$17.07,1440166892187,"8,094",Not yet rated,NULL,$19
FMI,$20.98,1440166892247,"90,997",100% bearish,of 2 ratings,$27.50
FOXF,$15.25,1440166892382,"21,574",100% bearish,of 1 rating,$19
FELE,$29.27,1440166892410,"78,522",50% bullish,of 4 ratings,$33
FRED,$14.5,1440166892486,"66,044",50% bullish,of 2 ratings,$16.50
FRAN,$10.33,1440166892545,"83,647",50% bullish,of 4 ratings,$15
FREE,$0.4378,1440166892644,"341,044",92% bullish,of 12 ratings,N/A
FEIM,NULL,1440166892674,0,100% bearish,of 1 rating,N/A
FRPT,$12.9899,1440166892702,"79,913",67% bearish,of 3 ratings,$23.50
RAIL,$20.87,1440166892724,"26,777",100% bearish,of 1 rating,$24.50
FTR,$5.25,1440166892857,"2,428,770",78% bullish,of 27 ratings,$6.25
FRPH,$30.52,1440166892990,"8,406",100% bearish,of 1 rating,N/A
FSBW,$23,1440166893022,100,Not yet rated,NULL,N/A
FTRPR,$103.45,1440166893044,"7,283",100% bearish,of 1 rating,N/A
FTD,$29.85,1440166893122,"28,253",100% bearish,of 1 rating,$40
FSYS,$6.3994,1440166893205,"6,303",67% bullish,of 3 ratings,$10
FULT,$12.455,1440166893398,"308,258",100% bearish,of 1 rating,$13
FULL,$3.2001,1440166893433,"8,449",67% bearish,of 3 ratings,$4.25
FULLL,$25.4,1440166893463,800,Not yet rated,NULL,N/A
FLL,$1.4899,1440166893485,"7,300",75% bullish,of 4 ratings,$2.825
FTEK,$2.21,1440166893526,"12,394",75% bullish,of 4 ratings,N/A
FCEL,$0.7541,1440166893557,"606,188",88% bullish,of 40 ratings,$2.65
FFHL,NULL,1440166893619,0,50% bullish,of 4 ratings,N/A
FSNN,$2.5,1440166893657,100,67% bullish,of 3 ratings,$6
FXEN,$0.97,1440166893843,"4,244",75% bullish,of 4 ratings,$1.10
FXENP,$16.3,1440166894012,100,100% bearish,of 1 rating,N/A
GLPG,$62.24,1440166894043,"9,487",100% bullish,of 1 rating,$75
WILC,$5.17,1440166894069,275,100% bullish,of 2 ratings,N/A
GAIA,$5.85,1440166894143,"3,288",50% bullish,of 2 ratings,$8.50
GALTU,NULL,1440166894200,0,100% bearish,of 1 rating,N/A
GK,$70.32,1440166894228,"28,112",Not yet rated,NULL,$78
GALTW,NULL,1440166894289,0,100% bullish,of 1 rating,N/A
GALT,$1.9412,1440166894314,"9,751",80% bullish,of 5 ratings,N/A
GALE,$1.3179,1440166894461,"688,876",89% bullish,of 47 ratings,$4
GPIC,NULL,1440166894503,0,100% bearish,of 1 rating,N/A
GLPI,$32.26,1440166894562,"102,824",100% bearish,of 1 rating,$37.50
GLMD,$8.5,1440166894588,"2,512",67% bullish,of 3 ratings,$20.50
GRMN,$38.855,1440166894648,"219,813",50% bullish,of 6 ratings,$48
GGAC,NULL,1440166894814,0,100% bearish,of 1 rating,N/A
GGACR,NULL,1440166894860,0,100% bullish,of 1 rating,N/A
GGACU,NULL,1440166894893,0,Not yet rated,NULL,N/A
GGACW,$0.12,1440166894994,274,Not yet rated,NULL,N/A
GENC,NULL,1440166895060,0,100% bearish,of 1 rating,N/A
GNCMA,$16.745,1440166895088,"50,655",100% bearish,of 1 rating,$12
GARS,$14.8355,1440166895166,"7,463",Not yet rated,NULL,$16
GFNCP,NULL,1440166895302,0,Not yet rated,NULL,N/A
GFNSL,NULL,1440166895330,0,Not yet rated,NULL,N/A
GFN,$3.7653,1440166895356,"15,749",100% bearish,of 2 ratings,$8
GENE,$2.4813,1440166895463,"45,407",100% bullish,of 12 ratings,N/A
GNCA,$12.46,1440166895546,"66,889",100% bearish,of 1 rating,$20
GNMK,$9.03,1440166895576,"91,127",67% bullish,of 6 ratings,$14
GHDX,$25.19,1440166895706,"26,059",50% bullish,of 2 ratings,$30
THRM,$44.78,1440166895809,"82,630",75% bearish,of 4 ratings,$55.50
GNVC,$2.44,1440166895839,"2,820",90% bullish,of 10 ratings,$8.50
GNTX,$15.35,1440166895866,"230,077",Not yet rated,NULL,$20
GTWN,NULL,1440166895892,0,Not yet rated,NULL,N/A
GEVO,$2.1821,1440166896039,"62,927",75% bullish,of 12 ratings,$5
GERN,$3.0801,1440166896084,"728,372",88% bullish,of 16 ratings,$5.25
GABC,$29.51,1440166896110,"16,540",Not yet rated,NULL,$31.50
GEOS,$15.13,1440166896188,"23,322",100% bearish,of 3 ratings,$25.50
ROCK,$17.65,1440166896243,"60,060",80% bullish,of 5 ratings,$24
GIII,$66,1440166896375,"66,731",67% bullish,of 3 ratings,$75
GIGA,$1.46,1440166896404,200,100% bearish,of 1 rating,N/A
GIGM,$0.6205,1440166896425,"10,500",100% bullish,of 2 ratings,N/A
GBCI,$26.32,1440166896605,"106,347",50% bullish,of 2 ratings,$31
GILD,$110.89,1440166896633,"3,141,800",91% bullish,of 86 ratings,$129
GILT,$4.46,1440166896663,110,50% bullish,of 2 ratings,N/A
GLADO,$25.5,1440166896769,"1,000",Not yet rated,NULL,N/A
GOOD,$15.4788,1440166896820,"33,608",Not yet rated,NULL,$19
GLAD,$8.58,1440166896848,"56,297",50% bullish,of 2 ratings,$8.75
GOODN,$25.64,1440166896872,286,Not yet rated,NULL,N/A
GOODO,$25,1440166897005,501,Not yet rated,NULL,N/A
GAIN,$7.65,1440166897034,"67,311",100% bullish,of 2 ratings,$8.25
GOODP,NULL,1440166897102,0,Not yet rated,NULL,N/A
GAINO,$25.2852,1440166897249,500,Not yet rated,NULL,N/A
GAINP,$26.0375,1440166897316,850,Not yet rated,NULL,N/A
GAINN,NULL,1440166897344,0,Not yet rated,NULL,N/A
GLBZ,NULL,1440166897380,0,Not yet rated,NULL,N/A
LAND,$9.35,1440166897475,"1,300",50% bullish,of 2 ratings,$13.75
GBT,$44.73,1440166897561,"111,297",100% bearish,of 1 rating,N/A
ENT,$11.61,1440166897590,"69,681",100% bearish,of 1 rating,$18
GDEF,NULL,1440166897619,0,Not yet rated,NULL,N/A
GBLI,$26.25,1440166897719,"6,074",Not yet rated,NULL,N/A
GSOL,$8.38,1440166897852,"1,236",100% bearish,of 1 rating,N/A
ACTX,NULL,1440166897898,0,100% bullish,of 1 rating,N/A
GPACU,NULL,1440166897928,0,Not yet rated,NULL,N/A
QQQC,$19.6055,1440166898033,"3,350",100% bearish,of 1 rating,N/A
SOCL,$17.56,1440166898059,"34,493",100% bullish,of 2 ratings,N/A
ALTY,NULL,1440166898141,0,Not yet rated,NULL,N/A
SRET,$13.794,1440166898271,"1,774",Not yet rated,NULL,N/A
YLCO,$11.8536,1440166898476,134,Not yet rated,NULL,N/A
GAI,$5.74,1440166898511,"1,000",50% bullish,of 2 ratings,N/A
GSM,$13.23,1440166898533,"109,681",50% bullish,of 2 ratings,$24.50
GBIM,$2.2272,1440166898556,"5,385",50% bullish,of 2 ratings,N/A
GLBS,$1.16,1440166898591,100,67% bullish,of 3 ratings,N/A
GLUU,$4.415,1440166898623,"711,259",92% bullish,of 26 ratings,$9
GLYC,$6.9649,1440166898727,"1,450",50% bullish,of 2 ratings,$14
GLRI,$1.27,1440166898756,"36,205",100% bearish,of 1 rating,$6
GOGO,$15.75,1440166898885,"159,834",80% bullish,of 5 ratings,$25
GLNG,$36.29,1440166898917,"63,588",83% bullish,of 6 ratings,$58
GLDC,NULL,1440166898987,0,50% bullish,of 2 ratings,N/A
GMLP,$19.455,1440166899013,"18,166",50% bullish,of 4 ratings,$32.50
GDEN,$8.72,1440166899242,740,50% bullish,of 2 ratings,N/A
GBDC,$16.56,1440166899292,"21,867",Not yet rated,NULL,$17.75
GOGL,$3.04,1440166899322,"151,873",75% bullish,of 4 ratings,$5
GOOG,$636.621,1440166899374,"557,862",89% bullish,of 66 ratings,$825
GOOGL,$669.99,1440166899400,"578,660",88% bullish,of 1079 ratings,$749
GPRO,$50.48,1440166899453,"1,661,478",78% bullish,of 58 ratings,$72
GTIM,$6.085,1440166899479,"26,857",Not yet rated,NULL,$11.50
GMAN,$4.53,1440166899548,"29,334",60% bullish,of 5 ratings,$8
GPIAU,NULL,1440166899782,0,Not yet rated,NULL,N/A
LOPE,$36.92,1440166899840,"82,592",100% bearish,of 2 ratings,$50
GPIA,NULL,1440166899866,0,Not yet rated,NULL,N/A
GPIAW,NULL,1440166899943,0,Not yet rated,NULL,N/A
GRVY,$3.38,1440166899999,500,50% bullish,of 2 ratings,N/A
GBSN,$1.815,1440166900029,"61,298",100% bearish,of 1 rating,$8.25
GBSNU,$16.99,1440166900131,"4,501",Not yet rated,NULL,N/A
GSBC,$40.34,1440166900158,"14,832",100% bullish,of 1 rating,$44
GPRE,$19.54,1440166900311,"164,840",67% bullish,of 6 ratings,$28.50
GNBC,$12.21,1440166900392,"7,012",100% bearish,of 1 rating,$17
GLDD,$5.39,1440166900452,"91,150",100% bearish,of 4 ratings,$7.75
GPP,$14.75,1440166900479,"2,486",Not yet rated,NULL,$20.50
GCBC,NULL,1440166900508,0,100% bullish,of 1 rating,N/A
GRBK,$13.46,1440166900639,"67,589",77% bullish,of 13 ratings,N/A
GLRE,$25.3415,1440166900665,"51,710",50% bullish,of 2 ratings,$41
GRPN,$4.08,1440166900887,"1,309,100",61% bullish,of 71 ratings,$6.75
OMAB,$40.275,1440166900913,"4,627",100% bullish,of 1 rating,$44
GRFS,$31.28,1440166900962,"45,973",50% bullish,of 2 ratings,$35
GRIF,NULL,1440166901050,0,100% bearish,of 1 rating,N/A
GSVC,$9.12,1440166901126,"13,969",50% bullish,of 2 ratings,$14.50
GSIT,$4.831,1440166901151,"4,215",100% bearish,of 1 rating,N/A
GBNK,$15.85,1440166901394,"18,884",100% bearish,of 1 rating,$18
GTXI,$0.9075,1440166901423,"2,500",100% bullish,of 5 ratings,$.75
GFED,NULL,1440166901445,0,Not yet rated,NULL,$17
GSIG,$13.24,1440166901488,"24,305",100% bearish,of 2 ratings,N/A
GGAL,$18.49,1440166901590,"54,026",80% bullish,of 5 ratings,$40
GULTU,$0.3,1440166901620,"17,822",100% bearish,of 1 rating,N/A
GIFI,$11.99,1440166901679,"2,678",100% bearish,of 1 rating,$16
GUID,$7.2025,1440166901751,"85,624",100% bearish,of 3 ratings,$10
GURE,$1.757,1440166901999,"2,687",88% bullish,of 8 ratings,N/A
GPOR,$33.545,1440166902035,"97,500",75% bullish,of 4 ratings,$55
GWPH,$105.03,1440166902063,"66,344",78% bullish,of 9 ratings,$148.50
HEES,$16.5,1440166902095,"71,779",67% bearish,of 3 ratings,$31
GWGH,NULL,1440166902122,0,100% bearish,of 1 rating,$15.05
GYRO,$2.87,1440166902198,"24,804",100% bearish,of 1 rating,N/A
HNRG,$7.27,1440166902363,"33,439",100% bearish,of 1 rating,$10
HLG,NULL,1440166902444,0,100% bearish,of 1 rating,N/A
HMPR,$1.91,1440166902504,"40,538",100% bullish,of 1 rating,N/A
HALL,$11.52,1440166902532,"17,702",Not yet rated,NULL,N/A
HALO,$17.28,1440166902563,"365,743",67% bullish,of 3 ratings,$22.50
HBK,NULL,1440166902595,0,50% bullish,of 2 ratings,N/A
HBHC,$27.14,1440166902623,"150,150",50% bullish,of 2 ratings,$30
HBHCL,$24.5625,1440166902697,"1,953",Not yet rated,NULL,N/A
HNH,$28.72,1440166902976,"7,737",100% bullish,of 1 rating,N/A
HAFC,$24.65,1440166903003,"21,422",100% bullish,of 2 ratings,$28.50
HQCL,$8.85,1440166903080,"6,028",67% bullish,of 3 ratings,N/A
HDNG,$10.005,1440166903154,"1,130",50% bullish,of 4 ratings,N/A
HRMN,NULL,1440166903180,0,Not yet rated,NULL,N/A
HLIT,$5.63,1440166903202,"121,012",100% bearish,of 1 rating,$6.50
HNSN,$0.505,1440166903231,"3,676",88% bullish,of 8 ratings,$.40
HRMNU,NULL,1440166903372,0,Not yet rated,NULL,N/A
TINY,$2.515,1440166903403,"7,450",50% bullish,of 2 ratings,$5.26
HRMNW,NULL,1440166903544,0,Not yet rated,NULL,N/A
HART,$0.6587,1440166903582,"1,234",100% bearish,of 1 rating,N/A
HCAP,$12.238,1440166903608,"12,033",50% bullish,of 2 ratings,$15
HBIO,$4.37,1440166903672,"49,830",Not yet rated,NULL,$10
HAS,$76.54,1440166903700,"171,081",63% bullish,of 8 ratings,$84.50
HCAPL,NULL,1440166903777,0,Not yet rated,NULL,N/A
HWBK,NULL,1440166904040,0,100% bearish,of 1 rating,N/A
HCOM,$22.69,1440166904102,"17,898",100% bearish,of 1 rating,$28
HA,$24.18,1440166904125,"196,535",67% bullish,of 9 ratings,$27
HWKN,$36.08,1440166904160,"12,424",Not yet rated,NULL,N/A
HDS,$33.52,1440166904189,"279,847",100% bearish,of 2 ratings,$39.50
HAYN,$37.94,1440166904216,"16,510",100% bearish,of 1 rating,$59
HIIQ,$4.6,1440166904258,"19,258",50% bullish,of 2 ratings,$7
HCSG,$33.535,1440166904361,"128,726",50% bullish,of 4 ratings,$35
HSTM,$24.8,1440166904440,"43,852",50% bullish,of 2 ratings,$33.75
HWAY,$12.47,1440166904537,"69,982",100% bearish,of 1 rating,$15
HQY,$29.44,1440166904567,"106,262",67% bullish,of 3 ratings,$31
HTLD,$19.94,1440166904636,"87,070",Not yet rated,NULL,$22.50
HTLF,$36.01,1440166904769,"25,765",100% bullish,of 1 rating,$39.50
HTBX,$5.12,1440166904833,"8,161",50% bullish,of 2 ratings,$15.50
HTWR,$83.72,1440166904864,"56,018",50% bullish,of 2 ratings,$103
HSII,$20.2999,1440166904968,"25,171",100% bullish,of 3 ratings,$25
HELE,$88.99,1440166904995,"54,280",67% bearish,of 3 ratings,$100
HNNA,$24.49,1440166905074,"5,801",Not yet rated,NULL,N/A
HMTV,$12.6899,1440166905130,"6,976",100% bearish,of 1 rating,$16
HMNY,$2.2701,1440166905203,"1,928",100% bearish,of 1 rating,N/A
HCACU,$9.983,1440166905237,"1,500",Not yet rated,NULL,N/A
HSIC,$140.77,1440166905340,"92,763",83% bullish,of 6 ratings,$146
HERO,$0.0695,1440166905368,"137,856",81% bullish,of 16 ratings,$.75
HTBK,$10.67,1440166905445,"29,671",Not yet rated,NULL,$12
HFWA,$17.79,1440166905525,"37,983",100% bullish,of 1 rating,$20
MLHR,$28.45,1440166905680,"90,869",50% bullish,of 2 ratings,$33.50
HCCI,$11.83,1440166905708,"12,730",100% bearish,of 1 rating,$16.50
HEOP,$7.79,1440166905734,"16,224",Not yet rated,NULL,$8.50
HRTX,$33.03,1440166905769,"131,583",67% bullish,of 6 ratings,$41
HSKA,$33.64,1440166905904,"9,056",100% bearish,of 1 rating,$38
HFFC,$16.2,1440166905951,832,Not yet rated,NULL,N/A
HIBB,$38.9225,1440166906049,"288,618",100% bearish,of 1 rating,$48.50
HPJ,$2.2201,1440166906119,"55,089",75% bullish,of 4 ratings,$12.43
HIHO,$4,1440166906149,"3,122",Not yet rated,NULL,N/A
HIMX,$6.39,1440166906255,"184,223",86% bullish,of 21 ratings,$8.50
HSGX,$6.0256,1440166906281,"3,400",100% bearish,of 1 rating,$17
HIFS,$118.5901,1440166906429,"1,469",Not yet rated,NULL,N/A
HMNF,$11.1,1440166906498,"2,410",Not yet rated,NULL,N/A
HOLI,$17.24,1440166906598,"40,549",50% bullish,of 4 ratings,$27
HMSY,$8.98,1440166906626,"298,473",67% bullish,of 3 ratings,$19.35
HOLX,$40.6464,1440166906659,"152,072",67% bullish,of 3 ratings,$42
HOMB,$38.94,1440166906756,"111,212",Not yet rated,NULL,$41
HBCP,$24.5,1440166906815,"22,702",Not yet rated,NULL,$29
AWAY,$29.78,1440166906899,"77,908",67% bullish,of 3 ratings,$36
HMST,$21.02,1440166907079,"39,121",100% bullish,of 2 ratings,$27
HTBI,$18.34,1440166907112,"24,176",67% bullish,of 3 ratings,$18.625
HKTV,$4.8,1440166907141,811,100% bearish,of 1 rating,N/A
HMIN,$29.14,1440166907172,"16,604",100% bearish,of 2 ratings,$35
HFBL,NULL,1440166907274,0,Not yet rated,NULL,N/A
CETC,$0.83,1440166907302,"8,200",86% bullish,of 7 ratings,N/A
HFBC,$11.6299,1440166907344,100,Not yet rated,NULL,N/A
HOFT,$24.87,1440166907563,"21,020",100% bearish,of 1 rating,N/A
HZNP,$28.9963,1440166907594,"583,755",85% bullish,of 20 ratings,$40
HRZN,$10.7675,1440166907625,"9,640",100% bearish,of 1 rating,$14.25
HBNC,$24.46,1440166907651,"17,589",100% bullish,of 1 rating,$27
ZINC,$7.2,1440166907695,"181,180",100% bearish,of 1 rating,$17
HDP,$25.19,1440166907837,"30,456",67% bearish,of 3 ratings,$30.50
HWCC,$7.22,1440166907867,"8,218",100% bearish,of 1 rating,$9
HMHC,$22.26,1440166907927,"218,542",Not yet rated,NULL,$27
HOVNP,NULL,1440166908061,0,100% bearish,of 1 rating,N/A
HSNI,$61.585,1440166908133,"80,373",Not yet rated,NULL,$80
HBMD,$13.46,1440166908161,300,100% bearish,of 1 rating,N/A
HUBG,$39.39,1440166908229,"58,992",100% bearish,of 1 rating,$43
HTGM,$5.6,1440166908300,"3,002",100% bearish,of 1 rating,$19.50
HDSN,$2.84,1440166908402,"11,118",100% bullish,of 1 rating,$6.25
HSON,$2.86,1440166908470,49,100% bearish,of 1 rating,$5
HCBK,$9.805,1440166908531,"578,639",83% bullish,of 6 ratings,$8.61
HBAN,$11.195,1440166908663,"1,774,517",76% bullish,of 17 ratings,$12.29
HBANP,$1335,1440166908689,10,100% bearish,of 1 rating,N/A
HURN,$73.66,1440166908819,"35,798",50% bullish,of 2 ratings,$80
HURC,$29.931,1440166908846,"6,319",100% bearish,of 1 rating,N/A
HDRA,NULL,1440166908888,0,Not yet rated,NULL,N/A
HTCH,$1.6166,1440166908913,"5,000",100% bearish,of 1 rating,$3.50
HBP,NULL,1440166909070,0,100% bullish,of 1 rating,N/A
HDRAU,NULL,1440166909203,0,Not yet rated,NULL,N/A
HDRAR,NULL,1440166909235,0,Not yet rated,NULL,N/A
HDRAW,NULL,1440166909266,0,Not yet rated,NULL,N/A
HYGS,$7.535,1440166909336,"4,064",50% bullish,of 2 ratings,$13
IDSY,$3.86,1440166909364,586,100% bearish,of 1 rating,$7
IACI,$71.73,1440166909408,"134,960",75% bullish,of 4 ratings,$90
IKGH,NULL,1440166909494,0,75% bullish,of 4 ratings,N/A
IBKC,$60.71,1440166909588,"65,105",100% bullish,of 1 rating,$70
IEP,$67.61,1440166909755,"39,613",75% bullish,of 4 ratings,$99
ICFI,$36.19,1440166909788,"28,570",50% bullish,of 2 ratings,$48.50
ICON,$12.51,1440166909814,"118,357",50% bullish,of 2 ratings,$18.50
ICLR,$78.26,1440166909840,"49,167",100% bearish,of 3 ratings,$85
ICAD,$3.5,1440166909887,"3,400",50% bullish,of 2 ratings,$7.25
ICUI,$117.62,1440166910019,"30,603",Not yet rated,NULL,$122
IPWR,NULL,1440166910079,0,100% bullish,of 1 rating,$15
INVE,$4.23,1440166910105,"44,279",75% bullish,of 4 ratings,$4
IDRA,$2.4,1440166910247,"380,349",89% bullish,of 9 ratings,$6.50
IDXX,$75.51,1440166910293,"71,041",100% bearish,of 1 rating,$77
IRG,$4.81,1440166910339,300,100% bearish,of 1 rating,$4.50
DSKY,$12.05,1440166910366,"36,032",67% bullish,of 6 ratings,$11.50
IROQ,$16.5,1440166910438,100,100% bullish,of 1 rating,N/A
RXDX,$12.33,1440166910498,"39,278",100% bullish,of 1 rating,$20
IIVI,$17.4,1440166910628,"76,272",100% bearish,of 1 rating,$22
KANG,$15.01,1440166910707,"30,506",50% bullish,of 2 ratings,$22.55
IKAN,$2.72,1440166910739,"11,159",83% bullish,of 6 ratings,$5
IKNX,NULL,1440166910809,0,100% bearish,of 1 rating,N/A
ILMN,$200.95,1440166910841,"215,316",80% bullish,of 5 ratings,$240
IMMR,$11.27,1440166910871,"72,553",80% bullish,of 5 ratings,$15.50
ISNS,$3.84,1440166910978,"17,115",50% bullish,of 2 ratings,N/A
ICCC,$8.25,1440166911007,580,100% bullish,of 1 rating,N/A
IMDZ,$15.78,1440166911175,"26,131",100% bearish,of 1 rating,$33
IMNP,$1.4094,1440166911204,"20,575",50% bullish,of 2 ratings,$6
IMGN,$13.01,1440166911337,"282,850",75% bullish,of 4 ratings,$17.50
IMMU,$1.89,1440166911364,"314,882",86% bullish,of 7 ratings,$2
IPXL,$42.985,1440166911386,"182,338",67% bullish,of 3 ratings,$46.50
INCY,$107.35,1440166911537,"114,608",50% bullish,of 6 ratings,$125.50
IMMY,$7.25,1440166911585,103,100% bearish,of 1 rating,$11
SAAS,$7.495,1440166911723,"107,265",50% bullish,of 2 ratings,$15
INDB,$46.46,1440166911754,"18,524",Not yet rated,NULL,$44
IBCP,$14.24,1440166911785,"21,031",100% bullish,of 1 rating,$14.50
INCR,$42.81,1440166911807,"58,654",50% bullish,of 2 ratings,$53
IBTX,$43.56,1440166911829,"19,612",100% bullish,of 2 ratings,$47.25
IDSA,$3.53,1440166911868,200,Not yet rated,NULL,N/A
INFN,$21.17,1440166912119,"755,388",71% bullish,of 7 ratings,$28
INFI,$9.215,1440166912150,"126,346",50% bullish,of 4 ratings,$18
III,$4.18,1440166912251,"3,378",57% bullish,of 7 ratings,$6
IPCC,$80.535,1440166912277,"7,741",Not yet rated,NULL,$77.50
IFON,$1.2,1440166912303,"20,698",75% bullish,of 4 ratings,N/A
IMKTA,$54.33,1440166912444,"32,729",100% bearish,of 1 rating,N/A
INWK,$7.31,1440166912513,"54,609",50% bullish,of 2 ratings,$10
INOD,$2.5,1440166912544,500,100% bearish,of 1 rating,N/A
IPHS,$47.67,1440166912585,"31,157",100% bearish,of 1 rating,$60
ITEK,$14.24,1440166912646,"117,567",100% bearish,of 3 ratings,$20
ISSC,$2.85,1440166912718,"2,975",67% bearish,of 3 ratings,N/A
INNL,NULL,1440166912752,0,100% bearish,of 1 rating,$16.50
IOSP,$48.84,1440166912773,"147,363",100% bearish,of 1 rating,N/A
INOV,$20.99,1440166912850,"109,875",100% bearish,of 1 rating,$33
INGN,$48.99,1440166912935,"30,799",100% bearish,of 1 rating,$50.50
INO,$6.88,1440166913151,"347,264",89% bullish,of 18 ratings,$20
NSIT,$25.785,1440166913179,"57,986",50% bullish,of 2 ratings,N/A
INSM,$25.08,1440166913310,"109,631",71% bullish,of 7 ratings,$31.50
ISIG,$2.57,1440166913376,202,100% bearish,of 1 rating,N/A
IIIN,$17.95,1440166913454,"12,827",100% bearish,of 2 ratings,N/A
INSY,$32.4333,1440166913484,"132,628",75% bullish,of 4 ratings,$48
PODD,$29.0701,1440166913564,"102,198",50% bullish,of 2 ratings,$35
IDTI,$17.66,1440166913593,"467,837",60% bullish,of 5 ratings,$25
NTEC,$5.74,1440166913623,"3,000",Not yet rated,NULL,N/A
IESC,NULL,1440166913670,0,100% bearish,of 1 rating,N/A
INTC,$27.355,1440166913839,"7,812,119",82% bullish,of 238 ratings,$36
IART,$60.68,1440166913871,"40,910",100% bearish,of 1 rating,$71.50
IQNT,$19.32,1440166913916,"56,322",86% bullish,of 7 ratings,$20
ISSI,$22.33,1440166913974,"71,391",67% bullish,of 3 ratings,$19.75
IPCI,$2.12,1440166914000,800,67% bullish,of 6 ratings,$7.75
IPAR,$27.6,1440166914134,"15,701",67% bullish,of 3 ratings,$38
ICPT,$192.3899,1440166914261,"103,359",70% bullish,of 10 ratings,$359.50
IBKR,$39.43,1440166914288,"109,412",100% bullish,of 1 rating,N/A
ININ,$38.86,1440166914310,"25,374",67% bearish,of 3 ratings,$57
ICLD,$1.88,1440166914362,"174,456",75% bullish,of 4 ratings,N/A
IDCC,$47.92,1440166914446,"73,560",80% bullish,of 5 ratings,$63
ICLDW,NULL,1440166914471,0,100% bearish,of 1 rating,N/A
TILE,$24.635,1440166914500,"143,175",67% bearish,of 3 ratings,$27
INAP,$8.45,1440166914701,"77,305",75% bullish,of 4 ratings,$11
ISCA,$31.77,1440166914771,"22,604",100% bearish,of 1 rating,N/A
IBOC,$26.07,1440166914798,"81,673",100% bearish,of 1 rating,N/A
IMI,$1.95,1440166914833,39,67% bullish,of 3 ratings,$2.22
IGLD,$7.08,1440166914978,"1,000",50% bullish,of 2 ratings,N/A
IIJI,NULL,1440166915033,0,50% bullish,of 2 ratings,$11.50
INPH,$0.3399,1440166915087,400,50% bullish,of 2 ratings,N/A
INTX,$2.65,1440166915195,"3,576",67% bullish,of 3 ratings,N/A
PTNT,$2.98,1440166915222,150,Not yet rated,NULL,N/A
ISIL,$10.4,1440166915244,"252,578",50% bullish,of 6 ratings,$15
XENT,$27.5,1440166915277,"31,229",50% bullish,of 2 ratings,$36.50
IILG,$20.41,1440166915299,"81,232",100% bearish,of 1 rating,$30.50
IVAC,$4.94,1440166915443,500,Not yet rated,NULL,$6.625
INTLL,NULL,1440166915542,0,Not yet rated,NULL,N/A
INTL,$26.5401,1440166915584,"30,630",67% bearish,of 3 ratings,N/A
IIN,$6.4001,1440166915633,700,100% bearish,of 1 rating,$12
INTU,$90.715,1440166915660,"1,859,505",100% bullish,of 7 ratings,$110.50
ITCI,$28.55,1440166915689,"102,785",75% bearish,of 4 ratings,$40
ISRG,$511.01,1440166915825,"38,686",67% bullish,of 3 ratings,$600
ISBC,$11.92,1440166916016,"811,614",100% bullish,of 1 rating,$13.25
ISTR,$15.51,1440166916048,442,100% bearish,of 1 rating,$18.50
NVIV,$10.5742,1440166916070,"80,710",50% bullish,of 4 ratings,$24.50
SNAK,$8.45,1440166916092,"63,984",50% bullish,of 2 ratings,$14
ITIC,NULL,1440166916142,0,100% bearish,of 2 ratings,N/A
INVT,$0.2889,1440166916164,"6,700",67% bullish,of 3 ratings,N/A
IPAS,$1.035,1440166916229,"13,170",67% bullish,of 3 ratings,N/A
IVTY,$12.96,1440166916256,"1,005",Not yet rated,NULL,$18
DTUL,NULL,1440166916624,0,Not yet rated,NULL,N/A
IPGP,$86.96,1440166916657,"21,143",100% bearish,of 2 ratings,$109.50
IPCM,$79.19,1440166916686,"304,258",50% bullish,of 2 ratings,$80.125
IRMD,$25.2,1440166916713,"3,415",67% bearish,of 3 ratings,$25
IRDM,$6.69,1440166916759,"150,514",60% bullish,of 5 ratings,$11.50
IRDMB,NULL,1440166916848,0,67% bearish,of 3 ratings,N/A
DFVL,NULL,1440166916878,0,Not yet rated,NULL,N/A
IRIX,$7.15,1440166916901,"1,795",100% bearish,of 1 rating,N/A
IRBT,$29.7799,1440166917054,"59,358",67% bullish,of 6 ratings,$37
IRWD,$10.98,1440166917121,"273,705",100% bearish,of 1 rating,$13
COMT,$32.65,1440166917158,"2,778",100% bearish,of 1 rating,N/A
IRCP,$39.45,1440166917254,1,100% bullish,of 2 ratings,N/A
GNMA,NULL,1440166917285,0,Not yet rated,NULL,N/A
FCHI,$47.7992,1440166917389,550,Not yet rated,NULL,N/A
IFAS,$28.58,1440166917459,"3,292",Not yet rated,NULL,N/A
IFEU,$39.045,1440166917486,"2,462",Not yet rated,NULL,N/A
ACWX,$41.31,1440166917690,"25,108",100% bearish,of 1 rating,N/A
IFNA,$56.26,1440166917716,1,Not yet rated,NULL,N/A
ACWI,$56.8201,1440166917756,"70,629",Not yet rated,NULL,N/A
AXJS,NULL,1440166917847,0,Not yet rated,NULL,N/A
EEMA,$50.19,1440166917886,"26,563",Not yet rated,NULL,N/A
AAIT,NULL,1440166917954,0,100% bullish,of 1 rating,N/A
EMDI,NULL,1440166918021,0,Not yet rated,NULL,N/A
IFGL,$29.39,1440166918047,"1,521",Not yet rated,NULL,N/A
EEME,NULL,1440166918181,0,100% bearish,of 1 rating,N/A
AAXJ,$53.31,1440166918220,"394,189",Not yet rated,NULL,N/A
EMEY,NULL,1440166918312,0,Not yet rated,NULL,N/A
EGRW,NULL,1440166918360,0,Not yet rated,NULL,N/A
EUFN,$22.34,1440166918575,"19,016",100% bearish,of 1 rating,N/A
EVAL,$36.38,1440166918610,100,Not yet rated,NULL,N/A
EEML,NULL,1440166918671,0,Not yet rated,NULL,N/A
UAE,NULL,1440166918701,0,Not yet rated,NULL,N/A
IEUS,$45.96,1440166918736,"3,653",100% bearish,of 1 rating,N/A
EMIF,$28.8805,1440166918833,"2,492",Not yet rated,NULL,N/A
QAT,NULL,1440166918860,0,Not yet rated,NULL,N/A
IBB,$350.04,1440166918890,"729,895",63% bullish,of 8 ratings,N/A
SOXX,$80.55,1440166919105,"97,762",50% bullish,of 2 ratings,N/A
INDY,$28.42,1440166919131,"181,625",50% bullish,of 2 ratings,N/A
ICLN,$9.625,1440166919163,"10,531",50% bullish,of 2 ratings,N/A
WOOD,$49.7201,1440166919268,"2,119",50% bullish,of 2 ratings,N/A
ISHG,$79.9,1440166919415,206,100% bearish,of 1 rating,N/A
ISLE,$16.95,1440166919445,"95,381",50% bullish,of 4 ratings,$16
ISIS,$46.1094,1440166919466,"290,891",53% bullish,of 15 ratings,$67
IGOV,$91.84,1440166919498,"8,994",100% bearish,of 1 rating,N/A
ISRL,$129.9,1440166919634,545,100% bearish,of 1 rating,N/A
ITRN,$24.65,1440166919767,408,50% bullish,of 2 ratings,N/A
ITRI,$32.25,1440166919845,"98,460",Not yet rated,NULL,$37
ITUS,$4.1458,1440166919874,"4,170",Not yet rated,NULL,N/A
XXIA,$15.51,1440166919908,"109,902",71% bullish,of 7 ratings,$14.625
MAYS,NULL,1440166920004,0,Not yet rated,NULL,N/A
JJSF,$114.7537,1440166920056,"30,776",100% bearish,of 1 rating,N/A
IXYS,$10.76,1440166920082,"60,876",50% bullish,of 4 ratings,N/A
JBHT,$77.015,1440166920229,"194,242",50% bullish,of 4 ratings,$89.50
JCOM,$70.421,1440166920256,"91,503",100% bullish,of 2 ratings,$77
JASO,$7.38,1440166920281,"389,651",82% bullish,of 17 ratings,$10
JKHY,$69.8,1440166920417,"24,023",50% bullish,of 2 ratings,$72
JXSB,$24.05,1440166920447,110,Not yet rated,NULL,N/A
JACK,$82.9075,1440166920468,"145,409",83% bullish,of 6 ratings,$105
JAXB,$13,1440166920500,500,100% bullish,of 1 rating,N/A
JAGX,$1.9001,1440166920728,"1,400",Not yet rated,NULL,N/A
JAKK,$9.5013,1440166920789,"65,759",60% bearish,of 5 ratings,$11
JRVR,$26.5,1440166920861,"7,011",Not yet rated,NULL,$32
JMBA,$13.22,1440166920963,"24,556",75% bullish,of 4 ratings,$18
ERW,NULL,1440166920994,0,Not yet rated,NULL,N/A
JASNW,$0.241,1440166921020,"8,000",50% bullish,of 2 ratings,N/A
JASN,$4.95,1440166921052,479,50% bullish,of 2 ratings,$9.50
JD,$25.84,1440166921094,"3,043,009",75% bullish,of 16 ratings,$36
JAZZ,$177.53,1440166921127,"55,476",80% bullish,of 15 ratings,$206.50
JBLU,$22.73,1440166921231,"1,223,271",94% bullish,of 16 ratings,$27
JST,$4.1304,1440166921407,"1,300",75% bullish,of 4 ratings,N/A
JCTCF,NULL,1440166921448,0,100% bullish,of 1 rating,N/A
JTPY,$2.67,1440166921475,"3,825",100% bearish,of 1 rating,N/A
DATE,$6.44,1440166921546,"5,939",75% bullish,of 4 ratings,$9
JIVE,$4.06,1440166921572,"81,575",75% bullish,of 4 ratings,$5
WYIGU,$10.0227,1440166921631,100,Not yet rated,NULL,N/A
JOEZ,$0.1834,1440166921819,"3,871",92% bullish,of 12 ratings,N/A
JOUT,$24.1,1440166921873,"11,086",100% bearish,of 1 rating,$34
JNP,$9.8965,1440166921924,592,100% bullish,of 3 ratings,$15
JUNO,$37.358,1440166921964,"351,134",73% bullish,of 11 ratings,$71.50
KTWO,$21.75,1440166921991,"40,659",100% bearish,of 1 rating,$28.50
JBSS,$44.915,1440166922020,"36,663",67% bearish,of 3 ratings,N/A
KALU,$82.27,1440166922052,"32,409",67% bearish,of 3 ratings,$91
KBIO,$1.8101,1440166922186,"5,550",50% bullish,of 4 ratings,N/A
KMDA,$3.56,1440166922378,"3,480",50% bullish,of 2 ratings,$8
KNDI,$7.021,1440166922438,"140,201",86% bullish,of 22 ratings,N/A
KCLI,$46.5,1440166922569,"7,468",Not yet rated,NULL,N/A
KPTI,$13.16,1440166922597,"72,516",67% bearish,of 3 ratings,$39
KBSF,NULL,1440166922622,0,100% bullish,of 1 rating,N/A
KRNY,$11.51,1440166922670,"148,227",100% bearish,of 1 rating,$12
KELYA,$14.65,1440166922730,"45,642",67% bullish,of 6 ratings,$20
KCAP,$4.75,1440166922766,"15,443",75% bullish,of 4 ratings,$6
KELYB,NULL,1440166922864,0,50% bullish,of 2 ratings,N/A
KMPH,$20,1440166922914,"2,999",100% bearish,of 2 ratings,$22
KERX,$5.8437,1440166922940,"405,472",82% bullish,of 11 ratings,$12
KFFB,NULL,1440166923005,0,100% bearish,of 1 rating,N/A
GMCR,$50.58,1440166923033,"297,366",71% bullish,of 42 ratings,$64
KEQU,NULL,1440166923087,0,100% bullish,of 1 rating,N/A
KTEC,$12,1440166923231,"1,100",Not yet rated,NULL,N/A
KBAL,$11.04,1440166923422,"50,136",50% bullish,of 2 ratings,N/A
KIN,$5.75,1440166923454,"20,240",50% bullish,of 2 ratings,$6.25
KFRC,$27.38,1440166923524,"62,295",100% bullish,of 2 ratings,$29
KTCC,$10.5,1440166923552,"7,700",100% bearish,of 1 rating,$16
KE,$11.39,1440166923579,"17,948",67% bearish,of 3 ratings,$16
KGJI,$0.68,1440166923631,"10,712",89% bullish,of 9 ratings,N/A
KINS,NULL,1440166923768,0,100% bullish,of 1 rating,N/A
KONE,$4.1001,1440166923832,100,Not yet rated,NULL,N/A
KIRK,$23.27,1440166923899,"38,073",50% bullish,of 2 ratings,$32
KITE,$51.2233,1440166923926,"237,911",89% bullish,of 9 ratings,$85
