Symbol,Price,Date,Volume,Rating,RatingVoteCount,OneYearEstimate
FCTY,$7.6,1440450602173,700,100% bullish,of 1 rating,$8.50
FLWS,$9.3,1440450602227,"217,941",100% bullish,of 5 ratings,$15
TFSCW,NULL,1440450602255,0,100% bearish,of 1 rating,N/A
PIH,$6.99,1440450602359,"10,700",100% bearish,of 1 rating,N/A
FCCY,$11.5,1440450602394,"1,100",100% bullish,of 1 rating,$13
TWOU,$33.04,1440450602825,"236,642",50% bullish,of 2 ratings,$39
VNET,$17.76,1440450602850,"1,383,289",60% bullish,of 5 ratings,$29.50
DSLV,$67.0501,1440450602926,"37,753",100% bearish,of 1 rating,N/A
DGLD,$77.4427,1440450602982,"20,148",100% bearish,of 1 rating,N/A
SRCE,$28.76,1440450603031,"24,097",100% bullish,of 3 ratings,$33
JOBS,$25.25,1440450603572,"316,316",50% bullish,of 4 ratings,$36
UGLD,$9.77,1440450603596,"399,165",100% bearish,of 1 rating,N/A
USLV,$13.15,1440450603621,"491,363",86% bullish,of 7 ratings,N/A
SIXD,$1.26,1440450603904,"108,131",Not yet rated,NULL,N/A
CAFD,$14.49,1440450604003,"302,702",Not yet rated,NULL,$25
EGHT,$7.925,1440450604086,"478,755",82% bullish,of 17 ratings,$11
SHLM,$32.8,1440450604219,"79,494",100% bearish,of 1 rating,$50
AVHI,$13.54,1440450604243,"17,504",100% bearish,of 1 rating,$19
ABAX,$45.88,1440450604503,"103,588",100% bearish,of 1 rating,$60
AAON,$20.45,1440450604528,"87,852",100% bearish,of 1 rating,$24
ABY,$19.2,1440450604757,"583,408",100% bearish,of 2 ratings,$46
ABEO,$4.32,1440450604820,"171,759",67% bullish,of 3 ratings,$15.50
ABGB,$4.4,1440450604907,"65,045",67% bullish,of 3 ratings,$5.50
ACTG,$8.74,1440450605314,"261,342",67% bullish,of 3 ratings,$18.50
AXAS,$1.5,1440450605346,"914,785",78% bullish,of 9 ratings,$3.50
ABMD,$94.855,1440450605372,"765,655",75% bullish,of 4 ratings,$100.50
ACHC,$69.77,1440450605393,"974,153",50% bullish,of 2 ratings,$92
ABEOW,$1.28,1440450605443,"2,320",100% bullish,of 1 rating,N/A
XLRN,$27.17,1440450605930,"172,772",50% bullish,of 2 ratings,$57
ACAD,$33.6,1440450605989,"825,405",80% bullish,of 20 ratings,$48
ANCX,$18.45,1440450606180,"24,534",Not yet rated,NULL,$19
ACST,$0.3412,1440450606280,"18,515",100% bullish,of 2 ratings,N/A
AXDX,$17.95,1440450606415,"150,415",100% bearish,of 1 rating,N/A
ARAY,$6.3,1440450606797,"1,172,422",100% bearish,of 1 rating,$10.50
VXDN,$2.1,1440450606822,"635,510",100% bearish,of 1 rating,N/A
VXUP,$1.99,1440450606849,"748,615",100% bearish,of 1 rating,N/A
ACRX,$3.82,1440450606896,"235,985",67% bearish,of 6 ratings,$5.50
ACET,$22.95,1440450607040,"97,262",75% bullish,of 4 ratings,$30
AKAO,$6.01,1440450607066,"167,943",75% bullish,of 4 ratings,$15
ACHN,$7.24,1440450607091,"2,680,511",90% bullish,of 21 ratings,$16
TFSC,NULL,1440450607356,0,100% bearish,of 1 rating,N/A
ACIW,$20.98,1440450607416,"328,284",50% bullish,of 2 ratings,$24
ACOR,$28.95,1440450607447,"318,087",67% bearish,of 3 ratings,$38.50
TFSCR,NULL,1440450607467,0,Not yet rated,NULL,N/A
ACNB,$20,1440450607488,"18,344",Not yet rated,NULL,N/A
TFSCU,$10.14,1440450607510,"1,100",Not yet rated,NULL,N/A
ACTS,$1.53,1440450607559,"73,099",100% bearish,of 1 rating,N/A
ACPW,$1.8,1440450607645,"72,094",100% bullish,of 4 ratings,$3.50
ATVI,$26.22,1440450608034,"4,797,742",68% bullish,of 84 ratings,$31.50
ACUR,$0.6,1440450608229,"51,331",100% bullish,of 5 ratings,$1
ADMP,$3.3294,1440450608260,"36,971",50% bullish,of 2 ratings,$10
ACTA,$13.35,1440450608289,"120,096",67% bearish,of 3 ratings,$25
ACXM,$19.54,1440450608310,"417,695",67% bullish,of 3 ratings,N/A
ADUS,$28.47,1440450608361,"30,983",100% bearish,of 1 rating,$31
ADAP,$11.04,1440450608454,"133,191",67% bullish,of 3 ratings,$22
ADMS,$18.88,1440450608479,"80,228",100% bearish,of 2 ratings,$36
AEY,$2.265,1440450608512,"7,500",100% bearish,of 2 ratings,N/A
ADBE,$74.27,1440450608731,"3,323,280",65% bullish,of 17 ratings,$90
ADRO,$18.95,1440450608912,"333,652",80% bullish,of 5 ratings,$45.50
ADMA,$9.19,1440450608972,"17,534",Not yet rated,NULL,$19
ADTN,$15.11,1440450609055,"263,759",67% bullish,of 3 ratings,$17.125
ADEP,$6.62,1440450609113,"46,689",50% bullish,of 2 ratings,$10.75
AEIS,$23.47,1440450609319,"227,897",50% bullish,of 2 ratings,$32.50
MULT,NULL,1440450609464,0,100% bearish,of 1 rating,N/A
ADXSW,$8.74,1440450609488,"8,578",100% bullish,of 1 rating,N/A
AMD,$1.76,1440450609513,"9,401,614",83% bullish,of 103 ratings,$2
ADXS,$13.15,1440450609668,"769,351",64% bullish,of 14 ratings,$27
AMTX,$2.61,1440450609747,"19,538",50% bullish,of 2 ratings,$26.11
YPRO,$23.21,1440450609799,"1,358",100% bearish,of 1 rating,N/A
AEHR,$2.06,1440450609827,"20,300",50% bullish,of 2 ratings,N/A
AEGR,$17.07,1440450609855,"274,675",50% bullish,of 6 ratings,$26
AEGN,$17.78,1440450609956,"140,868",100% bearish,of 2 ratings,$21
AEPI,$53.96,1440450610018,"16,630",100% bearish,of 1 rating,N/A
AERI,$15.55,1440450610201,"422,858",75% bullish,of 4 ratings,$31.50
AEMD,$6.92,1440450610519,"45,543",Not yet rated,NULL,$27.50
AFMD,$9.75,1440450610660,"169,667",50% bullish,of 4 ratings,$15
AFFX,$8.8,1440450610718,"613,223",80% bullish,of 5 ratings,$12
AVAV,$23.25,1440450610763,"148,007",50% bullish,of 4 ratings,$31
AEZS,$0.088,1440450610818,"9,749,522",90% bullish,of 21 ratings,$1.50
AGIO,$81.56,1440450610843,"578,782",88% bullish,of 8 ratings,$114
AGYS,$9.25,1440450610891,"21,550",100% bearish,of 1 rating,N/A
AGRX,$8.11,1440450611058,"37,988",100% bearish,of 1 rating,$17.50
AGEN,$6.58,1440450611111,"993,886",85% bullish,of 13 ratings,$14
AGFSW,$1.85,1440450611239,"30,528",100% bearish,of 2 ratings,N/A
AGFS,$9.89,1440450611373,"153,233",100% bearish,of 1 rating,N/A
ATSG,$8.705,1440450611415,"164,767",67% bullish,of 3 ratings,$13
AIMT,$20.115,1440450611512,"118,151",Not yet rated,NULL,N/A
AIRM,$35.16,1440450611642,"189,465",80% bearish,of 5 ratings,$53
AIRT,$21.8,1440450611667,"1,613",100% bullish,of 1 rating,N/A
ALRM,$15.88,1440450611986,"176,644",100% bearish,of 1 rating,$22
AKAM,$66.65,1440450612011,"2,058,306",63% bullish,of 8 ratings,$77
AKBA,$6.28,1440450612091,"203,094",100% bearish,of 1 rating,$18
AKER,$2.76,1440450612238,"23,498",Not yet rated,NULL,N/A
AMCN,$4.35,1440450612344,"1,046,309",83% bullish,of 6 ratings,N/A
AIXG,$5.65,1440450612373,"17,424",67% bearish,of 3 ratings,$5.25
AKRX,$39.4,1440450612399,"1,008,753",78% bullish,of 9 ratings,$56
ALSK,$2.05,1440450612481,"146,454",78% bullish,of 18 ratings,$2
ADHD,$7.88,1440450612896,"179,097",50% bullish,of 4 ratings,$18
ALDX,$7,1440450613172,"17,247",100% bearish,of 1 rating,$14.50
AMRI,$18.96,1440450613197,"344,829",75% bearish,of 4 ratings,$24
ALXA,$1.0897,1440450613418,"16,116",83% bullish,of 6 ratings,$2.125
ALXN,$167.08,1440450613493,"1,643,816",88% bullish,of 8 ratings,$223
ABDC,$11.78,1440450613520,"111,824",Not yet rated,NULL,$15
ALDR,$36.025,1440450613649,"488,094",67% bearish,of 3 ratings,$62
ALCO,$40.71,1440450613741,"12,826",50% bullish,of 2 ratings,N/A
ALGN,$54.63,1440450613831,"368,465",100% bearish,of 2 ratings,$73
ALKS,$56.73,1440450614078,"612,524",67% bullish,of 3 ratings,$75
ALLB,$22.4299,1440450614120,"2,595",Not yet rated,NULL,N/A
AFOP,$16.16,1440450614152,"215,379",75% bullish,of 8 ratings,$21
ALGT,$210.24,1440450614178,"79,544",100% bearish,of 2 ratings,$235
ALIM,$3.01,1440450614251,"102,874",80% bullish,of 5 ratings,$10
AIQ,$13.84,1440450614280,"9,297",67% bullish,of 3 ratings,N/A
AHGP,$35.21,1440450614539,"65,277",67% bullish,of 3 ratings,N/A
ARLP,$23.5,1440450614852,"356,098",67% bearish,of 3 ratings,$32
ALQA,$4.25,1440450614984,"37,849",75% bullish,of 4 ratings,$8.50
MDRX,$13.13,1440450615034,"1,838,060",60% bullish,of 5 ratings,$16
ALNY,$92.87,1440450615140,"511,666",67% bullish,of 3 ratings,$148.50
AHPI,$1.4526,1440450615171,"1,189",50% bullish,of 2 ratings,N/A
AMOT,$17.77,1440450615271,"73,423",100% bearish,of 1 rating,N/A
AOSL,$7.29,1440450615303,"54,673",67% bullish,of 3 ratings,$9
ALLT,$5.02,1440450615522,"80,651",75% bullish,of 4 ratings,$6.25
ATEC,$0.5797,1440450615607,"163,314",100% bullish,of 1 rating,$2
SMCP,$21.8,1440450615678,400,Not yet rated,NULL,N/A
ALTR,$46.93,1440450615733,"2,937,547",80% bearish,of 5 ratings,$54
AIMC,$24.63,1440450616057,"60,210",100% bearish,of 2 ratings,$28.50
AMAG,$57.75,1440450616088,"502,914",100% bullish,of 2 ratings,$77.50
AFAM,$43.78,1440450616110,"63,691",50% bullish,of 2 ratings,$44
ASPS,$25.98,1440450616193,"316,375",67% bullish,of 3 ratings,$46.50
AMRN,$1.97,1440450616326,"1,107,039",85% bullish,of 39 ratings,$8
AMRK,$10.53,1440450616496,"4,029",50% bullish,of 2 ratings,$14
AMZN,$464.06,1440450616555,"4,717,018",81% bullish,of 263 ratings,$646
AYA,$21.13,1440450616636,"99,814",100% bearish,of 1 rating,$40
AMBCW,NULL,1440450616686,0,100% bearish,of 1 rating,N/A
AMBA,$87.57,1440450616710,"3,562,021",83% bullish,of 12 ratings,$102.50
AMBC,$15.15,1440450616869,"253,892",100% bearish,of 1 rating,$16.50
AMCX,$65.66,1440450616897,"504,073",67% bullish,of 3 ratings,$87.50
EPAX,$2.66,1440450616936,"35,750",100% bearish,of 1 rating,N/A
DOX,$55.61,1440450617070,"462,138",50% bullish,of 2 ratings,$60
AMED,$37.04,1440450617348,"360,150",100% bearish,of 1 rating,$42
AMDA,$0.4199,1440450617380,"1,403,094",90% bullish,of 10 ratings,$1
UHAL,$357.73,1440450617612,"23,554",100% bullish,of 2 ratings,$393.50
AGNC,$19.24,1440450617772,"3,633,251",71% bullish,of 28 ratings,$22
AAL,$37.65,1440450617797,"11,716,228",93% bullish,of 88 ratings,$57
AGNCB,$23.94,1440450618512,"13,449",Not yet rated,NULL,N/A
ASBI,$22.2,1440450618750,950,Not yet rated,NULL,N/A
AGNCP,$25.111,1440450618781,"13,823",Not yet rated,NULL,N/A
ATAX,$5.18,1440450618808,"236,421",100% bullish,of 1 rating,$6.50
AMOV,$17.19,1440450618888,"8,319",100% bearish,of 1 rating,N/A
ANCI,$1.5179,1440450619651,"3,230",100% bearish,of 1 rating,N/A
AETI,$4.06,1440450619783,"2,639",67% bearish,of 3 ratings,N/A
ACSF,$11.9,1440450619811,"20,535",100% bearish,of 1 rating,$15
MTGE,$15.29,1440450619836,"417,183",75% bullish,of 4 ratings,$19.50
MTGEP,$24.04,1440450619861,"8,890",Not yet rated,NULL,N/A
AMIC,$9.9739,1440450620048,594,Not yet rated,NULL,N/A
ACAS,$13.11,1440450620347,"1,583,906",60% bullish,of 5 ratings,$16.75
AMNB,$22.23,1440450620442,"13,385",Not yet rated,NULL,$25.50
ANAT,$96.96,1440450620504,"33,600",100% bullish,of 1 rating,N/A
ASEI,$38.15,1440450620606,"32,808",100% bearish,of 1 rating,$52.50
APEI,$21.1,1440450620649,"51,547",100% bearish,of 1 rating,$25.50
ARII,$37.23,1440450620678,"250,949",67% bearish,of 3 ratings,$45
AMRB,$9.95,1440450620780,"7,930",Not yet rated,NULL,$11
AMSC,$3.47,1440450621009,"80,494",50% bullish,of 4 ratings,N/A
AMSWA,$8.59,1440450621034,"54,952",100% bearish,of 2 ratings,$10.75
AMWD,$65.66,1440450621174,"168,793",50% bullish,of 2 ratings,$53
AMSF,$47.3,1440450621727,"52,375",Not yet rated,NULL,$57.50
CRMT,$37.91,1440450621786,"51,375",100% bearish,of 1 rating,$39
ASRV,$3.22,1440450621964,800,100% bullish,of 2 ratings,N/A
ABCB,$26.67,1440450622097,"136,046",Not yet rated,NULL,$31
ATLO,$22.86,1440450622410,"7,554",Not yet rated,NULL,N/A
FOLD,$13.45,1440450622492,"1,453,219",56% bullish,of 9 ratings,$21
ASRVP,$27.5,1440450622627,400,Not yet rated,NULL,N/A
AMGN,$148.19,1440450622659,"4,337,890",89% bullish,of 19 ratings,$185
AMSGP,$150.2,1440450622759,600,Not yet rated,NULL,N/A
AMPH,$13.03,1440450622962,"120,185",50% bullish,of 2 ratings,$20
AMSG,$78.39,1440450622987,"375,201",100% bearish,of 1 rating,$85.50
AMKR,$4.76,1440450623167,"2,601,033",100% bearish,of 2 ratings,$5
AFSI,$57.26,1440450623274,"635,998",60% bullish,of 5 ratings,$72
ASYS,$4.97,1440450623302,"50,436",67% bullish,of 3 ratings,$12
AMRS,$1.56,1440450623348,"148,220",70% bullish,of 10 ratings,N/A
ANAC,$123.26,1440450623405,"472,573",80% bullish,of 5 ratings,$180.50
ANAD,$0.3091,1440450623539,"191,764",100% bullish,of 2 ratings,$.50
ALOG,$78.22,1440450623623,"52,840",100% bearish,of 2 ratings,$100.50
ANGI,$4.74,1440450623845,"1,077,187",64% bullish,of 11 ratings,$5.50
ANCB,$22.15,1440450623973,"1,548",Not yet rated,NULL,$23
ADI,$51.77,1440450624018,"3,120,402",67% bullish,of 3 ratings,$69
ANGO,$14.36,1440450624047,"60,375",67% bullish,of 3 ratings,$19
AMCF,$0.22,1440450624344,"37,705",100% bullish,of 7 ratings,N/A
ABCW,$39.03,1440450624487,"9,209",67% bullish,of 3 ratings,N/A
ANIK,$33.07,1440450624513,"128,501",60% bullish,of 5 ratings,$51.25
ANTH,$7.015,1440450624640,"1,142,574",80% bullish,of 10 ratings,$13
ATRS,$1.69,1440450624739,"826,443",92% bullish,of 12 ratings,$4.50
ANIP,$48.12,1440450624768,"176,382",89% bullish,of 19 ratings,$66
ANSS,$86.01,1440450624874,"512,591",100% bearish,of 1 rating,$100
APOL,$10.67,1440450624979,"1,019,076",87% bearish,of 68 ratings,$14
ABAC,$0.6501,1440450625109,"29,863",100% bearish,of 1 rating,N/A
ATNY,$2.3404,1440450625140,"3,801",50% bullish,of 2 ratings,$3.75
AINV,$6.31,1440450625161,"2,324,596",50% bullish,of 4 ratings,$8
APIC,$6.04,1440450625234,"127,996",100% bearish,of 1 rating,$19
APOG,$50,1440450625339,"159,567",100% bullish,of 1 rating,$67
ARCI,$1.3,1440450625488,362,Not yet rated,NULL,N/A
APPF,$15.6,1440450625514,"64,437",50% bullish,of 2 ratings,$22
AAPL,$103.3,1440450625566,"93,300,487",86% bullish,of 2343 ratings,$150
AGTC,$15.12,1440450625760,"48,627",50% bullish,of 2 ratings,$33
APDNW,$1.1442,1440450625890,"6,573",Not yet rated,NULL,N/A
AMAT,$15.1,1440450625914,"17,842,844",82% bullish,of 11 ratings,$23
APDN,$3.04,1440450625984,"54,332",Not yet rated,NULL,$9
APRI,$1.209,1440450626490,"117,299",83% bullish,of 6 ratings,$4.86
AQXP,$17.64,1440450627070,"439,955",50% bullish,of 2 ratings,$2
AQMS,$4.62,1440450627095,"17,427",Not yet rated,NULL,N/A
AUMA,$9.81,1440450627276,500,Not yet rated,NULL,N/A
APTO,$4.6806,1440450627443,"6,588",Not yet rated,NULL,$17
AAOI,$19.04,1440450627488,"409,304",50% bullish,of 4 ratings,$26
AMCC,$5.25,1440450627572,"844,988",80% bullish,of 5 ratings,$8
AREX,$1.92,1440450627619,"1,044,331",100% bearish,of 1 rating,$3
AUMAU,$9.97,1440450628338,600,Not yet rated,NULL,N/A
ARDM,$6.94,1440450628367,250,100% bullish,of 1 rating,$26
AUMAW,NULL,1440450628465,0,Not yet rated,NULL,N/A
PETX,$17,1440450628531,"283,128",100% bearish,of 2 ratings,$26
ABUS,$7,1440450628559,"305,294",86% bullish,of 14 ratings,$23
ARCW,$3.24,1440450628583,"16,689",100% bearish,of 2 ratings,$10.50
ABIO,$0.85,1440450628638,"308,670",50% bullish,of 2 ratings,$3.75
RKDA,$5.38,1440450628820,"24,985",100% bearish,of 2 ratings,$10
ARCB,$28.35,1440450629143,"247,405",67% bearish,of 3 ratings,$39.50
ACAT,$25.18,1440450629167,"164,801",100% bearish,of 3 ratings,$33
ACGL,$67.4,1440450629211,"359,957",50% bullish,of 2 ratings,$72
ARNA,$2.71,1440450629311,"1,944,497",90% bullish,of 77 ratings,$5.50
ARCC,$14.885,1440450629357,"3,125,099",67% bearish,of 3 ratings,$17.875
ARDX,$16.71,1440450629514,"69,966",50% bullish,of 2 ratings,$24.50
AGII,$55.31,1440450629838,"130,414",Not yet rated,NULL,$59.50
AGIIL,$25,1440450629974,"9,307",Not yet rated,NULL,N/A
ARIA,$6.44,1440450630000,"2,405,979",87% bullish,of 46 ratings,$9
ARMH,$40.04,1440450630041,"2,197,094",54% bearish,of 13 ratings,$61
ARIS,$3.19,1440450630068,"52,055",Not yet rated,NULL,$4.50
ARKR,$24.56,1440450630119,"2,800",50% bullish,of 2 ratings,N/A
ARGS,$6.1,1440450630140,"87,679",50% bullish,of 2 ratings,$19.50
ARTX,$1.43,1440450630474,"176,553",88% bullish,of 16 ratings,$4.50
ARWAR,NULL,1440450630499,0,Not yet rated,NULL,N/A
ARWA,NULL,1440450630631,0,Not yet rated,NULL,N/A
ARWAW,$0.1051,1440450630655,"1,436",Not yet rated,NULL,N/A
ARRS,$25.36,1440450631154,"848,243",50% bullish,of 2 ratings,$38
ARRY,$5.235,1440450631202,"1,537,789",100% bullish,of 7 ratings,$10
ARWAU,$10.2,1440450631251,400,100% bullish,of 1 rating,N/A
ARTNA,$22.35,1440450631282,"19,397",100% bearish,of 1 rating,$29
ARWR,$5.01,1440450631309,"1,423,245",75% bullish,of 4 ratings,$10.50
DWAT,$9.7899,1440450631339,"4,713",100% bearish,of 1 rating,N/A
ARQL,$1.63,1440450631360,"193,554",75% bullish,of 4 ratings,$5
AROW,$26.98,1440450631390,"26,858",Not yet rated,NULL,N/A
ASBB,$23.75,1440450631806,900,Not yet rated,NULL,N/A
ASND,$17.99,1440450631974,"80,739",100% bullish,of 1 rating,$30
ASNA,$10.91,1440450631999,"2,709,889",50% bullish,of 2 ratings,$18
ARTW,$4.29,1440450632202,"4,325",75% bearish,of 4 ratings,N/A
ASMI,NULL,1440450632235,0,NULL,NULL,NULL
ASCMA,$26.83,1440450632398,"76,996",100% bearish,of 1 rating,$45
APWC,$1.8001,1440450632426,"1,602",100% bearish,of 1 rating,N/A
ASML,$85.53,1440450632528,"1,608,885",50% bullish,of 4 ratings,$127
ASFI,$8.91,1440450632603,"12,035",100% bullish,of 1 rating,N/A
ALOT,$13.45,1440450632707,322,100% bearish,of 1 rating,N/A
AZPN,$37.04,1440450632741,"951,320",50% bullish,of 2 ratings,$42
ASMB,$12.71,1440450632762,"50,872",67% bullish,of 3 ratings,N/A
ASTI,$0.103,1440450632937,"1,716,907",83% bullish,of 6 ratings,$3
ASTE,$35.36,1440450633085,"54,483",100% bearish,of 1 rating,$48
ATRO,$51.2,1440450633112,"105,499",100% bearish,of 2 ratings,$80
ASUR,$5.452,1440450633656,"4,670",100% bearish,of 2 ratings,$8
ATAI,$2.4,1440450633727,"20,200",100% bearish,of 1 rating,N/A
ATHN,$127.6,1440450633752,"290,594",67% bearish,of 3 ratings,$153
AFCB,$28.75,1440450633783,300,Not yet rated,NULL,N/A
ASTC,$1.95,1440450633812,"63,072",100% bullish,of 5 ratings,N/A
ATRA,$38.03,1440450633833,"174,910",50% bullish,of 2 ratings,$68
ATHX,$1.1201,1440450633966,"228,167",89% bullish,of 9 ratings,$5
AAPC,$10.1,1440450634026,"1,713",Not yet rated,NULL,N/A
ATNI,$71.36,1440450634265,"56,215",100% bearish,of 1 rating,$69.50
ACFC,$6.01,1440450634294,"57,803",Not yet rated,NULL,$6.50
AAME,$3.4884,1440450634324,"1,069",Not yet rated,NULL,N/A
AAWW,$39.74,1440450634353,"364,894",50% bullish,of 2 ratings,$65
AFH,$16.38,1440450634395,"28,849",Not yet rated,NULL,$21.50
ATLC,$3.75,1440450634420,"19,620",67% bullish,of 3 ratings,N/A
ATML,$6.6,1440450634653,"3,883,477",78% bullish,of 9 ratings,$9.50
ATRI,$374.99,1440450635006,"1,736",Not yet rated,NULL,N/A
ATRM,$2.87,1440450635034,605,50% bullish,of 2 ratings,N/A
ATTU,$12.855,1440450635062,"119,777",100% bearish,of 1 rating,$20.50
AUBN,$26.3,1440450635088,"2,646",Not yet rated,NULL,N/A
ATRC,$24.46,1440450635109,"208,458",100% bullish,of 1 rating,$30
LIFE,$13.88,1440450635137,"46,206",86% bullish,of 7 ratings,$43
ATOS,$0.786,1440450635360,"224,496",100% bullish,of 7 ratings,$7
EARS,$4.29,1440450635516,"65,433",100% bearish,of 2 ratings,$11.50
ADAT,$0.122,1440450635732,"12,609",100% bullish,of 2 ratings,N/A
ADSK,$49.4,1440450635762,"2,568,853",67% bullish,of 6 ratings,$69.50
ADP,$76.31,1440450635786,"3,366,986",100% bearish,of 1 rating,$88
ABTL,$16.66,1440450635892,"238,459",100% bullish,of 4 ratings,$20.25
AUPH,$3.02,1440450635919,"41,651",100% bearish,of 1 rating,$8
AUDC,$3.0497,1440450635957,"73,221",80% bullish,of 5 ratings,$5
AVGO,$109.67,1440450636187,"3,455,252",88% bullish,of 8 ratings,$160
AVEO,$1.2694,1440450636430,"1,218,942",75% bullish,of 8 ratings,$3
AVNU,$12.5,1440450636460,"10,630",Not yet rated,NULL,$14
AAVL,$10.15,1440450636489,"435,140",100% bearish,of 1 rating,$20
AVID,$7.61,1440450636514,"500,710",100% bearish,of 1 rating,$20
AVNW,$1.16,1440450636542,"90,534",50% bullish,of 2 ratings,$2.20
CAR,$40.68,1440450636590,"2,116,982",80% bullish,of 5 ratings,$60
AVGR,$13.98,1440450636689,"31,721",100% bearish,of 1 rating,$20
ACLS,$3.08,1440450636750,"554,574",67% bullish,of 6 ratings,$4.75
AXPW,$1.1099,1440450636926,"47,742",83% bullish,of 6 ratings,N/A
AWRE,$3.13,1440450636959,"17,304",67% bullish,of 3 ratings,N/A
AXPWW,NULL,1440450637013,0,Not yet rated,NULL,N/A
AXTI,$2.12,1440450637060,"70,677",50% bullish,of 2 ratings,$2.75
AXGN,$3.9,1440450637085,"28,372",Not yet rated,NULL,$5
BOSC,$2.296,1440450637448,"8,066",50% bullish,of 2 ratings,N/A
RILY,$9.66,1440450637584,405,Not yet rated,NULL,N/A
BCOM,$17.29,1440450637610,"1,000",100% bearish,of 1 rating,N/A
BIDU,$140.87,1440450637688,"6,213,331",81% bullish,of 88 ratings,$210
BWINA,NULL,1440450637782,0,Not yet rated,NULL,N/A
BWINB,$23,1440450637854,"61,761",Not yet rated,NULL,N/A
BEAV,$46.22,1440450637885,"1,257,490",67% bearish,of 3 ratings,$59
BCPC,$56.87,1440450637918,"109,757",100% bearish,of 1 rating,$75
BLDP,$1.165,1440450637980,"631,922",91% bullish,of 22 ratings,$2.50
BANF,$59.67,1440450638022,"15,181",Not yet rated,NULL,$68
BANFP,$27.38,1440450638180,603,Not yet rated,NULL,N/A
BKSC,$14.99,1440450638529,"6,153",Not yet rated,NULL,N/A
BMRC,$47.75,1440450638598,"6,067",Not yet rated,NULL,$52
OZRK,$39.39,1440450638627,"570,901",67% bullish,of 3 ratings,$49.50
BKMU,$6.8,1440450638648,"106,854",Not yet rated,NULL,$8
BOTJ,$10.9501,1440450638669,"2,263",Not yet rated,NULL,N/A
BOCH,$5.68,1440450638706,"18,771",Not yet rated,NULL,$6.50
BWFG,$17.9,1440450638802,972,100% bearish,of 1 rating,N/A
BFIN,$11.81,1440450639053,"27,281",Not yet rated,NULL,$13
TAPR,$29.0007,1440450639272,"3,934",100% bearish,of 1 rating,N/A
BZUN,$4.68,1440450639318,"623,551",50% bullish,of 2 ratings,$12.60
BANR,$43.75,1440450639345,"67,677",100% bullish,of 3 ratings,$50
BHACR,NULL,1440450639369,0,Not yet rated,NULL,N/A
BHAC,NULL,1440450639397,0,Not yet rated,NULL,N/A
BHACU,NULL,1440450639591,0,Not yet rated,NULL,N/A
BHACW,NULL,1440450639726,0,Not yet rated,NULL,N/A
BBSI,$33.22,1440450639858,"81,101",67% bearish,of 3 ratings,$62.50
BSET,$27.44,1440450639930,"48,406",100% bearish,of 1 rating,$35
BYLK,$12.52,1440450640013,"12,820",Not yet rated,NULL,$14
BYBK,$4.88,1440450640040,"1,000",100% bearish,of 1 rating,N/A
BBCN,$14.05,1440450640065,"253,619",100% bearish,of 1 rating,$16
BDCV,$4.7401,1440450640492,"9,844",100% bearish,of 1 rating,$10.19
BV,$5,1440450640679,"263,099",67% bullish,of 6 ratings,$9
BSF,$8.28,1440450640706,"17,221",Not yet rated,NULL,N/A
BBGI,$4.24,1440450640727,"1,190",100% bearish,of 1 rating,N/A
BEBE,$1.765,1440450640761,"121,939",75% bullish,of 4 ratings,$3.075
BBBY,$59.95,1440450640786,"2,230,160",71% bullish,of 7 ratings,$75
BCBP,$11.46,1440450640856,"10,999",Not yet rated,NULL,N/A
BECN,$34.08,1440450641117,"302,959",50% bullish,of 2 ratings,$40
BELFA,$14.19,1440450641278,"1,210",100% bearish,of 1 rating,N/A
BNCL,$12.29,1440450641311,"391,051",100% bullish,of 3 ratings,$12.50
BLCM,$16.5,1440450641334,"240,429",50% bullish,of 4 ratings,$40
BELFB,$17.9,1440450641365,"22,036",100% bearish,of 1 rating,N/A
BNFT,$34.27,1440450641408,"74,203",67% bullish,of 3 ratings,$46
BLPH,$4.91,1440450641438,"15,852",100% bearish,of 1 rating,$12.50
BNTC,$7.87,1440450641540,"6,910",100% bullish,of 1 rating,N/A
BGCP,$8.35,1440450642075,"1,437,521",88% bullish,of 8 ratings,$14
BGMD,$0.77,1440450642123,"186,593",100% bullish,of 10 ratings,N/A
BIND,$4.25,1440450642210,"93,141",75% bullish,of 4 ratings,$13.50
BGFV,$10.46,1440450642234,"119,618",57% bullish,of 7 ratings,$12
BASI,$1.45,1440450642485,"5,770",Not yet rated,NULL,N/A
ORPN,$5.03,1440450642510,"31,707",100% bullish,of 1 rating,$28.50
BCDA,NULL,1440450642896,0,Not yet rated,NULL,N/A
BIOC,$2.28,1440450643518,"312,115",83% bullish,of 6 ratings,$3.85
BDSI,$6.235,1440450643547,"718,201",88% bullish,of 8 ratings,$17
BIOD,$0.68,1440450643648,"112,422",80% bullish,of 5 ratings,$4
BIIB,$278.58,1440450643830,"2,923,839",88% bullish,of 16 ratings,$400
BCRX,$11.41,1440450643864,"653,902",63% bullish,of 8 ratings,$18
BIOL,$1.36,1440450644000,"77,897",Not yet rated,NULL,N/A
BLFS,$2.13,1440450644063,"55,868",100% bearish,of 1 rating,$4.75
BLRX,$1.225,1440450644311,"405,309",100% bullish,of 12 ratings,$5
BBC,$29.02,1440450645693,"38,203",Not yet rated,NULL,N/A
BIOS,$1.95,1440450645719,"1,105,530",71% bullish,of 7 ratings,$4
BVXV,$3.41,1440450645740,"42,494",Not yet rated,NULL,N/A
BMRN,$119.75,1440450645776,"1,024,922",80% bullish,of 5 ratings,$160
BVXVW,$0.72,1440450645801,"24,842",100% bearish,of 1 rating,N/A
BBP,$30.35,1440450645871,"94,255",Not yet rated,NULL,N/A
BRLI,NULL,1440450645893,0,NULL,NULL,NULL
BSTC,$46.9,1440450646074,"45,015",100% bearish,of 1 rating,$76
BEAT,$14,1440450647058,"485,252",67% bearish,of 3 ratings,$15
BPTH,$1.1,1440450647130,"170,541",100% bullish,of 2 ratings,$5
TECH,$94.96,1440450647935,"144,097",100% bullish,of 1 rating,$117
BSPM,$0.6324,1440450647960,"56,381",50% bullish,of 2 ratings,N/A
BITI,$16.24,1440450648211,"21,820",100% bullish,of 1 rating,$28
BOTA,$2.1,1440450648236,"65,440",88% bullish,of 8 ratings,N/A
BDMS,$12.693,1440450648653,100,100% bearish,of 1 rating,N/A
BKCC,$8.8,1440450648938,"847,152",100% bullish,of 2 ratings,$10
BBOX,$14.86,1440450648967,"53,218",100% bearish,of 1 rating,N/A
BJRI,$44,1440450649071,"262,274",50% bullish,of 2 ratings,$55
BDE,$7.13,1440450649096,"510,498",50% bullish,of 2 ratings,$9
BBRY,$6.97,1440450649346,"7,499,023",61% bullish,of 330 ratings,$9
ADRA,$25.7988,1440450649398,"6,085",100% bearish,of 1 rating,N/A
BLKB,$57.65,1440450649480,"147,731",100% bearish,of 2 ratings,$66
HAWK,$40.1,1440450649578,"614,749",91% bullish,of 11 ratings,$49
ADRE,$28.35,1440450649664,"68,975",100% bearish,of 1 rating,N/A
ADRD,$21.1608,1440450649808,"24,781",100% bearish,of 1 rating,N/A
ADRU,$21.65,1440450649890,"12,288",100% bearish,of 1 rating,N/A
BLMN,$19.38,1440450650275,"1,021,073",83% bullish,of 6 ratings,$27.50
BLBD,$11.4,1440450650347,"11,542",Not yet rated,NULL,N/A
BUFF,$26.07,1440450650375,"410,481",83% bullish,of 12 ratings,$31.50
BCOR,$13.155,1440450650406,"305,498",57% bullish,of 7 ratings,$15
BHBK,$13.92,1440450650514,"68,728",100% bullish,of 1 rating,$14.50
BBLU,$0.7601,1440450650545,"131,007",100% bullish,of 2 ratings,$4.43
BLUE,$120.06,1440450650575,"612,155",71% bullish,of 7 ratings,$217.50
NILE,$32.18,1440450650643,"102,323",50% bullish,of 2 ratings,$34
BKEP,$6.1,1440450651075,"90,804",100% bearish,of 1 rating,$8.50
BPMC,$26.21,1440450651126,"183,786",50% bullish,of 2 ratings,$47.50
BOFI,$120.01,1440450651155,"328,759",100% bullish,of 6 ratings,$144
BOJA,$20.29,1440450651354,"322,240",100% bullish,of 1 rating,$30
BKEPP,$7.6,1440450651379,"4,450",100% bearish,of 1 rating,N/A
BOBE,$43.09,1440450651727,"148,420",75% bullish,of 4 ratings,$57
BONA,$11.01,1440450651871,"851,937",75% bullish,of 4 ratings,$8.50
BNCN,$20.34,1440450651898,"42,896",Not yet rated,NULL,$23
BPFH,$11.51,1440450652064,"418,265",100% bearish,of 1 rating,$14
WIFI,$7.37,1440450652350,"330,457",50% bullish,of 2 ratings,$13.50
BOKF,$59.05,1440450652575,"198,897",100% bearish,of 1 rating,$70.50
BAMM,$3.18,1440450652599,"45,902",60% bullish,of 5 ratings,N/A
BNSO,$1.25,1440450652651,"10,326",100% bearish,of 1 rating,N/A
BPFHW,NULL,1440450652683,0,100% bearish,of 1 rating,N/A
EPAY,$24.89,1440450652783,"69,575",100% bearish,of 2 ratings,$30
BPFHP,$25,1440450652808,100,100% bearish,of 1 rating,N/A
BCLI,$2.69,1440450653009,"211,989",80% bullish,of 5 ratings,$12
BBEP,$2.2,1440450653071,"1,545,843",69% bullish,of 13 ratings,$5.625
BDBD,$8.25,1440450653111,"1,024,842",60% bullish,of 5 ratings,$10
BBRG,$12.36,1440450653144,"83,894",67% bullish,of 3 ratings,$14.50
BRID,NULL,1440450653394,0,100% bearish,of 1 rating,N/A
BDGE,$26.75,1440450653424,"18,712",Not yet rated,NULL,$31.75
BBEPP,$12.23,1440450653450,"67,570",100% bearish,of 1 rating,N/A
BLIN,$1.25,1440450653526,"8,057",50% bullish,of 2 ratings,$2.20
BRCM,$47.55,1440450653868,"4,037,207",75% bullish,of 12 ratings,$56
BVSN,$5.65,1440450653908,"4,912",60% bearish,of 5 ratings,N/A
BCOV,$5.08,1440450653967,"161,104",67% bullish,of 3 ratings,$10.20
BWEN,$3.175,1440450653987,"30,100",100% bullish,of 3 ratings,$8
BYFC,$1.47,1440450654009,"1,100",50% bullish,of 2 ratings,N/A
BRKS,$10.03,1440450654047,"110,994",67% bullish,of 3 ratings,$15.25
BSFT,$30.04,1440450654076,"110,015",57% bullish,of 7 ratings,$40.50
BRCD,$10.045,1440450654097,"4,552,216",92% bullish,of 13 ratings,$12
BLMT,$20.43,1440450654486,"6,124",Not yet rated,NULL,N/A
BRKR,$18.3,1440450654519,"414,629",100% bearish,of 2 ratings,$22
BRKL,$10.34,1440450654741,"254,585",100% bearish,of 1 rating,$10.75
BSQR,$5.78,1440450654821,"73,221",67% bullish,of 3 ratings,N/A
BLDR,$14.06,1440450654880,"1,088,934",50% bullish,of 2 ratings,$22
BWLD,$187.17,1440450654905,"266,897",82% bullish,of 11 ratings,$205
BMTC,$28.58,1440450654931,"45,052",Not yet rated,NULL,$34
BUR,$1.86,1440450654958,"30,156",100% bearish,of 1 rating,$8
CFFI,$34.625,1440450654983,"2,088",100% bearish,of 1 rating,N/A
CHRW,$65.22,1440450655157,"1,823,460",Not yet rated,NULL,$72
CA,$26.47,1440450655314,"3,906,046",50% bullish,of 4 ratings,$33
CDZI,$7.44,1440450655366,"23,845",100% bearish,of 1 rating,N/A
CDNS,$19.05,1440450655494,"1,608,009",75% bullish,of 4 ratings,$22.50
CCMP,$42.4,1440450655519,"60,606",50% bullish,of 2 ratings,$59
CZR,$9.01,1440450655579,"1,989,104",60% bearish,of 5 ratings,$10.50
CACQ,$6.91,1440450655604,"57,866",100% bearish,of 1 rating,$12.25
CSTE,$42.51,1440450655820,"462,965",100% bearish,of 1 rating,$65
PRSS,$4.37,1440450655870,"27,486",80% bullish,of 5 ratings,$4.50
CLMS,$10.68,1440450655951,"93,137",Not yet rated,NULL,$10.50
CHI,$10.11,1440450656092,"538,484",100% bearish,of 1 rating,N/A
CLBS,$1.27,1440450656176,"232,637",79% bullish,of 14 ratings,$4
CFGE,$10.2,1440450656307,"1,826",Not yet rated,NULL,N/A
CHY,$10.9,1440450656468,"635,268",Not yet rated,NULL,N/A
CHW,$7.09,1440450656498,"417,176",100% bearish,of 1 rating,N/A
CSQ,$9.38,1440450656605,"868,917",Not yet rated,NULL,N/A
CAMP,$15.26,1440450656658,"302,371",88% bullish,of 8 ratings,$25
CGO,$11.33,1440450656703,"49,883",100% bearish,of 1 rating,N/A
CCD,$18.56,1440450656731,"117,940",Not yet rated,NULL,N/A
CVGW,$55.16,1440450656899,"110,747",50% bullish,of 2 ratings,$58.50
CFNB,$13.45,1440450657091,141,100% bearish,of 1 rating,N/A
CLMT,$24,1440450657331,"690,798",75% bullish,of 8 ratings,$31
CALM,$47.5,1440450657359,"501,367",80% bullish,of 5 ratings,$65
CALA,$4.665,1440450657488,"432,535",100% bullish,of 3 ratings,$19.50
CALD,$15.02,1440450657624,"246,669",100% bearish,of 1 rating,$20.50
ABCD,$4.67,1440450657655,"101,580",83% bullish,of 6 ratings,N/A
CAMB,$10.0499,1440450657728,400,Not yet rated,NULL,N/A
CAMBU,NULL,1440450657755,0,100% bearish,of 1 rating,N/A
CAMBW,$0.1499,1440450657964,"4,360",Not yet rated,NULL,N/A
CAMT,$2.68,1440450658050,"108,721",73% bullish,of 11 ratings,$4
CAC,$39.9,1440450658110,"6,927",Not yet rated,NULL,N/A
CGIX,$8.98,1440450658242,"38,903",67% bullish,of 3 ratings,$14.375
CBNJ,$10.7,1440450658271,"65,263",100% bullish,of 1 rating,N/A
CPLA,$47.43,1440450658377,"57,153",67% bearish,of 3 ratings,$65
CSIQ,$16.31,1440450658602,"2,836,791",86% bullish,of 28 ratings,$45
CPHC,$10.23,1440450658686,"4,511",100% bearish,of 1 rating,N/A
CBF,$28.36,1440450658746,"54,701",Not yet rated,NULL,$32
CPLP,$6.77,1440450658880,"645,072",71% bullish,of 7 ratings,$11
CCBG,$14.51,1440450659200,"19,916",Not yet rated,NULL,$17.25
CSWC,$44.38,1440450659248,"42,354",Not yet rated,NULL,N/A
CAPNW,$0.65,1440450659599,900,Not yet rated,NULL,N/A
CPTA,$13.33,1440450659803,"161,919",100% bearish,of 1 rating,$18.50
CFFN,$11.78,1440450659982,"740,129",Not yet rated,NULL,$12.75
CAPN,$1.8,1440450660007,"164,048",100% bullish,of 1 rating,$10.85
CAPR,$3.9742,1440450660200,"22,787",Not yet rated,NULL,$12
CARB,$11.02,1440450660462,"96,376",75% bullish,of 4 ratings,$12
CFNL,$21.55,1440450660871,"78,035",Not yet rated,NULL,$24
CPST,$0.37,1440450660895,"750,973",95% bullish,of 22 ratings,$1.25
CBYL,$5.55,1440450661302,"51,607",100% bearish,of 1 rating,$20
CATM,$33.68,1440450661327,"328,015",100% bearish,of 1 rating,$44
CARA,$18.995,1440450661567,"334,099",50% bullish,of 4 ratings,$25
CSII,$23.46,1440450661867,"158,761",100% bearish,of 2 ratings,$42.125
CRME,$8.99,1440450661896,"30,716",89% bullish,of 9 ratings,$11.25
CRDC,$0.38,1440450661921,"118,467",100% bullish,of 1 rating,$1.25
CECO,$3.54,1440450661999,"259,131",67% bearish,of 3 ratings,$6
CTRE,$11.63,1440450662068,"325,518",50% bullish,of 2 ratings,N/A
CDNA,$6.2,1440450662143,"9,987",100% bearish,of 1 rating,$9
CLBH,$12.605,1440450662242,"1,056",Not yet rated,NULL,$16.50
CKEC,$22.01,1440450662372,"206,824",50% bullish,of 2 ratings,$35.915
CRTN,$2.47,1440450662575,"3,050",100% bearish,of 1 rating,N/A
CART,$5.3999,1440450662608,"4,660",100% bearish,of 1 rating,N/A
CARO,$15,1440450662629,"6,865",100% bearish,of 1 rating,$19
CRZO,$28.33,1440450662650,"990,798",67% bearish,of 3 ratings,$57
TAST,$11.34,1440450662671,"178,438",Not yet rated,NULL,$14.25
CARV,$5.8,1440450662710,"1,400",50% bullish,of 2 ratings,N/A
CASM,$1.1,1440450662815,"25,445",100% bullish,of 1 rating,$3.50
CACB,$5.25,1440450663680,"59,297",Not yet rated,NULL,$5.50
CWST,$6.01,1440450664102,"297,664",50% bullish,of 2 ratings,$7.25
CSCD,$14.93,1440450664205,"56,936",100% bullish,of 2 ratings,$17
CASY,$102.7,1440450664389,"255,085",50% bullish,of 2 ratings,$99.50
CASI,$1.4751,1440450664414,"17,479",100% bullish,of 1 rating,$3.50
CPRX,$3.24,1440450664639,"732,450",71% bullish,of 7 ratings,$7
CATB,$10.89,1440450664667,"23,744",100% bearish,of 1 rating,$28
CASS,$45.69,1440450664688,"17,798",100% bearish,of 1 rating,N/A
CATY,$28.26,1440450665049,"613,668",100% bearish,of 1 rating,$33.50
CATYW,$8.92,1440450665078,700,100% bearish,of 1 rating,N/A
CNLM,NULL,1440450665103,0,Not yet rated,NULL,N/A
CNLMR,NULL,1440450665310,0,Not yet rated,NULL,N/A
CAVM,$62.91,1440450665339,"481,724",67% bearish,of 3 ratings,$72
CBFV,$20.28,1440450665440,"2,500",Not yet rated,NULL,N/A
CVCO,$71.4914,1440450665503,"33,972",100% bearish,of 1 rating,N/A
CNLMU,$10.37,1440450666150,200,100% bullish,of 1 rating,N/A
CBOE,$60.37,1440450667482,"583,269",Not yet rated,NULL,$60
CNLMW,NULL,1440450667835,0,Not yet rated,NULL,N/A
CDK,$46.71,1440450667937,"1,268,622",67% bearish,of 3 ratings,$50
CDW,$37.42,1440450667962,"940,580",75% bullish,of 4 ratings,$44
CLRB,$3.15,1440450668575,"7,340",100% bearish,of 1 rating,N/A
CECE,$9.23,1440450668606,"111,222",50% bullish,of 2 ratings,$16
CLRBW,NULL,1440450668864,0,Not yet rated,NULL,N/A
CPXX,$2.035,1440450670123,"307,196",100% bullish,of 2 ratings,$7
CELG,$113.57,1440450671743,"6,309,476",92% bullish,of 13 ratings,$155.50
CLDX,$12.94,1440450672258,"1,429,925",89% bullish,of 9 ratings,$36
CELGZ,$1.51,1440450672643,"22,257",80% bullish,of 5 ratings,N/A
CLDN,$1.03,1440450673491,"190,568",71% bullish,of 7 ratings,$3
CLLS,$27.84,1440450674059,"89,864",75% bullish,of 4 ratings,$51.50
CBMG,$21.64,1440450675271,"92,897",50% bullish,of 2 ratings,N/A
CETV,$1.9,1440450676780,"135,367",67% bullish,of 3 ratings,$2.80
CLSN,$1.8717,1440450676867,"127,999",80% bullish,of 10 ratings,$7.50
CLTX,$2.77,1440450677094,"1,021,436",100% bullish,of 2 ratings,N/A
CYAD,$47.5597,1440450677261,"1,950",100% bullish,of 1 rating,$87.50
CENT,$11.45,1440450677479,"192,235",Not yet rated,NULL,$10
CEMP,$33.46,1440450678295,"578,986",71% bullish,of 7 ratings,$52
CETX,$2.2299,1440450679339,"9,132",Not yet rated,NULL,$5.60
CFBK,$1.37,1440450679477,"5,501",Not yet rated,NULL,N/A
CSFL,$13.68,1440450679567,"174,909",Not yet rated,NULL,$15
CENTA,$12.34,1440450679753,"175,317",Not yet rated,NULL,N/A
CVCY,$11.05,1440450679858,375,Not yet rated,NULL,$12
CENX,$4.6,1440450679988,"1,507,476",67% bullish,of 6 ratings,$9
CNBKA,$38.61,1440450680119,"5,128",50% bullish,of 2 ratings,N/A
CERE,$1.04,1440450680182,"296,958",88% bullish,of 8 ratings,N/A
CPHD,$47.26,1440450680408,"649,597",50% bullish,of 2 ratings,$66.50
CNTY,$5.77,1440450680541,"26,014",80% bullish,of 5 ratings,$7.75
CRNT,$1.28,1440450680669,"356,178",50% bullish,of 2 ratings,$2
CERN,$60.67,1440450680700,"2,972,492",67% bullish,of 3 ratings,$79
CERU,$3.3601,1440450680934,"68,469",75% bullish,of 4 ratings,$15
KOOL,$0.64,1440450680960,"91,976",100% bullish,of 5 ratings,$7
CERS,$4.45,1440450681006,"554,493",75% bullish,of 4 ratings,$7
CEVA,$17.65,1440450681031,"76,071",100% bearish,of 1 rating,$25
HOTRW,NULL,1440450681162,0,Not yet rated,NULL,N/A
CYOU,$19.39,1440450681223,"265,734",50% bullish,of 6 ratings,$24
HOTR,$1.38,1440450681305,"139,857",100% bullish,of 2 ratings,$5
CTHR,$1.3,1440450681485,"56,268",50% bullish,of 2 ratings,$2.50
GTLS,$21.89,1440450681647,"283,190",50% bullish,of 4 ratings,$40
CHTR,$172.23,1440450681715,"1,366,631",100% bearish,of 2 ratings,$196
CHFN,$12.33,1440450681741,"17,810",Not yet rated,NULL,$14
CHKP,$74.79,1440450681762,"1,340,360",50% bullish,of 4 ratings,$92
CHEK,$3.01,1440450682225,"3,108",Not yet rated,NULL,$7.75
CHMG,$26.59,1440450682710,560,Not yet rated,NULL,$30
CHEKW,$1.0687,1440450682797,500,Not yet rated,NULL,N/A
CHFC,$30.45,1440450683600,"43,593",100% bearish,of 1 rating,$36
CEMI,$3.89,1440450683731,"25,374",50% bullish,of 2 ratings,$7.50
CHKE,$25.2,1440450683888,"27,757",100% bearish,of 1 rating,$32.50
CCXI,$6.45,1440450683933,"89,635",67% bullish,of 3 ratings,$14
CBAK,$1.59,1440450684199,"64,815",67% bullish,of 9 ratings,N/A
CHEV,$14.3501,1440450684487,"7,487",Not yet rated,NULL,N/A
PLCE,$57.14,1440450684929,"437,713",100% bearish,of 1 rating,$71
CBNK,$16.5,1440450685016,"1,434",100% bearish,of 1 rating,N/A
CHMA,$23.91,1440450685060,"125,245",Not yet rated,NULL,$40
CMRX,$45.34,1440450685306,"250,952",50% bullish,of 2 ratings,$57
CADC,$3.11,1440450685539,"6,345",78% bullish,of 9 ratings,N/A
CCCL,$0.7614,1440450685574,"10,154",100% bullish,of 6 ratings,N/A
CAAS,$5.81,1440450685639,"50,455",93% bullish,of 14 ratings,$11.50
CALI,$0.82,1440450685789,"10,726",67% bullish,of 3 ratings,N/A
CBPO,$89.35,1440450685998,"413,602",75% bullish,of 8 ratings,$140.50
JRJC,$2.98,1440450686167,"419,015",82% bullish,of 11 ratings,N/A
CCCR,$0.8,1440450686196,"1,500",67% bearish,of 3 ratings,N/A
CHOP,$1.15,1440450686299,"43,526",50% bullish,of 2 ratings,N/A
HGSH,$1.7,1440450686671,"16,528",67% bullish,of 3 ratings,N/A
CJJD,$1.83,1440450686699,"59,056",100% bullish,of 1 rating,N/A
CHLN,$1.7001,1440450686838,"8,033",67% bullish,of 3 ratings,N/A
CHNR,$1.665,1440450686865,"7,883",100% bearish,of 1 rating,N/A
CNIT,$1.29,1440450686886,"219,175",67% bullish,of 6 ratings,N/A
HTHT,$23.8,1440450687032,"94,293",50% bullish,of 2 ratings,$28.40
CREG,$0.65,1440450687534,"44,639",100% bullish,of 3 ratings,N/A
CPGI,$6.9,1440450687584,"3,572",Not yet rated,NULL,N/A
CNTF,$0.825,1440450687715,"216,557",Not yet rated,NULL,N/A
CSUN,$1.2942,1440450688136,"43,794",80% bullish,of 5 ratings,N/A
CXDC,$6,1440450688279,"146,421",67% bullish,of 3 ratings,N/A
IMOS,$16.05,1440450688917,"189,858",60% bullish,of 5 ratings,$21.50
CHSCL,$26.68,1440450689073,"49,250",Not yet rated,NULL,N/A
CNYD,$3,1440450689102,"11,368",67% bullish,of 3 ratings,N/A
CNET,$0.788,1440450689203,"82,457",50% bullish,of 2 ratings,N/A
CCIH,$5.93,1440450689370,"464,909",67% bullish,of 6 ratings,$12.65
CHSCN,$26.18,1440450689813,"14,084",Not yet rated,NULL,N/A
CHSCM,$25.44,1440450689838,"66,932",Not yet rated,NULL,N/A
CHDN,$130.15,1440450690007,"46,665",Not yet rated,NULL,$165
CHSCO,$27.88,1440450690032,"15,814",Not yet rated,NULL,N/A
CHSCP,$30.01,1440450690209,"9,033",Not yet rated,NULL,N/A
CHUY,$30.5,1440450690238,"215,851",50% bullish,of 2 ratings,$34
CDTX,$13.93,1440450690425,"19,543",Not yet rated,NULL,$22
CMCT,$15.35,1440450690510,"2,116",100% bearish,of 1 rating,N/A
CIFC,$6.62,1440450690553,"6,022",100% bearish,of 1 rating,N/A
CINF,$51.37,1440450691064,"769,847",50% bullish,of 4 ratings,$50.50
CMPR,$66.84,1440450691126,"511,502",50% bullish,of 2 ratings,$72.50
CIDM,$0.595,1440450691256,"106,877",50% bullish,of 2 ratings,$2.10
CPHR,$5.75,1440450691830,"17,945",100% bearish,of 1 rating,$17
CRUS,$27.34,1440450693031,"1,169,056",75% bullish,of 12 ratings,$44.50
CSCO,$25.2,1440450693955,"32,278,545",84% bullish,of 208 ratings,$32
CTAS,$81.58,1440450694004,"467,418",100% bearish,of 1 rating,$91
CTRN,$26.72,1440450694481,"124,248",100% bearish,of 1 rating,$31.50
CZNC,$19.56,1440450694820,"9,767",Not yet rated,NULL,N/A
CIZN,$19.01,1440450695131,"1,873",Not yet rated,NULL,N/A
CZFC,NULL,1440450695263,0,Not yet rated,NULL,N/A
CZWI,$9,1440450695347,"11,000",Not yet rated,NULL,N/A
CTXS,$67.03,1440450695782,"2,116,903",86% bullish,of 7 ratings,$80
CHCO,$45.68,1440450695868,"37,539",Not yet rated,NULL,$46
CIVB,$10.066,1440450695911,700,Not yet rated,NULL,$11
CLFD,$16.69,1440450696055,"53,502",67% bullish,of 3 ratings,$18
CIVBP,$32.84,1440450696125,"1,300",Not yet rated,NULL,N/A
CLNE,$4.01,1440450696151,"1,221,248",80% bullish,of 15 ratings,$9
CDTI,$1.49,1440450696172,"145,261",75% bullish,of 4 ratings,$3.20
CLNT,$1.51,1440450696200,"5,425",75% bullish,of 8 ratings,N/A
CLRO,$11.52,1440450696655,"13,502",50% bullish,of 2 ratings,$14.25
CLIR,$4.56,1440450696893,"88,694",100% bullish,of 3 ratings,N/A
CLVS,$67.555,1440450696918,"442,281",60% bullish,of 5 ratings,$101.50
CBLI,$3.53,1440450696951,"63,533",60% bullish,of 5 ratings,N/A
CSBK,$13.44,1440450696976,"77,650",Not yet rated,NULL,N/A
CMFN,$11.77,1440450697122,"36,021",100% bearish,of 1 rating,$15.50
CME,$88.75,1440450697170,"2,010,025",67% bullish,of 3 ratings,$102
CWAY,$11.21,1440450697701,"3,154",Not yet rated,NULL,N/A
CCNE,$16.6,1440450697734,"18,405",50% bullish,of 2 ratings,$21.50
CNV,$4.35,1440450697784,"62,662",50% bullish,of 2 ratings,$7.15
CISG,$7,1440450697813,"187,823",100% bullish,of 5 ratings,$10
CDRB,$10.3,1440450697840,"26,278",67% bullish,of 3 ratings,N/A
COKE,$155.47,1440450697861,"59,580",79% bullish,of 19 ratings,N/A
COBZ,$12.61,1440450697912,"83,549",100% bullish,of 1 rating,$14
CCOI,$27.62,1440450698426,"433,156",50% bullish,of 4 ratings,$35
CVLY,$20.56,1440450698499,"11,348",Not yet rated,NULL,N/A
CDXS,$3.67,1440450698524,"59,789",64% bullish,of 11 ratings,$6
CGNT,$1.53,1440450698588,"212,392",100% bullish,of 2 ratings,$2
CTSH,$59.92,1440450698615,"3,621,566",90% bullish,of 10 ratings,$75
CGNX,$34.555,1440450698635,"772,453",50% bullish,of 2 ratings,$47
JVA,$4.49,1440450698656,"37,659",83% bullish,of 6 ratings,$7
COHR,$55.9,1440450699127,"93,158",50% bullish,of 2 ratings,$72
CHRS,$28,1440450699343,"105,235",67% bearish,of 3 ratings,$37
COHU,$9.45,1440450699370,"130,321",100% bearish,of 1 rating,$14.25
CLRX,$0.58,1440450699398,"311,003",50% bullish,of 2 ratings,N/A
CLCT,$17.87,1440450699632,"49,419",100% bearish,of 1 rating,N/A
COLL,$14.53,1440450700190,"68,530",100% bearish,of 1 rating,$26
CLCD,$6.85,1440450700219,"48,296",100% bearish,of 1 rating,$20.50
CBAN,$8.76,1440450700325,"4,173",Not yet rated,NULL,N/A
CIGI,$41.88,1440450700350,"11,542",100% bearish,of 1 rating,$52
CMCO,$18.58,1440450700600,"64,496",60% bullish,of 5 ratings,$28
COLB,$29.34,1440450700688,"259,860",Not yet rated,NULL,$36
COLM,$58.37,1440450700819,"145,915",100% bearish,of 1 rating,$71
CMCSA,$54.41,1440450700984,"12,394,804",66% bullish,of 35 ratings,$69.50
CBMX,$1.11,1440450701009,"74,755",83% bullish,of 6 ratings,$3.15
CMCSK,$55.4,1440450701034,"3,691,110",Not yet rated,NULL,$84
CBSH,$43.55,1440450701061,"496,127",50% bullish,of 2 ratings,$46
CBSHP,$25.04,1440450701086,"10,681",100% bearish,of 1 rating,N/A
CUBN,$13.55,1440450701311,"12,687",Not yet rated,NULL,N/A
JCS,$8.51,1440450701976,"15,954",67% bullish,of 3 ratings,N/A
CSAL,$19.76,1440450702024,"655,241",75% bullish,of 4 ratings,$30
CYHHZ,$0.01,1440450702052,"230,689",100% bullish,of 1 rating,N/A
COMM,$27.64,1440450702073,"1,349,691",67% bearish,of 3 ratings,$35
CVGI,$4.54,1440450702094,"43,107",50% bullish,of 2 ratings,$6
ESXB,$5.05,1440450702132,"11,150",Not yet rated,NULL,N/A
CTBI,$34.25,1440450702233,"58,441",Not yet rated,NULL,$36
CWBC,NULL,1440450704057,0,Not yet rated,NULL,N/A
COB,$10.21,1440450704142,"7,414",100% bullish,of 1 rating,$11.75
CVLT,$35.09,1440450704537,"482,704",75% bullish,of 4 ratings,$44.50
CIZ,$32.193,1440450704623,"5,946",100% bearish,of 1 rating,N/A
CDC,$33.98,1440450705860,"16,602",Not yet rated,NULL,N/A
CIL,$33.0699,1440450705886,100,Not yet rated,NULL,N/A
CID,$33.1399,1440450706169,150,Not yet rated,NULL,N/A
CSF,$35.5601,1440450706218,"4,475",100% bearish,of 1 rating,N/A
CSA,$31.94,1440450706254,"1,900",Not yet rated,NULL,N/A
CFA,$34.23,1440450706348,"4,881",100% bearish,of 1 rating,N/A
CFO,$34.52,1440450706411,"39,770",100% bearish,of 1 rating,N/A
CDL,$32.55,1440450706474,300,Not yet rated,NULL,N/A
CGEN,$4.78,1440450706581,"282,116",50% bullish,of 2 ratings,$11
CSB,NULL,1440450706612,0,Not yet rated,NULL,N/A
CPSI,$44.74,1440450706711,"86,493",100% bearish,of 1 rating,$45.50
CTG,$6.6,1440450706737,"34,036",100% bearish,of 1 rating,$8.50
SCOR,$53.1,1440450706769,"289,058",100% bearish,of 1 rating,$66
CHCI,$0.5899,1440450706802,"14,965",50% bullish,of 2 ratings,N/A
CMTL,$26.07,1440450707048,"44,543",100% bearish,of 2 ratings,$37
CNSI,$18.16,1440450707194,"93,047",100% bearish,of 2 ratings,$29
CNCE,$14.9,1440450707829,"130,439",75% bullish,of 4 ratings,$22
CNAT,$3.55,1440450707853,"236,223",83% bullish,of 6 ratings,$13
CXRX,$68.43,1440450708046,"5,830",100% bearish,of 1 rating,$90
CDORO,$16.2,1440450708097,"1,624",100% bearish,of 1 rating,N/A
CCUR,$5.12,1440450708151,"33,780",75% bullish,of 4 ratings,N/A
CFMS,$19.605,1440450708186,"244,481",Not yet rated,NULL,$27
CDORP,$6.6,1440450708213,"1,443",100% bearish,of 1 rating,N/A
CDOR,$1.28,1440450708284,"19,623",100% bullish,of 1 rating,N/A
CNFR,$10.24,1440450708309,"21,834",Not yet rated,NULL,N/A
CTWS,$34.69,1440450708525,"17,508",100% bearish,of 1 rating,$44
CNMD,$51.97,1440450708584,"302,849",Not yet rated,NULL,$59
CNOB,$18.91,1440450708629,"58,903",100% bullish,of 1 rating,$23.50
CNSL,$19.25,1440450708728,"244,650",100% bearish,of 1 rating,$23
CONN,$29.78,1440450708754,"487,086",67% bullish,of 3 ratings,$48.50
CNXR,$6.62,1440450708780,"62,616",100% bearish,of 1 rating,$12
CWCO,$10.14,1440450708931,"93,853",67% bullish,of 3 ratings,$14.50
CTCT,$23.93,1440450709111,"314,927",67% bullish,of 3 ratings,$37
CFRX,$5.03,1440450709239,"36,453",Not yet rated,NULL,$14
CPSS,$5.6371,1440450709297,"54,165",100% bullish,of 1 rating,$10
CFRXZ,$0.53,1440450709374,"10,025",Not yet rated,NULL,N/A
CFRXW,$1.7,1440450709401,"3,109",100% bearish,of 1 rating,N/A
CTRV,$3.86,1440450709614,"24,667",Not yet rated,NULL,$6.40
CTRL,$7.82,1440450710023,"117,973",50% bullish,of 2 ratings,$11
CPRT,$33.55,1440450710060,"204,524",67% bearish,of 3 ratings,$40
CRBP,$1.93,1440450710383,"515,970",100% bullish,of 2 ratings,$6.25
CORI,$9.71,1440450710409,"57,073",100% bearish,of 1 rating,$18
CORT,$4.44,1440450710430,"274,039",67% bullish,of 3 ratings,$12
CSOD,$35.03,1440450710467,"545,458",50% bullish,of 2 ratings,$42
CORE,$59.76,1440450710488,"110,911",100% bearish,of 1 rating,$72
BVA,$3.5101,1440450710508,"1,100",50% bullish,of 2 ratings,N/A
CRVL,$31.44,1440450710571,"31,924",100% bearish,of 1 rating,N/A
CSGP,$170.52,1440450710650,"226,690",50% bullish,of 2 ratings,$235
COST,$132.85,1440450710804,"2,649,017",79% bullish,of 24 ratings,$154.50
COSI,$1.0808,1440450710894,"94,539",100% bullish,of 1 rating,N/A
ICBK,$18,1440450710945,"1,100",Not yet rated,NULL,$21
CPAH,$0.4899,1440450710970,"9,000",50% bullish,of 2 ratings,N/A
CVTI,$21.56,1440450711041,"108,877",67% bearish,of 3 ratings,$39
COVS,$2.6,1440450711237,"182,737",67% bullish,of 3 ratings,N/A
COWN,$5.115,1440450711267,"886,630",75% bullish,of 4 ratings,$7
COWNL,$27.15,1440450711293,"4,148",Not yet rated,NULL,N/A
CPSH,$2.15,1440450711371,"1,070",Not yet rated,NULL,N/A
CBRL,$139.18,1440450711609,"230,745",50% bullish,of 2 ratings,$155
CRAI,$21.61,1440450711687,"24,999",100% bearish,of 1 rating,$36
BREW,$7.15,1440450711713,"52,914",67% bullish,of 6 ratings,$15
CACC,$189.24,1440450711742,"121,141",50% bullish,of 2 ratings,$158.50
GLDI,$11.06,1440450711797,"32,236",100% bearish,of 1 rating,N/A
CRAY,$19.7,1440450711843,"250,507",83% bullish,of 6 ratings,$38.50
SLVO,$10.1005,1440450711930,"30,577",100% bearish,of 1 rating,N/A
CREE,$26.35,1440450712059,"1,673,079",65% bullish,of 17 ratings,$29.50
CRTO,$42.09,1440450712148,"511,452",67% bullish,of 6 ratings,$64
CCRN,$13.3,1440450712300,"222,468",100% bearish,of 1 rating,$14.25
CRESY,$9.5,1440450712349,"62,895",100% bearish,of 1 rating,$19
CROX,$13.35,1440450712431,"1,449,147",63% bullish,of 8 ratings,$16.50
CRDS,$1.01,1440450712456,"25,731",50% bullish,of 4 ratings,$4.50
CRWS,$7.9478,1440450712483,"7,283",Not yet rated,NULL,$10
CRWN,$4.51,1440450712650,"100,496",75% bullish,of 4 ratings,N/A
CYRX,$2.75,1440450712675,"24,850",Not yet rated,NULL,$9
CYRXW,$0.81,1440450712848,"11,500",Not yet rated,NULL,N/A
CSGS,$30.44,1440450712901,"156,750",Not yet rated,NULL,$40
CCLP,$13.29,1440450712949,"139,699",67% bearish,of 3 ratings,$21
CSPI,$5.86,1440450712980,"11,150",67% bullish,of 3 ratings,N/A
CTCM,$1.71,1440450713007,"203,515",80% bearish,of 5 ratings,$3.90
CTIC,$1.61,1440450713087,"941,961",84% bullish,of 76 ratings,$5.75
CTIB,$3.557,1440450713139,"4,775",100% bearish,of 1 rating,N/A
CTRP,$60.27,1440450713228,"2,175,831",75% bullish,of 8 ratings,$92
CUNB,$21.1,1440450713305,"12,079",Not yet rated,NULL,$24.50
CUI,$4.86,1440450713360,"43,396",50% bullish,of 2 ratings,$10
CMLS,$1.255,1440450713503,"621,515",50% bullish,of 4 ratings,$6
CPIX,$5.81,1440450713635,"6,433",Not yet rated,NULL,N/A
CRIS,$2.34,1440450713664,"436,273",100% bullish,of 8 ratings,$6
CUTR,$13.5,1440450713864,"288,602",67% bearish,of 3 ratings,$18
CVBF,$15.71,1440450713891,"308,611",Not yet rated,NULL,$18
CVV,$11,1440450713931,"26,491",100% bullish,of 5 ratings,N/A
CYAN,$6.9265,1440450714181,"3,553",100% bearish,of 1 rating,N/A
CYBR,$48.5,1440450714211,"2,261,099",86% bullish,of 7 ratings,$66
CYCC,$0.53,1440450714232,"59,039",73% bullish,of 11 ratings,N/A
CYBE,$5.865,1440450714253,"16,045",100% bearish,of 1 rating,N/A
CYBX,$64.32,1440450714291,"311,793",50% bullish,of 4 ratings,$71.50
CBAY,$2.55,1440450714401,"57,149",100% bullish,of 1 rating,$4
CYCCP,NULL,1440450714466,0,100% bearish,of 1 rating,N/A
CYNA,$15.89,1440450714571,"49,964",100% bullish,of 1 rating,$31.50
CYNO,$30.87,1440450714708,"158,449",67% bearish,of 3 ratings,$45.50
CY,$9.22,1440450714733,"6,326,003",80% bullish,of 10 ratings,$15.50
CYRN,$1.57,1440450714800,"140,062",67% bullish,of 3 ratings,$4
CONE,$31.27,1440450715026,"280,314",67% bearish,of 3 ratings,$35
CTSO,$6.36,1440450715100,"161,728",Not yet rated,NULL,$15.625
CYTX,$0.3462,1440450715172,"1,158,918",83% bullish,of 12 ratings,$5.50
CYTK,$6.35,1440450715203,"211,080",71% bullish,of 14 ratings,$13.50
TVIZ,$17.18,1440450715223,"24,680",100% bearish,of 1 rating,N/A
TVIX,$12.55,1440450715257,"27,522,619",81% bullish,of 16 ratings,N/A
DAEG,$0.27,1440450715278,"6,148",100% bearish,of 1 rating,N/A
CYTR,$2.04,1440450715299,"766,945",67% bullish,of 6 ratings,$10
XIV,$29.53,1440450715587,"36,176,643",75% bearish,of 4 ratings,N/A
ZIV,$42.71,1440450715616,"252,310",Not yet rated,NULL,N/A
DJCO,$191,1440450715642,"1,167",Not yet rated,NULL,N/A
DAKT,$11.08,1440450715672,"164,761",50% bullish,of 2 ratings,$14
DARA,$0.8515,1440450715721,"90,761",83% bullish,of 6 ratings,$1.50
DAIO,$2.66,1440450715865,"20,651",Not yet rated,NULL,N/A
DTLK,$5.42,1440450716005,"60,168",100% bearish,of 1 rating,$9
DRAM,$1.2699,1440450716034,"8,281",78% bullish,of 9 ratings,N/A
PLAY,$32.75,1440450716107,"113,929",100% bullish,of 5 ratings,$42
DWCH,$4.84,1440450716134,"76,813",75% bullish,of 4 ratings,$8.25
DTEA,$13.11,1440450716161,"142,045",100% bearish,of 2 ratings,$24
DWSN,$4.21,1440450716190,"49,646",67% bullish,of 3 ratings,$6
DBVT,$36.76,1440450716420,"98,420",100% bearish,of 1 rating,$53
DHRM,$1.571,1440450716476,"14,593",Not yet rated,NULL,N/A
TRAK,$62.76,1440450716580,"456,503",50% bullish,of 2 ratings,$62.50
DFRG,$14.3,1440450716605,"193,753",100% bearish,of 1 rating,$20
DCTH,$0.4351,1440450716790,"133,185",78% bullish,of 9 ratings,N/A
DGAS,$20.16,1440450716843,"6,036",67% bearish,of 3 ratings,N/A
TACO,$12.45,1440450716869,"203,623",75% bullish,of 4 ratings,$20
TACOW,$4,1440450716938,"44,913",100% bullish,of 1 rating,N/A
DELT,$2.6,1440450716963,"1,385",Not yet rated,NULL,N/A
DENN,$11.13,1440450717031,"637,467",100% bullish,of 3 ratings,$15
DELTW,$0.1708,1440450717188,600,Not yet rated,NULL,N/A
XRAY,$51.47,1440450717218,"570,894",100% bullish,of 1 rating,$58
DEPO,$27.495,1440450717320,"1,193,908",60% bullish,of 5 ratings,$29
DERM,$23.07,1440450717375,"135,424",100% bearish,of 1 rating,$33.50
DSCI,$6,1440450717458,"101,672",50% bullish,of 2 ratings,$16
DEST,$11.3,1440450717483,"31,659",50% bullish,of 2 ratings,N/A
DXLG,$4.35,1440450717965,"81,727",100% bearish,of 1 rating,$8
DSWL,$1.79,1440450718016,"21,640",100% bullish,of 1 rating,N/A
DXCM,$85.73,1440450718062,"1,042,923",57% bullish,of 7 ratings,$98
DHXM,NULL,1440450718118,0,Not yet rated,NULL,N/A
DXM,$0.2952,1440450718214,"156,684",50% bullish,of 2 ratings,N/A
DCIX,$1.63,1440450718425,"60,241",50% bullish,of 4 ratings,$3.50
DMND,$29.11,1440450718452,"170,951",75% bullish,of 12 ratings,$32
FANG,$61.71,1440450718520,"1,073,178",50% bullish,of 2 ratings,$86
DHIL,$187.98,1440450718594,"2,910",Not yet rated,NULL,N/A
DGII,$9.52,1440450718686,"49,585",100% bearish,of 1 rating,$10
DRNA,$10.65,1440450718721,"101,865",67% bearish,of 3 ratings,$25
DMRC,$35.19,1440450718757,"102,968",100% bearish,of 1 rating,$44
DGLY,$6.04,1440450718953,"287,523",50% bullish,of 6 ratings,$20
DRAD,$3.6,1440450718995,"57,704",100% bullish,of 1 rating,$5.25
APPS,$2.25,1440450719046,"139,451",100% bearish,of 1 rating,$10.25
DIOD,$18.95,1440450719084,"191,575",75% bearish,of 4 ratings,$24
DCOM,$16.15,1440450719136,"77,832",100% bearish,of 2 ratings,$16.50
DPRX,$12.31,1440450719215,"17,455",100% bullish,of 2 ratings,$27.75
DISCA,$26.04,1440450719269,"2,763,387",67% bullish,of 3 ratings,$34
DISCB,$26.08,1440450719295,298,100% bearish,of 1 rating,$35
DISCK,$24.86,1440450719517,"3,606,368",100% bearish,of 1 rating,$32
DISH,$58.27,1440450720118,"1,692,348",69% bullish,of 13 ratings,$73
DVCR,$10.16,1440450720153,"18,425",100% bullish,of 1 rating,N/A
DSCO,$0.371,1440450720174,"217,088",83% bullish,of 6 ratings,$2.75
DLHC,$2.3599,1440450720273,"11,831",100% bearish,of 1 rating,N/A
DNBF,$26.45,1440450720303,"13,530",Not yet rated,NULL,$27.50
BAGR,$2.75,1440450720329,"37,362",100% bearish,of 1 rating,$6
DGICA,$14.17,1440450720382,"13,825",100% bearish,of 1 rating,$17
DLTR,$73.71,1440450720409,"1,964,967",82% bullish,of 11 ratings,$88
DORM,$48.64,1440450720722,"252,323",100% bearish,of 1 rating,$56
DMLP,$13.1,1440450720747,"78,392",100% bearish,of 1 rating,N/A
DGICB,NULL,1440450720776,0,100% bearish,of 1 rating,N/A
HILL,$9.65,1440450720993,"3,324,257",60% bearish,of 5 ratings,$9.75
DRWIW,NULL,1440450721026,0,Not yet rated,NULL,N/A
DWA,$19.13,1440450721053,"846,449",63% bullish,of 8 ratings,$26
DRWI,$0.2431,1440450721078,"131,125",60% bullish,of 5 ratings,$.45
DSKX,$3.03,1440450721256,"163,496",100% bullish,of 1 rating,N/A
DRYS,$0.3329,1440450721281,"4,141,073",77% bullish,of 31 ratings,$.60
DSPG,$8.21,1440450721314,"53,499",100% bearish,of 1 rating,$13.50
CADT,$10.02,1440450721411,300,Not yet rated,NULL,N/A
CADTR,$0.2,1440450721439,"24,465",Not yet rated,NULL,N/A
CADTU,NULL,1440450721968,0,Not yet rated,NULL,N/A
DNKN,$49.54,1440450721994,"2,337,777",67% bullish,of 15 ratings,$56.50
DTSI,$25.16,1440450722023,"76,496",100% bearish,of 2 ratings,$39.50
DYAX,$21.26,1440450722045,"710,249",89% bullish,of 9 ratings,$30
DXPE,$27.8,1440450722073,"123,638",50% bullish,of 2 ratings,N/A
DRRX,$1.93,1440450722129,"281,570",50% bullish,of 6 ratings,$3
CADTW,NULL,1440450722262,0,Not yet rated,NULL,N/A
DYSL,$1.4,1440450722403,"34,194",100% bullish,of 2 ratings,N/A
BOOM,$9.68,1440450722430,"54,171",67% bullish,of 3 ratings,$12
DVAX,$25.51,1440450722455,"277,699",70% bullish,of 10 ratings,$40
EBMT,$11.4011,1440450722625,"41,237",Not yet rated,NULL,$13.50
EGBN,$40.98,1440450722653,"96,333",Not yet rated,NULL,$48
DYNT,$2.85,1440450722680,"11,228",75% bullish,of 4 ratings,N/A
EGLE,$5.87,1440450722709,"23,732",60% bullish,of 5 ratings,N/A
ETFC,$24.18,1440450722736,"2,899,839",57% bullish,of 14 ratings,$33
EGRX,$65.38,1440450722814,"292,083",67% bullish,of 3 ratings,$97
EROC,$1.13,1440450723558,"438,132",50% bullish,of 2 ratings,$3
ELNK,$7.88,1440450723665,"567,835",60% bullish,of 5 ratings,$9.50
EWBC,$38.48,1440450723691,"1,835,848",100% bearish,of 1 rating,$50
EACQU,$10.1999,1440450723722,956,Not yet rated,NULL,N/A
EVBS,$6.42,1440450723758,"6,562",Not yet rated,NULL,$7
EML,$16.45,1440450723784,"30,635",Not yet rated,NULL,N/A
EBIX,$26.07,1440450723821,"721,930",69% bullish,of 13 ratings,$40
ELON,$0.535,1440450723854,"62,072",50% bullish,of 2 ratings,N/A
EBAY,$24.94,1440450724016,"11,125,948",81% bullish,of 117 ratings,$48
ECHO,$23.72,1440450724246,"440,998",67% bearish,of 3 ratings,$35.50
EEI,$10.78,1440450724271,"2,041",67% bearish,of 3 ratings,N/A
ESES,$3.06,1440450724297,"4,949",100% bearish,of 1 rating,$7
SATS,$42,1440450724327,"145,389",50% bullish,of 2 ratings,$60
ECTE,$1.39,1440450724352,"20,994",75% bullish,of 4 ratings,N/A
ECACU,$10.048,1440450724432,"22,600",Not yet rated,NULL,N/A
EDAP,$3.04,1440450724782,"64,134",60% bullish,of 5 ratings,$4.50
EGLT,$10.33,1440450724968,"52,168",50% bullish,of 2 ratings,$21
EFUT,$4.07,1440450725004,"5,346",Not yet rated,NULL,N/A
EHTH,$13.22,1440450725031,"110,242",50% bullish,of 4 ratings,$16.50
EDUC,$4.7575,1440450725052,"2,270",100% bearish,of 1 rating,N/A
EDGW,$6.63,1440450725084,"104,984",100% bearish,of 1 rating,N/A
LOCO,$11.39,1440450725109,"1,191,605",69% bullish,of 13 ratings,$20
EGAN,$3.28,1440450725180,"15,692",50% bullish,of 2 ratings,$6.25
ELRC,$10.255,1440450725493,"47,108",100% bearish,of 1 rating,N/A
ERI,$9.11,1440450725525,"57,462",100% bearish,of 1 rating,$10
EMITF,$1.18,1440450725546,"42,844",75% bullish,of 4 ratings,N/A
ESLT,$74,1440450725567,"23,937",67% bullish,of 3 ratings,N/A
EA,$63.56,1440450725624,"3,535,240",77% bullish,of 35 ratings,$80
ESIO,$4.38,1440450725723,"73,288",50% bullish,of 2 ratings,$10
EFII,$42.48,1440450725813,"316,853",80% bullish,of 5 ratings,$55
ELSE,$3.63,1440450726429,400,60% bullish,of 5 ratings,N/A
ELEC,NULL,1440450726453,0,Not yet rated,NULL,N/A
ELECU,$10,1440450726607,"10,499",Not yet rated,NULL,N/A
ELECW,NULL,1440450726847,0,Not yet rated,NULL,N/A
EBIO,$3.36,1440450727064,"268,276",100% bearish,of 2 ratings,$8.35
RDEN,$10.09,1440450727112,"95,041",100% bearish,of 4 ratings,$15
CAPX,$22.0099,1440450727291,"2,600",Not yet rated,NULL,N/A
ESBK,NULL,1440450727338,0,Not yet rated,NULL,N/A
LONG,$16.85,1440450727370,"61,690",67% bullish,of 3 ratings,$15.75
ELTK,$1.0699,1440450727391,"9,291",67% bearish,of 3 ratings,N/A
EMCF,NULL,1440450727470,0,100% bearish,of 1 rating,N/A
EMKR,$6.88,1440450727698,"118,718",75% bullish,of 4 ratings,$8.50
EMCI,$22.25,1440450727789,"17,390",Not yet rated,NULL,N/A
EMMS,$1.18,1440450727924,"195,148",67% bullish,of 6 ratings,N/A
EMMSP,NULL,1440450728025,0,100% bearish,of 1 rating,N/A
NYNY,$4.1,1440450728128,"81,517",50% bullish,of 2 ratings,N/A
ENTA,$38.915,1440450728576,"253,047",50% bullish,of 2 ratings,$42
ENDP,$73.52,1440450728603,"2,142,826",50% bullish,of 6 ratings,$104
ERS,$2.8197,1440450728624,"4,002",Not yet rated,NULL,N/A
WIRE,$31.69,1440450728645,"135,594",100% bearish,of 1 rating,$37
ECPG,$38.75,1440450728779,"139,867",100% bullish,of 2 ratings,$52
ELGX,$12.4,1440450728810,"581,396",75% bullish,of 4 ratings,$17
ECYT,$5.03,1440450728849,"232,523",83% bullish,of 6 ratings,$12
EIGI,$14.85,1440450728908,"689,293",67% bearish,of 3 ratings,$22.50
EFOI,$15.8,1440450729257,"356,004",50% bullish,of 2 ratings,$20.50
WATT,$6.13,1440450729294,"223,424",50% bullish,of 2 ratings,$13
ERII,$2.91,1440450729356,"87,989",80% bullish,of 5 ratings,$2.50
EXXI,$1.285,1440450729655,"2,098,098",86% bullish,of 7 ratings,$3.50
ENOC,$8.36,1440450729786,"297,896",75% bullish,of 4 ratings,$18
ENG,$0.99,1440450729822,"38,350",100% bullish,of 3 ratings,N/A
ENPH,$4.865,1440450729867,"1,065,100",75% bullish,of 4 ratings,$11
ENTL,$20.91,1440450729896,"16,464",Not yet rated,NULL,$28
ENTG,$13.26,1440450729926,"559,334",100% bearish,of 1 rating,$18
ENFC,$18.19,1440450729974,"5,525",Not yet rated,NULL,N/A
ESGR,$147.97,1440450730003,"38,557",100% bearish,of 1 rating,$185
ETRM,$0.2331,1440450730256,"924,376",69% bearish,of 35 ratings,$1.625
ENVI,$1.74,1440450730424,"32,854",67% bullish,of 3 ratings,N/A
EBTC,$20.33,1440450730449,"6,142",Not yet rated,NULL,N/A
EFSC,$23.71,1440450730473,"41,356",Not yet rated,NULL,$27
EGT,$2.04,1440450730522,405,100% bullish,of 1 rating,N/A
ENZN,$0.9223,1440450730652,"1,031,262",100% bullish,of 9 ratings,N/A
ENZY,$9.06,1440450730926,"14,738",67% bullish,of 3 ratings,$9.50
EPRS,$4.76,1440450730955,"72,645",82% bullish,of 11 ratings,$15
EPZM,$17.49,1440450730976,"552,999",60% bullish,of 5 ratings,$34
EPIQ,$13.25,1440450731010,"85,248",100% bearish,of 1 rating,$18
PLUS,$74.8,1440450731108,"72,379",50% bullish,of 2 ratings,$88
EQIX,$255.76,1440450731139,"571,747",75% bullish,of 4 ratings,$312.50
EAC,$3.45,1440450731274,"31,037",100% bearish,of 1 rating,$8
EQFN,$8.2,1440450731346,100,100% bearish,of 1 rating,N/A
ERIC,$9.5,1440450731428,"2,856,653",63% bullish,of 8 ratings,$12.20
ERIE,$81.41,1440450731503,"21,865",Not yet rated,NULL,$73
ESCR,$0.16,1440450731795,"18,314",50% bullish,of 2 ratings,N/A
ESCA,$17.6,1440450731863,"19,670",100% bearish,of 1 rating,$22
EPIX,$5.94,1440450731900,600,Not yet rated,NULL,N/A
ESPR,$51.97,1440450731927,"863,492",70% bearish,of 10 ratings,$123
ESCRP,$1.54,1440450731952,"4,079",100% bearish,of 1 rating,N/A
ESMC,NULL,1440450732090,0,Not yet rated,NULL,N/A
ESSA,$12.6,1440450732248,"17,164",100% bearish,of 1 rating,N/A
ESND,$34.01,1440450732274,"113,391",100% bearish,of 2 ratings,$40
ETSY,$12.91,1440450732440,"610,116",80% bullish,of 5 ratings,$16
ESSX,$0.4899,1440450732465,"20,891",50% bullish,of 2 ratings,N/A
CLWT,$2.35,1440450732593,"15,577",100% bearish,of 1 rating,N/A
EEFT,$62.05,1440450732618,"215,541",100% bearish,of 1 rating,$67.50
ESEA,$5.501,1440450732775,"3,342",100% bullish,of 1 rating,$15
EVEP,$7.1,1440450732800,"414,147",50% bullish,of 2 ratings,$15
EVOK,$3.6715,1440450733070,"88,820",100% bearish,of 1 rating,$13.375
EVK,$3.9,1440450733102,"9,600",75% bearish,of 4 ratings,N/A
EVLV,$2.03,1440450733128,"150,103",60% bullish,of 5 ratings,$6.50
EVOL,$5.79,1440450733155,"10,732",75% bullish,of 4 ratings,$10
EXA,$10.63,1440450733201,"23,624",100% bearish,of 1 rating,$13
EXAS,$19.61,1440450733288,"1,202,664",78% bullish,of 9 ratings,$31
EXAC,$17.86,1440450733331,"24,754",100% bearish,of 1 rating,$22.50
EXEL,$5.1,1440450733460,"4,627,922",81% bullish,of 16 ratings,$6
EXLS,$35.7,1440450733770,"157,512",50% bullish,of 2 ratings,$41
ESRX,$81.91,1440450734022,"5,109,914",67% bearish,of 6 ratings,$101
EXPE,$108.3,1440450734098,"1,867,212",64% bullish,of 11 ratings,$130
EXPO,$41.34,1440450734126,"51,582",100% bearish,of 1 rating,$45.50
EXPD,$46.74,1440450734201,"1,447,232",80% bullish,of 5 ratings,$51.50
EXLP,$17.78,1440450734231,"285,417",100% bearish,of 1 rating,$27
EXTR,$2.8,1440450734339,"551,579",80% bullish,of 5 ratings,$3
EXFO,$2.46,1440450734378,"60,020",67% bearish,of 3 ratings,$3.95
EYEG,$3.93,1440450734415,"15,253",Not yet rated,NULL,N/A
EYEGW,NULL,1440450734605,0,Not yet rated,NULL,N/A
EZPW,$6.18,1440450734630,"273,963",50% bullish,of 4 ratings,$7.50
EZCH,$20.74,1440450734693,"197,297",75% bullish,of 8 ratings,$19.50
FFIV,$117.43,1440450734796,"926,572",63% bullish,of 8 ratings,$132
FB,$82.365,1440450734932,"50,469,683",73% bullish,of 1066 ratings,$111
FCS,$12.76,1440450734982,"744,313",67% bearish,of 3 ratings,$17
FWM,$2.23,1440450735511,"227,742",100% bearish,of 2 ratings,$3.20
DAVE,$14.06,1440450735559,"34,822",100% bearish,of 1 rating,$15.50
FRP,$16.29,1440450735597,"61,383",100% bearish,of 1 rating,$18
FALC,$1.56,1440450735643,"33,085",63% bearish,of 8 ratings,N/A
FMNB,$7.96,1440450735674,"10,366",Not yet rated,NULL,N/A
FFKT,$25.76,1440450735700,"8,157",Not yet rated,NULL,$29
FARM,$21.91,1440450735721,"27,815",100% bearish,of 1 rating,$35
FARO,$37.5,1440450735810,"123,149",50% bullish,of 2 ratings,$48
FAST,$37.4,1440450736114,"3,639,289",80% bullish,of 5 ratings,$46
FATE,$5.88,1440450736276,"100,565",50% bullish,of 2 ratings,$11
FBSS,$15.3467,1440450736372,300,Not yet rated,NULL,N/A
FBRC,$21.6,1440450736455,"22,926",100% bearish,of 1 rating,$29
FDML,$8.66,1440450736516,"204,942",50% bullish,of 4 ratings,$14
FEIC,$73.81,1440450736544,"251,073",50% bullish,of 2 ratings,$95.50
FHCO,$1.43,1440450736675,"203,487",50% bullish,of 4 ratings,N/A
FNHC,$21.12,1440450736704,"51,270",100% bearish,of 1 rating,$35
FGEN,$21.84,1440450736735,"400,776",100% bearish,of 1 rating,$39
FENX,$9.6,1440450736756,"44,016",100% bullish,of 1 rating,$14.25
ONEQ,$180,1440450736832,"153,746",100% bullish,of 1 rating,N/A
FCSC,$5.26,1440450736981,"207,005",100% bearish,of 1 rating,$8.125
LION,$18.41,1440450737011,"99,538",100% bullish,of 1 rating,$20
FDUS,$13.7,1440450737035,"152,390",50% bullish,of 2 ratings,$18
FSAM,$8.37,1440450737395,"25,883",100% bearish,of 1 rating,$11
FRGI,$50.635,1440450737420,"167,796",50% bullish,of 2 ratings,$70
FSCFL,$24.5,1440450737587,"1,554",Not yet rated,NULL,N/A
FSC,$6.185,1440450737620,"1,053,759",75% bullish,of 4 ratings,$8
FITB,$18.68,1440450737645,"6,764,658",54% bullish,of 13 ratings,$22
FISI,$24.32,1440450737672,"36,074",100% bullish,of 2 ratings,$24.50
FITBI,$26.9599,1440450737986,"26,620",Not yet rated,NULL,N/A
FNSR,$14.75,1440450738026,"975,400",71% bullish,of 7 ratings,$24.50
FSFR,$8.55,1440450738055,"222,414",100% bearish,of 1 rating,$11.50
FNTC,NULL,1440450738076,0,Not yet rated,NULL,N/A
FNGN,$31.23,1440450738108,"425,967",67% bullish,of 3 ratings,$47
FNTCW,$0.32,1440450738141,"17,600",Not yet rated,NULL,N/A
FNTCU,NULL,1440450738162,0,Not yet rated,NULL,N/A
FNJN,$1.55,1440450738182,"46,153",100% bearish,of 1 rating,$5
FEYE,$36.01,1440450738464,"5,677,297",87% bullish,of 15 ratings,$55.50
FBNC,$16.6,1440450738489,"30,068",100% bullish,of 1 rating,$20
FNLC,$17.96,1440450738726,"19,527",100% bullish,of 1 rating,N/A
FRBA,$5.97,1440450738751,"3,378",Not yet rated,NULL,$8
BUSE,$6.19,1440450738799,"69,777",Not yet rated,NULL,$6.875
FBIZ,$43.5,1440450739042,"12,608",100% bearish,of 2 ratings,$52
FCAP,$26.5,1440450739090,601,Not yet rated,NULL,N/A
FCFS,$38.02,1440450739110,"191,764",100% bearish,of 3 ratings,$48
FCVA,$4.61,1440450739139,"5,105",Not yet rated,NULL,N/A
FCBC,$17.06,1440450739367,"20,244",Not yet rated,NULL,$18
FCCO,$11.88,1440450739397,"2,348",Not yet rated,NULL,$13.25
FCLF,$9.41,1440450739417,525,Not yet rated,NULL,N/A
FCNCA,$230.55,1440450739450,"5,779",Not yet rated,NULL,N/A
FCFP,$6.85,1440450739738,"6,514",Not yet rated,NULL,N/A
FDEF,$36.6,1440450739805,"27,017",Not yet rated,NULL,$38
FBNK,$16.26,1440450739837,"22,992",100% bearish,of 1 rating,$17.50
FFBCW,NULL,1440450740237,0,100% bearish,of 1 rating,N/A
FFNM,$6.24,1440450740276,"3,400",Not yet rated,NULL,N/A
FFBC,$18.01,1440450740403,"223,186",67% bearish,of 3 ratings,$20.25
FFIN,$29.65,1440450740439,"172,304",50% bullish,of 2 ratings,$31.75
THFF,$32.54,1440450740476,"18,589",Not yet rated,NULL,$35
FFWM,$21,1440450740504,"44,058",Not yet rated,NULL,$24
FFNW,$12.12,1440450740525,"38,675",Not yet rated,NULL,$14
FIBK,$25.87,1440450740557,"126,859",Not yet rated,NULL,$32
INBK,$29.43,1440450740722,"37,604",50% bullish,of 2 ratings,$37
FRME,$24.82,1440450740801,"135,705",Not yet rated,NULL,$26.50
FMBH,$22,1440450740970,646,Not yet rated,NULL,N/A
FNBC,$33.19,1440450740995,"51,643",Not yet rated,NULL,$41.50
FMBI,$17.07,1440450741021,"516,923",Not yet rated,NULL,$20
FNFG,$8.76,1440450741285,"2,066,795",80% bullish,of 5 ratings,$9
FNWB,$11.88,1440450741386,"22,661",Not yet rated,NULL,N/A
FSFG,$30,1440450741439,"4,050",Not yet rated,NULL,N/A
FSLR,$43.63,1440450741488,"2,227,889",74% bullish,of 39 ratings,$65
FSGI,$2.46,1440450741513,"8,850",Not yet rated,NULL,N/A
FSBK,$7.57,1440450741591,"1,145",100% bullish,of 1 rating,N/A
FBZ,$9.75,1440450741648,200,Not yet rated,NULL,N/A
BICK,$17.84,1440450741694,250,100% bullish,of 1 rating,N/A
FCAN,$22.9,1440450741746,"6,013",Not yet rated,NULL,N/A
FTCS,$35.338,1440450741878,"242,391",100% bearish,of 1 rating,N/A
FCA,$18,1440450741978,"1,402",Not yet rated,NULL,N/A
FV,$22.25,1440450742109,"8,518,876",100% bearish,of 1 rating,N/A
IFV,$17.0101,1440450742182,"1,894,693",100% bearish,of 1 rating,N/A
FTSM,$59.9145,1440450742361,"42,853",100% bearish,of 1 rating,N/A
TDIV,$23.65,1440450742385,"414,031",100% bearish,of 1 rating,N/A
FEMB,$41.51,1440450742420,"1,213",Not yet rated,NULL,N/A
FEUZ,$30.26,1440450742444,"2,764",Not yet rated,NULL,N/A
MDIV,$18.9,1440450742468,"852,660",Not yet rated,NULL,N/A
FTGC,$21.6701,1440450743181,"99,611",Not yet rated,NULL,N/A
FGM,$34.63,1440450743211,"57,114",Not yet rated,NULL,N/A
FTHI,$18.93,1440450743238,48,Not yet rated,NULL,N/A
HYLS,$48.9267,1440450743262,"57,145",100% bearish,of 1 rating,N/A
FHK,$31.31,1440450743288,"50,376",Not yet rated,NULL,N/A
FPXI,$26.07,1440450743420,40,Not yet rated,NULL,N/A
YDIV,$16.04,1440450743480,"6,879",Not yet rated,NULL,N/A
FJP,$44.52,1440450744250,"46,149",Not yet rated,NULL,N/A
SKYY,$27.6899,1440450744276,"161,958",100% bullish,of 1 rating,N/A
CU,$11.79,1440450744328,"17,598",100% bearish,of 1 rating,N/A
FMB,$51.185,1440450744357,946,Not yet rated,NULL,N/A
FTLB,$18.9828,1440450744405,"4,210",100% bearish,of 1 rating,N/A
CIBR,$17.34,1440450744461,"232,597",Not yet rated,NULL,N/A
PLTM,$6.2466,1440450744490,"43,932",100% bearish,of 1 rating,N/A
LMBS,$50.48,1440450744511,"1,000",Not yet rated,NULL,N/A
QABA,$36.58,1440450744906,"57,894",100% bearish,of 1 rating,N/A
FONE,$32.63,1440450745039,"2,050",Not yet rated,NULL,N/A
QCLN,$14.31,1440450745068,"74,666",Not yet rated,NULL,N/A
RDVY,$20.4901,1440450745099,"19,855",Not yet rated,NULL,N/A
GRID,$28.87,1440450745119,"2,115",100% bearish,of 1 rating,N/A
CARZ,$33.19,1440450745195,"10,288",100% bearish,of 1 rating,N/A
QQXT,$38.84,1440450745411,"139,545",Not yet rated,NULL,N/A
QQEW,$39.7099,1440450745700,"305,756",Not yet rated,NULL,N/A
QTEC,$38.02,1440450745724,"201,721",Not yet rated,NULL,N/A
AIRR,$15.8,1440450745782,"9,659",100% bearish,of 1 rating,N/A
FKO,$19.5,1440450745870,100,Not yet rated,NULL,N/A
QINC,$19.8606,1440450745941,"3,335",Not yet rated,NULL,N/A
FTSL,$48.4694,1440450746000,"53,722",100% bearish,of 1 rating,N/A
FDIV,$47.17,1440450746106,"2,865",100% bearish,of 1 rating,N/A
FSZ,$38.24,1440450746443,"51,997",Not yet rated,NULL,N/A
FTW,$28.25,1440450746473,"12,497",Not yet rated,NULL,N/A
TUSA,$24.05,1440450746495,"2,100",Not yet rated,NULL,N/A
FKU,$40.07,1440450746526,"107,996",Not yet rated,NULL,N/A
SVVC,$9.2,1440450746547,"30,780",50% bullish,of 2 ratings,$26
FUNC,$8.1501,1440450746567,"1,858",Not yet rated,NULL,N/A
FMER,$17.26,1440450746699,"1,662,906",50% bullish,of 2 ratings,$20
FISV,$81.67,1440450746725,"1,576,910",100% bearish,of 3 ratings,$90
FPRX,$19.13,1440450747017,"266,771",50% bullish,of 2 ratings,$35
FIVE,$34.62,1440450747041,"526,470",75% bearish,of 4 ratings,$44
FIVN,$4.145,1440450747106,"186,238",100% bullish,of 1 rating,$8.50
FSV,$30.53,1440450747211,"14,533",Not yet rated,NULL,$33.60
FLKS,$13.28,1440450747262,"38,257",50% bullish,of 2 ratings,$27
FLML,$20.08,1440450747343,"231,580",50% bullish,of 2 ratings,$30
SKOR,$50.399,1440450747402,500,Not yet rated,NULL,N/A
FLXN,$23,1440450747429,"54,646",100% bearish,of 1 rating,$40
MBSD,$25.37,1440450747583,400,Not yet rated,NULL,N/A
FLXS,$29.52,1440450747764,"33,733",100% bearish,of 2 ratings,N/A
FLIR,$27.48,1440450747791,"1,001,829",100% bearish,of 1 rating,$38.50
FLDM,$12.26,1440450747811,"272,881",67% bearish,of 3 ratings,$21.50
FFIC,$19.5,1440450747842,"59,840",Not yet rated,NULL,$21
FLEX,$10.08,1440450747865,"2,027,018",63% bullish,of 8 ratings,$12
FOGO,$17.93,1440450748077,"146,950",50% bullish,of 2 ratings,$25.50
FOMX,$9.69,1440450748180,"145,763",50% bullish,of 2 ratings,$23.50
FES,$0.86,1440450748250,"38,423",50% bullish,of 2 ratings,$1
FORTY,$29.01,1440450748276,"3,592",100% bearish,of 1 rating,N/A
FORM,$5.92,1440450748351,"345,686",67% bullish,of 3 ratings,$10.50
FONR,$9.15,1440450748429,"17,076",100% bullish,of 1 rating,N/A
FORR,$31.75,1440450748565,"41,291",Not yet rated,NULL,N/A
FTNT,$40.94,1440450748600,"1,855,485",80% bullish,of 10 ratings,$52
FBIO,$2.27,1440450748808,"272,504",83% bullish,of 6 ratings,N/A
FWRD,$45.28,1440450748867,"139,871",100% bearish,of 1 rating,$50
FWP,$24.94,1440450748992,"50,193",100% bearish,of 1 rating,$45
FOSL,$59.24,1440450749330,"1,166,956",50% bullish,of 4 ratings,$80
FMI,$20.66,1440450749382,"183,026",100% bearish,of 2 ratings,$27.50
FXCB,$17,1440450749416,"19,354",Not yet rated,NULL,$19
FORD,$1.02,1440450749623,"111,305",50% bullish,of 2 ratings,N/A
FOXF,$15.25,1440450749839,"54,454",100% bearish,of 1 rating,$19
FRAN,$10.14,1440450750265,"370,571",50% bullish,of 4 ratings,$15
FEIM,$10.78,1440450750290,"2,375",100% bearish,of 1 rating,N/A
FRED,$13.2,1440450750316,"169,247",50% bullish,of 2 ratings,$16.50
FREE,$0.36,1440450750337,"629,356",92% bullish,of 12 ratings,N/A
RAIL,$19.43,1440450750374,"109,286",100% bearish,of 1 rating,$24.50
FELE,$28.1,1440450750397,"277,234",50% bullish,of 4 ratings,$33
FRPT,$12.93,1440450750480,"333,601",67% bearish,of 3 ratings,$23.50
FTR,$4.93,1440450750534,"13,695,350",78% bullish,of 27 ratings,$6.25
FSBW,$22.51,1440450751190,500,Not yet rated,NULL,N/A
FRPH,$29.65,1440450751221,"1,947",100% bearish,of 1 rating,N/A
FTRPR,$99.17,1440450751276,"13,012",100% bearish,of 1 rating,N/A
FLL,$1.45,1440450751320,"33,480",75% bullish,of 4 ratings,$2.825
FTD,$28.75,1440450751348,"73,733",100% bearish,of 1 rating,$40
FSYS,$6.25,1440450751411,"65,864",67% bullish,of 3 ratings,$10
FCEL,$0.7,1440450751449,"1,473,204",88% bullish,of 40 ratings,$2.65
FULL,$3.05,1440450751748,"106,285",67% bearish,of 3 ratings,$4.25
FULT,$11.86,1440450751817,"1,000,327",100% bearish,of 1 rating,$13
FULLL,$25.04,1440450751887,"4,485",Not yet rated,NULL,N/A
FFHL,$0.88,1440450752016,"2,720",50% bullish,of 4 ratings,N/A
FXEN,$0.8199,1440450752048,"158,547",75% bullish,of 4 ratings,$1.10
FXENP,$16.4,1440450752071,"3,800",100% bearish,of 1 rating,N/A
FSNN,$2.42,1440450752103,"1,700",67% bullish,of 3 ratings,$6
FTEK,$2.04,1440450752204,"56,333",75% bullish,of 4 ratings,N/A
GK,$68.53,1440450752264,"91,979",Not yet rated,NULL,$78
GLPG,$59.81,1440450752851,"43,115",100% bullish,of 1 rating,$75
WILC,$5,1440450752988,"15,112",100% bullish,of 2 ratings,N/A
GALT,$1.84,1440450753015,"168,782",80% bullish,of 5 ratings,N/A
GAIA,$5.85,1440450753049,"34,175",50% bullish,of 2 ratings,$8.50
GALE,$1.5,1440450753087,"2,567,079",89% bullish,of 47 ratings,$4
GALTU,NULL,1440450753148,0,100% bearish,of 1 rating,N/A
GPIC,$9.93,1440450753173,"1,850",100% bearish,of 1 rating,N/A
GALTW,NULL,1440450753221,0,100% bullish,of 1 rating,N/A
GLMD,$7.6899,1440450753415,"30,527",67% bullish,of 3 ratings,$20.50
GLPI,$30.7,1440450753470,"632,401",100% bearish,of 1 rating,$37.50
GGAC,NULL,1440450753601,0,100% bearish,of 1 rating,N/A
GRMN,$37,1440450753629,"2,075,994",50% bullish,of 6 ratings,$48
GGACR,NULL,1440450753656,0,100% bullish,of 1 rating,N/A
GGACU,NULL,1440450753884,0,Not yet rated,NULL,N/A
GGACW,$0.0514,1440450753908,800,Not yet rated,NULL,N/A
GARS,$14.29,1440450753982,"86,381",Not yet rated,NULL,$16
GENC,$9.3484,1440450754093,"5,609",100% bearish,of 1 rating,N/A
GNCMA,$16.15,1440450754119,"202,949",100% bearish,of 1 rating,$12
GFN,$3.29,1440450754197,"27,437",100% bearish,of 2 ratings,$8
GFNCP,$85.05,1440450754246,448,Not yet rated,NULL,N/A
GFNSL,$25.3,1440450754327,"1,900",Not yet rated,NULL,N/A
GNMK,$9.13,1440450754378,"186,099",67% bullish,of 6 ratings,$14
GENE,$2.1201,1440450754403,"154,531",100% bullish,of 12 ratings,N/A
GNCA,$11.93,1440450754532,"88,918",100% bearish,of 1 rating,$20
GHDX,$24.22,1440450754724,"192,800",50% bullish,of 2 ratings,$30
GNTX,$14.91,1440450754749,"2,644,152",Not yet rated,NULL,$20
GTWN,NULL,1440450755031,0,Not yet rated,NULL,N/A
GNVC,$2.03,1440450755055,"39,580",90% bullish,of 10 ratings,$8.50
THRM,$42.27,1440450755080,"304,118",75% bearish,of 4 ratings,$55.50
GERN,$3,1440450755117,"1,934,810",88% bullish,of 16 ratings,$5.25
GABC,$28.87,1440450755149,"28,787",Not yet rated,NULL,$31.50
GIGM,$0.55,1440450755256,"162,129",100% bullish,of 2 ratings,N/A
GEVO,$2.36,1440450755315,"1,435,463",75% bullish,of 12 ratings,$5
ROCK,$16.53,1440450755457,"159,678",80% bullish,of 5 ratings,$24
GIII,$62.41,1440450755484,"248,249",67% bullish,of 3 ratings,$75
GEOS,$14.45,1440450755509,"149,031",100% bearish,of 3 ratings,$25.50
GIGA,$1.35,1440450755533,"203,690",100% bearish,of 1 rating,N/A
GILD,$100.86,1440450755698,"14,245,212",91% bullish,of 87 ratings,$129
GILT,$4.24,1440450755765,"24,498",50% bullish,of 2 ratings,N/A
GBCI,$24.9,1440450755996,"208,300",50% bullish,of 2 ratings,$31
GLAD,$7.85,1440450756025,"273,971",50% bullish,of 2 ratings,$8.75
GLADO,$25.25,1440450756046,"3,417",Not yet rated,NULL,N/A
GOOD,$14.5,1440450756080,"193,620",Not yet rated,NULL,$19
GOODN,$25.3372,1440450756177,"2,100",Not yet rated,NULL,N/A
GOODO,$25.11,1440450756202,300,Not yet rated,NULL,N/A
GOODP,$25.073,1440450756333,"1,600",Not yet rated,NULL,N/A
GAIN,$7.27,1440450756439,"404,809",100% bullish,of 2 ratings,$8.25
GAINN,$24.96,1440450756467,"38,300",Not yet rated,NULL,N/A
GAINO,$25.2,1440450756511,"2,730",Not yet rated,NULL,N/A
GAINP,$25.71,1440450756606,"13,728",Not yet rated,NULL,N/A
LAND,$9.0425,1440450756652,"43,994",50% bullish,of 2 ratings,$13.75
GLBZ,$12.12,1440450756794,315,Not yet rated,NULL,N/A
GBT,$39.5001,1440450756819,"150,836",100% bearish,of 1 rating,N/A
GDEF,NULL,1440450756846,0,Not yet rated,NULL,N/A
ENT,$11.1,1440450756978,"318,317",100% bearish,of 1 rating,$18
GPACU,$10,1440450757008,400,Not yet rated,NULL,N/A
GBLI,$25.97,1440450757038,"12,926",Not yet rated,NULL,N/A
GSOL,$8.26,1440450757143,"37,018",100% bearish,of 1 rating,N/A
ACTX,$13,1440450757217,"3,025",100% bullish,of 1 rating,N/A
SOCL,$16.35,1440450757316,"138,115",100% bullish,of 2 ratings,N/A
QQQC,$17.91,1440450757342,"21,412",100% bearish,of 1 rating,N/A
ALTY,$14.13,1440450757523,"6,000",Not yet rated,NULL,N/A
SRET,$13.44,1440450757552,"3,966",Not yet rated,NULL,N/A
YLCO,$11.52,1440450757579,"2,345",Not yet rated,NULL,N/A
GAI,$5.67,1440450757652,"12,663",50% bullish,of 2 ratings,N/A
GSM,$12.4,1440450757831,"345,392",50% bullish,of 2 ratings,$23
GLBS,$1.0825,1440450757863,100,67% bullish,of 3 ratings,N/A
GLRI,$1.05,1440450757884,"89,740",100% bearish,of 1 rating,$6
GBIM,$2.19,1440450757945,"48,961",50% bullish,of 2 ratings,N/A
GLUU,$4.08,1440450758012,"2,540,913",92% bullish,of 26 ratings,$9
GLYC,$6.8,1440450758045,"19,625",50% bullish,of 2 ratings,$14
GOGO,$15.43,1440450758149,"982,513",80% bullish,of 5 ratings,$25
GLNG,$33.27,1440450758185,"966,585",83% bullish,of 6 ratings,$58
GMLP,$18,1440450758470,"245,354",50% bullish,of 4 ratings,$32.50
GLDC,$4.07,1440450758526,800,50% bullish,of 2 ratings,N/A
GOGL,$2.57,1440450758574,"362,760",75% bullish,of 4 ratings,$5
GOOGL,$618.38,1440450758621,"2,892,101",88% bullish,of 1080 ratings,$749
GDEN,$8.84,1440450758647,"7,100",50% bullish,of 2 ratings,N/A
GOOG,$590,1440450758676,"2,487,186",89% bullish,of 70 ratings,$825
GTIM,$6.26,1440450758703,"34,936",Not yet rated,NULL,$11.50
GBDC,$16.49,1440450758727,"221,156",Not yet rated,NULL,$17.75
GMAN,$4.2,1440450759082,"37,243",60% bullish,of 5 ratings,$8
GPIAU,$9.92,1440450759146,"48,401",Not yet rated,NULL,N/A
GPRO,$47.92,1440450759211,"8,189,741",78% bullish,of 58 ratings,$72
GPIA,$9.75,1440450759235,20,Not yet rated,NULL,N/A
LOPE,$36.56,1440450759260,"271,076",100% bearish,of 2 ratings,$50
GPIAW,NULL,1440450759285,0,Not yet rated,NULL,N/A
GRVY,$3.29,1440450759416,"2,845",50% bullish,of 2 ratings,N/A
GBSNU,$16.49,1440450759548,"27,283",Not yet rated,NULL,N/A
GBSN,$1.02,1440450759573,"592,118",100% bearish,of 1 rating,$8.25
GLDD,$5.2,1440450759631,"250,485",100% bearish,of 4 ratings,$7.75
GSBC,$39.09,1440450759810,"23,168",100% bullish,of 1 rating,$44
GNBC,$11.1,1440450759841,"44,884",100% bearish,of 1 rating,$17
GPP,$14.48,1440450759878,"100,504",Not yet rated,NULL,$20.50
GRBK,$12.255,1440450759941,"225,658",77% bullish,of 13 ratings,N/A
GPRE,$18.22,1440450760026,"672,290",67% bullish,of 6 ratings,$28.50
GCBC,$27.51,1440450760194,190,100% bullish,of 1 rating,N/A
GRFS,$29.95,1440450760546,"226,373",50% bullish,of 2 ratings,$35
GRPN,$3.98,1440450760573,"7,295,489",61% bullish,of 71 ratings,$6.75
OMAB,$37.84,1440450760598,"73,935",100% bullish,of 1 rating,$44
GRIF,$30.04,1440450760619,747,100% bearish,of 1 rating,N/A
GLRE,$24.25,1440450760655,"171,887",50% bullish,of 2 ratings,$41
GGAL,$17.37,1440450760748,"357,920",80% bullish,of 5 ratings,$40
GSIG,$12.36,1440450760778,"66,017",100% bearish,of 2 ratings,N/A
GSIT,$4.8864,1440450760806,"1,163",100% bearish,of 1 rating,N/A
GBNK,$15.42,1440450761274,"24,906",100% bearish,of 1 rating,$18
GTXI,$0.7198,1440450761299,"124,899",100% bullish,of 5 ratings,$.75
GSVC,$8.29,1440450761320,"212,970",50% bullish,of 2 ratings,$14.50
GUID,$6.83,1440450761501,"133,106",100% bearish,of 3 ratings,$10
GFED,$14.6,1440450761586,"1,271",Not yet rated,NULL,$17
GULTU,$0.275,1440450761614,"181,767",100% bearish,of 1 rating,N/A
GWPH,$100.81,1440450761635,"274,294",78% bullish,of 9 ratings,$148.50
GPOR,$32.76,1440450761767,"1,539,648",75% bullish,of 4 ratings,$55
GYRO,$2.84,1440450761958,500,100% bearish,of 1 rating,N/A
GURE,$1.52,1440450762127,"96,865",88% bullish,of 8 ratings,N/A
GIFI,$11.89,1440450762558,"61,290",100% bearish,of 1 rating,$16
HALL,$11.13,1440450762967,"19,041",Not yet rated,NULL,N/A
HLG,$9,1440450763011,"1,534",100% bearish,of 1 rating,N/A
HNRG,$6.98,1440450763036,"100,577",100% bearish,of 1 rating,$10
GWGH,NULL,1440450763069,0,100% bearish,of 1 rating,$15.05
HEES,$16.02,1440450763168,"290,551",67% bearish,of 3 ratings,$31
HMPR,$1.8,1440450763193,"130,032",100% bullish,of 1 rating,N/A
HALO,$16.78,1440450763217,"1,083,924",67% bullish,of 3 ratings,$22.50
HBK,$13.8,1440450763242,200,50% bullish,of 2 ratings,N/A
HBHCL,$24.09,1440450763701,"54,907",Not yet rated,NULL,N/A
HAFC,$23.43,1440450763919,"223,631",100% bullish,of 2 ratings,$28.50
HNH,$25.95,1440450763947,"11,190",100% bullish,of 1 rating,N/A
HBHC,$25.42,1440450763976,"602,871",50% bullish,of 2 ratings,$30
HNSN,$0.4712,1440450764016,"132,694",88% bullish,of 8 ratings,$.40
HDNG,$9.81,1440450764040,"33,052",50% bullish,of 4 ratings,N/A
HQCL,$8.215,1440450764077,"23,419",67% bullish,of 3 ratings,$14
HLIT,$5.485,1440450764551,"316,338",100% bearish,of 1 rating,$6.50
HRMNU,$10.19,1440450764785,300,Not yet rated,NULL,N/A
HBIO,$4.35,1440450764817,"101,685",Not yet rated,NULL,$10
HRMN,NULL,1440450764845,0,Not yet rated,NULL,N/A
HART,$0.7793,1440450764873,"147,551",100% bearish,of 1 rating,N/A
HRMNW,NULL,1440450764901,0,Not yet rated,NULL,N/A
TINY,$2.42,1440450764922,"40,429",50% bullish,of 2 ratings,$5.26
HCAP,$12.25,1440450764953,"32,957",50% bullish,of 2 ratings,$15
HCAPL,$25.1,1440450765799,"8,127",Not yet rated,NULL,N/A
HA,$21.99,1440450766002,"1,033,188",67% bullish,of 9 ratings,$27
HCOM,$22.1,1440450766032,"24,798",100% bearish,of 1 rating,$28
HAS,$71.3,1440450766052,"1,304,202",63% bullish,of 8 ratings,$84.50
HWKN,$36.57,1440450766085,"14,611",Not yet rated,NULL,N/A
HWBK,$13.117,1440450766131,660,100% bearish,of 1 rating,N/A
HDS,$31.24,1440450766183,"1,539,324",100% bearish,of 2 ratings,$39.50
HAYN,$36.03,1440450766326,"58,011",100% bearish,of 1 rating,$59
HIIQ,$4.25,1440450766496,"30,374",50% bullish,of 2 ratings,$7
HCSG,$32.67,1440450766681,"308,966",50% bullish,of 4 ratings,$35
HSTM,$24.33,1440450766765,"67,120",50% bullish,of 2 ratings,$33.75
HQY,$28.35,1440450766796,"243,836",67% bullish,of 3 ratings,$31
HTLF,$34.8,1440450766899,"37,123",100% bullish,of 1 rating,$39.50
HTWR,$79.59,1440450766934,"95,829",50% bullish,of 2 ratings,$103
HWAY,$11.99,1440450766959,"287,361",100% bearish,of 1 rating,$15
HTLD,$20.05,1440450766983,"513,627",Not yet rated,NULL,$22.50
HTBX,$5.1599,1440450767348,"15,914",50% bullish,of 2 ratings,$15.50
HSII,$20.01,1440450767377,"52,827",100% bullish,of 3 ratings,$25
HMTV,$12.75,1440450767475,"14,633",100% bearish,of 1 rating,$16
HMNY,$2.54,1440450767502,"2,730",100% bearish,of 1 rating,N/A
HELE,$83.72,1440450767532,"212,934",67% bearish,of 3 ratings,$100
HCACU,$10.008,1440450767558,"1,500",Not yet rated,NULL,N/A
HSIC,$133.36,1440450767585,"468,316",83% bullish,of 6 ratings,$146
HNNA,$24.53,1440450767633,"15,097",Not yet rated,NULL,N/A
HERO,NULL,1440450767821,0,NULL,NULL,NULL
HEOP,$7.5,1440450768056,"18,285",Not yet rated,NULL,$8.50
HTBK,$10.62,1440450768209,"35,005",Not yet rated,NULL,$12
HFWA,$17.28,1440450768235,"55,074",100% bullish,of 1 rating,$20
HCCI,$11.03,1440450768256,"22,713",100% bearish,of 1 rating,$16.50
MLHR,$27.31,1440450768321,"190,457",50% bullish,of 2 ratings,$33.50
HRTX,$34.11,1440450768429,"967,021",67% bullish,of 6 ratings,$41
HIBB,$37.71,1440450768463,"596,230",100% bearish,of 1 rating,$48.50
HSKA,$31.67,1440450768488,"34,764",100% bearish,of 1 rating,$38
HIMX,$6.1,1440450768728,"1,338,136",86% bullish,of 21 ratings,$8.50
HFFC,$15.86,1440450768755,657,Not yet rated,NULL,N/A
HPJ,$2.16,1440450768809,"65,265",75% bullish,of 4 ratings,$12.43
HIFS,$113.6,1440450768898,"2,413",Not yet rated,NULL,N/A
HSGX,$5.5101,1440450768953,"13,300",100% bearish,of 1 rating,$17
HMNF,$11.14,1440450768978,"2,493",Not yet rated,NULL,N/A
HIHO,$3.96,1440450769027,"32,837",Not yet rated,NULL,N/A
HMSY,$9.97,1440450769171,"3,403,349",67% bullish,of 3 ratings,$19.35
HOMB,$36.99,1440450769436,"202,226",Not yet rated,NULL,$41
HOLX,$38,1440450769467,"4,258,966",67% bullish,of 3 ratings,$42
HBCP,$24,1440450769497,400,Not yet rated,NULL,$29
HOLI,$16.74,1440450769521,"449,408",50% bullish,of 4 ratings,$27
HMIN,$26.24,1440450769698,"318,921",100% bearish,of 2 ratings,$35
AWAY,$27.24,1440450769730,"1,065,730",67% bullish,of 3 ratings,$36
HMST,$21.5,1440450769750,"95,219",100% bullish,of 2 ratings,$27
HFBL,$21.61,1440450769840,200,Not yet rated,NULL,N/A
CETC,$0.758,1440450770027,"106,479",86% bullish,of 7 ratings,N/A
HTBI,$17.86,1440450770156,"48,857",67% bullish,of 3 ratings,$18.625
HKTV,$4.43,1440450770181,"30,854",100% bearish,of 1 rating,N/A
HOFT,$22.9,1440450770371,"49,021",100% bearish,of 1 rating,N/A
HZNP,$27.45,1440450770706,"2,266,879",85% bullish,of 20 ratings,$40
HFBC,$11.3,1440450770734,"8,025",Not yet rated,NULL,N/A
HBNC,$23.09,1440450770759,"23,864",100% bullish,of 1 rating,$27
HRZN,$10.33,1440450771054,"78,390",100% bearish,of 1 rating,$14.25
ZINC,$6.82,1440450771150,"802,970",100% bearish,of 1 rating,$17
HMHC,$21.97,1440450771212,"581,461",Not yet rated,NULL,$27
HDP,$24.1,1440450771346,"422,524",67% bearish,of 3 ratings,$30.50
HWCC,$7.24,1440450771373,"121,387",100% bearish,of 1 rating,$9
HOVNP,$4.726,1440450771570,"2,518",100% bearish,of 1 rating,N/A
HSNI,$57.76,1440450771594,"220,165",Not yet rated,NULL,$80
HBMD,$13.45,1440450771726,"1,767",100% bearish,of 1 rating,N/A
HTGM,$5.25,1440450772286,"17,960",100% bearish,of 1 rating,$19.50
HUBG,$37.86,1440450772311,"154,089",100% bearish,of 1 rating,$43
HCBK,$9.035,1440450772651,"2,387,758",83% bullish,of 6 ratings,$8.61
HBAN,$10.42,1440450772687,"7,755,981",76% bullish,of 17 ratings,$12.29
HSON,$2.56,1440450772867,"8,389",100% bearish,of 1 rating,$5
HDSN,$2.93,1440450772904,"106,875",100% bullish,of 1 rating,$6.25
HBANP,$1340,1440450772932,156,100% bearish,of 1 rating,N/A
HURC,$29.02,1440450773035,"8,294",100% bearish,of 1 rating,N/A
HTCH,$1.51,1440450773178,"49,944",100% bearish,of 1 rating,$3.50
HURN,$72.25,1440450773394,"147,318",50% bullish,of 2 ratings,$80
HDRA,NULL,1440450773707,0,Not yet rated,NULL,N/A
HBP,$3.04,1440450773782,"5,708",100% bullish,of 1 rating,N/A
HDRAU,$10.2,1440450773812,200,Not yet rated,NULL,N/A
HYGS,$7.43,1440450773833,"45,374",50% bullish,of 2 ratings,$13
HDRAR,NULL,1440450773866,0,Not yet rated,NULL,N/A
HDRAW,$0.25,1440450773913,11,Not yet rated,NULL,N/A
IDSY,$3.68,1440450774189,"19,754",100% bearish,of 1 rating,$7
IACI,$67.27,1440450774214,"667,997",75% bullish,of 4 ratings,$90
IBKC,$57.24,1440450775460,"175,335",100% bullish,of 1 rating,$70
ICAD,$3.41,1440450775487,"71,181",50% bullish,of 2 ratings,$7.25
IEP,$66.18,1440450775512,"151,917",75% bullish,of 4 ratings,$99
ICFI,$33.66,1440450775539,"64,609",50% bullish,of 2 ratings,$48.50
ICLR,$74.26,1440450775560,"394,420",100% bearish,of 3 ratings,$85
IKGH,$1.53,1440450775699,"19,214",75% bullish,of 4 ratings,N/A
ICON,$12.09,1440450775832,"971,634",50% bullish,of 2 ratings,$18.50
ICUI,$109.57,1440450776010,"110,604",Not yet rated,NULL,$122
IPWR,$7.01,1440450776722,"18,267",100% bullish,of 1 rating,$15
IDRA,$2.525,1440450776974,"968,413",89% bullish,of 9 ratings,$6.50
IROQ,$16.5,1440450777001,"6,392",100% bullish,of 1 rating,N/A
INVE,$4.51,1440450777029,"53,791",75% bullish,of 4 ratings,$4
IDXX,$71,1440450777050,"626,443",100% bearish,of 1 rating,$77
DSKY,$11.6,1440450777078,"516,004",67% bullish,of 6 ratings,$11.50
IRG,$4.75,1440450777207,"42,727",100% bearish,of 1 rating,$4.50
RXDX,$12.48,1440450777307,"227,655",100% bullish,of 1 rating,$20
IKNX,$11.7468,1440450777619,900,100% bearish,of 1 rating,N/A
IIVI,$16.68,1440450777920,"181,868",100% bearish,of 1 rating,$22
KANG,$14,1440450778314,"606,190",50% bullish,of 2 ratings,$22.55
ILMN,$193.25,1440450778447,"1,081,967",80% bullish,of 5 ratings,$240
IKAN,$2.7,1440450778590,"20,200",83% bullish,of 6 ratings,$5
ISNS,$3.68,1440450778722,"58,422",50% bullish,of 2 ratings,N/A
IMMR,$11.25,1440450779000,"123,776",80% bullish,of 5 ratings,$15.50
IMDZ,$14.64,1440450779482,"62,624",100% bearish,of 1 rating,$33
ICCC,$7.67,1440450779550,"4,795",100% bullish,of 1 rating,N/A
IMMU,$1.77,1440450779856,"517,329",86% bullish,of 7 ratings,$2
IPXL,$41.67,1440450779896,"666,556",67% bullish,of 3 ratings,$46.50
IMGN,$12.79,1440450779932,"1,274,597",75% bullish,of 4 ratings,$17.50
IMNP,$1.1635,1440450779957,"232,963",50% bullish,of 2 ratings,$6
IMMY,$7.2,1440450780102,"15,702",100% bearish,of 1 rating,$11
INCR,$39.955,1440450780126,"342,730",50% bullish,of 2 ratings,$53
SAAS,$7.28,1440450780592,"365,336",50% bullish,of 2 ratings,$15
INCY,$97.28,1440450780677,"1,004,353",50% bullish,of 6 ratings,$125.50
INDB,$43.99,1440450780706,"63,440",Not yet rated,NULL,$44
IBCP,$13.67,1440450780743,"84,262",100% bullish,of 1 rating,$14.50
IBTX,$40,1440450780809,"29,838",100% bullish,of 2 ratings,$47.25
INFN,$19.7,1440450780894,"1,932,315",71% bullish,of 7 ratings,$28
IDSA,$3.5,1440450780965,"5,410",Not yet rated,NULL,N/A
INFI,$8.56,1440450781255,"667,646",50% bullish,of 4 ratings,$18
III,$3.99,1440450782045,"46,487",57% bullish,of 7 ratings,$6
IPCC,$79,1440450782070,"36,907",Not yet rated,NULL,$77.50
INWK,$7.44,1440450782419,"128,178",50% bullish,of 2 ratings,$10
IFON,$1.16,1440450782610,"55,834",75% bullish,of 4 ratings,N/A
INNL,$12.22,1440450783067,955,100% bearish,of 1 rating,$16.50
IPHS,$45.37,1440450783116,"84,172",100% bearish,of 1 rating,$60
IMKTA,$49.68,1440450783137,"106,427",100% bearish,of 1 rating,N/A
INOD,$2.47,1440450783165,"5,700",100% bearish,of 1 rating,N/A
IOSP,$46.34,1440450783535,"284,879",100% bearish,of 1 rating,N/A
ISSC,$2.8,1440450783782,"5,739",67% bearish,of 3 ratings,N/A
INGN,$46.87,1440450784048,"188,499",100% bearish,of 1 rating,$50.50
INOV,$20.6,1440450784390,"186,566",100% bearish,of 1 rating,$33
NSIT,$24.97,1440450784453,"86,689",50% bullish,of 2 ratings,N/A
ITEK,$12.44,1440450784478,"589,086",100% bearish,of 3 ratings,$20
ISIG,$2.6,1440450784555,"24,857",100% bearish,of 1 rating,N/A
INO,$6.53,1440450784580,"1,234,038",89% bullish,of 18 ratings,$20
INSY,$31.13,1440450785887,"506,645",75% bullish,of 4 ratings,$48
IIIN,$16.75,1440450785945,"42,851",100% bearish,of 2 ratings,N/A
INSM,$22.66,1440450785972,"629,243",71% bullish,of 7 ratings,$31.50
PODD,$28,1440450786187,"300,246",67% bearish,of 3 ratings,$35
NTEC,$5.67,1440450786414,"19,300",100% bearish,of 1 rating,N/A
IART,$58.97,1440450786554,"177,601",100% bearish,of 1 rating,$71.50
IDTI,$17.26,1440450786591,"2,210,062",60% bullish,of 5 ratings,$25
ISSI,$22.035,1440450786686,"507,235",67% bullish,of 3 ratings,$19.75
IESC,$7.25,1440450786822,"3,765",100% bearish,of 1 rating,N/A
INTC,$26.32,1440450786977,"40,443,636",82% bullish,of 238 ratings,$36
IPAR,$25.22,1440450787159,"69,397",67% bullish,of 3 ratings,$38
ININ,$35.85,1440450787319,"61,512",67% bearish,of 3 ratings,$57
IPCI,$2.05,1440450787344,"91,625",67% bullish,of 6 ratings,$7.75
IQNT,$18.2,1440450787401,"253,237",86% bullish,of 7 ratings,$20
IBKR,$36.96,1440450787422,"888,945",100% bullish,of 1 rating,N/A
ICPT,$180.02,1440450787603,"265,299",70% bullish,of 10 ratings,$359.50
ICLD,$1.75,1440450788263,"254,240",75% bullish,of 4 ratings,N/A
IDCC,$46.28,1440450789185,"325,779",80% bullish,of 5 ratings,$63
ICLDW,NULL,1440450789426,0,100% bearish,of 1 rating,N/A
INAP,$7.61,1440450789462,"163,788",75% bullish,of 4 ratings,$11
TILE,$24.16,1440450789606,"413,899",67% bearish,of 3 ratings,$27
IMI,$2.01,1440450790219,"17,104",67% bullish,of 3 ratings,$2.22
IBOC,$24.65,1440450790628,"147,334",100% bearish,of 1 rating,N/A
IIJI,$9.2799,1440450791995,500,50% bullish,of 2 ratings,$11.50
IGLD,$6.7999,1440450792176,"5,025",50% bullish,of 2 ratings,N/A
ISCA,$30.54,1440450792201,"55,166",100% bearish,of 1 rating,N/A
INPH,$0.3,1440450792254,"32,615",50% bullish,of 2 ratings,N/A
XENT,$25.34,1440450792278,"200,418",50% bullish,of 2 ratings,$36.50
PTNT,$3,1440450792778,"1,965",Not yet rated,NULL,N/A
INTX,$2.27,1440450794539,"23,712",67% bullish,of 3 ratings,N/A
IILG,$19.15,1440450796784,"114,776",100% bearish,of 1 rating,$29
ISIL,$10.07,1440450797203,"951,737",50% bullish,of 6 ratings,$15
IVAC,$4.79,1440450798810,"14,086",100% bearish,of 1 rating,$6.625
INTL,$26.03,1440450800430,"95,666",67% bearish,of 3 ratings,N/A
INTLL,$26.13,1440450800634,"12,446",Not yet rated,NULL,N/A
INTU,$84.44,1440450800814,"3,278,516",86% bullish,of 7 ratings,$107.50
ITCI,$25.84,1440450800887,"351,145",75% bearish,of 4 ratings,$40
ISRG,$490.81,1440450800944,"206,605",67% bullish,of 3 ratings,$600
INVT,$0.2601,1440450801088,"180,466",67% bullish,of 3 ratings,N/A
IIN,$6.22,1440450801188,"3,804",100% bearish,of 1 rating,$12
SNAK,$8.33,1440450801232,"112,590",50% bullish,of 2 ratings,$14
ISTR,$15.7,1440450802403,"2,303",100% bearish,of 1 rating,$18.50
ITIC,$71,1440450802901,200,100% bearish,of 2 ratings,N/A
ISBC,$11.43,1440450802927,"2,677,741",100% bullish,of 1 rating,$13.25
IVTY,$11.83,1440450803144,"14,563",Not yet rated,NULL,$18
NVIV,$9.315,1440450803707,"512,717",50% bullish,of 4 ratings,$24.50
DTUL,$66.22,1440450804967,200,Not yet rated,NULL,N/A
IPAS,$1.01,1440450804992,"87,771",67% bullish,of 3 ratings,N/A
DFVL,$67.82,1440450805339,101,Not yet rated,NULL,N/A
IPCM,$79.2,1440450805368,"219,846",50% bullish,of 2 ratings,$80.125
IPGP,$81.97,1440450805735,"297,921",100% bearish,of 2 ratings,$109.50
IRMD,$24.64,1440450805760,"11,058",67% bearish,of 3 ratings,$25
IRIX,$6.91,1440450805841,"5,739",100% bearish,of 1 rating,N/A
IRDM,$6.75,1440450806023,"838,003",60% bullish,of 5 ratings,$11.50
IRBT,$28.38,1440450806530,"306,582",67% bullish,of 6 ratings,$37
FCHI,NULL,1440450806657,0,NULL,NULL,NULL
IRDMB,$267.4354,1440450806832,304,67% bearish,of 3 ratings,N/A
IRWD,$10.735,1440450806887,"1,045,706",100% bearish,of 1 rating,$13
IRCP,$24.75,1440450806911,"13,435",100% bullish,of 2 ratings,N/A
GNMA,$50.44,1440450807437,"11,218",Not yet rated,NULL,N/A
COMT,$30.96,1440450807679,"38,431",100% bearish,of 1 rating,N/A
IFAS,NULL,1440450807915,0,NULL,NULL,NULL
IFNA,NULL,1440450807944,0,NULL,NULL,NULL
ACWX,$39.1,1440450808411,"1,280,025",100% bearish,of 1 rating,N/A
IFEU,$37.6192,1440450808440,"24,658",Not yet rated,NULL,N/A
AXJS,NULL,1440450808577,0,NULL,NULL,NULL
AAIT,NULL,1440450808651,0,NULL,NULL,NULL
IFGL,$27.7,1440450808757,"111,994",Not yet rated,NULL,N/A
EEMA,$46.54,1440450808950,"45,141",Not yet rated,NULL,N/A
EEME,NULL,1440450809009,0,NULL,NULL,NULL
ACWI,$53.55,1440450809033,"2,582,530",Not yet rated,NULL,N/A
EMEY,NULL,1440450809164,0,NULL,NULL,NULL
AAXJ,$49.6,1440450809309,"2,112,329",Not yet rated,NULL,N/A
EGRW,NULL,1440450810220,0,NULL,NULL,NULL
EMDI,NULL,1440450810280,0,NULL,NULL,NULL
IBB,$324.61,1440450811025,"2,477,609",63% bullish,of 8 ratings,N/A
EVAL,NULL,1440450811047,0,NULL,NULL,NULL
EUFN,$21.15,1440450811218,"366,795",100% bearish,of 1 rating,N/A
EEML,$27.13,1440450811243,836,Not yet rated,NULL,N/A
IEUS,$45.34,1440450811372,"10,597",100% bearish,of 1 rating,N/A
UAE,$16.37,1440450811461,"19,328",Not yet rated,NULL,N/A
QAT,$19.96,1440450811568,35,Not yet rated,NULL,N/A
EMIF,$26.99,1440450811814,"8,675",Not yet rated,NULL,N/A
ICLN,$9,1440450811843,"108,190",50% bullish,of 2 ratings,N/A
SOXX,$77.14,1440450811951,"782,934",50% bullish,of 2 ratings,N/A
WOOD,$46.88,1440450811976,"79,195",50% bullish,of 2 ratings,N/A
ISHG,$81.472,1440450812008,"18,368",100% bearish,of 1 rating,N/A
IGOV,$93.46,1440450812107,"61,217",100% bearish,of 1 rating,N/A
INDY,$26.11,1440450812131,"833,165",50% bullish,of 2 ratings,N/A
ISIS,$44.25,1440450812334,"1,676,941",53% bullish,of 15 ratings,$67
ISLE,$16.2,1440450812419,"358,092",50% bullish,of 4 ratings,$16
ISRL,$119,1440450812815,228,100% bearish,of 1 rating,N/A
ITRI,$30.41,1440450812948,"314,566",Not yet rated,NULL,$37
ITRN,$23.75,1440450813103,"18,257",50% bullish,of 2 ratings,N/A
ITUS,$3.97,1440450813176,"2,109",Not yet rated,NULL,N/A
IXYS,$10.11,1440450813449,"218,884",50% bullish,of 4 ratings,N/A
XXIA,$14.66,1440450813474,"281,099",71% bullish,of 7 ratings,$14.625
JJSF,$111.31,1440450813632,"64,347",100% bearish,of 1 rating,N/A
MAYS,$56,1440450814123,810,Not yet rated,NULL,N/A
JBHT,$74.79,1440450814338,"967,457",50% bullish,of 4 ratings,$89.50
JKHY,$65.97,1440450814555,"329,786",50% bullish,of 2 ratings,$72
JCOM,$66.17,1440450814579,"232,548",100% bullish,of 2 ratings,$77
JACK,$78.72,1440450814611,"746,613",83% bullish,of 6 ratings,$105
JASO,$6.765,1440450814737,"1,240,774",82% bullish,of 17 ratings,$10
JXSB,$23.75,1440450814763,"3,392",Not yet rated,NULL,N/A
JAXB,NULL,1440450815168,0,100% bullish,of 1 rating,N/A
JAGX,$2.5989,1440450815194,"1,106",Not yet rated,NULL,N/A
JMBA,$12.93,1440450815372,"138,005",75% bullish,of 4 ratings,$18
ERW,$48.996,1440450815406,410,Not yet rated,NULL,N/A
JAKK,$9.235,1440450815431,"588,579",60% bearish,of 5 ratings,$11
JRVR,$26.13,1440450815509,"46,689",Not yet rated,NULL,$32
JASN,$4.71,1440450815598,"23,840",50% bullish,of 2 ratings,$9.50
JASNW,NULL,1440450817928,0,50% bullish,of 2 ratings,N/A
JBLU,$21.235,1440450818056,"8,165,222",94% bullish,of 18 ratings,$27
JAZZ,$161.95,1440450818103,"402,042",80% bullish,of 15 ratings,$206.50
JTPY,$3.02,1440450818138,"2,421",100% bearish,of 1 rating,N/A
JD,$23.94,1440450819139,"10,815,662",75% bullish,of 16 ratings,$36
DATE,$5.49,1440450819498,"211,635",75% bullish,of 4 ratings,$9
JCTCF,$9.514,1440450819523,100,100% bullish,of 1 rating,N/A
JIVE,$4.11,1440450819667,"726,754",75% bullish,of 4 ratings,$5
JST,$3.74,1440450819693,"30,778",75% bullish,of 4 ratings,N/A
JBSS,$48.9,1440450819735,"36,887",67% bearish,of 3 ratings,N/A
JOEZ,$0.1747,1440450819759,"253,706",92% bullish,of 12 ratings,N/A
