Symbol,Price,Date,Volume,Rating,RatingVoteCount,OneYearEstimate
TFSCR,NULL,1440602102636,0,Not yet rated,NULL,N/A
TFSC,$9.73,1440602102713,"3,100",100% bearish,of 1 rating,N/A
PIH,$7.17,1440602102778,400,100% bearish,of 1 rating,N/A
FCCY,$11.5901,1440602102805,"1,041",100% bullish,of 1 rating,$13
VNET,$17.7675,1440602102834,"166,075",60% bullish,of 5 ratings,$29.50
TWOU,$33.99,1440602102860,"24,756",50% bullish,of 2 ratings,$39
SRCE,$28.95,1440602102885,"3,918",100% bullish,of 3 ratings,$33
TFSCW,NULL,1440602102933,0,100% bearish,of 1 rating,N/A
DSLV,$76.8499,1440602103018,"12,067",100% bearish,of 1 rating,N/A
DGLD,$83.88,1440602103236,"9,298",100% bullish,of 1 rating,N/A
UGLD,$9.0258,1440602103266,"111,743",100% bearish,of 1 rating,N/A
USLV,$11.38,1440602103377,"406,721",86% bullish,of 7 ratings,N/A
FLWS,$9.25,1440602103425,"94,580",100% bullish,of 5 ratings,$15
JOBS,$27.245,1440602103511,"34,906",50% bullish,of 4 ratings,$36
TFSCU,NULL,1440602103556,0,Not yet rated,NULL,N/A
FCTY,$7.9,1440602103581,"1,267",100% bullish,of 1 rating,$8.50
SIXD,$2.74,1440602103870,"272,941",Not yet rated,NULL,N/A
AVHI,$13.79,1440602104003,"3,916",100% bearish,of 1 rating,$19
EGHT,$7.45,1440602104033,"101,017",82% bullish,of 17 ratings,$11
AAON,$20.01,1440602104054,"35,322",100% bearish,of 1 rating,$24
CAFD,$13.87,1440602104107,"61,311",Not yet rated,NULL,$25
SHLM,$32.21,1440602104129,"23,842",100% bearish,of 1 rating,$50
ABAX,$46.45,1440602104265,"17,247",100% bearish,of 1 rating,$60
ABY,$20.7903,1440602104318,"256,801",100% bearish,of 2 ratings,$46
ABGB,$6.2,1440602104398,"111,474",67% bullish,of 3 ratings,$5.50
ABMD,$94.42,1440602104470,"62,016",75% bullish,of 4 ratings,$100.50
ABEOW,$1.63,1440602104530,"1,786",100% bullish,of 1 rating,N/A
AXAS,$1.525,1440602104603,"153,598",78% bullish,of 9 ratings,$3.50
ABEO,$4.5099,1440602104662,"34,000",50% bullish,of 4 ratings,$15.50
ACHC,$69.595,1440602104890,"133,260",50% bullish,of 2 ratings,$92
ACAD,$34.46,1440602105033,"147,256",80% bullish,of 20 ratings,$48
ACTG,$8.8,1440602105092,"109,950",67% bullish,of 3 ratings,$18.50
ACST,NULL,1440602105130,0,100% bullish,of 2 ratings,N/A
XLRN,$27.43,1440602105177,"23,104",50% bullish,of 2 ratings,$57
ANCX,$19.63,1440602105232,"5,022",Not yet rated,NULL,$20
AXDX,$17.445,1440602105363,"32,742",100% bearish,of 1 rating,N/A
ARAY,$6.25,1440602105388,"212,286",100% bearish,of 1 rating,$10.50
VXDN,$1.82,1440602105455,"13,724",100% bearish,of 1 rating,N/A
VXUP,$1.6014,1440602105624,"19,347",100% bearish,of 1 rating,N/A
ACET,$22.04,1440602105657,"30,748",75% bullish,of 4 ratings,$30
ACRX,$4.045,1440602105684,"65,592",67% bearish,of 6 ratings,$5.50
AKAO,$6.46,1440602105818,"40,993",75% bullish,of 4 ratings,$15
ACHN,$7.01,1440602105911,"330,416",90% bullish,of 21 ratings,$16
ACIW,$20.66,1440602105982,"73,647",67% bearish,of 3 ratings,$24
ACNB,NULL,1440602106072,0,Not yet rated,NULL,N/A
ACOR,$31.36,1440602106111,"185,185",67% bearish,of 3 ratings,$38.50
ACTS,$1.5828,1440602106246,"10,222",100% bearish,of 1 rating,N/A
ACPW,$1.8598,1440602106279,"9,056",100% bullish,of 4 ratings,$3.50
ATVI,$26.68,1440602106302,"1,022,109",68% bullish,of 84 ratings,$31.50
ACUR,$0.5118,1440602106332,"7,259",100% bullish,of 5 ratings,$1
ACTA,$12.9601,1440602106379,"16,094",67% bearish,of 3 ratings,$25
ADMP,$3.4284,1440602106526,"4,106",50% bullish,of 2 ratings,$10
ACXM,$19.9567,1440602106654,"62,983",67% bullish,of 3 ratings,N/A
ADMS,$18.92,1440602106682,"12,174",100% bearish,of 2 ratings,$36
ADUS,$28.23,1440602106707,"2,190",100% bearish,of 1 rating,$31
ADAP,$11.465,1440602106740,"14,696",67% bullish,of 3 ratings,$22
AEY,$2.2746,1440602106845,"1,245",100% bearish,of 2 ratings,N/A
ADBE,$75.24,1440602107063,"494,767",65% bullish,of 17 ratings,$90
ADMA,$9.27,1440602107134,"1,304",Not yet rated,NULL,$19
ADEP,$6.4799,1440602107235,"20,479",50% bullish,of 2 ratings,$10.75
ADTN,$15.01,1440602107340,"54,905",67% bullish,of 3 ratings,$17.125
ADRO,$18.94,1440602107471,"82,979",80% bullish,of 5 ratings,$45.50
AMD,$1.66,1440602107529,"2,148,805",83% bullish,of 103 ratings,$2
MULT,NULL,1440602107558,0,100% bearish,of 1 rating,N/A
AEIS,$23.5625,1440602107583,"17,039",50% bullish,of 2 ratings,$32.50
ADXS,$13.33,1440602107610,"364,013",64% bullish,of 14 ratings,$27
YPRO,NULL,1440602107746,0,100% bearish,of 1 rating,N/A
AEHR,NULL,1440602107902,0,50% bullish,of 2 ratings,N/A
AEGR,$17.0099,1440602108032,"51,078",50% bullish,of 6 ratings,$26
ADXSW,$8.703,1440602108059,"16,827",100% bullish,of 1 rating,N/A
AEGN,$17.48,1440602108080,"27,306",100% bearish,of 2 ratings,$21
AMTX,$2.59,1440602108116,"5,532",50% bullish,of 2 ratings,$26.11
AEPI,$53.29,1440602108214,"2,372",100% bearish,of 1 rating,N/A
AVAV,$22.91,1440602108422,"17,346",50% bullish,of 4 ratings,$31
AERI,$15.635,1440602108495,"71,407",75% bullish,of 4 ratings,$31.50
AEZS,$0.084,1440602108587,"1,317,240",90% bullish,of 21 ratings,$1.50
AGRX,$8.39,1440602108626,"2,774",100% bearish,of 1 rating,$17.50
AFMD,$9.23,1440602108661,"43,793",50% bullish,of 4 ratings,$15
AGEN,$6.52,1440602108753,"316,420",85% bullish,of 13 ratings,$14
AFFX,$8.85,1440602108780,"54,961",80% bullish,of 5 ratings,$12
AEMD,$7.03,1440602108840,"2,430",Not yet rated,NULL,$27.50
AGIO,$84.54,1440602109068,"71,738",88% bullish,of 8 ratings,$114
AGYS,$9.57,1440602109098,"2,700",100% bearish,of 1 rating,N/A
AGFSW,$1.84,1440602109199,"2,103",100% bearish,of 2 ratings,N/A
AIMT,$21.35,1440602109224,"5,240",Not yet rated,NULL,N/A
AGFS,$9.92,1440602109391,"9,535",100% bearish,of 1 rating,N/A
AIRM,$35.07,1440602109589,"54,583",80% bearish,of 5 ratings,$53
AIRT,$21.23,1440602109658,711,100% bullish,of 1 rating,N/A
AIXG,$5.7001,1440602109686,"12,490",67% bearish,of 3 ratings,$5.25
AKAM,$65.951,1440602109823,"374,837",63% bullish,of 8 ratings,$77
AMCN,$4.485,1440602109908,"215,478",83% bullish,of 6 ratings,N/A
ATSG,$8.58,1440602109954,"30,967",67% bullish,of 3 ratings,$13
ALRM,$15.97,1440602110176,"41,124",100% bearish,of 1 rating,$22
AKBA,$6.11,1440602110203,"32,518",100% bearish,of 1 rating,$18
AMRI,$19.225,1440602110236,"120,511",75% bearish,of 4 ratings,$24
AKRX,$38.45,1440602110333,"117,188",78% bullish,of 9 ratings,$56
AKER,$2.32,1440602110398,600,Not yet rated,NULL,N/A
ABDC,$11.45,1440602110433,"19,480",Not yet rated,NULL,$15
ALDR,$36.87,1440602110569,"93,400",67% bearish,of 3 ratings,$62
ADHD,$7.83,1440602110628,"27,574",50% bullish,of 4 ratings,$18
ALDX,$6.98,1440602110726,"4,650",100% bearish,of 1 rating,$14.50
ALSK,$1.995,1440602110758,"31,527",78% bullish,of 18 ratings,$2
ALXN,$167.89,1440602110856,"246,916",88% bullish,of 8 ratings,$223
ALGN,$55,1440602111016,"90,328",100% bearish,of 2 ratings,$73
ALXA,$1.11,1440602111041,"8,869",83% bullish,of 6 ratings,$2.125
ALIM,$3.13,1440602111179,"18,240",80% bullish,of 5 ratings,$10
ALGT,$211.25,1440602111311,"12,303",100% bearish,of 2 ratings,$235
ALCO,$41.08,1440602111348,"1,381",50% bullish,of 2 ratings,N/A
ALLB,$22.27,1440602111443,200,Not yet rated,NULL,N/A
ALKS,$57.18,1440602111470,"105,156",67% bullish,of 3 ratings,$75
AFOP,$18.095,1440602111492,"35,279",75% bullish,of 8 ratings,$21
AHGP,$34.58,1440602111623,"11,988",67% bullish,of 3 ratings,N/A
AIQ,$13.14,1440602111652,"5,222",67% bullish,of 3 ratings,N/A
ARLP,$24.115,1440602111720,"33,880",67% bearish,of 3 ratings,$32
AHPI,NULL,1440602111971,0,50% bullish,of 2 ratings,N/A
ALLT,$4.88,1440602112055,"32,485",75% bullish,of 4 ratings,$6.25
AMOT,$18.0499,1440602112188,"30,803",100% bearish,of 1 rating,N/A
MDRX,$12.96,1440602112233,"352,759",60% bullish,of 5 ratings,$16
ALQA,$4.21,1440602112258,"4,437",75% bullish,of 4 ratings,$8.50
AOSL,$7.26,1440602112392,"28,061",67% bullish,of 3 ratings,$9
AFAM,$44.25,1440602112466,"8,102",50% bullish,of 2 ratings,$44
SMCP,NULL,1440602112522,0,Not yet rated,NULL,N/A
ASPS,$24.54,1440602112596,"59,060",67% bullish,of 3 ratings,$46.50
ALNY,$96.51,1440602112690,"82,938",67% bullish,of 3 ratings,$148.50
AIMC,$24.26,1440602112722,"10,016",100% bearish,of 2 ratings,$28.50
ALTR,$46.62,1440602112822,"390,245",80% bearish,of 5 ratings,$54
ATEC,$0.5801,1440602112896,"82,475",100% bullish,of 1 rating,$2
AMRN,$1.8701,1440602112921,"243,812",85% bullish,of 39 ratings,$8
AMAG,$59.95,1440602112978,"75,038",100% bullish,of 2 ratings,$77.50
AMRK,$10.36,1440602113004,470,50% bullish,of 2 ratings,$14
AYA,$19.7765,1440602113244,"6,732",100% bearish,of 1 rating,$40
AMBCW,$7,1440602113400,"3,000",100% bearish,of 1 rating,N/A
AMBA,$86.6951,1440602113426,"644,712",83% bullish,of 12 ratings,$102.50
AMZN,$485.927,1440602113447,"1,216,015",81% bullish,of 264 ratings,$646
EPAX,$2.67,1440602113478,"39,771",100% bearish,of 1 rating,N/A
AMDA,$0.47,1440602113642,"420,801",90% bullish,of 10 ratings,$1
AMED,$37.345,1440602113671,"35,831",100% bearish,of 1 rating,$42
AMBC,$15.27,1440602113750,"42,787",100% bearish,of 1 rating,$16.50
UHAL,$365.5,1440602113805,"3,790",100% bullish,of 2 ratings,$393.50
ASBI,$22,1440602113837,300,Not yet rated,NULL,N/A
AMCX,$69.43,1440602113939,"235,887",67% bullish,of 3 ratings,$87.50
ATAX,$5.07,1440602114089,"45,111",100% bullish,of 1 rating,$6.50
DOX,$55.98,1440602114168,"172,352",67% bearish,of 3 ratings,$60
AMOV,$17.49,1440602114223,393,100% bearish,of 1 rating,N/A
AAL,$37.43,1440602114256,"2,391,949",93% bullish,of 88 ratings,$57
AGNCB,$24.25,1440602114491,"5,200",Not yet rated,NULL,N/A
AGNCP,$25.1,1440602114574,"1,000",Not yet rated,NULL,N/A
MTGE,$15.28,1440602114647,"71,020",75% bullish,of 4 ratings,$19.50
AGNC,$19.3099,1440602114675,"1,125,979",71% bullish,of 28 ratings,$22
ACSF,$12.0299,1440602114754,"6,882",100% bearish,of 1 rating,$15
ANCI,$1.53,1440602114807,"2,800",100% bearish,of 1 rating,N/A
MTGEP,$24.69,1440602114887,300,Not yet rated,NULL,N/A
ACAS,$13.11,1440602114947,"348,429",60% bullish,of 5 ratings,$16.75
AMIC,NULL,1440602115101,0,Not yet rated,NULL,N/A
AETI,$3.87,1440602115166,1,67% bearish,of 3 ratings,N/A
AMNB,$22.87,1440602115192,"1,796",Not yet rated,NULL,$25.50
ARII,$38.0023,1440602115365,"52,853",67% bearish,of 3 ratings,$45
ANAT,$98.115,1440602115500,"8,380",100% bullish,of 1 rating,N/A
AMRB,$9.96,1440602115602,"4,604",Not yet rated,NULL,$11
APEI,$20.7803,1440602115667,"7,809",100% bearish,of 1 rating,$25.50
ASEI,$36.82,1440602115692,"8,035",100% bearish,of 1 rating,$52.50
AMSWA,$8.56,1440602115847,"5,343",100% bearish,of 2 ratings,$10.75
AMSF,$46.3099,1440602116122,"10,281",Not yet rated,NULL,$57.50
ASRV,$3.2,1440602116184,"21,804",100% bullish,of 2 ratings,N/A
ABCB,$26.04,1440602116266,"12,440",Not yet rated,NULL,$31
AMWD,$63.86,1440602116297,"32,600",50% bullish,of 2 ratings,$70
CRMT,$36.112,1440602116338,"8,820",100% bearish,of 1 rating,$39
AMSC,$4.07,1440602116363,"53,340",50% bullish,of 4 ratings,N/A
ASRVP,NULL,1440602116391,0,Not yet rated,NULL,N/A
FOLD,$13.485,1440602116648,"267,057",56% bullish,of 9 ratings,$21
AMGN,$149.27,1440602116746,"965,438",89% bullish,of 19 ratings,$185
AMPH,$12.925,1440602116808,"44,934",50% bullish,of 2 ratings,$20
AMKR,$4.53,1440602116836,"509,643",100% bearish,of 2 ratings,$5
ATLO,$23.4,1440602116861,664,Not yet rated,NULL,N/A
AMSG,$77.722,1440602116939,"85,059",100% bearish,of 1 rating,$85.50
ANAC,$125,1440602117188,"83,230",80% bullish,of 5 ratings,$180.50
AFSI,$57.32,1440602117218,"159,517",60% bullish,of 5 ratings,$72
AMRS,$1.6,1440602117242,"27,787",70% bullish,of 10 ratings,N/A
ASYS,$4.99,1440602117267,"15,310",67% bullish,of 3 ratings,$12
ANAD,$0.33,1440602117303,"128,826",100% bullish,of 2 ratings,$.50
ADI,$51.36,1440602117324,"434,348",67% bullish,of 3 ratings,$69
AMSGP,NULL,1440602117395,0,Not yet rated,NULL,N/A
ALOG,$77.915,1440602117569,"5,722",100% bearish,of 2 ratings,$100.50
ANCB,NULL,1440602117674,0,Not yet rated,NULL,$23
ABCW,$39.2,1440602117804,"2,761",67% bullish,of 3 ratings,N/A
AMCF,$0.2481,1440602117829,"1,800",100% bullish,of 7 ratings,N/A
ANIP,$47.65,1440602117995,"29,642",89% bullish,of 19 ratings,$66
ANGO,$14.3899,1440602118059,"5,209",67% bullish,of 3 ratings,$19
ANGI,$4.68,1440602118127,"74,543",64% bullish,of 11 ratings,$5.50
ANSS,$86.62,1440602118157,"79,219",100% bearish,of 1 rating,$100
ATRS,$1.64,1440602118178,"274,803",92% bullish,of 12 ratings,$4.50
ANIK,$33.5101,1440602118217,"17,429",60% bullish,of 5 ratings,$51.25
ANTH,$6.68,1440602118256,"221,523",80% bullish,of 10 ratings,$13
ABAC,NULL,1440602118311,0,100% bearish,of 1 rating,N/A
APOG,$48.355,1440602118458,"29,953",50% bullish,of 2 ratings,$67
APIC,$5.97,1440602118508,"25,117",100% bearish,of 1 rating,$19
APOL,$10.57,1440602118533,"294,620",87% bearish,of 68 ratings,$14
ATNY,$2.3,1440602118597,"2,900",50% bullish,of 2 ratings,$3.75
APPF,$16.18,1440602118863,"12,250",50% bullish,of 2 ratings,$22
AAPL,$106.3592,1440602118898,"18,435,021",86% bullish,of 2349 ratings,$150
AINV,$6.33,1440602118925,"226,676",50% bullish,of 4 ratings,$8
ARCI,NULL,1440602118951,0,Not yet rated,NULL,N/A
AGTC,$15,1440602118994,"9,266",50% bullish,of 2 ratings,$33
APDNW,$1.1,1440602119019,200,Not yet rated,NULL,N/A
APDN,$3.1101,1440602119151,"16,063",Not yet rated,NULL,$9
AAOI,$19.3,1440602119223,"44,084",50% bullish,of 4 ratings,$26
AMCC,$5.355,1440602119254,"111,175",80% bullish,of 5 ratings,$8
AREX,$1.7,1440602119360,"146,909",100% bearish,of 1 rating,$3
AMAT,$14.9,1440602119386,"6,984,232",82% bullish,of 11 ratings,$23
APRI,$1.21,1440602119521,"20,106",83% bullish,of 6 ratings,$4.86
APTO,$4.7212,1440602119596,806,Not yet rated,NULL,$17
AQMS,$4.93,1440602119622,"10,896",Not yet rated,NULL,N/A
AUMA,NULL,1440602119699,0,Not yet rated,NULL,N/A
AQXP,$17.987,1440602119771,"114,261",50% bullish,of 2 ratings,$2
AUMAU,NULL,1440602119833,0,Not yet rated,NULL,N/A
AUMAW,NULL,1440602119902,0,Not yet rated,NULL,N/A
PETX,$16.76,1440602119932,"143,650",100% bearish,of 2 ratings,$26
ARDM,$6.95,1440602120082,202,100% bullish,of 1 rating,$26
ARCW,$3.49,1440602120116,"10,501",100% bearish,of 2 ratings,$10.50
ABIO,$0.8633,1440602120210,"37,605",50% bullish,of 2 ratings,$3.75
ABUS,$6.675,1440602120245,"61,302",86% bullish,of 14 ratings,$23
RKDA,$5.84,1440602120273,"3,501",100% bearish,of 2 ratings,$10
ARCB,$27.44,1440602120294,"69,462",67% bearish,of 3 ratings,$39.50
ACAT,$24.84,1440602120567,"14,379",100% bearish,of 3 ratings,$33
ARNA,$2.6,1440602120615,"737,993",90% bullish,of 77 ratings,$5.50
ACGL,$66.7301,1440602120640,"38,165",50% bullish,of 2 ratings,$72
ARCC,$14.75,1440602120774,"547,774",67% bearish,of 3 ratings,$17.875
AGII,$55.32,1440602120811,"30,247",Not yet rated,NULL,$59.50
AGIIL,$25.35,1440602120864,"6,733",Not yet rated,NULL,N/A
ARDX,$17.6315,1440602120885,"29,637",50% bullish,of 2 ratings,$24.50
ARIS,$4,1440602121023,"45,593",Not yet rated,NULL,$4.50
ARIA,$6.4301,1440602121124,"866,862",87% bullish,of 46 ratings,$9
ARMH,$40.66,1440602121210,"2,641,548",54% bearish,of 13 ratings,$61
ARGS,$6.24,1440602121238,"6,967",50% bullish,of 2 ratings,$19.50
ARKR,$24.92,1440602121266,200,50% bullish,of 2 ratings,N/A
ARTX,$1.34,1440602121294,"89,212",88% bullish,of 16 ratings,$4.50
ARWA,NULL,1440602121422,0,Not yet rated,NULL,N/A
ARWAR,$0.27,1440602121477,800,Not yet rated,NULL,N/A
ARWAU,NULL,1440602121523,0,100% bullish,of 1 rating,N/A
ARQL,$1.575,1440602121776,"40,650",75% bullish,of 4 ratings,$5
ARRY,$5.42,1440602121801,"271,558",100% bullish,of 7 ratings,$10
ARWAW,NULL,1440602121844,0,Not yet rated,NULL,N/A
ARRS,$25.08,1440602121979,"138,043",50% bullish,of 2 ratings,$38
AROW,$26.92,1440602122012,"5,258",Not yet rated,NULL,N/A
ARWR,$5.225,1440602122033,"244,151",75% bullish,of 4 ratings,$10.50
ARTNA,$21.9,1440602122054,"5,634",100% bearish,of 1 rating,$29
DWAT,$9.607,1440602122090,915,100% bearish,of 1 rating,N/A
ARTW,$4.396,1440602122341,"3,518",75% bearish,of 4 ratings,N/A
ASND,$19.7,1440602122379,"26,845",100% bullish,of 1 rating,$30
ASNA,$10.955,1440602122409,"514,660",50% bullish,of 2 ratings,$18
ASCMA,$26.465,1440602122486,"10,543",100% bearish,of 1 rating,$45
ASBB,$24.74,1440602122515,74,Not yet rated,NULL,N/A
ASTI,$0.1074,1440602122616,"624,208",83% bullish,of 6 ratings,$3
APWC,NULL,1440602122641,0,100% bearish,of 1 rating,N/A
ASMI,NULL,1440602122768,0,NULL,NULL,NULL
AZPN,$36.6,1440602122810,"96,834",50% bullish,of 2 ratings,$42
ASML,$87.5,1440602122854,"263,237",50% bullish,of 4 ratings,$127
ASMB,$12.33,1440602122981,"11,868",67% bullish,of 3 ratings,N/A
ASTE,$35.92,1440602123024,"10,000",100% bearish,of 1 rating,$48
ASFI,$8.88,1440602123056,"5,717",100% bullish,of 1 rating,N/A
ALOT,$13.2,1440602123086,"16,610",100% bearish,of 1 rating,N/A
ATRO,$49.46,1440602123189,"28,462",100% bearish,of 2 ratings,$80
ASTC,$1.93,1440602123323,"13,864",100% bullish,of 5 ratings,N/A
ASUR,$5.46,1440602123401,900,50% bullish,of 2 ratings,$8
ATRA,$39.22,1440602123464,"18,867",50% bullish,of 2 ratings,$68
ATHN,$128.4,1440602123595,"14,500",67% bearish,of 3 ratings,$153
ATAI,$2.35,1440602123643,"1,950",100% bearish,of 1 rating,N/A
AFCB,$27.3,1440602123687,100,Not yet rated,NULL,N/A
AAPC,NULL,1440602123819,0,Not yet rated,NULL,N/A
ACFC,$5.71,1440602123844,"42,948",Not yet rated,NULL,$6.50
ATHX,$1.07,1440602123869,"57,811",89% bullish,of 9 ratings,$5
ATNI,$70.1,1440602124014,"10,357",100% bearish,of 1 rating,$69.50
ATLC,$3.7,1440602124116,"1,300",67% bullish,of 3 ratings,N/A
ATML,$7.53,1440602124254,"1,668,800",78% bullish,of 9 ratings,$9.50
AAWW,$39.16,1440602124283,"44,928",50% bullish,of 2 ratings,$65
AFH,$16.17,1440602124315,"16,873",Not yet rated,NULL,$21.50
AAME,NULL,1440602124341,0,Not yet rated,NULL,N/A
ATOS,$0.7576,1440602124366,"37,609",100% bullish,of 7 ratings,$7
ATRC,$24.93,1440602124607,"44,027",100% bullish,of 1 rating,$30
ATRM,NULL,1440602124763,0,50% bullish,of 2 ratings,N/A
ATRI,$373,1440602124907,624,Not yet rated,NULL,N/A
ATTU,$12.864,1440602124977,"7,257",100% bearish,of 1 rating,$20.50
LIFE,$13.5797,1440602125078,"5,815",86% bullish,of 7 ratings,$43
AUDC,$3.13,1440602125159,"7,823",80% bullish,of 5 ratings,$5
AUBN,$27.699,1440602125185,"1,596",Not yet rated,NULL,N/A
EARS,$4.54,1440602125484,"2,314",100% bearish,of 2 ratings,$11.50
ADAT,$0.3901,1440602125511,"991,505",100% bullish,of 2 ratings,N/A
AUPH,$2.98,1440602125533,800,100% bearish,of 1 rating,$8
ABTL,$16.47,1440602125673,"13,926",100% bullish,of 4 ratings,$20.25
ADP,$75.51,1440602125698,"642,634",100% bearish,of 1 rating,$88
ADSK,$48.85,1440602125831,"361,129",67% bullish,of 6 ratings,$69.50
AAVL,$10.1,1440602125966,"50,179",100% bearish,of 1 rating,$20
AVNU,$12.1,1440602125992,"2,886",Not yet rated,NULL,$14
AVGO,$112.17,1440602126047,"687,324",88% bullish,of 8 ratings,$165
AVEO,$1.2314,1440602126129,"270,231",75% bullish,of 8 ratings,$3
AVNW,$1.1301,1440602126400,"5,200",50% bullish,of 2 ratings,$2.20
AWRE,$3.06,1440602126480,"2,578",67% bullish,of 3 ratings,N/A
AVID,$7.91,1440602126636,"66,313",100% bearish,of 1 rating,$20
AVGR,$14.295,1440602126720,"3,438",100% bearish,of 1 rating,$20
CAR,$40.22,1440602126814,"638,075",80% bullish,of 5 ratings,$60
AXPW,$1.03,1440602126875,"31,496",83% bullish,of 6 ratings,N/A
AXTI,$2.13,1440602127018,"29,215",50% bullish,of 2 ratings,$2.75
AXPWW,$1.1,1440602127046,100,Not yet rated,NULL,N/A
ACLS,$3.04,1440602127077,"106,927",67% bullish,of 6 ratings,$4.75
AXGN,$3.75,1440602127185,"2,346",Not yet rated,NULL,$5
BEAV,$46.14,1440602127316,"200,758",67% bearish,of 3 ratings,$59
BCOM,$19.34,1440602127341,"2,010",100% bearish,of 1 rating,N/A
RILY,$9.99,1440602127385,"1,000",Not yet rated,NULL,N/A
BOSC,$2.26,1440602127416,544,50% bullish,of 2 ratings,N/A
BIDU,$140.97,1440602127437,"1,944,197",81% bullish,of 88 ratings,$210
BCPC,$55.245,1440602127655,"24,516",100% bearish,of 1 rating,$75
BWINA,NULL,1440602127685,0,Not yet rated,NULL,N/A
BWINB,$22.74,1440602127719,"4,933",Not yet rated,NULL,N/A
BANF,$58.35,1440602127822,522,Not yet rated,NULL,$68
BLDP,$1.165,1440602127847,"217,488",91% bullish,of 22 ratings,$2.50
BKMU,$6.85,1440602128183,"7,255",Not yet rated,NULL,$8
BANFP,NULL,1440602128244,0,Not yet rated,NULL,N/A
BMRC,$47.75,1440602128315,800,Not yet rated,NULL,$52
OZRK,$40.2545,1440602128340,"149,339",67% bullish,of 3 ratings,$49.50
BOCH,$5.75,1440602128371,200,Not yet rated,NULL,$6.50
BKSC,$15.5899,1440602128470,698,Not yet rated,NULL,N/A
BOTJ,NULL,1440602128496,0,Not yet rated,NULL,N/A
BANR,$42.8,1440602128675,"7,971",100% bullish,of 3 ratings,$50
BZUN,$4.57,1440602128936,"83,057",50% bullish,of 2 ratings,$11.50
BFIN,$12.03,1440602128967,470,Not yet rated,NULL,$13
BWFG,$18,1440602129070,"1,300",100% bearish,of 1 rating,N/A
BHACR,NULL,1440602129129,0,Not yet rated,NULL,N/A
TAPR,$31.93,1440602129274,"1,167",100% bearish,of 1 rating,N/A
BHAC,NULL,1440602129299,0,Not yet rated,NULL,N/A
BBSI,$32.802,1440602129426,"31,863",67% bearish,of 3 ratings,$62.50
BYLK,$12.65,1440602129604,300,Not yet rated,NULL,$14
BHACU,NULL,1440602129628,0,Not yet rated,NULL,N/A
BHACW,NULL,1440602129707,0,Not yet rated,NULL,N/A
BYBK,$4.9,1440602129858,275,100% bearish,of 1 rating,N/A
BSET,$28.42,1440602129886,"6,544",100% bearish,of 1 rating,$35
BDCV,$4.67,1440602130130,"26,178",100% bearish,of 1 rating,$10.19
BCBP,NULL,1440602130224,0,Not yet rated,NULL,N/A
BBCN,$13.92,1440602130260,"53,507",100% bearish,of 1 rating,$16
BV,$4.97,1440602130286,"74,038",67% bullish,of 6 ratings,$9
BSF,$8.4,1440602130416,523,Not yet rated,NULL,N/A
BECN,$34.2899,1440602130445,"66,178",50% bullish,of 2 ratings,$40
BEBE,$1.68,1440602130544,"24,934",75% bullish,of 4 ratings,$3.075
BBBY,$60.43,1440602130643,"435,411",71% bullish,of 7 ratings,$75
BBGI,$4.08,1440602130669,100,100% bearish,of 1 rating,N/A
BLPH,$5.5,1440602130699,"14,088",100% bearish,of 1 rating,$12.50
BELFA,$14.84,1440602130835,7,100% bearish,of 1 rating,N/A
BELFB,$17.89,1440602130977,"4,766",100% bearish,of 1 rating,N/A
BLCM,$15.95,1440602131003,"21,603",50% bullish,of 4 ratings,$40
BNCL,$12.185,1440602131033,"58,834",100% bullish,of 3 ratings,$12.50
BNFT,$33.885,1440602131059,"39,808",67% bullish,of 3 ratings,$46
BGMD,$0.755,1440602131351,"3,050",100% bullish,of 10 ratings,N/A
BNTC,$8,1440602131483,"9,068",100% bullish,of 1 rating,N/A
BGCP,$8.335,1440602131515,"264,406",88% bullish,of 8 ratings,$14
BIND,$4.2439,1440602131542,"24,560",75% bullish,of 4 ratings,$13.50
BGFV,$10.38,1440602131563,"15,625",57% bullish,of 7 ratings,$12
BASI,$1.53,1440602131595,102,Not yet rated,NULL,N/A
ORPN,$5.31,1440602131627,"3,691",100% bullish,of 1 rating,$28.50
BCDA,NULL,1440602131723,0,Not yet rated,NULL,N/A
BIOC,$1.8601,1440602131799,"123,762",83% bullish,of 6 ratings,$3.85
BIOD,$0.645,1440602131970,"23,334",80% bullish,of 5 ratings,$4
BCRX,$10.72,1440602132065,"71,868",63% bullish,of 8 ratings,$18
BDSI,$6.17,1440602132093,"269,252",88% bullish,of 8 ratings,$17
BIIB,$287.636,1440602132167,"563,019",88% bullish,of 16 ratings,$400
BLFS,$1.9706,1440602132305,215,100% bearish,of 1 rating,$4.75
BVXVW,NULL,1440602132332,0,100% bearish,of 1 rating,N/A
BMRN,$121.902,1440602132386,"175,934",80% bullish,of 5 ratings,$160
BLRX,$1.31,1440602132420,"40,320",100% bullish,of 12 ratings,$5
BPTH,$1.04,1440602132467,"7,378",100% bullish,of 2 ratings,$5
BIOL,$1.37,1440602132530,"14,806",Not yet rated,NULL,N/A
BRLI,NULL,1440602132728,0,NULL,NULL,NULL
BBC,$28.99,1440602132788,"2,438",Not yet rated,NULL,N/A
BVXV,$3.2764,1440602132813,"1,200",Not yet rated,NULL,N/A
BBP,$30.5,1440602132948,"4,461",Not yet rated,NULL,N/A
BIOS,$2.21,1440602132973,"340,415",71% bullish,of 7 ratings,$4
BSTC,$45.75,1440602133109,"10,349",100% bearish,of 1 rating,$76
TECH,$93.625,1440602133190,"18,306",100% bullish,of 1 rating,$117
BSPM,$0.6628,1440602133219,"10,758",50% bullish,of 2 ratings,N/A
BITI,$17.06,1440602133320,"3,452",100% bullish,of 1 rating,$28
BDMS,NULL,1440602133387,0,100% bearish,of 1 rating,N/A
BJRI,$43.0199,1440602133457,"43,724",50% bullish,of 2 ratings,$55
BEAT,$13.93,1440602133489,"184,604",67% bearish,of 3 ratings,$15
BOTA,$2.12,1440602133511,"21,332",88% bullish,of 8 ratings,N/A
BBOX,$14.891,1440602133642,"17,589",100% bearish,of 1 rating,N/A
BDE,$7.13,1440602133713,"12,442",50% bullish,of 2 ratings,$9
BLKB,$57.5617,1440602133883,"20,258",100% bearish,of 2 ratings,$66
BBRY,$6.66,1440602133915,"1,101,397",61% bullish,of 330 ratings,$9
ADRA,$26.41,1440602134018,765,100% bearish,of 1 rating,N/A
ADRU,$21.52,1440602134111,346,100% bearish,of 1 rating,N/A
BKCC,$9.0233,1440602134139,"94,966",100% bullish,of 2 ratings,$10
HAWK,$39.91,1440602134168,"127,402",91% bullish,of 11 ratings,$49
ADRE,$28.482,1440602134189,"2,554",100% bearish,of 1 rating,N/A
ADRD,$21.56,1440602134221,"3,170",100% bearish,of 1 rating,N/A
BLMN,$19,1440602134355,"188,412",83% bullish,of 6 ratings,$27.50
BCOR,$13.255,1440602134448,"29,252",57% bullish,of 7 ratings,$15
BUFF,$25.91,1440602134480,"53,022",83% bullish,of 12 ratings,$31.50
BLBD,$11.69,1440602134502,"10,135",Not yet rated,NULL,N/A
BBLU,$0.8201,1440602134580,"29,139",100% bullish,of 2 ratings,$4.43
BHBK,$13.76,1440602134638,"34,906",100% bullish,of 1 rating,$14.50
NILE,$32.49,1440602134771,"34,370",50% bullish,of 2 ratings,$34
BLUE,$125,1440602134938,"133,167",71% bullish,of 7 ratings,$217.50
BKEPP,$7,1440602134968,"34,077",100% bearish,of 1 rating,N/A
BKEP,$5.77,1440602134990,"14,801",100% bearish,of 1 rating,$8.50
BNCN,$19.98,1440602135064,"13,235",Not yet rated,NULL,$24
BOBE,$42.61,1440602135167,"31,294",75% bullish,of 4 ratings,$57
BOFI,$118.93,1440602135208,"42,869",100% bullish,of 6 ratings,$144
BPMC,$26.36,1440602135235,"15,592",50% bullish,of 2 ratings,$47.50
WIFI,$7.285,1440602135300,"61,389",50% bullish,of 2 ratings,$13.50
BOJA,$20.44,1440602135377,"39,473",100% bullish,of 1 rating,$30
BOKF,$57.62,1440602135431,"54,940",100% bearish,of 1 rating,$69
BNSO,$1.26,1440602135564,60,100% bearish,of 1 rating,N/A
BONA,$11.41,1440602135595,"26,150",75% bullish,of 4 ratings,$8.50
BAMM,$3.2,1440602135806,"1,651",60% bullish,of 5 ratings,N/A
BPFHP,NULL,1440602135832,0,100% bearish,of 1 rating,N/A
BPFH,$11.5,1440602135864,"94,343",100% bearish,of 1 rating,$14
BCLI,$2.83,1440602135908,"10,742",80% bullish,of 5 ratings,$12
BPFHW,NULL,1440602135999,0,100% bearish,of 1 rating,N/A
EPAY,$24.735,1440602136025,"19,606",100% bearish,of 2 ratings,$30
BDBD,$8.04,1440602136053,"110,355",60% bullish,of 5 ratings,$10
BDGE,$26.5,1440602136309,"3,602",Not yet rated,NULL,$31.75
BBEP,$2.49,1440602136354,"333,265",69% bullish,of 13 ratings,$5.625
BBEPP,$12.613,1440602136384,"4,105",100% bearish,of 1 rating,N/A
BLIN,NULL,1440602136409,0,50% bullish,of 2 ratings,$2.20
BBRG,$12,1440602136484,"14,771",67% bullish,of 3 ratings,$14.50
BRID,NULL,1440602136568,0,100% bearish,of 1 rating,N/A
BYFC,$1.32,1440602137018,600,50% bullish,of 2 ratings,N/A
BRCM,$48.72,1440602137045,"865,914",75% bullish,of 12 ratings,$56
BSFT,$29.325,1440602137067,"29,382",57% bullish,of 7 ratings,$40.50
BRCD,$10.22,1440602137116,"1,419,775",92% bullish,of 13 ratings,$11.50
BWEN,$3.19,1440602137142,"3,500",100% bullish,of 3 ratings,$8
BVSN,$5.7,1440602137194,503,60% bearish,of 5 ratings,N/A
BCOV,$5,1440602137243,"7,907",67% bullish,of 3 ratings,$10.20
BRKL,$10.34,1440602137428,"39,781",100% bearish,of 1 rating,$10.75
BRKS,$9.9101,1440602137455,"15,473",67% bullish,of 3 ratings,$15.25
BMTC,$28.14,1440602137494,"38,632",Not yet rated,NULL,$34
BRKR,$18.305,1440602137532,"42,488",100% bearish,of 2 ratings,$22
BSQR,$5.8232,1440602137666,"10,084",67% bullish,of 3 ratings,N/A
BLMT,$20.63,1440602137746,437,Not yet rated,NULL,N/A
BLDR,$13.395,1440602137818,"249,446",50% bullish,of 2 ratings,$22
BWLD,$188.16,1440602137843,"62,533",82% bullish,of 11 ratings,$205
BUR,$1.8,1440602138038,500,100% bearish,of 1 rating,$8
CFFI,NULL,1440602138078,0,100% bearish,of 1 rating,N/A
CHRW,$65.93,1440602138104,"324,038",Not yet rated,NULL,$72
CDNS,$19.02,1440602138238,"363,305",75% bullish,of 4 ratings,$22.50
CACQ,$6.92,1440602138300,"4,217",100% bearish,of 1 rating,$12.25
CDZI,$7.52,1440602138326,"5,958",100% bearish,of 1 rating,N/A
CA,$26.04,1440602138366,"705,674",50% bullish,of 4 ratings,$33
CCMP,$42.175,1440602138392,"7,646",50% bullish,of 2 ratings,$59
CZR,$8.42,1440602138524,"153,865",60% bearish,of 5 ratings,$10.50
PRSS,$4.35,1440602138661,500,80% bullish,of 5 ratings,$4.50
CSTE,$39.0099,1440602138716,"204,730",100% bearish,of 1 rating,$65
CLBS,$1.29,1440602138851,"43,667",79% bullish,of 14 ratings,$4
CHY,$11.01,1440602138879,"93,391",Not yet rated,NULL,N/A
CLMS,$10.1,1440602138983,"11,546",Not yet rated,NULL,$10.50
CHI,$10.2899,1440602139010,"119,633",100% bearish,of 1 rating,N/A
CCD,$18.6114,1440602139070,"140,692",Not yet rated,NULL,N/A
CGO,$11.76,1440602139139,"7,802",100% bearish,of 1 rating,N/A
CFGE,NULL,1440602139169,0,Not yet rated,NULL,N/A
CHW,$7.3501,1440602139213,"72,741",100% bearish,of 1 rating,N/A
CAMP,$15.46,1440602139243,"85,268",88% bullish,of 8 ratings,$25
CVGW,$56.64,1440602139500,"58,119",50% bullish,of 2 ratings,$58.50
CFNB,NULL,1440602139582,0,100% bearish,of 1 rating,N/A
CALA,$4.625,1440602139607,"191,440",100% bullish,of 3 ratings,$19.50
CALD,$15.13,1440602139647,"105,315",100% bearish,of 1 rating,$20.50
CLMT,$24.8567,1440602139776,"77,947",75% bullish,of 8 ratings,$31
CALM,$47.454,1440602139853,"181,205",80% bullish,of 5 ratings,$65
CAMB,$10.05,1440602139957,200,Not yet rated,NULL,N/A
CAC,$39.94,1440602140017,924,Not yet rated,NULL,N/A
CAMBU,NULL,1440602140059,0,100% bearish,of 1 rating,N/A
ABCD,$4.91,1440602140111,"17,176",83% bullish,of 6 ratings,N/A
CAMBW,NULL,1440602140142,0,Not yet rated,NULL,N/A
CSQ,$9.53,1440602140245,"135,629",Not yet rated,NULL,N/A
CSIQ,$16.54,1440602140310,"1,023,056",86% bullish,of 28 ratings,$42.50
CAMT,$2.61,1440602140337,"8,642",73% bullish,of 11 ratings,$4
CGIX,$8.9001,1440602140414,"10,375",67% bullish,of 3 ratings,$14.375
CPHC,NULL,1440602140800,0,100% bearish,of 1 rating,N/A
CBNJ,$10.8,1440602140894,"11,322",100% bullish,of 1 rating,N/A
CFFN,$11.687,1440602140920,"172,493",Not yet rated,NULL,$12.75
CPLA,$47.575,1440602140951,"9,433",67% bearish,of 3 ratings,$65
CSWC,$44.915,1440602140994,"5,504",Not yet rated,NULL,N/A
CPLP,$6.4103,1440602141050,"208,760",71% bullish,of 7 ratings,$11
CBF,$28.055,1440602141077,"39,178",Not yet rated,NULL,$32
CPTA,$13.43,1440602141102,"24,537",100% bearish,of 1 rating,$18.50
CCBG,$14.8,1440602141262,"1,580",Not yet rated,NULL,$17.25
CPST,$0.3525,1440602141335,"223,749",95% bullish,of 22 ratings,$1.25
CAPN,$1.72,1440602141398,"11,740",100% bullish,of 1 rating,$10.85
CAPNW,NULL,1440602141466,0,Not yet rated,NULL,N/A
CARA,$18.23,1440602141494,"87,039",50% bullish,of 4 ratings,$25
CAPR,$4.0957,1440602141519,"1,503",Not yet rated,NULL,$12
CARB,$11,1440602141654,"21,996",75% bullish,of 4 ratings,$12
CBYL,$5.22,1440602141742,"2,407",100% bearish,of 1 rating,$20
CFNL,$21.26,1440602141888,"15,185",Not yet rated,NULL,$24
CSII,$22.895,1440602141941,"33,829",100% bearish,of 2 ratings,$42.125
CRDC,$0.3797,1440602142082,"43,732",100% bullish,of 1 rating,$1.25
CTRE,$11.355,1440602142103,"39,163",50% bullish,of 2 ratings,$13.50
CDNA,$6.42,1440602142140,"1,900",100% bearish,of 1 rating,$9
CRME,$8.53,1440602142179,"2,304",89% bullish,of 9 ratings,$11.25
CATM,$33.48,1440602142235,"22,454",100% bearish,of 1 rating,$44
CECO,$3.39,1440602142269,"76,710",67% bearish,of 3 ratings,$6
CKEC,$21.85,1440602142426,"38,178",50% bullish,of 2 ratings,$35.915
CLBH,$12.53,1440602142478,"2,100",Not yet rated,NULL,$16.50
CARO,$15.061,1440602142583,250,100% bearish,of 1 rating,$19
CART,$5.35,1440602142765,210,100% bearish,of 1 rating,N/A
TAST,$11.77,1440602142834,"36,419",Not yet rated,NULL,$14.25
CRTN,NULL,1440602142867,0,100% bearish,of 1 rating,N/A
CRZO,$28.41,1440602142905,"217,015",67% bearish,of 3 ratings,$55.50
CARV,$7.02,1440602142968,"11,106",50% bullish,of 2 ratings,N/A
CSCD,$15.12,1440602143102,"16,028",100% bullish,of 2 ratings,$17
CACB,$5.3,1440602143146,"10,056",Not yet rated,NULL,$5.50
CWST,$5.9699,1440602143195,"11,518",50% bullish,of 2 ratings,$7.25
CASM,$1.14,1440602143243,"4,400",100% bullish,of 1 rating,$3.50
CASI,$1.48,1440602143273,490,100% bullish,of 1 rating,$3.50
CASY,$102.36,1440602143409,"49,292",50% bullish,of 2 ratings,$99.50
CASS,$46.14,1440602143483,"2,092",100% bearish,of 1 rating,N/A
CATB,$11.062,1440602143558,"8,855",100% bearish,of 1 rating,$28
CPRX,$3.44,1440602143649,"192,819",71% bullish,of 7 ratings,$7
CATYW,NULL,1440602143746,0,100% bearish,of 1 rating,N/A
CVCO,$69.79,1440602143783,"4,040",100% bearish,of 1 rating,N/A
CATY,$28.1999,1440602143814,"118,766",100% bearish,of 1 rating,$33.50
CNLM,NULL,1440602144018,0,Not yet rated,NULL,N/A
CNLMR,NULL,1440602144091,0,Not yet rated,NULL,N/A
CBFV,$20.28,1440602144122,"3,175",Not yet rated,NULL,$25
CAVM,$66.45,1440602144191,"162,416",67% bearish,of 3 ratings,$72
CBOE,$61.215,1440602144227,"100,212",Not yet rated,NULL,$60
CNLMW,NULL,1440602144579,0,Not yet rated,NULL,N/A
CNLMU,NULL,1440602144670,0,100% bullish,of 1 rating,N/A
CDW,$38.495,1440602144718,"218,055",75% bullish,of 4 ratings,$44
CDK,$46.39,1440602144755,"180,500",67% bearish,of 3 ratings,$50
CPXX,$2.05,1440602144924,"38,212",100% bullish,of 2 ratings,$7
CLDN,$1.0405,1440602144958,"28,132",71% bullish,of 7 ratings,$3
CELGZ,$1.64,1440602144984,"19,600",80% bullish,of 5 ratings,N/A
CLDX,$13.81,1440602145056,"395,007",89% bullish,of 9 ratings,$36
CECE,$9.035,1440602145082,"25,565",50% bullish,of 2 ratings,$16
CELG,$115.01,1440602145134,"1,065,796",92% bullish,of 13 ratings,$155.50
CLRBW,NULL,1440602145280,0,Not yet rated,NULL,N/A
CLRB,$3.0291,1440602145308,603,100% bearish,of 1 rating,N/A
CLSN,$1.85,1440602145381,"29,605",80% bullish,of 10 ratings,$7.50
CLLS,$29.825,1440602145450,"42,216",75% bullish,of 4 ratings,$51.50
CLTX,$2.45,1440602145502,"97,056",100% bullish,of 2 ratings,N/A
CBMG,$21.75,1440602145527,"29,903",50% bullish,of 2 ratings,N/A
CEMP,$33.2201,1440602145793,"129,515",71% bullish,of 7 ratings,$52
CSFL,$13.565,1440602145829,"20,786",Not yet rated,NULL,$15
CYAD,$50.77,1440602145894,"1,000",100% bullish,of 1 rating,$87.50
CENTA,$12.305,1440602145966,"21,647",Not yet rated,NULL,N/A
CETX,$2.29,1440602145992,100,Not yet rated,NULL,$5.60
CFBK,NULL,1440602146027,0,Not yet rated,NULL,N/A
CETV,$1.97,1440602146049,"25,983",67% bullish,of 3 ratings,$2.80
CENT,$11.72,1440602146123,"8,268",Not yet rated,NULL,$10
CVCY,$11.2,1440602146293,100,Not yet rated,NULL,$12
CENX,$4.2999,1440602146350,"712,429",67% bullish,of 6 ratings,$9
CNTY,$5.83,1440602146423,"5,524",80% bullish,of 5 ratings,$7.75
CNBKA,$41.98,1440602146449,782,50% bullish,of 2 ratings,N/A
CPHD,$47.13,1440602146624,"106,179",67% bearish,of 3 ratings,$66.50
CERE,$1.14,1440602146667,"60,748",88% bullish,of 8 ratings,N/A
CERN,$60.28,1440602146727,"369,750",67% bullish,of 3 ratings,$79
CERS,$4.63,1440602146799,"99,530",75% bullish,of 4 ratings,$7
CRNT,$1.33,1440602146830,"16,502",50% bullish,of 2 ratings,$2
CERU,$3.32,1440602146852,"8,363",75% bullish,of 4 ratings,$15
CEVA,$17.34,1440602146884,"8,961",100% bearish,of 1 rating,$25
CYOU,$19.83,1440602147121,"46,291",50% bullish,of 6 ratings,$24
HOTR,$1.41,1440602147147,"38,058",100% bullish,of 2 ratings,$5
KOOL,$0.6413,1440602147193,"27,971",100% bullish,of 5 ratings,$7
CTHR,$1.3,1440602147277,"1,152",50% bullish,of 2 ratings,$2.50
HOTRW,NULL,1440602147407,0,Not yet rated,NULL,N/A
GTLS,$21.94,1440602147432,"57,371",50% bullish,of 4 ratings,$40
CHKP,$78.04,1440602147564,"314,118",50% bullish,of 4 ratings,$92
CHTR,$173.14,1440602147614,"160,417",100% bearish,of 2 ratings,$196
CHFN,$12.11,1440602147644,"1,998",Not yet rated,NULL,$14
CHEK,NULL,1440602147747,0,Not yet rated,NULL,$7.75
CEMI,$3.76,1440602147777,"14,900",50% bullish,of 2 ratings,$7.50
CHEKW,NULL,1440602147806,0,Not yet rated,NULL,N/A
CCXI,$6.7,1440602147906,"12,468",67% bullish,of 3 ratings,$14
CHMG,$26.6999,1440602148057,"1,000",Not yet rated,NULL,$30
CHFC,$30.57,1440602148156,"5,311",100% bearish,of 1 rating,$36
CHKE,$25.5355,1440602148191,"9,648",100% bearish,of 1 rating,$32.50
CBNK,$16.48,1440602148438,636,100% bearish,of 1 rating,N/A
CHEV,$14.4,1440602148464,350,Not yet rated,NULL,N/A
CMRX,$48.105,1440602148496,"43,254",50% bullish,of 2 ratings,$57
PLCE,$58.98,1440602148524,"125,681",100% bearish,of 1 rating,$71
CHMA,$23.71,1440602148545,"12,647",Not yet rated,NULL,$40
CALI,$0.945,1440602148575,"1,010",67% bullish,of 3 ratings,N/A
CADC,NULL,1440602148603,0,78% bullish,of 9 ratings,N/A
CBAK,$1.7601,1440602148761,"30,664",67% bullish,of 9 ratings,N/A
JRJC,$2.99,1440602148943,"59,999",82% bullish,of 11 ratings,N/A
CCCL,$0.74,1440602148974,100,100% bullish,of 6 ratings,N/A
CAAS,$5.775,1440602148996,"8,665",93% bullish,of 14 ratings,$11.50
CBPO,$93.46,1440602149027,"58,886",75% bullish,of 8 ratings,$140.50
CCCR,NULL,1440602149075,0,67% bearish,of 3 ratings,N/A
CHOP,$1.32,1440602149304,"10,750",50% bullish,of 2 ratings,N/A
HGSH,$1.67,1440602149330,"1,200",67% bullish,of 3 ratings,N/A
CHLN,$2,1440602149466,"2,152",67% bullish,of 3 ratings,N/A
CNIT,$1.37,1440602149513,"27,040",67% bullish,of 6 ratings,N/A
CJJD,$1.64,1440602149541,"21,710",100% bullish,of 1 rating,N/A
CREG,$0.6799,1440602149562,"5,480",100% bullish,of 3 ratings,N/A
HTHT,$24.07,1440602149599,"52,590",50% bullish,of 2 ratings,$28.40
CHNR,$1.67,1440602149708,"2,010",100% bearish,of 1 rating,N/A
CPGI,$6.91,1440602149784,200,Not yet rated,NULL,N/A
CSUN,$1.3997,1440602149952,"14,500",80% bullish,of 5 ratings,N/A
CNYD,$2.96,1440602150025,"2,316",67% bullish,of 3 ratings,N/A
CXDC,$5.71,1440602150093,"10,408",67% bullish,of 3 ratings,N/A
CNTF,$0.7608,1440602150154,"3,366",Not yet rated,NULL,N/A
CNET,$0.779,1440602150225,"9,820",50% bullish,of 2 ratings,N/A
CCIH,$6.365,1440602150288,"49,485",67% bullish,of 6 ratings,$12.65
CHSCM,$25.793,1440602150327,"5,682",Not yet rated,NULL,N/A
CHSCN,$26.55,1440602150467,203,Not yet rated,NULL,N/A
IMOS,$16.34,1440602150495,"67,463",60% bullish,of 5 ratings,$21.50
CHSCL,$27.03,1440602150528,"12,592",Not yet rated,NULL,N/A
CHSCP,$30.25,1440602150623,563,Not yet rated,NULL,N/A
CHSCO,$28.08,1440602150648,"6,349",Not yet rated,NULL,N/A
CHDN,$132.0899,1440602150779,"5,726",Not yet rated,NULL,$165
CHUY,$30.25,1440602150837,"26,564",50% bullish,of 2 ratings,$34
CDTX,$13.99,1440602150940,"5,550",Not yet rated,NULL,$22
CIFC,$6.95,1440602151004,"1,002",100% bearish,of 1 rating,N/A
CMCT,$15,1440602151107,620,100% bearish,of 1 rating,N/A
CIDM,$0.6009,1440602151163,"30,311",50% bullish,of 2 ratings,$2.10
CMPR,$66.24,1440602151242,"32,298",50% bullish,of 2 ratings,$72.50
CINF,$51.24,1440602151297,"105,554",50% bullish,of 4 ratings,$50.50
CTAS,$82.54,1440602151326,"92,351",100% bearish,of 1 rating,$91
CPHR,$5.9405,1440602151463,"7,689",100% bearish,of 1 rating,$17
CSCO,$24.93,1440602151490,"10,768,165",84% bullish,of 208 ratings,$32
CRUS,$27.76,1440602151519,"163,698",75% bullish,of 12 ratings,$44.50
CTRN,$26.99,1440602151654,"23,783",100% bearish,of 1 rating,$31.50
CZNC,$19.5001,1440602151685,"1,604",Not yet rated,NULL,N/A
CZWI,$8.99,1440602151817,400,Not yet rated,NULL,N/A
CZFC,NULL,1440602151883,0,Not yet rated,NULL,N/A
CHCO,$46.2572,1440602152017,"5,704",Not yet rated,NULL,$46
CIZN,$19.33,1440602152044,902,Not yet rated,NULL,N/A
CIVB,$10.05,1440602152066,"2,900",Not yet rated,NULL,$11
CTXS,$67.15,1440602152105,"262,558",86% bullish,of 7 ratings,$80
CDTI,$1.5,1440602152197,"9,195",75% bullish,of 4 ratings,$3.20
CLNE,$4.17,1440602152223,"268,497",80% bullish,of 15 ratings,$9
CIVBP,NULL,1440602152266,0,Not yet rated,NULL,N/A
CLNT,$1.38,1440602152360,"5,562",75% bullish,of 8 ratings,N/A
CLFD,$16.5,1440602152465,"9,976",67% bullish,of 3 ratings,$18
CLIR,$4.3245,1440602152494,"11,227",100% bullish,of 3 ratings,N/A
CLRO,$11.42,1440602152675,"35,229",50% bullish,of 2 ratings,$14.25
CBLI,$3.68,1440602152759,"22,081",60% bullish,of 5 ratings,N/A
CLVS,$69.04,1440602152891,"130,224",60% bullish,of 5 ratings,$101.50
CSBK,$13.68,1440602152919,"15,790",Not yet rated,NULL,N/A
CMFN,$11.0418,1440602152948,"9,069",100% bearish,of 1 rating,$15.50
CISG,$7.21,1440602152974,"40,604",100% bullish,of 5 ratings,$10
CCNE,$16.76,1440602153050,"1,836",50% bullish,of 2 ratings,$21.50
CNV,$4.4,1440602153142,"4,287",50% bullish,of 2 ratings,$7.15
CME,$90.49,1440602153250,"274,803",67% bullish,of 3 ratings,$102
COBZ,$12.62,1440602153282,"13,250",100% bullish,of 1 rating,$14
COKE,$161.08,1440602153328,"3,695",79% bullish,of 19 ratings,N/A
CDRB,$12.25,1440602153386,"3,908",67% bullish,of 3 ratings,N/A
CWAY,$11.211,1440602153489,678,Not yet rated,NULL,N/A
CDXS,$3.3801,1440602153660,"10,263",64% bullish,of 11 ratings,$6
JVA,$4.4224,1440602153710,"3,748",83% bullish,of 6 ratings,$7
CGNT,$1.467,1440602153738,"8,987",100% bullish,of 2 ratings,$2
CVLY,$20.25,1440602153794,100,Not yet rated,NULL,N/A
CCOI,$27.22,1440602153871,"61,835",50% bullish,of 4 ratings,$35
CTSH,$60.535,1440602153952,"735,793",90% bullish,of 10 ratings,$75
COHR,$56.115,1440602154005,"22,805",50% bullish,of 2 ratings,$72
CGNX,$33.51,1440602154032,"205,135",50% bullish,of 2 ratings,$47
CHRS,$27.03,1440602154066,"72,547",67% bearish,of 3 ratings,$37
COHU,$9.35,1440602154163,"26,056",100% bearish,of 1 rating,$14.25
CLRX,$0.5127,1440602154331,"17,105",50% bullish,of 2 ratings,N/A
CLCT,$18.04,1440602154383,"3,126",100% bearish,of 1 rating,N/A
COLL,$14.51,1440602154462,"18,657",100% bearish,of 1 rating,$26
CIGI,$41.39,1440602154512,"1,204",100% bearish,of 1 rating,$52
CBAN,NULL,1440602154568,0,Not yet rated,NULL,N/A
CLCD,$6.4101,1440602154593,"19,434",100% bearish,of 1 rating,$20.50
CMCO,$17.87,1440602154653,"16,722",60% bullish,of 5 ratings,$28
COLB,$29.03,1440602154845,"16,266",Not yet rated,NULL,$36
COLM,$59.86,1440602154880,"18,026",100% bearish,of 1 rating,$71
CMCSA,$54.53,1440602154901,"2,610,801",66% bullish,of 35 ratings,$69.50
CBMX,$1.1,1440602154935,"15,854",83% bullish,of 6 ratings,$3.15
CMCSK,$55.3,1440602154966,"617,269",Not yet rated,NULL,$84
CBSH,$42.76,1440602154999,"69,003",50% bullish,of 2 ratings,$46
CBSHP,$25.18,1440602155099,715,100% bearish,of 1 rating,N/A
CUBN,$13.55,1440602155127,300,Not yet rated,NULL,N/A
CVGI,$4.565,1440602155439,"42,070",50% bullish,of 2 ratings,$6
JCS,$8.65,1440602155494,"1,554",67% bullish,of 3 ratings,N/A
CSAL,$20.04,1440602155569,"119,893",75% bullish,of 4 ratings,$30
CYHHZ,$0.01,1440602155597,"20,398",100% bullish,of 1 rating,N/A
ESXB,$5.1,1440602155623,20,Not yet rated,NULL,N/A
COMM,$28.61,1440602155653,"145,189",67% bearish,of 3 ratings,$35
CTBI,$34.06,1440602155732,"6,151",Not yet rated,NULL,$36
CWBC,NULL,1440602155803,0,Not yet rated,NULL,N/A
COB,$10.36,1440602155866,"1,106",100% bullish,of 1 rating,$11.75
CVLT,$34.21,1440602155996,"93,353",75% bullish,of 4 ratings,$44.50
CIL,NULL,1440602156020,0,Not yet rated,NULL,N/A
CIZ,$32.7588,1440602156095,586,100% bearish,of 1 rating,N/A
CID,$33.02,1440602156250,700,Not yet rated,NULL,N/A
CSA,$31.8999,1440602156310,150,Not yet rated,NULL,N/A
CFA,$34.3199,1440602156483,"1,298",100% bearish,of 1 rating,N/A
CFO,$34.2199,1440602156512,"5,246",100% bearish,of 1 rating,N/A
CDC,$33.4937,1440602156558,"2,249",Not yet rated,NULL,N/A
CDL,NULL,1440602156584,0,Not yet rated,NULL,N/A
CSF,$35.479,1440602156604,"1,049",100% bearish,of 1 rating,N/A
CSB,$32.44,1440602156637,1,Not yet rated,NULL,N/A
CPSI,$44.62,1440602156779,"14,406",100% bearish,of 1 rating,$45.50
CGEN,$4.8001,1440602156805,"18,686",50% bullish,of 2 ratings,$11
SCOR,$53.35,1440602156942,"69,736",100% bearish,of 1 rating,$66
CTG,$6.42,1440602156972,"4,380",100% bearish,of 1 rating,$8.50
CMTL,$25.23,1440602157044,"12,206",100% bearish,of 2 ratings,$37
CHCI,$0.71,1440602157069,"37,261",50% bullish,of 2 ratings,N/A
CNSI,$18.54,1440602157223,"52,265",100% bearish,of 2 ratings,$29
CXRX,$67.57,1440602157250,845,100% bearish,of 1 rating,$90
CNAT,$3.55,1440602157307,"25,723",83% bullish,of 6 ratings,$13
CNCE,$14.86,1440602157388,"30,317",75% bullish,of 4 ratings,$22
CDORO,NULL,1440602157446,0,100% bearish,of 1 rating,N/A
CDOR,$1.26,1440602157486,400,100% bullish,of 1 rating,N/A
CCUR,$4.8,1440602157514,"25,456",75% bullish,of 4 ratings,N/A
CDORP,$6.37,1440602157590,"1,210",100% bearish,of 1 rating,N/A
CFMS,$19.4,1440602157725,"50,306",Not yet rated,NULL,$27
CNFR,$10.47,1440602157821,"3,696",Not yet rated,NULL,N/A
CTWS,$34.28,1440602157992,"2,796",100% bearish,of 1 rating,$44
CNOB,$18.89,1440602158024,"7,377",100% bullish,of 1 rating,$23.50
CNXR,$6.535,1440602158052,"10,582",100% bearish,of 1 rating,$12
CNMD,$53.07,1440602158073,"24,087",Not yet rated,NULL,$59
CONN,$29.235,1440602158134,"65,981",67% bullish,of 3 ratings,$48.50
CWCO,$10,1440602158267,"21,989",67% bullish,of 3 ratings,$14.50
CNSL,$18.93,1440602158299,"23,740",100% bearish,of 1 rating,$23
CTCT,$23.77,1440602158324,"46,996",67% bullish,of 3 ratings,$37
CFRX,$4.89,1440602158486,"10,500",Not yet rated,NULL,$14
CPSS,$5.5,1440602158518,"8,325",100% bullish,of 1 rating,$10
CFRXZ,NULL,1440602158543,0,Not yet rated,NULL,N/A
CFRXW,$1.64,1440602158615,100,100% bearish,of 1 rating,N/A
CTRV,$3.78,1440602158795,"4,000",Not yet rated,NULL,$6.40
CTRL,$7.66,1440602158821,"23,046",50% bullish,of 2 ratings,$11
CPRT,$33.47,1440602158952,"49,515",67% bearish,of 3 ratings,$40
BVA,NULL,1440602158995,0,50% bullish,of 2 ratings,N/A
CORI,$10.105,1440602159126,"17,412",100% bearish,of 1 rating,$18
CORE,$59.64,1440602159152,"17,513",100% bearish,of 1 rating,$72
CRBP,$1.888,1440602159177,"130,911",100% bullish,of 2 ratings,$6.25
CORT,$4.42,1440602159205,"168,574",67% bullish,of 3 ratings,$12
CSOD,$34.7,1440602159334,"106,023",50% bullish,of 2 ratings,$42
CRVL,$30.42,1440602159359,"1,700",100% bearish,of 1 rating,N/A
COSI,$0.985,1440602159432,"82,082",100% bullish,of 1 rating,N/A
CSGP,$169,1440602159496,"37,306",50% bullish,of 2 ratings,$235
COST,$134.68,1440602159596,"377,192",79% bullish,of 24 ratings,$154.50
CPAH,NULL,1440602159682,0,50% bullish,of 2 ratings,N/A
ICBK,$18.21,1440602159780,200,Not yet rated,NULL,$21
COVS,$2.52,1440602159808,"26,598",67% bullish,of 3 ratings,N/A
CVTI,$22.23,1440602159863,"21,774",67% bearish,of 3 ratings,$39
CPSH,$2.25,1440602159995,"12,280",Not yet rated,NULL,N/A
COWNL,$26.62,1440602160027,"3,100",Not yet rated,NULL,N/A
COWN,$4.9115,1440602160049,"303,905",75% bullish,of 4 ratings,$7
CRAI,$21.55,1440602160127,"2,611",100% bearish,of 1 rating,$36
CBRL,$140.76,1440602160322,"50,902",50% bullish,of 2 ratings,$155
BREW,$7.35,1440602160391,"8,830",67% bullish,of 6 ratings,$15
CACC,$196.095,1440602160480,"25,252",50% bullish,of 2 ratings,$158.50
GLDI,$10.9282,1440602160520,"4,252",100% bearish,of 1 rating,N/A
CRAY,$19.78,1440602160616,"44,619",83% bullish,of 6 ratings,$38.50
SLVO,$9.8102,1440602160649,"49,190",100% bearish,of 1 rating,N/A
CREE,$25.58,1440602160717,"214,464",65% bullish,of 17 ratings,$29.50
CRESY,$9.54,1440602160781,"5,916",100% bearish,of 1 rating,$19
CRDS,$1.0264,1440602160944,700,50% bullish,of 4 ratings,$4.50
CRTO,$41.29,1440602160993,"54,370",67% bullish,of 6 ratings,$64
CCRN,$13.365,1440602161039,"19,392",100% bearish,of 1 rating,$14.25
CROX,$13.535,1440602161066,"225,336",63% bullish,of 8 ratings,$16.50
CRWS,$7.924,1440602161128,"2,800",Not yet rated,NULL,$10
CYRX,$2.9,1440602161196,"4,395",Not yet rated,NULL,$9
CRWN,$4.5,1440602161221,"24,110",75% bullish,of 4 ratings,N/A
CYRXW,$0.8501,1440602161438,500,Not yet rated,NULL,N/A
CCLP,$13.1,1440602161542,"19,387",67% bearish,of 3 ratings,$20
CSPI,$5.8,1440602161602,850,67% bullish,of 3 ratings,N/A
CTCM,$1.7,1440602161629,"40,983",80% bearish,of 5 ratings,$3.90
CTIC,$1.635,1440602161656,"342,355",84% bullish,of 76 ratings,$5.75
CTIB,NULL,1440602161682,0,100% bearish,of 1 rating,N/A
CSGS,$29.95,1440602161703,"34,218",Not yet rated,NULL,$40
CTRP,$63.72,1440602161850,"469,055",75% bullish,of 8 ratings,$92
CUNB,$21.19,1440602161979,"2,862",Not yet rated,NULL,$24.50
CUI,$4.88,1440602162112,"7,600",50% bullish,of 2 ratings,$10
CPIX,$6.07,1440602162166,"46,916",Not yet rated,NULL,N/A
CUTR,$14.34,1440602162195,"9,320",67% bearish,of 3 ratings,$18
CMLS,$1.32,1440602162216,"88,307",50% bullish,of 4 ratings,$6
CRIS,$2.36,1440602162241,"109,637",100% bullish,of 8 ratings,$6
CVBF,$15.46,1440602162347,"41,177",Not yet rated,NULL,$18
CVV,$10.71,1440602162531,"5,018",100% bullish,of 5 ratings,N/A
CYCC,$0.51,1440602162627,"38,529",73% bullish,of 11 ratings,N/A
CYBR,$46.69,1440602162657,"348,143",86% bullish,of 7 ratings,$66
CYBX,$65.88,1440602162689,"54,513",50% bullish,of 4 ratings,$71.50
CYBE,$5.86,1440602162710,935,100% bearish,of 1 rating,N/A
CYAN,$7,1440602162747,570,100% bearish,of 1 rating,N/A
CYCCP,NULL,1440602162775,0,100% bearish,of 1 rating,N/A
CBAY,$2.55,1440602162842,"29,997",100% bullish,of 1 rating,$4
CYNA,$16.08,1440602163078,"4,092",100% bullish,of 1 rating,$31.50
CYRN,$1.65,1440602163213,"7,050",67% bullish,of 3 ratings,$4
CYNO,$31.745,1440602163239,"16,873",67% bearish,of 3 ratings,$45.50
CONE,$30.85,1440602163298,"62,459",67% bearish,of 3 ratings,$35
CTSO,$6.335,1440602163367,"12,667",Not yet rated,NULL,$15.625
CYTR,$2.03,1440602163392,"160,984",67% bullish,of 6 ratings,$10
CYTX,$0.3399,1440602163462,"449,664",83% bullish,of 12 ratings,$5.50
CY,$9.075,1440602163551,"1,471,643",80% bullish,of 10 ratings,$15.50
DAEG,$0.36,1440602163634,296,100% bearish,of 1 rating,N/A
ZIV,$40.51,1440602163679,"36,388",Not yet rated,NULL,N/A
CYTK,$6.51,1440602163710,"45,820",71% bullish,of 14 ratings,$13.50
TVIX,$13.7701,1440602163738,"8,686,659",81% bullish,of 16 ratings,N/A
TVIZ,$18.2,1440602163808,820,100% bearish,of 1 rating,N/A
XIV,$26.84,1440602163870,"7,885,791",75% bearish,of 4 ratings,N/A
DJCO,$197,1440602164007,201,Not yet rated,NULL,N/A
DAKT,$8.45,1440602164114,"197,756",50% bullish,of 2 ratings,$14
DARA,$0.8402,1440602164249,"38,808",83% bullish,of 6 ratings,$1.50
DTLK,$5.42,1440602164316,"22,262",100% bearish,of 1 rating,$9
DAIO,NULL,1440602164345,0,Not yet rated,NULL,N/A
DRAM,$1.1,1440602164416,"16,050",78% bullish,of 9 ratings,N/A
DWCH,$4.86,1440602164442,"8,604",75% bullish,of 4 ratings,$8.25
DTEA,$12.93,1440602164510,"11,682",100% bearish,of 2 ratings,$24
DWSN,$4.275,1440602164573,"4,406",67% bullish,of 3 ratings,N/A
PLAY,$32.385,1440602164604,"69,399",100% bullish,of 5 ratings,$42
DBVT,$37.95,1440602164712,"15,578",100% bearish,of 1 rating,$53
TRAK,$62.81,1440602164763,"121,859",50% bullish,of 2 ratings,$62.50
TACO,$12.89,1440602164927,"67,847",75% bullish,of 4 ratings,$20
DHRM,NULL,1440602164952,0,Not yet rated,NULL,N/A
DFRG,$14.11,1440602165004,"52,480",100% bearish,of 1 rating,$20
TACOW,$4.01,1440602165088,"10,300",100% bullish,of 1 rating,N/A
DCTH,$0.42,1440602165154,"44,397",78% bullish,of 9 ratings,N/A
DGAS,$20.19,1440602165285,"8,733",67% bearish,of 3 ratings,N/A
DELTW,NULL,1440602165349,0,Not yet rated,NULL,N/A
DELT,NULL,1440602165414,0,Not yet rated,NULL,N/A
DEPO,$27.7,1440602165453,"67,546",60% bullish,of 5 ratings,$29
DENN,$11.215,1440602165517,"53,360",100% bullish,of 3 ratings,$15
DERM,$24.315,1440602165622,"39,826",100% bearish,of 1 rating,$33.50
XRAY,$51.44,1440602165647,"63,705",100% bullish,of 1 rating,$58
DSCI,$5.76,1440602165682,"15,086",50% bullish,of 2 ratings,$16
DEST,$11.22,1440602165886,"25,360",50% bullish,of 2 ratings,N/A
DXLG,$4.47,1440602165912,"50,273",100% bearish,of 1 rating,$8
DXM,$0.3195,1440602166066,"30,725",50% bullish,of 2 ratings,N/A
DXCM,$89.9,1440602166096,"119,448",57% bullish,of 7 ratings,$98
DSWL,$1.7101,1440602166196,"43,470",100% bullish,of 1 rating,N/A
DMND,$27.69,1440602166226,"27,219",75% bullish,of 12 ratings,$32
FANG,$61.24,1440602166294,"102,952",50% bullish,of 2 ratings,$86.50
DHIL,$189.87,1440602166322,652,Not yet rated,NULL,N/A
DCIX,$1.6001,1440602166459,"23,013",50% bullish,of 4 ratings,$3.50
DMRC,$33.5,1440602166544,"37,586",100% bearish,of 1 rating,$44
DHXM,NULL,1440602166572,0,Not yet rated,NULL,N/A
DGII,$9.41,1440602166601,"7,431",100% bearish,of 1 rating,$10
DRNA,$10.06,1440602166628,"6,351",67% bearish,of 3 ratings,$25
DRAD,$3.7339,1440602166703,"1,800",100% bullish,of 1 rating,$5.25
DGLY,$7.9161,1440602166787,"285,551",50% bullish,of 6 ratings,$20
DIOD,$19.06,1440602167040,"16,020",75% bearish,of 4 ratings,$24
APPS,$2.25,1440602167075,"20,076",100% bearish,of 1 rating,$10.25
DISCA,$26.09,1440602167107,"463,586",67% bullish,of 3 ratings,$34
DPRX,$12.28,1440602167128,"1,602",100% bullish,of 2 ratings,$27.75
DCOM,$16.32,1440602167168,"32,949",100% bearish,of 2 ratings,$16.50
DISCB,$25.45,1440602167204,12,100% bearish,of 1 rating,$35
DISCK,$24.53,1440602167259,"282,123",100% bearish,of 1 rating,$32
DSCO,$0.3615,1440602167286,"53,327",83% bullish,of 6 ratings,$2.75
DVCR,NULL,1440602167520,0,100% bullish,of 1 rating,N/A
DISH,$58.04,1440602167663,"238,629",69% bullish,of 13 ratings,$73
BAGR,$2.71,1440602167694,"18,186",100% bearish,of 1 rating,$6
DLHC,$2.5,1440602167721,"1,021",100% bearish,of 1 rating,N/A
DNBF,NULL,1440602167795,0,Not yet rated,NULL,$27.50
DLTR,$74.56,1440602167956,"321,260",82% bullish,of 11 ratings,$88
DGICA,$14,1440602168011,"4,015",100% bearish,of 1 rating,$17
DGICB,NULL,1440602168089,0,100% bearish,of 1 rating,N/A
DORM,$49.78,1440602168144,"49,648",100% bearish,of 1 rating,$56
DMLP,$13.61,1440602168175,"12,471",100% bearish,of 1 rating,N/A
DRWI,$0.23,1440602168220,"54,900",60% bullish,of 5 ratings,$.45
DRWIW,$0.046,1440602168277,"1,400",Not yet rated,NULL,N/A
HILL,$9.665,1440602168308,"236,716",60% bearish,of 5 ratings,$9.75
DRYS,$0.353,1440602168455,"756,817",77% bullish,of 31 ratings,$.60
DWA,$19.6,1440602168490,"163,700",63% bullish,of 8 ratings,$26
DSKX,$2.88,1440602168634,"37,220",100% bullish,of 1 rating,N/A
DSPG,$8.39,1440602168683,"7,825",100% bearish,of 1 rating,$13.50
CADT,NULL,1440602168708,0,Not yet rated,NULL,N/A
CADTU,NULL,1440602168946,0,Not yet rated,NULL,N/A
CADTR,NULL,1440602168973,0,Not yet rated,NULL,N/A
CADTW,NULL,1440602168994,0,Not yet rated,NULL,N/A
DXPE,$26.929,1440602169124,"21,135",50% bullish,of 2 ratings,N/A
DTSI,$25.87,1440602169155,"17,149",100% bearish,of 2 ratings,$39.50
DRRX,$1.97,1440602169176,"129,834",50% bullish,of 6 ratings,$3
DNKN,$50.178,1440602169197,"203,404",67% bullish,of 15 ratings,$56.50
DYAX,$21.78,1440602169258,"95,368",89% bullish,of 9 ratings,$30
DYSL,$1.4301,1440602169632,"20,400",100% bullish,of 2 ratings,N/A
BOOM,$8.88,1440602169678,"40,780",67% bullish,of 3 ratings,$12
DVAX,$25.73,1440602169708,"39,963",70% bullish,of 10 ratings,$40
DYNT,$2.95,1440602169764,"3,348",75% bullish,of 4 ratings,N/A
ETFC,$24.49,1440602169793,"669,006",57% bullish,of 14 ratings,$33
EGLE,$6.33,1440602169835,"2,800",60% bullish,of 5 ratings,N/A
EGRX,$73.43,1440602169901,"117,969",67% bullish,of 3 ratings,$97
EBMT,$11.09,1440602170003,745,Not yet rated,NULL,$13.50
EGBN,$41.01,1440602170068,"10,867",Not yet rated,NULL,$48
EROC,$1.21,1440602170094,"103,064",50% bullish,of 2 ratings,$3
ELNK,$8.03,1440602170224,"127,192",60% bullish,of 5 ratings,$9.50
EML,$16.78,1440602170268,"3,557",Not yet rated,NULL,N/A
EWBC,$37.48,1440602170364,"448,383",100% bearish,of 1 rating,$50
EVBS,$6.42,1440602170396,"1,418",Not yet rated,NULL,$7
EACQU,$10.2,1440602170417,"1,000",Not yet rated,NULL,N/A
EBAY,$25.6,1440602170496,"2,019,378",81% bullish,of 117 ratings,$48
ELON,$0.5301,1440602170818,"39,250",50% bullish,of 2 ratings,N/A
ECACU,$10.06,1440602170848,"4,100",Not yet rated,NULL,N/A
ESES,$3.0501,1440602170951,286,100% bearish,of 1 rating,$7
EEI,$10.99,1440602170991,402,67% bearish,of 3 ratings,N/A
EDAP,$3.4601,1440602171284,"51,442",60% bullish,of 5 ratings,$4.50
EDGW,$6.77,1440602171386,"1,102",100% bearish,of 1 rating,N/A
EFUT,$4.06,1440602171419,100,Not yet rated,NULL,N/A
ECTE,$1.399,1440602171632,"3,100",75% bullish,of 4 ratings,N/A
EDUC,$4.97,1440602171663,933,100% bearish,of 1 rating,N/A
SATS,$42.41,1440602171689,"21,551",50% bullish,of 2 ratings,$60
EBIX,$26.155,1440602171735,"50,987",69% bullish,of 13 ratings,$40
ECHO,$22.88,1440602171763,"62,296",67% bearish,of 3 ratings,$35.50
EGAN,$3.25,1440602171903,"14,543",50% bullish,of 2 ratings,$6.25
EGLT,$10.69,1440602171997,"15,244",50% bullish,of 2 ratings,$21
EHTH,$13.151,1440602172028,"8,411",50% bullish,of 4 ratings,$16.50
LOCO,$11.715,1440602172237,"204,152",69% bullish,of 13 ratings,$20
EMITF,$1.24,1440602172263,"1,800",75% bullish,of 4 ratings,N/A
ERI,$9.465,1440602172316,"26,243",100% bearish,of 1 rating,$10
ESLT,$74.6686,1440602172462,"12,414",67% bullish,of 3 ratings,N/A
ESIO,$4.29,1440602172534,"19,403",50% bullish,of 2 ratings,$10
ELRC,$10.35,1440602172564,"10,366",100% bearish,of 1 rating,N/A
EFII,$42.75,1440602172664,"41,220",80% bullish,of 5 ratings,$55
ELEC,NULL,1440602172801,0,Not yet rated,NULL,N/A
EA,$64.65,1440602172838,"971,922",77% bullish,of 35 ratings,$80
EBIO,$3.235,1440602172868,"159,355",100% bearish,of 2 ratings,$8.35
ELECW,NULL,1440602172930,0,Not yet rated,NULL,N/A
ELSE,$3.85,1440602172957,206,60% bullish,of 5 ratings,N/A
ELECU,NULL,1440602172984,0,Not yet rated,NULL,N/A
RDEN,$10.165,1440602173134,"20,487",100% bearish,of 4 ratings,$15
CAPX,NULL,1440602173205,0,Not yet rated,NULL,N/A
ESBK,$19.9399,1440602173303,"1,000",Not yet rated,NULL,N/A
LONG,$16.41,1440602173391,"5,600",67% bullish,of 3 ratings,$15.75
EMCI,$22.25,1440602173438,"3,016",Not yet rated,NULL,N/A
ELTK,$1.121,1440602173464,"18,933",67% bearish,of 3 ratings,N/A
EMCF,NULL,1440602173491,0,100% bearish,of 1 rating,N/A
EMKR,$6.92,1440602173517,"35,446",75% bullish,of 4 ratings,$8.50
EMMS,$1.12,1440602173723,"4,573",67% bullish,of 6 ratings,N/A
EMMSP,NULL,1440602173754,0,100% bearish,of 1 rating,N/A
NYNY,$4,1440602173784,"18,202",50% bullish,of 2 ratings,N/A
ENTA,$39.55,1440602173810,"35,574",50% bullish,of 2 ratings,$42
ERS,$2.7601,1440602173831,"1,300",Not yet rated,NULL,N/A
ECPG,$38.14,1440602174011,"31,562",100% bullish,of 2 ratings,$52
WIRE,$30.5957,1440602174059,"8,002",100% bearish,of 1 rating,$37
ENDP,$75.1,1440602174200,"378,956",50% bullish,of 6 ratings,$104
ELGX,$12.3028,1440602174263,"115,675",75% bullish,of 4 ratings,$17
EIGI,$14.9,1440602174394,"217,479",67% bearish,of 3 ratings,$22.50
ECYT,$4.96,1440602174422,"55,672",83% bullish,of 6 ratings,$12
ERII,$2.7,1440602174478,"39,206",80% bullish,of 5 ratings,$2.50
ENOC,$8.19,1440602174503,"45,770",75% bullish,of 4 ratings,$18
WATT,$6.05,1440602174575,"85,560",50% bullish,of 2 ratings,$13
EFOI,$18.4385,1440602174605,"432,997",50% bullish,of 2 ratings,$20.50
EXXI,$1.38,1440602174744,"393,144",86% bullish,of 7 ratings,$3.50
ENPH,$4.4,1440602174766,"163,462",75% bullish,of 4 ratings,$11
ENG,$0.9868,1440602174840,"31,639",100% bullish,of 3 ratings,N/A
ESGR,$145.63,1440602174899,"11,564",100% bearish,of 1 rating,$185
ENFC,$17.82,1440602175031,800,Not yet rated,NULL,N/A
ENTG,$13.25,1440602175056,"58,308",100% bearish,of 1 rating,$18
ETRM,$0.2374,1440602175206,"245,762",69% bearish,of 35 ratings,$1.625
ENTL,$21.3699,1440602175236,"2,040",Not yet rated,NULL,$28
EBTC,$21,1440602175262,"1,704",Not yet rated,NULL,N/A
EFSC,$23.35,1440602175336,"5,245",Not yet rated,NULL,$27
EGT,$1.94,1440602175391,200,100% bullish,of 1 rating,N/A
ENZN,$0.9658,1440602175466,"75,306",100% bullish,of 9 ratings,N/A
ENVI,NULL,1440602175492,0,67% bullish,of 3 ratings,N/A
ENZY,$9.11,1440602175572,"1,570",67% bullish,of 3 ratings,$9.50
EPRS,$4.64,1440602175740,"22,553",82% bullish,of 11 ratings,$15
EPZM,$17.02,1440602175766,"40,429",60% bullish,of 5 ratings,$34
EPIQ,$12.8488,1440602175788,"12,195",100% bearish,of 1 rating,$18
PLUS,$74.04,1440602175922,"7,247",50% bullish,of 2 ratings,$88
EQIX,$253.8,1440602175948,"114,513",75% bullish,of 4 ratings,$312.50
ERIC,$9.615,1440602176125,"881,121",67% bullish,of 9 ratings,$12.20
EAC,$3.299,1440602176179,"2,846",100% bearish,of 1 rating,$8
ESCR,$0.1599,1440602176223,"2,622",50% bullish,of 2 ratings,N/A
ESCA,$16.651,1440602176279,"2,674",100% bearish,of 1 rating,$22
ESCRP,$1.1801,1440602176313,"1,477",100% bearish,of 1 rating,N/A
ERIE,$80.8751,1440602176341,"3,410",Not yet rated,NULL,$73
EQFN,NULL,1440602176362,0,100% bearish,of 1 rating,N/A
ESMC,NULL,1440602176581,0,Not yet rated,NULL,N/A
ESPR,$50,1440602176610,"182,506",70% bearish,of 10 ratings,$123
ESSA,$12.8,1440602176712,"2,300",100% bearish,of 1 rating,N/A
ESSX,$0.4155,1440602176783,"8,350",50% bullish,of 2 ratings,N/A
ESND,$33.09,1440602176808,"18,094",100% bearish,of 2 ratings,$40
EPIX,$5.23,1440602176865,"1,000",Not yet rated,NULL,N/A
ETSY,$12.9401,1440602177008,"117,760",80% bullish,of 5 ratings,$16
CLWT,$2.56,1440602177059,500,100% bearish,of 1 rating,N/A
EVEP,$7.072,1440602177143,"115,092",50% bullish,of 2 ratings,$15
EEFT,$63.07,1440602177191,"42,936",100% bearish,of 1 rating,$67.50
EVLV,$2.06,1440602177220,"44,176",60% bullish,of 5 ratings,$6.50
EVK,$3.45,1440602177241,"2,750",75% bearish,of 4 ratings,N/A
ESEA,$5.69,1440602177384,200,100% bullish,of 1 rating,$15
EVOL,$5.9399,1440602177409,"4,264",75% bullish,of 4 ratings,$10
EVOK,$3.81,1440602177570,"21,689",100% bearish,of 1 rating,$13.375
EXA,$10.85,1440602177597,"1,543",100% bearish,of 1 rating,$13
EXAS,$19.67,1440602177632,"147,121",78% bullish,of 9 ratings,$31
EXAC,$17.91,1440602177792,"3,716",100% bearish,of 1 rating,$22.50
EXFO,$2.56,1440602177928,"2,200",67% bearish,of 3 ratings,$3.95
EXPE,$111.6,1440602177957,"341,718",64% bullish,of 11 ratings,$130
EXLS,$35.145,1440602177978,"12,581",50% bullish,of 2 ratings,$41
EXPO,$41.43,1440602178012,"11,769",100% bearish,of 1 rating,$45.50
EXEL,$5.21,1440602178039,"855,062",81% bullish,of 16 ratings,$6
EXPD,$48.03,1440602178108,"361,219",80% bullish,of 5 ratings,$52
EXLP,$17.8948,1440602178185,"40,343",100% bearish,of 1 rating,$25
EYEG,$3.96,1440602178371,"1,480",Not yet rated,NULL,N/A
EXTR,$2.712,1440602178400,"92,236",80% bullish,of 5 ratings,$3
ESRX,$82.05,1440602178441,"615,212",67% bearish,of 6 ratings,$101
EYEGW,NULL,1440602178466,0,Not yet rated,NULL,N/A
EZCH,$20.4,1440602178663,"28,152",75% bullish,of 8 ratings,$19.50
FB,$84.85,1440602178761,"9,026,779",73% bullish,of 1066 ratings,$111
FFIV,$119.21,1440602178789,"151,388",63% bullish,of 8 ratings,$132
EZPW,$5.85,1440602178859,"53,559",50% bullish,of 4 ratings,$7.50
FCS,$12.9901,1440602178944,"156,260",67% bearish,of 3 ratings,$17
FRP,$15.345,1440602179075,"29,394",100% bearish,of 1 rating,$18
FALC,$1.59,1440602179104,"21,243",63% bearish,of 8 ratings,N/A
FWM,$2.39,1440602179152,"24,064",100% bearish,of 2 ratings,$3.20
FARM,$21.45,1440602179233,"5,713",100% bearish,of 1 rating,$35
DAVE,$13.925,1440602179258,"1,262",100% bearish,of 1 rating,$15.50
FFKT,$25.59,1440602179457,"2,078",Not yet rated,NULL,$29
FMNB,$7.97,1440602179483,"1,850",Not yet rated,NULL,N/A
FARO,$36.9001,1440602179557,"18,484",50% bullish,of 2 ratings,$48
FAST,$37.87,1440602179628,"482,450",80% bullish,of 5 ratings,$45.50
FBSS,NULL,1440602179658,0,Not yet rated,NULL,N/A
FDML,$8.34,1440602179757,"34,512",50% bullish,of 4 ratings,$14
FATE,$6.21,1440602179785,"6,560",50% bullish,of 2 ratings,$11
FBRC,$21.82,1440602179854,"5,506",100% bearish,of 1 rating,$29
FEIC,$73.44,1440602179939,"32,549",50% bullish,of 2 ratings,$95.50
FNHC,$21.24,1440602179993,"8,351",100% bearish,of 1 rating,$35
FCSC,$5.35,1440602180157,"47,532",100% bearish,of 1 rating,$8.125
FHCO,$1.3,1440602180228,"11,537",50% bullish,of 4 ratings,N/A
FGEN,$22.53,1440602180260,"55,373",100% bearish,of 1 rating,$39
FENX,$9.35,1440602180311,"32,180",100% bullish,of 1 rating,$14.25
LION,$18.35,1440602180452,"19,877",100% bullish,of 1 rating,$20
ONEQ,$180.0089,1440602180481,"10,231",100% bullish,of 1 rating,N/A
FRGI,$50.46,1440602180553,"26,104",50% bullish,of 2 ratings,$70
FDUS,$13.51,1440602180583,"19,941",50% bullish,of 2 ratings,$18
FSAM,$8.35,1440602180680,"2,678",100% bearish,of 1 rating,$10.25
FSCFL,$24.3799,1440602180734,"1,900",Not yet rated,NULL,N/A
FSC,$6.12,1440602180844,"264,527",60% bullish,of 5 ratings,$8
FITB,$18.77,1440602180905,"2,435,077",54% bullish,of 13 ratings,$22
FITBI,$27.102,1440602180930,"2,034",Not yet rated,NULL,N/A
FSFR,$8.6492,1440602181003,"26,083",100% bearish,of 1 rating,$11.50
FISI,$24.35,1440602181065,"1,666",100% bullish,of 2 ratings,$24.50
FNSR,$15.06,1440602181097,"234,728",71% bullish,of 7 ratings,$24.50
FNGN,$31.76,1440602181122,"72,858",67% bullish,of 3 ratings,$47
FNJN,$1.59,1440602181342,"13,312",100% bearish,of 1 rating,$5
FNTC,NULL,1440602181368,0,Not yet rated,NULL,N/A
FNTCW,NULL,1440602181510,0,Not yet rated,NULL,N/A
FEYE,$36.92,1440602181536,"961,568",87% bullish,of 15 ratings,$55.50
FNLC,$18.3,1440602181569,"2,993",100% bullish,of 1 rating,N/A
FNTCU,$10.15,1440602181595,10,Not yet rated,NULL,N/A
FBNC,$16.6,1440602181665,876,100% bullish,of 1 rating,$20
FRBA,$6.05,1440602181690,"10,900",Not yet rated,NULL,$8
BUSE,$6.29,1440602181768,"8,870",Not yet rated,NULL,$6.875
FCAP,$27.02,1440602181944,202,Not yet rated,NULL,N/A
FCFS,$38.1,1440602182041,"61,240",100% bearish,of 3 ratings,$48
FBIZ,$43.97,1440602182098,"12,681",100% bearish,of 2 ratings,$52
FCVA,$4.6,1440602182129,845,Not yet rated,NULL,N/A
FCNCA,$232.08,1440602182154,535,Not yet rated,NULL,N/A
FCFP,$6.9,1440602182339,201,Not yet rated,NULL,N/A
FCCO,$11.81,1440602182367,"1,904",Not yet rated,NULL,$13.25
FCBC,$17.08,1440602182396,"3,027",Not yet rated,NULL,$18
FCLF,NULL,1440602182495,0,Not yet rated,NULL,N/A
FDEF,$36.9,1440602182593,"6,466",Not yet rated,NULL,$38
FFNM,NULL,1440602182624,0,Not yet rated,NULL,N/A
FFBC,$17.54,1440602182673,"40,477",67% bearish,of 3 ratings,$20.25
FBNK,$16.67,1440602182707,"10,739",100% bearish,of 1 rating,$17.50
FFBCW,NULL,1440602182732,0,100% bearish,of 1 rating,N/A
FFIN,$29.6,1440602182807,"21,846",50% bullish,of 2 ratings,$31.75
THFF,$32.71,1440602182960,"2,016",Not yet rated,NULL,$35
FFNW,$11.93,1440602183046,"13,969",Not yet rated,NULL,$14
INBK,$29.6109,1440602183071,"4,280",50% bullish,of 2 ratings,$37
FFWM,$20.78,1440602183212,"6,613",Not yet rated,NULL,$24
FRME,$25.3299,1440602183243,"22,324",Not yet rated,NULL,$26.50
FIBK,$25.82,1440602183273,"12,239",Not yet rated,NULL,$32
FMBH,NULL,1440602183299,0,Not yet rated,NULL,N/A
FNBC,$32.9801,1440602183371,"6,322",Not yet rated,NULL,$40
FNWB,$11.8,1440602183468,"3,812",Not yet rated,NULL,N/A
FMBI,$16.79,1440602183533,"60,493",Not yet rated,NULL,$20
FNFG,$8.58,1440602183569,"453,709",80% bullish,of 5 ratings,$9
FSFG,NULL,1440602183660,0,Not yet rated,NULL,N/A
FSGI,$2.47,1440602183686,"5,608",Not yet rated,NULL,N/A
FSLR,$44.6084,1440602183849,"457,393",74% bullish,of 39 ratings,$65
FSBK,$7.49,1440602183923,"2,808",100% bullish,of 1 rating,N/A
BICK,NULL,1440602184055,0,100% bullish,of 1 rating,N/A
FCAN,NULL,1440602184083,0,Not yet rated,NULL,N/A
FTCS,$35.2516,1440602184105,"3,209",100% bearish,of 1 rating,N/A
FBZ,$9.74,1440602184189,200,Not yet rated,NULL,N/A
FCA,$18.8088,1440602184270,460,Not yet rated,NULL,N/A
FV,$22.4504,1440602184359,"738,056",100% bearish,of 1 rating,N/A
FEMB,$41.88,1440602184453,18,Not yet rated,NULL,N/A
IFV,$17.429,1440602184481,"453,681",100% bearish,of 1 rating,N/A
TDIV,$23.591,1440602184547,"106,055",100% bearish,of 1 rating,N/A
FEUZ,$31.2,1440602184629,"10,810",Not yet rated,NULL,N/A
FTSM,$59.8701,1440602184654,"2,729",100% bearish,of 1 rating,N/A
FTGC,$21.63,1440602184849,"12,649",Not yet rated,NULL,N/A
MDIV,$18.7109,1440602184952,"62,695",Not yet rated,NULL,N/A
FGM,$35.49,1440602185016,"2,262",Not yet rated,NULL,N/A
FTHI,$18.609,1440602185050,800,Not yet rated,NULL,N/A
HYLS,$48.9,1440602185078,"10,355",100% bearish,of 1 rating,N/A
YDIV,NULL,1440602185328,0,Not yet rated,NULL,N/A
FPXI,NULL,1440602185355,0,Not yet rated,NULL,N/A
CU,$12.075,1440602185381,"4,945",100% bearish,of 1 rating,N/A
FHK,$32.14,1440602185412,"8,693",Not yet rated,NULL,N/A
SKYY,$27.7016,1440602185516,"24,821",100% bullish,of 1 rating,N/A
FTLB,NULL,1440602185547,0,100% bearish,of 1 rating,N/A
FJP,$46.1014,1440602185688,"2,421",Not yet rated,NULL,N/A
PLTM,$6.16,1440602185813,"5,800",100% bearish,of 1 rating,N/A
QABA,$35.985,1440602185870,"4,872",100% bearish,of 1 rating,N/A
FMB,NULL,1440602185902,0,Not yet rated,NULL,N/A
CIBR,$17.468,1440602185927,"31,561",Not yet rated,NULL,N/A
LMBS,$50.57,1440602185978,100,Not yet rated,NULL,N/A
FONE,NULL,1440602186194,0,Not yet rated,NULL,N/A
QCLN,$14.05,1440602186243,"2,254",Not yet rated,NULL,N/A
GRID,NULL,1440602186269,0,100% bearish,of 1 rating,N/A
CARZ,$34.1,1440602186303,"2,240",100% bearish,of 1 rating,N/A
QTEC,$38.05,1440602186399,"9,027",Not yet rated,NULL,N/A
QQXT,$38.84,1440602186430,"10,337",Not yet rated,NULL,N/A
RDVY,$20.44,1440602186458,"2,446",Not yet rated,NULL,N/A
QQEW,$39.9497,1440602186530,"22,071",Not yet rated,NULL,N/A
AIRR,$15.6201,1440602186602,500,100% bearish,of 1 rating,N/A
QINC,NULL,1440602186731,0,Not yet rated,NULL,N/A
FTSL,$48.54,1440602186787,"30,603",100% bearish,of 1 rating,N/A
FKO,$22.59,1440602186890,300,Not yet rated,NULL,N/A
FDIV,$46.42,1440602186963,934,100% bearish,of 1 rating,N/A
FSZ,$38.98,1440602187023,"10,027",Not yet rated,NULL,N/A
FTW,NULL,1440602187111,0,Not yet rated,NULL,N/A
TUSA,$23.8699,1440602187137,"5,138",Not yet rated,NULL,N/A
FKU,$40.8801,1440602187191,"5,196",Not yet rated,NULL,N/A
FUNC,$8.13,1440602187216,200,Not yet rated,NULL,N/A
FMER,$17.15,1440602187284,"259,257",50% bullish,of 2 ratings,$20
SVVC,$9.27,1440602187367,"5,437",50% bullish,of 2 ratings,$26
FSV,$30.97,1440602187415,"1,100",Not yet rated,NULL,$33.60
FISV,$82.05,1440602187440,"404,060",100% bearish,of 3 ratings,$90
FIVE,$35.43,1440602187793,"75,777",75% bearish,of 4 ratings,$44
FLXN,$23.5,1440602187826,"26,799",100% bearish,of 1 rating,$40
FIVN,$4.03,1440602187863,"69,568",100% bullish,of 1 rating,$8.50
FPRX,$17.9,1440602187891,"85,207",50% bullish,of 2 ratings,$35
FLKS,$12.53,1440602187921,"15,441",50% bullish,of 2 ratings,$27
FLML,$21.38,1440602187956,"21,751",50% bullish,of 2 ratings,$30
MBSD,$24.9,1440602187982,700,Not yet rated,NULL,N/A
SKOR,$50.2,1440602188019,100,Not yet rated,NULL,N/A
FLXS,$30.83,1440602188291,"4,191",100% bearish,of 2 ratings,N/A
FLEX,$10.075,1440602188324,"533,012",63% bullish,of 8 ratings,$12
FLIR,$27.3,1440602188459,"126,747",100% bearish,of 1 rating,$38.50
FLDM,$11.505,1440602188494,"77,289",67% bearish,of 3 ratings,$21.50
FFIC,$19.41,1440602188515,"18,803",Not yet rated,NULL,$21
FOGO,$17.9,1440602188594,"9,618",50% bullish,of 2 ratings,$25.50
FOMX,$9.5109,1440602188620,"25,119",50% bullish,of 2 ratings,$23.50
FORR,$31.58,1440602188883,"2,843",Not yet rated,NULL,N/A
FES,$0.91,1440602188909,"16,800",50% bullish,of 2 ratings,$1
FORM,$6.06,1440602188939,"51,557",67% bullish,of 3 ratings,$10.50
FONR,$9.27,1440602188991,"19,749",100% bullish,of 1 rating,N/A
FWRD,$45.1,1440602189074,"21,902",100% bearish,of 1 rating,$50
FBIO,$2.44,1440602189102,"25,170",83% bullish,of 6 ratings,N/A
FORTY,$30.979,1440602189159,731,100% bearish,of 1 rating,N/A
FORD,$1.768,1440602189359,"5,392,704",67% bullish,of 3 ratings,N/A
FOSL,$58.32,1440602189503,"158,469",60% bearish,of 5 ratings,$80
FWP,$25.76,1440602189557,"16,903",100% bearish,of 1 rating,$45
FXCB,$17.04,1440602189660,"3,528",Not yet rated,NULL,$19
FRAN,$10.73,1440602189685,"167,509",50% bullish,of 4 ratings,$15
FMI,$20.42,1440602189710,"29,333",100% bearish,of 2 ratings,$27.50
FOXF,$15.22,1440602189735,"3,670",100% bearish,of 1 rating,$19
FELE,$27.58,1440602189761,"30,684",50% bullish,of 4 ratings,$33
FRED,$12.74,1440602189890,"12,075",50% bullish,of 2 ratings,$16.50
FREE,$0.3479,1440602189922,"136,407",92% bullish,of 12 ratings,N/A
RAIL,$19.34,1440602189994,"14,530",100% bearish,of 1 rating,$24.50
FEIM,$10.55,1440602190126,"1,200",100% bearish,of 1 rating,N/A
FTR,$4.875,1440602190178,"4,799,252",78% bullish,of 27 ratings,$6.25
FRPT,$12.36,1440602190259,"56,735",67% bearish,of 3 ratings,$23.50
FTNT,$41.4601,1440602190330,"222,103",80% bullish,of 10 ratings,$52
FTRPR,$98,1440602190356,"38,224",100% bearish,of 1 rating,N/A
FRPH,$30.52,1440602190485,839,100% bearish,of 1 rating,N/A
FSYS,$6.14,1440602190570,"10,492",67% bullish,of 3 ratings,$10
FTD,$28.73,1440602190617,"16,538",100% bearish,of 1 rating,$40
FSBW,$22.753,1440602190700,210,Not yet rated,NULL,N/A
FULL,$3.07,1440602190727,"10,838",67% bearish,of 3 ratings,$4.25
FCEL,$0.7342,1440602190752,"299,092",88% bullish,of 41 ratings,$2.65
FTEK,$2.04,1440602190948,"44,194",75% bullish,of 4 ratings,N/A
FLL,$1.44,1440602190974,"13,535",75% bullish,of 4 ratings,$3.50
FULLL,$25.15,1440602191002,272,Not yet rated,NULL,N/A
FULT,$11.68,1440602191047,"135,465",100% bearish,of 1 rating,$13
FFHL,$0.883,1440602191208,"1,100",50% bullish,of 4 ratings,N/A
FSNN,NULL,1440602191270,0,67% bullish,of 3 ratings,$6
FXEN,$0.815,1440602191336,"13,660",75% bullish,of 4 ratings,$1.10
GK,$65.48,1440602191401,"14,534",Not yet rated,NULL,$78
WILC,$4.82,1440602191430,900,100% bullish,of 2 ratings,N/A
GAIA,$5.925,1440602191475,"2,112",50% bullish,of 2 ratings,$8.50
FXENP,$15.86,1440602191603,100,100% bearish,of 1 rating,N/A
GALT,$1.77,1440602191629,"8,438",80% bullish,of 5 ratings,N/A
GLPG,$61.01,1440602191657,"15,193",100% bullish,of 1 rating,$75
GALTU,NULL,1440602191860,0,100% bearish,of 1 rating,N/A
GALE,$1.51,1440602191928,"628,514",89% bullish,of 47 ratings,$4
GALTW,NULL,1440602191991,0,100% bullish,of 1 rating,N/A
GLPI,$31.03,1440602192073,"107,251",100% bearish,of 1 rating,$37.50
GLMD,$7.53,1440602192160,"1,166",67% bullish,of 3 ratings,$20.50
GPIC,$10.6,1440602192210,159,100% bearish,of 1 rating,N/A
GGACU,$10.02,1440602192246,872,Not yet rated,NULL,N/A
GRMN,$37.305,1440602192309,"160,754",50% bullish,of 6 ratings,$46.50
GGAC,$9.85,1440602192377,189,100% bearish,of 1 rating,N/A
GGACR,NULL,1440602192412,0,100% bullish,of 1 rating,N/A
GARS,$14.098,1440602192562,"6,905",Not yet rated,NULL,$16
GENC,$9.49,1440602192597,220,100% bearish,of 1 rating,N/A
GGACW,$0.11,1440602192640,10,Not yet rated,NULL,N/A
GNCMA,$16.73,1440602192731,"25,262",100% bearish,of 1 rating,$12
GFNCP,NULL,1440602192802,0,Not yet rated,NULL,N/A
GFN,$3.432,1440602192828,"8,102",100% bearish,of 2 ratings,$8
GENE,$2.0301,1440602193025,"42,432",100% bullish,of 12 ratings,N/A
GNMK,$9.305,1440602193051,"32,261",67% bullish,of 6 ratings,$14
GFNSL,$25.63,1440602193087,"1,000",Not yet rated,NULL,N/A
GHDX,$24.2,1440602193124,"26,225",50% bullish,of 2 ratings,$30
GNCA,$12.015,1440602193180,"12,363",100% bearish,of 1 rating,$20
THRM,$41.69,1440602193207,"134,340",75% bearish,of 4 ratings,$55.50
GNTX,$15.07,1440602193282,"521,515",Not yet rated,NULL,$20
GNVC,$2.35,1440602193412,"7,258",90% bullish,of 10 ratings,$8.50
GTWN,NULL,1440602193436,0,Not yet rated,NULL,N/A
GEOS,$13.97,1440602193571,"31,356",100% bearish,of 3 ratings,$21
GERN,$2.9225,1440602193596,"554,922",88% bullish,of 16 ratings,$5.25
GEVO,$2.32,1440602193793,"226,513",75% bullish,of 12 ratings,$5
GIGM,$0.57,1440602193823,"3,900",100% bullish,of 2 ratings,N/A
GABC,$28.88,1440602193853,"2,317",Not yet rated,NULL,$31
ROCK,$16.19,1440602193929,"16,799",80% bullish,of 5 ratings,$24
GIII,$64.05,1440602193959,"30,996",67% bullish,of 3 ratings,$75
GILD,$104.2428,1440602193988,"2,727,247",91% bullish,of 87 ratings,$129
GIGA,$1.4411,1440602194016,"2,048",100% bearish,of 1 rating,N/A
GBCI,$24.48,1440602194059,"81,841",50% bullish,of 2 ratings,$31
GILT,$4.22,1440602194317,656,50% bullish,of 2 ratings,N/A
GLADO,$25.4798,1440602194350,350,Not yet rated,NULL,N/A
GOOD,$14.2115,1440602194377,"42,766",Not yet rated,NULL,$19
GLAD,$8.1099,1440602194399,"32,128",50% bullish,of 2 ratings,$8.75
GOODO,$25,1440602194579,400,Not yet rated,NULL,N/A
GOODN,$25.27,1440602194605,300,Not yet rated,NULL,N/A
GOODP,$25.25,1440602194737,15,Not yet rated,NULL,N/A
GAIN,$7.2392,1440602194765,"56,306",100% bullish,of 2 ratings,$8.25
GAINN,$25.36,1440602194802,"14,189",Not yet rated,NULL,N/A
LAND,$8.98,1440602194829,"7,184",50% bullish,of 2 ratings,$13.75
GAINP,$25.6001,1440602194903,"2,544",Not yet rated,NULL,N/A
GAINO,$25.1301,1440602194931,"1,337",Not yet rated,NULL,N/A
GLBZ,NULL,1440602195060,0,Not yet rated,NULL,N/A
GDEF,NULL,1440602195200,0,Not yet rated,NULL,N/A
GBT,$42.6475,1440602195226,"73,560",100% bearish,of 1 rating,N/A
ENT,$10.94,1440602195299,"28,880",100% bearish,of 1 rating,$18
GPACU,NULL,1440602195430,0,Not yet rated,NULL,N/A
GBLI,$26.53,1440602195457,"1,599",Not yet rated,NULL,N/A
ACTX,NULL,1440602195499,0,100% bullish,of 1 rating,N/A
SOCL,$16.7488,1440602195586,"17,220",100% bullish,of 2 ratings,N/A
GSOL,$8.13,1440602195630,"4,453",100% bearish,of 1 rating,N/A
QQQC,$18.19,1440602195657,"2,440",100% bearish,of 1 rating,N/A
SRET,NULL,1440602195691,0,Not yet rated,NULL,N/A
ALTY,NULL,1440602195717,0,Not yet rated,NULL,N/A
GAI,$5.82,1440602195791,746,50% bullish,of 2 ratings,N/A
YLCO,NULL,1440602195853,0,Not yet rated,NULL,N/A
GSM,$12.06,1440602195995,"137,213",50% bullish,of 2 ratings,$23
GLBS,$1.07,1440602196192,400,67% bullish,of 3 ratings,N/A
GBIM,$2.0401,1440602196248,"8,853",50% bullish,of 2 ratings,N/A
GLNG,$33.57,1440602196278,"140,893",83% bullish,of 6 ratings,$58
GLRI,$1.03,1440602196319,800,100% bearish,of 1 rating,$4.25
GLUU,$4.08,1440602196378,"470,547",92% bullish,of 26 ratings,$9
GOGO,$14.8,1440602196445,"179,919",80% bullish,of 5 ratings,$25
GMLP,$17.54,1440602196474,"41,438",50% bullish,of 4 ratings,$32.50
GLYC,$6.93,1440602196500,401,50% bullish,of 2 ratings,$14
GDEN,$9.04,1440602196696,"2,856",50% bullish,of 2 ratings,N/A
GOGL,$2.56,1440602196724,"97,026",75% bullish,of 4 ratings,$5
GLDC,NULL,1440602196759,0,50% bullish,of 2 ratings,N/A
GBDC,$16.465,1440602196854,"59,809",Not yet rated,NULL,$17.75
GTIM,$6.38,1440602196881,"3,710",Not yet rated,NULL,$11.50
GOOG,$607.75,1440602196912,"618,928",89% bullish,of 70 ratings,$825
GOOGL,$639.315,1440602197014,"600,148",88% bullish,of 1080 ratings,$749
GMAN,$4.055,1440602197146,"37,787",60% bullish,of 5 ratings,$8.50
GPRO,$46.4382,1440602197180,"1,995,335",78% bullish,of 58 ratings,$72
GPIAW,NULL,1440602197317,0,Not yet rated,NULL,N/A
LOPE,$35.74,1440602197339,"35,800",100% bearish,of 2 ratings,$50
GPIAU,NULL,1440602197369,0,Not yet rated,NULL,N/A
GRVY,$3.25,1440602197421,50,50% bullish,of 2 ratings,N/A
GBSN,$0.3488,1440602197611,"4,682,452",100% bearish,of 1 rating,$8.25
GPIA,NULL,1440602197668,0,Not yet rated,NULL,N/A
GBSNU,NULL,1440602197804,0,NULL,NULL,NULL
GLDD,$5.16,1440602197837,"34,019",100% bearish,of 4 ratings,$7.75
GNBC,$11.13,1440602197863,"1,700",100% bearish,of 1 rating,$16.50
GSBC,$38.39,1440602197907,"2,484",100% bullish,of 1 rating,$44
GRBK,$12.16,1440602197933,"23,225",77% bullish,of 13 ratings,N/A
GPP,$13.2326,1440602197961,"15,476",Not yet rated,NULL,$20.50
GPRE,$17.7675,1440602198217,"67,470",67% bullish,of 6 ratings,$28.50
GCBC,$28.5,1440602198250,14,100% bullish,of 1 rating,N/A
GRPN,$4.025,1440602198324,"2,025,110",61% bullish,of 71 ratings,$6.75
GRIF,$30.75,1440602198349,300,100% bearish,of 1 rating,N/A
GRFS,$30.41,1440602198395,"32,541",50% bullish,of 2 ratings,$35
GLRE,$23.53,1440602198420,"29,656",50% bullish,of 2 ratings,$41
OMAB,$38.6699,1440602198624,"16,035",100% bullish,of 1 rating,$44
GGAL,$18.01,1440602198703,"41,917",80% bullish,of 5 ratings,$40
GTXI,$0.7758,1440602198800,"4,011",100% bullish,of 5 ratings,$.75
GSIT,$4.74,1440602198826,"1,903",100% bearish,of 1 rating,N/A
GSVC,$8.3561,1440602198853,"6,956",50% bullish,of 2 ratings,$14.50
GSIG,$12.25,1440602198898,"29,370",100% bearish,of 2 ratings,N/A
GBNK,$15.3,1440602198926,"3,910",100% bearish,of 1 rating,$18
GFED,$14.775,1440602199103,300,Not yet rated,NULL,$17
GULTU,$0.295,1440602199133,"10,400",100% bearish,of 1 rating,N/A
GUID,$6.875,1440602199228,"18,195",100% bearish,of 3 ratings,$10
GPOR,$32.8675,1440602199334,"247,503",75% bullish,of 4 ratings,$55
GURE,$1.602,1440602199364,"3,200",88% bullish,of 8 ratings,N/A
GIFI,$11.09,1440602199418,"14,627",100% bearish,of 1 rating,$16
GWPH,$100.41,1440602199473,"24,440",78% bullish,of 9 ratings,$148.50
GWGH,NULL,1440602199546,0,100% bearish,of 1 rating,$15.05
GYRO,NULL,1440602199606,0,100% bearish,of 1 rating,N/A
HEES,$16.44,1440602199644,"88,549",67% bearish,of 3 ratings,$31
HNRG,$7.33,1440602199739,"58,947",100% bearish,of 1 rating,$10
HLG,NULL,1440602199770,0,100% bearish,of 1 rating,N/A
HALO,$16.72,1440602199902,"289,992",67% bullish,of 3 ratings,$22.50
HMPR,$1.82,1440602199977,"19,864",100% bullish,of 1 rating,N/A
HALL,$11.12,1440602200037,"6,487",Not yet rated,NULL,N/A
HBK,$13.74,1440602200062,304,50% bullish,of 2 ratings,N/A
HBHC,$25.57,1440602200267,"65,573",50% bullish,of 2 ratings,$30
HBHCL,$24.3748,1440602200295,"3,261",Not yet rated,NULL,N/A
HNH,$26.11,1440602200317,344,100% bullish,of 1 rating,N/A
HAFC,$23.5,1440602200449,"24,164",100% bullish,of 2 ratings,$28.50
HNSN,$0.4999,1440602200477,"16,374",88% bullish,of 8 ratings,$.40
HDNG,$9.58,1440602200500,"2,989",50% bullish,of 4 ratings,N/A
HQCL,$10.22,1440602200531,"31,540",67% bullish,of 3 ratings,$14
HRMNU,NULL,1440602200708,0,Not yet rated,NULL,N/A
HRMN,NULL,1440602200770,0,Not yet rated,NULL,N/A
HLIT,$5.51,1440602200842,"89,525",100% bearish,of 1 rating,$6.50
HRMNW,NULL,1440602200867,0,Not yet rated,NULL,N/A
HART,$0.939,1440602200913,"29,313",100% bearish,of 1 rating,N/A
TINY,$2.5,1440602200941,"3,350",50% bullish,of 2 ratings,$5.26
HBIO,$4.42,1440602201083,"18,005",Not yet rated,NULL,$10
HCAP,$12.15,1440602201240,"2,464",50% bullish,of 2 ratings,$15
HCOM,$21.9,1440602201308,"1,829",100% bearish,of 1 rating,$28
HA,$22.255,1440602201337,"118,480",67% bullish,of 9 ratings,$27
HCAPL,$25.345,1440602201367,"1,880",Not yet rated,NULL,N/A
HAS,$72,1440602201396,"143,542",63% bullish,of 8 ratings,$84.50
HWKN,$34.94,1440602201440,"6,091",Not yet rated,NULL,N/A
HWBK,NULL,1440602201505,0,100% bearish,of 1 rating,N/A
HAYN,$35.34,1440602201542,"11,791",100% bearish,of 1 rating,$59
HDS,$31.23,1440602201742,"770,335",100% bearish,of 2 ratings,$39.50
HIIQ,$4.35,1440602201768,"2,646",50% bullish,of 2 ratings,$7
HCSG,$32.61,1440602201793,"30,209",50% bullish,of 4 ratings,$35
HWAY,$11.92,1440602201935,"33,722",100% bearish,of 1 rating,$15
HSTM,$24.12,1440602201968,"8,042",50% bullish,of 2 ratings,$33.75
HQY,$28.35,1440602201993,"16,735",67% bullish,of 3 ratings,$31
HTLF,$35.21,1440602202158,"5,471",100% bullish,of 1 rating,$39.50
HSII,$19.5,1440602202221,"17,287",100% bullish,of 3 ratings,$25
HTLD,$20.01,1440602202252,"55,592",Not yet rated,NULL,$22.50
HTWR,$79.61,1440602202273,"35,885",50% bullish,of 2 ratings,$103
HTBX,$4.94,1440602202308,"14,266",50% bullish,of 2 ratings,$15.50
HMNY,$2.27,1440602202404,200,100% bearish,of 1 rating,N/A
HMTV,$13.18,1440602202486,"13,608",100% bearish,of 1 rating,$16
HELE,$82.58,1440602202511,"40,064",67% bearish,of 3 ratings,$100
HNNA,$24.43,1440602202661,"4,582",Not yet rated,NULL,N/A
HCACU,NULL,1440602202702,0,Not yet rated,NULL,N/A
HSIC,$133.58,1440602202796,"55,179",83% bullish,of 6 ratings,$146
HERO,NULL,1440602202853,0,NULL,NULL,NULL
HEOP,$7.64,1440602202955,692,Not yet rated,NULL,$8.50
HFWA,$17.2,1440602202981,"5,446",100% bullish,of 1 rating,$20
HCCI,$10.85,1440602203006,"4,405",100% bearish,of 1 rating,$16.50
HTBK,$10.597,1440602203031,"4,306",Not yet rated,NULL,$12
MLHR,$26.56,1440602203056,"46,549",50% bullish,of 2 ratings,$33.50
HRTX,$32.7,1440602203189,"91,336",67% bullish,of 6 ratings,$41
HSKA,$32.9899,1440602203322,"3,136",100% bearish,of 1 rating,$38
HFFC,$15.8,1440602203425,540,Not yet rated,NULL,N/A
HPJ,$2.105,1440602203594,"14,399",75% bullish,of 4 ratings,$12.43
HIHO,$3.84,1440602203619,"8,681",Not yet rated,NULL,N/A
HIBB,$37.705,1440602203664,"145,758",100% bearish,of 1 rating,$46.50
HIMX,$6.37,1440602203789,"314,993",86% bullish,of 21 ratings,$8.50
HOLI,$16.82,1440602203891,"84,968",50% bullish,of 4 ratings,$27
HSGX,$6.03,1440602203920,"1,200",100% bearish,of 1 rating,$17
HIFS,$116.68,1440602203946,482,Not yet rated,NULL,N/A
HMSY,$9.64,1440602204024,"290,072",67% bullish,of 3 ratings,$19.35
HMNF,$11.14,1440602204078,477,Not yet rated,NULL,N/A
HOMB,$36.91,1440602204107,"61,778",Not yet rated,NULL,$42
HOLX,$38.0075,1440602204213,"485,461",67% bullish,of 3 ratings,$42
HFBL,$21.54,1440602204304,200,Not yet rated,NULL,N/A
HBCP,$24.36,1440602204358,"1,800",Not yet rated,NULL,$29
AWAY,$27.23,1440602204379,"133,311",67% bullish,of 3 ratings,$36
HMIN,$26.46,1440602204551,"38,372",100% bearish,of 2 ratings,$35
HMST,$21.5061,1440602204577,"30,213",100% bullish,of 2 ratings,$27
CETC,$0.7099,1440602204717,"25,199",86% bullish,of 7 ratings,N/A
HKTV,$4.439,1440602204851,"22,950",100% bearish,of 1 rating,N/A
HTBI,$17.9,1440602204877,"7,366",67% bullish,of 3 ratings,$18.625
HOFT,$23,1440602204910,"4,673",100% bearish,of 1 rating,N/A
HFBC,$10.92,1440602205018,"3,400",Not yet rated,NULL,N/A
HBNC,$22.6722,1440602205046,"5,678",100% bullish,of 1 rating,$27
HZNP,$28.15,1440602205075,"329,108",85% bullish,of 20 ratings,$40
ZINC,$7.01,1440602205176,"107,657",100% bearish,of 1 rating,$17
HRZN,$10,1440602205314,"22,283",50% bullish,of 2 ratings,$14.25
HDP,$23.01,1440602205387,"87,394",67% bearish,of 3 ratings,$30.50
HMHC,$22.215,1440602205449,"545,440",Not yet rated,NULL,$27
HWCC,$7.2,1440602205489,"11,967",100% bearish,of 1 rating,$9
HOVNP,NULL,1440602205619,0,100% bearish,of 1 rating,N/A
HBMD,NULL,1440602205727,0,100% bearish,of 1 rating,N/A
HSNI,$60.105,1440602205785,"45,250",Not yet rated,NULL,$80
HUBG,$37.16,1440602205871,"15,280",100% bearish,of 1 rating,$43
HBAN,$10.375,1440602205897,"1,942,284",76% bullish,of 17 ratings,$12.29
HCBK,$8.97,1440602205922,"506,019",83% bullish,of 6 ratings,$8.61
HSON,$2.55,1440602205947,403,100% bearish,of 1 rating,$5
HTGM,$5.76,1440602205972,"1,800",100% bearish,of 1 rating,$19.50
HDSN,$3.025,1440602206264,"4,189",100% bullish,of 1 rating,$6.25
HURC,$28.7993,1440602206351,"1,900",100% bearish,of 1 rating,N/A
HBANP,$1330,1440602206378,15,100% bearish,of 1 rating,N/A
HURN,$71.91,1440602206556,"51,865",50% bullish,of 2 ratings,$80
HDRAU,NULL,1440602206782,0,Not yet rated,NULL,N/A
HBP,$3.09,1440602206815,"6,573",100% bullish,of 1 rating,N/A
HDRA,NULL,1440602206839,0,Not yet rated,NULL,N/A
HDRAR,NULL,1440602206881,0,Not yet rated,NULL,N/A
HDRAW,NULL,1440602206913,0,Not yet rated,NULL,N/A
HTCH,$1.44,1440602206936,"21,558",100% bearish,of 1 rating,$3.50
HYGS,$7.6,1440602206965,"7,896",50% bullish,of 2 ratings,$13
IDSY,$3.8,1440602207015,686,100% bearish,of 1 rating,$7
IKGH,$1.5299,1440602207274,"7,860",75% bullish,of 4 ratings,N/A
ICAD,$3.2,1440602207305,"15,769",50% bullish,of 2 ratings,$7.25
IBKC,$57.32,1440602207330,"48,021",100% bullish,of 1 rating,$70
IACI,$67.63,1440602207410,"125,839",75% bullish,of 4 ratings,$90
IEP,$68.1141,1440602207476,"19,522",75% bullish,of 4 ratings,$99
ICFI,$34.1,1440602207585,"7,384",50% bullish,of 2 ratings,$48.50
ICLR,$76.922,1440602207641,"114,336",100% bearish,of 3 ratings,$85
ICON,$12.51,1440602207742,"220,537",50% bullish,of 2 ratings,$18.50
IDRA,$2.6,1440602207826,"367,158",89% bullish,of 9 ratings,$6.50
IPWR,$7.31,1440602207873,"3,359",100% bullish,of 1 rating,$15
ICUI,$111.16,1440602207967,"11,532",Not yet rated,NULL,$122
INVE,$4.31,1440602208055,"7,138",75% bullish,of 4 ratings,$4
DSKY,$10.75,1440602208086,"18,142",67% bullish,of 6 ratings,$11.50
IROQ,$16.761,1440602208115,"1,050",100% bullish,of 1 rating,N/A
IDXX,$70.4897,1440602208189,"80,344",100% bearish,of 1 rating,$77
IRG,$4.4,1440602208342,"8,853",100% bearish,of 1 rating,$4.50
RXDX,$12.51,1440602208558,"28,100",100% bullish,of 1 rating,$20
IIVI,$16.9001,1440602208631,"48,785",100% bearish,of 1 rating,$22
IKNX,$11.95,1440602208690,100,100% bearish,of 1 rating,N/A
ILMN,$192.49,1440602208718,"662,008",80% bullish,of 5 ratings,$240
KANG,$14.78,1440602208739,"108,565",50% bullish,of 2 ratings,$22.55
ISNS,$3.9018,1440602208871,"4,477",50% bullish,of 2 ratings,N/A
IKAN,$2.73,1440602208901,"18,290",83% bullish,of 6 ratings,$5
IMMR,$11.39,1440602209006,"16,328",80% bullish,of 5 ratings,$15.50
IMNP,$1.1501,1440602209041,"62,726",50% bullish,of 2 ratings,$6
IMDZ,$14.56,1440602209062,"42,010",100% bearish,of 1 rating,$33
IMGN,$13.22,1440602209136,"218,049",75% bullish,of 4 ratings,$17.50
IMMU,$1.85,1440602209164,"133,943",86% bullish,of 7 ratings,$2
ICCC,$7.5,1440602209195,"6,843",100% bullish,of 1 rating,N/A
IPXL,$41.97,1440602209339,"83,583",67% bullish,of 3 ratings,$46.50
IMMY,$7.3,1440602209471,"6,202",100% bearish,of 1 rating,$11
SAAS,$7.32,1440602209622,"69,735",50% bullish,of 2 ratings,$15
INCR,$41.1575,1440602209698,"37,453",50% bullish,of 2 ratings,$53
INDB,$43.54,1440602209877,"4,057",Not yet rated,NULL,$44
INFN,$20.46,1440602209902,"1,000,288",71% bullish,of 7 ratings,$28
INCY,$102.3401,1440602209939,"192,812",50% bullish,of 6 ratings,$125.50
IBCP,$13.95,1440602209966,"19,484",100% bullish,of 1 rating,$14.50
IBTX,$38.82,1440602210030,"4,859",100% bullish,of 2 ratings,$47.25
IDSA,$3.35,1440602210058,"5,156",Not yet rated,NULL,N/A
IPCC,$76.77,1440602210080,"3,956",Not yet rated,NULL,$77.50
III,$3.99,1440602210134,"2,902",57% bullish,of 7 ratings,$6
INFI,$8.595,1440602210416,"98,125",50% bullish,of 4 ratings,$18
IMKTA,$49.89,1440602210515,"12,905",100% bearish,of 1 rating,N/A
INWK,$6.81,1440602210597,"20,597",50% bullish,of 2 ratings,$10
INNL,$13,1440602210646,"1,240",100% bearish,of 1 rating,$16.50
IFON,$1.21,1440602210693,"4,900",75% bullish,of 4 ratings,N/A
INOD,$2.38,1440602210823,"1,525",100% bearish,of 1 rating,N/A
ITEK,$11.615,1440602210887,"210,798",100% bearish,of 3 ratings,$20
IPHS,$45.6,1440602210918,"18,149",100% bearish,of 1 rating,$60
IOSP,$47.58,1440602210949,"60,724",100% bearish,of 1 rating,N/A
ISSC,$2.73,1440602211022,"2,038",67% bearish,of 3 ratings,N/A
INOV,$20.74,1440602211049,"113,901",100% bearish,of 1 rating,$33
NSIT,$24.99,1440602211208,"36,157",50% bullish,of 2 ratings,N/A
INO,$6.58,1440602211259,"218,680",89% bullish,of 18 ratings,$20
INGN,$45.23,1440602211288,"38,224",100% bearish,of 1 rating,$50.50
ISIG,$2.56,1440602211314,"3,300",100% bearish,of 1 rating,N/A
INSM,$22.625,1440602211392,"71,564",71% bullish,of 7 ratings,$31.50
NTEC,$5.5,1440602211653,"11,800",100% bearish,of 1 rating,N/A
IIIN,$17.14,1440602211682,"17,063",100% bearish,of 2 ratings,N/A
PODD,$28.615,1440602211723,"55,837",67% bearish,of 3 ratings,$35
INSY,$32.051,1440602211749,"94,569",75% bullish,of 4 ratings,$48
IDTI,$17.19,1440602211779,"368,670",60% bullish,of 5 ratings,$25
IART,$58.93,1440602211808,"72,735",100% bearish,of 1 rating,$71.50
ISSI,$21.92,1440602211966,"63,012",67% bullish,of 3 ratings,$19.75
INTC,$26.5001,1440602212109,"8,226,192",82% bullish,of 238 ratings,$36
IPCI,$2.115,1440602212169,"38,290",67% bullish,of 6 ratings,$8
IESC,$7.25,1440602212196,"1,293",100% bearish,of 1 rating,N/A
IPAR,$25.175,1440602212348,"9,726",67% bullish,of 3 ratings,$38
IQNT,$17.76,1440602212382,"39,900",86% bullish,of 7 ratings,$20
ININ,$34.76,1440602212478,"12,010",67% bearish,of 3 ratings,$57
ICPT,$180.3,1440602212503,"71,976",70% bullish,of 10 ratings,$359.50
ICLDW,NULL,1440602212567,0,100% bearish,of 1 rating,N/A
IDCC,$47.37,1440602212734,"37,656",80% bullish,of 5 ratings,$63
IBKR,$36.785,1440602212763,"80,883",100% bullish,of 1 rating,N/A
TILE,$23.58,1440602212892,"109,874",100% bearish,of 3 ratings,$27
ICLD,$1.7499,1440602212928,"51,077",75% bullish,of 4 ratings,N/A
INAP,$7.86,1440602212955,"41,371",75% bullish,of 4 ratings,$11
IMI,$2.07,1440602212979,35,67% bullish,of 3 ratings,$2.22
ISCA,$30.83,1440602213274,"18,092",100% bearish,of 1 rating,N/A
IBOC,$24.29,1440602213408,"14,011",100% bearish,of 1 rating,N/A
PTNT,$2.98,1440602213514,"5,102",Not yet rated,NULL,N/A
IGLD,$6.9701,1440602213567,"3,215",50% bullish,of 2 ratings,N/A
INPH,$0.29,1440602213597,"12,900",50% bullish,of 2 ratings,N/A
XENT,$25.26,1440602213618,"24,340",50% bullish,of 2 ratings,$36.50
INTX,$2.065,1440602213656,"4,618",67% bullish,of 3 ratings,N/A
IIJI,NULL,1440602213751,0,50% bullish,of 2 ratings,$11.50
ISIL,$10.02,1440602213778,"113,330",50% bullish,of 6 ratings,$15
INTL,$25.74,1440602213952,"17,851",67% bearish,of 3 ratings,N/A
IVAC,$4.65,1440602214095,"6,111",100% bearish,of 1 rating,$6.625
IILG,$19.29,1440602214121,"32,688",100% bearish,of 1 rating,$29
INTLL,$25.78,1440602214147,"1,350",Not yet rated,NULL,N/A
ITCI,$25.2999,1440602214276,"205,558",75% bearish,of 4 ratings,$40
IIN,$6.02,1440602214332,100,100% bearish,of 1 rating,$12
INTU,$82.71,1440602214377,"738,559",86% bullish,of 7 ratings,$107.50
ISRG,$497.823,1440602214438,"26,981",67% bullish,of 3 ratings,$600
INVT,$0.2621,1440602214617,"17,302",67% bullish,of 3 ratings,N/A
SNAK,$8.27,1440602214645,"60,528",50% bullish,of 2 ratings,$14
ISTR,$15.68,1440602214670,102,100% bearish,of 1 rating,$18.50
ISBC,$11.36,1440602214696,"336,836",100% bullish,of 1 rating,$13.25
NVIV,$9.3,1440602214725,"70,401",50% bullish,of 4 ratings,$24.50
ITIC,$71,1440602214870,300,100% bearish,of 2 ratings,N/A
IVTY,$12.57,1440602215037,"1,954",Not yet rated,NULL,$18
IPGP,$83.34,1440602215137,"62,158",100% bearish,of 2 ratings,$109.50
IPCM,$79.145,1440602215167,"41,633",50% bullish,of 2 ratings,$80.125
IPAS,$1.06,1440602215199,"1,224",67% bullish,of 3 ratings,N/A
DFVL,NULL,1440602215237,0,Not yet rated,NULL,N/A
DTUL,NULL,1440602215267,0,Not yet rated,NULL,N/A
IRIX,$6.69,1440602215399,"25,711",100% bearish,of 1 rating,N/A
IRMD,$24.89,1440602215482,"1,909",67% bearish,of 3 ratings,$25
IRDMB,$270.3,1440602215700,306,67% bearish,of 3 ratings,N/A
IRDM,$6.79,1440602215730,"108,349",60% bullish,of 5 ratings,$11.50
IRBT,$28,1440602215760,"69,213",67% bullish,of 6 ratings,$37
IRCP,NULL,1440602215866,0,100% bullish,of 2 ratings,N/A
IRWD,$10.75,1440602215914,"127,891",100% bearish,of 1 rating,$13
COMT,$31.07,1440602216094,"1,771",100% bearish,of 1 rating,N/A
FCHI,NULL,1440602216116,0,NULL,NULL,NULL
IFAS,NULL,1440602216138,0,NULL,NULL,NULL
GNMA,$50.23,1440602216182,"1,829",Not yet rated,NULL,N/A
IFNA,NULL,1440602216321,0,NULL,NULL,NULL
IFEU,$37.95,1440602216347,400,Not yet rated,NULL,N/A
AXJS,NULL,1440602216475,0,NULL,NULL,NULL
IFGL,$27.9874,1440602216521,"14,223",Not yet rated,NULL,N/A
ACWX,$39.8428,1440602216622,"467,758",100% bearish,of 1 rating,N/A
AAXJ,$51.51,1440602216648,"486,544",Not yet rated,NULL,N/A
AAIT,NULL,1440602216688,0,NULL,NULL,NULL
EEMA,$48.35,1440602216716,"4,877",Not yet rated,NULL,N/A
ACWI,$54.13,1440602216737,"462,543",Not yet rated,NULL,N/A
EMDI,NULL,1440602216869,0,NULL,NULL,NULL
EEME,NULL,1440602216953,0,NULL,NULL,NULL
EMEY,NULL,1440602216977,0,NULL,NULL,NULL
EGRW,NULL,1440602216995,0,NULL,NULL,NULL
EVAL,NULL,1440602217186,0,NULL,NULL,NULL
EUFN,$21.6018,1440602217261,"40,243",100% bearish,of 1 rating,N/A
EEML,$26.308,1440602217287,"1,786",Not yet rated,NULL,N/A
IEUS,$44.99,1440602217418,"2,128",100% bearish,of 1 rating,N/A
UAE,$16.815,1440602217447,300,Not yet rated,NULL,N/A
QAT,$20.285,1440602217473,688,Not yet rated,NULL,N/A
IBB,$330.4,1440602217548,"348,920",63% bullish,of 8 ratings,N/A
SOXX,$77.47,1440602217679,"176,556",50% bullish,of 2 ratings,N/A
ICLN,$9.21,1440602217709,"6,693",50% bullish,of 2 ratings,N/A
EMIF,$27.25,1440602217811,"26,266",Not yet rated,NULL,N/A
WOOD,$46.77,1440602217847,"1,879",50% bullish,of 2 ratings,N/A
ISHG,$80.5868,1440602217894,"6,818",100% bearish,of 1 rating,N/A
INDY,$26.9236,1440602217954,"39,307",50% bullish,of 2 ratings,N/A
ISIS,$47.34,1440602218087,"452,381",53% bullish,of 15 ratings,$67
IGOV,$92.1444,1440602218155,"23,189",100% bearish,of 1 rating,N/A
ISRL,$125,1440602218229,115,100% bearish,of 1 rating,N/A
ITRI,$30.1,1440602218260,"62,946",Not yet rated,NULL,$37
ISLE,$16.39,1440602218325,"57,606",50% bullish,of 4 ratings,$16
ITRN,$23.58,1440602218357,"1,286",50% bullish,of 2 ratings,N/A
ITUS,NULL,1440602218458,0,Not yet rated,NULL,N/A
XXIA,$14.7936,1440602218515,"47,959",71% bullish,of 7 ratings,$14.625
IXYS,$10.27,1440602218541,"23,713",50% bullish,of 4 ratings,N/A
JJSF,$111.1309,1440602218675,"8,960",100% bearish,of 1 rating,N/A
MAYS,NULL,1440602218703,0,Not yet rated,NULL,N/A
JBHT,$72.77,1440602218832,"148,887",50% bullish,of 4 ratings,$89.50
JCOM,$65.96,1440602219155,"26,408",100% bullish,of 2 ratings,$77
JKHY,$67.7,1440602219192,"211,507",50% bullish,of 2 ratings,$72
JXSB,$23.81,1440602219222,200,Not yet rated,NULL,N/A
JACK,$78.12,1440602219243,"67,107",83% bullish,of 6 ratings,$105
JAXB,$12.25,1440602219275,"50,100",100% bullish,of 1 rating,N/A
JASO,$7.37,1440602219305,"261,706",82% bullish,of 17 ratings,$10
JAKK,$9.03,1440602219326,"133,767",60% bearish,of 5 ratings,$11
JAGX,$3.02,1440602219407,"1,250",Not yet rated,NULL,N/A
JMBA,$13.23,1440602219571,"40,738",75% bullish,of 4 ratings,$18
JRVR,$26.27,1440602219602,"16,368",Not yet rated,NULL,$32
ERW,NULL,1440602219719,0,Not yet rated,NULL,N/A
JASN,$4.76,1440602219790,"7,729",50% bullish,of 2 ratings,$9.50
JASNW,NULL,1440602219821,0,50% bullish,of 2 ratings,N/A
JAZZ,$160.89,1440602219922,"75,851",80% bullish,of 15 ratings,$206.50
JD,$25.24,1440602219995,"2,440,483",75% bullish,of 16 ratings,$36
JCTCF,$9.5,1440602220181,100,100% bullish,of 1 rating,N/A
DATE,$5.83,1440602220206,"43,857",75% bullish,of 4 ratings,$9
JBLU,$21.59,1440602220237,"1,696,814",94% bullish,of 18 ratings,$27
JIVE,$4.195,1440602220362,"154,248",75% bullish,of 4 ratings,$5
JTPY,$2.92,1440602220393,920,100% bearish,of 1 rating,N/A
WYIGU,NULL,1440602220424,0,Not yet rated,NULL,N/A
JST,$3.74,1440602220466,"10,898",75% bullish,of 4 ratings,N/A
JBSS,$51.24,1440602220497,"14,465",67% bearish,of 3 ratings,N/A
JOEZ,$0.1802,1440602220604,"85,414",92% bullish,of 12 ratings,N/A
JNP,$9.28,1440602220799,"7,915",100% bullish,of 3 ratings,$15
JOUT,$23.4,1440602220829,"5,287",100% bearish,of 1 rating,$34
JUNO,$35.51,1440602220932,"313,508",73% bullish,of 11 ratings,$71.50
KALU,$78.89,1440602220978,"20,815",67% bearish,of 3 ratings,$91
KTWO,$20.885,1440602221037,"24,769",100% bearish,of 1 rating,$28.50
KBIO,$1.9401,1440602221062,"1,154",50% bullish,of 4 ratings,N/A
KMDA,$3.27,1440602221088,800,50% bullish,of 2 ratings,$8
KNDI,$5.8676,1440602221220,"88,562",86% bullish,of 22 ratings,N/A
KBSF,NULL,1440602221410,0,100% bullish,of 1 rating,N/A
KCLI,$45.96,1440602221449,"3,880",Not yet rated,NULL,N/A
KCAP,$4.41,1440602221479,"41,405",75% bullish,of 4 ratings,$6
KELYA,$13.59,1440602221510,"39,181",67% bullish,of 6 ratings,$20
KPTI,$12.91,1440602221542,"57,120",67% bearish,of 3 ratings,$39
KELYB,NULL,1440602221567,0,50% bullish,of 2 ratings,N/A
KRNY,$11.12,1440602221592,"247,071",100% bearish,of 1 rating,$12
KMPH,$19.776,1440602221854,"11,305",100% bearish,of 2 ratings,$22
GMCR,$50.81,1440602222014,"536,458",71% bullish,of 42 ratings,$64
KERX,$5.64,1440602222040,"183,745",82% bullish,of 11 ratings,$12
KFFB,NULL,1440602222092,0,100% bearish,of 1 rating,N/A
KFRC,$25.98,1440602222119,"30,845",100% bullish,of 2 ratings,$29
KTEC,$11.99,1440602222186,40,Not yet rated,NULL,N/A
KTCC,$10.03,1440602222212,"6,627",100% bearish,of 1 rating,$16
KE,$11.3,1440602222262,"3,622",67% bearish,of 3 ratings,$16
KEQU,$16.93,1440602222290,200,100% bullish,of 1 rating,N/A
KGJI,$0.64,1440602222518,"10,140",89% bullish,of 9 ratings,N/A
KBAL,$10.42,1440602222610,"11,904",50% bullish,of 2 ratings,N/A
