Symbol,Price,Date,Volume,Rating,RatingVoteCount,OneYearEstimate
FCCY,$11.54,1441127402711,414,100% bullish,of 1 rating,$13
FLWS,$8.49,1441127402770,"163,724",80% bullish,of 5 ratings,$15
FCTY,$7.82,1441127402840,"1,100",100% bullish,of 1 rating,$8.50
SRCE,$29.27,1441127403045,"10,807",100% bullish,of 3 ratings,$33
VNET,$17.33,1441127403077,"228,987",60% bullish,of 5 ratings,$35
TWOU,$34.2,1441127403149,"97,270",50% bullish,of 2 ratings,$39
UGLD,$9.4498,1441127403499,"152,403",100% bearish,of 1 rating,N/A
DGLD,$79.76,1441127403529,"6,903",100% bearish,of 1 rating,N/A
DSLV,$69.6115,1441127403631,"7,358",100% bearish,of 1 rating,N/A
JOBS,$25.54,1441127403811,"59,654",50% bullish,of 4 ratings,$36
USLV,$12.54,1441127403836,"86,121",86% bullish,of 7 ratings,N/A
CAFD,$14.68,1441127404289,"64,519",Not yet rated,NULL,$25
SIXD,$2.44,1441127404387,"56,101",Not yet rated,NULL,N/A
EGHT,$7.67,1441127404456,"133,137",82% bullish,of 17 ratings,$11
AVHI,$13.97,1441127404603,"6,022",100% bearish,of 1 rating,$19
SHLM,$33.465,1441127404770,"23,795",100% bearish,of 1 rating,$47
AAON,$20.135,1441127404796,"31,488",100% bearish,of 1 rating,$24
ABY,$21.62,1441127404927,"231,537",100% bearish,of 2 ratings,$46
ABGB,$5.69,1441127405059,"41,011",67% bullish,of 3 ratings,$5.50
ABAX,$47.2,1441127405109,"82,392",100% bearish,of 1 rating,$60
ABEO,$4.71,1441127405238,"59,075",50% bullish,of 4 ratings,$15.50
ABEOW,$1.6001,1441127405438,550,100% bullish,of 1 rating,N/A
ABMD,$93.9,1441127405771,"180,156",75% bullish,of 4 ratings,$100.50
AXAS,$1.91,1441127405852,"349,969",78% bullish,of 9 ratings,$3.50
ACTG,$9.06,1441127405948,"67,540",67% bullish,of 3 ratings,$18.50
ACHC,$71.3,1441127406127,"127,232",50% bullish,of 2 ratings,$92
ACAD,$36.3,1441127406200,"246,000",80% bullish,of 20 ratings,$48
ACST,$0.33,1441127406360,"9,001",100% bullish,of 2 ratings,N/A
XLRN,$29.17,1441127406510,"27,489",50% bullish,of 2 ratings,$57
AXDX,$19.7,1441127406536,"53,014",100% bearish,of 1 rating,N/A
ANCX,$20.18,1441127406667,"5,992",Not yet rated,NULL,$20
ARAY,$6.6727,1441127406824,"176,612",100% bearish,of 1 rating,$10.50
VXDN,$1.65,1441127406978,"119,244",100% bearish,of 1 rating,N/A
ACRX,$4.37,1441127407231,"126,734",67% bearish,of 6 ratings,$5.50
VXUP,$1.78,1441127407258,"81,262",100% bearish,of 1 rating,N/A
ACET,$22.04,1441127407412,"29,609",75% bullish,of 4 ratings,$30
ACHN,$7.12,1441127407548,"679,920",90% bullish,of 21 ratings,$16
ACIW,$21.05,1441127407582,"92,032",67% bearish,of 3 ratings,$24
ACOR,$31.45,1441127407604,"199,366",67% bearish,of 3 ratings,$38.50
ACTS,$1.63,1441127407626,"5,108",100% bearish,of 1 rating,N/A
AKAO,$6.87,1441127407669,"9,334",75% bullish,of 4 ratings,$15
ACNB,$19.94,1441127407690,"1,207",Not yet rated,NULL,N/A
PIH,$7.5401,1441127407720,"2,250",100% bearish,of 1 rating,N/A
TFSCW,$0.26,1441127407756,"1,600",100% bearish,of 1 rating,N/A
TFSCU,NULL,1441127407886,0,Not yet rated,NULL,N/A
TFSC,NULL,1441127407911,0,100% bearish,of 1 rating,N/A
ATVI,$27.59,1441127407937,"2,903,789",67% bullish,of 84 ratings,$31.50
ACPW,$2.0099,1441127407959,"21,107",100% bullish,of 4 ratings,$3.25
TFSCR,NULL,1441127407989,0,Not yet rated,NULL,N/A
ACTA,$14.06,1441127408198,"25,252",67% bearish,of 3 ratings,$25
ACUR,$2.8903,1441127408225,"8,459",100% bullish,of 5 ratings,$5
ADAP,$11.65,1441127408282,"55,926",67% bullish,of 3 ratings,$22
ADMP,$3.64,1441127408315,"5,052",50% bullish,of 2 ratings,$10
ACXM,$20.61,1441127408376,"67,500",67% bullish,of 3 ratings,N/A
ADMS,$19.87,1441127408405,"18,835",100% bearish,of 2 ratings,$36
ADUS,$28.45,1441127408431,"20,057",100% bearish,of 1 rating,$31
ADEP,$6.65,1441127408478,"53,414",50% bullish,of 2 ratings,$10.75
AEY,$2.39,1441127408561,"1,865",100% bearish,of 2 ratings,N/A
ADBE,$76.54,1441127408633,"732,018",65% bullish,of 17 ratings,$90
ADMA,$9.15,1441127408664,"2,745",Not yet rated,NULL,$19
ADTN,$15.87,1441127408767,"86,059",67% bullish,of 3 ratings,$17.125
ADRO,$19.02,1441127408794,"98,140",80% bullish,of 5 ratings,$45.50
AMD,$1.765,1441127409018,"1,788,384",83% bullish,of 103 ratings,$2
ADXS,$14.04,1441127409051,"213,027",64% bullish,of 14 ratings,$27
AEIS,$23.89,1441127409081,"60,252",50% bullish,of 2 ratings,$32.50
AEGR,$17.42,1441127409111,"139,314",50% bullish,of 6 ratings,$26
YPRO,NULL,1441127409138,0,100% bearish,of 1 rating,N/A
ADXSW,$9.75,1441127409165,"6,278",100% bullish,of 1 rating,N/A
MULT,NULL,1441127409186,0,100% bearish,of 1 rating,N/A
AEGN,$18.24,1441127409219,"40,075",100% bearish,of 2 ratings,$21
AEHR,$2.38,1441127409380,"5,937",50% bullish,of 2 ratings,N/A
AMTX,$2.9,1441127409429,"4,364",50% bullish,of 2 ratings,$26.11
AEPI,$53.315,1441127409458,"5,725",100% bearish,of 1 rating,N/A
AERI,$15.53,1441127409484,"219,631",75% bullish,of 4 ratings,$31.50
AVAV,$23.465,1441127409511,"25,650",50% bullish,of 4 ratings,$31
AEZS,$0.0864,1441127409557,"4,254,631",90% bullish,of 21 ratings,$1.50
AGRX,$8.4,1441127409739,"7,770",100% bearish,of 1 rating,$17.50
AGEN,$6.92,1441127409781,"213,198",85% bullish,of 13 ratings,$14
AFFX,$9.07,1441127409802,"98,036",80% bullish,of 5 ratings,$12.50
AEMD,$7.4186,1441127409867,"13,743",Not yet rated,NULL,$27.50
AFMD,$9.96,1441127409894,"35,496",50% bullish,of 4 ratings,$15
AGIO,$84.17,1441127409916,"87,918",88% bullish,of 8 ratings,$114
AGYS,$10.14,1441127409947,"5,848",100% bearish,of 1 rating,N/A
AGFSW,$2.01,1441127410076,500,100% bearish,of 2 ratings,N/A
AGFS,$9.775,1441127410124,"29,105",100% bearish,of 1 rating,N/A
AIRT,$22.3,1441127410207,504,100% bullish,of 1 rating,N/A
AIRM,$35.74,1441127410237,"88,129",80% bearish,of 5 ratings,$53
AIMT,$21.5,1441127410339,"61,296",Not yet rated,NULL,$35.50
ATSG,$8.8,1441127410400,"47,356",67% bullish,of 3 ratings,$13
AMCN,$4.46,1441127410426,"97,779",83% bullish,of 6 ratings,N/A
AIXG,$6.31,1441127410450,"3,036",67% bearish,of 3 ratings,$5.25
AKAM,$70.396,1441127410589,"596,940",63% bullish,of 8 ratings,$77.50
AKER,$2.5486,1441127410617,120,Not yet rated,NULL,N/A
AKBA,$7.46,1441127410638,"129,479",100% bearish,of 1 rating,$18
AKRX,$38.93,1441127410669,"205,375",78% bullish,of 9 ratings,$56
ALSK,$2.2028,1441127410802,"42,229",78% bullish,of 18 ratings,$2
ALRM,$16.0132,1441127410835,"49,780",100% bearish,of 1 rating,$22
ABDC,$12.83,1441127410895,"3,200",Not yet rated,NULL,$15
AMRI,$19.77,1441127410939,"62,178",75% bearish,of 4 ratings,$24
ADHD,$8.14,1441127410986,"57,980",50% bullish,of 4 ratings,$18
ALDR,$38,1441127411050,"133,556",67% bearish,of 3 ratings,$62
ALDX,$6.995,1441127411153,"2,925",100% bearish,of 1 rating,$14.50
ALXN,$171.64,1441127411184,"588,911",88% bullish,of 8 ratings,$223
ALCO,$42.2,1441127411238,"2,872",50% bullish,of 2 ratings,N/A
ALXA,$1.2,1441127411325,"17,280",83% bullish,of 6 ratings,$2.125
ALGN,$54.46,1441127411370,"221,604",100% bearish,of 2 ratings,$73
ALIM,$3.23,1441127411396,"33,980",80% bullish,of 5 ratings,$10
ALGT,$196.2,1441127411481,"73,293",100% bearish,of 2 ratings,$235
ALKS,$60.4,1441127411530,"485,378",67% bullish,of 3 ratings,$75
ALLB,$22.82,1441127411590,202,Not yet rated,NULL,N/A
AFOP,$18.48,1441127411660,"81,328",75% bullish,of 8 ratings,$21
AIQ,$13.94,1441127411691,"2,809",67% bullish,of 3 ratings,N/A
AHGP,$35.83,1441127411788,"23,640",67% bullish,of 3 ratings,N/A
ARLP,$25.71,1441127411863,"54,873",67% bearish,of 3 ratings,$32
AMOT,$18.55,1441127411893,"51,147",100% bearish,of 1 rating,N/A
AHPI,$1.45,1441127411940,400,50% bullish,of 2 ratings,N/A
ALLT,$5.2,1441127411998,"19,164",75% bullish,of 4 ratings,$6.25
ALQA,$4.6736,1441127412029,"16,745",75% bullish,of 4 ratings,$8.50
MDRX,$13.4,1441127412056,"523,861",60% bullish,of 5 ratings,$16
AFAM,$44,1441127412102,"22,013",50% bullish,of 2 ratings,$44
SMCP,$22.9899,1441127412317,"2,400",Not yet rated,NULL,N/A
ATEC,$0.58,1441127412364,"13,700",100% bullish,of 1 rating,$2
ALNY,$99.713,1441127412416,"275,278",67% bullish,of 3 ratings,$151.50
AOSL,$7.58,1441127412441,"24,301",67% bullish,of 3 ratings,$9
ALTR,$47.995,1441127412468,"913,977",80% bearish,of 5 ratings,$54
ASPS,$26.45,1441127412490,"94,086",67% bullish,of 3 ratings,$46.50
AIMC,$24.35,1441127412619,"29,842",100% bearish,of 2 ratings,$28.50
AMAG,$60.852,1441127412665,"196,871",100% bullish,of 2 ratings,$77.50
AMRK,$10.6,1441127412701,600,50% bullish,of 2 ratings,$14
AYA,$20.451,1441127412751,"9,580",100% bearish,of 1 rating,$40
AMZN,$502.3,1441127412798,"906,334",81% bullish,of 265 ratings,$646
AMRN,$2.18,1441127412823,"528,843",85% bullish,of 39 ratings,$8
AMBC,$16.1,1441127412855,"42,932",100% bearish,of 1 rating,$16.50
AMBA,$89.88,1441127412992,"1,700,075",83% bullish,of 12 ratings,$102.50
AMBCW,NULL,1441127413019,0,100% bearish,of 1 rating,N/A
EPAX,$2.68,1441127413156,"24,856",100% bearish,of 1 rating,N/A
AMCX,$70.12,1441127413243,"89,004",67% bullish,of 3 ratings,$87.50
DOX,$56.28,1441127413269,"100,760",67% bearish,of 3 ratings,$60
AMED,$38.693,1441127413302,"102,064",100% bearish,of 1 rating,$42
AMDA,$0.4799,1441127413327,"204,741",90% bullish,of 10 ratings,$1
UHAL,$364.7401,1441127413400,"3,952",100% bullish,of 2 ratings,$393.50
ATAX,$5.3649,1441127413532,"23,010",100% bullish,of 1 rating,$6.50
AMOV,$17.99,1441127413561,387,100% bearish,of 1 rating,N/A
ASBI,$22.7999,1441127413621,500,Not yet rated,NULL,N/A
AGNC,$19.06,1441127413650,"807,371",71% bullish,of 28 ratings,$22
AAL,$38.9062,1441127413680,"4,734,651",93% bullish,of 88 ratings,$57
AGNCB,$24.1918,1441127413722,"12,846",Not yet rated,NULL,N/A
AGNCP,$25.34,1441127413757,"3,217",Not yet rated,NULL,N/A
MTGE,$15.1801,1441127413853,"186,549",75% bullish,of 4 ratings,$19.50
MTGEP,$24.2745,1441127413999,550,Not yet rated,NULL,N/A
ACSF,$12.363,1441127414096,"12,241",100% bearish,of 1 rating,$15
ACAS,$13.64,1441127414121,"428,392",60% bullish,of 5 ratings,$16.75
AETI,NULL,1441127414254,0,67% bearish,of 3 ratings,N/A
AMIC,NULL,1441127414302,0,100% bearish,of 1 rating,N/A
ANCI,NULL,1441127414333,0,100% bearish,of 1 rating,N/A
AMNB,$23.58,1441127414385,906,Not yet rated,NULL,$25.50
ANAT,$98.26,1441127414440,"11,179",100% bullish,of 1 rating,N/A
ARII,$39.95,1441127414474,"90,852",67% bearish,of 3 ratings,$45
APEI,$22.02,1441127414495,"30,839",100% bearish,of 1 rating,$25.50
AMRB,$10.05,1441127414524,"3,172",Not yet rated,NULL,$11
ASEI,$38.86,1441127414767,"7,864",100% bearish,of 1 rating,$52.50
AMWD,$65.24,1441127414794,"34,699",50% bullish,of 2 ratings,$70
AMSC,$5.1,1441127414824,"122,175",50% bullish,of 4 ratings,N/A
AMSWA,$8.834,1441127414849,"29,853",100% bearish,of 2 ratings,$10.75
CRMT,$36.29,1441127414924,"16,279",100% bearish,of 1 rating,$39
ABCB,$26.53,1441127415055,"14,422",Not yet rated,NULL,$31
ASRVP,NULL,1441127415136,0,Not yet rated,NULL,N/A
FOLD,$14.3025,1441127415191,"663,696",56% bullish,of 9 ratings,$21
ATLO,$23.69,1441127415219,"1,007",Not yet rated,NULL,N/A
ASRV,$3.2254,1441127415254,"12,187",100% bullish,of 2 ratings,N/A
AMSF,$46.19,1441127415275,"4,360",Not yet rated,NULL,$57.50
AMGN,$148.0001,1441127415296,"1,653,554",89% bullish,of 19 ratings,$185
AMKR,$5.12,1441127415336,"632,650",100% bearish,of 2 ratings,$5
AMPH,$13.17,1441127415512,"94,347",50% bullish,of 2 ratings,$20
AMSG,$76.41,1441127415537,"56,922",100% bearish,of 1 rating,$85.50
AMSGP,$148.51,1441127415566,400,Not yet rated,NULL,N/A
ASYS,$5.56,1441127415677,"12,318",67% bullish,of 3 ratings,$12
AFSI,$56.39,1441127415838,"149,346",60% bullish,of 5 ratings,$72
ALOG,$79.83,1441127415866,"15,863",100% bearish,of 2 ratings,$100.50
ANAD,$0.3302,1441127415899,"88,271",100% bullish,of 2 ratings,$.50
ANAC,$128.2501,1441127415931,"114,725",80% bullish,of 5 ratings,$180.50
AMRS,$1.81,1441127415958,"53,087",70% bullish,of 10 ratings,N/A
ADI,$53.5,1441127415995,"874,614",67% bullish,of 3 ratings,$69
AMCF,$0.21,1441127416023,"6,370",100% bullish,of 7 ratings,N/A
ABCW,$40.8,1441127416051,"6,941",67% bullish,of 3 ratings,N/A
ANIP,$51.38,1441127416185,"107,154",89% bullish,of 19 ratings,$66
ANGO,$14.6425,1441127416225,"28,480",67% bullish,of 3 ratings,$19
ANCB,$21.5,1441127416251,"1,100",Not yet rated,NULL,$23
ANGI,$5.175,1441127416272,"109,882",64% bullish,of 11 ratings,$5.50
ANTH,$6.84,1441127416549,"288,282",80% bullish,of 10 ratings,$13
ANSS,$86.88,1441127416584,"130,495",100% bearish,of 1 rating,$100
ANIK,$34.96,1441127416612,"39,782",60% bullish,of 5 ratings,$51.25
ATNY,NULL,1441127416634,0,50% bullish,of 2 ratings,$3.75
ABAC,$0.76,1441127416656,"5,628",100% bearish,of 1 rating,N/A
ATRS,$1.87,1441127416694,"307,632",92% bullish,of 12 ratings,$4.50
APIC,$6.43,1441127416715,"42,457",100% bearish,of 1 rating,$19
APOL,$10.99,1441127416843,"380,856",87% bearish,of 68 ratings,$14
APOG,$50.8,1441127416931,"43,697",50% bullish,of 2 ratings,$67
AAPL,$110.055,1441127416959,"21,138,450",86% bullish,of 2358 ratings,$150
APPF,$15.14,1441127416995,"15,931",50% bullish,of 2 ratings,$22
AINV,$6.35,1441127417027,"604,570",50% bullish,of 4 ratings,$8
ARCI,$1.218,1441127417094,"1,020",Not yet rated,NULL,N/A
APDN,$3.5401,1441127417224,"21,437",Not yet rated,NULL,$9
APDNW,$1.48,1441127417255,"10,080",Not yet rated,NULL,N/A
AGTC,$16,1441127417288,"29,213",50% bullish,of 2 ratings,$33
AMCC,$5.6567,1441127417356,"128,436",80% bullish,of 5 ratings,$8
AMAT,$15.6701,1441127417388,"5,196,164",82% bullish,of 11 ratings,$23
AAOI,$19.975,1441127417421,"79,202",50% bullish,of 4 ratings,$26
APRI,$1.72,1441127417497,"649,862",83% bullish,of 6 ratings,$4.86
AREX,$2.38,1441127417524,"367,614",50% bullish,of 2 ratings,$3
APTO,$5.135,1441127417602,900,Not yet rated,NULL,$17
AQMS,$4.78,1441127417709,"4,880",Not yet rated,NULL,N/A
AQXP,$16.89,1441127417749,"69,632",50% bullish,of 2 ratings,$2
AUMA,$9.9,1441127417885,100,Not yet rated,NULL,N/A
AUMAW,NULL,1441127417915,0,Not yet rated,NULL,N/A
AUMAU,NULL,1441127418013,0,Not yet rated,NULL,N/A
ARDM,NULL,1441127418044,0,100% bullish,of 1 rating,$26
PETX,$17.64,1441127418119,"84,574",100% bearish,of 2 ratings,$26
ARCW,$3.68,1441127418149,"2,613",100% bearish,of 2 ratings,$10.50
ABUS,$6.79,1441127418183,"170,952",86% bullish,of 14 ratings,$23
ABIO,$0.9,1441127418239,"10,928",50% bullish,of 2 ratings,$3.75
RKDA,$6.285,1441127418265,"5,527",100% bearish,of 2 ratings,$10
ACGL,$67.66,1441127418444,"185,269",50% bullish,of 2 ratings,$72
ARCB,$27.97,1441127418469,"59,870",67% bearish,of 3 ratings,$39.50
ACAT,$25.66,1441127418508,"22,200",100% bearish,of 3 ratings,$33
ARDX,$18.94,1441127418533,"35,766",50% bullish,of 2 ratings,$24.50
ARNA,$2.57,1441127418559,"740,244",90% bullish,of 78 ratings,$5.50
ARCC,$15.3801,1441127418701,"826,739",67% bearish,of 3 ratings,$17.75
AGIIL,$25.34,1441127418847,158,Not yet rated,NULL,N/A
ARGS,$6.21,1441127418872,"33,145",50% bullish,of 2 ratings,$19.50
ARIA,$8.995,1441127419090,"1,987,346",87% bullish,of 46 ratings,$9
ARIS,$3.6999,1441127419313,"6,716",Not yet rated,NULL,$4.50
ARKR,$24.74,1441127419398,42,50% bullish,of 2 ratings,N/A
ARWAU,$10.2,1441127419530,200,100% bullish,of 1 rating,N/A
ARWAR,NULL,1441127419560,0,Not yet rated,NULL,N/A
ARTX,$1.48,1441127419582,"99,085",88% bullish,of 16 ratings,$4.50
AGII,$55.215,1441127419618,"23,175",Not yet rated,NULL,$59.50
ARMH,$41.49,1441127419639,"424,289",54% bearish,of 13 ratings,$60
ARWAW,NULL,1441127419710,0,Not yet rated,NULL,N/A
ARWA,NULL,1441127419773,0,Not yet rated,NULL,N/A
DWAT,$9.6645,1441127419965,"8,900",100% bearish,of 1 rating,N/A
ARQL,$1.6199,1441127420007,"45,885",75% bullish,of 4 ratings,$5
ARRY,$5.74,1441127420070,"453,569",100% bullish,of 7 ratings,$10
ARRS,$26,1441127420096,"316,470",50% bullish,of 2 ratings,$38
ARWR,$5.7352,1441127420285,"236,962",75% bullish,of 4 ratings,$10.50
AROW,$26.905,1441127420315,"11,945",Not yet rated,NULL,N/A
ARTNA,$21.88,1441127420343,"6,656",100% bearish,of 1 rating,$29
ASBB,$24.11,1441127420374,100,Not yet rated,NULL,N/A
ARTW,$3.97,1441127420415,"10,816",75% bearish,of 4 ratings,N/A
ASTI,$0.2131,1441127420475,"13,461,847",83% bullish,of 6 ratings,$3
ASND,$19.51,1441127420564,"26,707",50% bullish,of 2 ratings,$30
ASNA,$12.04,1441127420607,"693,698",50% bullish,of 2 ratings,$18
ASCMA,$27.832,1441127420784,"22,473",100% bearish,of 1 rating,$45
APWC,$1.72,1441127420816,100,100% bearish,of 1 rating,N/A
ASMI,NULL,1441127420834,0,NULL,NULL,NULL
ASML,$89.44,1441127420913,"224,005",50% bullish,of 4 ratings,$127
AZPN,$37.22,1441127420961,"95,007",50% bullish,of 2 ratings,$42
ASMB,$13.67,1441127420987,"23,755",67% bullish,of 3 ratings,N/A
ASFI,$8.8801,1441127421063,"5,300",100% bullish,of 1 rating,N/A
ATRO,$49.804,1441127421144,"32,631",100% bearish,of 2 ratings,$80
ASTE,$38.64,1441127421177,"24,086",100% bearish,of 1 rating,$49
ALOT,$13.59,1441127421198,"1,196",100% bearish,of 1 rating,N/A
ASUR,$5.37,1441127421277,"3,248",50% bullish,of 2 ratings,$8
ASTC,$2.09,1441127421334,"14,071",100% bullish,of 5 ratings,N/A
ATAI,$2.37,1441127421360,"23,818",100% bearish,of 1 rating,N/A
ATRA,$39.63,1441127421437,"47,225",50% bullish,of 2 ratings,$68
ATHN,$131.01,1441127421526,"64,921",67% bearish,of 3 ratings,$153
AFCB,NULL,1441127421626,0,Not yet rated,NULL,N/A
ATHX,$1.13,1441127421647,"60,451",89% bullish,of 9 ratings,$5
AAME,$3.59,1441127421725,100,Not yet rated,NULL,N/A
AAPC,$10.1,1441127421778,8,Not yet rated,NULL,N/A
ACFC,$5.3812,1441127421805,"15,679",100% bearish,of 1 rating,$6.50
ATNI,$70.78,1441127421832,"13,353",100% bearish,of 1 rating,$69.50
ATLC,$3.98,1441127421860,"2,390",67% bullish,of 3 ratings,N/A
AFH,$15.91,1441127422043,"35,942",Not yet rated,NULL,$21.50
ATOS,$0.7799,1441127422075,"22,928",100% bullish,of 7 ratings,$7
AAWW,$38.62,1441127422097,"96,422",50% bullish,of 2 ratings,$65
ATML,$7.86,1441127422126,"4,024,889",78% bullish,of 9 ratings,$9.50
ATRC,$24.04,1441127422176,"40,687",100% bullish,of 1 rating,$30
ATRI,$382.61,1441127422327,506,Not yet rated,NULL,N/A
ATRM,$2.72,1441127422357,400,50% bullish,of 2 ratings,N/A
LIFE,$14.1,1441127422463,"31,001",86% bullish,of 7 ratings,$43
AUDC,$3.33,1441127422493,"38,974",80% bullish,of 5 ratings,$5
AUBN,$26.95,1441127422519,233,Not yet rated,NULL,N/A
ATTU,$12.65,1441127422540,"37,563",100% bearish,of 1 rating,$20.50
AUPH,$3.45,1441127422571,"37,106",100% bearish,of 1 rating,$8
ADAT,$0.2844,1441127422708,"73,724",100% bullish,of 2 ratings,N/A
ABTL,$17.86,1441127422775,"29,593",100% bullish,of 4 ratings,$20.25
EARS,$4.64,1441127422844,"2,904",100% bearish,of 2 ratings,$11
ADSK,$45.84,1441127422874,"1,379,036",67% bullish,of 6 ratings,$66
ADP,$75.32,1441127422900,"621,283",100% bearish,of 1 rating,$88
AVGO,$120.33,1441127422972,"1,298,835",88% bullish,of 8 ratings,$165
AVNU,$12.82,1441127423035,"9,240",Not yet rated,NULL,$14
AAVL,$10.36,1441127423063,"98,039",100% bearish,of 1 rating,$20
AVEO,$1.3806,1441127423227,"338,098",75% bullish,of 8 ratings,$3
AVID,$8.38,1441127423272,"206,355",100% bearish,of 1 rating,$20
AVNW,$1.17,1441127423307,"18,350",50% bullish,of 2 ratings,N/A
AVGR,$14.8101,1441127423329,"8,054",100% bearish,of 1 rating,$20
AWRE,$3.2163,1441127423406,"2,347",67% bullish,of 3 ratings,N/A
CAR,$42.98,1441127423460,"454,898",80% bullish,of 5 ratings,$60
AXPW,$1.85,1441127423563,"1,479,927",83% bullish,of 6 ratings,N/A
ACLS,$3.16,1441127423793,"121,484",67% bullish,of 6 ratings,$4.75
AXGN,$4.7,1441127423819,"36,118",Not yet rated,NULL,$5
AXPWW,$1.0001,1441127423840,100,Not yet rated,NULL,N/A
RILY,NULL,1441127423880,0,Not yet rated,NULL,N/A
BCOM,NULL,1441127423971,0,100% bearish,of 1 rating,N/A
AXTI,$2.19,1441127423997,"5,007",50% bullish,of 2 ratings,$2.75
BEAV,$47.701,1441127424227,"449,579",67% bearish,of 3 ratings,$59
BOSC,$2.1501,1441127424299,200,50% bullish,of 2 ratings,N/A
BCPC,$57.81,1441127424324,"35,099",100% bearish,of 1 rating,$75
BIDU,$144.9,1441127424356,"1,397,222",81% bullish,of 88 ratings,$210
BLDP,$1.34,1441127424382,"134,983",91% bullish,of 22 ratings,$2.50
BWINB,$22.6,1441127424408,"3,000",Not yet rated,NULL,N/A
BWINA,NULL,1441127424541,0,Not yet rated,NULL,N/A
BOCH,$5.71,1441127425180,"3,084",Not yet rated,NULL,$6.50
BOTJ,$11.11,1441127425212,25,Not yet rated,NULL,N/A
BKMU,$7.11,1441127425233,"9,538",Not yet rated,NULL,$8
BANFP,NULL,1441127425254,0,Not yet rated,NULL,N/A
BANF,$58.81,1441127425289,"11,223",Not yet rated,NULL,$68
BMRC,$47.79,1441127425318,"1,734",Not yet rated,NULL,$52
BKSC,NULL,1441127425479,0,Not yet rated,NULL,N/A
BWFG,$17.85,1441127425568,200,100% bearish,of 1 rating,N/A
BZUN,$5.04,1441127425627,"100,657",50% bullish,of 2 ratings,$11.50
OZRK,$40.17,1441127425653,"180,118",67% bullish,of 3 ratings,$49.50
BANR,$43.43,1441127425674,"25,072",100% bullish,of 3 ratings,$50
BFIN,$12.2,1441127425706,"4,850",Not yet rated,NULL,$13
TAPR,$33.6,1441127425867,150,100% bearish,of 1 rating,N/A
BHACW,NULL,1441127425941,0,Not yet rated,NULL,N/A
BBSI,$35.17,1441127425995,"15,242",67% bearish,of 3 ratings,$62.50
BHAC,NULL,1441127426020,0,Not yet rated,NULL,N/A
BHACU,NULL,1441127426041,0,Not yet rated,NULL,N/A
BHACR,NULL,1441127426080,0,Not yet rated,NULL,N/A
BSET,$28.02,1441127426179,"6,808",100% bearish,of 1 rating,$35
BYBK,$4.9559,1441127426209,513,100% bearish,of 1 rating,N/A
BYLK,$13,1441127426309,"8,901",Not yet rated,NULL,$14
BV,$5.23,1441127426382,"148,243",67% bullish,of 6 ratings,$9
BBCN,$14.04,1441127426440,"74,379",100% bearish,of 1 rating,$16
BCBP,NULL,1441127426578,0,Not yet rated,NULL,N/A
BDCV,$4.88,1441127426682,"6,081",100% bearish,of 1 rating,$10.19
BEBE,$1.3,1441127426772,"272,221",75% bullish,of 4 ratings,$2.125
BECN,$35.31,1441127426800,"53,194",50% bullish,of 2 ratings,$40
BSF,$8.5,1441127426821,"2,413",Not yet rated,NULL,N/A
BBGI,$3.96,1441127426842,100,100% bearish,of 1 rating,N/A
BBBY,$60.771,1441127427045,"469,197",71% bullish,of 7 ratings,$75
BLCM,$16.93,1441127427107,"40,316",50% bullish,of 4 ratings,$40
BELFA,$14.87,1441127427176,218,100% bearish,of 1 rating,N/A
BNCL,$12.3,1441127427202,"144,702",100% bullish,of 3 ratings,$12.50
BNTC,$7.7001,1441127427234,"7,319",100% bullish,of 1 rating,N/A
BNFT,$35.44,1441127427262,"51,181",67% bullish,of 3 ratings,$46
BLPH,$4.66,1441127427283,"10,250",100% bearish,of 1 rating,$12.50
BGFV,$11.19,1441127427552,"49,730",57% bullish,of 7 ratings,$12
BELFB,$17.46,1441127427577,"8,082",100% bearish,of 1 rating,N/A
BGCP,$8.71,1441127427630,"350,780",88% bullish,of 8 ratings,$14
BGMD,$0.69,1441127427657,"15,847",100% bullish,of 10 ratings,N/A
ORPN,$5.7599,1441127427727,"3,100",100% bullish,of 1 rating,$28.50
BIND,$4.7692,1441127427788,"83,727",75% bullish,of 4 ratings,$13.50
BASI,$1.64,1441127427860,"2,625",Not yet rated,NULL,N/A
BIOC,$1.9601,1441127427963,"71,343",83% bullish,of 6 ratings,$3.85
BIIB,$296.23,1441127428068,"660,646",88% bullish,of 16 ratings,$400
BDSI,$6.555,1441127428089,"432,995",88% bullish,of 8 ratings,$17
BCRX,$11.2,1441127428142,"247,494",63% bullish,of 8 ratings,$18
BIOD,$0.7077,1441127428170,"102,520",80% bullish,of 5 ratings,$4
BIOL,$1.53,1441127428233,"19,904",Not yet rated,NULL,N/A
BLRX,$1.5199,1441127428324,"65,278",100% bullish,of 12 ratings,$5
BCDA,NULL,1441127428362,0,Not yet rated,NULL,N/A
BLFS,$2.58,1441127428459,"330,389",100% bearish,of 1 rating,$4.75
BVXV,$3.53,1441127428722,"5,812",Not yet rated,NULL,N/A
BMRN,$125.082,1441127428760,"362,835",80% bullish,of 5 ratings,$160
BRLI,NULL,1441127428816,0,NULL,NULL,NULL
BVXVW,$0.7,1441127428843,"4,500",100% bearish,of 1 rating,N/A
BIOS,$2.365,1441127428870,"315,241",71% bullish,of 7 ratings,$4
BPTH,$1.2496,1441127428899,"127,324",100% bullish,of 2 ratings,$5
BBC,$30.77,1441127429004,"12,047",Not yet rated,NULL,N/A
BSTC,$48.23,1441127429109,"9,558",100% bearish,of 1 rating,$76
BSPM,$0.6976,1441127429158,680,50% bullish,of 2 ratings,N/A
BBP,$32.13,1441127429208,"20,395",Not yet rated,NULL,N/A
BOTA,$2.21,1441127429238,"23,460",88% bullish,of 8 ratings,N/A
TECH,$92.315,1441127429266,"32,762",100% bullish,of 1 rating,$117
BITI,$17,1441127429296,"3,586",100% bullish,of 1 rating,$28
BEAT,$14.7401,1441127429339,"219,960",67% bearish,of 3 ratings,$15
BDMS,NULL,1441127429490,0,100% bearish,of 1 rating,N/A
BJRI,$43.22,1441127429575,"65,862",50% bullish,of 2 ratings,$55
BDE,$7.2,1441127429622,"39,544",50% bullish,of 2 ratings,$9
BBOX,$15.06,1441127429653,"37,364",100% bearish,of 1 rating,N/A
BBRY,$7.42,1441127429959,"1,372,153",61% bullish,of 330 ratings,$9
HAWK,$38.04,1441127429990,"140,893",91% bullish,of 11 ratings,$49
BLKB,$55.65,1441127430012,"37,430",100% bearish,of 2 ratings,$66
ADRA,$26.2301,1441127430061,"7,362",100% bearish,of 1 rating,N/A
BKCC,$9.31,1441127430091,"99,763",50% bullish,of 2 ratings,$10
ADRU,$21.1812,1441127430149,100,100% bearish,of 1 rating,N/A
ADRE,$29.2,1441127430175,"2,115",100% bearish,of 1 rating,N/A
ADRD,$21.402,1441127430203,"64,490",100% bearish,of 1 rating,N/A
BUFF,$24.48,1441127430411,"348,713",83% bullish,of 12 ratings,$31.50
BLMN,$20.4587,1441127430439,"366,365",83% bullish,of 6 ratings,$27.50
BCOR,$13.44,1441127430470,"75,778",57% bullish,of 7 ratings,$15
BLBD,$11.77,1441127430491,"3,373",Not yet rated,NULL,N/A
BHBK,$13.76,1441127430571,"36,501",100% bullish,of 1 rating,$14.50
NILE,$33.65,1441127430632,"29,810",50% bullish,of 2 ratings,$34
BBLU,$0.789,1441127430657,"36,541",100% bullish,of 2 ratings,$4.43
BLUE,$129.15,1441127430787,"161,578",71% bullish,of 7 ratings,$217.50
BKEPP,$7.4,1441127430884,100,100% bearish,of 1 rating,N/A
BPMC,$27.21,1441127430913,"20,694",50% bullish,of 2 ratings,$47.50
BNCN,$20.4,1441127430940,"26,534",Not yet rated,NULL,$24
BKEP,$6.17,1441127430961,"3,233",100% bearish,of 1 rating,$8.50
BOBE,$44.4,1441127430993,"55,168",75% bullish,of 4 ratings,$57
BOFI,$112.12,1441127431121,"97,739",100% bullish,of 6 ratings,$144
WIFI,$7.41,1441127431152,"33,686",50% bullish,of 2 ratings,$13.50
BOJA,$20.92,1441127431222,"60,302",100% bullish,of 1 rating,$30
BONA,$11.41,1441127431305,"94,198",75% bullish,of 4 ratings,$8.50
BOKF,$60.94,1441127431332,"101,635",100% bearish,of 1 rating,$69
BNSO,$1.282,1441127431386,"1,800",100% bearish,of 1 rating,N/A
BAMM,$3.1738,1441127431411,"6,325",60% bullish,of 5 ratings,N/A
BPFH,$11.415,1441127431630,"117,395",100% bearish,of 1 rating,$14
BPFHW,NULL,1441127431660,0,100% bearish,of 1 rating,N/A
EPAY,$26.49,1441127431681,"37,237",100% bearish,of 2 ratings,$30
BPFHP,$25,1441127431703,"2,940",100% bearish,of 1 rating,N/A
BCLI,$3.09,1441127431746,"26,000",80% bullish,of 5 ratings,$12
BDBD,$8.295,1441127431835,"307,253",60% bullish,of 5 ratings,$10
BBRG,$12.21,1441127431864,"26,345",67% bullish,of 3 ratings,$14.50
BBEP,$2.7264,1441127431890,"690,950",69% bullish,of 13 ratings,$5.625
BBEPP,$14.256,1441127432027,"12,606",100% bearish,of 1 rating,N/A
BLIN,NULL,1441127432053,0,100% bullish,of 2 ratings,$2.20
BDGE,$26.02,1441127432088,"3,243",Not yet rated,NULL,$31.75
BRID,NULL,1441127432223,0,100% bearish,of 1 rating,N/A
BCOV,$5.26,1441127432300,"38,555",67% bullish,of 3 ratings,$10.20
BVSN,$5.8999,1441127432400,"1,500",60% bearish,of 5 ratings,N/A
BSFT,$31.79,1441127432431,"61,715",57% bullish,of 7 ratings,$40.50
BRCM,$49.86,1441127432452,"2,053,928",75% bullish,of 12 ratings,$56
BYFC,$1.45,1441127432485,502,50% bullish,of 2 ratings,N/A
BRKL,$10.13,1441127432515,"205,207",100% bearish,of 1 rating,$10.75
BRCD,$10.21,1441127432584,"1,312,697",92% bullish,of 13 ratings,$11.50
BRKS,$10.43,1441127432651,"40,450",67% bullish,of 3 ratings,$15.25
BWEN,$3.16,1441127432719,"6,293",75% bullish,of 4 ratings,$8
BMTC,$28.95,1441127432785,"15,942",Not yet rated,NULL,$34
BRKR,$17.845,1441127432813,"100,121",100% bearish,of 2 ratings,$22
BLMT,$20.717,1441127432860,"3,349",Not yet rated,NULL,N/A
BSQR,$6.04,1441127432958,"12,290",67% bullish,of 3 ratings,N/A
BLDR,$14.34,1441127433091,"279,576",67% bullish,of 3 ratings,$22
BWLD,$189.41,1441127433121,"123,478",82% bullish,of 11 ratings,$205
BUR,$1.797,1441127433145,"4,294",100% bearish,of 1 rating,$8
CHRW,$66.26,1441127433179,"454,808",Not yet rated,NULL,$72
CFFI,$34.6469,1441127433200,449,100% bearish,of 1 rating,N/A
CCMP,$42.12,1441127433236,"13,321",50% bullish,of 2 ratings,$59
CA,$26.49,1441127433339,"644,247",50% bullish,of 4 ratings,$33
CACQ,$7.1,1441127433419,"13,967",100% bearish,of 1 rating,$12.25
CDNS,$19.62,1441127433449,"478,614",75% bullish,of 4 ratings,$22.50
CDZI,$8.07,1441127433478,"5,748",100% bearish,of 1 rating,N/A
CZR,$9.19,1441127433553,"287,535",60% bearish,of 5 ratings,$10.50
CSTE,$39.11,1441127433631,"40,063",50% bullish,of 2 ratings,$65
CLBS,$1.6294,1441127433839,"207,954",79% bullish,of 14 ratings,$4
CLMS,$10.24,1441127433876,"30,660",Not yet rated,NULL,$10.50
CCD,$18.875,1441127433898,"39,512",Not yet rated,NULL,N/A
CHY,$11.23,1441127433929,"200,773",Not yet rated,NULL,N/A
PRSS,$4.4,1441127433950,"3,202",80% bullish,of 5 ratings,$4.50
CFGE,$10.34,1441127433982,80,Not yet rated,NULL,N/A
CHI,$10.48,1441127434004,"94,754",100% bearish,of 1 rating,N/A
CHW,$7.426,1441127434140,"58,253",100% bearish,of 1 rating,N/A
CGO,$11.964,1441127434238,"10,942",100% bearish,of 1 rating,N/A
CSQ,$9.7213,1441127434272,"181,907",Not yet rated,NULL,N/A
CAMP,$16,1441127434293,"206,549",88% bullish,of 8 ratings,$25
CFNB,$13.34,1441127434337,100,100% bearish,of 1 rating,N/A
CVGW,$57.195,1441127434369,"34,047",50% bullish,of 2 ratings,$62
CALA,$5.59,1441127434463,"158,713",100% bullish,of 3 ratings,$19.50
CALD,$15.75,1441127434554,"153,016",100% bearish,of 1 rating,$21
CALM,$51.795,1441127434602,"195,886",80% bullish,of 5 ratings,$63.50
CLMT,$25.4899,1441127434735,"85,565",75% bullish,of 8 ratings,$31
ABCD,$5.0508,1441127434763,"57,535",83% bullish,of 6 ratings,N/A
CAMB,$9.95,1441127434792,"1,856",Not yet rated,NULL,N/A
CAMBW,NULL,1441127434923,0,Not yet rated,NULL,N/A
CAMBU,NULL,1441127434948,0,100% bearish,of 1 rating,N/A
CAMT,$2.63,1441127435082,"10,988",73% bullish,of 11 ratings,$4
CAC,$40.02,1441127435104,"1,982",Not yet rated,NULL,N/A
CSIQ,$18.1101,1441127435184,"737,973",86% bullish,of 28 ratings,$42.50
CGIX,$9.66,1441127435274,"6,912",67% bullish,of 3 ratings,$14.375
CPLA,$48.87,1441127435319,"43,729",67% bearish,of 3 ratings,$65
CBNJ,$11.06,1441127435349,"3,085",100% bearish,of 1 rating,N/A
CPHC,NULL,1441127435370,0,100% bearish,of 1 rating,N/A
CPLP,$7.07,1441127435539,"87,278",71% bullish,of 7 ratings,$11
CCBG,$15.22,1441127435565,"13,750",Not yet rated,NULL,$17.25
CBF,$30.48,1441127435586,"67,101",Not yet rated,NULL,$32
CSWC,$44.75,1441127435620,"7,203",Not yet rated,NULL,N/A
CPTA,$13.6614,1441127436031,"20,132",100% bearish,of 1 rating,$18.50
CFFN,$11.76,1441127436077,"395,382",Not yet rated,NULL,$12.75
CPST,$0.387,1441127436175,"393,608",95% bullish,of 22 ratings,$1.25
CAPN,$2.23,1441127436200,"44,163",100% bullish,of 1 rating,$10.85
CAPR,$4.6301,1441127436230,"5,081",Not yet rated,NULL,$12
CARA,$18.585,1441127436251,"49,048",50% bullish,of 4 ratings,$25
CAPNW,NULL,1441127436279,0,Not yet rated,NULL,N/A
CRME,$9,1441127436471,"5,500",89% bullish,of 9 ratings,$11.25
CARB,$11.055,1441127436525,"54,672",75% bullish,of 4 ratings,$12
CBYL,$5.15,1441127436558,"7,086",100% bearish,of 1 rating,$20
CRDC,$0.315,1441127436592,"141,161",100% bullish,of 1 rating,$1.25
CFNL,$21.824,1441127436613,"24,506",Not yet rated,NULL,$24
CSII,$24.23,1441127436649,"117,727",100% bearish,of 2 ratings,$42.125
CATM,$33.75,1441127436671,"69,552",100% bearish,of 1 rating,$44
CDNA,$6.84,1441127436705,"2,703",100% bearish,of 1 rating,$9
CECO,$3.695,1441127437000,"69,890",67% bearish,of 3 ratings,$6
CTRE,$10.8625,1441127437074,"58,672",50% bullish,of 2 ratings,$13.50
CKEC,$23.08,1441127437103,"56,555",50% bullish,of 2 ratings,$35.915
CLBH,$12.59,1441127437160,"3,209",Not yet rated,NULL,$16.50
CARO,$15.4899,1441127437202,"2,680",100% bearish,of 1 rating,$19
CRZO,$34.9899,1441127437295,"450,210",67% bearish,of 3 ratings,$54.50
TAST,$12.57,1441127437344,"49,905",Not yet rated,NULL,$14.25
CART,NULL,1441127437404,0,100% bearish,of 1 rating,N/A
CRTN,$2.51,1441127437484,404,100% bearish,of 1 rating,N/A
CARV,$5.8101,1441127437536,100,50% bullish,of 2 ratings,N/A
CASM,$1.17,1441127437569,"41,484",100% bullish,of 1 rating,$3.50
CSCD,$15.1151,1441127437590,"4,255",100% bullish,of 2 ratings,$17
CACB,$5.34,1441127437632,"8,083",Not yet rated,NULL,$5.50
CASY,$104.5,1441127437662,"68,063",50% bullish,of 2 ratings,$99.50
CWST,$6.1,1441127437736,"19,973",50% bullish,of 2 ratings,$7.25
CASI,$1.4101,1441127437867,"2,248",100% bullish,of 1 rating,$3.50
CATB,$11.27,1441127438109,"6,306",100% bearish,of 1 rating,$28
CATYW,NULL,1441127438209,0,100% bearish,of 1 rating,N/A
CASS,$47.81,1441127438242,"3,868",100% bearish,of 1 rating,N/A
CATY,$28.625,1441127438312,"214,096",100% bearish,of 1 rating,$33.50
CBFV,$20.5,1441127438339,"1,150",Not yet rated,NULL,$25
CNLM,NULL,1441127438366,0,Not yet rated,NULL,N/A
CPRX,$3.6142,1441127438398,"196,846",71% bullish,of 7 ratings,$7
CVCO,$70.26,1441127438419,"7,805",100% bearish,of 1 rating,N/A
CAVM,$66.13,1441127438498,"87,917",67% bearish,of 3 ratings,$72
CNLMR,$0.34,1441127438572,114,Not yet rated,NULL,N/A
CDK,$48.53,1441127438707,"195,775",67% bearish,of 3 ratings,$50
CNLMU,NULL,1441127438736,0,100% bullish,of 1 rating,N/A
CNLMW,$0.3,1441127438764,"3,100",Not yet rated,NULL,N/A
CBOE,$62.77,1441127438790,"136,954",Not yet rated,NULL,$60
CDW,$38.72,1441127438839,"283,809",75% bullish,of 4 ratings,$44
CECE,$9.47,1441127439020,"28,182",50% bullish,of 2 ratings,$16
CELGZ,$1.68,1441127439067,"9,000",80% bullish,of 5 ratings,N/A
CPXX,$2.23,1441127439148,"43,273",100% bullish,of 2 ratings,$7
CLDX,$14.59,1441127439204,"401,445",89% bullish,of 9 ratings,$36
CLRB,$3.06,1441127439237,"2,860",100% bearish,of 1 rating,N/A
CELG,$116.05,1441127439265,"1,897,748",92% bullish,of 13 ratings,$155.50
CLDN,$1.14,1441127439290,"76,450",71% bullish,of 7 ratings,$3
CLRBW,NULL,1441127439318,0,Not yet rated,NULL,N/A
CBMG,$23.33,1441127439444,"58,193",50% bullish,of 2 ratings,N/A
CLLS,$33.2,1441127439500,"40,846",75% bullish,of 4 ratings,$51.50
CLSN,$2.1,1441127439549,"10,220",80% bullish,of 10 ratings,$7.50
CYAD,$46.8201,1441127439579,900,100% bullish,of 1 rating,$87.50
CLTX,$2.48,1441127439634,"92,805",100% bullish,of 2 ratings,N/A
CEMP,$33.12,1441127439659,"171,758",71% bullish,of 7 ratings,$52
CETX,$2.3999,1441127439713,"14,166",Not yet rated,NULL,$5.60
CETV,$2.13,1441127439843,"26,709",67% bullish,of 3 ratings,$2.80
CFBK,$1.34,1441127439925,200,Not yet rated,NULL,N/A
CSFL,$13.5,1441127439951,"32,145",Not yet rated,NULL,$15
CENT,$12.47,1441127439983,"34,977",Not yet rated,NULL,$10
CENTA,$12.79,1441127440013,"74,412",Not yet rated,NULL,N/A
CENX,$5.4,1441127440086,"823,019",67% bullish,of 6 ratings,$9
CVCY,$11.28,1441127440113,"1,255",Not yet rated,NULL,$12
CNBKA,NULL,1441127440153,0,50% bullish,of 2 ratings,N/A
CNTY,$5.745,1441127440345,"4,144",80% bullish,of 5 ratings,$7.75
CERE,$1.1,1441127440411,"165,219",88% bullish,of 8 ratings,N/A
CERN,$60.13,1441127440481,"564,617",67% bullish,of 3 ratings,$79
CRNT,$1.41,1441127440509,"56,339",50% bullish,of 2 ratings,$2
CPHD,$47.39,1441127440530,"170,029",67% bearish,of 3 ratings,$66.50
CERS,$4.72,1441127440552,"115,735",75% bullish,of 4 ratings,$7
CERU,$4.1699,1441127440591,"30,396",75% bullish,of 4 ratings,$14
KOOL,$0.6799,1441127440689,"52,055",100% bullish,of 5 ratings,$7
HOTRW,NULL,1441127440787,0,Not yet rated,NULL,N/A
HOTR,$1.3632,1441127440815,"133,388",100% bullish,of 2 ratings,$5
CYOU,$19.16,1441127440852,"69,936",50% bullish,of 6 ratings,$24
GTLS,$24.095,1441127440884,"166,722",50% bullish,of 4 ratings,$40
CEVA,$19.105,1441127440910,"19,167",100% bearish,of 1 rating,$25
CTHR,$1.29,1441127440988,869,50% bullish,of 2 ratings,$2.50
CHTR,$178.07,1441127441047,"362,612",100% bearish,of 2 ratings,$202
CHFN,$12.43,1441127441088,"1,927",Not yet rated,NULL,$14
CHKP,$77.415,1441127441180,"574,614",50% bullish,of 4 ratings,$92
CHEK,$2.06,1441127441239,"1,600",Not yet rated,NULL,$7.75
CHEKW,NULL,1441127441281,0,Not yet rated,NULL,N/A
CEMI,$4.2,1441127441373,"7,714",50% bullish,of 2 ratings,$7.50
CHMG,$26.35,1441127441445,700,Not yet rated,NULL,$30
CHFC,$31.27,1441127441480,"9,983",100% bearish,of 1 rating,$36
CCXI,$6.11,1441127441502,"24,218",67% bullish,of 3 ratings,$14
CHKE,$25.86,1441127441576,"7,526",100% bearish,of 1 rating,$32.50
CHMA,$25.715,1441127441607,"31,692",Not yet rated,NULL,$40
CBNK,$16.39,1441127441711,600,100% bearish,of 1 rating,N/A
CMRX,$48.02,1441127441784,"64,030",50% bullish,of 2 ratings,$57
CHEV,$14.47,1441127441812,404,Not yet rated,NULL,N/A
PLCE,$58.83,1441127441843,"58,713",100% bearish,of 1 rating,$69
CALI,$0.821,1441127441947,"10,057",67% bullish,of 3 ratings,N/A
CADC,$2.8999,1441127441975,400,78% bullish,of 9 ratings,N/A
CCCL,$0.7799,1441127442282,"1,200",100% bullish,of 6 ratings,N/A
CAAS,$6.05,1441127442313,"7,438",93% bullish,of 14 ratings,$11.50
JRJC,$3.46,1441127442339,"61,149",82% bullish,of 11 ratings,N/A
CCCR,$0.7,1441127442360,"1,700",67% bearish,of 3 ratings,N/A
CBPO,$92.68,1441127442385,"73,425",75% bullish,of 8 ratings,$140.50
CBAK,$1.8,1441127442424,"22,327",67% bullish,of 9 ratings,N/A
CHOP,$1.17,1441127442451,"8,085",50% bullish,of 2 ratings,N/A
HGSH,$1.84,1441127442521,"7,500",67% bullish,of 3 ratings,N/A
CNIT,$1.245,1441127442583,"59,606",67% bullish,of 6 ratings,N/A
CHLN,$1.9431,1441127442658,"2,100",67% bullish,of 3 ratings,N/A
CJJD,$1.88,1441127442689,"1,600",100% bullish,of 1 rating,N/A
HTHT,$25.54,1441127442718,"33,400",50% bullish,of 2 ratings,$28.40
CHNR,$1.5605,1441127442788,500,100% bearish,of 1 rating,N/A
CREG,$0.6649,1441127442920,"6,349",100% bullish,of 3 ratings,N/A
CSUN,$1.4563,1441127442954,"5,324",80% bullish,of 5 ratings,N/A
CPGI,$6.84,1441127442976,200,Not yet rated,NULL,N/A
CNTF,$0.795,1441127443052,"38,579",Not yet rated,NULL,N/A
CXDC,$5.94,1441127443082,"17,962",67% bearish,of 3 ratings,N/A
CNET,$0.8537,1441127443117,"14,665",50% bullish,of 2 ratings,N/A
CNYD,$3.15,1441127443185,"3,602",67% bullish,of 3 ratings,N/A
CCIH,$7.4101,1441127443213,"121,228",67% bullish,of 6 ratings,$12.65
IMOS,$18.69,1441127443311,"96,523",60% bullish,of 5 ratings,$21.50
CHSCM,$26.25,1441127443339,"7,457",Not yet rated,NULL,N/A
CHSCL,$27.1325,1441127443365,"7,113",Not yet rated,NULL,N/A
CHSCN,$26.77,1441127443392,"9,265",Not yet rated,NULL,N/A
CHSCO,$28.2756,1441127443525,800,Not yet rated,NULL,N/A
CHDN,$133.11,1441127443571,"11,316",Not yet rated,NULL,$165
CHSCP,$30.5267,1441127443606,269,Not yet rated,NULL,N/A
CDTX,$14.5,1441127443744,"16,748",Not yet rated,NULL,$22
CIFC,$7.11,1441127443772,"1,500",100% bearish,of 1 rating,N/A
CMCT,$15.3,1441127443841,808,100% bearish,of 1 rating,N/A
CHUY,$30.39,1441127443867,"40,865",50% bullish,of 2 ratings,$34
CINF,$50.9436,1441127443927,"149,253",50% bullish,of 4 ratings,$50.50
CMPR,$68.78,1441127443956,"97,757",50% bullish,of 2 ratings,$72.50
CPHR,$5.2,1441127444063,"7,350",100% bearish,of 1 rating,$17
CIDM,$0.5679,1441127444093,"110,327",50% bullish,of 2 ratings,$2.10
CTAS,$83.575,1441127444123,"126,767",100% bearish,of 1 rating,$91
CSCO,$25.27,1441127444148,"9,906,916",83% bullish,of 210 ratings,$32
CRUS,$29.18,1441127444195,"212,084",75% bullish,of 12 ratings,$44.50
CTRN,$26.03,1441127444327,"23,875",100% bearish,of 1 rating,$31.50
CZNC,$19.71,1441127444352,"1,300",Not yet rated,NULL,N/A
CZWI,NULL,1441127444525,0,Not yet rated,NULL,N/A
CZFC,$12.7,1441127444554,200,Not yet rated,NULL,N/A
CIZN,NULL,1441127444662,0,Not yet rated,NULL,N/A
CTXS,$65.79,1441127444725,"580,524",86% bullish,of 7 ratings,$80
CIVB,$9.9999,1441127444757,600,Not yet rated,NULL,$11
CIVBP,NULL,1441127444783,0,Not yet rated,NULL,N/A
CHCO,$46.6,1441127444815,"11,319",Not yet rated,NULL,$46
CDTI,$1.5951,1441127444843,"64,230",75% bullish,of 4 ratings,$3.20
CLNT,$1.43,1441127444871,"14,455",75% bullish,of 8 ratings,N/A
CLNE,$5.13,1441127444914,"385,044",80% bullish,of 15 ratings,$9
CLFD,$17.49,1441127445081,"41,681",67% bullish,of 3 ratings,$18
CLRO,$11.303,1441127445106,"1,352",50% bullish,of 2 ratings,$14.25
CLIR,$4.67,1441127445134,"14,095",100% bullish,of 3 ratings,N/A
CBLI,$4.04,1441127445155,"23,122",60% bullish,of 5 ratings,N/A
CSBK,$13.69,1441127445307,"19,466",Not yet rated,NULL,N/A
CLVS,$79.685,1441127445378,"229,485",60% bullish,of 5 ratings,$101.50
CME,$91.31,1441127445440,"401,960",67% bullish,of 3 ratings,$102
CCNE,$17,1441127445473,"5,188",50% bullish,of 2 ratings,$21.50
CMFN,$11.38,1441127445518,"2,796",100% bearish,of 1 rating,$15.50
CISG,$7.7,1441127445543,"32,554",100% bullish,of 5 ratings,$10
CNV,$4.37,1441127445571,"24,082",50% bullish,of 2 ratings,$7.15
CWAY,$11.1,1441127445601,804,Not yet rated,NULL,N/A
COBZ,$12.63,1441127445626,"13,553",100% bullish,of 1 rating,$14
CDXS,$3.64,1441127445915,"4,270",64% bullish,of 11 ratings,$6
CVLY,$20.5091,1441127445953,266,Not yet rated,NULL,N/A
CDRB,$12.71,1441127445979,"5,795",67% bullish,of 3 ratings,N/A
COKE,$154.05,1441127446004,"11,521",79% bullish,of 19 ratings,N/A
CCOI,$27.39,1441127446033,"79,996",50% bullish,of 4 ratings,$35
JVA,$4.675,1441127446054,"1,668",83% bullish,of 6 ratings,$7
CGNT,$1.5272,1441127446083,"2,500",100% bullish,of 2 ratings,$2
CGNX,$34.39,1441127446252,"115,792",50% bullish,of 2 ratings,$47
CTSH,$61.15,1441127446353,"1,330,219",90% bullish,of 10 ratings,$75
COHR,$56.31,1441127446400,"21,274",50% bullish,of 2 ratings,$72
CHRS,$27.19,1441127446426,"17,978",67% bearish,of 3 ratings,$37
COHU,$9.58,1441127446458,"27,081",100% bearish,of 1 rating,$14.25
CLCT,$17.8927,1441127446484,"38,909",100% bearish,of 1 rating,N/A
CLRX,$0.6601,1441127446512,"77,493",50% bullish,of 2 ratings,N/A
COLL,$13.365,1441127446559,"54,182",100% bearish,of 1 rating,$26
CIGI,$44.05,1441127446731,"35,109",100% bearish,of 1 rating,$52
CLCD,$6.31,1441127446764,"20,582",100% bearish,of 1 rating,$20.50
COLB,$29.21,1441127446832,"36,706",Not yet rated,NULL,$36
CBAN,$8.8,1441127446870,400,Not yet rated,NULL,N/A
COLM,$59.95,1441127446891,"25,790",100% bearish,of 1 rating,$71
CMCSA,$55.45,1441127446966,"3,500,404",66% bullish,of 35 ratings,$69.50
CBMX,$1.14,1441127446992,"13,301",83% bullish,of 6 ratings,$3.15
CMCO,$18.49,1441127447016,"22,472",60% bullish,of 5 ratings,$28
CMCSK,$56.745,1441127447159,"1,241,548",Not yet rated,NULL,$84
CBSH,$43.29,1441127447186,"63,050",50% bullish,of 2 ratings,$46
CBSHP,$25.43,1441127447216,"1,206",100% bearish,of 1 rating,N/A
CUBN,NULL,1441127447242,0,Not yet rated,NULL,N/A
COMM,$31.73,1441127447372,"530,285",67% bearish,of 3 ratings,$35
CVGI,$4.98,1441127447398,"67,995",50% bullish,of 2 ratings,$6
CSAL,$19.98,1441127447464,"231,326",75% bullish,of 4 ratings,$30
JCS,$8.88,1441127447530,900,67% bullish,of 3 ratings,N/A
CTBI,$34.39,1441127447603,"9,404",Not yet rated,NULL,$36
CYHHZ,$0.01,1441127447634,"24,300",100% bullish,of 1 rating,N/A
CWBC,$6.71,1441127447705,"1,212",Not yet rated,NULL,N/A
COB,$10.51,1441127447738,"4,211",100% bullish,of 1 rating,$11.75
ESXB,$5.01,1441127447835,"5,200",Not yet rated,NULL,N/A
CIL,NULL,1441127447863,0,Not yet rated,NULL,N/A
CIZ,$32.4899,1441127447892,572,100% bearish,of 1 rating,N/A
CVLT,$35.04,1441127447920,"93,533",75% bullish,of 4 ratings,$44.50
CID,$32.66,1441127447996,900,Not yet rated,NULL,N/A
CSA,NULL,1441127448068,0,Not yet rated,NULL,N/A
CDC,$33.8,1441127448093,"5,331",Not yet rated,NULL,N/A
CSF,$36.15,1441127448259,987,100% bearish,of 1 rating,N/A
CFO,$34.6412,1441127448314,"16,549",100% bearish,of 1 rating,N/A
CFA,$34.72,1441127448348,700,100% bearish,of 1 rating,N/A
CDL,NULL,1441127448387,0,Not yet rated,NULL,N/A
CTG,$6.62,1441127448489,"18,795",100% bearish,of 1 rating,$8.50
CSB,NULL,1441127448522,0,Not yet rated,NULL,N/A
CPSI,$45.59,1441127448570,"23,680",100% bearish,of 1 rating,$45.50
CGEN,$4.92,1441127448621,"28,398",50% bullish,of 2 ratings,$11
SCOR,$49.92,1441127448646,"143,753",100% bearish,of 1 rating,$66
CHCI,$0.69,1441127448791,100,50% bullish,of 2 ratings,N/A
CNAT,$3.735,1441127448816,"91,785",83% bullish,of 6 ratings,$13
CNSI,$18.5,1441127448845,"18,795",100% bearish,of 2 ratings,$29
CMTL,$26.2,1441127448897,"12,392",100% bearish,of 2 ratings,$37
CNCE,$15.58,1441127448978,"87,961",75% bullish,of 4 ratings,$22
CCUR,$5.61,1441127449066,"16,392",75% bullish,of 4 ratings,N/A
CXRX,$76.61,1441127449108,282,100% bearish,of 1 rating,$90
CDOR,$1.3711,1441127449144,353,100% bullish,of 1 rating,N/A
CDORO,NULL,1441127449198,0,100% bearish,of 1 rating,N/A
CDORP,NULL,1441127449236,0,100% bearish,of 1 rating,N/A
CNFR,$10.1145,1441127449305,"3,507",Not yet rated,NULL,N/A
CFMS,$15.525,1441127449335,"158,056",100% bearish,of 1 rating,$27
CNMD,$51.29,1441127449441,"26,294",Not yet rated,NULL,$59
CTWS,$34.75,1441127449575,"6,185",100% bearish,of 1 rating,$44
CNXR,$7.02,1441127449608,"35,270",100% bearish,of 1 rating,$12
CNOB,$18.77,1441127449631,"26,875",100% bullish,of 1 rating,$23.50
CONN,$28.315,1441127449652,"191,304",67% bullish,of 3 ratings,$48.50
CNSL,$19.23,1441127449711,"36,991",100% bearish,of 1 rating,$23
CWCO,$10.33,1441127449785,"19,844",67% bullish,of 3 ratings,$14.50
CTCT,$24.18,1441127449859,"69,275",67% bullish,of 3 ratings,$37
CPSS,$5.705,1441127449923,"15,324",100% bullish,of 1 rating,$10
CFRX,$5,1441127449948,"7,600",Not yet rated,NULL,$14
CFRXW,$1.82,1441127449981,500,100% bearish,of 1 rating,N/A
CFRXZ,$0.51,1441127450082,"3,125",Not yet rated,NULL,N/A
CTRV,$3.83,1441127450142,"12,415",Not yet rated,NULL,$6.40
CTRL,$8.5799,1441127450327,"149,575",50% bullish,of 2 ratings,$11
CPRT,$34.155,1441127450354,"235,657",67% bearish,of 3 ratings,$40
CRBP,$1.881,1441127450386,"109,893",100% bullish,of 2 ratings,$6.25
CORT,$4.86,1441127450412,"138,114",67% bullish,of 3 ratings,$12
BVA,$3.58,1441127450494,200,50% bullish,of 2 ratings,N/A
CORE,$59.1,1441127450554,"30,170",100% bearish,of 1 rating,$72
CORI,$10.355,1441127450595,"22,371",100% bearish,of 1 rating,$18
CSOD,$35.74,1441127450728,"209,179",50% bullish,of 2 ratings,$42
CRVL,$29.35,1441127450756,"13,993",100% bearish,of 1 rating,N/A
COSI,$1.1002,1441127450777,"42,513",100% bullish,of 1 rating,N/A
COST,$138.226,1441127450827,"689,220",79% bullish,of 24 ratings,$154.50
CSGP,$171.84,1441127450908,"56,596",50% bullish,of 2 ratings,$235
CPAH,NULL,1441127450963,0,50% bullish,of 2 ratings,N/A
ICBK,$18.6,1441127451038,300,Not yet rated,NULL,$21
CVTI,$22.6,1441127451122,"47,846",67% bearish,of 3 ratings,$39
COVS,$2.68,1441127451152,"16,943",67% bullish,of 3 ratings,N/A
COWNL,$26.31,1441127451222,700,Not yet rated,NULL,N/A
CPSH,$2.26,1441127451252,300,Not yet rated,NULL,N/A
COWN,$5.04,1441127451289,"397,839",75% bullish,of 4 ratings,$7
CRAI,$22.7901,1441127451349,"9,235",100% bearish,of 1 rating,$36
CBRL,$142.84,1441127451381,"83,200",50% bullish,of 2 ratings,$155
BREW,$7.89,1441127451452,"9,243",67% bullish,of 6 ratings,$15
CRAY,$20.53,1441127451479,"68,595",83% bullish,of 6 ratings,$38.50
CACC,$202.28,1441127451668,"49,342",50% bullish,of 2 ratings,$158.50
SLVO,$10.001,1441127451753,"1,408",100% bearish,of 1 rating,N/A
CREE,$26.52,1441127451779,"461,290",65% bullish,of 17 ratings,$29.50
GLDI,$11.08,1441127451804,"2,987",100% bearish,of 1 rating,N/A
CRTO,$38.0601,1441127452352,"364,592",67% bullish,of 6 ratings,$64
CCRN,$14.08,1441127452390,"112,557",100% bearish,of 1 rating,$14.25
CRESY,$10.32,1441127452411,"10,767",100% bearish,of 1 rating,$19
CRDS,$1.0005,1441127452446,"3,800",75% bullish,of 4 ratings,$4.50
CROX,$14.21,1441127452467,"181,782",63% bullish,of 8 ratings,$16.50
CRWS,$8.13,1441127452503,"1,400",Not yet rated,NULL,$10
CRWN,$5.112,1441127452528,"178,028",75% bullish,of 4 ratings,N/A
CYRX,$2.76,1441127452549,"17,792",Not yet rated,NULL,$9
CYRXW,$0.74,1441127452685,"21,600",Not yet rated,NULL,N/A
CSGS,$30.28,1441127452719,"48,737",Not yet rated,NULL,$40
CCLP,$14.671,1441127452769,"30,210",67% bearish,of 3 ratings,$20
CSPI,$5.6901,1441127452818,"1,106",67% bullish,of 3 ratings,N/A
CTIC,$1.55,1441127452951,"154,875",84% bullish,of 76 ratings,$5.75
CTCM,$1.62,1441127453131,"325,076",80% bearish,of 5 ratings,$3.90
CTIB,$3.6201,1441127453224,"2,553",100% bearish,of 1 rating,N/A
CTRP,$65.14,1441127453264,"558,812",75% bullish,of 8 ratings,$92.50
CPIX,$6.07,1441127453325,"1,800",Not yet rated,NULL,N/A
CUI,$5.23,1441127453353,"5,079",50% bullish,of 2 ratings,$10
CMLS,$1.32,1441127453383,"144,125",50% bullish,of 4 ratings,$6
CUNB,$21.47,1441127453404,"10,486",Not yet rated,NULL,$24.50
CUTR,$14.89,1441127453436,"39,483",67% bearish,of 3 ratings,$18
CVBF,$15.87,1441127453598,"173,006",Not yet rated,NULL,$18
CRIS,$2.57,1441127453630,"59,178",100% bullish,of 8 ratings,$6
CVV,$10.96,1441127453668,"2,041",100% bullish,of 5 ratings,N/A
CYBR,$50.21,1441127453732,"479,652",75% bullish,of 8 ratings,$66
CYAN,$7.1,1441127453815,"2,636",100% bearish,of 1 rating,N/A
CYBX,$63.91,1441127453863,"88,744",50% bullish,of 4 ratings,$71.50
CYBE,$6.8924,1441127453952,"2,265",100% bearish,of 1 rating,N/A
CYCCP,NULL,1441127454006,0,100% bearish,of 1 rating,N/A
CY,$9.78,1441127454188,"2,662,912",80% bullish,of 10 ratings,$15.50
CYCC,$0.56,1441127454220,"18,802",73% bullish,of 11 ratings,N/A
CBAY,$2.68,1441127454252,"26,130",100% bullish,of 1 rating,$4
CYNA,$15.85,1441127454275,"8,769",50% bullish,of 2 ratings,$31.50
CYNO,$30.97,1441127454296,"115,909",67% bearish,of 3 ratings,$45.50
CYRN,$1.7482,1441127454339,"16,130",67% bullish,of 3 ratings,$4
CONE,$30.7829,1441127454437,"90,262",67% bearish,of 3 ratings,$35.50
CYTK,$6.95,1441127454469,"93,931",71% bullish,of 14 ratings,$13.50
CTSO,$6.984,1441127454570,"15,004",Not yet rated,NULL,$15.625
CYTR,$2.33,1441127454642,"160,339",67% bullish,of 6 ratings,$10
CYTX,$0.3787,1441127454673,"1,222,835",83% bullish,of 12 ratings,$5.50
DAEG,$0.37,1441127454775,5,100% bearish,of 1 rating,N/A
TVIX,$18.1,1441127454801,"7,763,067",81% bullish,of 16 ratings,N/A
TVIZ,$23.34,1441127454834,"9,262",100% bearish,of 1 rating,N/A
XIV,$22.825,1441127454930,"13,156,805",75% bearish,of 4 ratings,N/A
DJCO,NULL,1441127454960,0,Not yet rated,NULL,N/A
ZIV,$35.95,1441127454986,"129,271",Not yet rated,NULL,N/A
DAKT,$8.53,1441127455008,"67,348",50% bullish,of 2 ratings,$12
DTLK,$5.7399,1441127455140,"11,050",100% bearish,of 1 rating,$9
DARA,$0.8475,1441127455173,"37,775",83% bullish,of 6 ratings,$1.50
DAIO,$2.6001,1441127455199,"5,950",Not yet rated,NULL,N/A
DRAM,$1.5199,1441127455279,"6,314",78% bullish,of 9 ratings,N/A
DWCH,$5.11,1441127455364,"10,631",75% bullish,of 4 ratings,$8.25
DBVT,$38.2925,1441127455543,"50,186",100% bearish,of 1 rating,$53
DTEA,$13.23,1441127455571,"24,881",100% bearish,of 2 ratings,$24
PLAY,$34.64,1441127455593,"71,388",100% bullish,of 5 ratings,$42
DWSN,$4.5,1441127455633,"10,002",67% bullish,of 3 ratings,N/A
TRAK,$62.71,1441127455655,"205,376",50% bullish,of 2 ratings,$62.50
DHRM,$1.62,1441127455724,"2,225",Not yet rated,NULL,N/A
DFRG,$14.41,1441127455754,"42,118",100% bearish,of 1 rating,$20
TACOW,$3.93,1441127455857,100,100% bullish,of 1 rating,N/A
TACO,$12.57,1441127455908,"60,019",75% bullish,of 4 ratings,$20
DCTH,$0.43,1441127455937,"20,804",78% bullish,of 9 ratings,N/A
DGAS,$20.32,1441127455958,"2,216",67% bearish,of 3 ratings,N/A
DELTW,NULL,1441127456090,0,Not yet rated,NULL,N/A
DELT,NULL,1441127456121,0,Not yet rated,NULL,N/A
DENN,$11.05,1441127456225,"140,265",100% bullish,of 3 ratings,$15
XRAY,$50.77,1441127456266,"172,898",100% bullish,of 1 rating,$58
DEPO,$26.26,1441127456314,"214,206",60% bullish,of 5 ratings,$29
DERM,$26.33,1441127456341,"26,709",100% bearish,of 1 rating,$33.50
DSCI,$5.815,1441127456395,"31,689",50% bullish,of 2 ratings,$16
DEST,$11.15,1441127456535,"10,544",50% bullish,of 2 ratings,N/A
DXLG,$6.05,1441127456575,"57,541",100% bearish,of 1 rating,$8
DSWL,$1.62,1441127456621,"7,371",100% bullish,of 1 rating,N/A
DXM,$0.2526,1441127456666,"271,646",50% bullish,of 2 ratings,N/A
DMND,$29.55,1441127456755,"55,847",75% bullish,of 12 ratings,$32
DXCM,$88.3998,1441127456809,"375,246",57% bullish,of 7 ratings,$98
DHXM,NULL,1441127456851,0,Not yet rated,NULL,N/A
DHIL,$192.8,1441127456911,"4,272",Not yet rated,NULL,N/A
FANG,$65.23,1441127456943,"342,618",50% bullish,of 2 ratings,$86.50
DCIX,$1.71,1441127457046,"3,507",50% bullish,of 4 ratings,$3.50
DRNA,$10.94,1441127457154,"47,442",67% bearish,of 3 ratings,$25
DGII,$10.24,1441127457188,"50,945",100% bearish,of 1 rating,$11
DRAD,$3.8248,1441127457256,"4,701",100% bullish,of 1 rating,$5.25
DGLY,$7.9001,1441127457287,"49,842",50% bullish,of 6 ratings,$20
DMRC,$37.175,1441127457310,"15,957",100% bearish,of 1 rating,$44
APPS,$2.55,1441127457343,"90,993",100% bearish,of 1 rating,$10.25
DCOM,$16.56,1441127457386,"28,623",100% bearish,of 2 ratings,$16
DIOD,$19.04,1441127457560,"42,036",75% bearish,of 4 ratings,$24
DPRX,$14.74,1441127457597,"16,250",100% bullish,of 2 ratings,$27.75
DISCB,NULL,1441127457691,0,100% bearish,of 1 rating,$35
DISCA,$26.14,1441127457717,"851,665",67% bullish,of 3 ratings,$34
DISCK,$24.955,1441127457747,"609,525",100% bearish,of 1 rating,$32
DSCO,$0.407,1441127457775,"111,799",83% bullish,of 6 ratings,$2.75
DISH,$59.03,1441127457852,"443,753",69% bullish,of 13 ratings,$73
DVCR,$10.94,1441127457915,"12,100",100% bullish,of 1 rating,N/A
DLTR,$70.8,1441127458001,"4,655,277",82% bullish,of 11 ratings,$88
BAGR,$2.6728,1441127458045,"8,910",100% bearish,of 1 rating,$6
DNBF,$25.37,1441127458074,100,Not yet rated,NULL,$27.50
DGICA,$14.19,1441127458104,"8,881",100% bearish,of 1 rating,$17
DLHC,NULL,1441127458136,0,100% bearish,of 1 rating,N/A
DGICB,NULL,1441127458172,0,100% bearish,of 1 rating,N/A
DMLP,$14.4725,1441127458245,"5,162",100% bearish,of 1 rating,N/A
DORM,$50.09,1441127458271,"104,506",100% bearish,of 1 rating,$56
HILL,$9.67,1441127458400,"440,487",60% bearish,of 5 ratings,$9.75
DRWI,$0.1973,1441127458469,"66,923",60% bullish,of 5 ratings,$.45
DRWIW,$0.03,1441127458556,117,Not yet rated,NULL,N/A
DWA,$19.48,1441127458606,"159,944",63% bullish,of 8 ratings,$26
DRYS,$0.4567,1441127458632,"1,515,452",77% bullish,of 31 ratings,$.60
DSKX,$3.34,1441127458658,"11,452",100% bullish,of 1 rating,N/A
DSPG,$8.71,1441127458710,"10,022",100% bearish,of 1 rating,$13.50
CADTU,NULL,1441127458841,0,Not yet rated,NULL,N/A
CADTR,NULL,1441127458869,0,Not yet rated,NULL,N/A
CADT,NULL,1441127458902,0,Not yet rated,NULL,N/A
DTSI,$25.79,1441127459002,"21,603",100% bearish,of 2 ratings,$39.50
DRRX,$2.0513,1441127459029,"29,922",50% bullish,of 6 ratings,$3
DNKN,$48.74,1441127459057,"788,263",67% bullish,of 15 ratings,$56.50
CADTW,NULL,1441127459078,0,Not yet rated,NULL,N/A
DXPE,$29.65,1441127459213,"74,843",50% bullish,of 2 ratings,N/A
DYAX,$22,1441127459289,"202,287",89% bullish,of 9 ratings,$30
DYNT,$3.09,1441127459354,300,75% bullish,of 4 ratings,N/A
ETFC,$24.94,1441127459422,"1,325,049",57% bullish,of 14 ratings,$32.50
DVAX,$27.77,1441127459450,"90,946",70% bullish,of 10 ratings,$40
DYSL,$1.5039,1441127459475,"32,331",100% bullish,of 2 ratings,N/A
BOOM,$11.334,1441127459507,"17,216",67% bullish,of 3 ratings,$12
EBMT,$11.54,1441127459602,300,Not yet rated,NULL,$13.50
EGBN,$41.25,1441127459705,"12,711",Not yet rated,NULL,$48
EGLE,$6.85,1441127459766,"2,804",60% bullish,of 5 ratings,N/A
EROC,$1.5328,1441127459797,"77,175",50% bullish,of 2 ratings,$3
ELNK,$8.315,1441127459819,"124,965",60% bullish,of 5 ratings,$9.50
EGRX,$76.4,1441127459851,"90,704",67% bullish,of 3 ratings,$97
EWBC,$38.82,1441127459898,"258,590",100% bearish,of 1 rating,$50
EACQU,$10.15,1441127459984,300,Not yet rated,NULL,N/A
EBAY,$26.6525,1441127460114,"4,560,181",81% bullish,of 117 ratings,$34
EML,$16.22,1441127460142,"35,553",Not yet rated,NULL,N/A
EVBS,$6.5294,1441127460171,"2,400",Not yet rated,NULL,$7
EBIX,$27.99,1441127460200,"75,481",69% bullish,of 13 ratings,$40
ELON,$0.56,1441127460306,"32,774",50% bullish,of 2 ratings,N/A
ECHO,$22.21,1441127460356,"80,110",67% bearish,of 3 ratings,$34.50
ECTE,$1.49,1441127460442,"5,758",75% bullish,of 4 ratings,N/A
SATS,$43.8,1441127460490,"38,632",50% bullish,of 2 ratings,$60
EEI,$11.69,1441127460518,857,67% bearish,of 3 ratings,N/A
ECACU,NULL,1441127460547,0,Not yet rated,NULL,N/A
EDAP,$3.66,1441127460654,"6,900",60% bullish,of 5 ratings,$4.50
ESES,$3.31,1441127460683,880,100% bearish,of 1 rating,$7
EFUT,$4.607,1441127460835,400,Not yet rated,NULL,N/A
EDUC,$6.5,1441127460856,"23,529",100% bearish,of 1 rating,N/A
EGAN,$3.58,1441127460892,"9,074",50% bullish,of 2 ratings,$6.25
EDGW,$7.11,1441127460917,"1,500",100% bearish,of 1 rating,N/A
EGLT,$11.971,1441127460943,"45,779",50% bullish,of 2 ratings,$21
EHTH,$14.51,1441127460990,"44,403",50% bullish,of 4 ratings,$16.50
EMITF,$1.23,1441127461142,858,75% bullish,of 4 ratings,N/A
LOCO,$12.75,1441127461172,"254,204",69% bullish,of 13 ratings,$19.50
ERI,$9.33,1441127461239,"35,455",100% bearish,of 1 rating,$10
ESLT,$77,1441127461302,"3,942",67% bullish,of 3 ratings,N/A
ESIO,$4.605,1441127461331,"16,438",50% bullish,of 2 ratings,$10
EA,$63.35,1441127461411,"1,428,856",78% bullish,of 36 ratings,$80
ELRC,$10.505,1441127461437,"6,213",100% bearish,of 1 rating,N/A
EFII,$42.92,1441127461468,"69,968",80% bullish,of 5 ratings,$55
ELSE,NULL,1441127461569,0,60% bullish,of 5 ratings,N/A
ELEC,NULL,1441127461641,0,Not yet rated,NULL,N/A
ELECW,NULL,1441127461675,0,Not yet rated,NULL,N/A
ELECU,NULL,1441127461731,0,Not yet rated,NULL,N/A
EBIO,$3.42,1441127461783,"149,414",100% bearish,of 2 ratings,$8.35
CAPX,$22.416,1441127461833,200,Not yet rated,NULL,N/A
RDEN,$10.985,1441127461940,"42,538",100% bearish,of 4 ratings,$15
LONG,$16.975,1441127462071,"4,752",67% bullish,of 3 ratings,$15.75
ESBK,NULL,1441127462102,0,Not yet rated,NULL,N/A
EMCI,$22.77,1441127462138,"6,927",Not yet rated,NULL,N/A
ELTK,$1.2605,1441127462204,"3,956",67% bearish,of 3 ratings,N/A
EMKR,$6.83,1441127462231,"46,979",75% bullish,of 4 ratings,$8.50
EMCF,$23.48,1441127462257,200,100% bearish,of 1 rating,N/A
EMMS,$1.16,1441127462285,200,83% bullish,of 6 ratings,N/A
NYNY,$4.21,1441127462458,"4,924",50% bullish,of 2 ratings,N/A
EMMSP,NULL,1441127462483,0,100% bearish,of 1 rating,N/A
ENTA,$38.03,1441127462554,"64,488",50% bullish,of 2 ratings,$42
ECPG,$38.94,1441127462622,"70,410",100% bullish,of 2 ratings,$52
ERS,$2.99,1441127462647,"2,200",Not yet rated,NULL,N/A
WIRE,$31.7,1441127462680,"33,223",100% bearish,of 1 rating,$37
ECYT,$5.2,1441127462782,"91,938",83% bullish,of 6 ratings,$12
ENDP,$74.22,1441127462822,"897,540",50% bullish,of 6 ratings,$104
EIGI,$14.92,1441127462912,"297,383",67% bearish,of 3 ratings,$22.50
WATT,$7.18,1441127462949,"53,087",50% bullish,of 2 ratings,$13
ELGX,$12.82,1441127462975,"102,031",75% bullish,of 4 ratings,$17
EFOI,$23.16,1441127463044,"411,047",50% bullish,of 2 ratings,$24.50
ENOC,$9.1,1441127463107,"85,236",75% bullish,of 4 ratings,$18
EXXI,$1.765,1441127463134,"624,474",86% bullish,of 7 ratings,$3.50
ERII,$2.63,1441127463156,"5,138",80% bullish,of 5 ratings,$2.50
ENG,$1.03,1441127463192,"16,300",100% bullish,of 3 ratings,N/A
ENPH,$4.53,1441127463294,"242,673",75% bullish,of 4 ratings,$11
ESGR,$147.3,1441127463328,"13,509",100% bearish,of 1 rating,$185
ENTG,$13.5,1441127463427,"153,929",100% bearish,of 1 rating,$18
ENFC,$17.49,1441127463456,438,Not yet rated,NULL,N/A
ENTL,$21.09,1441127463500,"9,298",Not yet rated,NULL,$28
ETRM,$0.272,1441127463560,"200,412",69% bearish,of 35 ratings,$1.625
EBTC,$21.27,1441127463690,400,Not yet rated,NULL,N/A
EFSC,$23.68,1441127463821,"8,418",Not yet rated,NULL,$27
ENVI,$1.82,1441127463856,"3,657",67% bullish,of 3 ratings,N/A
EGT,$2.06,1441127463890,"1,000",100% bullish,of 1 rating,N/A
ENZN,$0.9797,1441127463911,"121,189",100% bullish,of 9 ratings,N/A
ENZY,$9.81,1441127463946,"20,620",67% bullish,of 3 ratings,$9.50
EPIQ,$12.6,1441127463991,"8,865",100% bearish,of 1 rating,$18
EPRS,$5.03,1441127464044,"15,209",82% bullish,of 11 ratings,$15
EPZM,$19.69,1441127464098,"98,880",60% bullish,of 5 ratings,$34
EQFN,$8.07,1441127464281,800,100% bearish,of 1 rating,N/A
PLUS,$74.82,1441127464311,"27,121",50% bullish,of 2 ratings,$88
EQIX,$260.97,1441127464333,"269,405",75% bullish,of 4 ratings,$312.50
EAC,$3.49,1441127464414,"5,032",100% bearish,of 1 rating,$8
ERIE,$81.07,1441127464463,"5,180",Not yet rated,NULL,$73
ESCA,$17.72,1441127464490,700,100% bearish,of 1 rating,$22
ERIC,$9.51,1441127464517,"887,346",67% bullish,of 9 ratings,$12.20
ESCRP,$1.5299,1441127464653,"1,000",100% bearish,of 1 rating,N/A
ESCR,$0.1415,1441127464684,"195,622",50% bullish,of 2 ratings,N/A
ESMC,$1.3801,1441127464753,110,Not yet rated,NULL,N/A
ESSA,$12.97,1441127464778,"2,800",100% bearish,of 1 rating,N/A
ESPR,$47.3,1441127464805,"427,411",70% bearish,of 10 ratings,$122.50
EPIX,$6,1441127464835,362,Not yet rated,NULL,N/A
ETSY,$14.18,1441127464967,"128,871",80% bullish,of 5 ratings,$16
ESSX,$0.487,1441127464992,"36,883",50% bullish,of 2 ratings,N/A
ESND,$33.83,1441127465056,"26,253",100% bearish,of 2 ratings,$40
CLWT,$2.496,1441127465187,300,100% bullish,of 1 rating,N/A
EEFT,$63.34,1441127465215,"36,458",100% bearish,of 1 rating,$67.50
ESEA,$4.96,1441127465242,420,100% bullish,of 1 rating,$15
EVEP,$8.6,1441127465271,"127,891",50% bullish,of 2 ratings,$15
EVK,$3.77,1441127465296,890,75% bearish,of 4 ratings,N/A
EVLV,$2.65,1441127465426,"21,230",60% bullish,of 5 ratings,$4.625
EVOL,$5.9599,1441127465490,"1,900",75% bullish,of 4 ratings,$10
EXA,$10.74,1441127465517,"3,647",100% bearish,of 1 rating,$13
EVOK,$3.67,1441127465553,"21,525",100% bearish,of 1 rating,$13.375
EXAS,$21.92,1441127465587,"296,377",78% bullish,of 9 ratings,$31
EXAC,$18.98,1441127465650,"10,853",100% bearish,of 1 rating,$22.50
EXEL,$5.59,1441127465679,"3,259,796",81% bullish,of 16 ratings,$6
EXFO,$3,1441127465707,391,67% bearish,of 3 ratings,$3.95
EXPE,$110.87,1441127465990,"494,063",64% bullish,of 11 ratings,$130
EXPD,$48.02,1441127466020,"455,380",80% bullish,of 5 ratings,$52
EXLS,$35.87,1441127466046,"27,750",50% bullish,of 2 ratings,$41
EXPO,$42.58,1441127466076,"17,189",100% bearish,of 1 rating,$45.50
ESRX,$82.15,1441127466108,"1,477,320",67% bearish,of 6 ratings,$101
EXLP,$20.5417,1441127466133,"46,742",100% bearish,of 1 rating,$25
EXTR,$2.98,1441127466174,"389,773",80% bullish,of 5 ratings,$3
EYEG,$3.78,1441127466204,"18,419",Not yet rated,NULL,N/A
FB,$87.45,1441127466522,"12,097,028",73% bullish,of 1072 ratings,$111
EZCH,$22.7758,1441127466550,"55,309",75% bullish,of 8 ratings,$19.50
EYEGW,$1.04,1441127466583,500,Not yet rated,NULL,N/A
FFIV,$118.75,1441127466615,"314,864",63% bullish,of 8 ratings,$132
EZPW,$6.42,1441127466637,"106,927",50% bullish,of 4 ratings,$7
FCS,$13.27,1441127466671,"141,488",67% bearish,of 3 ratings,$17
FWM,$2.2,1441127466701,"53,597",100% bearish,of 2 ratings,$3.20
FRP,$15.9,1441127466727,"13,941",100% bearish,of 1 rating,$18
DAVE,$14.19,1441127466941,"3,829",100% bearish,of 1 rating,$15.50
FARM,$22.31,1441127466972,"21,145",100% bearish,of 1 rating,$35
FALC,$1.69,1441127466993,"15,500",63% bearish,of 8 ratings,N/A
FFKT,$25.75,1441127467079,"4,220",Not yet rated,NULL,$29
FARO,$38.66,1441127467158,"26,146",50% bullish,of 2 ratings,$48
FMNB,$8.26,1441127467186,"1,620",Not yet rated,NULL,N/A
FATE,$6.6,1441127467261,"9,660",50% bullish,of 2 ratings,$11
FAST,$37.458,1441127467291,"583,995",80% bullish,of 5 ratings,$45.50
FBSS,$15.8,1441127467322,274,Not yet rated,NULL,N/A
FBRC,$21.78,1441127467344,"26,440",100% bearish,of 1 rating,$29
FDML,$9.07,1441127467392,"84,543",50% bullish,of 4 ratings,$14
FHCO,$1.41,1441127467475,"8,728",50% bullish,of 4 ratings,N/A
FNHC,$21.53,1441127467503,"23,167",100% bearish,of 1 rating,$35
FEIC,$73.87,1441127467532,"52,774",50% bullish,of 2 ratings,$95.50
FCSC,$5.49,1441127467666,"29,012",100% bearish,of 1 rating,$8.125
FENX,$10.047,1441127467691,"26,225",100% bullish,of 1 rating,$14.25
ONEQ,$183.5401,1441127467903,"9,667",100% bullish,of 1 rating,N/A
FGEN,$23.15,1441127467934,"81,485",100% bearish,of 1 rating,$39
LION,$18.77,1441127467967,"54,811",100% bullish,of 1 rating,$20
FDUS,$14.54,1441127467997,"6,854",50% bullish,of 2 ratings,$18
FSC,$6.53,1441127468039,"293,353",60% bullish,of 5 ratings,$8
FSCFL,$24.74,1441127468068,"3,707",Not yet rated,NULL,N/A
FSAM,$8.23,1441127468093,"2,968",100% bearish,of 1 rating,$10.25
FSFR,$8.78,1441127468167,"15,570",100% bearish,of 1 rating,$11.50
FRGI,$50.74,1441127468256,"36,187",50% bullish,of 2 ratings,$70
FITBI,$27.4565,1441127468310,"2,323",Not yet rated,NULL,N/A
FITB,$19.215,1441127468344,"2,664,954",54% bullish,of 13 ratings,$22
FNGN,$31,1441127468395,"145,386",67% bullish,of 3 ratings,$47
FNSR,$15.1725,1441127468443,"155,632",71% bullish,of 7 ratings,$24
FISI,$24.62,1441127468471,"5,386",100% bullish,of 2 ratings,$24.50
FNJN,$1.7501,1441127468635,"25,021",100% bearish,of 1 rating,$5
FNTC,NULL,1441127468660,0,Not yet rated,NULL,N/A
FNTCU,NULL,1441127468703,0,Not yet rated,NULL,N/A
FNTCW,NULL,1441127468733,0,Not yet rated,NULL,N/A
FEYE,$36.98,1441127468836,"1,036,944",88% bullish,of 16 ratings,$55.50
FBNC,$16.63,1441127468869,"3,108",100% bullish,of 1 rating,$20
FNLC,$18.66,1441127468894,"3,626",100% bullish,of 1 rating,N/A
FRBA,$6.069,1441127468965,"1,300",Not yet rated,NULL,$8
BUSE,$6.32,1441127469030,"62,306",Not yet rated,NULL,$6.875
FBIZ,$22.26,1441127469058,"10,570",100% bearish,of 2 ratings,$26
FCAP,$26.5,1441127469104,200,Not yet rated,NULL,N/A
FCFS,$40.06,1441127469201,"43,990",100% bearish,of 3 ratings,$47
FCVA,NULL,1441127469227,0,Not yet rated,NULL,N/A
FCBC,$17.59,1441127469382,"2,461",Not yet rated,NULL,$18
FCNCA,$233.56,1441127469412,268,Not yet rated,NULL,N/A
FCLF,$9.19,1441127469435,"1,500",Not yet rated,NULL,N/A
FCCO,$12.25,1441127469483,"14,494",Not yet rated,NULL,$13.25
FCFP,$6.95,1441127469509,100,Not yet rated,NULL,N/A
FBNK,$16.55,1441127469573,"6,024",100% bearish,of 1 rating,$17.50
FDEF,$36.57,1441127469703,"7,933",Not yet rated,NULL,$38
FFNM,$6.39,1441127469737,200,Not yet rated,NULL,N/A
FFBC,$17.91,1441127469764,"28,490",67% bearish,of 3 ratings,$20.25
FFBCW,NULL,1441127469835,0,100% bearish,of 1 rating,N/A
FFIN,$29.88,1441127469897,"32,760",50% bullish,of 2 ratings,$31.75
FFNW,$12.19,1441127469927,"13,772",Not yet rated,NULL,$14
THFF,$32.53,1441127470001,"7,697",Not yet rated,NULL,$35
FFWM,$21.12,1441127470033,"3,074",Not yet rated,NULL,$24
INBK,$31.07,1441127470135,"8,856",50% bullish,of 2 ratings,$37
FIBK,$26.15,1441127470179,"46,031",Not yet rated,NULL,$32
FRME,$25.6,1441127470270,"85,447",Not yet rated,NULL,$26.50
FNBC,$34.05,1441127470330,"10,515",Not yet rated,NULL,$40
FMBI,$17.01,1441127470355,"85,999",Not yet rated,NULL,$20
FNFG,$8.89,1441127470385,"807,032",80% bullish,of 5 ratings,$9
FMBH,NULL,1441127470414,0,Not yet rated,NULL,N/A
FNWB,$11.957,1441127470519,"5,390",Not yet rated,NULL,N/A
FSLR,$47.7642,1441127470584,"634,323",72% bullish,of 39 ratings,$65
FSGI,$2.49,1441127470612,"1,544",Not yet rated,NULL,N/A
FSFG,$30.94,1441127470633,100,Not yet rated,NULL,N/A
FSBK,$7.69,1441127470764,300,100% bullish,of 1 rating,N/A
BICK,NULL,1441127470789,0,100% bullish,of 1 rating,N/A
FBZ,NULL,1441127470860,0,Not yet rated,NULL,N/A
FTCS,$35.5108,1441127470925,"4,668",100% bearish,of 1 rating,N/A
FCAN,$24.22,1441127470955,150,Not yet rated,NULL,N/A
FCA,$18.695,1441127470989,"4,650",Not yet rated,NULL,N/A
FV,$22.7673,1441127471059,"1,329,644",100% bearish,of 1 rating,N/A
IFV,$17.35,1441127471124,"269,901",100% bearish,of 1 rating,N/A
FEMB,NULL,1441127471194,0,Not yet rated,NULL,N/A
FTSM,$59.9301,1441127471253,"19,518",100% bearish,of 1 rating,N/A
TDIV,$24.17,1441127471302,"31,867",100% bearish,of 1 rating,N/A
FEUZ,$30.71,1441127471329,20,Not yet rated,NULL,N/A
MDIV,$18.98,1441127471386,"79,460",Not yet rated,NULL,N/A
FGM,$34.84,1441127471469,"1,826",Not yet rated,NULL,N/A
FTGC,$22.2701,1441127471517,"28,141",Not yet rated,NULL,N/A
FTHI,$18.94,1441127471564,226,Not yet rated,NULL,N/A
HYLS,$49.4101,1441127471602,"9,678",100% bearish,of 1 rating,N/A
FHK,$32.27,1441127471658,"2,273",Not yet rated,NULL,N/A
FPXI,$26.49,1441127471694,300,Not yet rated,NULL,N/A
SKYY,$28.23,1441127471823,"48,406",100% bullish,of 1 rating,N/A
YDIV,$16.23,1441127471876,"1,869",Not yet rated,NULL,N/A
CU,$12.5925,1441127471903,"4,240",100% bearish,of 1 rating,N/A
PLTM,$6.1901,1441127471931,"2,716",100% bearish,of 1 rating,N/A
FTLB,$18.9971,1441127471963,"1,760",100% bearish,of 1 rating,N/A
FJP,$44.9525,1441127472058,"10,886",Not yet rated,NULL,N/A
LMBS,$50.36,1441127472166,200,Not yet rated,NULL,N/A
CIBR,$17.4396,1441127472269,"38,010",Not yet rated,NULL,N/A
FMB,$51.3,1441127472301,202,Not yet rated,NULL,N/A
QABA,$36.67,1441127472332,"1,769",100% bearish,of 1 rating,N/A
FONE,NULL,1441127472359,0,Not yet rated,NULL,N/A
QCLN,$14.83,1441127472398,"10,529",Not yet rated,NULL,N/A
GRID,$31.16,1441127472433,320,100% bearish,of 1 rating,N/A
CARZ,$33.87,1441127472569,"1,675",100% bearish,of 1 rating,N/A
RDVY,$20.7122,1441127472624,975,Not yet rated,NULL,N/A
QQEW,$40.71,1441127472655,"66,869",Not yet rated,NULL,N/A
QQXT,$39.33,1441127472676,"10,139",Not yet rated,NULL,N/A
QTEC,$39.17,1441127472757,"12,599",Not yet rated,NULL,N/A
QINC,$20.02,1441127472836,100,Not yet rated,NULL,N/A
AIRR,$16.3258,1441127472857,"2,463",100% bearish,of 1 rating,N/A
FTSL,$48.7821,1441127472915,"22,381",100% bearish,of 1 rating,N/A
FKO,$22.33,1441127473015,300,Not yet rated,NULL,N/A
FTW,$30.92,1441127473145,100,Not yet rated,NULL,N/A
FDIV,NULL,1441127473181,0,100% bearish,of 1 rating,N/A
FSZ,$38.39,1441127473213,"6,954",Not yet rated,NULL,N/A
TUSA,NULL,1441127473243,0,Not yet rated,NULL,N/A
FUNC,NULL,1441127473289,0,Not yet rated,NULL,N/A
FKU,$40.6,1441127473316,"7,746",Not yet rated,NULL,N/A
SVVC,$9.2719,1441127473344,"10,054",50% bullish,of 2 ratings,$26
FMER,$17.26,1441127473497,"397,446",50% bullish,of 2 ratings,$20
FSV,$31.38,1441127473530,"12,903",Not yet rated,NULL,$33.60
FISV,$82.94,1441127473590,"260,879",100% bearish,of 3 ratings,$90
FIVE,$37.61,1441127473628,"432,331",75% bearish,of 4 ratings,$44
FIVN,$3.93,1441127473820,"39,950",100% bullish,of 1 rating,$8.50
FLML,$21.501,1441127473850,"56,594",50% bullish,of 2 ratings,$30
FPRX,$18.58,1441127473906,"129,574",50% bullish,of 2 ratings,$35
FLKS,$11.69,1441127473955,"9,833",50% bullish,of 2 ratings,$27
MBSD,$25.14,1441127473982,408,Not yet rated,NULL,N/A
FLXS,$30.58,1441127474014,"8,964",100% bearish,of 2 ratings,N/A
FLXN,$24.2287,1441127474035,"37,003",100% bearish,of 1 rating,$40
SKOR,$50.76,1441127474066,800,Not yet rated,NULL,N/A
FLEX,$10.25,1441127474256,"747,194",63% bullish,of 8 ratings,$12
FLDM,$11.77,1441127474282,"102,459",67% bearish,of 3 ratings,$15
FLIR,$28.08,1441127474314,"289,774",100% bearish,of 2 ratings,$38.50
FFIC,$19.4,1441127474336,"16,913",Not yet rated,NULL,$20.50
FOMX,$10.135,1441127474367,"33,892",50% bullish,of 2 ratings,$23.50
FOGO,$19.42,1441127474417,"35,003",50% bullish,of 2 ratings,$25.50
FONR,$9.735,1441127474607,"1,317",100% bullish,of 1 rating,N/A
FES,$0.93,1441127474658,"5,850",50% bullish,of 2 ratings,$1
FORR,$30.97,1441127474710,"10,766",Not yet rated,NULL,N/A
FORM,$6.59,1441127474738,"68,275",67% bullish,of 3 ratings,$10.50
FTNT,$40.795,1441127474766,"367,013",80% bullish,of 10 ratings,$52
FORTY,NULL,1441127474787,0,100% bearish,of 1 rating,N/A
FBIO,$2.67,1441127474819,"23,963",83% bullish,of 6 ratings,N/A
FWRD,$43.95,1441127475008,"41,694",100% bearish,of 1 rating,$50
FWP,$26.76,1441127475040,"6,103",100% bearish,of 1 rating,$45
FORD,$1.73,1441127475061,"2,634,227",67% bullish,of 3 ratings,N/A
FMI,$22.81,1441127475115,"58,452",100% bearish,of 2 ratings,$27.50
FOSL,$60.03,1441127475147,"296,112",60% bearish,of 5 ratings,$80
FOXF,$15.06,1441127475216,"23,751",100% bearish,of 1 rating,$19
FXCB,$17.16,1441127475243,"4,763",Not yet rated,NULL,$19
FRAN,$11.2,1441127475425,"148,792",50% bullish,of 4 ratings,$15
FRED,$12.99,1441127475453,"47,473",50% bullish,of 2 ratings,$15.50
FELE,$27.96,1441127475485,"91,477",50% bullish,of 4 ratings,$33
FREE,$0.39,1441127475515,"210,395",92% bullish,of 12 ratings,N/A
RAIL,$20.648,1441127475583,"28,528",100% bearish,of 1 rating,$24.50
FEIM,$10.92,1441127475611,"3,500",100% bearish,of 1 rating,N/A
FRPT,$12.9,1441127475679,"109,632",67% bearish,of 3 ratings,$23.50
FTR,$4.9839,1441127475751,"4,414,866",78% bullish,of 27 ratings,$6.25
FTRPR,$100.2001,1441127475883,"1,500",100% bearish,of 1 rating,N/A
FSBW,$23,1441127476061,300,Not yet rated,NULL,N/A
FSYS,$6.78,1441127476086,"65,081",67% bullish,of 3 ratings,$10
FRPH,$30.55,1441127476114,"1,101",100% bearish,of 1 rating,N/A
FTEK,$2.0034,1441127476136,"64,269",75% bullish,of 4 ratings,N/A
FTD,$29.81,1441127476165,"31,208",100% bearish,of 1 rating,$40
FULLL,$25.17,1441127476301,200,Not yet rated,NULL,N/A
FULL,$3.12,1441127476330,"16,136",67% bearish,of 3 ratings,$4.25
FULT,$11.78,1441127476438,"186,793",100% bearish,of 1 rating,$13
FLL,$1.49,1441127476518,462,75% bullish,of 4 ratings,$3.50
FSNN,$2.1216,1441127476554,750,67% bullish,of 3 ratings,$6
FFHL,$0.9703,1441127476584,"1,480",50% bullish,of 4 ratings,N/A
FCEL,$0.886,1441127476605,"1,909,812",88% bullish,of 41 ratings,$2.65
FXEN,$0.98,1441127476637,"15,845",75% bullish,of 4 ratings,$1.10
FXENP,$15.86,1441127476666,"1,067",100% bearish,of 1 rating,N/A
GK,$66.015,1441127476919,"16,656",Not yet rated,NULL,$78
GAIA,$6.01,1441127476947,"3,000",50% bullish,of 2 ratings,$8.50
WILC,$4.9899,1441127476974,154,100% bullish,of 2 ratings,N/A
GLPG,$58.8001,1441127476999,"11,435",100% bullish,of 1 rating,$75
GALT,$2.23,1441127477028,"20,731",80% bullish,of 5 ratings,N/A
GALTU,NULL,1441127477131,0,100% bearish,of 1 rating,N/A
GALE,$1.62,1441127477202,"1,134,839",89% bullish,of 47 ratings,$4
GLMD,$8.26,1441127477232,"9,100",67% bullish,of 3 ratings,$20.50
GLPI,$30.65,1441127477332,"199,420",100% bearish,of 1 rating,$37.50
GALTW,NULL,1441127477361,0,100% bullish,of 1 rating,N/A
GRMN,$36.81,1441127477392,"336,541",50% bullish,of 6 ratings,$46.50
GPIC,$9.5,1441127477428,786,100% bearish,of 1 rating,N/A
GGAC,NULL,1441127477461,0,100% bearish,of 1 rating,N/A
GGACR,$0.26,1441127477526,200,100% bullish,of 1 rating,N/A
GGACU,$10.22,1441127477661,100,Not yet rated,NULL,N/A
GGACW,$0.15,1441127477771,"1,263",Not yet rated,NULL,N/A
GARS,$14.47,1441127477825,"14,110",Not yet rated,NULL,$16
GENC,$9.0134,1441127477875,620,100% bearish,of 1 rating,N/A
GNCMA,$16.59,1441127477909,"42,472",100% bearish,of 1 rating,$12
GFN,$3.66,1441127477939,"4,000",100% bearish,of 2 ratings,$8
GFNCP,$91.475,1441127477961,800,Not yet rated,NULL,N/A
GENE,$2.44,1441127478006,"115,170",100% bullish,of 12 ratings,N/A
GFNSL,NULL,1441127478034,0,Not yet rated,NULL,N/A
GNMK,$9.99,1441127478103,"39,987",67% bullish,of 6 ratings,$14
GNCA,$11.32,1441127478200,"54,497",100% bearish,of 1 rating,$20
GHDX,$26.37,1441127478238,"72,791",50% bullish,of 2 ratings,$30
GNTX,$15.285,1441127478259,"591,767",Not yet rated,NULL,$20
GNVC,$2.3152,1441127478335,"16,364",90% bullish,of 10 ratings,$8.50
THRM,$44.64,1441127478363,"85,405",75% bearish,of 4 ratings,$55.50
GTWN,NULL,1441127478439,0,Not yet rated,NULL,N/A
GEOS,$17.59,1441127478584,"38,201",100% bearish,of 3 ratings,$21
GERN,$2.95,1441127478632,"603,110",88% bullish,of 16 ratings,$5.25
GABC,$28.58,1441127478658,"6,258",Not yet rated,NULL,$31
GIGM,$0.5306,1441127478743,"10,298",100% bullish,of 2 ratings,N/A
ROCK,$16.03,1441127478765,"146,612",80% bullish,of 5 ratings,$24
GEVO,$2.4008,1441127478801,"174,860",75% bullish,of 12 ratings,$5
GIII,$67.385,1441127478829,"140,797",67% bullish,of 3 ratings,$75
GIGA,$1.5301,1441127478896,"116,022",100% bearish,of 1 rating,N/A
GILD,$102.11,1441127478923,"3,456,427",91% bullish,of 87 ratings,$129
GILT,$4.121,1441127478968,"3,430",50% bullish,of 2 ratings,N/A
GBCI,$25.25,1441127479057,"104,475",50% bullish,of 2 ratings,$31
GLADO,$25.55,1441127479102,100,Not yet rated,NULL,N/A
GLAD,$8.812,1441127479153,"123,374",50% bullish,of 2 ratings,$8.75
GOODN,$25.61,1441127479366,300,Not yet rated,NULL,N/A
GOODO,$25,1441127479395,1,Not yet rated,NULL,N/A
GOOD,$14.1704,1441127479416,"24,755",Not yet rated,NULL,$19
GAINO,$25.17,1441127479455,842,Not yet rated,NULL,N/A
GAIN,$7.32,1441127479486,"45,796",100% bullish,of 2 ratings,$8.25
GAINN,$25.1999,1441127479551,"1,474",Not yet rated,NULL,N/A
GOODP,$25.2,1441127479579,942,Not yet rated,NULL,N/A
GAINP,$25.85,1441127479604,501,Not yet rated,NULL,N/A
LAND,$9.04,1441127479761,"41,629",50% bullish,of 2 ratings,$13.75
GLBZ,$11.25,1441127479850,457,Not yet rated,NULL,N/A
GDEF,$10.54,1441127479875,678,Not yet rated,NULL,N/A
GBT,$49.7304,1441127479903,"33,865",100% bearish,of 1 rating,N/A
ENT,$11.1,1441127479929,"167,034",100% bearish,of 1 rating,$18
GBLI,$27.34,1441127480060,"8,000",Not yet rated,NULL,N/A
GPACU,NULL,1441127480085,0,Not yet rated,NULL,N/A
GSOL,$8.25,1441127480221,"11,258",100% bearish,of 1 rating,N/A
ACTX,NULL,1441127480254,0,100% bullish,of 1 rating,N/A
QQQC,$18.38,1441127480297,"2,400",100% bearish,of 1 rating,N/A
SRET,$12.8799,1441127480328,307,Not yet rated,NULL,N/A
ALTY,$14.31,1441127480349,200,Not yet rated,NULL,N/A
SOCL,$17.1426,1441127480370,"12,424",100% bullish,of 2 ratings,N/A
YLCO,$11.6,1441127480412,700,Not yet rated,NULL,N/A
GAI,$6.24,1441127480503,"13,897",50% bullish,of 2 ratings,N/A
GSM,$13.349,1441127480638,"219,264",50% bullish,of 2 ratings,$22
GBIM,$2.6304,1441127480664,"6,853",50% bullish,of 2 ratings,N/A
GLBS,NULL,1441127480685,0,67% bullish,of 3 ratings,N/A
GLRI,$1.04,1441127480851,980,100% bearish,of 1 rating,$4.25
GLNG,$38.36,1441127480936,"327,655",83% bullish,of 6 ratings,$55.50
GDEN,$9.19,1441127480981,700,50% bullish,of 2 ratings,N/A
GLUU,$4.31,1441127481013,"522,125",92% bullish,of 26 ratings,$9
GMLP,$19.74,1441127481034,"46,659",50% bullish,of 4 ratings,$29
GLYC,$7.03,1441127481055,"6,668",50% bullish,of 2 ratings,$14
GOGO,$15.46,1441127481096,"161,327",80% bullish,of 5 ratings,$25
GOGL,$3.0306,1441127481118,"44,334",75% bullish,of 4 ratings,$5
GLDC,$4.0144,1441127481249,"1,900",50% bullish,of 2 ratings,N/A
GOOG,$602.7934,1441127481274,"820,517",88% bullish,of 72 ratings,$825
GBDC,$17.08,1441127481312,"148,127",Not yet rated,NULL,$17.75
GTIM,$6.52,1441127481343,"12,286",Not yet rated,NULL,$11.50
GOOGL,$633.3471,1441127481444,"493,391",88% bullish,of 1082 ratings,$749
GPRO,$42.41,1441127481535,"6,026,436",78% bullish,of 58 ratings,$72
GMAN,$3.735,1441127481586,"10,702",60% bullish,of 5 ratings,$8.50
GPIAW,NULL,1441127481667,0,Not yet rated,NULL,N/A
LOPE,$37.1,1441127481698,"95,501",100% bearish,of 2 ratings,$50
GPIA,NULL,1441127481728,0,100% bearish,of 1 rating,N/A
GPIAU,NULL,1441127481754,0,Not yet rated,NULL,N/A
GRVY,$3.29,1441127481783,"8,100",50% bullish,of 2 ratings,N/A
GBSNU,NULL,1441127481811,0,NULL,NULL,NULL
GBSN,$0.29,1441127481883,"2,630,377",50% bullish,of 2 ratings,$8.25
GSBC,$39.97,1441127481979,"11,900",100% bullish,of 1 rating,$44
GLDD,$5.4,1441127482011,"44,688",100% bearish,of 4 ratings,$7.75
GNBC,$11.78,1441127482036,"3,223",100% bearish,of 1 rating,$16.50
GRBK,$11.701,1441127482112,"61,883",77% bullish,of 13 ratings,N/A
GPP,$14.1,1441127482170,"17,198",Not yet rated,NULL,$20.50
GPRE,$20.47,1441127482239,"175,716",67% bullish,of 6 ratings,$28.50
GLRE,$25.06,1441127482306,"67,388",50% bullish,of 2 ratings,$41
GRIF,NULL,1441127482332,0,100% bearish,of 1 rating,N/A
GRPN,$4.36,1441127482368,"1,925,060",61% bullish,of 71 ratings,$6.75
GRFS,$29.87,1441127482395,"163,132",50% bullish,of 2 ratings,$35
GCBC,$28.497,1441127482420,456,100% bullish,of 1 rating,N/A
GSIG,$12.84,1441127482580,"4,107",100% bearish,of 2 ratings,N/A
OMAB,$40.55,1441127482630,"9,624",100% bullish,of 1 rating,$44
GGAL,$18.88,1441127482660,"98,144",80% bullish,of 5 ratings,$40
GSVC,$8.69,1441127482682,"26,420",50% bullish,of 2 ratings,$15.75
GSIT,$4.62,1441127482713,"8,229",100% bearish,of 1 rating,N/A
GTXI,$0.85,1441127482758,"3,250",100% bullish,of 5 ratings,$.75
GFED,NULL,1441127483083,0,Not yet rated,NULL,$17
GBNK,$15.69,1441127483115,"7,383",100% bearish,of 1 rating,$18
GUID,$6.88,1441127483137,"46,398",100% bearish,of 3 ratings,$10
GULTU,$0.3302,1441127483158,"12,820",100% bearish,of 1 rating,N/A
GIFI,$12.89,1441127483192,"17,675",100% bearish,of 1 rating,$16
GPOR,$34.61,1441127483213,"547,473",75% bullish,of 4 ratings,$54
GURE,$1.7001,1441127483244,"5,745",88% bullish,of 8 ratings,N/A
GWPH,$103.85,1441127483514,"58,959",78% bullish,of 9 ratings,$148.50
HLG,$9,1441127483543,"10,262",100% bearish,of 1 rating,N/A
HEES,$19.75,1441127483571,"153,759",67% bearish,of 3 ratings,$31
HALL,$11.39,1441127483595,"4,862",Not yet rated,NULL,N/A
GYRO,$28,1441127483628,"75,194",100% bearish,of 1 rating,N/A
GWGH,$8.15,1441127483650,200,100% bearish,of 1 rating,$15.05
HNRG,$7.6,1441127483674,"18,872",100% bearish,of 1 rating,$10
HALO,$16.86,1441127483936,"290,837",67% bullish,of 3 ratings,$22.50
HBK,$13.68,1441127483986,"1,253",50% bullish,of 2 ratings,N/A
HMPR,$1.87,1441127484010,"5,100",100% bullish,of 1 rating,N/A
HBHC,$26.93,1441127484034,"142,059",50% bullish,of 2 ratings,$30
HBHCL,$24.2399,1441127484055,"17,282",Not yet rated,NULL,N/A
HNH,$24.47,1441127484191,"8,933",100% bullish,of 1 rating,N/A
HNSN,$0.534,1441127484221,"29,680",88% bullish,of 8 ratings,$.40
HAFC,$23.58,1441127484258,"48,546",100% bullish,of 2 ratings,$28.50
HDNG,$10.015,1441127484296,"4,240",50% bullish,of 4 ratings,N/A
HLIT,$5.7,1441127484325,"65,951",100% bearish,of 1 rating,$6.50
HRMN,NULL,1441127484353,0,Not yet rated,NULL,N/A
HQCL,$12.52,1441127484376,"14,671",67% bullish,of 3 ratings,$14
HRMNU,NULL,1441127484410,0,Not yet rated,NULL,N/A
HRMNW,NULL,1441127484571,0,Not yet rated,NULL,N/A
HART,$1.28,1441127484618,"168,701",100% bearish,of 1 rating,N/A
TINY,$2.44,1441127484651,"16,810",50% bullish,of 2 ratings,$5.26
HBIO,$4.3,1441127484890,"11,037",100% bearish,of 1 rating,$10
HCAP,$12.1398,1441127484958,"8,000",50% bullish,of 2 ratings,$15
HCAPL,NULL,1441127484983,0,Not yet rated,NULL,N/A
HAS,$72.6975,1441127485014,"324,424",63% bullish,of 8 ratings,$84.50
HWBK,NULL,1441127485045,0,100% bearish,of 1 rating,N/A
HWKN,$37.95,1441127485066,"11,213",Not yet rated,NULL,N/A
HA,$22.32,1441127485087,"183,565",67% bullish,of 9 ratings,$27
HCOM,$21.71,1441127485109,"1,905",100% bearish,of 1 rating,$28
HAYN,$37.74,1441127485264,"11,200",100% bearish,of 1 rating,$59
HDS,$31.995,1441127485311,"457,301",100% bearish,of 2 ratings,$39.50
HQY,$28.98,1441127485413,"52,592",67% bullish,of 3 ratings,$35
HCSG,$33.1,1441127485439,"78,240",50% bullish,of 4 ratings,$35
HIIQ,$4.95,1441127485465,"14,440",50% bullish,of 2 ratings,$7
HSTM,$24.33,1441127485605,"24,918",50% bullish,of 2 ratings,$33.75
HTBX,$3.9896,1441127485740,"123,993",50% bullish,of 2 ratings,$15.50
HTLF,$35.71,1441127485771,"8,275",100% bullish,of 1 rating,$39.50
HTLD,$19.79,1441127485792,"169,104",Not yet rated,NULL,$22.50
HWAY,$11.89,1441127485814,"96,350",100% bearish,of 1 rating,$15
HTWR,$82.82,1441127485836,"41,257",50% bullish,of 2 ratings,$103
HSII,$19.43,1441127485883,"15,952",100% bullish,of 3 ratings,$25
HELE,$82.57,1441127485967,"56,403",67% bearish,of 3 ratings,$100
HMNY,NULL,1441127485996,0,100% bearish,of 1 rating,N/A
HNNA,$24.75,1441127486123,"2,077",Not yet rated,NULL,N/A
HMTV,$13.345,1441127486168,"12,878",100% bearish,of 1 rating,$16
HCACU,NULL,1441127486227,0,Not yet rated,NULL,N/A
HSIC,$133.51,1441127486252,"108,347",83% bullish,of 6 ratings,$146
HERO,NULL,1441127486377,0,NULL,NULL,NULL
HTBK,$10.33,1441127486422,"39,958",Not yet rated,NULL,$12
HFWA,$17.38,1441127486479,"16,678",100% bullish,of 1 rating,$20
HEOP,$7.65,1441127486507,"5,417",Not yet rated,NULL,$8.50
HCCI,$11.5,1441127486553,"17,355",100% bearish,of 1 rating,$16.50
MLHR,$26.597,1441127486640,"60,644",50% bullish,of 2 ratings,$33.50
HRTX,$36.4711,1441127486670,"767,418",57% bullish,of 7 ratings,$41
HSKA,$33.76,1441127486703,"9,029",100% bearish,of 1 rating,$38
HFFC,$15.87,1441127486777,702,Not yet rated,NULL,N/A
HIBB,$39.1,1441127486807,"75,173",100% bearish,of 1 rating,$46.50
HPJ,$2.19,1441127486946,"7,131",75% bullish,of 4 ratings,$12.43
HIHO,$4.125,1441127487021,"18,009",Not yet rated,NULL,N/A
HIMX,$6.67,1441127487046,"458,804",86% bullish,of 21 ratings,$8.50
HIFS,$117.49,1441127487074,900,Not yet rated,NULL,N/A
HSGX,$6.04,1441127487208,"3,132",100% bearish,of 1 rating,$17
HOLX,$37.54,1441127487235,"843,291",50% bullish,of 4 ratings,$42
HMNF,$11.689,1441127487272,"1,101",Not yet rated,NULL,N/A
HMSY,$9.895,1441127487299,"242,885",67% bullish,of 3 ratings,$19.35
HBCP,$24.73,1441127487437,429,Not yet rated,NULL,$29
HOLI,$16.92,1441127487471,"84,966",50% bullish,of 4 ratings,$27
HOMB,$37.04,1441127487500,"30,075",Not yet rated,NULL,$42
AWAY,$27.88,1441127487538,"258,966",67% bullish,of 3 ratings,$36
HFBL,$21.647,1441127487602,"1,298",Not yet rated,NULL,N/A
HMIN,$25.8175,1441127487669,"60,097",100% bearish,of 2 ratings,$35
HTBI,$18.07,1441127487763,"78,580",67% bullish,of 3 ratings,$18.625
HMST,$21.87,1441127487799,"65,777",100% bullish,of 2 ratings,$27
HKTV,$4.41,1441127487889,"26,700",100% bearish,of 1 rating,N/A
HFBC,$11.3718,1441127487989,502,Not yet rated,NULL,N/A
CETC,$0.74,1441127488021,"46,319",86% bullish,of 7 ratings,N/A
HOFT,$23.36,1441127488051,"18,605",100% bearish,of 1 rating,N/A
HRZN,$10.4587,1441127488077,"8,556",50% bullish,of 2 ratings,$14.25
HZNP,$28.88,1441127488120,"573,878",85% bullish,of 20 ratings,$40
HBNC,$23.6,1441127488147,"12,385",100% bullish,of 1 rating,$27
HDP,$23.84,1441127488218,"65,020",67% bearish,of 3 ratings,$30.50
ZINC,$7.88,1441127488312,"223,364",100% bearish,of 1 rating,$17
HMHC,$22.44,1441127488341,"431,391",Not yet rated,NULL,$27
HWCC,$7.53,1441127488382,"28,207",100% bearish,of 1 rating,$9
HBMD,$14.44,1441127488472,200,100% bearish,of 1 rating,N/A
HSNI,$59.98,1441127488518,"78,968",Not yet rated,NULL,$80
HOVNP,$4.1399,1441127488549,"1,500",100% bearish,of 1 rating,N/A
HTGM,$5.88,1441127488651,"1,900",100% bearish,of 1 rating,$19.50
HCBK,$8.9,1441127488689,"942,222",83% bullish,of 6 ratings,$8.61
HUBG,$37.04,1441127488783,"50,950",100% bearish,of 1 rating,$43
HSON,$2.6001,1441127488809,"2,920",100% bearish,of 1 rating,$5
HDSN,$3.1123,1441127488837,"1,252",100% bullish,of 1 rating,$6.25
HBAN,$10.54,1441127488858,"2,093,676",76% bullish,of 17 ratings,$12.29
HBANP,NULL,1441127488987,0,100% bearish,of 1 rating,N/A
HURC,$29.53,1441127489020,"3,239",100% bearish,of 1 rating,N/A
HTCH,$1.45,1441127489051,"123,509",100% bearish,of 1 rating,$3.50
HURN,$71.02,1441127489077,"115,972",50% bullish,of 2 ratings,$80
HDRA,NULL,1441127489115,0,Not yet rated,NULL,N/A
HBP,$3.1397,1441127489146,"2,280",100% bullish,of 1 rating,N/A
HDRAU,$0.05,1441127489339,0,Not yet rated,NULL,N/A
HDRAR,NULL,1441127489387,0,Not yet rated,NULL,N/A
HDRAW,NULL,1441127489417,0,Not yet rated,NULL,N/A
HYGS,$9.03,1441127489447,"10,806",50% bullish,of 2 ratings,$13
IACI,$69.22,1441127489468,"267,746",80% bullish,of 5 ratings,$90
IDSY,$3.76,1441127489523,"6,800",100% bearish,of 1 rating,$7
IBKC,$58.85,1441127489608,"55,112",100% bullish,of 1 rating,$70
IKGH,$1.46,1441127489642,"42,430",75% bullish,of 4 ratings,N/A
ICAD,$3.74,1441127489708,"6,880",100% bullish,of 2 ratings,$7.25
IEP,$70.92,1441127489737,"27,241",75% bullish,of 4 ratings,$99
ICFI,$33.69,1441127489769,"84,040",50% bullish,of 2 ratings,$48.50
ICLR,$75.53,1441127489874,"92,049",100% bearish,of 3 ratings,$85
ICON,$13.26,1441127489928,"231,651",50% bullish,of 2 ratings,$28
IPWR,$7.19,1441127490024,800,100% bullish,of 1 rating,$15
ICUI,$110.82,1441127490050,"25,448",Not yet rated,NULL,$122
INVE,$4.66,1441127490104,"19,777",75% bullish,of 4 ratings,$4
IDRA,$2.88,1441127490129,"504,480",89% bullish,of 9 ratings,$6.50
IDXX,$70.12,1441127490186,"226,036",100% bearish,of 1 rating,$76
DSKY,$10.95,1441127490211,"12,878",67% bullish,of 6 ratings,$11.50
IIVI,$16.6,1441127490378,"31,445",100% bearish,of 1 rating,$22
IROQ,$16.97,1441127490403,600,100% bullish,of 1 rating,N/A
RXDX,$13.67,1441127490432,"41,186",100% bullish,of 1 rating,$20
IRG,$4.9,1441127490466,"15,055",100% bearish,of 1 rating,$4.25
KANG,$15.57,1441127490493,"275,095",50% bullish,of 2 ratings,$23.10
IKAN,$2.73,1441127490534,"11,288",83% bullish,of 6 ratings,$5
IKNX,NULL,1441127490564,0,100% bearish,of 1 rating,N/A
ILMN,$195.66,1441127490661,"380,509",80% bullish,of 5 ratings,$245
ISNS,$4.14,1441127490764,"8,178",50% bullish,of 2 ratings,N/A
ICCC,$6.68,1441127490801,"7,073",100% bullish,of 1 rating,N/A
IMDZ,$15.71,1441127490899,"26,906",100% bearish,of 1 rating,$33
IMMR,$11.18,1441127490925,"129,439",80% bullish,of 5 ratings,$15.50
IMNP,$1.26,1441127491006,"72,000",50% bullish,of 2 ratings,$6
IMGN,$13.13,1441127491059,"199,312",75% bullish,of 4 ratings,$17.50
IPXL,$40.98,1441127491090,"142,115",67% bullish,of 3 ratings,$46.50
IMMU,$2.1725,1441127491112,"384,376",86% bullish,of 7 ratings,$2
INCR,$41.095,1441127491146,"217,289",50% bullish,of 2 ratings,$53
IMMY,$7.77,1441127491175,"1,500",100% bearish,of 1 rating,$11
SAAS,$7.195,1441127491250,"186,987",50% bullish,of 2 ratings,$15
INCY,$116.8,1441127491341,"381,542",50% bullish,of 6 ratings,$125.50
IBCP,$14.03,1441127491488,"40,451",100% bullish,of 1 rating,$14.50
INDB,$43.821,1441127491517,"14,494",Not yet rated,NULL,$44
IBTX,$40.51,1441127491592,"7,384",100% bullish,of 2 ratings,$47.25
IDSA,$3.46,1441127491617,100,Not yet rated,NULL,N/A
INFI,$8.615,1441127491758,"106,226",50% bullish,of 4 ratings,$16.50
IPCC,$75.52,1441127491799,"3,657",Not yet rated,NULL,$77.50
III,$3.701,1441127491832,"27,249",57% bullish,of 7 ratings,$6
IMKTA,$49.57,1441127491891,"20,311",100% bearish,of 1 rating,N/A
INWK,$7.08,1441127491920,"26,172",50% bullish,of 2 ratings,$10
INFN,$21.4453,1441127491947,"367,340",71% bullish,of 7 ratings,$28
IFON,$1.25,1441127491979,"20,059",75% bullish,of 4 ratings,N/A
INNL,$12.54,1441127492050,"3,776",100% bearish,of 1 rating,$16.50
INOD,$2.4,1441127492116,"1,800",100% bearish,of 1 rating,N/A
IPHS,$47.28,1441127492141,"52,510",100% bearish,of 1 rating,$60
ISSC,$2.8,1441127492273,"2,675",67% bearish,of 3 ratings,N/A
IOSP,$48.58,1441127492300,"57,113",100% bearish,of 1 rating,N/A
INO,$7.1701,1441127492502,"316,606",89% bullish,of 18 ratings,$20
INOV,$21.59,1441127492528,"124,444",100% bearish,of 1 rating,$33
ITEK,$12.15,1441127492558,"128,375",100% bearish,of 3 ratings,$20
NSIT,$24.75,1441127492580,"48,339",50% bullish,of 2 ratings,N/A
INGN,$48.655,1441127492618,"49,110",100% bearish,of 1 rating,$50.50
ISIG,$2.75,1441127492664,550,100% bearish,of 1 rating,N/A
INSM,$23.78,1441127492717,"95,174",71% bullish,of 7 ratings,$31.50
IIIN,$16.91,1441127492749,"12,657",100% bearish,of 2 ratings,N/A
INSY,$33.18,1441127492853,"298,483",75% bullish,of 4 ratings,$48
PODD,$28.78,1441127492885,"88,238",67% bearish,of 3 ratings,$35
IART,$59.27,1441127492911,"63,069",100% bearish,of 2 ratings,$71.50
NTEC,$5.54,1441127492932,"1,781",100% bearish,of 1 rating,N/A
IESC,$7.04,1441127493074,112,100% bearish,of 1 rating,N/A
IDTI,$18.38,1441127493104,"586,194",60% bullish,of 5 ratings,$25
ISSI,$21.865,1441127493209,"39,923",67% bullish,of 3 ratings,$19.75
INTC,$27.8662,1441127493238,"12,454,301",82% bullish,of 238 ratings,$36
IPCI,$2.2307,1441127493317,"24,963",67% bullish,of 6 ratings,$8
IQNT,$18.16,1441127493447,"64,204",86% bullish,of 7 ratings,$20
IPAR,$24.92,1441127493476,"16,362",67% bullish,of 3 ratings,$38
ININ,$35.62,1441127493505,"34,007",67% bearish,of 3 ratings,$57
IBKR,$38.44,1441127493531,"314,823",100% bullish,of 1 rating,N/A
ICLDW,$1.18,1441127493565,425,100% bearish,of 1 rating,N/A
ICLD,$1.825,1441127493588,"50,099",75% bullish,of 4 ratings,N/A
ICPT,$184.19,1441127493620,"102,709",70% bullish,of 10 ratings,$359.50
TILE,$23.57,1441127493670,"102,972",100% bearish,of 3 ratings,$27
INAP,$8.83,1441127493813,"297,701",75% bullish,of 4 ratings,$11
IDCC,$49.15,1441127493858,"126,440",80% bullish,of 5 ratings,$63
IMI,$2.045,1441127493883,"13,363",67% bullish,of 3 ratings,$2.22
IBOC,$24.83,1441127494105,"24,680",100% bearish,of 1 rating,N/A
ISCA,$31.795,1441127494137,"34,229",100% bearish,of 1 rating,N/A
PTNT,$2.94,1441127494168,105,Not yet rated,NULL,N/A
ISIL,$10.32,1441127494199,"259,215",50% bullish,of 6 ratings,$15
IGLD,$6.92,1441127494226,"3,500",50% bullish,of 2 ratings,N/A
INPH,$0.31,1441127494255,"2,200",50% bullish,of 2 ratings,N/A
XENT,$25.805,1441127494281,"130,175",50% bullish,of 2 ratings,$36.50
IIJI,NULL,1441127494309,0,50% bullish,of 2 ratings,$11.50
IILG,$19.49,1441127494464,"50,261",100% bearish,of 1 rating,$29
INTX,$1.96,1441127494507,"18,612",67% bullish,of 3 ratings,N/A
INTL,$26.04,1441127494533,"35,389",67% bearish,of 3 ratings,N/A
IVAC,$4.65,1441127494595,"20,004",100% bearish,of 1 rating,$6.625
INTLL,$25.6,1441127494621,300,Not yet rated,NULL,N/A
ITCI,$26.9,1441127494827,"290,095",75% bearish,of 4 ratings,$40
INTU,$84.21,1441127494857,"558,129",86% bullish,of 7 ratings,$107.50
IIN,$6.25,1441127494887,"1,000",100% bearish,of 1 rating,$12
ISRG,$503.805,1441127494916,"70,668",67% bullish,of 3 ratings,$600
INVT,$0.3369,1441127494958,"56,933",67% bullish,of 3 ratings,N/A
SNAK,$8.49,1441127494991,"68,352",50% bullish,of 2 ratings,$14
ISTR,$15.73,1441127495045,359,100% bearish,of 1 rating,$18.50
ISBC,$11.445,1441127495141,"941,747",100% bullish,of 1 rating,$13.25
ITIC,$71,1441127495235,200,100% bearish,of 2 ratings,N/A
NVIV,$9.23,1441127495334,"67,205",50% bullish,of 4 ratings,$24.50
IVTY,$13.6,1441127495376,"3,164",Not yet rated,NULL,$18
DTUL,$64.48,1441127495467,"1,062",Not yet rated,NULL,N/A
IPAS,$1.09,1441127495496,"4,600",67% bullish,of 3 ratings,N/A
DFVL,$66.06,1441127495522,830,Not yet rated,NULL,N/A
IPCM,$79.4101,1441127495599,"40,010",50% bullish,of 2 ratings,$80.125
IPGP,$82.09,1441127495670,"113,756",67% bearish,of 3 ratings,$109.50
IRIX,$6.6,1441127495735,"24,680",100% bearish,of 1 rating,N/A
IRMD,$23.73,1441127495756,"15,003",67% bearish,of 3 ratings,$25
IRDM,$7.105,1441127495796,"239,610",60% bullish,of 5 ratings,$11.50
IRDMB,$276,1441127495824,200,67% bearish,of 3 ratings,N/A
IRBT,$28.96,1441127495849,"52,630",67% bullish,of 6 ratings,$37
IRCP,NULL,1441127495982,0,100% bullish,of 2 ratings,N/A
IRWD,$10.91,1441127496114,"389,726",100% bearish,of 1 rating,$13
COMT,$33.1704,1441127496141,"6,656",100% bearish,of 1 rating,N/A
FCHI,NULL,1441127496167,0,NULL,NULL,NULL
IFAS,NULL,1441127496189,0,NULL,NULL,NULL
GNMA,$50.245,1441127496320,"3,680",Not yet rated,NULL,N/A
IFEU,$37.09,1441127496367,"23,686",Not yet rated,NULL,N/A
IFGL,$27.506,1441127496396,"41,717",Not yet rated,NULL,N/A
ACWX,$39.5448,1441127496500,"251,612",100% bearish,of 1 rating,N/A
IFNA,NULL,1441127496531,0,NULL,NULL,NULL
AXJS,NULL,1441127496580,0,NULL,NULL,NULL
AAIT,NULL,1441127496627,0,NULL,NULL,NULL
AAXJ,$51.81,1441127496658,"389,427",Not yet rated,NULL,N/A
ACWI,$54.27,1441127496761,"804,167",Not yet rated,NULL,N/A
EMDI,NULL,1441127496788,0,NULL,NULL,NULL
EEMA,$48.96,1441127496836,"13,907",Not yet rated,NULL,N/A
EEME,NULL,1441127496893,0,NULL,NULL,NULL
EMEY,NULL,1441127496915,0,NULL,NULL,NULL
EGRW,NULL,1441127496967,0,NULL,NULL,NULL
EEML,$27.25,1441127497147,"1,379",Not yet rated,NULL,N/A
EVAL,NULL,1441127497180,0,NULL,NULL,NULL
EUFN,$21.1564,1441127497211,"98,351",100% bearish,of 1 rating,N/A
IBB,$335.33,1441127497279,"672,616",63% bullish,of 8 ratings,N/A
UAE,$18.08,1441127497304,"18,559",Not yet rated,NULL,N/A
IEUS,$44.351,1441127497336,"15,186",100% bearish,of 1 rating,N/A
QAT,$21.49,1441127497361,"21,916",Not yet rated,NULL,N/A
SOXX,$80.4001,1441127497512,"121,032",50% bullish,of 2 ratings,N/A
EMIF,$28.07,1441127497547,"55,870",Not yet rated,NULL,N/A
WOOD,$47.12,1441127497614,"3,665",50% bullish,of 2 ratings,N/A
ICLN,$9.2648,1441127497641,"7,930",50% bullish,of 2 ratings,N/A
INDY,$26.64,1441127497666,"95,427",50% bullish,of 2 ratings,N/A
ISIS,$48.9,1441127497842,"721,790",53% bullish,of 15 ratings,$67
IGOV,$90.8355,1441127497887,"96,998",100% bearish,of 1 rating,N/A
ISHG,$79.91,1441127497926,"5,154",100% bearish,of 1 rating,N/A
ISLE,$17.87,1441127498019,"148,399",50% bullish,of 4 ratings,$16
ISRL,NULL,1441127498083,0,100% bearish,of 1 rating,N/A
ITRI,$29.64,1441127498110,"71,860",100% bearish,of 1 rating,$37
ITUS,$4,1441127498131,"1,600",Not yet rated,NULL,N/A
ITRN,$23.5,1441127498273,800,50% bullish,of 2 ratings,N/A
IXYS,$11.42,1441127498308,"72,251",50% bullish,of 4 ratings,N/A
XXIA,$15.07,1441127498338,"90,576",71% bullish,of 7 ratings,$14.625
JJSF,$112.23,1441127498435,"7,863",100% bearish,of 1 rating,N/A
JBHT,$71.5,1441127498491,"315,476",50% bullish,of 4 ratings,$89.50
MAYS,NULL,1441127498543,0,Not yet rated,NULL,N/A
JASO,$7.9119,1441127498648,"441,882",82% bullish,of 17 ratings,$10
JCOM,$67.13,1441127498731,"75,413",100% bullish,of 2 ratings,$77
JKHY,$65.49,1441127498757,"171,848",50% bullish,of 2 ratings,$72
JACK,$76.65,1441127498779,"114,012",83% bullish,of 6 ratings,$105
JXSB,$24,1441127498813,600,Not yet rated,NULL,N/A
JAXB,$13.7,1441127498834,578,100% bullish,of 1 rating,N/A
JMBA,$13.98,1441127498985,"44,802",75% bullish,of 4 ratings,$18
JAGX,$3,1441127499011,"1,550",Not yet rated,NULL,$10.50
JAKK,$9.41,1441127499039,"107,289",60% bearish,of 5 ratings,$11
JRVR,$27.1,1441127499174,"15,857",Not yet rated,NULL,$32
ERW,NULL,1441127499250,0,Not yet rated,NULL,N/A
JASNW,NULL,1441127499276,0,50% bullish,of 2 ratings,N/A
JASN,$4.9,1441127499350,"5,968",50% bullish,of 2 ratings,$9.50
JAZZ,$164.45,1441127499415,"105,155",80% bullish,of 15 ratings,$206.50
JD,$25.37,1441127499441,"2,859,382",75% bullish,of 16 ratings,$36
JBLU,$22.08,1441127499493,"1,795,063",94% bullish,of 18 ratings,$27
JTPY,$2.93,1441127499570,5,100% bearish,of 1 rating,N/A
JST,$3.79,1441127499711,"2,403",75% bullish,of 4 ratings,N/A
JIVE,$4.58,1441127499740,"114,364",75% bullish,of 4 ratings,$5
JCTCF,NULL,1441127499770,0,100% bullish,of 1 rating,N/A
DATE,$5.99,1441127499792,"11,316",75% bullish,of 4 ratings,$9
WYIGU,NULL,1441127499830,0,100% bearish,of 1 rating,N/A
JOEZ,$0.1702,1441127499881,"13,414",92% bullish,of 12 ratings,N/A
JBSS,$51,1441127499929,"4,783",67% bearish,of 3 ratings,N/A
JUNO,$35.15,1441127500157,"240,389",73% bullish,of 11 ratings,$71.50
JNP,$10.97,1441127500184,"7,956",100% bullish,of 3 ratings,$15
JOUT,$24.58,1441127500205,126,100% bearish,of 1 rating,$34
KNDI,$6.431,1441127500336,"157,548",86% bullish,of 22 ratings,N/A
KTWO,$21.04,1441127500368,"37,034",100% bearish,of 1 rating,$28.50
KBIO,$2.1394,1441127500389,"47,012",50% bullish,of 4 ratings,N/A
KALU,$81.65,1441127500418,"42,916",67% bearish,of 3 ratings,$91
KMDA,$3.505,1441127500467,"8,970",50% bullish,of 2 ratings,$8
KBSF,NULL,1441127500554,0,100% bullish,of 1 rating,N/A
KCLI,$46.4,1441127500609,"2,700",Not yet rated,NULL,N/A
KPTI,$13.53,1441127500636,"50,890",67% bearish,of 3 ratings,$39
KCAP,$4.65,1441127500858,"43,303",75% bullish,of 4 ratings,$6
KELYA,$14.19,1441127500902,"19,881",67% bullish,of 6 ratings,$20
KRNY,$11.31,1441127500932,"201,496",100% bearish,of 1 rating,$12
KELYB,NULL,1441127501034,0,50% bullish,of 2 ratings,N/A
KERX,$5.97,1441127501273,"214,148",82% bullish,of 11 ratings,$12
KMPH,$19.58,1441127501299,"14,368",100% bearish,of 2 ratings,$22
KFFB,$8.6701,1441127501332,500,100% bearish,of 1 rating,N/A
