Symbol,Price,Date,Volume,Rating,RatingVoteCount,OneYearEstimate
TFSCU,NULL,1440781802969,0,Not yet rated,NULL,N/A
PIH,$7.7,1440781803000,"9,000",100% bearish,of 1 rating,N/A
TFSCW,$0.21,1440781803024,"1,100",100% bearish,of 1 rating,N/A
FLWS,$8.6,1440781803050,"291,953",80% bullish,of 5 ratings,$15
FCCY,NULL,1440781803075,0,100% bullish,of 1 rating,$13
FCTY,NULL,1440781803100,0,100% bullish,of 1 rating,$8.50
VNET,$18.16,1440781803332,"308,009",60% bullish,of 5 ratings,$35
SRCE,$29.25,1440781803498,"15,024",100% bullish,of 3 ratings,$33
TWOU,$34.58,1440781803527,"83,556",50% bullish,of 2 ratings,$39
DGLD,$80.9301,1440781803631,"14,336",100% bullish,of 1 rating,N/A
DSLV,$70.262,1440781803664,"5,831",100% bearish,of 1 rating,N/A
UGLD,$9.3195,1440781803692,"259,992",100% bearish,of 1 rating,N/A
USLV,$12.3395,1440781803762,"201,154",86% bullish,of 7 ratings,N/A
JOBS,$27.2,1440781804077,"23,404",50% bullish,of 4 ratings,$36
SIXD,$2.64,1440781804254,"75,237",Not yet rated,NULL,N/A
CAFD,$15.165,1440781804387,"73,918",Not yet rated,NULL,$25
SHLM,$34.19,1440781804434,"16,258",100% bearish,of 1 rating,$47
EGHT,$7.98,1440781804604,"84,737",82% bullish,of 17 ratings,$11
AAON,$20.6,1440781804643,"34,512",100% bearish,of 1 rating,$24
AVHI,$13.95,1440781804668,"7,931",100% bearish,of 1 rating,$19
ABAX,$47.09,1440781804797,"43,355",100% bearish,of 1 rating,$60
ABGB,$5.71,1440781804880,"24,041",67% bullish,of 3 ratings,$5.50
ABY,$22.61,1440781804951,"211,878",100% bearish,of 2 ratings,$46
ABEOW,$1.8301,1440781805023,"1,961",100% bullish,of 1 rating,N/A
AXAS,$1.99,1440781805083,"620,421",78% bullish,of 9 ratings,$3.50
ABEO,$4.74,1440781805181,"19,854",50% bullish,of 4 ratings,$15.50
ABMD,$97.9513,1440781805286,"154,435",75% bullish,of 4 ratings,$100.50
ACTG,$9.47,1440781805540,"83,432",67% bullish,of 3 ratings,$18.50
ACHC,$74.568,1440781805584,"163,271",50% bullish,of 2 ratings,$92
ACAD,$38.01,1440781805624,"196,034",80% bullish,of 20 ratings,$48
ACST,$0.3553,1440781805766,"1,256",100% bullish,of 2 ratings,N/A
AXDX,$18.64,1440781805819,"47,009",100% bearish,of 1 rating,N/A
ARAY,$6.74,1440781805917,"312,984",100% bearish,of 1 rating,$10.50
VXDN,$2,1440781805974,"19,885",100% bearish,of 1 rating,N/A
XLRN,$29.21,1440781806052,"49,661",50% bullish,of 2 ratings,$57
ANCX,$20.04,1440781806080,"15,035",Not yet rated,NULL,$20
VXUP,$1.5842,1440781806210,"28,877",100% bearish,of 1 rating,N/A
ACRX,$4.34,1440781806237,"153,214",67% bearish,of 6 ratings,$5.50
ACET,$22.611,1440781806462,"36,532",75% bullish,of 4 ratings,$30
AKAO,$6.86,1440781806607,"13,918",75% bullish,of 4 ratings,$15
ACIW,$21.3,1440781806764,"126,569",67% bearish,of 3 ratings,$24
ACHN,$7.78,1440781806789,"812,097",90% bullish,of 21 ratings,$16
ACNB,$19.82,1440781806870,"2,870",Not yet rated,NULL,N/A
ACOR,$32.33,1440781806917,"300,739",67% bearish,of 3 ratings,$38.50
ACTA,$14.21,1440781807063,"59,579",67% bearish,of 3 ratings,$25
ACTS,$1.6199,1440781807149,"33,950",100% bearish,of 1 rating,N/A
ACPW,$1.8,1440781807199,"26,670",100% bullish,of 4 ratings,$3.50
ATVI,$29.5472,1440781807300,"20,589,164",68% bullish,of 84 ratings,$31.50
ACXM,$20.95,1440781807432,"75,973",67% bullish,of 3 ratings,N/A
ACUR,$3.04,1440781807492,"33,711",100% bullish,of 5 ratings,$1
ADMS,$20.4076,1440781807639,"30,066",100% bearish,of 2 ratings,$36
ADMP,$3.76,1440781807811,"5,706",50% bullish,of 2 ratings,$10
ADAP,$11.45,1440781807902,"47,594",67% bullish,of 3 ratings,$22
TFSC,NULL,1440781808053,0,100% bearish,of 1 rating,N/A
ADMA,$9.35,1440781808090,"10,648",Not yet rated,NULL,$19
ADUS,$28.75,1440781808190,"12,541",100% bearish,of 1 rating,$31
ADEP,$6.86,1440781808219,"8,932",50% bullish,of 2 ratings,$10.75
TFSCR,NULL,1440781808350,0,Not yet rated,NULL,N/A
ADTN,$15.8,1440781808380,"107,739",67% bullish,of 3 ratings,$17.125
AEY,$2.36,1440781808410,"2,953",100% bearish,of 2 ratings,N/A
ADRO,$20.23,1440781808488,"95,798",80% bullish,of 5 ratings,$45.50
ADBE,$78.91,1440781808525,"721,657",65% bullish,of 17 ratings,$90
AMD,$1.86,1440781808590,"3,595,793",83% bullish,of 103 ratings,$2
AEIS,$24.54,1440781808630,"39,924",50% bullish,of 2 ratings,$32.50
ADXS,$14.79,1440781808774,"284,999",64% bullish,of 14 ratings,$27
ADXSW,$10.25,1440781808872,"1,450",100% bullish,of 1 rating,N/A
AEGR,$17.59,1440781809042,"114,105",50% bullish,of 6 ratings,$26
AEHR,$2.39,1440781809092,800,50% bullish,of 2 ratings,N/A
AMTX,$2.9601,1440781809178,"17,459",50% bullish,of 2 ratings,$26.11
MULT,NULL,1440781809198,0,100% bearish,of 1 rating,N/A
AEPI,$53.54,1440781809227,"5,631",100% bearish,of 1 rating,N/A
AEGN,$18.39,1440781809257,"31,842",100% bearish,of 2 ratings,$21
YPRO,$22.91,1440781809359,1,100% bearish,of 1 rating,N/A
AEZS,$0.0873,1440781809466,"6,650,160",90% bullish,of 21 ratings,$1.50
AFMD,$10.23,1440781809628,"49,906",50% bullish,of 4 ratings,$15
AFFX,$9.47,1440781809655,"84,990",80% bullish,of 5 ratings,$12.50
AEMD,$7.15,1440781809676,"75,995",Not yet rated,NULL,$27.50
AERI,$16.99,1440781809697,"211,482",75% bullish,of 4 ratings,$31.50
AVAV,$24.12,1440781809734,"32,034",50% bullish,of 4 ratings,$31
AGEN,$7.22,1440781809870,"321,862",85% bullish,of 13 ratings,$14
AGFS,$10.09,1440781810086,"78,091",100% bearish,of 1 rating,N/A
AGIO,$90.06,1440781810116,"90,166",88% bullish,of 8 ratings,$114
AGYS,$10.03,1440781810138,"6,088",100% bearish,of 1 rating,N/A
AGRX,$8.75,1440781810159,"12,206",100% bearish,of 1 rating,$17.50
AGFSW,$2.19,1440781810197,100,100% bearish,of 2 ratings,N/A
AIRM,$37.39,1440781810289,"74,131",80% bearish,of 5 ratings,$53
ATSG,$9,1440781810549,"45,638",67% bullish,of 3 ratings,$13
AIXG,$6.43,1440781810581,"21,949",67% bearish,of 3 ratings,$5.25
AKBA,$6.76,1440781810609,"43,856",100% bearish,of 1 rating,$18
AIMT,$21.57,1440781810630,"117,363",Not yet rated,NULL,N/A
AKAM,$71.56,1440781810663,"612,960",63% bullish,of 8 ratings,$77
AMCN,$4.55,1440781810693,"69,675",83% bullish,of 6 ratings,N/A
AKER,$2.59,1440781810765,"6,225",Not yet rated,NULL,N/A
AIRT,$21.67,1440781810833,100,100% bullish,of 1 rating,N/A
AKRX,$41.33,1440781811035,"145,612",78% bullish,of 9 ratings,$56
ALDR,$38.39,1440781811290,"86,298",67% bearish,of 3 ratings,$62
ALRM,$16.91,1440781811395,"93,971",100% bearish,of 1 rating,$22
AMRI,$20.43,1440781811421,"57,197",75% bearish,of 4 ratings,$24
ALDX,$6.7043,1440781811448,"13,885",100% bearish,of 1 rating,$14.50
ADHD,$8.05,1440781811477,"88,269",50% bullish,of 4 ratings,$18
ALXN,$177.12,1440781811581,"356,666",88% bullish,of 8 ratings,$223
ABDC,$12.68,1440781811743,"11,484",Not yet rated,NULL,$15
ALGN,$57.1,1440781811786,"84,600",100% bearish,of 2 ratings,$73
ALCO,$42.22,1440781811821,"3,140",50% bullish,of 2 ratings,N/A
ALKS,$61.69,1440781811954,"197,020",67% bullish,of 3 ratings,$75
ALSK,$2.1575,1440781812008,"60,838",78% bullish,of 18 ratings,$2
ALGT,$209.7,1440781812089,"46,833",100% bearish,of 2 ratings,$235
ALIM,$3.4797,1440781812139,"15,764",80% bullish,of 5 ratings,$10
ALXA,$1.1301,1440781812309,"6,853",83% bullish,of 6 ratings,$2.125
ALLB,$22.8,1440781812338,429,Not yet rated,NULL,N/A
AFOP,$19.05,1440781812359,"45,871",75% bullish,of 8 ratings,$21
AMOT,$18.75,1440781812533,"36,916",100% bearish,of 1 rating,N/A
AIQ,$14.06,1440781812558,"2,925",67% bullish,of 3 ratings,N/A
AHPI,$1.45,1440781812583,101,50% bullish,of 2 ratings,N/A
AHGP,$36.64,1440781812614,"58,809",67% bullish,of 3 ratings,N/A
MDRX,$13.73,1440781812812,"324,803",60% bullish,of 5 ratings,$16
ALQA,$4.4199,1440781812941,"13,064",75% bullish,of 4 ratings,$8.50
AFAM,$45.63,1440781812976,"15,287",50% bullish,of 2 ratings,$44
ALLT,$5.44,1440781813028,"101,699",75% bullish,of 4 ratings,$6.25
ARLP,$25.14,1440781813054,"120,619",67% bearish,of 3 ratings,$32
ALNY,$107.49,1440781813111,"132,941",67% bullish,of 3 ratings,$148.50
AOSL,$7.45,1440781813135,"25,737",67% bullish,of 3 ratings,$9
SMCP,NULL,1440781813380,0,Not yet rated,NULL,N/A
ALTR,$48.59,1440781813420,"389,279",80% bearish,of 5 ratings,$54
AMRN,$2.19,1440781813445,"473,331",85% bullish,of 39 ratings,$8
ASPS,$26.14,1440781813478,"76,978",67% bullish,of 3 ratings,$46.50
ATEC,$0.57,1440781813587,"8,700",100% bullish,of 1 rating,$2
AMAG,$65.37,1440781813641,"150,016",100% bullish,of 2 ratings,$77.50
AIMC,$24.81,1440781813666,"41,353",100% bearish,of 2 ratings,$28.50
AMRK,$10,1440781813824,450,50% bullish,of 2 ratings,$14
AYA,$20.65,1440781813926,"7,278",100% bearish,of 1 rating,$40
AMZN,$515.96,1440781814016,"713,486",81% bullish,of 264 ratings,$646
EPAX,$2.69,1440781814251,"73,147",100% bearish,of 1 rating,N/A
AMBA,$96.14,1440781814280,"1,076,762",83% bullish,of 12 ratings,$102.50
AMBC,$15.995,1440781814305,"60,940",100% bearish,of 1 rating,$16.50
AMDA,$0.4722,1440781814447,"368,735",90% bullish,of 10 ratings,$1
AMBCW,NULL,1440781814515,0,100% bearish,of 1 rating,N/A
AMCX,$73.42,1440781814658,"153,775",67% bullish,of 3 ratings,$87.50
AMED,$39.3,1440781814683,"86,450",100% bearish,of 1 rating,$42
DOX,$57.67,1440781814710,"99,106",67% bearish,of 3 ratings,$60
AMOV,$18.43,1440781814947,"2,056",100% bearish,of 1 rating,N/A
AAL,$38.55,1440781814974,"3,708,394",93% bullish,of 88 ratings,$57
UHAL,$376.04,1440781815002,"13,670",100% bullish,of 2 ratings,$393.50
AGNC,$19.335,1440781815138,"798,412",71% bullish,of 28 ratings,$22
ATAX,$5.1663,1440781815165,"37,810",100% bullish,of 1 rating,$6.50
ASBI,$22.78,1440781815191,573,Not yet rated,NULL,N/A
AGNCB,$24.2701,1440781815344,"5,300",Not yet rated,NULL,N/A
AGNCP,$25.33,1440781815373,"2,528",Not yet rated,NULL,N/A
MTGE,$15.24,1440781815424,"409,617",75% bullish,of 4 ratings,$19.50
MTGEP,$24.4082,1440781815480,103,Not yet rated,NULL,N/A
ACSF,$12.37,1440781815582,"7,767",100% bearish,of 1 rating,$15
ACAS,$13.865,1440781815729,"372,065",60% bullish,of 5 ratings,$16.75
AMNB,$23.37,1440781815826,"2,125",Not yet rated,NULL,$25.50
ANCI,$1.55,1440781815934,122,100% bearish,of 1 rating,N/A
AMIC,NULL,1440781815963,0,Not yet rated,NULL,N/A
AETI,NULL,1440781815995,0,67% bearish,of 3 ratings,N/A
ANAT,$100.44,1440781816069,"16,311",100% bullish,of 1 rating,N/A
APEI,$22.525,1440781816095,"13,620",100% bearish,of 1 rating,$25.50
ARII,$40.94,1440781816159,"65,519",67% bearish,of 3 ratings,$45
ASEI,$38.72,1440781816225,"4,901",100% bearish,of 1 rating,$52.50
AMRB,$10.08,1440781816317,"1,107",Not yet rated,NULL,$11
AMSWA,$9.01,1440781816367,"89,403",100% bearish,of 2 ratings,$10.75
AMSC,$4.59,1440781816445,"41,007",50% bullish,of 4 ratings,N/A
AMWD,$66.19,1440781816496,"21,748",50% bullish,of 2 ratings,$70
CRMT,$36.1699,1440781816544,"7,468",100% bearish,of 1 rating,$39
ABCB,$26.82,1440781816699,"39,988",Not yet rated,NULL,$31
ASRV,$3.22,1440781816882,100,100% bullish,of 2 ratings,N/A
FOLD,$14.85,1440781816988,"262,054",56% bullish,of 9 ratings,$21
ATLO,$23.87,1440781817028,"3,081",Not yet rated,NULL,N/A
AMPH,$13.35,1440781817116,"47,683",50% bullish,of 2 ratings,$20
AMSG,$80.075,1440781817141,"89,992",100% bearish,of 1 rating,$85.50
ASRVP,NULL,1440781817190,0,Not yet rated,NULL,N/A
AMGN,$154.82,1440781817319,"1,421,873",89% bullish,of 19 ratings,$185
AMKR,$5.11,1440781817391,"589,978",100% bearish,of 2 ratings,$5
AMSF,$46.45,1440781817420,"21,239",Not yet rated,NULL,$57.50
AMSGP,$153.95,1440781817468,"32,858",Not yet rated,NULL,N/A
AFSI,$58.4801,1440781817496,"75,602",60% bullish,of 5 ratings,$72
ASYS,$5.39,1440781817521,"15,620",67% bullish,of 3 ratings,$12
AMRS,$1.74,1440781817767,"24,002",70% bullish,of 10 ratings,N/A
ANAC,$133.64,1440781817910,"139,301",80% bullish,of 5 ratings,$180.50
ANAD,$0.33,1440781817935,"45,193",100% bullish,of 2 ratings,$.50
ADI,$56.79,1440781817960,"883,894",67% bullish,of 3 ratings,$69
ALOG,$79.5,1440781818103,"20,603",100% bearish,of 2 ratings,$100.50
ANGO,$14.595,1440781818257,"24,169",67% bullish,of 3 ratings,$19
ANGI,$5.215,1440781818307,"158,845",64% bullish,of 11 ratings,$5.50
ANCB,$22,1440781818390,"28,700",Not yet rated,NULL,$23
ANIP,$51.69,1440781818436,"76,441",89% bullish,of 19 ratings,$66
ABCW,$41.17,1440781818476,"5,002",67% bullish,of 3 ratings,N/A
AMCF,$0.2366,1440781818508,"1,284",100% bullish,of 7 ratings,N/A
ANSS,$89.53,1440781818537,"102,840",100% bearish,of 1 rating,$100
ANIK,$35.82,1440781818582,"57,374",60% bullish,of 5 ratings,$51.25
ATRS,$1.795,1440781818640,"124,822",92% bullish,of 12 ratings,$4.50
ANTH,$7.385,1440781818829,"294,264",80% bullish,of 10 ratings,$13
ABAC,$0.7167,1440781818865,"4,585",100% bearish,of 1 rating,N/A
APIC,$6.93,1440781819028,"59,015",100% bearish,of 1 rating,$19
ATNY,$2.34,1440781819053,999,50% bullish,of 2 ratings,$3.75
APOL,$11.56,1440781819238,"328,556",87% bearish,of 68 ratings,$14
APOG,$51.04,1440781819268,"36,259",50% bullish,of 2 ratings,$67
ARCI,NULL,1440781819289,0,Not yet rated,NULL,N/A
AINV,$6.63,1440781819319,"399,471",50% bullish,of 4 ratings,$8
AAPL,$112.65,1440781819369,"16,924,421",86% bullish,of 2351 ratings,$150
APPF,$16.535,1440781819460,"10,537",50% bullish,of 2 ratings,$22
APDN,$3.3,1440781819530,"31,215",Not yet rated,NULL,$9
APDNW,NULL,1440781819559,0,Not yet rated,NULL,N/A
AMCC,$5.78,1440781819692,"163,161",80% bullish,of 5 ratings,$8
AAOI,$21.41,1440781819721,"92,035",50% bullish,of 4 ratings,$26
AGTC,$16.2001,1440781819742,"24,348",50% bullish,of 2 ratings,$33
AMAT,$16.03,1440781819773,"3,114,945",82% bullish,of 11 ratings,$23
AREX,$2.38,1440781820126,"548,512",100% bearish,of 1 rating,$3
AQXP,$17.45,1440781820151,"99,222",50% bullish,of 2 ratings,$2
AQMS,$5,1440781820175,"42,186",Not yet rated,NULL,N/A
AUMA,$9.89,1440781820202,115,Not yet rated,NULL,N/A
APRI,$1.3758,1440781820223,"330,135",83% bullish,of 6 ratings,$4.86
APTO,$5.09,1440781820252,"12,639",Not yet rated,NULL,$17
AUMAU,NULL,1440781820417,0,Not yet rated,NULL,N/A
AUMAW,NULL,1440781820517,0,Not yet rated,NULL,N/A
ARDM,NULL,1440781820542,0,100% bullish,of 1 rating,$26
ARCW,$3.59,1440781820582,"3,024",100% bearish,of 2 ratings,$10.50
PETX,$17.5,1440781820677,"83,054",100% bearish,of 2 ratings,$26
RKDA,$6.38,1440781820730,"5,769",100% bearish,of 2 ratings,$10
ABUS,$7.31,1440781820759,"105,167",86% bullish,of 14 ratings,$23
ARCB,$29.2925,1440781820944,"52,491",67% bearish,of 3 ratings,$39.50
ACGL,$67.59,1440781821037,"54,349",50% bullish,of 2 ratings,$72
ACAT,$26.66,1440781821212,"44,677",100% bearish,of 3 ratings,$33
ARDX,$18.59,1440781821282,"34,299",50% bullish,of 2 ratings,$24.50
ARNA,$2.72,1440781821354,"1,209,965",90% bullish,of 78 ratings,$5.50
AGIIL,$25.24,1440781821408,"8,727",Not yet rated,NULL,N/A
AGII,$54.71,1440781821511,"30,095",Not yet rated,NULL,$59.50
ARKR,$25.19,1440781821786,2,50% bullish,of 2 ratings,N/A
ARIS,$3.83,1440781821867,"16,496",Not yet rated,NULL,$4.50
ARMH,$42.67,1440781821918,"468,539",54% bearish,of 13 ratings,$60
ARWA,NULL,1440781822177,0,Not yet rated,NULL,N/A
ARTX,$1.48,1440781822241,"40,403",88% bullish,of 16 ratings,$4.50
ARWAU,NULL,1440781822627,0,100% bullish,of 1 rating,N/A
ARGS,$6.15,1440781822679,"13,000",50% bullish,of 2 ratings,$19.50
ARWAW,NULL,1440781822703,0,Not yet rated,NULL,N/A
ARRY,$5.905,1440781822951,"321,746",100% bullish,of 7 ratings,$10
ARQL,$1.75,1440781822976,"43,118",75% bullish,of 4 ratings,$5
ARRS,$26.8,1440781823130,"274,011",50% bullish,of 2 ratings,$38
AROW,$27.37,1440781823432,"7,199",Not yet rated,NULL,N/A
ARWAR,NULL,1440781823562,0,Not yet rated,NULL,N/A
ARTNA,$22.0196,1440781823619,"3,450",100% bearish,of 1 rating,$29
ARWR,$5.7,1440781823724,"231,241",75% bullish,of 4 ratings,$10.50
ARTW,$4.2501,1440781823753,"1,365",75% bearish,of 4 ratings,N/A
DWAT,$9.94,1440781824018,"1,850",100% bearish,of 1 rating,N/A
ASNA,$12.0075,1440781824224,"801,394",50% bullish,of 2 ratings,$18
ASCMA,$27.63,1440781824427,"24,824",100% bearish,of 1 rating,$45
ASND,$18.92,1440781824462,"28,502",100% bullish,of 1 rating,$30
ASBB,NULL,1440781824532,0,Not yet rated,NULL,N/A
ASMI,NULL,1440781824785,0,NULL,NULL,NULL
ASTI,$0.1075,1440781825026,"848,417",83% bullish,of 6 ratings,$3
ASML,$92.27,1440781825158,"260,459",50% bullish,of 4 ratings,$127
APWC,$1.71,1440781825206,729,100% bearish,of 1 rating,N/A
ASMB,$13.13,1440781825234,"18,198",67% bullish,of 3 ratings,N/A
AZPN,$37.84,1440781825401,"176,873",50% bullish,of 2 ratings,$42
ASFI,$8.9101,1440781825579,"3,400",100% bullish,of 1 rating,N/A
ALOT,NULL,1440781825713,0,100% bearish,of 1 rating,N/A
ASTE,$37.67,1440781825745,"16,066",100% bearish,of 1 rating,$48
ATRO,$53.07,1440781826073,"27,780",100% bearish,of 2 ratings,$80
ASUR,$5.96,1440781826178,900,50% bullish,of 2 ratings,$8
ASTC,$2.1,1440781826251,"8,950",100% bullish,of 5 ratings,N/A
ATAI,$2.55,1440781826320,"3,877",100% bearish,of 1 rating,N/A
ATRA,$39.39,1440781826623,"33,049",50% bullish,of 2 ratings,$68
ATHX,$1.13,1440781826706,"68,220",89% bullish,of 9 ratings,$5
ATHN,$136.05,1440781826839,"37,494",67% bearish,of 3 ratings,$153
AFCB,NULL,1440781826867,0,Not yet rated,NULL,N/A
AAPC,$10.1,1440781826892,16,Not yet rated,NULL,N/A
AAME,$3.6,1440781827114,900,Not yet rated,NULL,N/A
ATNI,$71.18,1440781827335,"9,122",100% bearish,of 1 rating,$69.50
ACFC,$5.46,1440781827439,"14,267",100% bearish,of 1 rating,$6.50
ATLC,$3.89,1440781827509,100,67% bullish,of 3 ratings,N/A
AAWW,$41.93,1440781827726,"177,451",50% bullish,of 2 ratings,$65
AFH,$16.3,1440781827799,"37,304",Not yet rated,NULL,$21.50
ATML,$8.14,1440781827861,"2,361,733",78% bullish,of 9 ratings,$9.50
ATRC,$25.27,1440781827966,"38,970",100% bullish,of 1 rating,$30
ATRM,$2.9,1440781828181,"2,465",50% bullish,of 2 ratings,N/A
ATOS,$0.77,1440781828228,"110,670",100% bullish,of 7 ratings,$7
ATRI,$393.2,1440781828260,825,Not yet rated,NULL,N/A
ATTU,$13.43,1440781828458,"15,244",100% bearish,of 1 rating,$20.50
LIFE,$14.596,1440781828615,"19,526",86% bullish,of 7 ratings,$43
AUBN,$26.65,1440781828647,200,Not yet rated,NULL,N/A
AUPH,$3,1440781828955,"44,103",100% bearish,of 1 rating,$8
EARS,$4.82,1440781829059,"3,876",100% bearish,of 2 ratings,$11.50
AUDC,$3.385,1440781829141,"26,689",80% bullish,of 5 ratings,$5
ADAT,$0.3,1440781829191,"181,399",100% bullish,of 2 ratings,N/A
ABTL,$17.93,1440781829331,"38,609",100% bullish,of 4 ratings,$20.25
ADSK,$47.38,1440781829431,"4,191,317",67% bullish,of 6 ratings,$69.50
ADP,$78.24,1440781829588,"812,873",100% bearish,of 1 rating,$88
AAVL,$10.72,1440781829850,"148,318",100% bearish,of 1 rating,$20
AVNU,$12.4,1440781829901,"1,206",Not yet rated,NULL,$14
AVGO,$126.39,1440781829983,"1,022,925",88% bullish,of 8 ratings,$165
AVEO,$1.3699,1440781830008,"331,248",75% bullish,of 8 ratings,$3
AVNW,$1.13,1440781830295,"75,467",50% bullish,of 2 ratings,$2.20
AVGR,$15.01,1440781830384,"21,497",100% bearish,of 1 rating,$20
AVID,$8.5,1440781830534,"135,443",100% bearish,of 1 rating,$20
CAR,$43.8,1440781830704,"336,052",80% bullish,of 5 ratings,$60
AWRE,$3.2,1440781830835,"6,168",67% bullish,of 3 ratings,N/A
ACLS,$3.2,1440781830862,"115,408",67% bullish,of 6 ratings,$4.75
AXGN,$4.485,1440781831234,"145,788",Not yet rated,NULL,$5
AXPWW,NULL,1440781831261,0,Not yet rated,NULL,N/A
AXPW,$1.07,1440781831337,"26,407",83% bullish,of 6 ratings,N/A
AXTI,$2.21,1440781831507,"23,389",50% bullish,of 2 ratings,$2.75
RILY,NULL,1440781831651,0,Not yet rated,NULL,N/A
BCOM,$18.86,1440781831700,40,100% bearish,of 1 rating,N/A
BOSC,$2.26,1440781831854,850,50% bullish,of 2 ratings,N/A
BIDU,$151.93,1440781832062,"1,139,835",81% bullish,of 88 ratings,$210
BCPC,$58.59,1440781832166,"36,758",100% bearish,of 1 rating,$75
BEAV,$49.25,1440781832242,"215,518",67% bearish,of 3 ratings,$59
BWINA,NULL,1440781832549,0,Not yet rated,NULL,N/A
BANF,$59.52,1440781832648,"3,602",Not yet rated,NULL,$68
BLDP,$1.2752,1440781832852,"190,506",91% bullish,of 22 ratings,$2.50
BWINB,$22.85,1440781832929,"3,200",Not yet rated,NULL,N/A
BANFP,NULL,1440781833031,0,Not yet rated,NULL,N/A
BKMU,$7.18,1440781833056,"37,356",Not yet rated,NULL,$8
BOCH,$5.79,1440781833334,"4,548",Not yet rated,NULL,$6.50
BKSC,$16.4999,1440781833548,935,Not yet rated,NULL,N/A
BOTJ,NULL,1440781833678,0,Not yet rated,NULL,N/A
BMRC,$47.8,1440781833751,"1,304",Not yet rated,NULL,$52
OZRK,$41.71,1440781834075,"151,697",67% bullish,of 3 ratings,$49.50
BWFG,$18,1440781834219,"85,905",100% bearish,of 1 rating,N/A
BFIN,$12.2,1440781834273,"9,704",Not yet rated,NULL,$13
BANR,$43.75,1440781834374,"12,527",100% bullish,of 3 ratings,$50
BZUN,$5.32,1440781834507,"288,554",50% bullish,of 2 ratings,$11.50
BHAC,$9.81,1440781834711,400,Not yet rated,NULL,N/A
TAPR,$31.67,1440781834892,"1,050",100% bearish,of 1 rating,N/A
BHACR,NULL,1440781835084,0,Not yet rated,NULL,N/A
BHACW,NULL,1440781835108,0,Not yet rated,NULL,N/A
BHACU,NULL,1440781835165,0,Not yet rated,NULL,N/A
BYBK,$4.8601,1440781835545,"8,264",100% bearish,of 1 rating,N/A
BBSI,$35.61,1440781835571,"23,792",67% bearish,of 3 ratings,$62.50
BSET,$28.2803,1440781835815,"11,602",100% bearish,of 1 rating,$35
BYLK,$13,1440781835977,"2,297",Not yet rated,NULL,$14
BV,$5.1708,1440781836042,"157,335",67% bullish,of 6 ratings,$9
BCBP,NULL,1440781836107,0,Not yet rated,NULL,N/A
BBCN,$14.5,1440781836355,"65,465",100% bearish,of 1 rating,$16
BDCV,$4.9699,1440781836533,"3,600",100% bearish,of 1 rating,$10.19
BECN,$35.6699,1440781836578,"142,151",50% bullish,of 2 ratings,$40
BSF,$8.64,1440781836668,"6,274",Not yet rated,NULL,N/A
BBGI,NULL,1440781836753,0,100% bullish,of 1 rating,N/A
BEBE,$1.39,1440781836979,"1,907,345",75% bullish,of 4 ratings,$3.075
BBBY,$62.785,1440781837220,"561,038",71% bullish,of 7 ratings,$75
BELFA,$14.87,1440781837250,12,100% bearish,of 1 rating,N/A
BELFB,$17.99,1440781837448,"6,834",100% bearish,of 1 rating,N/A
BLCM,$17.22,1440781837738,"77,158",50% bullish,of 4 ratings,$40
BNFT,$35.913,1440781837807,"37,754",67% bullish,of 3 ratings,$46
BLPH,$5.11,1440781837891,"2,023",100% bearish,of 1 rating,$12.50
BNCL,$12.38,1440781838025,"63,144",100% bullish,of 3 ratings,$12.50
BGCP,$8.77,1440781838182,"260,904",88% bullish,of 8 ratings,$14
BNTC,$7.95,1440781838239,"28,320",100% bullish,of 1 rating,N/A
BGMD,$0.7334,1440781838371,"167,104",100% bullish,of 10 ratings,N/A
BIND,$4.49,1440781838562,"30,082",75% bullish,of 4 ratings,$13.50
BGFV,$11.12,1440781838610,"35,540",57% bullish,of 7 ratings,$12
ORPN,$6.0199,1440781838761,"17,187",100% bullish,of 1 rating,$28.50
BASI,$1.64,1440781838788,"3,014",Not yet rated,NULL,N/A
BIOC,$1.9321,1440781839208,"67,757",83% bullish,of 6 ratings,$3.85
BCDA,NULL,1440781839264,0,Not yet rated,NULL,N/A
BCRX,$11.23,1440781839344,"114,248",63% bullish,of 8 ratings,$18
BIOD,$0.673,1440781839446,"1,800",80% bullish,of 5 ratings,$4
BDSI,$6.895,1440781839738,"202,695",88% bullish,of 8 ratings,$17
BIOL,$1.45,1440781839919,"8,580",Not yet rated,NULL,N/A
BLFS,$2.12,1440781839944,"16,030",100% bearish,of 1 rating,$4.75
BIIB,$301.6,1440781840122,"492,493",88% bullish,of 16 ratings,$400
BLRX,$1.52,1440781840189,"85,270",100% bullish,of 12 ratings,$5
BMRN,$131.8,1440781840285,"165,202",80% bullish,of 5 ratings,$160
BVXV,$3.6325,1440781840313,"2,361",Not yet rated,NULL,N/A
BPTH,$1.09,1440781840709,"9,485",100% bullish,of 2 ratings,$5
BVXVW,$0.7,1440781840736,300,100% bearish,of 1 rating,N/A
BRLI,NULL,1440781840791,0,NULL,NULL,NULL
BIOS,$2.325,1440781841179,"240,806",71% bullish,of 7 ratings,$4
BBP,$32.89,1440781841263,"15,878",Not yet rated,NULL,N/A
BOTA,$2.1,1440781841349,"9,390",88% bullish,of 8 ratings,N/A
BBC,$31.66,1440781841454,"8,333",Not yet rated,NULL,N/A
BSPM,$0.66,1440781841515,"49,462",50% bullish,of 2 ratings,N/A
TECH,$95.975,1440781841647,"67,763",100% bullish,of 1 rating,$117
BSTC,$51.62,1440781841789,"17,114",100% bearish,of 1 rating,$76
BITI,$17,1440781842019,"7,237",100% bullish,of 1 rating,$28
BEAT,$14.5229,1440781842064,"124,277",67% bearish,of 3 ratings,$15
BDMS,NULL,1440781842236,0,100% bearish,of 1 rating,N/A
BJRI,$44.2,1440781842548,"55,278",50% bullish,of 2 ratings,$55
BLKB,$57.7003,1440781842836,"69,469",100% bearish,of 2 ratings,$66
BDE,$7.48,1440781842894,"43,632",50% bullish,of 2 ratings,$9
BBOX,$14.941,1440781842923,"29,154",100% bearish,of 1 rating,N/A
BKCC,$9.36,1440781843026,"201,125",50% bullish,of 2 ratings,$10
BBRY,$7.36,1440781843268,"2,336,433",61% bullish,of 330 ratings,$9
ADRA,NULL,1440781843399,0,100% bearish,of 1 rating,N/A
ADRD,$22.2252,1440781843431,"6,855",100% bearish,of 1 rating,N/A
HAWK,$40.35,1440781843566,"129,617",91% bullish,of 11 ratings,$49
ADRE,$30.182,1440781843639,"8,053",100% bearish,of 1 rating,N/A
ADRU,NULL,1440781843890,0,100% bearish,of 1 rating,N/A
BCOR,$13.73,1440781844023,"74,781",57% bullish,of 7 ratings,$15
BLMN,$20.32,1440781844048,"347,864",83% bullish,of 6 ratings,$27.50
BBLU,$0.8,1440781844443,"79,746",100% bullish,of 2 ratings,$4.43
BLBD,$11.72,1440781844472,"4,011",Not yet rated,NULL,N/A
NILE,$34.055,1440781844581,"46,151",50% bullish,of 2 ratings,$34
BUFF,$26.37,1440781844647,"89,494",83% bullish,of 12 ratings,$31.50
BHBK,$13.8601,1440781844872,"12,735",100% bullish,of 1 rating,$14.50
BLUE,$135.94,1440781845004,"116,121",71% bullish,of 7 ratings,$217.50
BKEPP,NULL,1440781845163,0,100% bearish,of 1 rating,N/A
BKEP,$6.43,1440781845223,"5,415",100% bearish,of 1 rating,$8.50
BPMC,$26.48,1440781845415,"52,010",50% bullish,of 2 ratings,$47.50
BNCN,$20.42,1440781845584,"62,623",Not yet rated,NULL,$24
BOFI,$118.585,1440781845835,"106,791",100% bullish,of 6 ratings,$144
BOBE,$43.167,1440781846003,"32,305",75% bullish,of 4 ratings,$57
WIFI,$7.55,1440781846077,"55,173",50% bullish,of 2 ratings,$13.50
BOJA,$21.26,1440781846135,"29,761",100% bullish,of 1 rating,$30
BOKF,$62.61,1440781846267,"39,737",100% bearish,of 1 rating,$69
BONA,$11.78,1440781846409,"27,683",75% bullish,of 4 ratings,$8.50
BAMM,$3.07,1440781846557,"23,474",60% bullish,of 5 ratings,N/A
BNSO,$1.31,1440781846662,190,100% bearish,of 1 rating,N/A
BPFH,$11.81,1440781846855,"75,345",100% bearish,of 1 rating,$14
BPFHW,$5.5,1440781846908,"3,130",100% bearish,of 1 rating,N/A
BPFHP,$25,1440781847045,"3,550",100% bearish,of 1 rating,N/A
EPAY,$26.61,1440781847287,"46,184",100% bearish,of 2 ratings,$30
BDBD,$8.27,1440781847455,"257,194",60% bullish,of 5 ratings,$10
BBRG,$12.77,1440781847481,"28,663",67% bullish,of 3 ratings,$14.50
BCLI,$2.96,1440781847529,"32,578",80% bullish,of 5 ratings,$12
BBEP,$2.97,1440781847718,"1,818,814",69% bullish,of 13 ratings,$5.625
BBEPP,$14.525,1440781847948,"34,778",100% bearish,of 1 rating,N/A
BDGE,$26.25,1440781848079,"9,427",Not yet rated,NULL,$31.75
BLIN,$1.4,1440781848139,"5,000",100% bullish,of 2 ratings,$2.20
BRID,NULL,1440781848271,0,100% bearish,of 1 rating,N/A
BRCM,$51.75,1440781848440,"864,511",75% bullish,of 12 ratings,$56
BSFT,$31.84,1440781848569,"46,196",57% bullish,of 7 ratings,$40.50
BVSN,$6.01,1440781848596,"12,339",60% bearish,of 5 ratings,N/A
BCOV,$5.325,1440781848726,"27,969",67% bullish,of 3 ratings,$10.20
BYFC,NULL,1440781848953,0,50% bullish,of 2 ratings,N/A
BRKL,$10.502,1440781849015,"83,977",100% bearish,of 1 rating,$10.75
BWEN,$3.25,1440781849042,"27,998",100% bullish,of 3 ratings,$8
BRCD,$10.69,1440781849218,"984,796",92% bullish,of 13 ratings,$11.50
BRKS,$10.43,1440781849267,"42,823",67% bullish,of 3 ratings,$15.25
BMTC,$29.2772,1440781849915,"29,706",Not yet rated,NULL,$34
BLMT,$20.63,1440781849986,"6,512",Not yet rated,NULL,N/A
BRKR,$18.46,1440781850467,"145,544",100% bearish,of 2 ratings,$22
BWLD,$194.99,1440781851078,"47,744",82% bullish,of 11 ratings,$205
BSQR,$6.27,1440781851558,"30,220",67% bullish,of 3 ratings,N/A
BLDR,$14.7,1440781851641,"181,810",67% bullish,of 3 ratings,$22
CFFI,$36.76,1440781851693,"5,462",100% bearish,of 1 rating,N/A
BUR,$1.71,1440781851718,"2,900",100% bearish,of 1 rating,$8
CA,$27.24,1440781852102,"815,152",50% bullish,of 4 ratings,$33
CCMP,$43.65,1440781852128,"21,737",50% bullish,of 2 ratings,$59
CHRW,$67.06,1440781852155,"322,925",Not yet rated,NULL,$72
CDZI,$7.82,1440781852421,"8,200",100% bearish,of 1 rating,N/A
CDNS,$20.2,1440781852446,"728,963",75% bullish,of 4 ratings,$22.50
ABIO,$0.8899,1440781852646,"30,722",50% bullish,of 2 ratings,$3.75
CSTE,$40.81,1440781852735,"61,212",50% bullish,of 2 ratings,$65
CACQ,$7.34,1440781852779,"24,776",100% bearish,of 1 rating,$12.25
CZR,$9.13,1440781852805,"403,993",60% bearish,of 5 ratings,$10.50
CLMS,$10.64,1440781853141,"28,108",Not yet rated,NULL,$10.50
PRSS,$4.61,1440781853228,"6,798",80% bullish,of 5 ratings,$4.50
CLBS,$1.475,1440781853365,"89,245",79% bullish,of 14 ratings,$4
CHI,$10.6,1440781853390,"65,869",100% bearish,of 1 rating,N/A
CHY,$11.429,1440781853424,"119,712",Not yet rated,NULL,N/A
CCD,$19.18,1440781853632,"46,550",Not yet rated,NULL,N/A
CHW,$7.6219,1440781853884,"225,838",100% bearish,of 1 rating,N/A
CFGE,NULL,1440781853987,0,Not yet rated,NULL,N/A
CGO,$12.19,1440781854157,"11,884",100% bearish,of 1 rating,N/A
CSQ,$9.93,1440781854210,"138,166",Not yet rated,NULL,N/A
CAMP,$16.4,1440781854262,"110,724",88% bullish,of 8 ratings,$25
CFNB,NULL,1440781854367,0,100% bearish,of 1 rating,N/A
CLMT,$26.37,1440781854609,"82,876",75% bullish,of 8 ratings,$31
CALA,$5.89,1440781854714,"242,605",100% bullish,of 3 ratings,$19.50
CVGW,$58.36,1440781854786,"54,581",50% bullish,of 2 ratings,$58.50
CALD,$15.85,1440781854846,"106,856",100% bearish,of 1 rating,$21
ABCD,$5.36,1440781855135,"104,907",83% bullish,of 6 ratings,N/A
CALM,$50.09,1440781855223,"124,496",80% bullish,of 5 ratings,$65
CAMB,$9.95,1440781855328,"2,000",Not yet rated,NULL,N/A
CAMBW,NULL,1440781855371,0,Not yet rated,NULL,N/A
CAMBU,NULL,1440781855458,0,100% bearish,of 1 rating,N/A
CBNJ,$11.137,1440781855807,"8,017",100% bullish,of 1 rating,N/A
CPHC,NULL,1440781856047,0,100% bearish,of 1 rating,N/A
CSIQ,$19.26,1440781856073,"914,975",86% bullish,of 28 ratings,$42.50
CGIX,$10.19,1440781856119,"15,184",67% bullish,of 3 ratings,$14.375
CAC,$40.54,1440781856323,"2,325",Not yet rated,NULL,N/A
CAMT,$2.75,1440781856958,"9,995",73% bullish,of 11 ratings,$4
CPLA,$49.25,1440781857416,"51,799",67% bearish,of 3 ratings,$65
CPLP,$6.97,1440781857932,"147,370",71% bullish,of 7 ratings,$11
CSWC,$45.96,1440781857961,"4,008",Not yet rated,NULL,N/A
CCBG,$14.9,1440781858064,"5,752",Not yet rated,NULL,$17.25
CFFN,$12.01,1440781858591,"178,187",Not yet rated,NULL,$12.75
CBF,$29.34,1440781858807,"78,735",Not yet rated,NULL,$32
CAPN,$2.251,1440781858952,"170,747",100% bullish,of 1 rating,$10.85
CAPNW,NULL,1440781859179,0,Not yet rated,NULL,N/A
CPTA,$13.8,1440781859308,"19,038",100% bearish,of 1 rating,$18.50
CAPR,$4.2701,1440781859397,"1,810",Not yet rated,NULL,$12
CARA,$19.01,1440781859866,"69,012",50% bullish,of 4 ratings,$25
CPST,$0.41,1440781860078,"804,199",95% bullish,of 22 ratings,$1.25
CARB,$11.37,1440781860283,"46,668",75% bullish,of 4 ratings,$12
CFNL,$21.95,1440781860541,"26,509",Not yet rated,NULL,$24
CBYL,$5.235,1440781860566,"14,422",100% bearish,of 1 rating,$20
CRDC,$0.365,1440781860603,"56,987",100% bullish,of 1 rating,$1.25
CATM,$34.87,1440781861423,"43,873",100% bearish,of 1 rating,$44
CKEC,$23.62,1440781861754,"46,541",50% bullish,of 2 ratings,$35.915
CSII,$24.02,1440781861846,"36,096",100% bearish,of 2 ratings,$42.125
CECO,$3.865,1440781861975,"143,692",67% bearish,of 3 ratings,$6
CRME,$8.88,1440781862191,"2,250",89% bullish,of 9 ratings,$11.25
CTRE,$11.295,1440781862398,"131,475",50% bullish,of 2 ratings,$13.50
CLBH,$12.633,1440781862469,300,Not yet rated,NULL,$16.50
CARO,$15.55,1440781863094,200,100% bearish,of 1 rating,$19
CDNA,$7.02,1440781863272,"6,509",100% bearish,of 1 rating,$9
CARV,$7.06,1440781863654,508,50% bullish,of 2 ratings,N/A
CRZO,$35.49,1440781864050,"694,739",67% bearish,of 3 ratings,$55
TAST,$12.73,1440781864543,"201,232",Not yet rated,NULL,$14.25
CASI,$1.49,1440781864964,"9,560",100% bullish,of 1 rating,$3.50
CRTN,$2.52,1440781865359,"3,126",100% bearish,of 1 rating,N/A
CART,$5.35,1440781865576,"1,000",100% bearish,of 1 rating,N/A
CACB,$5.35,1440781865710,"18,992",Not yet rated,NULL,$5.50
CWST,$6.18,1440781865842,"53,156",50% bullish,of 2 ratings,$7.25
CSCD,$14.92,1440781866116,"16,060",100% bullish,of 2 ratings,$17
CASS,$48.339,1440781866144,"6,440",100% bearish,of 1 rating,N/A
CPRX,$3.6151,1440781866603,"125,333",71% bullish,of 7 ratings,$7
CASM,$1.17,1440781867304,"126,186",100% bullish,of 1 rating,$3.50
CATB,$12.3,1440781867642,"4,834",100% bearish,of 1 rating,$28
CASY,$104.93,1440781867771,"64,672",50% bullish,of 2 ratings,$99.50
CATY,$29.59,1440781868096,"280,429",100% bearish,of 1 rating,$33.50
CATYW,NULL,1440781868311,0,100% bearish,of 1 rating,N/A
CVCO,$72.4,1440781868469,"9,543",100% bearish,of 1 rating,N/A
CNLM,NULL,1440781868995,0,Not yet rated,NULL,N/A
CBOE,$63.47,1440781869449,"74,935",Not yet rated,NULL,$60
CBFV,$21.475,1440781869876,"1,102",Not yet rated,NULL,$25
CNLMR,NULL,1440781870149,0,Not yet rated,NULL,N/A
CNLMU,NULL,1440781870253,0,100% bullish,of 1 rating,N/A
CNLMW,NULL,1440781870457,0,Not yet rated,NULL,N/A
CDK,$49.23,1440781870871,"162,759",67% bearish,of 3 ratings,$50
CELG,$122.72,1440781871322,"1,314,447",92% bullish,of 13 ratings,$155.50
CAVM,$68.58,1440781871587,"98,036",67% bearish,of 3 ratings,$72
CLDN,$1.12,1440781871766,"352,554",71% bullish,of 7 ratings,$3
CECE,$9.74,1440781872236,"23,654",50% bullish,of 2 ratings,$16
CLRBW,NULL,1440781872624,0,Not yet rated,NULL,N/A
CDW,$39.85,1440781872811,"299,833",75% bullish,of 4 ratings,$44
ARCC,$15.71,1440781873114,"737,733",67% bearish,of 3 ratings,$17.875
CPXX,$2.081,1440781873578,"37,749",100% bullish,of 2 ratings,$7
CLDX,$15.04,1440781874015,"408,494",89% bullish,of 9 ratings,$36
CETX,$2.4,1440781874467,"1,900",Not yet rated,NULL,$5.60
CELGZ,$1.84,1440781874623,15,80% bullish,of 5 ratings,N/A
CLLS,$32.77,1440781874934,"29,348",75% bullish,of 4 ratings,$51.50
CBMG,$23.5,1440781875378,"21,838",50% bullish,of 2 ratings,N/A
CLTX,$2.3401,1440781875738,"76,303",100% bullish,of 2 ratings,N/A
CLRB,$3.17,1440781876009,"1,800",100% bearish,of 1 rating,N/A
CLSN,$2.049,1440781876114,"32,437",80% bullish,of 10 ratings,$7.50
ARIA,$8.205,1440781876144,"3,451,121",87% bullish,of 46 ratings,$9
CFBK,NULL,1440781876616,0,Not yet rated,NULL,N/A
CENX,$5.46,1440781877324,"997,190",67% bullish,of 6 ratings,$9
CETV,$2.15,1440781877708,"37,813",67% bullish,of 3 ratings,$2.80
CNBKA,$41.07,1440781878080,800,50% bullish,of 2 ratings,N/A
CENT,$12.15,1440781878536,"23,647",Not yet rated,NULL,$10
CEMP,$35.43,1440781878958,"216,440",71% bullish,of 7 ratings,$52
CERN,$62.63,1440781879496,"507,791",67% bullish,of 3 ratings,$79
CPHD,$49.935,1440781879882,"186,238",67% bearish,of 3 ratings,$66.50
CERS,$4.86,1440781880684,"187,317",75% bullish,of 4 ratings,$7
CVCY,$11.25,1440781881204,700,Not yet rated,NULL,$12
KOOL,$0.6906,1440781881726,"29,540",100% bullish,of 5 ratings,$7
CEVA,$18.83,1440781882183,"31,176",100% bearish,of 1 rating,$25
CYOU,$21.07,1440781882544,"53,316",50% bullish,of 6 ratings,$24
HOTR,$1.4448,1440781883048,"79,999",100% bullish,of 2 ratings,$5
HOTRW,NULL,1440781883461,0,Not yet rated,NULL,N/A
CTHR,$1.26,1440781884068,"2,475",50% bullish,of 2 ratings,$2.50
GTLS,$24.75,1440781884559,"147,029",50% bullish,of 4 ratings,$40
CHTR,$180.065,1440781885424,"215,144",100% bearish,of 2 ratings,$196
CHFN,$12.51,1440781885794,"9,641",Not yet rated,NULL,$14
CHKP,$78.71,1440781886383,"347,178",50% bullish,of 4 ratings,$92
CHEK,$2.1999,1440781886863,"1,753",Not yet rated,NULL,$7.75
CHEKW,NULL,1440781887259,0,Not yet rated,NULL,N/A
CEMI,$4.22,1440781887704,"6,500",50% bullish,of 2 ratings,$7.50
CHFC,$31.19,1440781888219,"41,516",100% bearish,of 1 rating,$36
CCXI,$6.56,1440781888770,"27,771",67% bullish,of 3 ratings,$14
CHMG,$26.08,1440781889155,100,Not yet rated,NULL,$30
CHKE,$25.67,1440781889876,"7,216",100% bearish,of 1 rating,$32.50
CHEV,$14.58,1440781890247,"1,410",Not yet rated,NULL,N/A
CHMA,$26.2,1440781890846,"18,622",Not yet rated,NULL,$40
CBNK,$16.3,1440781891316,"6,737",100% bearish,of 1 rating,N/A
PLCE,$58.76,1440781891698,"51,116",100% bearish,of 1 rating,$69
CMRX,$49.875,1440781892071,"112,733",50% bullish,of 2 ratings,$57
CADC,NULL,1440781892457,0,78% bullish,of 9 ratings,N/A
CALI,$0.9589,1440781892959,"12,798",67% bullish,of 3 ratings,N/A
CAAS,$6.5,1440781893340,"17,177",93% bullish,of 14 ratings,$11.50
CBAK,$2.0692,1440781894063,"36,177",67% bullish,of 9 ratings,N/A
CBPO,$99.84,1440781894464,"83,230",75% bullish,of 8 ratings,$140.50
CCCL,$0.7877,1440781895035,"5,779",100% bullish,of 6 ratings,N/A
CCCR,$0.79,1440781895443,"1,140",67% bearish,of 3 ratings,N/A
JRJC,$3.62,1440781895896,"60,855",82% bullish,of 11 ratings,N/A
CHOP,$1.159,1440781896366,"1,000",50% bullish,of 2 ratings,N/A
HGSH,$1.81,1440781896744,"2,829",67% bullish,of 3 ratings,N/A
CHLN,$1.86,1440781897387,"4,124",67% bullish,of 3 ratings,N/A
CNIT,$1.4101,1440781897795,"50,789",67% bullish,of 6 ratings,N/A
CJJD,$1.87,1440781898600,"7,922",100% bullish,of 1 rating,N/A
HTHT,$25.63,1440781899082,"38,107",50% bullish,of 2 ratings,$28.40
CHNR,$1.67,1440781899666,900,100% bearish,of 1 rating,N/A
CREG,$0.695,1440781900124,"19,228",100% bullish,of 3 ratings,N/A
CPGI,NULL,1440781900577,0,Not yet rated,NULL,N/A
CSUN,$1.5,1440781901035,"7,993",80% bullish,of 5 ratings,N/A
CNTF,$0.8058,1440781901478,"82,938",Not yet rated,NULL,N/A
CXDC,$5.89,1440781902019,"30,800",67% bearish,of 3 ratings,N/A
CNYD,$3.4753,1440781902444,"13,452",67% bullish,of 3 ratings,N/A
CCIH,$7.18,1440781903256,"85,778",67% bullish,of 6 ratings,$12.65
CNET,$0.855,1440781903630,"28,190",50% bullish,of 2 ratings,N/A
IMOS,$18.538,1440781904166,"73,721",60% bullish,of 5 ratings,$21.50
CHSCL,$27.14,1440781904516,"5,243",Not yet rated,NULL,N/A
CHSCM,$26.25,1440781904970,"4,768",Not yet rated,NULL,N/A
CHSCN,$27.14,1440781905331,835,Not yet rated,NULL,N/A
CHSCO,$28.25,1440781905713,"2,675",Not yet rated,NULL,N/A
CHSCP,$30.56,1440781906328,"3,100",Not yet rated,NULL,N/A
CHDN,$132.3,1440781906716,"45,097",Not yet rated,NULL,$165
CHUY,$31.12,1440781907246,"68,626",50% bullish,of 2 ratings,$34
CINF,$52.57,1440781907718,"120,232",50% bullish,of 4 ratings,$50.50
CENTA,$12.55,1440781908199,"74,664",Not yet rated,NULL,N/A
CIFC,$7.1,1440781908553,"1,725",100% bearish,of 1 rating,N/A
CDTX,$14.545,1440781908612,"10,169",Not yet rated,NULL,$22
CTRN,$26.765,1440781909362,"20,967",100% bearish,of 1 rating,$31.50
CPHR,$5.18,1440781909829,"33,892",100% bearish,of 1 rating,$17
CHCO,$47.15,1440781910213,"10,918",Not yet rated,NULL,$46
CRUS,$30.24,1440781910360,"331,386",75% bullish,of 12 ratings,$44.50
CZFC,NULL,1440781910604,0,Not yet rated,NULL,N/A
CTXS,$68.78,1440781911067,"403,414",86% bullish,of 7 ratings,$80
CSCO,$25.99,1440781911424,"6,495,161",84% bullish,of 209 ratings,$32
CIVBP,NULL,1440781911798,0,Not yet rated,NULL,N/A
CZWI,NULL,1440781911943,0,Not yet rated,NULL,N/A
CLNE,$5.1925,1440781912444,"564,406",80% bullish,of 15 ratings,$9
CZNC,$19.77,1440781912578,"3,288",Not yet rated,NULL,N/A
CIVB,$10.25,1440781912914,"5,050",Not yet rated,NULL,$11
CLNT,$1.38,1440781913359,"5,150",75% bullish,of 8 ratings,N/A
CDTI,$1.615,1440781913767,"40,715",75% bullish,of 4 ratings,$3.20
CSBK,$13.61,1440781914295,"23,216",Not yet rated,NULL,N/A
CLIR,$4.66,1440781914763,"70,893",100% bullish,of 3 ratings,N/A
CLRO,$11.65,1440781915099,"1,487",50% bullish,of 2 ratings,$14.25
CMFN,$11.16,1440781915174,"19,812",100% bearish,of 1 rating,$15.50
CCNE,$16.94,1440781915639,"5,786",50% bullish,of 2 ratings,$21.50
CISG,$7.74,1440781915964,"47,837",100% bullish,of 5 ratings,$10
CLVS,$77.53,1440781916480,"154,572",60% bullish,of 5 ratings,$101.50
CLFD,$17.07,1440781916505,"18,569",67% bullish,of 3 ratings,$18
CBLI,$3.785,1440781916781,"17,377",60% bullish,of 5 ratings,N/A
CME,$94.48,1440781916884,"439,090",67% bullish,of 3 ratings,$102
CWAY,$11.19,1440781917291,"2,002",Not yet rated,NULL,N/A
COBZ,$12.895,1440781917799,"23,533",100% bullish,of 1 rating,$14
CVLY,NULL,1440781918541,0,Not yet rated,NULL,N/A
CDRB,$13.49,1440781918958,"8,938",67% bullish,of 3 ratings,N/A
CNV,$4.48,1440781919132,"24,022",50% bullish,of 2 ratings,$7.15
CDXS,$3.7245,1440781919442,"5,484",64% bullish,of 11 ratings,$6
CGNX,$35.645,1440781919790,"137,071",50% bullish,of 2 ratings,$47
COHR,$57.47,1440781920149,"28,829",50% bullish,of 2 ratings,$72
COKE,$152.08,1440781920538,"7,825",79% bullish,of 19 ratings,N/A
JVA,$4.7,1440781920606,"8,750",83% bullish,of 6 ratings,$7
CTSH,$63.944,1440781921074,"953,019",90% bullish,of 10 ratings,$75
CCOI,$27.2251,1440781921103,"177,958",50% bullish,of 4 ratings,$35
CGNT,$1.52,1440781921206,"7,931",100% bullish,of 2 ratings,$2
COHU,$9.69,1440781921654,"42,970",100% bearish,of 1 rating,$14.25
CLRX,$0.5203,1440781922100,"7,145",50% bullish,of 2 ratings,N/A
CHRS,$28.62,1440781922360,"45,821",67% bearish,of 3 ratings,$37
CLCD,$6.785,1440781922670,"60,572",100% bearish,of 1 rating,$20.50
COLB,$30.15,1440781923044,"46,560",Not yet rated,NULL,$36
COLL,$14.82,1440781923248,"12,589",100% bearish,of 1 rating,$26
CLCT,$18.1709,1440781923395,"21,720",100% bearish,of 1 rating,N/A
CBAN,$8.9,1440781923485,652,Not yet rated,NULL,N/A
CMCO,$18.79,1440781923859,"40,080",60% bullish,of 5 ratings,$28
COLM,$61.04,1440781924281,"23,426",100% bearish,of 1 rating,$71
CMCSA,$56.455,1440781924387,"3,009,656",66% bullish,of 35 ratings,$69.50
CBMX,$1.08,1440781924519,"15,573",83% bullish,of 6 ratings,$3.15
CIGI,$43.1,1440781924545,"24,253",100% bearish,of 1 rating,$52
CMCSK,$57.27,1440781924926,"824,794",Not yet rated,NULL,$84
CBSH,$44.87,1440781925583,"75,462",50% bullish,of 2 ratings,$46
CVGI,$5.025,1440781925684,"19,090",50% bullish,of 2 ratings,$6
CBSHP,$25.5832,1440781925841,"1,534",100% bearish,of 1 rating,N/A
COMM,$31.83,1440781925879,"341,832",67% bearish,of 3 ratings,$35
ESXB,$5.06,1440781926352,550,Not yet rated,NULL,N/A
JCS,$8.72,1440781926450,"6,717",67% bullish,of 3 ratings,N/A
CUBN,NULL,1440781926582,0,Not yet rated,NULL,N/A
CYHHZ,$0.01,1440781926725,"18,300",100% bullish,of 1 rating,N/A
CSAL,$20.8,1440781926753,"164,150",75% bullish,of 4 ratings,$30
CSFL,$13.65,1440781927256,"36,481",Not yet rated,NULL,$15
COB,$10.28,1440781927282,"9,043",100% bullish,of 1 rating,$11.75
CTBI,$34.91,1440781927303,"6,682",Not yet rated,NULL,$36
CWBC,$6.79,1440781927614,565,Not yet rated,NULL,N/A
CVLT,$35.95,1440781927643,"260,417",75% bullish,of 4 ratings,$44.50
CIZ,$33.45,1440781927711,600,100% bearish,of 1 rating,N/A
CID,NULL,1440781927746,0,Not yet rated,NULL,N/A
CSF,$36.78,1440781927903,"1,797",100% bearish,of 1 rating,N/A
CSA,NULL,1440781927933,0,Not yet rated,NULL,N/A
CIL,NULL,1440781928036,0,Not yet rated,NULL,N/A
CNTY,$5.75,1440781928101,"11,156",80% bullish,of 5 ratings,$7.75
CDC,$34.8,1440781928167,"2,575",Not yet rated,NULL,N/A
CERE,$1.175,1440781928229,"125,125",88% bullish,of 8 ratings,N/A
CFO,$35.656,1440781928395,"142,797",100% bearish,of 1 rating,N/A
CFA,$35.7,1440781928611,900,100% bearish,of 1 rating,N/A
CRNT,$1.4101,1440781928637,"52,641",50% bullish,of 2 ratings,$2
CDL,NULL,1440781928767,0,Not yet rated,NULL,N/A
CGEN,$5.0999,1440781928793,"27,472",50% bullish,of 2 ratings,$11
CPSI,$45.361,1440781928926,"40,965",100% bearish,of 1 rating,$45.50
CSB,$32.92,1440781928951,100,Not yet rated,NULL,N/A
CTG,$6.56,1440781929034,"30,717",100% bearish,of 1 rating,$8.50
SCOR,$52.87,1440781929093,"141,180",100% bearish,of 1 rating,$66
CMTL,$25.235,1440781929178,"34,681",100% bearish,of 2 ratings,$37
CNAT,$4.07,1440781929212,"30,698",83% bullish,of 6 ratings,$13
CHCI,$0.7525,1440781929243,"3,200",50% bullish,of 2 ratings,N/A
CNSI,$18.81,1440781929264,"29,207",100% bearish,of 2 ratings,$29
CNCE,$15.94,1440781929317,"54,431",75% bullish,of 4 ratings,$22
CXRX,$74.745,1440781929475,"2,927",100% bearish,of 1 rating,$90
CCUR,$5.39,1440781929500,"61,361",75% bullish,of 4 ratings,N/A
CDORO,$18.95,1440781929774,600,100% bearish,of 1 rating,N/A
CFMS,$19.79,1440781929835,"48,252",Not yet rated,NULL,$27
CTWS,$34.1975,1440781929862,"11,663",100% bearish,of 1 rating,$44
CDORP,NULL,1440781929883,0,100% bearish,of 1 rating,N/A
CDOR,$1.357,1440781929917,"3,955",100% bullish,of 1 rating,N/A
CNOB,$19.22,1440781930013,"20,092",100% bullish,of 1 rating,$23.50
CNFR,$10.32,1440781930046,"7,543",Not yet rated,NULL,N/A
CNMD,$53.1,1440781930116,"21,763",Not yet rated,NULL,$59
CTCT,$24.795,1440781930270,"52,560",67% bullish,of 3 ratings,$37
CONN,$29.42,1440781930298,"196,375",67% bullish,of 3 ratings,$48.50
CNXR,$6.86,1440781930326,"60,000",100% bearish,of 1 rating,$12
CNSL,$19.8,1440781930354,"67,698",100% bearish,of 1 rating,$23
CWCO,$10.785,1440781930550,"28,108",67% bullish,of 3 ratings,$14.50
CPSS,$5.77,1440781930579,"9,889",100% bullish,of 1 rating,$10
CFRX,$5.11,1440781930685,"2,700",Not yet rated,NULL,$14
CFRXW,$1.87,1440781930764,600,100% bearish,of 1 rating,N/A
CFRXZ,NULL,1440781930893,0,Not yet rated,NULL,N/A
CTRV,$3.61,1440781930924,"2,644",Not yet rated,NULL,$6.40
CORT,$5,1440781930963,"118,961",67% bullish,of 3 ratings,$12
CTRL,$8.8,1440781930989,"73,957",50% bullish,of 2 ratings,$11
CRBP,$1.918,1440781931010,"96,278",100% bullish,of 2 ratings,$6.25
CPRT,$34.69,1440781931051,"74,359",67% bearish,of 3 ratings,$40
CORE,$59.66,1440781931147,"51,021",100% bearish,of 1 rating,$72
BVA,NULL,1440781931174,0,50% bullish,of 2 ratings,N/A
CORI,$10.14,1440781931311,"19,153",100% bearish,of 1 rating,$18
CSOD,$35.9,1440781931337,"82,217",50% bullish,of 2 ratings,$42
COSI,$1.195,1440781931408,"121,729",100% bullish,of 1 rating,N/A
CRVL,$31.1,1440781931433,"10,232",100% bearish,of 1 rating,N/A
CSGP,$180.35,1440781931574,"22,368",50% bullish,of 2 ratings,$235
CPAH,NULL,1440781931716,0,50% bullish,of 2 ratings,N/A
ICBK,$18.56,1440781931747,100,Not yet rated,NULL,$21
CVTI,$23.49,1440781931777,"34,464",67% bearish,of 3 ratings,$39
COST,$139.53,1440781931815,"433,334",79% bullish,of 24 ratings,$154.50
COVS,$2.735,1440781931843,"40,467",67% bullish,of 3 ratings,N/A
CPSH,$2.2,1440781931910,989,Not yet rated,NULL,N/A
COWN,$5.21,1440781931938,"361,544",75% bullish,of 4 ratings,$7
COWNL,$26.65,1440781932018,900,Not yet rated,NULL,N/A
CBRL,$144.61,1440781932285,"66,469",50% bullish,of 2 ratings,$155
BREW,$7.98,1440781932321,"27,737",67% bullish,of 6 ratings,$15
CRAY,$21.13,1440781932348,"115,534",83% bullish,of 6 ratings,$38.50
CRAI,$22.01,1440781932370,"12,420",100% bearish,of 1 rating,$36
CACC,$197.16,1440781932414,"14,852",50% bullish,of 2 ratings,$158.50
GLDI,$11.0201,1440781932439,"2,800",100% bearish,of 1 rating,N/A
SLVO,$10.0499,1440781932583,647,100% bearish,of 1 rating,N/A
CRESY,$10.4,1440781932670,"9,023",100% bearish,of 1 rating,$19
CROX,$14.52,1440781932741,"246,825",63% bullish,of 8 ratings,$16.50
CRTO,$42.605,1440781932804,"186,214",67% bullish,of 6 ratings,$64
CREE,$27.31,1440781932825,"419,708",65% bullish,of 17 ratings,$29.50
CCRN,$13.81,1440781932864,"38,234",100% bearish,of 1 rating,$14.25
CRDS,$1.04,1440781932903,"18,376",75% bullish,of 4 ratings,$4.50
CRWS,$8.1,1440781932973,"2,100",Not yet rated,NULL,$10
CRWN,$4.46,1440781933189,"16,010",75% bullish,of 4 ratings,N/A
CYRX,$2.835,1440781933266,"9,444",Not yet rated,NULL,$9
CYRXW,$0.83,1440781933322,200,Not yet rated,NULL,N/A
CTCM,$1.81,1440781933410,"57,498",80% bearish,of 5 ratings,$3.90
CTIB,$3.6,1440781933468,"2,000",100% bearish,of 1 rating,N/A
CSPI,$5.88,1440781933498,200,67% bullish,of 3 ratings,N/A
CCLP,$15.27,1440781933571,"16,895",67% bearish,of 3 ratings,$20
CSGS,$30.78,1440781933596,"56,951",Not yet rated,NULL,$40
CTRP,$69.48,1440781933648,"792,594",75% bullish,of 8 ratings,$93
CUNB,$21.33,1440781933749,"7,956",Not yet rated,NULL,$24.50
CTIC,$1.58,1440781933832,"413,071",84% bullish,of 76 ratings,$5.75
CPIX,$6.18,1440781933878,"2,300",Not yet rated,NULL,N/A
CUI,$5.15,1440781933912,"9,244",50% bullish,of 2 ratings,$10
CMLS,$1.46,1440781934011,"116,072",50% bullish,of 4 ratings,$6
CRIS,$2.56,1440781934065,"82,493",100% bullish,of 8 ratings,$6
CUTR,$14.45,1440781934267,"17,068",67% bearish,of 3 ratings,$18
CVV,$10.9102,1440781934295,"2,809",100% bullish,of 5 ratings,N/A
CYAN,$7.74,1440781934320,505,100% bearish,of 1 rating,N/A
CYBX,$66.96,1440781934357,"86,234",50% bullish,of 4 ratings,$71.50
CVBF,$16.065,1440781934384,"183,925",Not yet rated,NULL,$18
CYBE,$6.77,1440781934452,"12,765",100% bearish,of 1 rating,N/A
CYBR,$52.58,1440781934479,"477,134",88% bullish,of 8 ratings,$66
CYCCP,NULL,1440781934557,0,100% bearish,of 1 rating,N/A
CYCC,$0.54,1440781934687,"49,071",73% bullish,of 11 ratings,N/A
CBAY,$2.65,1440781934715,"18,800",100% bullish,of 1 rating,$4
CYNA,$15.91,1440781934756,"8,233",50% bullish,of 2 ratings,$31.50
CYNO,$31.84,1440781934893,"68,718",67% bearish,of 3 ratings,$45.50
CONE,$32.1925,1440781934997,"74,515",67% bearish,of 3 ratings,$35.50
CYRN,$1.71,1440781935046,"24,100",67% bullish,of 3 ratings,$4
CYTK,$7.01,1440781935079,"116,420",71% bullish,of 14 ratings,$13.50
CY,$10.12,1440781935106,"1,426,555",80% bullish,of 10 ratings,$15.50
CTSO,$6.74,1440781935180,"7,490",Not yet rated,NULL,$15.625
CYTR,$2.37,1440781935201,"218,423",67% bullish,of 6 ratings,$10
CYTX,$0.3106,1440781935286,"1,904,982",83% bullish,of 12 ratings,$5.50
DAEG,$0.3685,1440781935333,"10,745",100% bearish,of 1 rating,N/A
TVIX,$13.84,1440781935468,"7,079,121",81% bullish,of 16 ratings,N/A
ZIV,$39.83,1440781935537,"79,200",Not yet rated,NULL,N/A
XIV,$26.615,1440781935607,"9,292,718",75% bearish,of 4 ratings,N/A
TVIZ,$19.32,1440781935633,"1,183",100% bearish,of 1 rating,N/A
DJCO,$194.51,1440781935803,300,Not yet rated,NULL,N/A
DAKT,$8.77,1440781935917,"219,774",50% bullish,of 2 ratings,$12
DARA,$0.8791,1440781935956,"21,753",83% bullish,of 6 ratings,$1.50
DTEA,$12.53,1440781935977,"27,922",100% bearish,of 2 ratings,$24
DTLK,$5.935,1440781936008,"49,190",100% bearish,of 1 rating,$9
DRAM,$1.296,1440781936040,"7,100",78% bullish,of 9 ratings,N/A
PLAY,$34.56,1440781936073,"51,070",100% bullish,of 5 ratings,$42
DAIO,$2.65,1440781936094,"1,300",Not yet rated,NULL,N/A
DWCH,$5.237,1440781936171,"10,671",75% bullish,of 4 ratings,$8.25
DBVT,$41.3,1440781936316,"9,145",100% bearish,of 1 rating,$53
DWSN,$4.64,1440781936342,"5,380",67% bullish,of 3 ratings,N/A
TRAK,$62.78,1440781936472,"293,679",50% bullish,of 2 ratings,$62.50
DHRM,$1.49,1440781936615,"6,227",Not yet rated,NULL,N/A
DFRG,$14.4599,1440781936645,"31,241",100% bearish,of 1 rating,$20
TACOW,$3.97,1440781936674,"8,032",100% bullish,of 1 rating,N/A
TACO,$13.01,1440781936744,"22,785",75% bullish,of 4 ratings,$20
DGAS,$20.17,1440781936772,"2,380",67% bearish,of 3 ratings,N/A
DCTH,$0.41,1440781936802,"79,993",78% bullish,of 9 ratings,N/A
DELT,$2.45,1440781936923,400,Not yet rated,NULL,N/A
DSCI,$5.97,1440781937029,"13,904",50% bullish,of 2 ratings,$16
DENN,$11.45,1440781937056,"155,049",100% bullish,of 3 ratings,$15
DEPO,$29.1,1440781937093,"145,850",60% bullish,of 5 ratings,$29
DELTW,NULL,1440781937119,0,Not yet rated,NULL,N/A
XRAY,$53.11,1440781937251,"144,200",100% bullish,of 1 rating,$58
DERM,$26.48,1440781937288,"23,912",100% bearish,of 1 rating,$33.50
DXLG,$5.45,1440781937457,"26,621",100% bearish,of 1 rating,$8
DSWL,$1.72,1440781937484,"3,000",100% bullish,of 1 rating,N/A
DEST,$11.29,1440781937505,"11,614",50% bullish,of 2 ratings,N/A
DHXM,NULL,1440781937551,0,Not yet rated,NULL,N/A
DXCM,$94.27,1440781937655,"388,416",57% bullish,of 7 ratings,$98
DXM,$0.267,1440781937680,"116,212",50% bullish,of 2 ratings,N/A
DMND,$29.55,1440781937722,"55,534",75% bullish,of 12 ratings,$32
DHIL,$193.79,1440781937850,"1,637",Not yet rated,NULL,N/A
FANG,$68.96,1440781937949,"449,405",50% bullish,of 2 ratings,$86.50
DCIX,$1.74,1440781937976,"39,810",50% bullish,of 4 ratings,$3.50
DGII,$10.2,1440781938113,"38,783",100% bearish,of 1 rating,$10
DMRC,$37.7,1440781938141,"82,671",100% bearish,of 1 rating,$44
DRNA,$10.64,1440781938170,"38,631",67% bearish,of 3 ratings,$25
DGLY,$8.46,1440781938271,"50,981",50% bullish,of 6 ratings,$20
DRAD,$3.85,1440781938303,"5,028",100% bullish,of 1 rating,$5.25
DCOM,$17.0161,1440781938434,"49,813",100% bearish,of 2 ratings,$16.50
APPS,$2.38,1440781938466,"52,843",100% bearish,of 1 rating,$10.25
DISCA,$27.1,1440781938487,"760,274",67% bullish,of 3 ratings,$34
DIOD,$20.19,1440781938573,"25,300",75% bearish,of 4 ratings,$24
DPRX,$13.95,1440781938676,"5,866",100% bullish,of 2 ratings,$27.75
DISCK,$25.725,1440781938701,"686,641",100% bearish,of 1 rating,$32
DSCO,$0.4004,1440781938726,"116,074",83% bullish,of 6 ratings,$2.75
DISCB,NULL,1440781938759,0,100% bearish,of 1 rating,$35
DISH,$59.05,1440781938862,"277,208",69% bullish,of 13 ratings,$73
DVCR,$10.795,1440781938908,"4,462",100% bullish,of 1 rating,N/A
DLHC,$2.52,1440781939134,"1,550",100% bearish,of 1 rating,N/A
DNBF,NULL,1440781939162,0,Not yet rated,NULL,$27.50
DLTR,$76.7899,1440781939190,"337,532",82% bullish,of 11 ratings,$88
BAGR,$2.84,1440781939215,"4,400",100% bearish,of 1 rating,$6
DGICB,NULL,1440781939353,0,100% bearish,of 1 rating,N/A
HILL,$9.67,1440781939450,"818,205",60% bearish,of 5 ratings,$9.75
DGICA,$14.45,1440781939505,"4,207",100% bearish,of 1 rating,$17
DORM,$50.21,1440781939577,"107,783",100% bearish,of 1 rating,$56
DRWI,$0.2101,1440781939602,"212,362",60% bullish,of 5 ratings,$.45
DMLP,$14.82,1440781939654,"2,200",100% bearish,of 1 rating,N/A
DWA,$20.45,1440781939683,"376,352",63% bullish,of 8 ratings,$26
DRYS,$0.47,1440781939782,"2,429,178",77% bullish,of 31 ratings,$.60
DRWIW,NULL,1440781939843,0,Not yet rated,NULL,N/A
DSKX,$3.17,1440781939910,"232,129",100% bullish,of 1 rating,N/A
CADT,NULL,1440781940010,0,Not yet rated,NULL,N/A
DSPG,$8.59,1440781940037,"27,271",100% bearish,of 1 rating,$13.50
CADTU,NULL,1440781940170,0,Not yet rated,NULL,N/A
CADTR,NULL,1440781940197,0,Not yet rated,NULL,N/A
CADTW,NULL,1440781940222,0,Not yet rated,NULL,N/A
DRRX,$2.05,1440781940251,"80,560",50% bullish,of 6 ratings,$3
DNKN,$51.45,1440781940354,"328,997",67% bullish,of 15 ratings,$56.50
DTSI,$26.84,1440781940383,"21,320",100% bearish,of 2 ratings,$39.50
BOOM,$10.45,1440781940630,"89,630",67% bullish,of 3 ratings,$12
DXPE,$28,1440781940665,"121,936",50% bullish,of 2 ratings,N/A
DYNT,$3.1,1440781940694,"2,317",75% bullish,of 4 ratings,N/A
DYSL,$1.485,1440781940721,"1,310",100% bullish,of 2 ratings,N/A
DYAX,$23.41,1440781940742,"159,876",89% bullish,of 9 ratings,$30
DVAX,$29.28,1440781940799,"91,225",70% bullish,of 10 ratings,$40
EBMT,$11.5,1440781941085,700,Not yet rated,NULL,$13.50
ETFC,$26.45,1440781941125,"553,445",57% bullish,of 14 ratings,$32.50
EGBN,$41.95,1440781941179,"21,475",Not yet rated,NULL,$48
EGLE,$6.56,1440781941217,"30,272",60% bullish,of 5 ratings,N/A
ELNK,$8.4,1440781941251,"230,484",60% bullish,of 5 ratings,$9.50
EWBC,$40.47,1440781941272,"167,688",100% bearish,of 1 rating,$50
EROC,$1.6,1440781941305,"154,315",50% bullish,of 2 ratings,$3
EGRX,$84.08,1440781941334,"104,889",67% bullish,of 3 ratings,$97
EACQU,NULL,1440781941655,0,Not yet rated,NULL,N/A
EML,$16.37,1440781941687,"3,900",Not yet rated,NULL,N/A
EVBS,$6.61,1440781941830,"9,686",Not yet rated,NULL,$7
EBIX,$28,1440781941882,"45,036",69% bullish,of 13 ratings,$40
SATS,$44.72,1440781941907,"14,524",50% bullish,of 2 ratings,$60
ELON,$0.55,1440781941965,"12,860",50% bullish,of 2 ratings,N/A
EBAY,$27.025,1440781941990,"2,030,663",81% bullish,of 117 ratings,$34
EEI,$11.2499,1440781942146,"2,400",67% bearish,of 3 ratings,N/A
ECHO,$23.03,1440781942235,"72,971",67% bearish,of 3 ratings,$35.50
EDGW,$7,1440781942294,"5,550",100% bearish,of 1 rating,N/A
ECTE,$1.4026,1440781942325,"2,500",75% bullish,of 4 ratings,N/A
ECACU,$10.1,1440781942346,"3,301",Not yet rated,NULL,N/A
EDAP,$3.53,1440781942386,"7,418",60% bullish,of 5 ratings,$4.50
ESES,$3.41,1440781942477,332,100% bearish,of 1 rating,$7
EFUT,$4.56,1440781942565,400,Not yet rated,NULL,N/A
EDUC,$5.5,1440781942613,"12,637",100% bearish,of 1 rating,N/A
EGLT,$10.6693,1440781942926,"10,645",50% bullish,of 2 ratings,$21
EHTH,$14.55,1440781942952,"110,237",50% bullish,of 4 ratings,$16.50
LOCO,$13.37,1440781942982,"839,247",69% bullish,of 13 ratings,$20
ESLT,$76.78,1440781943013,"1,889",67% bullish,of 3 ratings,N/A
EGAN,$3.61,1440781943043,"4,870",50% bullish,of 2 ratings,$6.25
ELRC,$10.43,1440781943081,"8,294",100% bearish,of 1 rating,N/A
EMITF,$1.25,1440781943111,"3,472",75% bullish,of 4 ratings,N/A
ERI,$9.55,1440781943143,"45,808",100% bearish,of 1 rating,$10
EA,$68.12,1440781943531,"799,139",77% bullish,of 35 ratings,$80
ELSE,$3.9999,1440781943626,500,60% bullish,of 5 ratings,N/A
ESIO,$4.485,1440781943653,"24,024",50% bullish,of 2 ratings,$10
ELEC,NULL,1440781943730,0,Not yet rated,NULL,N/A
EFII,$44.07,1440781943783,"43,187",80% bullish,of 5 ratings,$55
ELECU,NULL,1440781943860,0,Not yet rated,NULL,N/A
ELECW,NULL,1440781943926,0,Not yet rated,NULL,N/A
EBIO,$3.56,1440781943974,"126,082",100% bearish,of 2 ratings,$8.35
RDEN,$11,1440781944038,"33,741",100% bearish,of 4 ratings,$15
CAPX,$22.97,1440781944196,"1,600",Not yet rated,NULL,N/A
ESBK,NULL,1440781944287,0,Not yet rated,NULL,N/A
EMCI,$22.95,1440781944322,"11,052",Not yet rated,NULL,N/A
LONG,$17.03,1440781944351,"5,894",67% bullish,of 3 ratings,$15.75
EMCF,$23.06,1440781944374,100,100% bearish,of 1 rating,N/A
ELTK,$1.35,1440781944407,"121,969",67% bearish,of 3 ratings,N/A
EMKR,$7.03,1440781944433,"29,549",75% bullish,of 4 ratings,$8.50
EMMS,$1.15,1440781944721,"82,466",83% bullish,of 6 ratings,N/A
EMMSP,NULL,1440781944828,0,100% bearish,of 1 rating,N/A
NYNY,$4.33,1440781944898,"19,445",50% bullish,of 2 ratings,N/A
ECPG,$39.63,1440781944975,"52,566",100% bullish,of 2 ratings,$52
ERS,$2.87,1440781945001,"5,200",Not yet rated,NULL,N/A
ENTA,$41.22,1440781945063,"55,342",50% bullish,of 2 ratings,$42
WIRE,$31.85,1440781945094,"33,294",100% bearish,of 1 rating,$37
ECYT,$5.2,1440781945131,"104,708",83% bullish,of 6 ratings,$12
ELGX,$13.04,1440781945195,"95,153",75% bullish,of 4 ratings,$17
ENDP,$78.06,1440781945364,"341,438",50% bullish,of 6 ratings,$104
EXXI,$1.8,1440781945446,"1,533,122",86% bullish,of 7 ratings,$3.50
EIGI,$15.52,1440781945501,"105,308",67% bearish,of 3 ratings,$22.50
WATT,$7.1557,1440781945529,"92,578",50% bullish,of 2 ratings,$13
EFOI,$20.88,1440781945577,"553,452",50% bullish,of 2 ratings,$20.50
ERII,$2.699,1440781945604,"31,648",80% bullish,of 5 ratings,$2.50
ENG,$1.04,1440781945856,"2,260",100% bullish,of 3 ratings,N/A
ENOC,$8.6,1440781945914,"128,006",75% bullish,of 4 ratings,$18
ESGR,$145.64,1440781945988,"4,605",100% bearish,of 1 rating,$185
ENTL,$22.4,1440781946015,"5,868",Not yet rated,NULL,$28
ENPH,$4.68,1440781946036,"268,647",75% bullish,of 4 ratings,$11
ENFC,$17.84,1440781946057,100,Not yet rated,NULL,N/A
ETRM,$0.277,1440781946188,"272,734",69% bearish,of 35 ratings,$1.625
EBTC,$21.77,1440781946237,"1,625",Not yet rated,NULL,N/A
ENTG,$13.73,1440781946267,"281,471",100% bearish,of 1 rating,$18
ENVI,$1.8,1440781946469,"5,050",67% bullish,of 3 ratings,N/A
EFSC,$23.72,1440781946496,"16,799",Not yet rated,NULL,$27
EGT,$1.9852,1440781946523,"8,452",100% bullish,of 1 rating,N/A
ENZN,$1.0394,1440781946665,"102,616",100% bullish,of 9 ratings,N/A
EPRS,$5.3,1440781946744,"48,927",82% bullish,of 11 ratings,$15
EPZM,$18.705,1440781946773,"103,670",60% bullish,of 5 ratings,$34
EPIQ,$12.96,1440781946805,"50,217",100% bearish,of 1 rating,$18
ENZY,$9.71,1440781946831,"16,265",67% bullish,of 3 ratings,$9.50
EQFN,NULL,1440781946910,0,100% bearish,of 1 rating,N/A
PLUS,$75.86,1440781947044,"10,987",50% bullish,of 2 ratings,$88
EAC,$3.3401,1440781947111,"2,715",100% bearish,of 1 rating,$8
EQIX,$268.52,1440781947176,"124,339",75% bullish,of 4 ratings,$312.50
ERIC,$9.935,1440781947208,"640,263",67% bullish,of 9 ratings,$12.20
ERIE,$82.4,1440781947307,"6,615",Not yet rated,NULL,$73
ESCA,$17.68,1440781947334,"9,038",100% bearish,of 1 rating,$22
ESCR,$0.1099,1440781947462,"159,707",50% bullish,of 2 ratings,N/A
ESPR,$52.48,1440781947562,"366,253",70% bearish,of 10 ratings,$123
ESCRP,$1.287,1440781947589,"1,015",100% bearish,of 1 rating,N/A
ESMC,$1.36,1440781947630,150,Not yet rated,NULL,N/A
EPIX,NULL,1440781947882,0,Not yet rated,NULL,N/A
ESSA,$12.75,1440781947947,100,100% bearish,of 1 rating,N/A
ESSX,$0.45,1440781948012,"71,537",50% bullish,of 2 ratings,N/A
ESND,$34.55,1440781948042,"41,008",100% bearish,of 2 ratings,$40
ETSY,$14.91,1440781948090,"258,315",80% bullish,of 5 ratings,$16
EEFT,$65.83,1440781948144,"62,399",100% bearish,of 1 rating,$67.50
CLWT,NULL,1440781948195,0,100% bullish,of 1 rating,N/A
EVEP,$8.3197,1440781948327,"194,576",50% bullish,of 2 ratings,$15
ESEA,$5.45,1440781948354,"1,709",100% bullish,of 1 rating,$15
EVK,$3.73,1440781948485,200,75% bearish,of 4 ratings,N/A
EVOK,$3.8212,1440781948536,"28,890",100% bearish,of 1 rating,$13.375
EVLV,$2.66,1440781948563,"109,754",60% bullish,of 5 ratings,$5.125
EVOL,$6.21,1440781948598,"2,525",75% bullish,of 4 ratings,$10
EXA,$11.3697,1440781948698,"8,644",100% bearish,of 1 rating,$13
EXAS,$22.14,1440781948730,"244,092",78% bullish,of 9 ratings,$31
EXAC,$18.79,1440781948841,"10,978",100% bearish,of 1 rating,$22.50
EXEL,$6.05,1440781949004,"1,763,058",81% bullish,of 16 ratings,$6
EXFO,$2.74,1440781949030,"2,909",67% bearish,of 3 ratings,$3.95
EXLS,$36.42,1440781949057,"38,692",50% bullish,of 2 ratings,$41
ESRX,$84.465,1440781949205,"754,015",67% bearish,of 6 ratings,$101
EXPO,$42.13,1440781949234,"28,928",100% bearish,of 1 rating,$45.50
EXPE,$116.5,1440781949285,"182,841",64% bullish,of 11 ratings,$130
EXPD,$49.42,1440781949323,"470,728",80% bullish,of 5 ratings,$52
EXLP,$21.065,1440781949344,"94,713",100% bearish,of 1 rating,$25
EYEG,$3.6799,1440781949419,"4,320",Not yet rated,NULL,N/A
EXTR,$2.84,1440781949474,"254,125",80% bullish,of 5 ratings,$3
EZCH,$22.79,1440781949647,"67,218",75% bullish,of 8 ratings,$19.50
EYEGW,NULL,1440781949678,0,Not yet rated,NULL,N/A
EZPW,$5.95,1440781949754,"67,124",50% bullish,of 4 ratings,$7.50
FB,$90.84,1440781949808,"13,499,370",73% bullish,of 1069 ratings,$111
FFIV,$123.03,1440781949888,"168,634",63% bullish,of 8 ratings,$132
FWM,$2.295,1440781949973,"50,141",100% bearish,of 2 ratings,$3.20
FCS,$13.77,1440781950020,"209,659",67% bearish,of 3 ratings,$17
FRP,$16.19,1440781950082,"57,383",100% bearish,of 1 rating,$18
DAVE,$15.277,1440781950224,"8,321",100% bearish,of 1 rating,$15.50
FARM,$22.35,1440781950253,"9,850",100% bearish,of 1 rating,$35
FALC,$1.7,1440781950286,"44,011",63% bearish,of 8 ratings,N/A
FMNB,$8.35,1440781950330,"3,077",Not yet rated,NULL,N/A
FFKT,$25.95,1440781950394,"6,039",Not yet rated,NULL,$29
FARO,$37.84,1440781950463,"45,296",50% bullish,of 2 ratings,$48
FAST,$38.82,1440781950491,"419,866",80% bullish,of 5 ratings,$45.50
FATE,$7,1440781950622,"11,945",50% bullish,of 2 ratings,$11
FBSS,NULL,1440781950727,0,Not yet rated,NULL,N/A
FBRC,$22.3001,1440781950886,"5,464",100% bearish,of 1 rating,$29
FEIC,$75.83,1440781950958,"63,168",50% bullish,of 2 ratings,$95.50
FNHC,$21.1,1440781950988,"51,464",100% bearish,of 1 rating,$35
FHCO,$1.41,1440781951050,"17,677",50% bullish,of 4 ratings,N/A
FDML,$8.5,1440781951084,"78,426",50% bullish,of 4 ratings,$14
FCSC,$5.695,1440781951114,"51,424",100% bearish,of 1 rating,$8.125
FENX,$9.96,1440781951218,"37,899",100% bullish,of 1 rating,$14.25
FGEN,$23.99,1440781951298,"48,105",100% bearish,of 1 rating,$39
ONEQ,$189.0801,1440781951404,"6,808",100% bullish,of 1 rating,N/A
FDUS,$14.59,1440781951431,"11,989",50% bullish,of 2 ratings,$18
LION,$19.22,1440781951485,"22,605",100% bullish,of 1 rating,$20
FRGI,$52.58,1440781951587,"57,917",50% bullish,of 2 ratings,$70
FSAM,$8.07,1440781951612,"2,185",100% bearish,of 1 rating,$10.25
FSC,$6.48,1440781951746,"313,654",60% bullish,of 5 ratings,$8
FSCFL,$24.5264,1440781951885,"4,747",Not yet rated,NULL,N/A
FSFR,$8.71,1440781951978,"49,063",100% bearish,of 1 rating,$11.50
FNGN,$33.22,1440781952017,"56,916",67% bullish,of 3 ratings,$47
FITBI,$27.5125,1440781952059,"19,536",Not yet rated,NULL,N/A
FITB,$19.97,1440781952090,"1,578,529",54% bullish,of 13 ratings,$22
FISI,$24.62,1440781952188,"7,175",100% bullish,of 2 ratings,$24.50
FNSR,$15.75,1440781952322,"274,827",71% bullish,of 7 ratings,$24.50
FEYE,$39.13,1440781952459,"1,218,409",87% bullish,of 15 ratings,$55.50
FNJN,$1.9,1440781952487,"17,501",100% bearish,of 1 rating,$5
FNTCW,NULL,1440781952527,0,Not yet rated,NULL,N/A
FNTCU,NULL,1440781952554,0,Not yet rated,NULL,N/A
FNTC,NULL,1440781952621,0,Not yet rated,NULL,N/A
FBNC,$17.23,1440781952646,"5,250",100% bullish,of 1 rating,$20
FNLC,$18.89,1440781952870,"5,173",100% bullish,of 1 rating,N/A
BUSE,$6.38,1440781952979,"48,978",Not yet rated,NULL,$6.875
FRBA,$6.09,1440781953007,800,Not yet rated,NULL,$8
FCVA,NULL,1440781953034,0,Not yet rated,NULL,N/A
FCFS,$39.815,1440781953081,"46,458",100% bearish,of 3 ratings,$48
FBIZ,$43.99,1440781953174,"16,705",100% bearish,of 2 ratings,$52
FCAP,$26.5,1440781953235,202,Not yet rated,NULL,N/A
FCLF,$9.04,1440781953380,204,Not yet rated,NULL,N/A
FCNCA,$240.21,1440781953431,"7,184",Not yet rated,NULL,N/A
FCCO,$11.53,1440781953535,700,Not yet rated,NULL,$13.25
FCBC,$17.48,1440781953561,"7,743",Not yet rated,NULL,$18
FCFP,$6.94,1440781953723,"1,500",Not yet rated,NULL,N/A
FBNK,$17.218,1440781953785,"15,248",100% bearish,of 1 rating,$17.50
FFBC,$18.34,1440781953826,"42,643",67% bearish,of 3 ratings,$20.25
FDEF,$37.55,1440781953889,"16,710",Not yet rated,NULL,$38
FFBCW,NULL,1440781953915,0,100% bearish,of 1 rating,N/A
FFIN,$30.84,1440781953991,"43,072",50% bullish,of 2 ratings,$31.75
FFNM,$6.3566,1440781954022,981,Not yet rated,NULL,N/A
FFNW,$12.03,1440781954119,"3,455",Not yet rated,NULL,$14
FFWM,$21.35,1440781954215,"2,216",Not yet rated,NULL,$24
THFF,$32.91,1440781954242,"7,426",Not yet rated,NULL,$35
FIBK,$26.29,1440781954498,"35,840",Not yet rated,NULL,$32
FRME,$25.92,1440781954527,"43,756",Not yet rated,NULL,$26.50
INBK,$30.89,1440781954564,"7,128",50% bullish,of 2 ratings,$37
FMBH,NULL,1440781954627,0,Not yet rated,NULL,N/A
FNWB,$11.87,1440781954759,"6,133",Not yet rated,NULL,N/A
FNBC,$34.89,1440781954830,"26,055",Not yet rated,NULL,$40
FMBI,$17.51,1440781954855,"84,988",Not yet rated,NULL,$20
FNFG,$9.16,1440781954918,"451,439",80% bullish,of 5 ratings,$9
FSFG,NULL,1440781955048,0,Not yet rated,NULL,N/A
FSLR,$48.37,1440781955077,"611,484",72% bullish,of 39 ratings,$65
FSBK,$7.8,1440781955104,"4,430",100% bullish,of 1 rating,N/A
FSGI,$2.49,1440781955131,"3,250",Not yet rated,NULL,N/A
BICK,$19.69,1440781955263,952,100% bullish,of 1 rating,N/A
FBZ,NULL,1440781955287,0,Not yet rated,NULL,N/A
FTCS,$36.6219,1440781955470,"8,503",100% bearish,of 1 rating,N/A
FCAN,$24.73,1440781955538,"2,260",Not yet rated,NULL,N/A
FTSM,$59.8402,1440781955837,"5,068",100% bearish,of 1 rating,N/A
FV,$23.6199,1440781955861,"1,241,086",100% bearish,of 1 rating,N/A
IFV,$17.833,1440781955914,"335,516",100% bearish,of 1 rating,N/A
FCA,$20.44,1440781955942,"2,200",Not yet rated,NULL,N/A
FEUZ,$31.16,1440781956006,560,Not yet rated,NULL,N/A
TDIV,$24.865,1440781956034,"42,914",100% bearish,of 1 rating,N/A
FEMB,NULL,1440781956062,0,Not yet rated,NULL,N/A
MDIV,$19.245,1440781956139,"81,152",Not yet rated,NULL,N/A
FTGC,$22.4399,1440781956271,"57,073",Not yet rated,NULL,N/A
FGM,$35.6999,1440781956413,407,Not yet rated,NULL,N/A
FHK,$33.53,1440781956541,736,Not yet rated,NULL,N/A
FTHI,$19.37,1440781956568,100,Not yet rated,NULL,N/A
HYLS,$49.4802,1440781956643,"26,468",100% bearish,of 1 rating,N/A
SKYY,$29.137,1440781956702,"20,556",100% bullish,of 1 rating,N/A
FPXI,$27.24,1440781956834,300,Not yet rated,NULL,N/A
PLTM,$6.44,1440781956895,"2,302",100% bearish,of 1 rating,N/A
YDIV,$16.438,1440781956920,"1,762",Not yet rated,NULL,N/A
CU,$13.17,1440781957049,"2,840",100% bearish,of 1 rating,N/A
FTLB,$19.3188,1440781957075,"3,260",100% bearish,of 1 rating,N/A
LMBS,$49.96,1440781957107,"4,611",Not yet rated,NULL,N/A
FJP,$47.94,1440781957207,"51,419",Not yet rated,NULL,N/A
FMB,$51.23,1440781957257,415,Not yet rated,NULL,N/A
QABA,$37.49,1440781957285,"5,305",100% bearish,of 1 rating,N/A
FONE,$35.4068,1440781957470,900,Not yet rated,NULL,N/A
CIBR,$18.07,1440781957522,"36,853",Not yet rated,NULL,N/A
CARZ,$35.074,1440781957605,"1,527",100% bearish,of 1 rating,N/A
GRID,$33.01,1440781957666,400,100% bearish,of 1 rating,N/A
QCLN,$15.31,1440781957734,"13,890",Not yet rated,NULL,N/A
QQEW,$42.0701,1440781957794,"31,541",Not yet rated,NULL,N/A
QQXT,$40.7525,1440781957889,"16,099",Not yet rated,NULL,N/A
QTEC,$40.28,1440781957920,"14,862",Not yet rated,NULL,N/A
RDVY,$21.13,1440781957993,"2,749",Not yet rated,NULL,N/A
AIRR,$16.42,1440781958029,"1,652",100% bearish,of 1 rating,N/A
FKO,NULL,1440781958125,0,Not yet rated,NULL,N/A
QINC,$20.2999,1440781958150,663,Not yet rated,NULL,N/A
FTSL,$48.6901,1440781958192,"89,072",100% bearish,of 1 rating,N/A
FTW,$31.91,1440781958400,2,Not yet rated,NULL,N/A
FDIV,$46.09,1440781958426,1,100% bearish,of 1 rating,N/A
FSZ,$39.09,1440781958447,"1,060",Not yet rated,NULL,N/A
SVVC,$9.4183,1440781958576,"7,154",50% bullish,of 2 ratings,$26
TUSA,$25.08,1440781958619,200,Not yet rated,NULL,N/A
FKU,$41.85,1440781958644,690,Not yet rated,NULL,N/A
FUNC,NULL,1440781958718,0,Not yet rated,NULL,N/A
FMER,$17.89,1440781958863,"322,826",50% bullish,of 2 ratings,$20
FSV,$31.12,1440781958996,"4,733",Not yet rated,NULL,$33.60
FIVN,$4.03,1440781959212,"35,007",100% bullish,of 1 rating,$8.50
FLML,$21.71,1440781959293,"48,689",50% bullish,of 2 ratings,$30
FIVE,$38.52,1440781959319,"342,205",75% bearish,of 4 ratings,$44
FPRX,$18.98,1440781959377,"99,133",50% bullish,of 2 ratings,$35
FISV,$86.58,1440781959451,"254,168",100% bearish,of 3 ratings,$90
FLKS,$11.97,1440781959480,"11,175",50% bullish,of 2 ratings,$27
FLXN,$24.83,1440781959502,"13,798",100% bearish,of 1 rating,$40
SKOR,$50.23,1440781959665,400,Not yet rated,NULL,N/A
FLXS,$32.4,1440781959698,"4,643",100% bearish,of 2 ratings,N/A
FLEX,$10.6699,1440781959832,"528,466",63% bullish,of 8 ratings,$12
FFIC,$19.75,1440781959864,"31,664",Not yet rated,NULL,$21
FLDM,$11.7,1440781959885,"126,268",67% bearish,of 3 ratings,$15
MBSD,$24.95,1440781959915,"13,103",Not yet rated,NULL,N/A
FLIR,$28.5601,1440781959944,"369,041",100% bearish,of 1 rating,$38.50
FOMX,$10.195,1440781960231,"54,848",50% bullish,of 2 ratings,$23.50
FONR,$9.75,1440781960257,"3,652",100% bullish,of 1 rating,N/A
FOGO,$19.2,1440781960299,"19,714",50% bullish,of 2 ratings,$25.50
FES,$0.97,1440781960398,"27,520",50% bullish,of 2 ratings,$1
FORM,$6.53,1440781960445,"88,237",67% bullish,of 3 ratings,$10.50
FORTY,$30.21,1440781960480,600,100% bearish,of 1 rating,N/A
FTNT,$42.71,1440781960698,"223,092",80% bullish,of 10 ratings,$52
FORR,$31.96,1440781960723,"5,004",Not yet rated,NULL,N/A
FWRD,$45.18,1440781960856,"37,459",100% bearish,of 1 rating,$50
FOSL,$61.71,1440781960889,"258,553",60% bearish,of 5 ratings,$80
FBIO,$2.79,1440781960919,"48,017",83% bullish,of 6 ratings,N/A
FWP,$26.75,1440781960989,"6,238",100% bearish,of 1 rating,$45
FORD,$1.93,1440781961020,"1,221,298",67% bullish,of 3 ratings,N/A
FMI,$24.17,1440781961063,"192,346",100% bearish,of 2 ratings,$27.50
FXCB,$17.09,1440781961154,"29,633",Not yet rated,NULL,$19
FOXF,$15.26,1440781961287,"10,870",100% bearish,of 1 rating,$19
FRAN,$11.29,1440781961455,"175,050",50% bullish,of 4 ratings,$15
FELE,$29.135,1440781961521,"101,185",50% bullish,of 4 ratings,$33
FREE,$0.3741,1440781961623,"244,276",92% bullish,of 12 ratings,N/A
FEIM,$11.28,1440781961699,507,100% bearish,of 1 rating,N/A
FRPT,$13.07,1440781961754,"139,185",67% bearish,of 3 ratings,$23.50
FTR,$5.105,1440781961786,"5,830,523",78% bullish,of 27 ratings,$6.25
FRED,$13.1,1440781961807,"93,603",50% bullish,of 2 ratings,$16
RAIL,$20.65,1440781961843,"32,797",100% bearish,of 1 rating,$24.50
FTRPR,$100.65,1440781961886,"43,698",100% bearish,of 1 rating,N/A
FRPH,$31.2,1440781961943,"2,784",100% bearish,of 1 rating,N/A
FSYS,$6.67,1440781962162,"18,655",67% bullish,of 3 ratings,$10
FTEK,$2.05,1440781962298,"21,235",75% bullish,of 4 ratings,N/A
FTD,$29.57,1440781962324,"36,694",100% bearish,of 1 rating,$40
FSBW,$22.77,1440781962356,717,Not yet rated,NULL,N/A
FCEL,$0.8095,1440781962460,"1,080,396",88% bullish,of 41 ratings,$2.65
FULL,$3.07,1440781962485,"14,670",67% bearish,of 3 ratings,$4.25
FLL,$1.4997,1440781962559,"5,000",75% bullish,of 4 ratings,$3.50
FFHL,$1.05,1440781962728,"17,697",50% bullish,of 4 ratings,N/A
FULLL,NULL,1440781962765,0,Not yet rated,NULL,N/A
FULT,$12.13,1440781962869,"232,375",100% bearish,of 1 rating,$13
FXEN,$0.9103,1440781962890,"54,969",75% bullish,of 4 ratings,$1.10
FXENP,$15.7547,1440781962912,700,100% bearish,of 1 rating,N/A
FSNN,NULL,1440781962954,0,67% bullish,of 3 ratings,$6
GK,$67.93,1440781962980,"22,648",Not yet rated,NULL,$78
WILC,$4.84,1440781963049,"1,029",100% bullish,of 2 ratings,N/A
GAIA,$5.92,1440781963228,600,50% bullish,of 2 ratings,$8.50
GLMD,$8.97,1440781963566,"3,550",67% bullish,of 3 ratings,$20.50
GLPG,$60.5,1440781963596,"5,240",100% bullish,of 1 rating,$75
GALT,$1.97,1440781963626,"18,178",80% bullish,of 5 ratings,N/A
GALTU,NULL,1440781963667,0,100% bearish,of 1 rating,N/A
GALTW,NULL,1440781963693,0,100% bullish,of 1 rating,N/A
GPIC,$9.64,1440781963721,410,100% bearish,of 1 rating,N/A
GALE,$1.47,1440781963752,"456,336",89% bullish,of 47 ratings,$4
GGAC,$9.9,1440781963880,"3,134",100% bearish,of 1 rating,N/A
GRMN,$38.1299,1440781964023,"242,525",50% bullish,of 6 ratings,$46.50
GGACR,$0.29,1440781964077,"46,800",100% bullish,of 1 rating,N/A
GLPI,$31.475,1440781964106,"117,950",100% bearish,of 1 rating,$37.50
GGACW,$0.19,1440781964207,700,Not yet rated,NULL,N/A
GARS,$14.245,1440781964293,"10,363",Not yet rated,NULL,$16
GGACU,$10.29,1440781964357,"19,744",Not yet rated,NULL,N/A
GENC,$9.152,1440781964382,"4,369",100% bearish,of 1 rating,N/A
GNCMA,$16.9,1440781964537,"42,622",100% bearish,of 1 rating,$12
GFNCP,NULL,1440781964687,0,Not yet rated,NULL,N/A
GFN,$3.86,1440781964719,"13,389",100% bearish,of 2 ratings,$8
GFNSL,$25.62,1440781964777,600,Not yet rated,NULL,N/A
GENE,$2.26,1440781964818,"145,085",100% bullish,of 12 ratings,N/A
GNCA,$12.23,1440781964846,"39,617",100% bearish,of 1 rating,$20
GHDX,$27.09,1440781964877,"106,270",50% bullish,of 2 ratings,$30
GNTX,$15.5,1440781964978,"438,000",Not yet rated,NULL,$20
GNMK,$10.02,1440781965003,"72,068",67% bullish,of 6 ratings,$14
THRM,$46.49,1440781965052,"186,564",75% bearish,of 4 ratings,$55.50
GNVC,$2.52,1440781965222,"6,416",90% bullish,of 10 ratings,$8.50
GEOS,$16.778,1440781965294,"50,661",100% bearish,of 3 ratings,$21
GTWN,NULL,1440781965427,0,Not yet rated,NULL,N/A
GERN,$3.13,1440781965452,"452,771",88% bullish,of 16 ratings,$5.25
GABC,$28.99,1440781965477,"8,730",Not yet rated,NULL,$31
GEVO,$2.3701,1440781965632,"216,383",75% bullish,of 12 ratings,$5
GIGM,$0.559,1440781965657,"29,704",100% bullish,of 2 ratings,N/A
GILT,$4.3912,1440781965930,900,50% bullish,of 2 ratings,N/A
GBCI,$25.86,1440781966001,"57,126",50% bullish,of 2 ratings,$31
GIII,$68.6,1440781966074,"59,380",67% bullish,of 3 ratings,$75
GILD,$107.47,1440781966101,"2,600,888",91% bullish,of 87 ratings,$129
GIGA,$1.45,1440781966127,"1,263",100% bearish,of 1 rating,N/A
GLAD,$8.74,1440781966158,"122,904",50% bullish,of 2 ratings,$8.75
ROCK,$16.265,1440781966186,"50,995",80% bullish,of 5 ratings,$24
GLADO,$25.59,1440781966314,100,Not yet rated,NULL,N/A
GOOD,$14.48,1440781966474,"40,228",Not yet rated,NULL,$19
GOODO,$25,1440781966566,15,Not yet rated,NULL,N/A
GOODN,$25.407,1440781966649,400,Not yet rated,NULL,N/A
GAIN,$7.4872,1440781966705,"60,270",100% bullish,of 2 ratings,$8.25
GAINN,$25.01,1440781966811,"52,389",Not yet rated,NULL,N/A
GOODP,NULL,1440781966844,0,Not yet rated,NULL,N/A
LAND,$9.1849,1440781966872,"28,922",50% bullish,of 2 ratings,$13.75
GAINP,$25.9,1440781966894,320,Not yet rated,NULL,N/A
GAINO,$25.1728,1440781966922,490,Not yet rated,NULL,N/A
GLBZ,NULL,1440781966954,0,Not yet rated,NULL,N/A
ENT,$11.75,1440781967248,"22,548",100% bearish,of 1 rating,$18
GDEF,$10.53,1440781967301,400,Not yet rated,NULL,N/A
GBLI,$26.9175,1440781967406,"6,206",Not yet rated,NULL,N/A
GBT,$41.415,1440781967432,"46,556",100% bearish,of 1 rating,N/A
GPACU,NULL,1440781967456,0,Not yet rated,NULL,N/A
GSOL,$8.15,1440781967482,"12,395",100% bearish,of 1 rating,N/A
ALTY,$14.44,1440781967692,600,Not yet rated,NULL,N/A
ACTX,NULL,1440781967777,0,100% bullish,of 1 rating,N/A
SOCL,$17.81,1440781967809,"15,356",100% bullish,of 2 ratings,N/A
SRET,$13.27,1440781967839,214,Not yet rated,NULL,N/A
QQQC,$19.6301,1440781967875,"1,861",100% bearish,of 1 rating,N/A
GAI,$5.87,1440781967896,100,50% bullish,of 2 ratings,N/A
GSM,$13.5,1440781967929,"170,266",50% bullish,of 2 ratings,$22
YLCO,$11.94,1440781967967,871,Not yet rated,NULL,N/A
GBIM,$2.379,1440781968211,"13,819",50% bullish,of 2 ratings,N/A
GLBS,NULL,1440781968306,0,67% bullish,of 3 ratings,N/A
GLRI,$1.05,1440781968379,"13,661",100% bearish,of 1 rating,$4.25
GLNG,$38.68,1440781968586,"513,426",83% bullish,of 6 ratings,$58
GOGO,$15.975,1440781968617,"169,889",80% bullish,of 5 ratings,$25
GMLP,$18.2442,1440781968643,"83,117",50% bullish,of 4 ratings,$32.50
GLUU,$4.54,1440781968687,"459,446",92% bullish,of 26 ratings,$9
GLYC,$7.03,1440781968716,"5,343",50% bullish,of 2 ratings,$14
GLDC,$4.0001,1440781968775,"4,600",50% bullish,of 2 ratings,N/A
GBDC,$16.6853,1440781968821,"57,455",Not yet rated,NULL,$17.75
GDEN,$8.94,1440781968852,"3,739",50% bullish,of 2 ratings,N/A
GOGL,$3.112,1440781968992,"125,033",75% bullish,of 4 ratings,$5
GOOG,$627.87,1440781969027,"490,689",89% bullish,of 70 ratings,$825
GTIM,$6.94,1440781969159,"18,741",Not yet rated,NULL,$11.50
GOOGL,$656.9066,1440781969213,"446,089",88% bullish,of 1081 ratings,$749
GPRO,$48.85,1440781969302,"2,006,303",78% bullish,of 58 ratings,$72
GMAN,$3.81,1440781969328,"131,765",60% bullish,of 5 ratings,$8.50
GPIA,NULL,1440781969557,0,Not yet rated,NULL,N/A
GPIAW,NULL,1440781969588,0,Not yet rated,NULL,N/A
GRVY,NULL,1440781969616,0,50% bullish,of 2 ratings,N/A
GBSNU,NULL,1440781969638,0,NULL,NULL,NULL
GPIAU,NULL,1440781969663,0,Not yet rated,NULL,N/A
LOPE,$37.45,1440781969684,"38,596",100% bearish,of 2 ratings,$50
GLDD,$5.41,1440781969720,"43,300",100% bearish,of 4 ratings,$7.75
GBSN,$0.38,1440781969926,"2,424,976",50% bullish,of 2 ratings,$8.25
GNBC,$11.79,1440781970084,"8,000",100% bearish,of 1 rating,$16.50
GPP,$13.25,1440781970112,"26,445",Not yet rated,NULL,$20.50
GSBC,$39.97,1440781970134,"8,494",100% bullish,of 1 rating,$44
GRBK,$12.005,1440781970163,"50,265",77% bullish,of 13 ratings,N/A
GPRE,$20.57,1440781970294,"531,455",67% bullish,of 6 ratings,$28.50
GCBC,NULL,1440781970319,0,100% bullish,of 1 rating,N/A
GLRE,$25.65,1440781970382,"88,502",50% bullish,of 2 ratings,$41
GRFS,$30.55,1440781970528,"89,507",50% bullish,of 2 ratings,$35
OMAB,$41.35,1440781970557,"6,882",100% bullish,of 1 rating,$44
GRPN,$4.45,1440781970578,"2,556,628",61% bullish,of 71 ratings,$6.75
GRIF,$30.62,1440781970617,54,100% bearish,of 1 rating,N/A
GSIT,$4.66,1440781970712,"1,502",100% bearish,of 1 rating,N/A
GSIG,$13.02,1440781970733,"12,241",100% bearish,of 2 ratings,N/A
GGAL,$19.7,1440781970769,"67,854",80% bullish,of 5 ratings,$40
GSVC,$8.8,1440781970790,"35,159",50% bullish,of 2 ratings,$14.50
GTXI,$0.9001,1440781971081,"11,170",100% bullish,of 5 ratings,$.75
GUID,$7.292,1440781971214,"19,934",100% bearish,of 3 ratings,$10
GULTU,$0.3,1440781971239,"809,831",100% bearish,of 1 rating,N/A
GBNK,$15.83,1440781971266,"9,733",100% bearish,of 1 rating,$18
GFED,$14.7278,1440781971291,185,Not yet rated,NULL,$17
GIFI,$12.29,1440781971316,"15,889",100% bearish,of 1 rating,$16
GURE,$1.7,1440781971453,"75,267",88% bullish,of 8 ratings,N/A
GWPH,$109.2054,1440781971483,"29,617",78% bullish,of 9 ratings,$148.50
GPOR,$35.91,1440781971551,"636,574",75% bullish,of 4 ratings,$55
GYRO,NULL,1440781971580,0,100% bearish,of 1 rating,N/A
GWGH,NULL,1440781971651,0,100% bearish,of 1 rating,$15.05
HNRG,$7.75,1440781971683,"32,879",100% bearish,of 1 rating,$10
HLG,$9,1440781971753,"2,225",100% bearish,of 1 rating,N/A
HEES,$19.21,1440781971784,"176,794",67% bearish,of 3 ratings,$31
HALL,$11.47,1440781971836,"10,206",Not yet rated,NULL,N/A
HALO,$18.45,1440781971968,"352,694",67% bullish,of 3 ratings,$22.50
HNH,$25.44,1440781972209,"12,336",100% bullish,of 1 rating,N/A
HBHC,$27.57,1440781972320,"129,013",50% bullish,of 2 ratings,$30
HBK,NULL,1440781972361,0,50% bullish,of 2 ratings,N/A
HNSN,$0.5074,1440781972393,"24,214",88% bullish,of 8 ratings,$.40
HBHCL,$24.3442,1440781972414,"11,990",Not yet rated,NULL,N/A
HMPR,$1.86,1440781972435,"13,905",100% bullish,of 1 rating,N/A
HQCL,$12.81,1440781972472,"21,271",67% bullish,of 3 ratings,$14
HAFC,$24.25,1440781972497,"48,400",100% bullish,of 2 ratings,$28.50
HDNG,$10.1452,1440781972634,"5,423",50% bullish,of 4 ratings,N/A
HRMN,NULL,1440781972768,0,Not yet rated,NULL,N/A
HRMNU,NULL,1440781972804,0,Not yet rated,NULL,N/A
HLIT,$5.81,1440781972841,"75,839",100% bearish,of 1 rating,$6.50
HRMNW,NULL,1440781972900,0,Not yet rated,NULL,N/A
TINY,$2.4901,1440781972976,"8,300",50% bullish,of 2 ratings,$5.26
HART,$0.98,1440781973154,"49,974",100% bearish,of 1 rating,N/A
HCAP,$12.137,1440781973179,"2,400",50% bullish,of 2 ratings,$15
HAS,$75.5,1440781973226,"234,596",63% bullish,of 8 ratings,$84.50
HBIO,$4.32,1440781973257,"17,071",100% bearish,of 1 rating,$10
HA,$22.76,1440781973278,"235,635",67% bullish,of 9 ratings,$27
HCAPL,NULL,1440781973411,0,Not yet rated,NULL,N/A
HCOM,$22.12,1440781973443,"26,415",100% bearish,of 1 rating,$28
HWKN,$37.084,1440781973470,"12,088",Not yet rated,NULL,N/A
HWBK,NULL,1440781973554,0,100% bearish,of 1 rating,N/A
HAYN,$38.06,1440781973660,"17,955",100% bearish,of 1 rating,$59
HDS,$33.27,1440781973733,"477,191",100% bearish,of 2 ratings,$39.50
HQY,$29.265,1440781973835,"49,716",67% bullish,of 3 ratings,$32
HIIQ,$5.03,1440781973871,"11,821",50% bullish,of 2 ratings,$7
HSTM,$25.32,1440781973908,"28,602",50% bullish,of 2 ratings,$33.75
HCSG,$33.46,1440781973934,"46,602",50% bullish,of 4 ratings,$35
HTLF,$35.98,1440781974066,"8,989",100% bullish,of 1 rating,$39.50
HTLD,$20.57,1440781974124,"102,403",Not yet rated,NULL,$22.50
HWAY,$11.895,1440781974145,"49,990",100% bearish,of 1 rating,$15
HTBX,$5.04,1440781974196,"2,008",50% bullish,of 2 ratings,$15.50
HELE,$84.98,1440781974288,"27,550",67% bearish,of 3 ratings,$100
HSII,$19.64,1440781974331,"15,233",100% bullish,of 3 ratings,$25
HTWR,$85.59,1440781974356,"67,357",50% bullish,of 2 ratings,$103
HMNY,NULL,1440781974416,0,100% bearish,of 1 rating,N/A
HMTV,$13.5925,1440781974498,"3,545",100% bearish,of 1 rating,$16
HCACU,NULL,1440781974725,0,Not yet rated,NULL,N/A
HNNA,$24.9,1440781974755,"6,147",Not yet rated,NULL,N/A
HSIC,$138.34,1440781974817,"96,212",83% bullish,of 6 ratings,$146
HTBK,$10.63,1440781974855,"10,572",Not yet rated,NULL,$12
HFWA,$17.66,1440781974890,"52,593",100% bullish,of 1 rating,$20
HERO,NULL,1440781974914,0,NULL,NULL,NULL
HCCI,$11.2,1440781974990,"21,791",100% bearish,of 1 rating,$16.50
MLHR,$27.02,1440781975049,"129,371",50% bullish,of 2 ratings,$33.50
HRTX,$35.73,1440781975075,"113,415",67% bullish,of 6 ratings,$41
HEOP,$7.73,1440781975207,"7,724",Not yet rated,NULL,$8.50
HFFC,$16,1440781975242,"4,730",Not yet rated,NULL,N/A
HIBB,$38.95,1440781975376,"88,036",100% bearish,of 1 rating,$46.50
HSKA,$33.34,1440781975405,"9,503",100% bearish,of 1 rating,$38
HPJ,$2.2,1440781975427,"10,543",75% bullish,of 4 ratings,$12.43
HIHO,$3.762,1440781975508,"1,538",Not yet rated,NULL,N/A
HIMX,$6.885,1440781975603,"671,433",86% bullish,of 21 ratings,$8.50
HIFS,$117.21,1440781975762,812,Not yet rated,NULL,N/A
HMSY,$10.35,1440781975814,"366,174",67% bullish,of 3 ratings,$19.35
HOLI,$17.9,1440781975840,"57,513",50% bullish,of 4 ratings,$27
HSGX,$6.15,1440781975870,"3,000",100% bearish,of 1 rating,$17
HMNF,$11.68,1440781975907,"1,650",Not yet rated,NULL,N/A
HOLX,$39.585,1440781975967,"512,293",67% bullish,of 3 ratings,$42
HBCP,$24.61,1440781976117,"1,300",Not yet rated,NULL,$29
HOMB,$38.1,1440781976190,"102,662",Not yet rated,NULL,$42
AWAY,$29.07,1440781976251,"141,264",67% bullish,of 3 ratings,$36
HFBL,$21.58,1440781976335,500,Not yet rated,NULL,N/A
HMIN,$27.0675,1440781976379,"18,815",100% bearish,of 2 ratings,$35
HMST,$21.89,1440781976466,"44,903",100% bullish,of 2 ratings,$27
HTBI,$18.18,1440781976498,"11,965",67% bullish,of 3 ratings,$18.625
HKTV,$4.76,1440781976519,100,100% bearish,of 1 rating,N/A
CETC,$0.759,1440781976673,"147,086",86% bullish,of 7 ratings,N/A
HBNC,$23.31,1440781976740,"4,744",100% bullish,of 1 rating,$27
HOFT,$23.56,1440781976778,"6,300",100% bearish,of 1 rating,N/A
HFBC,$11.27,1440781976839,"2,200",Not yet rated,NULL,N/A
HZNP,$30.4737,1440781976906,"684,451",85% bullish,of 20 ratings,$40
HRZN,$10.4694,1440781976931,"23,970",50% bullish,of 2 ratings,$14.25
ZINC,$7.88,1440781977008,"285,138",100% bearish,of 1 rating,$17
HDP,$24.127,1440781977066,"100,599",67% bearish,of 3 ratings,$30.50
HWCC,$7.5101,1440781977210,"56,761",100% bearish,of 1 rating,$9
HOVNP,NULL,1440781977366,0,100% bearish,of 1 rating,N/A
HMHC,$22.71,1440781977414,"193,574",Not yet rated,NULL,$27
HUBG,$37.4,1440781977454,"211,146",100% bearish,of 1 rating,$43
HTGM,$5.615,1440781977475,624,100% bearish,of 1 rating,$19.50
HBMD,$14.23,1440781977496,300,100% bearish,of 1 rating,N/A
HSNI,$62.09,1440781977543,"61,592",Not yet rated,NULL,$80
HCBK,$9.375,1440781977569,"421,126",83% bullish,of 6 ratings,$8.61
HSON,$2.7337,1440781977812,"2,740",100% bearish,of 1 rating,$5
HBAN,$10.919,1440781977842,"2,675,767",76% bullish,of 17 ratings,$12.29
HBANP,NULL,1440781977880,0,100% bearish,of 1 rating,N/A
HDSN,$3.095,1440781977946,"10,300",100% bullish,of 1 rating,$6.25
HURC,$30.76,1440781978026,"4,029",100% bearish,of 1 rating,N/A
HURN,$73.3,1440781978090,"44,146",50% bullish,of 2 ratings,$80
HBP,NULL,1440781978158,0,100% bullish,of 1 rating,N/A
HDRA,NULL,1440781978185,0,Not yet rated,NULL,N/A
HDRAU,NULL,1440781978317,0,Not yet rated,NULL,N/A
HTCH,$1.56,1440781978351,"74,021",100% bearish,of 1 rating,$3.50
HDRAR,NULL,1440781978385,0,Not yet rated,NULL,N/A
HYGS,$9.5299,1440781978447,"19,153",50% bullish,of 2 ratings,$13
HDRAW,NULL,1440781978477,0,Not yet rated,NULL,N/A
IDSY,$3.833,1440781978505,"1,618",100% bearish,of 1 rating,$7
IACI,$71.04,1440781978676,"190,345",75% bullish,of 4 ratings,$90
IKGH,$1.69,1440781978708,"3,472",75% bullish,of 4 ratings,N/A
IEP,$74.2001,1440781978807,"34,571",75% bullish,of 4 ratings,$99
IBKC,$60.4694,1440781978845,"37,375",100% bullish,of 1 rating,$70
ICAD,$4.041,1440781978884,"56,891",100% bullish,of 2 ratings,$7.25
ICLR,$77.95,1440781978975,"114,175",100% bearish,of 3 ratings,$85
ICFI,$34.27,1440781979002,"27,115",50% bullish,of 2 ratings,$48.50
ICON,$13.5,1440781979141,"169,419",50% bullish,of 2 ratings,$18.50
ICUI,$113.34,1440781979187,"11,776",Not yet rated,NULL,$122
IPWR,NULL,1440781979212,0,100% bullish,of 1 rating,$15
IDRA,$2.95,1440781979271,"271,785",89% bullish,of 9 ratings,$6.50
IDXX,$73.47,1440781979366,"154,201",100% bearish,of 1 rating,$77
INVE,$4.3,1440781979427,"46,103",75% bullish,of 4 ratings,$4
DSKY,$11.02,1440781979498,"68,059",67% bullish,of 6 ratings,$11.50
IROQ,$16.7,1440781979527,200,100% bullish,of 1 rating,N/A
IRG,$4.75,1440781979657,"13,944",100% bearish,of 1 rating,$4.25
RXDX,$13.65,1440781979683,"55,863",100% bullish,of 1 rating,$20
IIVI,$17.08,1440781979704,"44,343",100% bearish,of 1 rating,$22
KANG,$15.81,1440781979738,"109,755",50% bullish,of 2 ratings,$22.55
IKAN,$2.7334,1440781979864,"3,566",83% bullish,of 6 ratings,$5
ISNS,$3.92,1440781979966,"7,200",50% bullish,of 2 ratings,N/A
IKNX,NULL,1440781980019,0,100% bearish,of 1 rating,N/A
IMMR,$11.93,1440781980050,"38,982",80% bullish,of 5 ratings,$15.50
ILMN,$201.2299,1440781980153,"434,708",80% bullish,of 5 ratings,$245
ICCC,$7.27,1440781980177,"9,606",100% bullish,of 1 rating,N/A
IMNP,$1.3,1440781980205,"26,847",50% bullish,of 2 ratings,$6
IMDZ,$16.39,1440781980233,"11,025",100% bearish,of 1 rating,$33
IPXL,$42.87,1440781980439,"146,510",67% bullish,of 3 ratings,$46.50
IMGN,$14.8325,1440781980483,"381,552",75% bullish,of 4 ratings,$17.50
IMMU,$2.05,1440781980512,"212,523",86% bullish,of 7 ratings,$2
IMMY,$7.65,1440781980538,425,100% bearish,of 1 rating,$11
INCR,$41.805,1440781980577,"69,219",50% bullish,of 2 ratings,$53
SAAS,$7.7201,1440781980630,"114,488",50% bullish,of 2 ratings,$15
INDB,$43.49,1440781980667,"81,913",Not yet rated,NULL,$44
INCY,$118.6,1440781980712,"531,676",50% bullish,of 6 ratings,$125.50
IBTX,$41.92,1440781981030,"7,525",100% bullish,of 2 ratings,$47.25
IBCP,$14.1,1440781981087,"58,698",100% bullish,of 1 rating,$14.50
IDSA,$3.662,1440781981113,"1,600",Not yet rated,NULL,N/A
INFN,$22.0299,1440781981157,"573,051",71% bullish,of 7 ratings,$28
III,$3.95,1440781981241,"51,933",57% bullish,of 7 ratings,$6
IPCC,$77.06,1440781981291,"8,973",Not yet rated,NULL,$77.50
INFI,$9.17,1440781981337,"115,365",50% bullish,of 4 ratings,$18
IFON,$1.2379,1440781981393,"22,089",75% bullish,of 4 ratings,N/A
INNL,$12.565,1440781981480,250,100% bearish,of 1 rating,$16.50
INWK,$7.1399,1440781981509,"22,337",50% bullish,of 2 ratings,$10
IMKTA,$50.23,1440781981551,"18,146",100% bearish,of 1 rating,N/A
IPHS,$48.15,1440781981588,"26,011",100% bearish,of 1 rating,$60
IOSP,$47.82,1440781981682,"69,431",100% bearish,of 1 rating,N/A
ISSC,$2.8344,1440781981713,"1,400",67% bearish,of 3 ratings,N/A
INOD,$2.44,1440781981818,600,100% bearish,of 1 rating,N/A
INGN,$50.0497,1440781981879,"127,106",100% bearish,of 1 rating,$50.50
ITEK,$12.24,1440781981979,"159,168",100% bearish,of 3 ratings,$20
NSIT,$25.92,1440781982152,"36,987",50% bullish,of 2 ratings,N/A
INOV,$21.54,1440781982221,"600,228",100% bearish,of 1 rating,$33
PODD,$29.79,1440781982254,"80,740",67% bearish,of 3 ratings,$35
INSM,$25.12,1440781982277,"128,542",71% bullish,of 7 ratings,$31.50
ISIG,$2.74,1440781982306,"8,469",100% bearish,of 1 rating,N/A
IIIN,$17.15,1440781982341,"6,521",100% bearish,of 2 ratings,N/A
INO,$7.68,1440781982362,"1,173,911",89% bullish,of 18 ratings,$20
INSY,$33.65,1440781982408,"126,220",75% bullish,of 4 ratings,$48
NTEC,$5.53,1440781982606,"4,805",100% bearish,of 1 rating,N/A
IART,$61.129,1440781982631,"49,673",100% bearish,of 1 rating,$71.50
IDTI,$19.2,1440781982764,"576,820",60% bullish,of 5 ratings,$25
IESC,$7.08,1440781982830,700,100% bearish,of 1 rating,N/A
ISSI,$21.99,1440781982859,"68,126",67% bullish,of 3 ratings,$19.75
INTC,$28.455,1440781982961,"11,939,904",82% bullish,of 238 ratings,$36
IQNT,$18.49,1440781983092,"70,904",86% bullish,of 7 ratings,$20
IPCI,$2.29,1440781983125,"38,907",67% bullish,of 6 ratings,$8
IPAR,$25.78,1440781983147,"22,592",67% bullish,of 3 ratings,$38
IBKR,$39.99,1440781983181,"149,748",100% bullish,of 1 rating,N/A
ICPT,$188.24,1440781983230,"55,897",70% bullish,of 10 ratings,$359.50
IDCC,$49.76,1440781983329,"79,271",80% bullish,of 5 ratings,$63
ICLDW,NULL,1440781983357,0,100% bearish,of 1 rating,N/A
ININ,$35.87,1440781983412,"30,202",67% bearish,of 3 ratings,$57
ICLD,$1.8901,1440781983511,"55,839",75% bullish,of 4 ratings,N/A
IBOC,$25.195,1440781983755,"48,445",100% bearish,of 1 rating,N/A
TILE,$24.11,1440781983819,"143,113",100% bearish,of 3 ratings,$27
IGLD,NULL,1440781983848,0,50% bullish,of 2 ratings,N/A
INAP,$8.0293,1440781983884,"93,396",75% bullish,of 4 ratings,$11
ISCA,$31.66,1440781983912,"56,348",100% bearish,of 1 rating,N/A
IMI,$2.13,1440781983937,"5,695",67% bullish,of 3 ratings,$2.22
IIJI,$10,1440781983976,20,50% bullish,of 2 ratings,$11.50
PTNT,$3.05,1440781984102,200,Not yet rated,NULL,N/A
INPH,$0.3051,1440781984162,"125,736",50% bullish,of 2 ratings,N/A
XENT,$25.4506,1440781984290,"53,364",50% bullish,of 2 ratings,$36.50
INTX,$2,1440781984316,"52,545",67% bullish,of 3 ratings,N/A
IILG,$19.92,1440781984346,"36,096",100% bearish,of 1 rating,$29
ISIL,$10.69,1440781984368,"176,869",50% bullish,of 6 ratings,$15
IVAC,$4.87,1440781984450,"9,148",100% bearish,of 1 rating,$6.625
INTL,$25.74,1440781984555,"23,042",67% bearish,of 3 ratings,N/A
INVT,$0.3179,1440781984783,"152,109",67% bullish,of 3 ratings,N/A
INTU,$86.96,1440781984813,"677,406",86% bullish,of 7 ratings,$107.50
INTLL,$26.09,1440781984845,850,Not yet rated,NULL,N/A
ITCI,$26.82,1440781984867,"239,783",75% bearish,of 4 ratings,$40
IIN,$6.22,1440781984888,"1,100",100% bearish,of 1 rating,$12
ISRG,$512.15,1440781984923,"24,737",67% bullish,of 3 ratings,$600
SNAK,$8.43,1440781985157,"44,533",50% bullish,of 2 ratings,$14
ISBC,$11.79,1440781985257,"418,358",100% bullish,of 1 rating,$13.25
ISTR,$15.7299,1440781985282,515,100% bearish,of 1 rating,$18.50
ITIC,$71.5,1440781985312,800,100% bearish,of 2 ratings,N/A
IVTY,$14.03,1440781985417,"5,006",Not yet rated,NULL,$18
NVIV,$9.5,1440781985502,"66,347",50% bullish,of 4 ratings,$24.50
DTUL,NULL,1440781985556,0,Not yet rated,NULL,N/A
IPCM,$79.3,1440781985586,"57,269",50% bullish,of 2 ratings,$80.125
IPAS,$1.09,1440781985607,"6,380",67% bullish,of 3 ratings,N/A
DFVL,NULL,1440781985642,0,Not yet rated,NULL,N/A
IPGP,$85.91,1440781985686,"122,919",100% bearish,of 2 ratings,$109.50
IRMD,$24.82,1440781985745,"8,370",67% bearish,of 3 ratings,$25
IRIX,$6.97,1440781985816,"4,600",100% bearish,of 1 rating,N/A
IRDM,$7.19,1440781985949,"166,067",60% bullish,of 5 ratings,$11.50
IRBT,$29.373,1440781985980,"79,512",67% bullish,of 6 ratings,$37
IRDMB,$288,1440781986009,20,67% bearish,of 3 ratings,N/A
IRWD,$11.14,1440781986211,"492,053",100% bearish,of 1 rating,$13
FCHI,NULL,1440781986267,0,NULL,NULL,NULL
IFAS,NULL,1440781986343,0,NULL,NULL,NULL
GNMA,$50.2132,1440781986411,"1,198",Not yet rated,NULL,N/A
IRCP,NULL,1440781986437,0,100% bullish,of 2 ratings,N/A
IFEU,$38.0168,1440781986476,"1,582",Not yet rated,NULL,N/A
COMT,$33.7745,1440781986509,"7,947",100% bearish,of 1 rating,N/A
IFGL,$28.6399,1440781986539,"65,693",Not yet rated,NULL,N/A
IFNA,NULL,1440781986576,0,NULL,NULL,NULL
ACWX,$41.09,1440781986639,"218,674",100% bearish,of 1 rating,N/A
AXJS,NULL,1440781986765,0,NULL,NULL,NULL
ACWI,$56.275,1440781986858,"969,430",Not yet rated,NULL,N/A
AAXJ,$53.61,1440781986884,"557,566",Not yet rated,NULL,N/A
EEMA,$50.66,1440781987015,"18,451",Not yet rated,NULL,N/A
EMDI,NULL,1440781987042,0,NULL,NULL,NULL
AAIT,NULL,1440781987061,0,NULL,NULL,NULL
EGRW,NULL,1440781987144,0,NULL,NULL,NULL
EEME,NULL,1440781987190,0,NULL,NULL,NULL
EVAL,NULL,1440781987242,0,NULL,NULL,NULL
EMEY,NULL,1440781987261,0,NULL,NULL,NULL
EEML,NULL,1440781987396,0,Not yet rated,NULL,N/A
EUFN,$21.9076,1440781987426,"28,404",100% bearish,of 1 rating,N/A
IEUS,$45.41,1440781987526,938,100% bearish,of 1 rating,N/A
QAT,$21.43,1440781987578,400,Not yet rated,NULL,N/A
IBB,$350.45,1440781987609,"372,486",63% bullish,of 8 ratings,N/A
UAE,$18.6,1440781987660,"2,400",Not yet rated,NULL,N/A
SOXX,$83.24,1440781987967,"243,563",50% bullish,of 2 ratings,N/A
ICLN,$9.665,1440781988000,"8,851",50% bullish,of 2 ratings,N/A
EMIF,$28.72,1440781988027,"6,422",Not yet rated,NULL,N/A
INDY,$27.6099,1440781988063,"89,729",50% bullish,of 2 ratings,N/A
WOOD,$48.0601,1440781988098,"14,951",50% bullish,of 2 ratings,N/A
ISHG,$79.13,1440781988163,"3,512",100% bearish,of 1 rating,N/A
ISRL,$132.25,1440781988268,373,100% bearish,of 1 rating,N/A
IGOV,$91.03,1440781988338,"4,006",100% bearish,of 1 rating,N/A
ISIS,$51.06,1440781988408,"342,864",53% bullish,of 15 ratings,$67
ISLE,$17.56,1440781988472,"54,007",50% bullish,of 4 ratings,$16
ITRI,$30.17,1440781988602,"57,096",Not yet rated,NULL,$37
ITRN,$24.1276,1440781988646,868,50% bullish,of 2 ratings,N/A
JJSF,$114.63,1440781988788,"7,011",100% bearish,of 1 rating,N/A
ITUS,$4.1299,1440781988824,"5,050",Not yet rated,NULL,N/A
XXIA,$15.28,1440781988850,"132,875",71% bullish,of 7 ratings,$14.625
IXYS,$11.14,1440781988871,"30,633",50% bullish,of 4 ratings,N/A
MAYS,NULL,1440781988918,0,Not yet rated,NULL,N/A
JBHT,$73.62,1440781988943,"172,616",50% bullish,of 4 ratings,$89.50
JASO,$7.91,1440781989105,"427,930",82% bullish,of 17 ratings,$10
JKHY,$68.39,1440781989174,"84,785",50% bullish,of 2 ratings,$72
JCOM,$69.15,1440781989205,"58,928",100% bullish,of 2 ratings,$77
JACK,$81.4,1440781989307,"71,582",83% bullish,of 6 ratings,$105
JXSB,NULL,1440781989336,0,Not yet rated,NULL,N/A
JAXB,NULL,1440781989439,0,100% bullish,of 1 rating,N/A
JAKK,$9.36,1440781989487,"192,930",60% bearish,of 5 ratings,$11
JAGX,$3.6,1440781989764,"6,514",Not yet rated,NULL,N/A
JRVR,$26.58,1440781989791,"18,935",Not yet rated,NULL,$32
JAZZ,$171.42,1440781989967,"49,875",80% bullish,of 15 ratings,$206.50
ERW,NULL,1440781989997,0,Not yet rated,NULL,N/A
JMBA,$13.88,1440781990019,"50,615",75% bullish,of 4 ratings,$18
JASN,$5,1440781990051,"16,089",50% bullish,of 2 ratings,$9.50
JASNW,NULL,1440781990072,0,50% bullish,of 2 ratings,N/A
JD,$26.595,1440781990206,"2,975,446",75% bullish,of 16 ratings,$36
JBLU,$22.36,1440781990231,"1,258,914",94% bullish,of 18 ratings,$27
JCTCF,NULL,1440781990432,0,100% bullish,of 1 rating,N/A
DATE,$6.11,1440781990462,"47,031",75% bullish,of 4 ratings,$9
JTPY,$2.95,1440781990493,100,100% bearish,of 1 rating,N/A
JIVE,$4.4901,1440781990566,"144,729",75% bullish,of 4 ratings,$5
JST,$4,1440781990592,"4,402",75% bullish,of 4 ratings,N/A
JOEZ,$0.1731,1440781990621,"34,273",92% bullish,of 12 ratings,N/A
WYIGU,$10.2,1440781990723,3,Not yet rated,NULL,N/A
JBSS,$53.57,1440781990772,"32,939",67% bearish,of 3 ratings,N/A
JOUT,$23.34,1440781990797,"2,725",100% bearish,of 1 rating,$34
JNP,$11.05,1440781990939,"20,125",100% bullish,of 3 ratings,$15
KTWO,$21.485,1440781990972,"47,564",100% bearish,of 1 rating,$28.50
JUNO,$38.12,1440781991002,"386,312",73% bullish,of 11 ratings,$71.50
KBIO,$2.07,1440781991071,"14,196",50% bullish,of 4 ratings,N/A
KALU,$82.7,1440781991106,"33,768",67% bearish,of 3 ratings,$91
KMDA,$3.38,1440781991244,"2,800",50% bullish,of 2 ratings,$8
KNDI,$6.8,1440781991321,"192,591",86% bullish,of 22 ratings,N/A
KPTI,$14.155,1440781991418,"93,131",67% bearish,of 3 ratings,$39
KCAP,$4.66,1440781991452,"27,029",75% bullish,of 4 ratings,$6
KCLI,$47.04,1440781991492,"17,558",Not yet rated,NULL,N/A
KRNY,$11.255,1440781991621,"168,259",100% bearish,of 1 rating,$12
KBSF,NULL,1440781991648,0,100% bullish,of 1 rating,N/A
KELYA,$14.11,1440781991676,"30,453",67% bullish,of 6 ratings,$20
KELYB,NULL,1440781991713,0,50% bullish,of 2 ratings,N/A
KMPH,$19.48,1440781991873,"32,800",100% bearish,of 2 ratings,$22
KFFB,$8.6126,1440781991933,"1,208",100% bearish,of 1 rating,N/A
GMCR,$54.05,1440781992065,"429,193",71% bullish,of 42 ratings,$64
KERX,$6.5,1440781992098,"463,990",82% bullish,of 11 ratings,$12
KTCC,$10.2,1440781992154,"2,320",100% bearish,of 1 rating,$16
KEQU,NULL,1440781992194,0,100% bullish,of 1 rating,N/A
KTEC,NULL,1440781992219,0,Not yet rated,NULL,N/A
KE,$11.8,1440781992408,"14,254",67% bearish,of 3 ratings,$16
KBAL,$10.85,1440781992469,"16,652",50% bullish,of 2 ratings,N/A
KFRC,$26.79,1440781992499,"89,861",100% bullish,of 2 ratings,$29
KGJI,$0.6812,1440781992521,"19,958",89% bullish,of 9 ratings,N/A
KIN,$6.0675,1440781992558,"5,071",50% bullish,of 2 ratings,$6.25
KIRK,$22.84,1440781992652,"23,439",50% bullish,of 2 ratings,$32
