Symbol,Price,Date,Volume,Rating,RatingVoteCount,OneYearEstimate
TFSCR,NULL,1440087002434,0,Not yet rated,NULL,N/A
FLWS,$9.655,1440087002472,"80,189",100% bullish,of 5 ratings,$15
TFSCU,NULL,1440087002503,0,Not yet rated,NULL,N/A
TFSCW,NULL,1440087002531,0,100% bearish,of 1 rating,N/A
FCTY,NULL,1440087002553,0,100% bullish,of 1 rating,$8.50
PIH,$7.5,1440087002587,"3,540",100% bearish,of 1 rating,N/A
TFSC,NULL,1440087002613,0,100% bearish,of 1 rating,N/A
FCCY,NULL,1440087002691,0,100% bullish,of 1 rating,$13
SRCE,$30.14,1440087002821,"3,584",100% bullish,of 3 ratings,$33
TWOU,$34.76,1440087002886,"89,508",50% bullish,of 2 ratings,$39
USLV,$15.3,1440087002993,"201,927",86% bullish,of 7 ratings,N/A
DSLV,$58.5985,1440087003051,"8,067",100% bearish,of 1 rating,N/A
DGLD,$78.1718,1440087003082,"6,513",100% bullish,of 1 rating,N/A
VNET,$20.07,1440087003124,"131,559",60% bullish,of 5 ratings,$29.50
JOBS,$26.235,1440087003149,"57,963",50% bullish,of 4 ratings,$36
UGLD,$9.6934,1440087003177,"141,667",100% bearish,of 1 rating,N/A
SIXD,$2.12,1440087003505,"47,137",Not yet rated,NULL,N/A
EGHT,$8.26,1440087003588,"87,018",82% bullish,of 17 ratings,$11
CAFD,$15.45,1440087003617,"55,921",Not yet rated,NULL,$25
AVHI,$13.9,1440087003639,"11,932",100% bearish,of 1 rating,$19
AAON,$22.61,1440087003679,"16,553",100% bearish,of 1 rating,$24
ABAX,$47.67,1440087003729,"41,488",100% bearish,of 1 rating,$60
SHLM,$35.6,1440087003770,"29,444",100% bearish,of 1 rating,$50
ABY,$21.13,1440087003798,"49,017",100% bearish,of 2 ratings,$46
ABEO,$5.09,1440087003931,"61,328",67% bullish,of 3 ratings,$15.50
ABGB,$4.01,1440087003958,"52,662",67% bullish,of 3 ratings,$5.50
ABMD,$103.85,1440087004014,"93,242",75% bullish,of 4 ratings,$100.50
ABEOW,$1.7501,1440087004092,"1,000",100% bullish,of 1 rating,N/A
AXAS,$1.685,1440087004118,"152,324",78% bullish,of 9 ratings,$3.50
ACHC,$78.15,1440087004277,"179,460",50% bullish,of 2 ratings,$92
ACST,$0.3601,1440087004303,"27,400",100% bullish,of 2 ratings,N/A
ACAD,$37.5887,1440087004329,"292,329",80% bullish,of 20 ratings,$48
ACTG,$8.85,1440087004385,"66,866",67% bullish,of 3 ratings,$18.50
AXDX,$18.65,1440087004490,"56,253",100% bearish,of 1 rating,N/A
ARAY,$6.025,1440087004519,"246,384",100% bearish,of 1 rating,$10.50
ANCX,$19.03,1440087004565,"11,497",Not yet rated,NULL,$19
XLRN,$30.12,1440087004651,"19,856",50% bullish,of 2 ratings,$57
ACRX,$4.365,1440087004742,"95,972",67% bearish,of 6 ratings,$5.50
VXDN,$13.87,1440087004814,"1,015",Not yet rated,NULL,N/A
VXUP,$17.8199,1440087004839,"15,120",Not yet rated,NULL,N/A
AKAO,$7.07,1440087005007,"45,413",75% bullish,of 4 ratings,$15
ACHN,$8.24,1440087005033,"328,526",90% bullish,of 21 ratings,$16
ACET,$24.95,1440087005059,"29,252",75% bullish,of 4 ratings,$30
ACIW,$22.47,1440087005088,"61,105",50% bullish,of 2 ratings,$24
ACNB,$20.15,1440087005120,472,Not yet rated,NULL,N/A
ACOR,$30.15,1440087005218,"61,671",67% bearish,of 3 ratings,$38.50
ACPW,$1.855,1440087005270,"5,815",100% bullish,of 4 ratings,$3.50
ACTS,$1.35,1440087005324,"24,885",100% bearish,of 1 rating,N/A
ATVI,$28.35,1440087005349,"1,707,267",68% bullish,of 84 ratings,$31.50
ACTA,$13.45,1440087005485,"38,225",67% bearish,of 3 ratings,$25
ACXM,$20.55,1440087005533,"68,573",67% bullish,of 3 ratings,N/A
ACUR,$0.618,1440087005684,500,100% bullish,of 5 ratings,$1
ADMS,$20.33,1440087005727,"28,464",100% bearish,of 2 ratings,$36
ADAP,$15.095,1440087005781,"14,902",67% bullish,of 3 ratings,$22
ADUS,$29.4,1440087005813,"23,083",100% bearish,of 1 rating,$31
ADMP,$3.56,1440087005919,"3,479",50% bullish,of 2 ratings,$10
AEY,NULL,1440087005963,0,100% bearish,of 2 ratings,N/A
ADEP,$7.07,1440087005988,"11,077",50% bullish,of 2 ratings,$10.75
ADBE,$84.15,1440087006052,"421,377",65% bullish,of 17 ratings,$90
ADRO,$20.86,1440087006152,"39,727",80% bullish,of 5 ratings,$45.50
ADTN,$15.49,1440087006181,"106,410",67% bullish,of 3 ratings,$17.125
ADMA,$9.6,1440087006315,100,Not yet rated,NULL,$19
AMD,$1.7415,1440087006484,"2,992,405",83% bullish,of 102 ratings,$2
ADXS,$14.37,1440087006510,"276,217",64% bullish,of 14 ratings,$27
AEIS,$25.43,1440087006540,"49,828",50% bullish,of 2 ratings,$32.50
MULT,NULL,1440087006643,0,100% bearish,of 1 rating,N/A
YPRO,$23.24,1440087006670,200,100% bearish,of 1 rating,N/A
ADXSW,$9.97,1440087006734,"2,792",100% bullish,of 1 rating,N/A
AEGN,$18.6,1440087006806,"38,940",100% bearish,of 1 rating,$21
AEGR,$18.37,1440087006862,"74,809",50% bullish,of 6 ratings,$26
AEHR,$2.1364,1440087006966,"1,069",50% bullish,of 2 ratings,N/A
AEPI,$56.72,1440087007005,"2,236",100% bearish,of 1 rating,N/A
AMTX,$3.4,1440087007028,"6,937",50% bullish,of 2 ratings,$26.11
AERI,$15.95,1440087007105,"125,767",75% bullish,of 4 ratings,$31.50
AVAV,$24.77,1440087007141,"38,875",50% bullish,of 4 ratings,$31
AEZS,$0.1062,1440087007169,"3,421,230",90% bullish,of 21 ratings,$1.50
AEMD,$6.7534,1440087007238,"9,118",Not yet rated,NULL,$27.50
AFMD,$10.44,1440087007445,"95,801",50% bullish,of 4 ratings,$15
AFFX,$9.51,1440087007545,"59,090",80% bullish,of 5 ratings,$12
AGIO,$90.65,1440087007590,"104,970",88% bullish,of 8 ratings,$114
AGEN,$7.45,1440087007616,"167,588",85% bullish,of 13 ratings,$14
AGRX,$8.38,1440087007642,"12,234",100% bearish,of 1 rating,$17.50
AGYS,$9.54,1440087007675,"2,254",100% bearish,of 1 rating,N/A
AGFS,$9.5772,1440087007773,"54,068",100% bearish,of 1 rating,N/A
AIMT,$22.42,1440087008156,"85,604",Not yet rated,NULL,N/A
AGFSW,$1.77,1440087008223,"5,245",100% bearish,of 2 ratings,N/A
AIRT,$22.21,1440087008253,"1,419",100% bullish,of 1 rating,N/A
ATSG,$9.36,1440087008279,"23,393",67% bullish,of 3 ratings,$13
AIRM,$37.93,1440087008354,"45,589",80% bearish,of 5 ratings,$53
AMCN,$4.92,1440087008414,"194,644",83% bullish,of 6 ratings,N/A
AIXG,$6.1,1440087008642,"4,428",67% bearish,of 3 ratings,$6
AKBA,$6.45,1440087009519,"91,301",100% bearish,of 1 rating,$18
AKAM,$71.44,1440087010096,"507,554",63% bullish,of 8 ratings,$77
AKRX,$42.26,1440087010252,"145,758",78% bullish,of 9 ratings,$56
AKER,$2.85,1440087010327,"3,527",Not yet rated,NULL,N/A
ABDC,$12.95,1440087010383,"3,411",Not yet rated,NULL,$15
ALSK,$2.145,1440087010436,"30,536",78% bullish,of 18 ratings,$2
ALXA,$1.11,1440087010697,"6,420",83% bullish,of 6 ratings,$2.125
ADHD,$8.79,1440087010763,"38,225",50% bullish,of 4 ratings,$18
AMRI,$20.23,1440087010790,"30,426",75% bearish,of 4 ratings,$24
ALRM,$17.09,1440087010828,"108,400",100% bearish,of 1 rating,$22
ALCO,$41.8,1440087010855,"1,712",50% bullish,of 2 ratings,N/A
ALDR,$37.59,1440087010883,"103,198",67% bearish,of 3 ratings,$62
ALXN,$184.24,1440087010927,"228,230",88% bullish,of 8 ratings,$223
ALDX,$7.443,1440087010962,"5,700",100% bearish,of 1 rating,$14.50
ALIM,$3.52,1440087011059,"20,592",80% bullish,of 5 ratings,$10
ALGN,$58.9,1440087011090,"119,224",100% bearish,of 2 ratings,$73
ALKS,$65.43,1440087011330,"161,035",67% bullish,of 3 ratings,$75
ALLB,$23.59,1440087011523,200,Not yet rated,NULL,N/A
AIQ,$14.87,1440087011548,625,67% bullish,of 3 ratings,N/A
ALGT,$221.181,1440087011578,"34,727",100% bearish,of 1 rating,$235
AHGP,$37.255,1440087011600,"23,266",67% bullish,of 3 ratings,N/A
AFOP,$17.69,1440087011622,"66,450",75% bullish,of 8 ratings,$21
AHPI,$1.44,1440087011656,700,50% bullish,of 2 ratings,N/A
ARLP,$24.945,1440087011677,"48,884",67% bearish,of 3 ratings,$32
AMOT,$16.55,1440087012205,"22,011",100% bearish,of 1 rating,N/A
ALQA,$4.5,1440087012483,"14,997",75% bullish,of 4 ratings,$8.50
MDRX,$14.01,1440087012519,"424,743",60% bullish,of 5 ratings,$16
ALLT,$5.02,1440087012686,"23,405",75% bullish,of 4 ratings,$6.25
ALNY,$108.31,1440087012816,"211,035",67% bullish,of 3 ratings,$148.50
AFAM,$48.16,1440087012987,"18,468",50% bullish,of 2 ratings,$44
AMRN,$2.09,1440087013266,"691,657",85% bullish,of 39 ratings,$8
SMCP,NULL,1440087013292,0,Not yet rated,NULL,N/A
ALTR,$49.1,1440087013319,"540,534",80% bearish,of 5 ratings,$54
AOSL,$7.24,1440087013370,"12,872",67% bullish,of 3 ratings,$9
AIMC,$25.75,1440087013395,"3,559",100% bearish,of 1 rating,$28.50
ATEC,$0.6,1440087013527,"10,650",100% bullish,of 1 rating,$2
ASPS,$29.58,1440087013557,"21,862",67% bullish,of 3 ratings,$46.50
AMAG,$62.76,1440087013660,"62,728",100% bullish,of 2 ratings,$77.50
AMZN,$521.32,1440087013843,"1,156,701",81% bullish,of 263 ratings,$646
AYA,$22.2,1440087013874,"12,772",100% bearish,of 1 rating,$40
AMBC,$15.89,1440087013905,"62,365",100% bearish,of 1 rating,$16.50
AMBA,$100.922,1440087013932,"811,260",83% bullish,of 12 ratings,$102.50
AMRK,NULL,1440087013962,0,50% bullish,of 2 ratings,$14
AMBCW,$7.35,1440087013990,"1,600",100% bearish,of 1 rating,N/A
EPAX,$2.67,1440087014127,"29,013",100% bearish,of 1 rating,N/A
AMDA,$0.4899,1440087014294,"717,719",90% bullish,of 10 ratings,$1
DOX,$59.35,1440087014322,"59,616",100% bullish,of 2 ratings,$60
AMCX,$70.1,1440087014379,"291,801",67% bullish,of 3 ratings,$85.50
AMED,$41.55,1440087014451,"130,260",100% bearish,of 1 rating,$42
UHAL,$373.4997,1440087014510,"5,441",100% bullish,of 2 ratings,$393.50
ASBI,$22.65,1440087014536,600,Not yet rated,NULL,N/A
AGNC,$20.0232,1440087014930,"1,524,990",71% bullish,of 28 ratings,$22
AAL,$42.63,1440087015003,"2,053,439",93% bullish,of 87 ratings,$57
AGNCB,$24.3,1440087015033,"11,400",Not yet rated,NULL,N/A
AGNCP,$25.394,1440087015064,"1,672",Not yet rated,NULL,N/A
AMOV,$18.38,1440087015099,"5,676",100% bearish,of 1 rating,N/A
ATAX,$5.3,1440087015135,"38,192",100% bullish,of 1 rating,$6.50
MTGE,$15.97,1440087015195,"48,140",75% bullish,of 4 ratings,$19.50
MTGEP,NULL,1440087015220,0,Not yet rated,NULL,N/A
ACSF,$12.745,1440087015555,"4,376",100% bearish,of 1 rating,$15
AETI,NULL,1440087015727,0,67% bearish,of 3 ratings,N/A
ANCI,NULL,1440087015782,0,100% bearish,of 1 rating,N/A
APEI,$21.72,1440087015833,"10,130",100% bearish,of 1 rating,$25.50
ACAS,$14.24,1440087015908,"525,795",60% bullish,of 5 ratings,$16.75
AMSWA,$9.39,1440087015986,"3,744",100% bearish,of 2 ratings,$10.75
ANAT,$102.54,1440087016013,"3,655",100% bullish,of 1 rating,N/A
AMNB,$23.04,1440087016146,"1,944",Not yet rated,NULL,$25.50
AMIC,NULL,1440087016250,0,Not yet rated,NULL,N/A
ARII,$38.832,1440087016339,"59,573",67% bearish,of 3 ratings,$45
AMSC,$3.7985,1440087016395,"8,142",50% bullish,of 4 ratings,N/A
AMRB,$10.002,1440087016427,583,Not yet rated,NULL,$11
ASEI,$39.22,1440087016457,"37,677",100% bearish,of 1 rating,$52.50
AMWD,$64.9501,1440087016484,"47,080",50% bullish,of 2 ratings,$58
CRMT,$43.1525,1440087016524,"7,940",100% bearish,of 1 rating,$49
ABCB,$27.92,1440087016615,"14,857",Not yet rated,NULL,$31
ASRVP,NULL,1440087016879,0,Not yet rated,NULL,N/A
ASRV,$3.3,1440087016905,160,100% bullish,of 2 ratings,N/A
ATLO,$23.6228,1440087017035,"2,259",Not yet rated,NULL,N/A
AMSF,$50.75,1440087017061,"23,681",Not yet rated,NULL,$57.50
AMGN,$164.63,1440087017131,"661,098",89% bullish,of 19 ratings,$185
AMKR,$4.28,1440087017197,"271,955",100% bearish,of 2 ratings,$5
FOLD,$15.6872,1440087017229,"236,185",56% bullish,of 9 ratings,$21
AMSG,$82.86,1440087017331,"64,949",100% bearish,of 1 rating,$85.50
AMPH,$14.45,1440087017391,"58,497",50% bullish,of 2 ratings,$20
AMSGP,NULL,1440087017432,0,Not yet rated,NULL,N/A
AFSI,$64.04,1440087017522,"124,833",60% bullish,of 5 ratings,$72
AMRS,$1.66,1440087017606,"30,205",70% bullish,of 10 ratings,N/A
ASYS,$5.64,1440087017659,"19,170",67% bullish,of 3 ratings,$12
ANAC,$131.42,1440087017685,"130,471",80% bullish,of 5 ratings,$180.50
ANAD,$0.3682,1440087017931,"93,929",100% bullish,of 2 ratings,$.50
ADI,$55.86,1440087017983,"1,465,912",67% bullish,of 3 ratings,$69
ALOG,$83.34,1440087018165,"18,204",100% bearish,of 2 ratings,$100.50
ANGO,$14.85,1440087018195,"11,926",67% bullish,of 3 ratings,$19
AMCF,$0.2599,1440087018227,"1,284",100% bullish,of 7 ratings,N/A
ANCB,NULL,1440087018249,0,Not yet rated,NULL,$23
ABCW,$39.98,1440087018285,"6,657",67% bullish,of 3 ratings,N/A
ANGI,$4.3,1440087018327,"106,727",64% bullish,of 11 ratings,$5.50
ANIP,$53.665,1440087018382,"74,866",89% bullish,of 19 ratings,$66
ANTH,$8.56,1440087018536,"335,608",80% bullish,of 10 ratings,$13
ATRS,$1.8501,1440087018567,"130,957",92% bullish,of 12 ratings,$4.50
ANIK,$35.3,1440087018671,"25,918",60% bullish,of 5 ratings,$51.25
ANSS,$94.556,1440087018734,"119,649",100% bearish,of 1 rating,$100
ATNY,NULL,1440087018762,0,50% bullish,of 2 ratings,$3.75
ABAC,$0.79,1440087018841,"6,310",100% bearish,of 1 rating,N/A
APIC,$6.96,1440087018974,"113,825",100% bearish,of 1 rating,$19
APOL,$11.14,1440087019138,"329,784",87% bearish,of 68 ratings,$14
AAPL,$112.6,1440087019182,"18,967,132",86% bullish,of 2335 ratings,$150
AINV,$6.55,1440087019238,"524,393",50% bullish,of 4 ratings,$8
APOG,$52.15,1440087019316,"40,767",100% bullish,of 1 rating,$62
APPF,$17.27,1440087019342,"7,853",50% bullish,of 2 ratings,$22
ARCI,$1.25,1440087019370,200,Not yet rated,NULL,N/A
APDN,$3.22,1440087019397,"20,261",Not yet rated,NULL,$9
APDNW,NULL,1440087019530,0,Not yet rated,NULL,N/A
AGTC,$15.62,1440087019599,"59,689",50% bullish,of 2 ratings,$33
AMAT,$16.27,1440087019790,"2,525,897",82% bullish,of 11 ratings,$23
AMCC,$5.39,1440087019816,"98,542",80% bullish,of 5 ratings,$8
AAOI,$20.94,1440087020007,"101,207",50% bullish,of 4 ratings,$26
AREX,$2.4201,1440087020059,"163,438",100% bearish,of 1 rating,$3
AUMA,NULL,1440087020233,0,Not yet rated,NULL,N/A
APRI,$1.3308,1440087020259,"238,315",83% bullish,of 6 ratings,$4.86
APTO,$4.9226,1440087020291,"5,350",Not yet rated,NULL,$17
AUMAU,NULL,1440087020317,0,Not yet rated,NULL,N/A
AQMS,$5.05,1440087020348,"2,885",Not yet rated,NULL,N/A
AQXP,$16.04,1440087020423,"210,334",50% bullish,of 2 ratings,$2
ARDM,$7.21,1440087020480,"1,700",100% bullish,of 1 rating,$26
AUMAW,NULL,1440087020565,0,Not yet rated,NULL,N/A
PETX,$17.1,1440087020672,"75,565",100% bearish,of 2 ratings,$26
ABUS,$7.57,1440087020727,"152,538",86% bullish,of 14 ratings,$23
ABIO,$0.9199,1440087020856,"37,448",50% bullish,of 2 ratings,$3.75
ARCW,$3.59,1440087020904,995,100% bearish,of 2 ratings,$10.50
RKDA,$5.87,1440087020949,"3,503",100% bearish,of 2 ratings,$10
ARCB,$31.08,1440087021039,"59,557",50% bullish,of 2 ratings,$39.50
ACGL,$72.51,1440087021085,"55,390",50% bullish,of 2 ratings,$72
ARDX,$17.82,1440087021143,"18,817",50% bullish,of 2 ratings,$24.50
ARNA,$2.975,1440087021248,"645,248",90% bullish,of 77 ratings,$5.50
ACAT,$27.97,1440087021276,"32,102",100% bearish,of 3 ratings,$33
ARIS,$3.31,1440087021455,"2,525",Not yet rated,NULL,$4.50
AGIIL,$25.35,1440087021484,417,Not yet rated,NULL,N/A
AGII,$58.53,1440087021505,"26,838",Not yet rated,NULL,$59.50
ARGS,$5.7999,1440087021542,"50,108",50% bullish,of 2 ratings,$19.50
ARCC,$15.87,1440087021564,"201,392",67% bearish,of 3 ratings,$17.875
ARIA,$7.05,1440087021650,"629,095",87% bullish,of 46 ratings,$9
ARKR,NULL,1440087021852,0,50% bullish,of 2 ratings,N/A
ARWA,NULL,1440087021960,0,Not yet rated,NULL,N/A
ARWAU,NULL,1440087021989,0,100% bullish,of 1 rating,N/A
ARMH,$42.14,1440087022017,"624,059",54% bearish,of 13 ratings,$61
ARTX,$1.511,1440087022039,"80,674",88% bullish,of 16 ratings,$4.50
ARWAR,NULL,1440087022078,0,Not yet rated,NULL,N/A
ARWAW,NULL,1440087022172,0,Not yet rated,NULL,N/A
ARQL,$1.6701,1440087022198,"39,902",75% bullish,of 4 ratings,$5
ARRS,$27.28,1440087022346,"188,384",50% bullish,of 2 ratings,$38
ARRY,$5.525,1440087022378,"278,757",100% bullish,of 7 ratings,$10
DWAT,NULL,1440087022404,0,100% bearish,of 1 rating,N/A
ARWR,$5.57,1440087022478,"243,074",75% bullish,of 4 ratings,$10.50
AROW,$27.38,1440087022533,"2,095",Not yet rated,NULL,N/A
ARTNA,$22.56,1440087022558,"6,997",100% bearish,of 1 rating,$29
ARTW,NULL,1440087022719,0,75% bearish,of 4 ratings,N/A
ASBB,$23.72,1440087022765,305,Not yet rated,NULL,N/A
ASNA,$11.77,1440087022790,"578,318",50% bullish,of 2 ratings,$18
ASCMA,$28,1440087022865,"28,995",100% bearish,of 1 rating,$45
ASTI,$0.1274,1440087022922,"669,311",83% bullish,of 6 ratings,$3
ASND,$17.735,1440087022957,"11,355",100% bullish,of 1 rating,$30
ASMI,$36.57,1440087023091,300,50% bullish,of 2 ratings,N/A
APWC,$2,1440087023120,600,100% bearish,of 1 rating,N/A
AZPN,$38.84,1440087023148,"142,709",50% bullish,of 2 ratings,$42
ASML,$88.6,1440087023228,"375,298",67% bullish,of 3 ratings,$127
ASMB,$13.03,1440087023309,"23,796",67% bullish,of 3 ratings,N/A
ASFI,$9.0199,1440087023339,"1,010",100% bullish,of 1 rating,N/A
ASTE,$36.97,1440087023413,"6,198",100% bearish,of 1 rating,$48
ALOT,$13.14,1440087023632,"1,312",100% bearish,of 1 rating,N/A
ASUR,$5.8187,1440087023702,"2,758",100% bearish,of 1 rating,$8
ASTC,$2.33,1440087023905,"8,158",100% bullish,of 5 ratings,N/A
ATRA,$45.22,1440087023937,"30,574",50% bullish,of 2 ratings,$68
ATRO,$54.25,1440087023958,"33,916",100% bearish,of 2 ratings,$80
ATHN,$137.2744,1440087023994,"21,848",67% bearish,of 3 ratings,$153
ATAI,$3.01,1440087024016,"10,083",100% bearish,of 1 rating,N/A
ATHX,$1.1999,1440087024046,"64,823",89% bullish,of 9 ratings,$5
AAME,$3.44,1440087024186,104,Not yet rated,NULL,N/A
AFCB,NULL,1440087024231,0,Not yet rated,NULL,N/A
AAPC,$10.2,1440087024284,170,Not yet rated,NULL,N/A
ACFC,$6.269,1440087024375,"22,814",Not yet rated,NULL,$6.50
ATNI,$73.72,1440087024413,"15,215",100% bearish,of 1 rating,$69.50
AAWW,$42.27,1440087024439,"169,041",50% bullish,of 2 ratings,$65
ATLC,$3.98,1440087024471,492,67% bullish,of 3 ratings,N/A
AFH,$17,1440087024571,"7,377",Not yet rated,NULL,$21.50
ATML,$7.46,1440087024795,"1,328,965",78% bullish,of 9 ratings,$9.50
ATOS,$0.92,1440087024853,"85,492",100% bullish,of 7 ratings,$7
ATRC,$26.6,1440087024888,"23,821",100% bullish,of 1 rating,$30
ATRM,$2.87,1440087024915,690,50% bullish,of 2 ratings,N/A
ATTU,$14.75,1440087024983,"14,297",100% bearish,of 1 rating,$20.50
ATRI,$394.45,1440087025009,501,Not yet rated,NULL,N/A
LIFE,$14.61,1440087025082,"10,994",86% bullish,of 7 ratings,$43
AUBN,$27.21,1440087025157,100,Not yet rated,NULL,N/A
AUDC,$3.24,1440087025266,"28,977",80% bullish,of 5 ratings,$5
AUPH,$3.363,1440087025369,"2,700",100% bearish,of 1 rating,$8
ADSK,$53.35,1440087025422,"457,444",83% bullish,of 6 ratings,$69.50
EARS,$5,1440087025449,"27,945",100% bearish,of 2 ratings,$11.50
ADAT,$0.11,1440087025471,"50,455",100% bullish,of 2 ratings,N/A
ABTL,$18.77,1440087025501,"32,202",100% bullish,of 4 ratings,$20.25
ADP,$83.3301,1440087025708,"466,900",100% bearish,of 1 rating,$88
AVGO,$118.68,1440087025736,"736,335",88% bullish,of 8 ratings,$160
AVNU,$12.5,1440087025891,820,Not yet rated,NULL,$14
AAVL,$10.6,1440087025985,"85,411",100% bearish,of 1 rating,$20
AVNW,$1.12,1440087026083,"16,516",50% bullish,of 2 ratings,$2.20
AVEO,$1.44,1440087026109,"495,057",75% bullish,of 8 ratings,$3
AVGR,$15.25,1440087026135,"16,121",100% bearish,of 1 rating,$20
CAR,$45.08,1440087026273,"437,476",80% bullish,of 5 ratings,$60
AVID,$7.9,1440087026302,"60,406",100% bearish,of 1 rating,$20
AWRE,$3.35,1440087026332,"6,794",67% bullish,of 3 ratings,N/A
AXPW,$1.1592,1440087026359,"23,578",83% bullish,of 6 ratings,N/A
ACLS,$3.38,1440087026389,"335,182",67% bullish,of 6 ratings,$4.75
AXPWW,NULL,1440087026550,0,Not yet rated,NULL,N/A
AXTI,$2.161,1440087026678,"7,130",50% bullish,of 2 ratings,$2.75
AXGN,$3.88,1440087026749,"14,559",Not yet rated,NULL,$5
BCOM,$19.98,1440087026774,187,100% bearish,of 1 rating,N/A
RILY,$10,1440087027110,5,Not yet rated,NULL,N/A
BIDU,$159.4388,1440087027711,"1,551,059",81% bullish,of 88 ratings,$215
BEAV,$50.11,1440087027781,"131,137",67% bearish,of 3 ratings,$59
BCPC,$59.94,1440087027807,"33,947",100% bearish,of 1 rating,$75
BOSC,$2.25,1440087027971,"2,414",50% bullish,of 2 ratings,N/A
BWINA,NULL,1440087028010,0,Not yet rated,NULL,N/A
BWINB,$23.04,1440087028070,48,Not yet rated,NULL,N/A
BANF,$62.28,1440087028203,306,Not yet rated,NULL,$68
BLDP,$1.305,1440087028234,"116,698",91% bullish,of 22 ratings,$2.50
BOCH,$5.78,1440087028260,"12,190",Not yet rated,NULL,$6.50
BKMU,$7.21,1440087028291,"16,827",Not yet rated,NULL,$8
BANFP,NULL,1440087028369,0,Not yet rated,NULL,N/A
BMRC,$48.75,1440087028478,"3,268",Not yet rated,NULL,$52
BOTJ,NULL,1440087028553,0,Not yet rated,NULL,N/A
BKSC,$15.83,1440087028610,800,Not yet rated,NULL,N/A
OZRK,$41.85,1440087028658,"49,319",67% bullish,of 3 ratings,$49.50
BFIN,$12.02,1440087028801,"3,434",Not yet rated,NULL,$13
TAPR,$30.03,1440087029194,600,100% bearish,of 1 rating,N/A
BZUN,$6.145,1440087029247,"316,532",50% bullish,of 2 ratings,$13.85
BANR,$45.65,1440087029354,"16,865",100% bullish,of 3 ratings,$50
BHAC,NULL,1440087029425,0,Not yet rated,NULL,N/A
BWFG,$18.25,1440087029452,"1,627",100% bearish,of 1 rating,N/A
BHACW,NULL,1440087029475,0,Not yet rated,NULL,N/A
BHACR,NULL,1440087029507,0,Not yet rated,NULL,N/A
BHACU,$10.19,1440087029654,200,Not yet rated,NULL,N/A
BBSI,$34.24,1440087029698,"25,411",67% bearish,of 3 ratings,$62.50
BSET,$30.69,1440087029781,"32,084",100% bearish,of 1 rating,$35
BYBK,NULL,1440087029827,0,100% bearish,of 1 rating,N/A
BV,$5.19,1440087029882,"65,216",67% bullish,of 6 ratings,$9
BYLK,$12.96,1440087029929,"1,904",Not yet rated,NULL,$14
BCBP,$11.7,1440087030062,"3,754",Not yet rated,NULL,N/A
BBCN,$15.1999,1440087030110,"34,317",100% bearish,of 1 rating,$16
BSF,$8.9,1440087030379,"3,342",Not yet rated,NULL,N/A
BDCV,$5.0099,1440087030413,"7,915",100% bearish,of 1 rating,$10.19
BECN,$36.54,1440087030435,"77,643",50% bullish,of 2 ratings,$40
BBGI,$4.8499,1440087030476,100,100% bearish,of 1 rating,N/A
BBBY,$63.3472,1440087030522,"456,169",71% bullish,of 7 ratings,$75
BEBE,$1.82,1440087030564,"15,409",75% bullish,of 4 ratings,$3.075
BELFA,NULL,1440087030590,0,100% bearish,of 1 rating,N/A
BELFB,$19.7,1440087030672,"5,719",100% bearish,of 1 rating,N/A
BLPH,$5.6653,1440087030807,"26,424",100% bearish,of 1 rating,$12.50
BLCM,$18.05,1440087030975,"53,650",50% bullish,of 4 ratings,$40
BNCL,$12.8,1440087031018,"102,049",100% bullish,of 3 ratings,$12.50
BNFT,$37.8,1440087031053,"22,158",67% bullish,of 3 ratings,$46
BNTC,$8.3,1440087031082,"67,768",100% bullish,of 1 rating,N/A
BGCP,$9.33,1440087031112,"205,240",88% bullish,of 8 ratings,$14
BGFV,$11.13,1440087031147,"27,552",57% bullish,of 7 ratings,$12
BGMD,$0.8,1440087031173,"143,385",100% bullish,of 10 ratings,N/A
BIND,$4.58,1440087031370,"21,512",67% bullish,of 3 ratings,$13.50
ORPN,$5.43,1440087031401,"4,350",100% bullish,of 1 rating,$28.50
BASI,$1.3,1440087031432,"6,406",Not yet rated,NULL,N/A
BCDA,NULL,1440087031538,0,Not yet rated,NULL,N/A
BIOC,$2.08,1440087031566,"454,810",83% bullish,of 6 ratings,$3.85
BIOD,$0.64,1440087031596,"49,751",80% bullish,of 5 ratings,$4
BCRX,$12.13,1440087031618,"106,359",63% bullish,of 8 ratings,$18
BDSI,$6.47,1440087031850,"194,092",88% bullish,of 8 ratings,$17
BIIB,$313.745,1440087031913,"318,557",88% bullish,of 16 ratings,$400
BLFS,$2.0751,1440087032047,"9,099",100% bearish,of 1 rating,$4.75
BLRX,$1.4794,1440087032075,"96,101",100% bullish,of 12 ratings,$5
BIOL,$1.5,1440087032104,"25,554",Not yet rated,NULL,N/A
BMRN,$134.73,1440087032126,"234,676",80% bullish,of 5 ratings,$160
BVXV,$4,1440087032160,"6,358",Not yet rated,NULL,N/A
BVXVW,$0.7051,1440087032181,"3,000",100% bearish,of 1 rating,N/A
BPTH,$1.18,1440087032332,"2,744",100% bullish,of 2 ratings,$5
BIOS,$1.64,1440087032471,"391,935",71% bullish,of 7 ratings,$4
BBC,$31.59,1440087032500,"6,452",Not yet rated,NULL,N/A
BRLI,NULL,1440087032536,0,83% bullish,of 6 ratings,N/A
BBP,$33.525,1440087032567,"3,866",Not yet rated,NULL,N/A
BSTC,$50.65,1440087032631,"26,373",100% bearish,of 1 rating,$76
BSPM,$0.6684,1440087032657,"2,100",50% bullish,of 2 ratings,N/A
BOTA,$2.35,1440087033064,"45,266",88% bullish,of 8 ratings,N/A
TECH,$104.437,1440087033092,"16,925",100% bullish,of 1 rating,$117
BEAT,$13.12,1440087033227,"204,909",67% bearish,of 3 ratings,$15
BITI,$18.66,1440087033258,"18,975",100% bullish,of 1 rating,$28
BBOX,$15.48,1440087033365,"10,163",100% bearish,of 1 rating,N/A
BJRI,$46.7,1440087033392,"33,421",50% bullish,of 2 ratings,$55
BDE,$7.47,1440087033468,"26,744",50% bullish,of 2 ratings,$9
BLKB,$60.13,1440087033529,"34,966",100% bearish,of 2 ratings,$66
BDMS,NULL,1440087033562,0,100% bearish,of 1 rating,N/A
BKCC,$9.3192,1440087033597,"44,277",100% bullish,of 2 ratings,$10
BBRY,$7.28,1440087033694,"1,374,961",61% bullish,of 330 ratings,$9
HAWK,$44.24,1440087033782,"120,853",90% bullish,of 10 ratings,$49
ADRA,$27.77,1440087033807,908,Not yet rated,NULL,N/A
ADRD,$22.838,1440087033857,"1,838",100% bearish,of 1 rating,N/A
ADRE,$30.34,1440087033957,"2,801",Not yet rated,NULL,N/A
ADRU,NULL,1440087034047,0,100% bearish,of 1 rating,N/A
BCOR,$13.55,1440087034180,"46,832",57% bullish,of 7 ratings,$15
BUFF,$26.65,1440087034213,"72,964",83% bullish,of 12 ratings,$31.50
BLMN,$21.275,1440087034238,"197,068",83% bullish,of 6 ratings,$27.50
BLBD,$11.95,1440087034318,"1,800",Not yet rated,NULL,N/A
BHBK,$14.2,1440087034423,"16,927",100% bullish,of 1 rating,$14.50
NILE,$34.84,1440087034451,"11,368",50% bullish,of 2 ratings,$34
BBLU,$0.87,1440087034527,"49,779",100% bullish,of 2 ratings,$4.43
BLUE,$127.45,1440087034659,"274,117",71% bullish,of 7 ratings,$217.50
BKEP,$6.82,1440087034689,"8,931",100% bearish,of 1 rating,$8.50
BPMC,$26.81,1440087034743,"41,151",50% bullish,of 2 ratings,$47.50
BKEPP,$7.75,1440087034793,"9,900",100% bearish,of 1 rating,N/A
BOBE,$45.51,1440087034928,"21,374",75% bullish,of 4 ratings,$57
BNCN,$21.7199,1440087034949,"16,947",Not yet rated,NULL,$23
BOFI,$129.98,1440087034991,"49,229",100% bullish,of 6 ratings,$144
WIFI,$8.3408,1440087035030,"139,375",50% bullish,of 2 ratings,$13.50
BOJA,$21.04,1440087035082,"89,980",100% bullish,of 1 rating,$30
BONA,$11.95,1440087035170,"101,516",75% bullish,of 4 ratings,$8.50
BNSO,$1.3816,1440087035269,"3,002",100% bearish,of 1 rating,N/A
BAMM,$3.2078,1440087035303,"1,958",60% bullish,of 5 ratings,N/A
BOKF,$63.53,1440087035329,"24,624",100% bearish,of 1 rating,$71
BPFH,$12.3,1440087035516,"134,068",100% bearish,of 1 rating,$14
BPFHP,NULL,1440087035586,0,100% bearish,of 1 rating,N/A
BPFHW,NULL,1440087035618,0,100% bearish,of 1 rating,N/A
EPAY,$26.38,1440087035716,"35,095",100% bearish,of 2 ratings,$30
BCLI,$3.1006,1440087035747,"28,199",80% bullish,of 5 ratings,$12
BDBD,$8.58,1440087035814,"142,186",60% bullish,of 5 ratings,$10
BBRG,$13.08,1440087035882,"13,847",67% bullish,of 3 ratings,$14.50
BBEP,$2.4,1440087035915,"747,694",69% bullish,of 13 ratings,$5.625
BLIN,$1.33,1440087036083,"16,977",50% bullish,of 2 ratings,$2.20
BDGE,$27.61,1440087036145,"3,771",Not yet rated,NULL,$31.75
BBEPP,$13.48,1440087036179,"16,007",100% bearish,of 1 rating,N/A
BCOV,$5.35,1440087036243,"45,874",67% bullish,of 3 ratings,$10.20
BRID,NULL,1440087036282,0,100% bearish,of 1 rating,N/A
BRCM,$50.33,1440087036423,"1,226,597",75% bullish,of 12 ratings,$56
BSFT,$32.26,1440087036457,"18,785",57% bullish,of 7 ratings,$40.50
BVSN,$5.92,1440087036578,208,60% bearish,of 5 ratings,N/A
BYFC,$1.49,1440087036604,"13,810",50% bullish,of 2 ratings,N/A
BWEN,$3.413,1440087036735,"8,311",100% bullish,of 3 ratings,$8
BRCD,$9.96,1440087036761,"2,080,206",92% bullish,of 13 ratings,$12.50
BRKR,$19.91,1440087036791,"291,939",100% bearish,of 2 ratings,$22
BRKS,$10.62,1440087036812,"44,715",67% bullish,of 3 ratings,$15.25
BLMT,$20.98,1440087036973,"2,942",Not yet rated,NULL,N/A
BRKL,$10.88,1440087037006,"35,456",100% bearish,of 1 rating,$10.75
BMTC,$29.43,1440087037028,"7,198",Not yet rated,NULL,$34
BSQR,$6.57,1440087037103,"42,591",67% bullish,of 3 ratings,N/A
BLDR,$15.19,1440087037159,"398,098",50% bullish,of 2 ratings,$22
BWLD,$196.09,1440087037187,"94,600",82% bullish,of 11 ratings,$205
BUR,$1.99,1440087037319,816,100% bearish,of 1 rating,$8
CFFI,NULL,1440087037448,0,100% bearish,of 1 rating,N/A
CA,$28.7048,1440087037476,"445,597",50% bullish,of 4 ratings,$33
CCMP,$44.53,1440087037503,"19,926",50% bullish,of 2 ratings,$59
CHRW,$69.6,1440087037530,"390,679",Not yet rated,NULL,$72
CDNS,$20.87,1440087037552,"383,773",75% bullish,of 4 ratings,$22.50
CZR,$6.78,1440087037722,"243,568",60% bearish,of 5 ratings,$10.50
CDZI,$7.45,1440087037750,"7,250",100% bearish,of 1 rating,N/A
CACQ,$7.23,1440087037785,"9,705",100% bearish,of 1 rating,$12.25
CLBS,$1.3601,1440087037880,"50,299",79% bullish,of 14 ratings,$4
CSTE,$43.55,1440087037909,"384,192",100% bearish,of 1 rating,$65
CLMS,$11.75,1440087037934,"11,166",Not yet rated,NULL,$10.50
PRSS,$4.43,1440087037962,"2,405",80% bullish,of 5 ratings,$4.50
CHY,$11.77,1440087038162,"91,684",Not yet rated,NULL,N/A
CHI,$11,1440087038321,"56,027",100% bearish,of 1 rating,N/A
CHW,$7.87,1440087038351,"106,113",100% bearish,of 1 rating,N/A
CCD,$20.9099,1440087038378,"22,983",Not yet rated,NULL,N/A
CFGE,NULL,1440087038409,0,Not yet rated,NULL,N/A
CVGW,$54.28,1440087038443,"49,905",50% bullish,of 2 ratings,$58.50
CAMP,$16.1,1440087038512,"80,403",88% bullish,of 8 ratings,$25
CGO,$12.43,1440087038538,"10,085",100% bearish,of 1 rating,N/A
CSQ,$10.32,1440087038671,"128,072",Not yet rated,NULL,N/A
CALA,$5.23,1440087038805,"102,996",100% bullish,of 3 ratings,$19.50
CALD,$15.87,1440087038848,"54,152",100% bearish,of 1 rating,$20.50
CFNB,NULL,1440087038940,0,100% bearish,of 1 rating,N/A
CALM,$50.08,1440087038974,"120,255",80% bullish,of 5 ratings,$65
CLMT,$26.27,1440087039006,"43,214",75% bullish,of 8 ratings,$31
ABCD,$4.85,1440087039072,"39,455",83% bullish,of 6 ratings,N/A
CAMB,$9.95,1440087039135,400,Not yet rated,NULL,N/A
CAMBW,NULL,1440087039220,0,Not yet rated,NULL,N/A
CAMBU,NULL,1440087039322,0,100% bearish,of 1 rating,N/A
CSIQ,$19.32,1440087039411,"1,620,828",86% bullish,of 28 ratings,$45
CAMT,$2.8425,1440087039459,"12,970",73% bullish,of 11 ratings,$4
CGIX,$10.14,1440087039566,"12,490",67% bullish,of 3 ratings,$14.375
CAC,$39.46,1440087039618,"1,196",Not yet rated,NULL,N/A
CPHC,NULL,1440087039696,0,100% bearish,of 1 rating,N/A
CPLA,$48.62,1440087039728,"18,597",50% bullish,of 2 ratings,$65
CBNJ,NULL,1440087039757,0,100% bullish,of 1 rating,N/A
CCBG,$15,1440087039835,"2,465",Not yet rated,NULL,$17.25
CBF,$30.09,1440087039889,"32,654",Not yet rated,NULL,$32
CPLP,$6.9001,1440087040030,"251,449",71% bullish,of 7 ratings,$11
CSWC,$47.9,1440087040118,"6,199",Not yet rated,NULL,N/A
CPTA,$14.67,1440087040145,"21,863",Not yet rated,NULL,$18.50
CAPN,$2.2898,1440087040276,"118,294",100% bullish,of 1 rating,$10.85
CAPNW,$0.76,1440087040304,"3,300",Not yet rated,NULL,N/A
CFFN,$12.06,1440087040326,"91,367",Not yet rated,NULL,$12.75
CAPR,$4.079,1440087040364,"10,580",Not yet rated,NULL,$12
CBYL,$7.01,1440087040517,"11,908",100% bearish,of 1 rating,$20
CPST,$0.3916,1440087040545,"233,942",95% bullish,of 22 ratings,$1
CARB,$11.27,1440087040572,"28,827",75% bullish,of 4 ratings,$12
CARA,$21.86,1440087040605,"95,892",50% bullish,of 4 ratings,$25
CFNL,$22.79,1440087040711,"36,187",Not yet rated,NULL,$24
CRDC,$0.39,1440087040760,"10,663",100% bullish,of 1 rating,$1.25
CRME,$9.34,1440087040897,"15,082",89% bullish,of 9 ratings,$11.25
CDNA,$6.36,1440087041041,"1,700",100% bearish,of 1 rating,$9
CATM,$35.355,1440087041073,"109,304",100% bearish,of 1 rating,$44
CSII,$24.105,1440087041094,"56,643",100% bearish,of 2 ratings,$42.125
CECO,$3.65,1440087041181,"53,491",67% bearish,of 3 ratings,$6
CTRE,$12.04,1440087041225,"137,407",50% bullish,of 2 ratings,N/A
CKEC,$22.24,1440087041280,"28,724",50% bullish,of 2 ratings,$35.915
CLBH,NULL,1440087041314,0,Not yet rated,NULL,$16.50
CRZO,$33.76,1440087041384,"124,717",67% bearish,of 3 ratings,$57
CARO,$15.3501,1440087041416,"7,415",100% bearish,of 1 rating,$19
CART,$5.45,1440087041442,"2,256",100% bearish,of 1 rating,N/A
TAST,$12.545,1440087041482,"59,077",Not yet rated,NULL,$14.25
CRTN,$2.71,1440087041655,100,100% bearish,of 1 rating,N/A
CARV,$6.04,1440087041681,317,50% bullish,of 2 ratings,N/A
CASM,$1.12,1440087041841,"35,900",100% bullish,of 1 rating,$3.50
CACB,$5.52,1440087041893,"11,952",Not yet rated,NULL,$5.50
CWST,$6.47,1440087041933,"20,001",50% bullish,of 2 ratings,$7
CASS,$49.59,1440087042064,"4,008",100% bearish,of 1 rating,N/A
CASY,$107.665,1440087042114,"44,445",50% bullish,of 2 ratings,$99.50
CSCD,$14.35,1440087042141,"35,494",100% bullish,of 2 ratings,$17
CASI,$1.49,1440087042163,"7,980",100% bullish,of 1 rating,$3.50
CPRX,$3.725,1440087042199,"369,085",71% bullish,of 7 ratings,$7
CATB,$11.7,1440087042294,"4,508",100% bearish,of 1 rating,$28
CATY,$30.86,1440087042327,"92,713",100% bearish,of 1 rating,$33.50
CATYW,NULL,1440087042353,0,100% bearish,of 1 rating,N/A
CVCO,$73.61,1440087042529,"5,686",100% bearish,of 1 rating,N/A
CBFV,$20.45,1440087042556,"2,573",Not yet rated,NULL,N/A
CAVM,$69.25,1440087042690,"100,734",67% bearish,of 3 ratings,$72
CNLMR,NULL,1440087042824,0,Not yet rated,NULL,N/A
CNLM,$9.98,1440087042865,200,Not yet rated,NULL,N/A
CNLMU,$10.4,1440087042895,100,100% bullish,of 1 rating,N/A
CNLMW,NULL,1440087042921,0,Not yet rated,NULL,N/A
CBOE,$63.5,1440087042994,"69,518",Not yet rated,NULL,$60
CECE,$9.89,1440087043093,"58,889",50% bullish,of 2 ratings,$16
CDK,$48.61,1440087043121,"116,251",67% bearish,of 3 ratings,$50
CPXX,$2.1512,1440087043159,"10,920",100% bullish,of 2 ratings,$7
CELGZ,$1.8089,1440087043271,"11,349",80% bullish,of 5 ratings,N/A
CDW,$39.1428,1440087043298,"149,186",75% bullish,of 4 ratings,$44
CELG,$127.13,1440087043320,"1,101,149",92% bullish,of 13 ratings,$155.50
CLDN,$1.05,1440087043580,"78,213",71% bullish,of 7 ratings,$3
CLDX,$14.37,1440087043647,"465,426",89% bullish,of 9 ratings,$36
CLRBW,NULL,1440087043802,0,Not yet rated,NULL,N/A
CLSN,$2.0899,1440087043864,"17,844",80% bullish,of 10 ratings,$7.50
CLRB,$3.1,1440087043891,200,100% bearish,of 1 rating,N/A
CLLS,$31.4999,1440087043932,"37,243",75% bullish,of 4 ratings,$51.50
CBMG,$22.85,1440087043958,"6,496",50% bullish,of 2 ratings,N/A
CLTX,$2.88,1440087044020,"4,398,273",100% bullish,of 2 ratings,N/A
CYAD,$53.29,1440087044049,"1,418",100% bullish,of 1 rating,$87.50
CEMP,$37.385,1440087044073,"260,864",71% bullish,of 7 ratings,$52
CSFL,$14.04,1440087044229,"46,471",Not yet rated,NULL,$15
CETX,$2.54,1440087044260,"7,352",Not yet rated,NULL,$5.60
CETV,$2.075,1440087044358,"23,968",67% bullish,of 3 ratings,$2.80
CFBK,$1.372,1440087044414,100,Not yet rated,NULL,N/A
CENTA,$12.94,1440087044453,"24,966",Not yet rated,NULL,N/A
CENT,$12.3,1440087044479,"13,737",Not yet rated,NULL,$10
CNBKA,$41.1,1440087044754,34,100% bullish,of 1 rating,N/A
CENX,$5.315,1440087044786,"805,037",67% bullish,of 6 ratings,$9
CVCY,NULL,1440087044807,0,Not yet rated,NULL,$12
CPHD,$48.77,1440087044854,"99,405",50% bullish,of 2 ratings,$66.50
CERE,$1.2568,1440087044884,"199,686",88% bullish,of 8 ratings,N/A
CERN,$64.11,1440087044942,"298,556",67% bullish,of 3 ratings,$79
CRNT,$1.45,1440087044967,"15,830",50% bullish,of 2 ratings,$2
CNTY,$6.3,1440087045003,"2,668",80% bullish,of 5 ratings,$7.75
CERU,$3.33,1440087045107,"10,575",75% bullish,of 4 ratings,$15
CERS,$4.95,1440087045198,"113,015",75% bullish,of 4 ratings,$7
KOOL,$0.72,1440087045253,670,100% bullish,of 5 ratings,$7
CEVA,$18.83,1440087045386,"8,934",100% bearish,of 1 rating,$25
CYOU,$19.89,1440087045412,"156,555",50% bullish,of 6 ratings,$24
HOTRW,$0.1399,1440087045543,"4,399",Not yet rated,NULL,N/A
HOTR,$1.31,1440087045572,"132,066",100% bullish,of 2 ratings,$5
CTHR,$1.17,1440087045616,"77,963",50% bullish,of 2 ratings,$2.50
CHTR,$183.44,1440087045642,"337,102",100% bearish,of 2 ratings,$196
GTLS,$23.32,1440087045707,"56,606",50% bullish,of 4 ratings,$40
CHKP,$80.23,1440087045811,"258,785",50% bullish,of 4 ratings,$92
CHFN,$12.48,1440087045878,"2,222",Not yet rated,NULL,$14
CHEKW,NULL,1440087045976,0,Not yet rated,NULL,N/A
CHFC,$32.1401,1440087046002,"21,766",100% bearish,of 1 rating,$36
CHEK,$3.08,1440087046032,38,Not yet rated,NULL,$7.75
CEMI,$4.41,1440087046131,"8,918",50% bullish,of 2 ratings,$7.50
CHMG,$26.5,1440087046227,900,Not yet rated,NULL,$30
CHKE,$26.4199,1440087046252,"2,261",100% bearish,of 1 rating,$32.50
CCXI,$7.005,1440087046279,"14,191",67% bullish,of 3 ratings,$14
CHMA,$26.26,1440087046412,"47,549",Not yet rated,NULL,$40
CBNK,$16.52,1440087046440,100,100% bearish,of 1 rating,N/A
CHEV,$14.67,1440087046466,400,Not yet rated,NULL,N/A
PLCE,$60.58,1440087046502,"110,533",100% bearish,of 1 rating,$71
CMRX,$49.54,1440087046596,"37,990",50% bullish,of 2 ratings,$57
CALI,$0.916,1440087046631,"4,592",67% bullish,of 3 ratings,N/A
CADC,NULL,1440087046657,0,78% bullish,of 9 ratings,N/A
CAAS,$6.6,1440087046840,"7,399",93% bullish,of 14 ratings,$11.50
CBAK,$2.04,1440087046946,"33,326",67% bullish,of 9 ratings,N/A
CBPO,$105.73,1440087047076,"45,687",75% bullish,of 8 ratings,$140.50
CCCR,$0.8,1440087047107,"11,457",67% bearish,of 3 ratings,N/A
CCCL,$0.86,1440087047135,"1,972",100% bullish,of 6 ratings,N/A
JRJC,$4.25,1440087047162,"15,173",82% bullish,of 11 ratings,N/A
CHOP,$1.23,1440087047184,"4,500",50% bullish,of 2 ratings,N/A
HGSH,NULL,1440087047220,0,67% bullish,of 3 ratings,N/A
CHLN,$2.0999,1440087047327,"14,814",67% bullish,of 3 ratings,N/A
CNIT,$1.66,1440087047462,"44,272",67% bullish,of 6 ratings,N/A
CHNR,NULL,1440087047522,0,100% bearish,of 1 rating,N/A
CJJD,$2.0101,1440087047594,"9,263",100% bullish,of 1 rating,N/A
CREG,$0.78,1440087047622,"8,241",100% bullish,of 3 ratings,N/A
CPGI,$6.7065,1440087047644,140,Not yet rated,NULL,N/A
HTHT,$26.06,1440087047666,"12,295",50% bullish,of 2 ratings,$28
CSUN,$1.3982,1440087047883,"11,789",80% bullish,of 5 ratings,N/A
CNYD,NULL,1440087048015,0,67% bullish,of 3 ratings,N/A
CCIH,$9.09,1440087048042,"43,792",67% bullish,of 6 ratings,$12.65
CNET,$0.8537,1440087048071,"21,797",50% bullish,of 2 ratings,N/A
CXDC,$6.277,1440087048097,"13,702",67% bullish,of 3 ratings,N/A
IMOS,$15.5,1440087048128,"56,532",60% bullish,of 5 ratings,$21.50
CNTF,$0.92,1440087048150,"22,200",Not yet rated,NULL,N/A
CHSCM,$26.1999,1440087048289,"9,041",Not yet rated,NULL,N/A
CHSCL,$27.0625,1440087048423,"8,283",Not yet rated,NULL,N/A
CHSCN,$27.2401,1440087048501,"1,624",Not yet rated,NULL,N/A
CHSCO,$28.46,1440087048557,"1,200",Not yet rated,NULL,N/A
CHSCP,$30.33,1440087048606,"3,382",Not yet rated,NULL,N/A
CHDN,$134.18,1440087048632,"27,819",Not yet rated,NULL,$165
CHUY,$31.821,1440087048830,"47,113",50% bullish,of 2 ratings,$34
CIFC,$7.09,1440087048862,660,Not yet rated,NULL,N/A
CINF,$56.0783,1440087048893,"75,516",50% bullish,of 4 ratings,$50.50
CMPR,$69.43,1440087048965,"84,738",50% bullish,of 2 ratings,$72.50
CDTX,$14.255,1440087048990,"13,268",Not yet rated,NULL,$22
CMCT,NULL,1440087049045,0,100% bearish,of 1 rating,N/A
CIDM,$0.6601,1440087049175,"14,399",50% bullish,of 2 ratings,$2.10
CTAS,$87.16,1440087049206,"73,361",100% bearish,of 1 rating,$91
CRUS,$28.7488,1440087049307,"442,340",75% bullish,of 12 ratings,$44.50
CPHR,$6.43,1440087049391,"6,353",100% bearish,of 1 rating,$16
CSCO,$27.215,1440087049493,"7,384,118",84% bullish,of 208 ratings,$32
CTXS,$76.335,1440087049598,"219,669",86% bullish,of 7 ratings,$80
CIZN,NULL,1440087049626,0,Not yet rated,NULL,N/A
CTRN,$27.8301,1440087049663,"80,085",100% bearish,of 1 rating,$30.50
CZNC,$20.0001,1440087049685,"5,852",Not yet rated,NULL,N/A
CZWI,NULL,1440087049707,0,Not yet rated,NULL,N/A
CZFC,$12.75,1440087049790,700,Not yet rated,NULL,N/A
CIVB,$10.2999,1440087049862,"2,500",Not yet rated,NULL,$11
CHCO,$47.61,1440087049923,"10,379",Not yet rated,NULL,$46
CIVBP,NULL,1440087050059,0,Not yet rated,NULL,N/A
CDTI,$1.603,1440087050098,"34,780",75% bullish,of 4 ratings,$3.20
CLNT,$1.9875,1440087050123,"3,854",75% bullish,of 8 ratings,N/A
CLNE,$4.275,1440087050157,"295,262",80% bullish,of 15 ratings,$9
CLFD,$17.06,1440087050260,"37,167",67% bullish,of 3 ratings,$18
CLRO,$12.11,1440087050329,"3,927",50% bullish,of 2 ratings,$14.25
CLIR,$5.17,1440087050402,"16,427",100% bullish,of 3 ratings,N/A
CBLI,$3.99,1440087050428,"7,221",60% bullish,of 5 ratings,N/A
CMFN,$11.69,1440087050591,"7,729",100% bearish,of 1 rating,$15.50
CCNE,$17.26,1440087050619,664,50% bullish,of 2 ratings,$21.50
CSBK,$13.7,1440087050641,"17,931",Not yet rated,NULL,N/A
CLVS,$75.205,1440087050676,"91,648",60% bullish,of 5 ratings,$101.50
CME,$96.89,1440087050778,"275,145",67% bullish,of 3 ratings,$102
CISG,$8.33,1440087050883,"60,018",100% bullish,of 5 ratings,$10
CWAY,$11.45,1440087050977,"5,300",Not yet rated,NULL,N/A
CNV,$4.58,1440087051011,"66,537",50% bullish,of 2 ratings,$7.15
COBZ,$13.015,1440087051042,"43,270",100% bullish,of 1 rating,$14
COKE,$158.6,1440087051145,"14,458",79% bullish,of 19 ratings,N/A
CDRB,$12.02,1440087051170,"1,496",67% bullish,of 3 ratings,N/A
CGNT,$1.6499,1440087051361,"5,252",100% bullish,of 2 ratings,$2
JVA,$4.6701,1440087051391,"3,804",83% bullish,of 6 ratings,$7
CVLY,NULL,1440087051412,0,Not yet rated,NULL,N/A
CCOI,$28.87,1440087051447,"52,516",50% bullish,of 4 ratings,$35
CDXS,$3.97,1440087051479,"11,555",64% bullish,of 11 ratings,$6
CTSH,$65.95,1440087051579,"919,378",90% bullish,of 10 ratings,$74.50
CGNX,$36.52,1440087051619,"124,400",50% bullish,of 2 ratings,$47
COHR,$57.78,1440087051677,"22,866",50% bullish,of 2 ratings,$72
CHRS,$29.97,1440087051812,"37,318",67% bearish,of 3 ratings,$37
COHU,$9.74,1440087051838,"21,205",100% bearish,of 1 rating,$14.25
CLRX,$0.5,1440087051982,"14,295",50% bullish,of 2 ratings,N/A
CBAN,$8.88,1440087052082,300,Not yet rated,NULL,N/A
CIGI,$46.28,1440087052109,"2,100",100% bearish,of 1 rating,$52
CLCD,$7.7,1440087052158,"6,910",100% bearish,of 1 rating,$20.50
CLCT,$19.1014,1440087052192,"2,881",100% bearish,of 1 rating,N/A
COLL,$14.2,1440087052240,"12,954",100% bearish,of 1 rating,$26
COLM,$64.51,1440087052297,"30,192",100% bearish,of 1 rating,$71
COLB,$32.215,1440087052332,"79,923",Not yet rated,NULL,$36
CMCO,$20.04,1440087052472,"150,393",60% bullish,of 5 ratings,$28
CBMX,$1.1674,1440087052578,"5,080",83% bullish,of 6 ratings,$3.15
CMCSA,$58.32,1440087052612,"4,193,377",66% bullish,of 35 ratings,$69.50
CBSH,$46.16,1440087052683,"66,824",50% bullish,of 2 ratings,$46
CMCSK,$58.95,1440087052712,"1,112,608",Not yet rated,NULL,$84
CBSHP,$25.24,1440087052875,"2,592",100% bearish,of 1 rating,N/A
CUBN,NULL,1440087053021,0,Not yet rated,NULL,N/A
ESXB,$5.1,1440087053065,"25,102",Not yet rated,NULL,N/A
JCS,$9.25,1440087053095,"4,100",67% bullish,of 3 ratings,N/A
CSAL,$22.2141,1440087053117,"114,596",75% bullish,of 4 ratings,$30
COMM,$31,1440087053160,"245,137",67% bearish,of 3 ratings,$35
CVGI,$4.66,1440087053184,"27,477",50% bullish,of 2 ratings,$6
CYHHZ,$0.011,1440087053252,"12,449",100% bullish,of 1 rating,N/A
CTBI,$34.62,1440087053277,"3,203",Not yet rated,NULL,$36
CWBC,$6.752,1440087053486,200,Not yet rated,NULL,N/A
COB,$10.59,1440087053537,"1,900",100% bullish,of 1 rating,$11.75
CVLT,$36.97,1440087053639,"49,976",75% bullish,of 4 ratings,$44.50
CIZ,$34.3,1440087053765,"2,060",100% bearish,of 1 rating,N/A
CSA,NULL,1440087053796,0,Not yet rated,NULL,N/A
CIL,$34.51,1440087053846,600,Not yet rated,NULL,N/A
CID,NULL,1440087053876,0,Not yet rated,NULL,N/A
CDC,$36.137,1440087053902,442,Not yet rated,NULL,N/A
CSF,$38.02,1440087053936,175,100% bearish,of 1 rating,N/A
CFO,$37.0271,1440087054064,"1,280",100% bearish,of 1 rating,N/A
CFA,$37.15,1440087054140,200,100% bearish,of 1 rating,N/A
CDL,NULL,1440087054194,0,Not yet rated,NULL,N/A
CSB,$33.9999,1440087054326,100,Not yet rated,NULL,N/A
CGEN,$5.216,1440087054353,"53,208",50% bullish,of 2 ratings,$11
CPSI,$45.66,1440087054375,"6,079",100% bearish,of 1 rating,$45.50
CTG,$6.63,1440087054404,"6,918",100% bearish,of 1 rating,$8.50
CHCI,$0.5722,1440087054651,"4,300",50% bullish,of 2 ratings,N/A
CMTL,$26.89,1440087054697,"8,343",100% bearish,of 2 ratings,$37
SCOR,$61.8,1440087054731,"135,237",100% bearish,of 1 rating,$66
CNAT,$4.37,1440087054760,"18,675",83% bullish,of 6 ratings,$13
CNCE,$15.8,1440087054794,"76,952",75% bullish,of 4 ratings,$22
CNSI,$19.07,1440087054816,"8,048",100% bearish,of 2 ratings,$29
CXRX,$76.51,1440087054850,"1,262",Not yet rated,NULL,$90
CCUR,$5.16,1440087054893,"2,759",75% bullish,of 4 ratings,N/A
CDORO,NULL,1440087055094,0,100% bearish,of 1 rating,N/A
CDOR,$1.46,1440087055120,"3,012",100% bullish,of 1 rating,N/A
CFMS,$22.0115,1440087055251,"41,732",Not yet rated,NULL,$27
CDORP,NULL,1440087055281,0,100% bearish,of 1 rating,N/A
CNFR,$10.4,1440087055383,"14,160",Not yet rated,NULL,N/A
CTWS,$34.79,1440087055519,"3,051",100% bearish,of 1 rating,$44
CNOB,$20.14,1440087055611,"3,628",100% bullish,of 1 rating,$23.50
CTCT,$24.34,1440087055657,"66,504",67% bullish,of 3 ratings,$37
CNMD,$56.15,1440087055687,"7,318",Not yet rated,NULL,$59
CONN,$32.08,1440087055758,"75,897",67% bullish,of 3 ratings,$48.50
CNSL,$20.013,1440087055788,"33,681",100% bearish,of 1 rating,$23
CNXR,$6.35,1440087055819,"10,050",100% bearish,of 1 rating,$12
CWCO,$11.35,1440087055851,"23,419",67% bullish,of 3 ratings,$14.50
CPSS,$5.64,1440087055950,"7,420",100% bullish,of 1 rating,$10
CFRX,$5.07,1440087055996,"15,425",Not yet rated,NULL,$14
CFRXW,NULL,1440087056090,0,100% bearish,of 1 rating,N/A
CTRV,$4.13,1440087056329,"15,664",Not yet rated,NULL,$6.40
CFRXZ,$0.51,1440087056360,400,Not yet rated,NULL,N/A
CTRL,$7.99,1440087056400,"82,943",50% bullish,of 2 ratings,$11
CRBP,$2.1299,1440087056427,"1,113,360",100% bullish,of 2 ratings,$6.25
CORI,$11.185,1440087056457,"10,621",100% bearish,of 1 rating,$18
BVA,NULL,1440087056503,0,50% bullish,of 2 ratings,N/A
CORT,$4.93,1440087056561,"79,878",67% bullish,of 3 ratings,$12
CORE,$63,1440087056631,"14,586",100% bearish,of 1 rating,$72
CRVL,$32.66,1440087056800,"2,383",100% bearish,of 1 rating,N/A
CSOD,$37.7701,1440087056857,"137,650",50% bullish,of 2 ratings,$42
CPRT,$35.88,1440087056897,"59,383",67% bearish,of 3 ratings,$40
CSGP,$189.885,1440087056954,"29,229",50% bullish,of 2 ratings,$235
COSI,$1.1201,1440087056982,"65,219",100% bullish,of 1 rating,N/A
COST,$144.14,1440087057030,"334,558",83% bullish,of 24 ratings,$154.50
CPAH,$0.4699,1440087057163,"1,550",50% bullish,of 2 ratings,N/A
COWN,$5.3529,1440087057292,"188,066",75% bullish,of 4 ratings,$7
ICBK,NULL,1440087057321,0,Not yet rated,NULL,$21
CVTI,$24.1,1440087057350,"22,265",67% bearish,of 3 ratings,$39
COWNL,$27.21,1440087057544,"2,400",Not yet rated,NULL,N/A
COVS,$2.72,1440087057578,"31,675",67% bullish,of 3 ratings,N/A
CRAI,$22.56,1440087057600,"6,462",Not yet rated,NULL,$36
CPSH,$2.4,1440087057683,"2,700",Not yet rated,NULL,N/A
BREW,$7.8156,1440087057752,"20,616",67% bullish,of 6 ratings,$15
CBRL,$148,1440087057778,"56,706",50% bullish,of 2 ratings,$155
CRAY,$21.519,1440087057815,"61,488",83% bullish,of 6 ratings,$38.50
CACC,$190.3,1440087057858,"25,880",50% bullish,of 2 ratings,$158.50
SLVO,$10.5599,1440087058080,"4,117",100% bearish,of 1 rating,N/A
CRESY,$10.93,1440087058145,"72,749",100% bearish,of 1 rating,$19
GLDI,$11.0888,1440087058182,"1,628",100% bearish,of 1 rating,N/A
CREE,$26.3,1440087058227,"271,356",65% bullish,of 17 ratings,$28.50
CCRN,$14.85,1440087058327,"92,514",100% bearish,of 1 rating,$14.25
CRTO,$46.26,1440087058352,"198,660",67% bullish,of 6 ratings,$64
CRDS,$1.06,1440087058381,"19,300",50% bullish,of 4 ratings,$4.50
CROX,$14.79,1440087058407,"180,326",63% bullish,of 8 ratings,$16.50
CRWN,$4.7,1440087058613,"56,897",75% bullish,of 4 ratings,N/A
CYRX,$3.09,1440087058669,"8,738",Not yet rated,NULL,$9
CRWS,$8.08,1440087058695,665,Not yet rated,NULL,$10
CYRXW,$0.95,1440087058721,"7,900",Not yet rated,NULL,N/A
CSPI,$6.3,1440087058945,655,67% bullish,of 3 ratings,N/A
CSGS,$31.83,1440087058975,"29,124",Not yet rated,NULL,$40
CCLP,$15.0299,1440087059002,"13,865",67% bearish,of 3 ratings,$21
CTCM,$1.73,1440087059138,"117,328",80% bearish,of 5 ratings,$3.90
CTIC,$1.6649,1440087059170,"776,354",84% bullish,of 76 ratings,$5.75
CTRP,$64.31,1440087059191,"1,001,343",75% bullish,of 8 ratings,$92
CTIB,$3.54,1440087059213,"2,475",100% bearish,of 1 rating,N/A
CUNB,$22.2,1440087059343,"3,090",Not yet rated,NULL,$24.50
CUI,$5.39,1440087059503,"28,052",50% bullish,of 2 ratings,$10
CPIX,$5.9,1440087059533,"1,900",Not yet rated,NULL,N/A
CMLS,$1.205,1440087059604,"203,699",50% bullish,of 4 ratings,$6
CRIS,$2.64,1440087059635,"67,577",100% bullish,of 8 ratings,$6
CVBF,$16.895,1440087059738,"95,201",Not yet rated,NULL,$18
CVV,$11.99,1440087059898,"11,600",100% bullish,of 5 ratings,N/A
CUTR,$14.77,1440087059927,"7,521",67% bearish,of 3 ratings,$18
CYBX,$64.7,1440087059959,"335,882",50% bullish,of 4 ratings,$70
CYAN,$7.64,1440087059984,202,100% bearish,of 1 rating,N/A
CYCCP,NULL,1440087060058,0,100% bearish,of 1 rating,N/A
CYCC,$0.604,1440087060090,"26,331",73% bullish,of 11 ratings,N/A
CYBR,$58.013,1440087060126,"666,333",86% bullish,of 7 ratings,$66
CYBE,$5.95,1440087060155,"5,778",100% bearish,of 1 rating,N/A
CYNA,$16.0999,1440087060287,"10,603",100% bullish,of 1 rating,$31.50
CBAY,$2.72,1440087060447,"28,516",100% bullish,of 1 rating,$4
CYNO,$33.36,1440087060473,"41,584",67% bearish,of 3 ratings,$45.50
CONE,$33.72,1440087060627,"116,621",67% bearish,of 3 ratings,$35
CY,$9.61,1440087060653,"2,003,489",80% bullish,of 10 ratings,$15.50
CYRN,$1.73,1440087060679,"52,291",67% bullish,of 3 ratings,$4
CTSO,$7.2,1440087060865,"39,045",Not yet rated,NULL,$15.625
CYTK,$6.48,1440087060898,"71,301",71% bullish,of 14 ratings,$13.50
DAEG,$0.34,1440087060998,248,100% bearish,of 1 rating,N/A
XIV,$44.54,1440087061028,"6,484,851",75% bearish,of 4 ratings,N/A
CYTX,$0.396,1440087061060,"302,446",83% bullish,of 12 ratings,$5.50
TVIZ,$13.6,1440087061086,200,100% bearish,of 1 rating,N/A
ZIV,$48.36,1440087061112,"38,036",Not yet rated,NULL,N/A
CYTR,$2.33,1440087061142,"118,026",67% bullish,of 6 ratings,$10
DJCO,$205.8,1440087061325,200,Not yet rated,NULL,N/A
TVIX,$6.4601,1440087061433,"5,565,802",81% bullish,of 16 ratings,N/A
DAKT,$11.975,1440087061489,"56,151",50% bullish,of 2 ratings,$14
DARA,$0.89,1440087061563,"19,322",83% bullish,of 6 ratings,$1.50
DTLK,$5.44,1440087061633,"37,333",100% bearish,of 1 rating,$9
DAIO,$2.5,1440087061662,"11,580",Not yet rated,NULL,N/A
DRAM,$1.43,1440087061699,"1,012",78% bullish,of 9 ratings,N/A
DTEA,$11.815,1440087061831,"29,811",100% bearish,of 2 ratings,$24
PLAY,$35.16,1440087061858,"91,137",100% bullish,of 5 ratings,$42
DBVT,$41.12,1440087061919,"19,833",100% bearish,of 1 rating,$53
DWSN,$4.469,1440087061993,"5,930",67% bullish,of 3 ratings,$6
TRAK,$63,1440087062053,"582,409",50% bullish,of 2 ratings,$62.50
DWCH,$5.45,1440087062080,"15,561",75% bullish,of 4 ratings,$8.25
DFRG,$14.94,1440087062211,"18,803",100% bearish,of 1 rating,$20
DHRM,$1.84,1440087062314,"1,593",Not yet rated,NULL,N/A
TACO,$13.4,1440087062376,"54,438",100% bullish,of 3 ratings,$20
TACOW,$4.199,1440087062453,"5,133",100% bullish,of 1 rating,N/A
DCTH,$0.48,1440087062552,"44,614",78% bullish,of 9 ratings,N/A
DELT,$2.79,1440087062580,"3,343",Not yet rated,NULL,N/A
DGAS,$20.25,1440087062617,"7,258",67% bearish,of 3 ratings,N/A
DELTW,NULL,1440087062750,0,Not yet rated,NULL,N/A
DEPO,$30.83,1440087062782,"246,414",80% bullish,of 5 ratings,$29
DENN,$12.22,1440087062815,"89,553",100% bullish,of 3 ratings,$15
XRAY,$55.94,1440087062893,"58,878",100% bullish,of 1 rating,$58
DSCI,$6.403,1440087062926,"14,346",50% bullish,of 2 ratings,$16
DEST,$11.68,1440087062969,"8,546",50% bullish,of 2 ratings,N/A
DERM,$24.15,1440087063061,"39,232",100% bearish,of 1 rating,$33.50
DSWL,NULL,1440087063109,0,100% bullish,of 1 rating,N/A
DXLG,$4.7347,1440087063247,"8,788",100% bearish,of 1 rating,$8
DXM,$0.324,1440087063351,"57,640",50% bullish,of 2 ratings,N/A
DXCM,$91.97,1440087063411,"286,433",57% bullish,of 7 ratings,$98
DMND,$31.12,1440087063542,"105,975",75% bullish,of 12 ratings,$32
DHXM,NULL,1440087063575,0,Not yet rated,NULL,N/A
DRNA,$10.315,1440087063607,"29,870",67% bearish,of 3 ratings,$25
FANG,$71.08,1440087063637,"214,084",50% bullish,of 2 ratings,$86
DHIL,$191.58,1440087063730,116,Not yet rated,NULL,N/A
DCIX,$1.7772,1440087063764,"14,843",50% bullish,of 4 ratings,$3.50
DGII,$10.2,1440087063789,"11,337",100% bearish,of 1 rating,$10
DMRC,$36.135,1440087063863,"23,835",100% bearish,of 1 rating,$44
DGLY,$7.2263,1440087063964,"43,828",50% bullish,of 6 ratings,$20
DRAD,$3.9801,1440087064104,"2,470",100% bullish,of 1 rating,$5.25
APPS,$2.4599,1440087064135,"26,724",100% bearish,of 1 rating,$10.25
DCOM,$17.07,1440087064171,"36,076",100% bearish,of 2 ratings,$16.50
DPRX,$12.54,1440087064237,"69,218",100% bullish,of 2 ratings,$27.75
DIOD,$19.435,1440087064265,"24,539",75% bearish,of 4 ratings,$24
DISCB,$30.53,1440087064399,50,100% bearish,of 1 rating,$35
DISCK,$27.1,1440087064503,"1,714,001",100% bearish,of 1 rating,$32
DVCR,$11.25,1440087064532,"6,349",100% bullish,of 1 rating,N/A
DISCA,$28.135,1440087064565,"1,473,494",67% bullish,of 3 ratings,$34
DSCO,$0.4451,1440087064597,"54,127",83% bullish,of 6 ratings,$2.75
DISH,$63.98,1440087064660,"502,050",69% bullish,of 13 ratings,$73
BAGR,$3.01,1440087064695,"1,304",100% bearish,of 1 rating,$6
DLHC,$2.65,1440087064755,904,100% bearish,of 1 rating,N/A
DNBF,$26.6201,1440087064855,538,Not yet rated,NULL,$27.50
DLTR,$80.795,1440087064951,"458,014",82% bullish,of 11 ratings,$88
DGICA,$14.495,1440087065088,"2,790",100% bearish,of 1 rating,$17
DGICB,NULL,1440087065168,0,100% bearish,of 1 rating,N/A
DMLP,$13.704,1440087065198,"30,147",100% bearish,of 1 rating,N/A
DORM,$50.6108,1440087065220,"19,226",100% bearish,of 1 rating,$56
HILL,$9.671,1440087065242,"3,040,568",60% bearish,of 5 ratings,$9
DRWI,$0.2687,1440087065374,"134,833",60% bullish,of 5 ratings,$.45
DWA,$18.24,1440087065426,"137,710",63% bullish,of 8 ratings,$26
DSKX,$3.28,1440087065509,"82,140",100% bullish,of 1 rating,N/A
DRWIW,$0.068,1440087065557,200,Not yet rated,NULL,N/A
DRYS,$0.347,1440087065586,"1,735,772",77% bullish,of 31 ratings,$.60
DSPG,$8.8,1440087065612,"16,683",100% bearish,of 1 rating,$13.50
CADT,NULL,1440087065748,0,Not yet rated,NULL,N/A
CADTR,NULL,1440087065773,0,Not yet rated,NULL,N/A
CADTU,NULL,1440087065823,0,Not yet rated,NULL,N/A
DTSI,$27.08,1440087065979,"18,327",100% bearish,of 2 ratings,$39.50
CADTW,NULL,1440087066110,0,Not yet rated,NULL,N/A
DRRX,$2.01,1440087066176,"36,281",50% bullish,of 6 ratings,$3
BOOM,$10.24,1440087066251,"19,268",67% bullish,of 3 ratings,$12
DNKN,$50.71,1440087066340,"501,619",67% bullish,of 15 ratings,$56.50
DYSL,$1.74,1440087066383,"338,953",100% bullish,of 2 ratings,N/A
DYAX,$22.74,1440087066415,"54,393",89% bullish,of 9 ratings,$30
DXPE,$28.52,1440087066521,"34,017",50% bullish,of 2 ratings,N/A
DYNT,$2.99,1440087066554,"1,439",75% bullish,of 4 ratings,N/A
DVAX,$28.65,1440087066584,"74,040",70% bullish,of 10 ratings,$40
ETFC,$26.91,1440087066610,"694,226",57% bullish,of 14 ratings,$33
EBMT,$11.45,1440087066653,600,Not yet rated,NULL,$13.50
EGBN,$43.66,1440087066799,"18,998",Not yet rated,NULL,$48
EGLE,$6.685,1440087066900,"7,000",60% bullish,of 5 ratings,N/A
EGRX,$67.24,1440087066928,"116,526",67% bullish,of 3 ratings,$97
EROC,$1.193,1440087066999,"140,683",50% bullish,of 2 ratings,$3
ELNK,$8.68,1440087067094,"151,169",60% bullish,of 5 ratings,$9.50
EWBC,$42.98,1440087067124,"482,575",100% bearish,of 1 rating,$50
EML,$16.96,1440087067226,"11,600",Not yet rated,NULL,N/A
EACQU,$10.2,1440087067303,944,Not yet rated,NULL,N/A
EBAY,$26.8301,1440087067398,"2,782,848",81% bullish,of 117 ratings,$48
ELON,$0.575,1440087067428,"3,519",50% bullish,of 2 ratings,N/A
EBIX,$29.6,1440087067462,"70,944",69% bullish,of 13 ratings,$40
EVBS,$6.45,1440087067483,886,Not yet rated,NULL,$7
ECTE,$1.49,1440087067565,"1,900",75% bullish,of 4 ratings,N/A
SATS,$45.5,1440087067626,"35,915",50% bullish,of 2 ratings,$60
ECHO,$25.85,1440087067673,"92,124",67% bearish,of 3 ratings,$35.50
EEI,$11.29,1440087067874,800,67% bearish,of 3 ratings,N/A
ESES,$3.3967,1440087067908,249,100% bearish,of 1 rating,$7
ECACU,$10.09,1440087067930,"13,500",Not yet rated,NULL,N/A
EDAP,$3.45,1440087068009,"20,321",60% bullish,of 5 ratings,$4.50
EDUC,$4.67,1440087068106,"5,866",100% bearish,of 1 rating,N/A
EFUT,NULL,1440087068138,0,Not yet rated,NULL,N/A
EDGW,$7.15,1440087068167,"11,300",100% bearish,of 1 rating,N/A
EGAN,$3.5,1440087068236,"105,300",50% bullish,of 2 ratings,$6.25
EGLT,$11.51,1440087068371,"27,794",50% bullish,of 2 ratings,$21
ESLT,$81.336,1440087068421,"2,656",100% bullish,of 2 ratings,N/A
EHTH,$14.5049,1440087068447,"35,577",50% bullish,of 4 ratings,$16.50
EMITF,$1.299,1440087068511,"3,704",75% bullish,of 4 ratings,N/A
LOCO,$12.6401,1440087068594,"952,436",69% bullish,of 13 ratings,$20
ERI,$9.58,1440087068649,"18,191",100% bearish,of 1 rating,$10
ELRC,$10.286,1440087068751,"5,960",100% bearish,of 1 rating,N/A
ESIO,$4.62,1440087068833,"39,229",50% bullish,of 2 ratings,$10
EA,$68.84,1440087068883,"1,366,232",77% bullish,of 35 ratings,$80
EFII,$44.4032,1440087068915,"29,502",80% bullish,of 5 ratings,$55
ELSE,$4.07,1440087069015,486,60% bullish,of 5 ratings,N/A
ELEC,NULL,1440087069146,0,Not yet rated,NULL,N/A
EBIO,$3.18,1440087069345,"375,737",100% bearish,of 2 ratings,$8.35
RDEN,$10.6343,1440087069447,"29,857",100% bearish,of 4 ratings,$15
ELECW,NULL,1440087069482,0,Not yet rated,NULL,N/A
CAPX,NULL,1440087069505,0,Not yet rated,NULL,N/A
ESBK,$19.5,1440087069540,"2,400",Not yet rated,NULL,N/A
ELECU,NULL,1440087069567,0,Not yet rated,NULL,N/A
LONG,$17.06,1440087069596,"18,751",67% bullish,of 3 ratings,$15.75
ELTK,$1.0999,1440087069843,"17,748",67% bearish,of 3 ratings,N/A
EMCF,NULL,1440087069878,0,100% bearish,of 1 rating,N/A
EMKR,$7.1299,1440087069909,"22,788",75% bullish,of 4 ratings,$8.50
EMCI,$23.79,1440087069974,"3,600",Not yet rated,NULL,N/A
EMMSP,NULL,1440087070003,0,100% bearish,of 1 rating,N/A
NYNY,$4.01,1440087070144,"27,469",50% bullish,of 2 ratings,N/A
EMMS,$1.33,1440087070299,"8,900",67% bullish,of 6 ratings,N/A
ENTA,$41.196,1440087070336,"35,275",50% bullish,of 2 ratings,$42
ERS,$3.39,1440087070369,"1,385",Not yet rated,NULL,N/A
WIRE,$32.87,1440087070441,"11,098",100% bearish,of 1 rating,$37
ECPG,$39.26,1440087070469,"52,368",100% bullish,of 2 ratings,$52
ENDP,$82.94,1440087070497,"311,201",50% bullish,of 6 ratings,$104
ELGX,$13.1,1440087070683,"127,218",75% bullish,of 4 ratings,$17
EIGI,$15.64,1440087070752,"171,341",67% bearish,of 3 ratings,$20
ECYT,$5.0701,1440087070805,"106,827",83% bullish,of 6 ratings,$12
WATT,$7.022,1440087070883,"27,666",50% bullish,of 2 ratings,$13
EFOI,$17.85,1440087070947,"318,588",50% bullish,of 2 ratings,$20.50
ERII,$2.84,1440087071017,"20,062",80% bullish,of 5 ratings,$2.50
EXXI,$1.675,1440087071093,"418,444",86% bullish,of 7 ratings,$3.50
ENOC,$8.14,1440087071150,"58,112",75% bullish,of 4 ratings,$18
ENG,$1.08,1440087071202,"14,300",100% bullish,of 3 ratings,N/A
ESGR,$151.09,1440087071307,"8,086",100% bearish,of 1 rating,$185
ENPH,$4.6399,1440087071359,"195,397",75% bullish,of 4 ratings,$11
ENFC,$18.03,1440087071435,"1,342",Not yet rated,NULL,N/A
ENTL,$22.25,1440087071497,"5,309",Not yet rated,NULL,$28
ENTG,$14.08,1440087071535,"66,453",100% bearish,of 1 rating,$18
EBTC,$20.62,1440087071581,640,Not yet rated,NULL,N/A
ETRM,$0.24,1440087071609,"251,921",69% bearish,of 35 ratings,$1.625
EFSC,$24.62,1440087071861,"9,830",Not yet rated,NULL,$27
EGT,$2.15,1440087071888,"6,725",100% bullish,of 1 rating,N/A
ENVI,$1.78,1440087071934,"5,314",67% bullish,of 3 ratings,N/A
ENZY,$9.02,1440087071966,"3,976",67% bullish,of 3 ratings,$9.50
ENZN,$1.0999,1440087072025,"185,451",100% bullish,of 9 ratings,N/A
EPIQ,$14.14,1440087072074,"31,134",100% bearish,of 1 rating,$18
PLUS,$80.23,1440087072326,"77,612",50% bullish,of 2 ratings,$88
EPZM,$16.81,1440087072358,"42,102",60% bullish,of 5 ratings,$34
EQIX,$280.5,1440087072383,"76,440",67% bullish,of 3 ratings,$312.50
EPRS,$4.91,1440087072404,"48,596",82% bullish,of 11 ratings,$15
EQFN,$8.3,1440087072456,"1,200",Not yet rated,NULL,N/A
ERIE,$87.23,1440087072539,"3,001",Not yet rated,NULL,$73
EAC,$3.69,1440087072568,"6,496",100% bearish,of 1 rating,$8
ERIC,$9.9567,1440087072590,"394,003",63% bullish,of 8 ratings,$13.30
ESCA,$18.2632,1440087072737,"3,329",100% bearish,of 1 rating,$22
ESCR,$0.181,1440087072842,"40,816",50% bullish,of 2 ratings,N/A
ESCRP,NULL,1440087072976,0,100% bearish,of 1 rating,N/A
ESMC,$1.3,1440087073026,101,Not yet rated,NULL,N/A
ESPR,$54.84,1440087073070,"580,719",67% bearish,of 9 ratings,$123
ESSA,$12.87,1440087073105,"1,954",100% bearish,of 1 rating,N/A
EPIX,NULL,1440087073133,0,Not yet rated,NULL,N/A
EEFT,$68.21,1440087073262,"48,329",100% bearish,of 1 rating,$67.50
ESND,$36,1440087073294,"14,798",50% bullish,of 2 ratings,$40
ETSY,$14.8,1440087073316,"291,084",80% bullish,of 5 ratings,$16
ESSX,$0.53,1440087073394,"18,500",50% bullish,of 2 ratings,N/A
EVK,$3.86,1440087073624,"1,012",75% bearish,of 4 ratings,N/A
CLWT,NULL,1440087073651,0,100% bearish,of 1 rating,N/A
EVLV,$2.25,1440087073677,"26,769",60% bullish,of 5 ratings,$6.50
ESEA,$6.13,1440087073708,"1,522",100% bullish,of 1 rating,$15
EVEP,$8.1,1440087073730,"124,326",50% bullish,of 2 ratings,$15
EVOK,$4.215,1440087073817,"129,409",100% bearish,of 1 rating,$13.75
EVOL,$6.25,1440087073970,"4,487",75% bullish,of 4 ratings,$10
EXA,$10.665,1440087074011,"3,922",100% bearish,of 1 rating,$13
EXEL,$5.5572,1440087074059,"993,147",81% bullish,of 16 ratings,$6
EXAC,$18.95,1440087074089,"10,973",100% bearish,of 1 rating,$22.50
EXFO,$2.8999,1440087074221,600,67% bearish,of 3 ratings,$3.95
EXPD,$49.84,1440087074251,"520,449",80% bullish,of 5 ratings,$50.50
EXAS,$22.23,1440087074283,"165,926",78% bullish,of 9 ratings,$31
EXPE,$120,1440087074351,"200,318",64% bullish,of 11 ratings,$130
EXLS,$37.05,1440087074378,"29,234",100% bullish,of 1 rating,$41
EXPO,$43.16,1440087074677,"7,645",100% bearish,of 1 rating,$45.50
EXLP,$19.64,1440087074708,"26,439",100% bearish,of 1 rating,$27
ESRX,$89.02,1440087074767,"871,461",67% bearish,of 6 ratings,$101
EYEG,$4.2282,1440087074807,"11,885",Not yet rated,NULL,N/A
EYEGW,NULL,1440087074843,0,Not yet rated,NULL,N/A
EXTR,$2.94,1440087074865,"408,319",80% bullish,of 5 ratings,$3
EZCH,$21.37,1440087074895,"28,069",75% bullish,of 8 ratings,$19.50
FFIV,$129.31,1440087074939,"205,884",71% bullish,of 7 ratings,$132
FB,$92.62,1440087075071,"11,724,987",73% bullish,of 1065 ratings,$111
FCS,$13.51,1440087075245,"366,460",67% bearish,of 3 ratings,$17
FRP,$17.01,1440087075319,"9,250",100% bearish,of 1 rating,$18
EZPW,$6.15,1440087075345,"32,247",50% bullish,of 4 ratings,$7.50
FWM,$2.31,1440087075481,"57,051",100% bearish,of 2 ratings,$3.20
FALC,$1.62,1440087075508,"6,982",63% bearish,of 8 ratings,N/A
DAVE,$14.2,1440087075644,"9,502",100% bearish,of 1 rating,$15.50
FARM,$22.42,1440087075702,"4,414",100% bearish,of 1 rating,$35
FMNB,$8.03,1440087075728,"1,446",Not yet rated,NULL,N/A
FFKT,$26.79,1440087075802,"1,478",Not yet rated,NULL,$29
FAST,$39.92,1440087075882,"385,704",80% bullish,of 5 ratings,$46
FBSS,NULL,1440087075915,0,Not yet rated,NULL,N/A
FATE,$6.21,1440087075943,"51,777",50% bullish,of 2 ratings,$11
FARO,$39.12,1440087076010,"29,399",50% bullish,of 2 ratings,$48
FBRC,$23.03,1440087076115,"2,116",100% bearish,of 1 rating,$29
FDML,$9.27,1440087076192,"65,217",50% bullish,of 4 ratings,$14
FNHC,$22.79,1440087076222,"15,503",100% bearish,of 1 rating,$35
FEIC,$80.75,1440087076325,"102,058",50% bullish,of 2 ratings,$95.50
FENX,$9.745,1440087076455,"9,555",100% bullish,of 1 rating,$14.25
FHCO,$1.4,1440087076481,"12,800",50% bullish,of 4 ratings,N/A
FGEN,$24.71,1440087076511,"51,895",100% bearish,of 1 rating,$39
ONEQ,$194.1185,1440087076648,"8,855",100% bullish,of 1 rating,N/A
FCSC,$5.8501,1440087076673,"50,663",100% bearish,of 1 rating,$8.125
FDUS,$14.922,1440087076706,"10,463",100% bullish,of 1 rating,$18
LION,$19.42,1440087076742,"25,077",100% bullish,of 1 rating,$20
FRGI,$53.96,1440087076815,"36,842",50% bullish,of 2 ratings,$70
FSAM,$8.8704,1440087076846,"1,232",100% bearish,of 1 rating,$11
FSC,$6.605,1440087076981,"309,948",75% bullish,of 4 ratings,$8
FSCFL,$24.84,1440087077029,"2,875",Not yet rated,NULL,N/A
FSFR,$9.111,1440087077174,"23,512",100% bearish,of 1 rating,$11.50
FITB,$20.59,1440087077258,"1,567,000",54% bullish,of 13 ratings,$22
FITBI,$27.75,1440087077286,"1,492",Not yet rated,NULL,N/A
FISI,$24.72,1440087077452,"24,710",100% bullish,of 2 ratings,$24.50
FNGN,$34.9,1440087077484,"107,275",67% bullish,of 3 ratings,$47
FNTC,$9.82,1440087077601,100,Not yet rated,NULL,N/A
FNJN,$1.7599,1440087077629,"5,872",100% bearish,of 1 rating,$5
FEYE,$41.4901,1440087077666,"1,268,239",87% bullish,of 15 ratings,$55.50
FNSR,$16.18,1440087077809,"464,485",71% bullish,of 7 ratings,$24.50
FNTCU,NULL,1440087077834,0,Not yet rated,NULL,N/A
FNTCW,NULL,1440087077860,0,Not yet rated,NULL,N/A
FBNC,$16.92,1440087078063,"12,992",100% bullish,of 1 rating,$20
FNLC,$18.76,1440087078115,"2,510",100% bullish,of 1 rating,N/A
FRBA,$6.0499,1440087078192,500,Not yet rated,NULL,$8
FCVA,$4.78,1440087078256,"1,580",Not yet rated,NULL,N/A
BUSE,$6.34,1440087078282,"23,707",Not yet rated,NULL,$6.875
FCAP,$27,1440087078321,200,Not yet rated,NULL,N/A
FBIZ,$43.78,1440087078411,"5,474",100% bearish,of 2 ratings,$52
FCNCA,$243.46,1440087078580,224,Not yet rated,NULL,N/A
FCLF,NULL,1440087078607,0,Not yet rated,NULL,N/A
FCFS,$38.46,1440087078636,"25,083",100% bearish,of 2 ratings,$48
FCFP,$6.84,1440087078736,"1,000",Not yet rated,NULL,N/A
FCBC,$17.66,1440087078806,"1,992",Not yet rated,NULL,$18
FCCO,$11.9,1440087078833,836,Not yet rated,NULL,$13.25
FBNK,$16.43,1440087078862,980,100% bearish,of 1 rating,$17.50
FFNM,$6.42,1440087079054,100,Not yet rated,NULL,N/A
FFBC,$19.14,1440087079080,"26,870",67% bearish,of 3 ratings,$20.25
FFIN,$31.325,1440087079131,"29,249",50% bullish,of 2 ratings,$31.75
FDEF,$37.99,1440087079156,"7,443",Not yet rated,NULL,$38
THFF,$33.27,1440087079303,"2,516",Not yet rated,NULL,$35
FFBCW,NULL,1440087079331,0,100% bearish,of 1 rating,N/A
FFNW,$12.53,1440087079353,"6,722",Not yet rated,NULL,$14
FFWM,$21.1101,1440087079490,"5,216",Not yet rated,NULL,$24
INBK,$31.93,1440087079535,"5,659",50% bullish,of 2 ratings,$37
FIBK,$27.31,1440087079628,"15,607",Not yet rated,NULL,$32
FMBH,NULL,1440087079665,0,Not yet rated,NULL,N/A
FRME,$25.68,1440087079726,"57,630",Not yet rated,NULL,$26.50
FMBI,$18.06,1440087079814,"78,742",Not yet rated,NULL,$20
FNFG,$9.41,1440087079860,"677,038",80% bullish,of 5 ratings,$9
FNBC,$34.92,1440087079995,"24,046",Not yet rated,NULL,$41.50
FNWB,$12.0824,1440087080020,"4,670",Not yet rated,NULL,N/A
FSFG,$31.12,1440087080158,100,Not yet rated,NULL,N/A
FSGI,$2.481,1440087080188,"1,457",Not yet rated,NULL,N/A
FSLR,$48.97,1440087080210,"495,059",74% bullish,of 39 ratings,$65
FSBK,$7.79,1440087080244,800,100% bullish,of 1 rating,N/A
FBZ,NULL,1440087080375,0,Not yet rated,NULL,N/A
BICK,$19.93,1440087080400,400,100% bullish,of 1 rating,N/A
FCAN,$24.94,1440087080449,400,Not yet rated,NULL,N/A
FCA,$20.8905,1440087080582,"3,750",Not yet rated,NULL,N/A
FTCS,$37.9999,1440087080631,"4,164",Not yet rated,NULL,N/A
FV,$24.2601,1440087080661,"493,790",Not yet rated,NULL,N/A
IFV,$18.175,1440087080764,"932,497",100% bearish,of 1 rating,N/A
FEMB,NULL,1440087080790,0,Not yet rated,NULL,N/A
FTSM,$59.93,1440087080845,"3,996",100% bearish,of 1 rating,N/A
FEUZ,NULL,1440087080928,0,Not yet rated,NULL,N/A
TDIV,$25.322,1440087080976,"90,467",100% bearish,of 1 rating,N/A
MDIV,$19.7001,1440087081002,"61,221",Not yet rated,NULL,N/A
FGM,$36.02,1440087081200,"9,060",Not yet rated,NULL,N/A
FTHI,$20.23,1440087081231,"5,147",Not yet rated,NULL,N/A
FTGC,$22.63,1440087081252,"47,965",Not yet rated,NULL,N/A
HYLS,$49.7309,1440087081287,"8,650",100% bearish,of 1 rating,N/A
FHK,$33.922,1440087081421,"56,016",Not yet rated,NULL,N/A
FPXI,$27.98,1440087081448,525,Not yet rated,NULL,N/A
YDIV,$16.86,1440087081472,"1,800",Not yet rated,NULL,N/A
CU,$12.85,1440087081607,"3,274",100% bearish,of 1 rating,N/A
SKYY,$29.7701,1440087081632,"18,328",100% bullish,of 1 rating,N/A
PLTM,$6.6864,1440087081663,"2,482",100% bearish,of 1 rating,N/A
FJP,$48.42,1440087081793,"46,257",Not yet rated,NULL,N/A
FTLB,NULL,1440087081818,0,100% bearish,of 1 rating,N/A
FMB,NULL,1440087081878,0,Not yet rated,NULL,N/A
LMBS,NULL,1440087081909,0,Not yet rated,NULL,N/A
QABA,$38.43,1440087082012,"5,684",100% bearish,of 1 rating,N/A
CIBR,$18.8999,1440087082039,"67,957",Not yet rated,NULL,N/A
QCLN,$15.41,1440087082167,"11,411",Not yet rated,NULL,N/A
FONE,$35.6197,1440087082266,300,Not yet rated,NULL,N/A
GRID,$32.3901,1440087082322,100,100% bearish,of 1 rating,N/A
CARZ,$35.8184,1440087082350,"1,457",100% bearish,of 1 rating,N/A
QQXT,$41.9668,1440087082381,"1,181",Not yet rated,NULL,N/A
RDVY,$22.0599,1440087082409,"1,646",Not yet rated,NULL,N/A
QQEW,$43.19,1440087082482,"34,836",Not yet rated,NULL,N/A
AIRR,$16.582,1440087082655,"3,247",100% bearish,of 1 rating,N/A
QINC,NULL,1440087082682,0,Not yet rated,NULL,N/A
QTEC,$41.0405,1440087082709,"17,461",Not yet rated,NULL,N/A
FTSL,$48.9897,1440087082757,"11,917",100% bearish,of 1 rating,N/A
FDIV,NULL,1440087082839,0,100% bearish,of 1 rating,N/A
FKO,NULL,1440087082889,0,Not yet rated,NULL,N/A
FSZ,$39.85,1440087082914,"9,214",Not yet rated,NULL,N/A
FTW,NULL,1440087083054,0,Not yet rated,NULL,N/A
FKU,$43.0101,1440087083130,"9,154",Not yet rated,NULL,N/A
TUSA,NULL,1440087083183,0,Not yet rated,NULL,N/A
FUNC,$8.27,1440087083218,800,Not yet rated,NULL,N/A
FMER,$18.03,1440087083319,"198,332",50% bullish,of 2 ratings,$20
SVVC,$10.6599,1440087083344,"9,436",100% bullish,of 1 rating,$26
FSV,$32.2392,1440087083374,800,Not yet rated,NULL,$33.60
FISV,$89.25,1440087083509,"199,960",100% bearish,of 3 ratings,$90
FIVE,$36.52,1440087083545,"73,673",75% bearish,of 4 ratings,$44
FPRX,$18.69,1440087083649,"78,459",50% bullish,of 2 ratings,$35
FIVN,$4.18,1440087083677,"123,232",100% bullish,of 1 rating,$8.50
FLKS,$14.6,1440087083716,"28,577",50% bullish,of 2 ratings,$27
FLML,$21.53,1440087083742,"63,716",50% bullish,of 2 ratings,$30
FLXN,$24.25,1440087083913,"32,960",100% bearish,of 1 rating,$40
SKOR,$50.5,1440087083939,200,Not yet rated,NULL,N/A
MBSD,$24.932,1440087083967,805,Not yet rated,NULL,N/A
FLXS,$32.8,1440087084093,"23,796",100% bearish,of 2 ratings,N/A
FLIR,$29.86,1440087084150,"199,594",100% bearish,of 1 rating,$38.50
FLEX,$10.84,1440087084172,"813,301",63% bullish,of 8 ratings,$12
FFIC,$20.535,1440087084228,"6,735",Not yet rated,NULL,$21
FLDM,$12.84,1440087084306,"147,019",67% bearish,of 3 ratings,$21.50
FOMX,$10.096,1440087084362,"136,136",50% bullish,of 2 ratings,$23.50
FOGO,$18.62,1440087084411,"53,006",50% bullish,of 2 ratings,$25.50
FONR,$9.62,1440087084495,"13,661",100% bullish,of 1 rating,N/A
FES,$0.9484,1440087084638,300,50% bullish,of 2 ratings,$1
FORM,$6.195,1440087084692,"39,257",67% bullish,of 3 ratings,$10.50
FORTY,NULL,1440087084723,0,Not yet rated,NULL,N/A
FORR,$32.58,1440087084830,"10,472",Not yet rated,NULL,N/A
FTNT,$45.4428,1440087084862,"483,639",80% bullish,of 10 ratings,$52
FBIO,$2.8599,1440087084884,"52,806",83% bullish,of 6 ratings,N/A
FWRD,$48.2,1440087084963,"83,626",100% bearish,of 1 rating,$50
FORD,$1.02,1440087085027,"67,311",50% bullish,of 2 ratings,N/A
FWP,$25.9,1440087085106,"3,971",100% bearish,of 1 rating,$45
FOSL,$61.5,1440087085160,"264,801",50% bullish,of 4 ratings,$70
FMI,$20.15,1440087085188,"43,254",100% bearish,of 2 ratings,$27.50
FXCB,$17.27,1440087085316,318,Not yet rated,NULL,$19
FOXF,$15.47,1440087085392,"6,585",100% bearish,of 1 rating,$19
FELE,$29.32,1440087085452,"82,530",50% bullish,of 4 ratings,$33
FREE,$0.51,1440087085550,"1,908,910",92% bullish,of 12 ratings,N/A
FRED,$14.54,1440087085578,"28,072",50% bullish,of 2 ratings,$16.50
FRAN,$10.31,1440087085608,"177,225",50% bullish,of 4 ratings,$15
RAIL,$21.2164,1440087085638,"26,465",100% bearish,of 1 rating,$24.50
FEIM,$10.99,1440087085745,"2,200",100% bearish,of 1 rating,N/A
FTR,$5.26,1440087085795,"6,875,910",78% bullish,of 27 ratings,$6.25
FRPT,$13.3501,1440087085875,"91,523",67% bearish,of 3 ratings,$23.50
FTRPR,$103.57,1440087085975,"101,848",100% bearish,of 1 rating,N/A
FRPH,$30.87,1440087086001,200,100% bearish,of 1 rating,N/A
FSBW,$23.44,1440087086154,1,Not yet rated,NULL,N/A
FTD,$30.16,1440087086199,"12,777",100% bearish,of 1 rating,$40
FSYS,$6.53,1440087086258,"23,146",67% bullish,of 3 ratings,$10
FCEL,$0.7877,1440087086330,"359,478",88% bullish,of 40 ratings,$2.65
FTEK,$2.195,1440087086473,"17,783",75% bullish,of 4 ratings,N/A
FULL,$3.184,1440087086502,"1,735",67% bearish,of 3 ratings,$4.25
FLL,$1.54,1440087086537,"8,195",75% bullish,of 4 ratings,$2.825
FULLL,$25.4,1440087086565,700,Not yet rated,NULL,N/A
FULT,$12.68,1440087086587,"191,859",100% bearish,of 1 rating,$13
FSNN,$2.552,1440087086631,"1,600",67% bullish,of 3 ratings,$6
FFHL,NULL,1440087086716,0,50% bullish,of 4 ratings,N/A
FXEN,$0.9812,1440087086857,"33,950",75% bullish,of 4 ratings,$1.10
WILC,$5.1227,1440087086984,695,100% bullish,of 2 ratings,N/A
GAIA,$5.9,1440087087062,"8,280",50% bullish,of 2 ratings,$8.50
GK,$71.16,1440087087088,"5,943",Not yet rated,NULL,$78
FXENP,NULL,1440087087138,0,100% bearish,of 1 rating,N/A
GALT,$2.02,1440087087231,"16,279",80% bullish,of 5 ratings,N/A
GALTW,NULL,1440087087268,0,100% bullish,of 1 rating,N/A
GALTU,NULL,1440087087299,0,100% bearish,of 1 rating,N/A
GLPG,$64.427,1440087087320,"3,254",100% bullish,of 1 rating,$75
GALE,$1.375,1440087087402,"368,267",89% bullish,of 47 ratings,$4
GLPI,$32.81,1440087087535,"67,438",100% bearish,of 1 rating,$37.50
GPIC,$10.89,1440087087565,200,100% bearish,of 1 rating,N/A
GRMN,$39.61,1440087087609,"155,611",50% bullish,of 6 ratings,$48
GLMD,$8.62,1440087087636,"1,380",67% bullish,of 3 ratings,$20.50
GGAC,NULL,1440087087698,0,100% bearish,of 1 rating,N/A
GGACR,NULL,1440087087833,0,100% bullish,of 1 rating,N/A
GGACU,NULL,1440087087962,0,Not yet rated,NULL,N/A
GARS,$14.77,1440087087989,"5,434",Not yet rated,NULL,$16
GFN,$3.75,1440087088047,"16,559",100% bearish,of 2 ratings,$8
GENC,$9.43,1440087088076,200,100% bearish,of 1 rating,N/A
GGACW,$0.12,1440087088102,500,Not yet rated,NULL,N/A
GNCMA,$17.14,1440087088133,"27,564",100% bearish,of 1 rating,$12
GFNCP,NULL,1440087088212,0,Not yet rated,NULL,N/A
GENE,$2.58,1440087088383,"120,968",100% bullish,of 12 ratings,N/A
GNMK,$9.09,1440087088411,"30,383",67% bullish,of 6 ratings,$14
GFNSL,$25.76,1440087088438,"1,300",Not yet rated,NULL,N/A
GHDX,$25.83,1440087088480,"23,385",50% bullish,of 2 ratings,$30
GNCA,$12.71,1440087088539,"52,627",100% bearish,of 1 rating,$20
GNTX,$15.555,1440087088623,"453,491",Not yet rated,NULL,$20
THRM,$45.74,1440087088676,"72,289",75% bearish,of 4 ratings,$55.50
GNVC,$2.43,1440087088821,"1,310",90% bullish,of 10 ratings,$8.50
GEOS,$15.56,1440087088852,"55,399",100% bearish,of 3 ratings,$25.50
GTWN,$18.57,1440087088874,1,Not yet rated,NULL,N/A
GABC,$29.84,1440087089006,"3,386",Not yet rated,NULL,$31.50
GERN,$3.11,1440087089034,"276,192",88% bullish,of 16 ratings,$5.25
GEVO,$2.44,1440087089055,"141,297",75% bullish,of 12 ratings,$5
ROCK,$18.18,1440087089088,"12,440",80% bullish,of 5 ratings,$24
GIGM,$0.6302,1440087089216,"5,700",100% bullish,of 2 ratings,N/A
GIGA,$1.4,1440087089250,"4,581",100% bearish,of 1 rating,N/A
GILT,$4.5,1440087089324,"8,806",50% bullish,of 2 ratings,N/A
GILD,$114.5,1440087089354,"1,802,903",91% bullish,of 86 ratings,$129
GIII,$68.27,1440087089394,"32,661",67% bullish,of 3 ratings,$75
GBCI,$26.51,1440087089454,"70,784",50% bullish,of 2 ratings,$31
GLADO,$25.52,1440087089556,152,Not yet rated,NULL,N/A
GLAD,$8.25,1440087089582,"25,320",50% bullish,of 2 ratings,$8.75
GOODP,NULL,1440087089810,0,Not yet rated,NULL,N/A
GOOD,$15.7,1440087089840,"7,492",Not yet rated,NULL,$19
GOODN,$25.6499,1440087089862,400,Not yet rated,NULL,N/A
GOODO,NULL,1440087089902,0,Not yet rated,NULL,N/A
GAINN,$25.25,1440087089988,"15,600",Not yet rated,NULL,N/A
GAINP,$26.065,1440087090016,"1,222",Not yet rated,NULL,N/A
GAIN,$7.76,1440087090042,"39,405",100% bullish,of 2 ratings,$8.25
GAINO,$25.7499,1440087090086,200,Not yet rated,NULL,N/A
LAND,$9.54,1440087090217,"7,007",50% bullish,of 2 ratings,$13.75
GLBZ,NULL,1440087090349,0,Not yet rated,NULL,N/A
GBT,$44.76,1440087090390,"35,365",100% bearish,of 1 rating,N/A
GBLI,$26.63,1440087090494,"3,900",Not yet rated,NULL,N/A
ENT,$11.57,1440087090537,"143,770",100% bearish,of 1 rating,$18
GSOL,$8.38,1440087090592,"5,147",100% bearish,of 1 rating,N/A
GDEF,NULL,1440087090613,0,Not yet rated,NULL,N/A
GPACU,NULL,1440087090643,0,Not yet rated,NULL,N/A
ACTX,$13.78,1440087090773,751,100% bullish,of 1 rating,N/A
QQQC,$20.005,1440087090835,"7,873",100% bearish,of 1 rating,N/A
SOCL,$17.9,1440087090872,"29,435",100% bullish,of 2 ratings,N/A
SRET,$13.85,1440087090969,1,Not yet rated,NULL,N/A
ALTY,NULL,1440087091000,0,Not yet rated,NULL,N/A
GAI,$5.4001,1440087091070,"1,762",50% bullish,of 2 ratings,N/A
YLCO,$12.1099,1440087091101,100,Not yet rated,NULL,N/A
GSM,$13.57,1440087091202,"62,968",50% bullish,of 2 ratings,$24.50
GLRI,$1.163,1440087091359,"2,789",100% bearish,of 1 rating,$6
GLUU,$4.55,1440087091415,"1,287,617",92% bullish,of 26 ratings,$9
GLBS,NULL,1440087091488,0,67% bullish,of 3 ratings,N/A
GBIM,$2.2819,1440087091523,"3,082",50% bullish,of 2 ratings,N/A
GOGO,$16.08,1440087091545,"221,672",80% bullish,of 5 ratings,$25
GLYC,$7.25,1440087091567,712,50% bullish,of 2 ratings,$14
GMLP,$19.505,1440087091618,"80,007",50% bullish,of 4 ratings,$32.50
GLNG,$37.61,1440087091701,"193,837",83% bullish,of 6 ratings,$58
GLDC,NULL,1440087091829,0,50% bullish,of 2 ratings,N/A
GOGL,$3.24,1440087091901,"94,214",75% bullish,of 4 ratings,$5
GDEN,$8.95,1440087091933,"4,795",50% bullish,of 2 ratings,N/A
GBDC,$16.5,1440087091995,"18,642",Not yet rated,NULL,$17.75
GTIM,$6.4101,1440087092032,"38,825",Not yet rated,NULL,$11.50
GOOGL,$683.7799,1440087092168,"461,030",88% bullish,of 1079 ratings,$749
GPRO,$51.535,1440087092195,"2,944,015",78% bullish,of 58 ratings,$72
GOOG,$650.78,1440087092225,"438,656",89% bullish,of 65 ratings,$825
GPIA,NULL,1440087092368,0,Not yet rated,NULL,N/A
GPIAW,NULL,1440087092429,0,Not yet rated,NULL,N/A
GPIAU,NULL,1440087092460,0,Not yet rated,NULL,N/A
GMAN,$4.5385,1440087092482,"22,722",60% bullish,of 5 ratings,$8
LOPE,$36.71,1440087092514,"57,493",100% bearish,of 2 ratings,$50
GRVY,NULL,1440087092562,0,50% bullish,of 2 ratings,N/A
GBSN,$2.12,1440087092719,"36,083",100% bearish,of 1 rating,$8.25
GBSNU,$17.05,1440087092802,"2,350",Not yet rated,NULL,N/A
GLDD,$5.505,1440087092859,"45,097",100% bearish,of 4 ratings,$7.75
GRBK,$13.86,1440087092886,"48,179",77% bullish,of 13 ratings,N/A
GNBC,$12.75,1440087092933,"3,175",100% bearish,of 1 rating,$17
GPP,$14.65,1440087093018,"9,600",Not yet rated,NULL,$20.50
GLRE,$26.15,1440087093098,"55,439",100% bullish,of 1 rating,$41
GSBC,$40.9,1440087093131,"7,196",100% bullish,of 1 rating,$44
GPRE,$20.3,1440087093198,"169,109",67% bullish,of 6 ratings,$28.50
GCBC,NULL,1440087093225,0,100% bullish,of 1 rating,N/A
GRPN,$4.055,1440087093400,"2,234,162",61% bullish,of 71 ratings,$6.75
GRIF,NULL,1440087093433,0,100% bearish,of 1 rating,N/A
GRFS,$31.45,1440087093455,"23,577",50% bullish,of 2 ratings,$35
OMAB,$40.7,1440087093542,"6,442",100% bullish,of 1 rating,$44
GGAL,$18.99,1440087093589,"89,430",80% bullish,of 5 ratings,$40
GSIT,$4.85,1440087093716,"6,432",100% bearish,of 1 rating,N/A
GSIG,$13.355,1440087093745,"3,960",100% bearish,of 2 ratings,N/A
GTXI,$0.9169,1440087093800,"33,795",100% bullish,of 5 ratings,$.75
GSVC,$9.3,1440087093833,"18,298",50% bullish,of 2 ratings,$14.50
GBNK,$15.92,1440087093855,"9,618",100% bearish,of 1 rating,$18
GFED,NULL,1440087093944,0,Not yet rated,NULL,$17
GULTU,$0.3052,1440087093988,"2,900,542",100% bearish,of 1 rating,N/A
GUID,$8.05,1440087094014,"41,849",100% bearish,of 3 ratings,$10
GPOR,$34.18,1440087094180,"252,283",75% bullish,of 4 ratings,$55
GURE,$1.735,1440087094207,"18,618",88% bullish,of 8 ratings,N/A
GIFI,$12.67,1440087094229,"20,080",100% bearish,of 1 rating,$16
GWPH,$106.05,1440087094438,"106,315",78% bullish,of 9 ratings,$148.50
HLG,NULL,1440087094475,0,100% bearish,of 1 rating,N/A
GWGH,$7.55,1440087094505,200,100% bearish,of 1 rating,$15.05
GYRO,$3,1440087094573,"4,726",100% bearish,of 1 rating,N/A
HEES,$16.4968,1440087094601,"96,128",67% bearish,of 3 ratings,$31
HALL,$11.6899,1440087094630,"2,354",Not yet rated,NULL,N/A
HNRG,$7.24,1440087094656,"73,804",100% bearish,of 1 rating,$10
HBK,$13.72,1440087094814,550,50% bullish,of 2 ratings,N/A
HMPR,$1.95,1440087094843,"175,454",100% bullish,of 1 rating,N/A
HALO,$18.11,1440087094873,"302,530",67% bullish,of 3 ratings,$22.50
HBHC,$27.46,1440087095009,"61,642",50% bullish,of 2 ratings,$30
HNH,$28.58,1440087095039,"6,997",100% bullish,of 1 rating,N/A
HBHCL,$24.5899,1440087095078,"10,916",Not yet rated,NULL,N/A
HAFC,$24.82,1440087095115,"21,216",100% bullish,of 2 ratings,$28.50
HQCL,$9.89,1440087095247,"4,988",67% bullish,of 3 ratings,N/A
HNSN,$0.503,1440087095276,"23,263",88% bullish,of 8 ratings,$.40
HDNG,$10.382,1440087095329,618,50% bullish,of 4 ratings,N/A
HLIT,$5.72,1440087095382,"53,052",100% bearish,of 1 rating,$6.50
HRMNU,NULL,1440087095486,0,Not yet rated,NULL,N/A
HRMN,NULL,1440087095518,0,Not yet rated,NULL,N/A
HRMNW,NULL,1440087095546,0,Not yet rated,NULL,N/A
HART,$0.6177,1440087095576,"56,088",100% bearish,of 1 rating,N/A
TINY,$2.4836,1440087095683,"6,802",50% bullish,of 2 ratings,$5.26
HBIO,$4.375,1440087095710,"8,644",Not yet rated,NULL,$10
HCAP,$12.16,1440087095786,"2,945",50% bullish,of 2 ratings,$15
HCAPL,$25.5,1440087095913,814,Not yet rated,NULL,N/A
HAS,$78.56,1440087095939,"187,466",63% bullish,of 8 ratings,$84.50
HA,$24.93,1440087096017,"166,217",67% bullish,of 9 ratings,$27
HCOM,$22.63,1440087096087,254,100% bearish,of 1 rating,$28
HWKN,$36.915,1440087096160,"3,118",Not yet rated,NULL,N/A
HDS,$33.8539,1440087096190,"237,366",100% bearish,of 2 ratings,$39.50
HAYN,$39,1440087096245,"25,493",100% bearish,of 1 rating,$59
HWBK,$13.49,1440087096325,328,100% bearish,of 1 rating,N/A
HIIQ,$4.58,1440087096359,"6,450",50% bullish,of 2 ratings,$7
HCSG,$34.3299,1440087096457,"33,297",50% bullish,of 4 ratings,$35
HQY,$31.8,1440087096489,"36,750",67% bullish,of 3 ratings,$31
HSTM,$25,1440087096541,"21,778",50% bullish,of 2 ratings,$33.75
HWAY,$12.58,1440087096594,"77,078",100% bearish,of 1 rating,$15
HTLF,$36.76,1440087096698,"9,627",100% bullish,of 1 rating,$39.50
HTLD,$20.82,1440087096755,"104,105",Not yet rated,NULL,$22.50
HTWR,$85.61,1440087096827,"28,390",50% bullish,of 2 ratings,$103
HSII,$20.46,1440087096893,"25,002",100% bullish,of 3 ratings,$25
HTBX,$5.26,1440087096963,"12,158",50% bullish,of 2 ratings,$15.50
HMNY,$2.29,1440087096996,"1,100",100% bearish,of 1 rating,N/A
HNNA,$23.02,1440087097022,"4,148",Not yet rated,NULL,N/A
HMTV,$12.97,1440087097053,806,100% bearish,of 1 rating,$16
HELE,$89.4,1440087097093,"56,588",67% bearish,of 3 ratings,$100
HCACU,$10.02,1440087097300,200,Not yet rated,NULL,N/A
HSIC,$144.22,1440087097361,"58,900",83% bullish,of 6 ratings,$146
HERO,$0.0699,1440087097387,"526,126",81% bullish,of 16 ratings,$.75
HTBK,$10.83,1440087097433,"9,405",Not yet rated,NULL,$12
HEOP,$7.79,1440087097623,"4,452",Not yet rated,NULL,$8.50
HFWA,$18.07,1440087097651,"3,842",100% bullish,of 1 rating,$20
MLHR,$28.94,1440087097781,"38,957",50% bullish,of 2 ratings,$33.50
HRTX,$33.6,1440087097812,"192,150",67% bullish,of 6 ratings,$41
HCCI,$12.018,1440087097839,"2,754",100% bearish,of 1 rating,$16.50
HSKA,$34.07,1440087097939,"7,090",100% bearish,of 1 rating,$38
HFFC,$16.209,1440087097972,"2,302",Not yet rated,NULL,N/A
HIBB,$39.82,1440087098002,"68,616",100% bearish,of 1 rating,$48.50
HPJ,$2.6691,1440087098176,"12,150",75% bullish,of 4 ratings,$12.43
HIMX,$6.77,1440087098213,"788,109",86% bullish,of 21 ratings,$8.50
HIHO,$4.2,1440087098269,"4,020",Not yet rated,NULL,N/A
HIFS,$118.35,1440087098405,461,Not yet rated,NULL,N/A
HSGX,$6.38,1440087098444,"1,600",100% bearish,of 1 rating,$17
HMSY,$9.29,1440087098474,"235,614",67% bullish,of 3 ratings,$19.35
HOLI,$17.46,1440087098502,"115,765",50% bullish,of 4 ratings,$27
HMNF,NULL,1440087098539,0,Not yet rated,NULL,N/A
HOLX,$41.39,1440087098631,"301,213",67% bullish,of 3 ratings,$42
HBCP,$24.24,1440087098730,"1,200",Not yet rated,NULL,$29
HOMB,$39.94,1440087098760,"29,737",Not yet rated,NULL,$41
AWAY,$30.62,1440087098831,"209,729",67% bullish,of 3 ratings,$36
HFBL,$21.8,1440087098894,"6,661",Not yet rated,NULL,N/A
HMIN,$29.26,1440087098922,"49,163",100% bearish,of 2 ratings,$35
HTBI,$18.41,1440087099056,"12,541",67% bullish,of 3 ratings,$18.625
HMST,$21.64,1440087099077,"35,966",100% bullish,of 2 ratings,$27
HKTV,$4.9101,1440087099161,"15,500",100% bearish,of 1 rating,N/A
HOFT,$24.98,1440087099244,"9,560",100% bearish,of 1 rating,N/A
HFBC,$11.5,1440087099350,"3,400",Not yet rated,NULL,N/A
HBNC,$24.683,1440087099480,"16,549",100% bullish,of 1 rating,$27
CETC,$0.811,1440087099507,"53,201",86% bullish,of 7 ratings,N/A
HZNP,$30.66,1440087099529,"395,151",85% bullish,of 20 ratings,$40
ZINC,$7.58,1440087099563,"168,388",100% bearish,of 1 rating,$17
HRZN,$10.8628,1440087099589,"22,357",100% bearish,of 1 rating,$14.25
HDP,$25.53,1440087099726,"117,852",67% bearish,of 3 ratings,$30.50
HMHC,$22.28,1440087099754,"131,330",Not yet rated,NULL,$27
HWCC,$7.28,1440087099783,"15,513",100% bearish,of 1 rating,$9
HBMD,NULL,1440087099963,0,100% bearish,of 1 rating,N/A
HOVNP,NULL,1440087099990,0,100% bearish,of 1 rating,N/A
HTGM,$5.85,1440087100122,"8,084",100% bearish,of 1 rating,$19.50
HSNI,$62.49,1440087100153,"59,645",Not yet rated,NULL,$80
HUBG,$40.07,1440087100175,"45,500",100% bearish,of 1 rating,$43
HSON,$2.9495,1440087100212,"4,361",100% bearish,of 1 rating,$5
HCBK,$9.96,1440087100261,"467,249",83% bullish,of 6 ratings,$8.61
HDSN,$2.978,1440087100346,"38,224",100% bullish,of 1 rating,$6.25
HBAN,$11.435,1440087100374,"1,817,447",76% bullish,of 17 ratings,$12.50
HURN,$74.92,1440087100538,"26,069",50% bullish,of 2 ratings,$80
HBANP,$1358,1440087100567,79,100% bearish,of 1 rating,N/A
HURC,$30.07,1440087100594,"5,107",100% bearish,of 1 rating,N/A
HTCH,$1.65,1440087100628,"25,080",100% bearish,of 1 rating,$3.50
HBP,$3.14,1440087100705,300,100% bullish,of 1 rating,N/A
HDRA,$9.69,1440087100739,100,Not yet rated,NULL,N/A
HDRAR,$0.3701,1440087100838,"1,700",Not yet rated,NULL,N/A
HDRAU,$10.1,1440087100909,"5,825",Not yet rated,NULL,N/A
HDRAW,NULL,1440087100971,0,Not yet rated,NULL,N/A
HYGS,$7.45,1440087101039,"12,382",50% bullish,of 2 ratings,$13
IACI,$72.2,1440087101068,"270,071",75% bullish,of 4 ratings,$90
IDSY,$3.8792,1440087101131,"6,988",100% bearish,of 1 rating,$7
IKGH,$1.71,1440087101220,"2,700",75% bullish,of 4 ratings,N/A
IBKC,$61.71,1440087101305,"31,405",100% bullish,of 1 rating,$70
IEP,$70.1188,1440087101333,"50,343",75% bullish,of 4 ratings,$99
ICAD,$3.503,1440087101362,"6,550",50% bullish,of 2 ratings,$7.25
ICLR,$80.61,1440087101547,"92,747",100% bearish,of 3 ratings,$85
ICFI,$36.45,1440087101602,"38,499",50% bullish,of 2 ratings,$48.50
ICUI,$120.62,1440087101627,"10,540",Not yet rated,NULL,$122
ICON,$12.81,1440087101691,"108,536",50% bullish,of 2 ratings,$18.50
INVE,$4.68,1440087101758,"26,309",75% bullish,of 4 ratings,$4
IPWR,$7.5,1440087101825,"5,540",100% bullish,of 1 rating,$15
IDRA,$2.5836,1440087101852,"516,891",89% bullish,of 9 ratings,$6.50
IDXX,$77.17,1440087101983,"133,680",100% bearish,of 1 rating,$77
DSKY,$11.74,1440087102014,"225,723",67% bullish,of 6 ratings,$11.50
IRG,$4.72,1440087102073,"4,860",100% bearish,of 1 rating,$4.50
IROQ,NULL,1440087102113,0,100% bullish,of 1 rating,N/A
RXDX,$12.83,1440087102246,"61,636",100% bullish,of 1 rating,$20
KANG,$15.513,1440087102315,"152,914",50% bullish,of 2 ratings,$22.55
IIVI,$17.76,1440087102347,"40,553",100% bearish,of 1 rating,$22
IKNX,NULL,1440087102389,0,100% bearish,of 1 rating,N/A
IKAN,$2.72,1440087102451,"20,102",83% bullish,of 6 ratings,$5
ILMN,$202.435,1440087102545,"209,627",80% bullish,of 5 ratings,$240
IMMR,$11.51,1440087102572,"93,582",80% bullish,of 5 ratings,$15.50
ISNS,$4.1,1440087102704,"9,651",50% bullish,of 2 ratings,N/A
IMDZ,$16.43,1440087102785,"15,750",100% bearish,of 1 rating,$33
IMNP,$1.49,1440087102814,"30,794",50% bullish,of 2 ratings,$6
ICCC,$8.15,1440087102849,"5,916",100% bullish,of 1 rating,N/A
IMGN,$13.04,1440087102919,"241,472",75% bullish,of 4 ratings,$17.50
IMMU,$1.7562,1440087102951,"180,659",86% bullish,of 7 ratings,$2
IPXL,$44.88,1440087103022,"191,117",67% bullish,of 3 ratings,$46.50
IMMY,$7.48,1440087103048,"8,188",100% bearish,of 1 rating,$11
SAAS,$7.68,1440087103232,"125,406",50% bullish,of 2 ratings,$15
INCR,$43.825,1440087103261,"112,874",50% bullish,of 2 ratings,$53
INCY,$111.19,1440087103311,"199,635",50% bullish,of 6 ratings,$125.50
INDB,$47.35,1440087103338,"9,663",Not yet rated,NULL,$44
IBCP,$14.48,1440087103360,"9,092",100% bullish,of 1 rating,$14.50
INFN,$22.63,1440087103503,"1,028,170",71% bullish,of 7 ratings,$28
IBTX,$43.23,1440087103533,"6,784",100% bullish,of 2 ratings,$47.25
IDSA,NULL,1440087103558,0,Not yet rated,NULL,N/A
INFI,$9.22,1440087103704,"164,227",50% bullish,of 4 ratings,$18
IFON,$1.1801,1440087103730,"122,295",75% bullish,of 4 ratings,N/A
IPCC,$81.75,1440087103763,"8,604",Not yet rated,NULL,$77.50
III,$4.26,1440087103793,"18,565",57% bullish,of 7 ratings,$6
IMKTA,$54.81,1440087103926,"29,021",100% bearish,of 1 rating,N/A
INWK,$7.525,1440087104004,"22,173",50% bullish,of 2 ratings,$10
INNL,$12.63,1440087104036,588,100% bearish,of 1 rating,$16.50
IPHS,$49.02,1440087104105,"14,045",100% bearish,of 1 rating,$60
INOD,$2.4911,1440087104131,"17,993",100% bearish,of 1 rating,N/A
IOSP,$46.44,1440087104210,"24,463",100% bearish,of 1 rating,N/A
ISSC,$2.93,1440087104366,"8,862",67% bearish,of 3 ratings,N/A
ITEK,$15.1,1440087104412,"141,700",100% bearish,of 3 ratings,$20
INGN,$49.72,1440087104439,"51,680",100% bearish,of 1 rating,$50.50
INOV,$21.12,1440087104461,"104,721",100% bearish,of 1 rating,$33
INO,$7.37,1440087104514,"403,397",89% bullish,of 18 ratings,$20
NSIT,$26.58,1440087104658,"28,628",50% bullish,of 2 ratings,N/A
ISIG,$2.5992,1440087104721,"5,300",100% bearish,of 1 rating,N/A
INSM,$26.56,1440087104798,"38,969",71% bullish,of 7 ratings,$31.50
PODD,$29.39,1440087104831,"147,476",50% bullish,of 2 ratings,$35
IIIN,$17.85,1440087104853,"26,321",100% bearish,of 2 ratings,N/A
NTEC,$6.03,1440087104985,"12,278",Not yet rated,NULL,N/A
INSY,$33.46,1440087105014,"154,745",75% bullish,of 4 ratings,$48
IART,$61.185,1440087105046,"65,720",100% bearish,of 1 rating,$71.50
IDTI,$17.955,1440087105144,"766,293",60% bullish,of 5 ratings,$25
IESC,$7.08,1440087105207,"1,500",100% bearish,of 1 rating,N/A
ISSI,$22.34,1440087105239,"97,609",67% bullish,of 3 ratings,$19.75
INTC,$28.01,1440087105281,"6,871,939",82% bullish,of 238 ratings,$36
IPCI,$2.145,1440087105431,"18,203",67% bullish,of 6 ratings,$7.75
IQNT,$19.318,1440087105499,"198,511",86% bullish,of 7 ratings,$20
ININ,$40,1440087105528,"25,309",67% bearish,of 3 ratings,$57
IPAR,$28.35,1440087105550,"8,758",67% bullish,of 3 ratings,$38
IBKR,$40.77,1440087105581,"152,427",100% bullish,of 1 rating,N/A
ICPT,$202.5,1440087105712,"82,479",70% bullish,of 10 ratings,$359.50
ICLD,$1.7699,1440087105738,"137,251",75% bullish,of 4 ratings,N/A
ICLDW,NULL,1440087105766,0,100% bearish,of 1 rating,N/A
IDCC,$48.8475,1440087105792,"50,712",80% bullish,of 5 ratings,$63
INAP,$8.705,1440087105974,"44,167",75% bullish,of 4 ratings,$11
IMI,$2,1440087106003,"1,600",67% bullish,of 3 ratings,$2.22
TILE,$25.32,1440087106037,"97,558",67% bearish,of 3 ratings,$27
IBOC,$26.32,1440087106170,"34,185",100% bearish,of 1 rating,N/A
IGLD,$7.25,1440087106197,712,50% bullish,of 2 ratings,N/A
ISCA,$32.48,1440087106219,"9,367",100% bearish,of 1 rating,N/A
IIJI,$10.14,1440087106252,100,50% bullish,of 2 ratings,$11.50
PTNT,$3,1440087106383,810,Not yet rated,NULL,N/A
INPH,$0.3,1440087106446,"10,718",50% bullish,of 2 ratings,N/A
XENT,$28.32,1440087106525,"42,724",50% bullish,of 2 ratings,$36.50
ISIL,$10.53,1440087106577,"155,869",50% bullish,of 6 ratings,$15
IILG,$21.02,1440087106608,"18,676",100% bearish,of 1 rating,$30.50
INTX,$2.42,1440087106670,"4,318",67% bullish,of 3 ratings,N/A
IVAC,$4.93,1440087106712,"5,400",Not yet rated,NULL,$6.625
INTLL,NULL,1440087106742,0,Not yet rated,NULL,N/A
INTL,$27.2101,1440087106841,"19,394",67% bearish,of 3 ratings,N/A
ITCI,$29.485,1440087106969,"135,671",75% bearish,of 4 ratings,$40
INTU,$104.475,1440087106995,"232,410",100% bullish,of 7 ratings,$110.50
IIN,$6.42,1440087107068,510,100% bearish,of 1 rating,$12
ISRG,$521.3399,1440087107127,"32,375",67% bullish,of 3 ratings,$600
INVT,$0.29,1440087107155,"10,377",67% bullish,of 3 ratings,N/A
ISTR,$15.69,1440087107292,4,100% bearish,of 1 rating,$18.50
ITIC,NULL,1440087107350,0,100% bearish,of 2 ratings,N/A
ISBC,$12.04,1440087107393,"616,804",100% bullish,of 1 rating,$13.25
SNAK,$8.61,1440087107422,"14,428",50% bullish,of 2 ratings,$14
IVTY,$12.016,1440087107448,"8,709",Not yet rated,NULL,$18
IPAS,$1.0621,1440087107582,"12,468",67% bullish,of 3 ratings,N/A
NVIV,$11.1,1440087107654,"118,462",50% bullish,of 4 ratings,$24.50
DTUL,NULL,1440087107714,0,Not yet rated,NULL,N/A
IPGP,$88.62,1440087107871,"56,155",100% bearish,of 2 ratings,$109.50
DFVL,NULL,1440087107898,0,Not yet rated,NULL,N/A
IPCM,$79.17,1440087107928,"101,789",50% bullish,of 2 ratings,$80.125
IRMD,$25.3405,1440087108029,"15,153",67% bearish,of 3 ratings,$25
IRDMB,$264.29,1440087108123,20,67% bearish,of 3 ratings,N/A
IRDM,$6.78,1440087108164,"100,286",60% bullish,of 5 ratings,$11.50
IRWD,$11.47,1440087108253,"415,357",100% bearish,of 1 rating,$13
IRIX,$7.21,1440087108280,"12,900",100% bearish,of 1 rating,N/A
IRBT,$30.145,1440087108301,"32,437",67% bullish,of 6 ratings,$37
COMT,$33.0988,1440087108336,"4,000",100% bearish,of 1 rating,N/A
IRCP,$33.5,1440087108364,957,100% bullish,of 2 ratings,N/A
GNMA,$50.18,1440087108493,"2,126",Not yet rated,NULL,N/A
FCHI,$47.9,1440087108674,470,Not yet rated,NULL,N/A
IFGL,$29.6501,1440087108722,"9,612",Not yet rated,NULL,N/A
IFAS,$28.84,1440087108748,300,Not yet rated,NULL,N/A
IFEU,$39.44,1440087108806,"3,035",Not yet rated,NULL,N/A
ACWX,$41.82,1440087108890,"288,513",100% bearish,of 1 rating,N/A
IFNA,$55.47,1440087108938,"2,600",Not yet rated,NULL,N/A
ACWI,$57.75,1440087109033,"248,393",Not yet rated,NULL,N/A
AAIT,$30.2135,1440087109069,306,100% bullish,of 1 rating,N/A
EEMA,$51.1172,1440087109166,"5,347",Not yet rated,NULL,N/A
AXJS,NULL,1440087109194,0,Not yet rated,NULL,N/A
AAXJ,$54.13,1440087109236,"664,957",Not yet rated,NULL,N/A
EMDI,$45.33,1440087109324,500,Not yet rated,NULL,N/A
EMEY,$24.3966,1440087109366,500,Not yet rated,NULL,N/A
EEME,NULL,1440087109391,0,100% bearish,of 1 rating,N/A
EGRW,$47,1440087109573,"1,737",Not yet rated,NULL,N/A
EEML,$28.308,1440087109625,"1,120",Not yet rated,NULL,N/A
EVAL,$36.3,1440087109764,"3,982",Not yet rated,NULL,N/A
EUFN,$22.59,1440087109839,"64,229",100% bearish,of 1 rating,N/A
IEUS,$46.58,1440087109868,"1,697",100% bearish,of 1 rating,N/A
IBB,$360.4,1440087109890,"333,903",63% bullish,of 8 ratings,N/A
QAT,NULL,1440087109912,0,Not yet rated,NULL,N/A
UAE,$17.95,1440087109944,"1,450",Not yet rated,NULL,N/A
SOXX,$82.35,1440087110165,"264,630",50% bullish,of 2 ratings,N/A
EMIF,$29.17,1440087110192,"1,370",Not yet rated,NULL,N/A
INDY,$29.15,1440087110227,"171,654",100% bullish,of 1 rating,N/A
ICLN,$9.7235,1440087110257,"11,047",50% bullish,of 2 ratings,N/A
WOOD,$50.313,1440087110292,"4,626",50% bullish,of 2 ratings,N/A
ISIS,$49.515,1440087110356,"291,382",53% bullish,of 15 ratings,$67
ISHG,$79.39,1440087110393,"1,498",100% bearish,of 1 rating,N/A
IGOV,$91.1498,1440087110496,"5,813",100% bearish,of 1 rating,N/A
ISRL,$136.99,1440087110630,121,100% bearish,of 1 rating,N/A
ISLE,$17.7,1440087110781,"76,756",50% bullish,of 4 ratings,$16
ITRI,$32.67,1440087110834,"64,741",Not yet rated,NULL,$37
XXIA,$15.75,1440087110915,"82,179",71% bullish,of 7 ratings,$14.625
IXYS,$10.69,1440087110964,"59,586",50% bullish,of 4 ratings,N/A
ITRN,$24.81,1440087111004,"1,763",50% bullish,of 2 ratings,N/A
ITUS,$4.35,1440087111063,"3,400",Not yet rated,NULL,N/A
JJSF,$118.06,1440087111089,"8,228",100% bearish,of 1 rating,N/A
JBHT,$79.26,1440087111228,"215,548",50% bullish,of 4 ratings,$89.50
JKHY,$70.8305,1440087111260,"50,654",50% bullish,of 2 ratings,$72
MAYS,$59,1440087111289,100,Not yet rated,NULL,N/A
JASO,$7.89,1440087111332,"353,478",82% bullish,of 17 ratings,$10
JCOM,$72.28,1440087111393,"19,537",100% bullish,of 2 ratings,$77
JACK,$85.039,1440087111467,"110,227",83% bullish,of 6 ratings,$105
JXSB,NULL,1440087111613,0,Not yet rated,NULL,N/A
JAGX,$2.95,1440087111775,300,Not yet rated,NULL,N/A
JAKK,$9.69,1440087111804,"312,151",60% bearish,of 5 ratings,$10.50
JMBA,$13.59,1440087111829,"27,474",75% bullish,of 4 ratings,$18
JAXB,$13.22,1440087111851,15,100% bullish,of 1 rating,N/A
ERW,NULL,1440087111887,0,Not yet rated,NULL,N/A
JASN,$4.865,1440087111986,"21,152",50% bullish,of 2 ratings,$9.50
JRVR,$26.795,1440087112062,"4,711",Not yet rated,NULL,$32
JAZZ,$184.41,1440087112125,"74,077",80% bullish,of 15 ratings,$206.50
JASNW,$0.25,1440087112152,"5,000",50% bullish,of 2 ratings,N/A
JD,$25.53,1440087112191,"2,805,366",75% bullish,of 16 ratings,$36
JBLU,$23.235,1440087112226,"1,507,400",94% bullish,of 16 ratings,$27
JTPY,$3,1440087112393,"1,516",100% bearish,of 1 rating,N/A
JCTCF,NULL,1440087112526,0,100% bullish,of 1 rating,N/A
DATE,$6.49,1440087112560,"83,266",75% bullish,of 4 ratings,$9
JST,$4.15,1440087112582,"26,648",75% bullish,of 4 ratings,N/A
JBSS,$48.34,1440087112675,"8,978",67% bearish,of 3 ratings,N/A
JIVE,$4.1,1440087112713,"193,295",75% bullish,of 4 ratings,$5
JOEZ,$0.185,1440087112739,"101,115",92% bullish,of 12 ratings,N/A
WYIGU,$10.0524,1440087112780,400,Not yet rated,NULL,N/A
JNP,$9.74,1440087112953,"9,185",100% bullish,of 3 ratings,$15
JOUT,$24.53,1440087113025,"2,505",100% bearish,of 1 rating,$34
KTWO,$21.66,1440087113054,"64,054",100% bearish,of 1 rating,$28.50
JUNO,$39.68,1440087113127,"435,537",73% bullish,of 11 ratings,$71.50
KALU,$84.15,1440087113257,"30,696",67% bearish,of 3 ratings,$91
KMDA,$3.6642,1440087113304,"6,815",50% bullish,of 2 ratings,$8
KBIO,$1.9401,1440087113331,"31,886",50% bullish,of 4 ratings,N/A
KNDI,$7.48,1440087113463,"146,762",86% bullish,of 22 ratings,N/A
KBSF,$3.9,1440087113518,"1,750",100% bullish,of 1 rating,N/A
KPTI,$13.27,1440087113547,"89,230",67% bearish,of 3 ratings,$39
KCLI,$47.6,1440087113569,"2,916",Not yet rated,NULL,N/A
KCAP,$4.7701,1440087113598,"31,831",75% bullish,of 4 ratings,$6
KELYA,$14.88,1440087113772,"27,423",67% bullish,of 6 ratings,$20
KRNY,$11.59,1440087113801,"151,015",100% bearish,of 1 rating,$12
KELYB,NULL,1440087113858,0,50% bullish,of 2 ratings,N/A
KMPH,$21.23,1440087113942,"13,997",100% bearish,of 2 ratings,$22
KERX,$5.7056,1440087113969,"350,679",82% bullish,of 11 ratings,$12
KFFB,NULL,1440087113990,0,100% bearish,of 1 rating,N/A
GMCR,$50.5908,1440087114157,"673,541",71% bullish,of 42 ratings,$64
KEQU,$16.8501,1440087114315,800,100% bullish,of 1 rating,N/A
KTEC,$12,1440087114349,424,Not yet rated,NULL,N/A
