Symbol,Price,Date,Volume,Rating,RatingVoteCount,OneYearEstimate
PIH,$7.39,1439921702818,"8,273",100% bearish,of 1 rating,N/A
TFSC,NULL,1439921702844,0,100% bearish,of 1 rating,N/A
TFSCR,NULL,1439921702876,0,Not yet rated,NULL,N/A
FCCY,$11.5999,1439921702898,"2,342",100% bullish,of 1 rating,$13
FCTY,$7.45,1439921702929,300,100% bullish,of 1 rating,$8.50
TFSCW,$0.22,1439921702950,4,100% bearish,of 1 rating,N/A
FLWS,$9.71,1439921702972,"73,845",100% bullish,of 5 ratings,$15
TFSCU,NULL,1439921703004,0,Not yet rated,NULL,N/A
USLV,$13.46,1439921703232,"395,648",86% bullish,of 7 ratings,N/A
SRCE,$31.14,1439921703271,"9,109",100% bullish,of 3 ratings,$33
DSLV,$67.58,1439921703292,"34,782",100% bearish,of 1 rating,N/A
DGLD,$85.2701,1439921703328,"3,528",100% bullish,of 1 rating,N/A
VNET,$21.01,1439921703349,"132,851",60% bullish,of 5 ratings,$29.50
TWOU,$35.21,1439921703393,"217,140",50% bullish,of 2 ratings,$39
JOBS,$28.04,1439921703484,"41,167",50% bullish,of 4 ratings,$36
UGLD,$8.88,1439921703510,"125,671",100% bearish,of 1 rating,N/A
SIXD,$2.5,1439921703842,"45,206",Not yet rated,NULL,N/A
AAON,$23.09,1439921703873,"50,430",100% bearish,of 1 rating,$24
EGHT,$8.57,1439921703929,"99,362",82% bullish,of 17 ratings,$11
AVHI,$14.31,1439921703955,"9,090",100% bearish,of 1 rating,$19
ABAX,$48.06,1439921703989,"46,400",100% bearish,of 1 rating,$60
CAFD,$15.2699,1439921704030,"118,199",Not yet rated,NULL,$25
ABY,$21.54,1439921704058,"170,270",100% bearish,of 2 ratings,$46
SHLM,$35.85,1439921704086,"68,236",100% bearish,of 1 rating,$50
ABGB,$4.69,1439921704218,"56,762",67% bullish,of 3 ratings,$5.50
ABEOW,$2.2,1439921704311,202,100% bullish,of 1 rating,N/A
ABEO,$5.33,1439921704339,"82,728",67% bullish,of 3 ratings,$15.50
ABMD,$105.15,1439921704468,"204,008",75% bullish,of 4 ratings,$86
ACTG,$8.645,1439921704496,"101,363",67% bullish,of 3 ratings,$18.50
AXAS,$1.7099,1439921704521,"369,691",78% bullish,of 9 ratings,$3.50
ACAD,$38.65,1439921704659,"267,327",85% bullish,of 20 ratings,$48
ACHC,$82.05,1439921704684,"133,171",50% bullish,of 2 ratings,$92
ACST,$0.38,1439921704814,"3,186",100% bullish,of 2 ratings,N/A
ARAY,$6.08,1439921704846,"393,715",100% bearish,of 1 rating,$10.50
XLRN,$30.95,1439921704872,"83,841",50% bullish,of 2 ratings,$57
AXDX,$18.89,1439921704915,"51,548",100% bearish,of 1 rating,N/A
ANCX,$19.2,1439921704944,"11,274",Not yet rated,NULL,$19
VXUP,$17.0299,1439921705078,575,Not yet rated,NULL,N/A
ACRX,$4.37,1439921705103,"71,859",67% bearish,of 6 ratings,$5.50
VXDN,$14.86,1439921705158,615,Not yet rated,NULL,N/A
ACET,$25.13,1439921705262,"22,406",75% bullish,of 4 ratings,$30
AKAO,$7.025,1439921705290,"36,875",75% bullish,of 4 ratings,$15
ACHN,$8.659,1439921705315,"1,434,691",90% bullish,of 21 ratings,$16
ACIW,$22.94,1439921705540,"81,300",50% bullish,of 2 ratings,$24
ACOR,$31.56,1439921705608,"54,523",67% bearish,of 3 ratings,$38.50
ACTS,NULL,1439921705635,0,100% bearish,of 1 rating,N/A
ACPW,$1.865,1439921705690,"6,600",100% bullish,of 4 ratings,$3.50
ATVI,$29.275,1439921705767,"1,558,790",68% bullish,of 84 ratings,$31.50
ACTA,$13.55,1439921705865,"37,076",67% bearish,of 3 ratings,$25
ACNB,$20.36,1439921705895,700,Not yet rated,NULL,N/A
ACXM,$21.1,1439921705956,"107,728",67% bullish,of 3 ratings,N/A
ACUR,$0.6,1439921705996,"13,700",100% bullish,of 5 ratings,$1
ADMS,$21.41,1439921706053,"18,775",100% bearish,of 2 ratings,$36
ADMP,$3.8425,1439921706190,"34,243",50% bullish,of 2 ratings,$10
ADAP,$15.58,1439921706231,"69,286",67% bullish,of 3 ratings,$22
ADUS,$30.535,1439921706338,"49,959",100% bearish,of 1 rating,$31
ADEP,$7.29,1439921706397,"6,382",50% bullish,of 2 ratings,$10.75
AEY,$2.29,1439921706429,"2,825",100% bearish,of 2 ratings,N/A
ADBE,$86.26,1439921706529,"358,368",65% bullish,of 17 ratings,$90
ADMA,$9.605,1439921706555,"8,231",Not yet rated,NULL,$19
ADTN,$16.23,1439921706586,"89,602",67% bullish,of 3 ratings,$17.125
AMD,$1.79,1439921706757,"3,083,286",83% bullish,of 102 ratings,$2
ADRO,$21.53,1439921706782,"100,093",80% bullish,of 5 ratings,$45.50
AEIS,$26.2999,1439921706834,"52,724",50% bullish,of 2 ratings,$32.50
ADXS,$16.2175,1439921706863,"217,048",64% bullish,of 14 ratings,$27
ADXSW,$11.7899,1439921706965,"2,120",100% bullish,of 1 rating,N/A
MULT,NULL,1439921707098,0,100% bearish,of 1 rating,N/A
YPRO,$23.05,1439921707153,700,100% bearish,of 1 rating,N/A
AEGR,$18.78,1439921707180,"218,351",50% bullish,of 6 ratings,$26
AEGN,$18.35,1439921707322,"23,030",100% bearish,of 1 rating,$21
AEHR,$2.2,1439921707406,6,50% bullish,of 2 ratings,N/A
AEPI,$57.53,1439921707484,"6,478",100% bearish,of 1 rating,N/A
AMTX,$3.32,1439921707535,"2,635",50% bullish,of 2 ratings,$26.11
AERI,$16.01,1439921707562,"136,905",75% bullish,of 4 ratings,$31.50
AVAV,$25.796,1439921707633,"54,584",50% bullish,of 4 ratings,$31
AEZS,$0.1286,1439921707717,"8,666,905",90% bullish,of 21 ratings,$1.625
AEMD,$6.83,1439921707776,"10,843",Not yet rated,NULL,$27.50
AFMD,$11.59,1439921707811,"61,407",50% bullish,of 4 ratings,$15
AFFX,$9.87,1439921707853,"230,688",80% bullish,of 5 ratings,$12
AGEN,$7.5,1439921708081,"303,007",85% bullish,of 13 ratings,$14
AGRX,$8.7,1439921708108,"5,225",100% bearish,of 1 rating,$18
AGYS,$9.52,1439921708187,"8,770",100% bearish,of 1 rating,N/A
AGFSW,$2.2,1439921708274,"38,531",100% bearish,of 1 rating,N/A
AGIO,$95.3,1439921708378,"140,780",88% bullish,of 8 ratings,$114
AGFS,$10.44,1439921708410,"40,430",100% bearish,of 1 rating,N/A
AIMT,$23.33,1439921708439,"77,191",Not yet rated,NULL,N/A
AIRM,$40,1439921708464,"65,200",80% bearish,of 5 ratings,$53
AIRT,$22.5,1439921708515,"1,018",100% bullish,of 1 rating,N/A
AMCN,$5.04,1439921708710,"269,023",83% bullish,of 6 ratings,N/A
ATSG,$9.63,1439921708795,"31,526",67% bullish,of 3 ratings,$13
AKAM,$74.03,1439921708825,"381,272",63% bullish,of 8 ratings,$77
AKBA,$6.8,1439921708856,"96,243",100% bearish,of 1 rating,$18
AIXG,$5.967,1439921708929,"5,883",67% bearish,of 3 ratings,$6
AKRX,$43.7199,1439921708959,"188,813",78% bullish,of 9 ratings,$56
AKER,$3.0201,1439921709061,"146,506",Not yet rated,NULL,N/A
ALRM,$17,1439921709194,"60,538",100% bearish,of 1 rating,$22
ALSK,$2.15,1439921709280,"44,631",78% bullish,of 18 ratings,$2
AMRI,$20.72,1439921709341,"74,387",75% bearish,of 4 ratings,$24
ALDR,$38.01,1439921709409,"150,815",67% bearish,of 3 ratings,$62
ABDC,$12.949,1439921709441,"9,305",Not yet rated,NULL,$15
ALDX,$8.1,1439921709510,"11,510",100% bearish,of 1 rating,$14.50
ALXN,$188.08,1439921709541,"329,170",88% bullish,of 8 ratings,$223
ALXA,$1.16,1439921709645,"5,853",83% bullish,of 6 ratings,$2.125
ADHD,$9.14,1439921709678,"110,156",50% bullish,of 4 ratings,$18
ALCO,$42.85,1439921709781,"2,506",50% bullish,of 2 ratings,N/A
ALGN,$60.58,1439921709841,"143,919",100% bearish,of 2 ratings,$73
ALIM,$3.77,1439921709984,"23,645",80% bullish,of 5 ratings,$10
ALKS,$68.47,1439921710069,"168,084",67% bullish,of 3 ratings,$75
ALGT,$229.78,1439921710115,"71,447",100% bearish,of 1 rating,$235
ALLB,$23.62,1439921710206,"2,963",Not yet rated,NULL,N/A
AIQ,$14.8199,1439921710314,"2,042",67% bullish,of 3 ratings,N/A
AFOP,$18.72,1439921710339,"13,482",75% bullish,of 8 ratings,$21
AHGP,$35.962,1439921710393,"10,619",67% bullish,of 3 ratings,N/A
AMOT,$16.95,1439921710539,"25,150",100% bearish,of 1 rating,N/A
AHPI,$1.45,1439921710568,300,50% bullish,of 2 ratings,N/A
ARLP,$24.455,1439921710603,"37,930",67% bearish,of 3 ratings,$32
ALLT,$5.04,1439921710669,"69,934",75% bullish,of 4 ratings,$6.25
ALQA,$4.6257,1439921710695,"5,835",75% bullish,of 4 ratings,$8.50
MDRX,$14.2,1439921710777,"626,913",60% bullish,of 5 ratings,$16
AFAM,$49.298,1439921710849,"25,318",50% bullish,of 2 ratings,$44
ALNY,$110.35,1439921710940,"234,707",67% bullish,of 3 ratings,$148.50
AOSL,$7.2,1439921710986,"30,972",67% bullish,of 3 ratings,$9
ALTR,$49.065,1439921711142,"642,707",80% bearish,of 5 ratings,$54
SMCP,NULL,1439921711173,0,Not yet rated,NULL,N/A
ATEC,$0.6,1439921711246,"63,014",100% bullish,of 1 rating,$2
AMAG,$64.08,1439921711342,"120,732",100% bullish,of 2 ratings,$75
AIMC,$26.35,1439921711378,"25,340",100% bearish,of 1 rating,$28.50
ASPS,$29.62,1439921711474,"52,778",67% bullish,of 3 ratings,$46.50
AMRN,$2.26,1439921711504,"375,689",85% bullish,of 39 ratings,$8
AYA,$22.99,1439921711610,"15,400",100% bearish,of 1 rating,$40
AMZN,$535.025,1439921711669,"651,405",81% bullish,of 262 ratings,$646
AMRK,$10.4,1439921711717,"13,348",50% bullish,of 2 ratings,$14
AMBC,$16.79,1439921711863,"86,021",100% bearish,of 1 rating,$16.50
AMBA,$106.59,1439921711932,"538,011",83% bullish,of 12 ratings,$102.50
AMBCW,$8.1563,1439921711956,600,100% bearish,of 1 rating,N/A
AMCX,$73.73,1439921712192,"331,963",67% bullish,of 3 ratings,$85.50
EPAX,$2.67,1439921712226,"437,460",100% bearish,of 1 rating,N/A
DOX,$60.41,1439921712247,"162,265",100% bullish,of 2 ratings,$60
AMED,$45.69,1439921712326,"72,060",100% bearish,of 1 rating,$42
AMDA,$0.4935,1439921712380,"384,299",90% bullish,of 10 ratings,$1
UHAL,$382,1439921712407,"8,935",100% bullish,of 2 ratings,$393.50
ASBI,$22.715,1439921712429,"3,007",Not yet rated,NULL,N/A
ATAX,$5.28,1439921712560,"59,567",100% bullish,of 1 rating,$6.50
AAL,$43.44,1439921712589,"2,732,816",93% bullish,of 87 ratings,$57
AMOV,$18.7384,1439921712696,"2,619",100% bearish,of 1 rating,N/A
AGNC,$19.835,1439921712842,"1,196,842",75% bullish,of 28 ratings,$22
AGNCB,$24.16,1439921712877,"6,700",Not yet rated,NULL,N/A
AGNCP,$25.346,1439921713080,"7,579",Not yet rated,NULL,N/A
MTGEP,$24.5,1439921713155,"1,500",Not yet rated,NULL,N/A
MTGE,$15.92,1439921713214,"92,432",75% bullish,of 4 ratings,$19.50
ANCI,$1.6912,1439921713244,"1,128",100% bearish,of 1 rating,N/A
AETI,$3.8,1439921713283,4,67% bearish,of 3 ratings,N/A
ACSF,$12.78,1439921713346,"20,767",100% bearish,of 1 rating,$15
ACAS,$14.305,1439921713378,"358,127",60% bullish,of 5 ratings,$16.75
AMIC,NULL,1439921713478,0,Not yet rated,NULL,N/A
AMNB,$23.17,1439921713660,"4,974",Not yet rated,NULL,$25.50
ANAT,$104.29,1439921713743,"5,598",100% bullish,of 1 rating,N/A
APEI,$22.24,1439921713796,"41,552",100% bearish,of 1 rating,$29
ARII,$40.13,1439921713821,"64,077",67% bearish,of 3 ratings,$45
AMRB,$10.0101,1439921713849,604,Not yet rated,NULL,$11
ASEI,$39.37,1439921713991,"33,447",100% bearish,of 1 rating,$52.50
ABCB,$28.3,1439921714135,"42,569",Not yet rated,NULL,$30.50
AMWD,$66.16,1439921714199,"38,827",50% bullish,of 2 ratings,$58
CRMT,$44.87,1439921714224,"6,489",100% bearish,of 1 rating,$49
AMSF,$50.98,1439921714365,"25,978",Not yet rated,NULL,$57.50
AMSC,$3.955,1439921714391,"26,154",50% bullish,of 4 ratings,N/A
AMSWA,$9.37,1439921714417,"7,077",100% bearish,of 2 ratings,$10.75
ATLO,$23.5,1439921714442,104,Not yet rated,NULL,N/A
ASRVP,NULL,1439921714631,0,Not yet rated,NULL,N/A
FOLD,$16.4,1439921714902,"402,437",56% bullish,of 9 ratings,$21
AMGN,$167.64,1439921714945,"689,302",89% bullish,of 19 ratings,$185
AMKR,$4.33,1439921715003,"316,086",100% bearish,of 2 ratings,$5
ASRV,$3.3,1439921715134,704,100% bullish,of 2 ratings,N/A
ANAD,$0.3775,1439921715368,"344,743",100% bullish,of 2 ratings,$.50
AMSG,$85.22,1439921715406,"97,041",100% bearish,of 1 rating,$85.50
AMSGP,NULL,1439921715436,0,Not yet rated,NULL,N/A
AMPH,$14.7,1439921715461,"84,097",50% bullish,of 2 ratings,$20
ASYS,$5.64,1439921715499,"17,547",67% bullish,of 3 ratings,$12
AFSI,$63.25,1439921715531,"226,299",60% bullish,of 5 ratings,$72
ALOG,$83.19,1439921715634,"20,710",100% bearish,of 2 ratings,$100.50
ADI,$57.77,1439921715664,"1,038,922",67% bullish,of 3 ratings,$68
ANAC,$134.4,1439921715796,"152,421",80% bullish,of 5 ratings,$180.50
AMRS,$1.6435,1439921715829,"39,740",70% bullish,of 10 ratings,N/A
ANCB,$22.48,1439921715927,100,Not yet rated,NULL,$23
ABCW,$40.5234,1439921715953,"4,139",67% bullish,of 3 ratings,N/A
ANGI,$4.33,1439921716122,"399,383",64% bullish,of 11 ratings,$5.50
AMCF,$0.24,1439921716154,"22,681",100% bullish,of 7 ratings,N/A
ANIK,$36.11,1439921716187,"45,146",60% bullish,of 5 ratings,$51.25
ANIP,$55.25,1439921716209,"152,042",89% bullish,of 19 ratings,$66
ANSS,$97.53,1439921716256,"157,764",100% bearish,of 1 rating,$100
ANGO,$14.91,1439921716282,"15,250",67% bullish,of 3 ratings,$19
ATRS,$1.88,1439921716437,"149,766",92% bullish,of 12 ratings,$4.50
ANTH,$9.23,1439921716539,"281,020",80% bullish,of 10 ratings,$13
ATNY,$2.36,1439921716568,"3,042",50% bullish,of 2 ratings,$3.75
APIC,$7.6,1439921716645,"38,413",100% bearish,of 1 rating,$19
ABAC,$0.8701,1439921716671,"2,500",100% bearish,of 1 rating,N/A
APOG,$54.23,1439921716803,"72,275",100% bullish,of 1 rating,$62
AAPL,$116.8853,1439921716941,"13,829,499",86% bullish,of 2333 ratings,$150
AINV,$6.66,1439921717011,"770,715",50% bullish,of 4 ratings,$8
APPF,$17.82,1439921717039,"31,223",50% bullish,of 2 ratings,$22
ARCI,$1.28,1439921717069,"10,364",Not yet rated,NULL,N/A
APOL,$11.66,1439921717091,"252,396",87% bearish,of 68 ratings,$14
APDN,$3.25,1439921717123,"83,641",Not yet rated,NULL,$9
APDNW,$1.25,1439921717258,"7,300",Not yet rated,NULL,N/A
AGTC,$15.42,1439921717291,"44,598",50% bullish,of 2 ratings,$33
AMAT,$16.51,1439921717500,"4,558,104",82% bullish,of 11 ratings,$23
AMCC,$5.54,1439921717528,"344,007",80% bullish,of 5 ratings,$8
AAOI,$21.91,1439921717558,"122,971",50% bullish,of 4 ratings,$26
AREX,$2.6,1439921717666,"199,834",100% bearish,of 1 rating,$3
AQMS,$5.35,1439921717695,"11,668",Not yet rated,NULL,N/A
APRI,$1.16,1439921717801,"51,374",83% bullish,of 6 ratings,$4.86
APTO,$5.17,1439921717827,"3,127",Not yet rated,NULL,$17
AQXP,$18.78,1439921717854,"347,643",50% bullish,of 2 ratings,$2
AUMA,$9.8799,1439921717988,600,Not yet rated,NULL,N/A
AUMAU,NULL,1439921718017,0,Not yet rated,NULL,N/A
AUMAW,NULL,1439921718182,0,Not yet rated,NULL,N/A
ARDM,NULL,1439921718220,0,100% bullish,of 1 rating,$26
PETX,$17.02,1439921718241,"92,359",100% bearish,of 2 ratings,$26
ARCW,$3.7106,1439921718317,"2,303",100% bearish,of 2 ratings,$10.50
ABUS,$8.1,1439921718344,"187,820",86% bullish,of 14 ratings,$23
ABIO,$0.92,1439921718534,"54,678",50% bullish,of 2 ratings,$3.75
RKDA,$5.66,1439921718605,"20,230",100% bearish,of 2 ratings,$10
ACAT,$29.22,1439921718698,"73,562",100% bearish,of 3 ratings,$33
ARCB,$32.35,1439921718880,"46,064",50% bullish,of 2 ratings,$39.50
ACGL,$73.92,1439921718907,"72,518",50% bullish,of 2 ratings,$72
ARDX,$19.67,1439921718933,"150,175",50% bullish,of 2 ratings,$22
ARNA,$3.2314,1439921718963,"868,711",90% bullish,of 77 ratings,$5.50
AGII,$58.44,1439921719064,"29,864",Not yet rated,NULL,$58
ARGS,$4.6,1439921719119,"4,535",50% bullish,of 2 ratings,$19.50
ARCC,$16.02,1439921719146,"250,384",67% bearish,of 3 ratings,$17.875
AGIIL,$25.3,1439921719172,"10,761",Not yet rated,NULL,N/A
ARKR,NULL,1439921719336,0,50% bullish,of 2 ratings,N/A
ARIS,$3.5,1439921719362,"4,300",Not yet rated,NULL,$4.50
ARIA,$7.3979,1439921719491,"619,915",87% bullish,of 46 ratings,$9
ARTX,$1.553,1439921719648,"38,658",88% bullish,of 16 ratings,$4.50
ARWAR,NULL,1439921719674,0,Not yet rated,NULL,N/A
ARWA,NULL,1439921719739,0,Not yet rated,NULL,N/A
ARMH,$43.075,1439921719770,"1,444,722",54% bearish,of 13 ratings,$61
ARWAW,NULL,1439921719808,0,Not yet rated,NULL,N/A
ARWAU,NULL,1439921719878,0,100% bullish,of 1 rating,N/A
ARRY,$5.72,1439921719939,"326,745",100% bullish,of 7 ratings,$10
ARQL,$1.695,1439921719964,"12,575",75% bullish,of 4 ratings,$5
DWAT,NULL,1439921720180,0,100% bearish,of 1 rating,N/A
ARRS,$27.645,1439921720233,"157,418",50% bullish,of 2 ratings,$38
AROW,$27.49,1439921720260,"5,342",Not yet rated,NULL,N/A
ARTNA,$22.4795,1439921720318,"6,488",100% bearish,of 1 rating,$29
ARWR,$5.78,1439921720390,"600,139",75% bullish,of 4 ratings,$10.50
ARTW,$4.45,1439921720530,700,75% bearish,of 4 ratings,N/A
ASND,$17.49,1439921720595,"17,054",100% bullish,of 1 rating,$30
ASTI,$0.1565,1439921720633,"1,109,809",83% bullish,of 6 ratings,$3
ASCMA,$28.02,1439921720673,"57,428",100% bearish,of 1 rating,$45
ASBB,NULL,1439921720698,0,Not yet rated,NULL,N/A
ASNA,$12.285,1439921720765,"584,690",50% bullish,of 2 ratings,$18
APWC,$2.07,1439921720803,100,100% bearish,of 1 rating,N/A
ASML,$92.92,1439921720895,"530,160",67% bullish,of 3 ratings,$127
ASMI,$39.03,1439921720920,590,50% bullish,of 2 ratings,N/A
AZPN,$39.04,1439921721152,"336,221",50% bullish,of 2 ratings,$42
ASMB,$13.98,1439921721180,"30,191",67% bullish,of 3 ratings,N/A
ASFI,$9.0503,1439921721205,"1,775",100% bullish,of 1 rating,N/A
ASTC,$2.4,1439921721385,"10,923",100% bullish,of 5 ratings,N/A
ASTE,$37.63,1439921721418,"13,913",100% bearish,of 1 rating,$48
ALOT,$13.9999,1439921721485,100,100% bearish,of 1 rating,N/A
ASUR,$5.9,1439921721512,"1,015",Not yet rated,NULL,$8
ATRA,$49.47,1439921721585,"73,453",50% bullish,of 2 ratings,$68
ATAI,$3.15,1439921721714,"1,860",100% bearish,of 1 rating,N/A
AFCB,NULL,1439921721771,0,Not yet rated,NULL,N/A
ATRO,$57.48,1439921721820,"51,206",100% bearish,of 2 ratings,$80
ATHN,$139.47,1439921721903,"72,251",67% bearish,of 3 ratings,$153
ATHX,$1.175,1439921722006,"41,992",89% bullish,of 9 ratings,$5
AAPC,$10.18,1439921722141,14,Not yet rated,NULL,N/A
AAME,$3.51,1439921722171,100,Not yet rated,NULL,N/A
ACFC,$6.57,1439921722193,"33,585",Not yet rated,NULL,$6.50
AAWW,$45.25,1439921722332,"88,636",50% bullish,of 2 ratings,$65
ATLC,$3.94,1439921722412,"2,595",67% bullish,of 3 ratings,N/A
ATNI,$75.53,1439921722490,"25,204",100% bearish,of 1 rating,$69.50
AFH,$17.1,1439921722548,"22,961",Not yet rated,NULL,$21.50
ATRC,$27.52,1439921722576,"27,782",100% bullish,of 1 rating,$30
ATOS,$0.8961,1439921722709,"198,566",100% bullish,of 7 ratings,$7
ATML,$7.6679,1439921722740,"2,455,544",78% bullish,of 9 ratings,$9.50
ATRI,$394.4,1439921722793,"1,150",Not yet rated,NULL,N/A
ATRM,$2.8501,1439921722841,600,50% bullish,of 2 ratings,N/A
LIFE,$15.1408,1439921723032,"17,908",86% bullish,of 7 ratings,$43
ATTU,$15.15,1439921723062,"12,126",100% bearish,of 1 rating,$20.50
AUBN,$27,1439921723168,250,Not yet rated,NULL,N/A
AUDC,$3.32,1439921723305,"48,185",80% bullish,of 5 ratings,$5
EARS,$5.02,1439921723331,"1,200",100% bearish,of 2 ratings,$12
AUPH,$3.51,1439921723352,"16,364",100% bearish,of 1 rating,$8
ABTL,$19.08,1439921723529,"27,152",100% bullish,of 4 ratings,$20.25
ADSK,$54.5,1439921723559,"331,173",83% bullish,of 6 ratings,$69.50
AVGO,$122.63,1439921723586,"625,485",88% bullish,of 8 ratings,$160
ADAT,$0.12,1439921723718,"10,692",100% bullish,of 2 ratings,N/A
AAVL,$11.07,1439921723747,"298,908",100% bearish,of 1 rating,$20
AVEO,$1.625,1439921723850,"2,203,112",75% bullish,of 8 ratings,$3
AVNW,$1.12,1439921723980,"9,808",50% bullish,of 2 ratings,$2.20
ADP,$84.73,1439921724010,"1,041,498",100% bearish,of 1 rating,$88
AVNU,$12.99,1439921724036,"227,266",Not yet rated,NULL,$14
AVID,$8.58,1439921724111,"128,499",100% bearish,of 1 rating,$20
AVGR,$15.355,1439921724243,"11,217",100% bearish,of 1 rating,$20
AWRE,$3.33,1439921724268,"6,850",67% bullish,of 3 ratings,N/A
CAR,$46.71,1439921724327,"810,684",80% bullish,of 5 ratings,$60
AXGN,$3.9499,1439921724459,"10,253",Not yet rated,NULL,$5
ACLS,$3.215,1439921724490,"250,058",67% bullish,of 6 ratings,$4.75
AXPWW,NULL,1439921724531,0,Not yet rated,NULL,N/A
AXPW,$1.17,1439921724587,"134,874",83% bullish,of 6 ratings,N/A
RILY,$9.9999,1439921724681,"1,200",Not yet rated,NULL,N/A
AXTI,$2.2204,1439921724779,"10,182",50% bullish,of 2 ratings,$2.75
BCOM,$20,1439921724807,1,100% bearish,of 1 rating,N/A
BOSC,$2.32,1439921724872,"2,080",50% bullish,of 2 ratings,N/A
BIDU,$167.1026,1439921725010,"1,756,144",81% bullish,of 88 ratings,$215
BEAV,$51.08,1439921725070,"194,163",67% bearish,of 3 ratings,$59
BWINA,$23.35,1439921725154,100,Not yet rated,NULL,N/A
BLDP,$1.325,1439921725198,"61,195",91% bullish,of 22 ratings,$2.50
BCPC,$60.755,1439921725228,"60,108",100% bearish,of 1 rating,$75
BWINB,$23.16,1439921725293,200,Not yet rated,NULL,N/A
BANF,$63.46,1439921725324,"9,372",Not yet rated,NULL,$68
BKMU,$7.28,1439921725393,"11,038",Not yet rated,NULL,$8
BANFP,NULL,1439921725422,0,Not yet rated,NULL,N/A
BOCH,$5.78,1439921725526,"2,872",Not yet rated,NULL,$6.50
BKSC,$16.1199,1439921725731,"1,442",Not yet rated,NULL,N/A
BOTJ,$11.5,1439921725778,516,Not yet rated,NULL,N/A
BMRC,$49.1,1439921725807,"3,403",Not yet rated,NULL,$52
BWFG,NULL,1439921725861,0,100% bearish,of 1 rating,N/A
BFIN,$12.2599,1439921725891,"7,150",Not yet rated,NULL,$13
OZRK,$43.38,1439921725994,"113,010",67% bullish,of 3 ratings,$49.50
BANR,$47.3,1439921726138,"9,753",100% bullish,of 3 ratings,$50
BZUN,$7.77,1439921726207,"98,149",50% bullish,of 2 ratings,$13.85
BHAC,NULL,1439921726273,0,Not yet rated,NULL,N/A
BHACR,NULL,1439921726298,0,Not yet rated,NULL,N/A
TAPR,$31.76,1439921726330,"2,387",100% bearish,of 1 rating,N/A
BHACU,$10.15,1439921726383,"2,000",Not yet rated,NULL,N/A
BHACW,NULL,1439921726451,0,Not yet rated,NULL,N/A
BSET,$31.23,1439921726727,"32,760",100% bearish,of 1 rating,$35
BYLK,$12.95,1439921726752,"42,700",Not yet rated,NULL,$14
BBSI,$37.08,1439921726785,"38,912",67% bearish,of 3 ratings,$62.50
BYBK,$5.07,1439921726918,"26,905",100% bearish,of 1 rating,N/A
BBCN,$15.59,1439921726944,"118,902",100% bearish,of 1 rating,$16
BV,$5.3,1439921727076,"137,772",67% bullish,of 6 ratings,$9
BDCV,$5.0069,1439921727105,"5,730",100% bearish,of 1 rating,$10.19
BSF,$9.1725,1439921727131,"6,284",Not yet rated,NULL,N/A
BCBP,$11.749,1439921727154,"2,412",Not yet rated,NULL,N/A
BBGI,$5,1439921727295,1,100% bearish,of 1 rating,N/A
BECN,$36.1,1439921727371,"54,960",50% bullish,of 2 ratings,$40
BEBE,$1.81,1439921727397,"23,171",75% bullish,of 4 ratings,$3.075
BELFA,$17.2199,1439921727471,435,100% bearish,of 1 rating,N/A
BELFB,$20.09,1439921727624,"2,500",100% bearish,of 1 rating,N/A
BBBY,$63.41,1439921727650,"503,433",71% bullish,of 7 ratings,$75
BLPH,$5.8299,1439921727725,"59,797",100% bearish,of 1 rating,$12.50
BNTC,$7.7,1439921727829,"302,890",100% bullish,of 1 rating,N/A
BLCM,$18.35,1439921727891,"113,735",50% bullish,of 4 ratings,$40
BNCL,$13.02,1439921727919,"114,672",100% bullish,of 3 ratings,$12.50
BNFT,$39.345,1439921727959,"38,079",67% bullish,of 3 ratings,$46
BGFV,$11.15,1439921728150,"25,468",57% bullish,of 7 ratings,$12
BGCP,$9.61,1439921728187,"328,672",88% bullish,of 8 ratings,$14
BGMD,$0.88,1439921728219,"167,180",100% bullish,of 10 ratings,N/A
ORPN,$5.75,1439921728250,"5,100",100% bullish,of 1 rating,$28.50
BIND,$4.51,1439921728271,"21,378",67% bullish,of 3 ratings,$13.50
BASI,$1.4705,1439921728307,"21,201",Not yet rated,NULL,N/A
BCDA,NULL,1439921728356,0,Not yet rated,NULL,N/A
BIOC,$1.9499,1439921728602,"153,139",83% bullish,of 6 ratings,$3.70
BIOD,$0.6593,1439921728671,"112,028",80% bullish,of 5 ratings,$4
BDSI,$6.655,1439921728701,"384,258",88% bullish,of 8 ratings,$17
BCRX,$12.015,1439921728803,"180,202",63% bullish,of 8 ratings,$18
BIOL,$1.602,1439921728936,"28,326",Not yet rated,NULL,N/A
BLFS,$2.1199,1439921728964,"66,940",100% bearish,of 1 rating,$4.75
BIIB,$312.35,1439921728985,"369,233",88% bullish,of 16 ratings,$400
BLRX,$1.5476,1439921729017,"81,404",100% bullish,of 12 ratings,$5
BMRN,$136.84,1439921729048,"140,549",80% bullish,of 5 ratings,$160
BVXVW,NULL,1439921729150,0,100% bearish,of 1 rating,N/A
BVXV,$4.1,1439921729222,"2,639",Not yet rated,NULL,N/A
BIOS,$1.5,1439921729453,"515,452",71% bullish,of 7 ratings,$4
BRLI,$35.11,1439921729488,"100,797",83% bullish,of 6 ratings,N/A
BBP,$34.655,1439921729587,"20,838",Not yet rated,NULL,N/A
BBC,$32.93,1439921729617,"37,280",Not yet rated,NULL,N/A
BSPM,$0.7,1439921729691,"15,603",50% bullish,of 2 ratings,N/A
BPTH,$1.14,1439921729717,"19,003",100% bullish,of 2 ratings,$5
BSTC,$53.62,1439921729847,"57,132",100% bearish,of 1 rating,$76
BOTA,$2.345,1439921729875,"27,254",88% bullish,of 8 ratings,N/A
TECH,$105.85,1439921729895,"70,986",100% bullish,of 1 rating,$117
BDMS,NULL,1439921730029,0,100% bearish,of 1 rating,N/A
BITI,$19.34,1439921730061,"6,504",100% bullish,of 1 rating,$28
BEAT,$12.29,1439921730163,"126,320",67% bearish,of 3 ratings,$15
BJRI,$46.38,1439921730199,"98,514",50% bullish,of 2 ratings,$55
BDE,$7.5,1439921730300,"70,228",50% bullish,of 2 ratings,$9
BLKB,$62.94,1439921730385,"23,474",100% bearish,of 2 ratings,$66
BBOX,$15.6,1439921730467,"20,103",100% bearish,of 1 rating,N/A
BBRY,$7.555,1439921730555,"1,140,458",61% bullish,of 330 ratings,$9
BKCC,$9.5137,1439921730693,"60,301",100% bullish,of 2 ratings,$10
HAWK,$45.19,1439921730720,"203,858",90% bullish,of 10 ratings,$49
ADRA,NULL,1439921730741,0,Not yet rated,NULL,N/A
ADRE,$31.41,1439921730797,"3,678",Not yet rated,NULL,N/A
ADRD,NULL,1439921730875,0,100% bearish,of 1 rating,N/A
ADRU,NULL,1439921731042,0,100% bearish,of 1 rating,N/A
BLMN,$21.74,1439921731106,"344,340",83% bullish,of 6 ratings,$27.50
BCOR,$13.7,1439921731134,"126,412",57% bullish,of 7 ratings,$15
BUFF,$26.5,1439921731173,"247,470",83% bullish,of 12 ratings,$33
BLBD,$13,1439921731261,"3,300",Not yet rated,NULL,N/A
BBLU,$0.8002,1439921731347,"174,416",100% bullish,of 2 ratings,$4.43
NILE,$34.72,1439921731647,"32,473",50% bullish,of 2 ratings,$34
BHBK,$14.38,1439921731686,"17,466",100% bullish,of 1 rating,$14.50
BKEP,$6.93,1439921731780,"11,969",100% bearish,of 1 rating,$8.50
BLUE,$130.67,1439921731811,"151,749",86% bullish,of 7 ratings,$217.50
BKEPP,$7.88,1439921731838,"3,313",100% bearish,of 1 rating,N/A
BPMC,$30.09,1439921731884,"66,062",50% bullish,of 2 ratings,$47.50
BOFI,$131.29,1439921731912,"46,511",100% bullish,of 6 ratings,$137.50
BNCN,$21.99,1439921732049,"15,966",Not yet rated,NULL,$23
BOJA,$22.17,1439921732273,"59,142",100% bullish,of 1 rating,$30
BOBE,$45.97,1439921732353,"25,852",75% bullish,of 4 ratings,$57
WIFI,$8.86,1439921732385,"166,150",50% bullish,of 2 ratings,$13.50
BOKF,$65.84,1439921732408,"26,779",100% bearish,of 1 rating,$71
BAMM,$3.2199,1439921732455,"3,890",60% bullish,of 5 ratings,N/A
BNSO,$1.4,1439921732483,"6,700",100% bearish,of 1 rating,N/A
BONA,$12.15,1439921732560,"188,775",75% bullish,of 4 ratings,$8.50
BPFH,$12.46,1439921732728,"75,530",100% bearish,of 1 rating,$14
BPFHP,NULL,1439921732791,0,100% bearish,of 1 rating,N/A
EPAY,$26.76,1439921732869,"43,086",100% bearish,of 2 ratings,$30
BCLI,$3.15,1439921732968,"202,687",80% bullish,of 5 ratings,$12
BPFHW,NULL,1439921732995,0,100% bearish,of 1 rating,N/A
BDBD,$8.84,1439921733021,"277,429",60% bullish,of 5 ratings,$10
BBRG,$13.14,1439921733156,"17,249",67% bullish,of 3 ratings,$14.50
BBEPP,$13.706,1439921733188,"17,583",100% bearish,of 1 rating,N/A
BBEP,$2.495,1439921733290,"1,372,765",69% bullish,of 13 ratings,$5.625
BDGE,$27.92,1439921733365,"7,868",Not yet rated,NULL,$31.75
BRID,$8.83,1439921733434,"5,188",100% bearish,of 1 rating,N/A
BLIN,NULL,1439921733461,0,50% bullish,of 2 ratings,$2.80
BCOV,$5.56,1439921733491,"20,188",67% bullish,of 3 ratings,$10.20
BRCM,$51.1,1439921733622,"681,341",75% bullish,of 12 ratings,$56
BSFT,$33.92,1439921733708,"46,098",57% bullish,of 7 ratings,$40.50
BVSN,$6,1439921733811,720,60% bearish,of 5 ratings,N/A
BWEN,$3.57,1439921733894,"13,809",100% bullish,of 3 ratings,$8
BRCD,$10.1,1439921733943,"846,811",92% bullish,of 13 ratings,$12.50
BRKR,$20.07,1439921734092,"113,354",100% bearish,of 2 ratings,$22
BYFC,$1.45,1439921734123,320,50% bullish,of 2 ratings,N/A
BRKL,$10.98,1439921734156,"117,745",100% bearish,of 1 rating,$10.75
BLMT,$21.27,1439921734227,"2,400",Not yet rated,NULL,N/A
BRKS,$10.52,1439921734254,"61,732",67% bullish,of 3 ratings,$15.25
BMTC,$29.9,1439921734286,"10,298",Not yet rated,NULL,$34
BSQR,$6.8615,1439921734392,"63,586",67% bullish,of 3 ratings,N/A
BWLD,$196.6,1439921734445,"76,618",82% bullish,of 11 ratings,$205
BLDR,$14.91,1439921734596,"628,133",50% bullish,of 2 ratings,$22
CFFI,NULL,1439921734668,0,100% bearish,of 1 rating,N/A
CHRW,$69.755,1439921734744,"436,537",Not yet rated,NULL,$72
CA,$29.54,1439921734881,"505,811",50% bullish,of 4 ratings,$33
BUR,$2.0501,1439921734908,"2,200",100% bearish,of 1 rating,$8
CCMP,$44.95,1439921734930,"46,058",50% bullish,of 2 ratings,$59
CDZI,$7.36,1439921734982,"13,934",100% bearish,of 1 rating,N/A
CACQ,$7.07,1439921735153,"7,414",100% bearish,of 1 rating,$12.25
CDNS,$21.53,1439921735233,"691,633",75% bullish,of 4 ratings,$22.50
CZR,$7.38,1439921735268,"608,010",60% bearish,of 5 ratings,$10.50
CSTE,$48.23,1439921735310,"569,774",100% bearish,of 1 rating,$65
CLMS,$11.84,1439921735367,"26,788",Not yet rated,NULL,$10.50
CLBS,$1.38,1439921735398,"42,634",79% bullish,of 14 ratings,$4
PRSS,$4.66,1439921735439,"3,237",80% bullish,of 5 ratings,$4.50
CHY,$11.95,1439921735533,"110,880",Not yet rated,NULL,N/A
CHI,$11.092,1439921735679,"120,421",100% bearish,of 1 rating,N/A
CCD,$21.36,1439921735807,"60,406",Not yet rated,NULL,N/A
CFGE,$11.15,1439921735880,6,Not yet rated,NULL,N/A
CSQ,$10.56,1439921735909,"250,081",Not yet rated,NULL,N/A
CHW,$8.07,1439921736021,"104,184",100% bearish,of 1 rating,N/A
CVGW,$54.548,1439921736124,"16,837",50% bullish,of 2 ratings,$58.50
CAMP,$16.415,1439921736162,"105,517",86% bullish,of 7 ratings,$25
CFNB,NULL,1439921736187,0,100% bearish,of 1 rating,N/A
CALD,$16.14,1439921736215,"54,717",100% bearish,of 1 rating,$20.50
CGO,$12.7892,1439921736256,"9,856",100% bearish,of 1 rating,N/A
CALA,$5.5999,1439921736389,"185,951",100% bullish,of 3 ratings,$19.50
CALM,$51.92,1439921736417,"139,336",80% bullish,of 5 ratings,$65
CLMT,$26.555,1439921736604,"65,131",75% bullish,of 8 ratings,$31
CAMB,NULL,1439921736645,0,Not yet rated,NULL,N/A
ABCD,$4.78,1439921736673,"27,557",83% bullish,of 6 ratings,N/A
CAMBU,NULL,1439921736734,0,100% bearish,of 1 rating,N/A
CAMBW,NULL,1439921737051,0,Not yet rated,NULL,N/A
CAMT,$2.94,1439921737180,"12,597",73% bullish,of 11 ratings,$4
CSIQ,$24.0201,1439921737210,"899,220",86% bullish,of 28 ratings,$45
CPHC,$10.5001,1439921737240,600,100% bearish,of 1 rating,N/A
CGIX,$11.04,1439921737262,"13,129",67% bullish,of 3 ratings,$14.375
CBF,$30.44,1439921737300,"8,388",Not yet rated,NULL,$32
CBNJ,$10.945,1439921737395,"10,575",100% bullish,of 1 rating,N/A
CAC,$40.37,1439921737424,"1,916",Not yet rated,NULL,N/A
CPLA,$49.27,1439921737502,"21,542",50% bullish,of 2 ratings,$65
CCBG,$15.11,1439921737670,400,Not yet rated,NULL,$17.25
CPLP,$7.1449,1439921737705,"160,245",71% bullish,of 7 ratings,$11
CSWC,$49.21,1439921737757,"4,398",Not yet rated,NULL,N/A
CPTA,$14.9799,1439921738022,"37,355",Not yet rated,NULL,$18.50
CFFN,$12.19,1439921738048,"250,737",Not yet rated,NULL,$12.75
CAPN,$2.7,1439921738076,"506,737",100% bullish,of 1 rating,$10.85
CAPNW,$0.7699,1439921738106,100,Not yet rated,NULL,N/A
CARA,$21.78,1439921738211,"83,292",50% bullish,of 4 ratings,$27.50
CPST,$0.3961,1439921738244,"430,711",95% bullish,of 22 ratings,$1
CAPR,$4.2,1439921738271,"26,068",Not yet rated,NULL,$12
CARB,$11.51,1439921738297,"31,534",75% bullish,of 4 ratings,$12
CBYL,$6.54,1439921738430,"10,204",100% bearish,of 1 rating,$20
CRDC,$0.3904,1439921738563,"98,333",100% bullish,of 1 rating,$1.25
CFNL,$23.54,1439921738617,"55,206",Not yet rated,NULL,$24
CRME,$9.7,1439921738651,749,89% bullish,of 9 ratings,$11.25
CATM,$35.25,1439921738798,"141,092",100% bearish,of 1 rating,$44
CSII,$24.17,1439921738828,"123,495",100% bearish,of 2 ratings,$42.125
CDNA,NULL,1439921738930,0,100% bearish,of 1 rating,$9
CTRE,$11.765,1439921738996,"250,053",50% bullish,of 2 ratings,N/A
CARO,$15.5,1439921739022,"1,555",100% bearish,of 1 rating,$19
CKEC,$23.45,1439921739080,"42,385",50% bullish,of 2 ratings,$35.915
CLBH,NULL,1439921739109,0,Not yet rated,NULL,$16.50
CECO,$3.8,1439921739209,"100,390",67% bearish,of 3 ratings,$6
CRZO,$34.84,1439921739347,"352,150",67% bearish,of 3 ratings,$57
CART,$5.45,1439921739376,100,100% bearish,of 1 rating,N/A
TAST,$13,1439921739406,"76,486",Not yet rated,NULL,$14.25
CRTN,NULL,1439921739505,0,100% bearish,of 1 rating,N/A
CARV,NULL,1439921739649,0,50% bullish,of 2 ratings,N/A
CSCD,$14.225,1439921739790,"73,067",100% bullish,of 2 ratings,$17
CACB,$5.4701,1439921739834,"7,989",Not yet rated,NULL,$5.50
CASM,$1.15,1439921739859,"27,117",100% bullish,of 1 rating,$3.50
CASY,$107.4,1439921740009,"148,294",50% bullish,of 2 ratings,$99.50
CWST,$6.36,1439921740035,"65,555",50% bullish,of 2 ratings,$7
CPRX,$4.095,1439921740240,"198,722",71% bullish,of 7 ratings,$7
CATB,$12.2,1439921740277,"23,461",100% bearish,of 1 rating,$28
CASI,$1.4999,1439921740306,"1,000",100% bullish,of 1 rating,$3.50
CATYW,NULL,1439921740331,0,100% bearish,of 1 rating,N/A
CASS,$50.71,1439921740371,"5,329",100% bearish,of 1 rating,N/A
CATY,$32.05,1439921740400,"156,103",100% bearish,of 1 rating,$33.50
CVCO,$73.655,1439921740562,"8,701",100% bearish,of 1 rating,N/A
CAVM,$72.63,1439921740625,"266,031",67% bearish,of 3 ratings,$72
CBFV,NULL,1439921740813,0,Not yet rated,NULL,N/A
CNLM,NULL,1439921740845,0,Not yet rated,NULL,N/A
CNLMR,NULL,1439921740889,0,Not yet rated,NULL,N/A
CNLMU,NULL,1439921740922,0,100% bullish,of 1 rating,N/A
CDW,$39.505,1439921741018,"271,107",75% bullish,of 4 ratings,$44
CNLMW,NULL,1439921741043,0,Not yet rated,NULL,N/A
CDK,$49.96,1439921741071,"223,951",67% bearish,of 3 ratings,$50
CBOE,$64.41,1439921741268,"81,275",Not yet rated,NULL,$60
CPXX,$2.1893,1439921741321,"74,621",100% bullish,of 2 ratings,$7
CECE,$10.3,1439921741355,"19,868",50% bullish,of 2 ratings,$16
CELG,$129.97,1439921741384,"814,361",92% bullish,of 13 ratings,$155.50
CLDN,$1.09,1439921741472,"83,862",71% bullish,of 7 ratings,$3
CELGZ,$1.9797,1439921741501,"13,791",80% bullish,of 5 ratings,N/A
CLDX,$15.76,1439921741606,"656,751",89% bullish,of 9 ratings,$36
CLRB,$3.14,1439921741756,"6,196",100% bearish,of 1 rating,N/A
CBMG,$22.52,1439921741895,"51,330",50% bullish,of 2 ratings,N/A
CLLS,$33.05,1439921741942,"44,693",75% bullish,of 4 ratings,$51.50
CLRBW,NULL,1439921741969,0,Not yet rated,NULL,N/A
CLSN,$2.2,1439921741990,"33,242",80% bullish,of 10 ratings,$7.50
CYAD,$55.27,1439921742300,100,100% bullish,of 1 rating,$87.50
CETX,$2.5372,1439921742331,"11,400",Not yet rated,NULL,$5.60
CENT,$11.76,1439921742431,"21,582",Not yet rated,NULL,$10
CEMP,$37.15,1439921742457,"166,606",71% bullish,of 7 ratings,$48.50
CETV,$2.22,1439921742489,"15,562",67% bullish,of 3 ratings,$2.80
CFBK,NULL,1439921742524,0,Not yet rated,NULL,N/A
CLTX,$1.0201,1439921742550,"2,017,492",100% bullish,of 2 ratings,N/A
CSFL,$14.29,1439921742585,"24,864",Not yet rated,NULL,$15
CENTA,$12.36,1439921742760,"43,571",Not yet rated,NULL,N/A
CVCY,$11.11,1439921742891,100,Not yet rated,NULL,$12
CENX,$5.205,1439921743053,"2,401,037",67% bullish,of 6 ratings,$9
CNTY,$6.35,1439921743163,"14,620",80% bullish,of 5 ratings,$7.75
CPHD,$51.6,1439921743184,"269,954",50% bullish,of 2 ratings,$66.50
CNBKA,$41.597,1439921743263,"1,135",100% bullish,of 1 rating,N/A
CRNT,$1.49,1439921743295,"170,506",50% bullish,of 2 ratings,$2
CERU,$3.54,1439921743320,"15,609",75% bullish,of 4 ratings,$15
CERS,$5.05,1439921743395,"378,977",75% bullish,of 4 ratings,$7
KOOL,$0.689,1439921743525,"3,611",100% bullish,of 5 ratings,$7
CERN,$65.15,1439921743551,"627,275",67% bullish,of 3 ratings,$79
CERE,$1.605,1439921743684,"270,633",88% bullish,of 8 ratings,N/A
HOTR,$1.4894,1439921743816,"90,811",100% bullish,of 2 ratings,$5
CEVA,$19.415,1439921743862,"39,567",100% bearish,of 1 rating,$25
CYOU,$20.04,1439921743944,"79,454",50% bullish,of 6 ratings,$24
CTHR,$1.215,1439921743975,"1,002",50% bullish,of 2 ratings,$2.50
HOTRW,NULL,1439921744001,0,Not yet rated,NULL,N/A
GTLS,$24.3316,1439921744082,"124,060",50% bullish,of 4 ratings,$40
CHTR,$188.3,1439921744149,"409,610",100% bearish,of 2 ratings,$196
CHKP,$82.56,1439921744283,"444,064",50% bullish,of 4 ratings,$92
CHFN,$12.52,1439921744335,"5,000",Not yet rated,NULL,$14
CHEKW,NULL,1439921744490,0,Not yet rated,NULL,N/A
CHEK,$3.16,1439921744520,"1,669",Not yet rated,NULL,$7.75
CEMI,$4.63,1439921744546,"8,304",50% bullish,of 2 ratings,$7.50
CHFC,$32.67,1439921744571,"9,556",100% bearish,of 1 rating,$36
CCXI,$7,1439921744601,"55,177",67% bullish,of 3 ratings,$14
CHMG,$26.508,1439921744700,"3,618",Not yet rated,NULL,$30
CHKE,$27.49,1439921744799,"14,216",100% bearish,of 1 rating,$32.50
CMRX,$53.04,1439921745470,"103,380",50% bullish,of 2 ratings,$57
PLCE,$61.54,1439921745497,"132,021",100% bearish,of 1 rating,$71
CADC,$3.4,1439921745519,"2,244",78% bullish,of 9 ratings,N/A
CBNK,NULL,1439921745540,0,100% bearish,of 1 rating,N/A
CHMA,$26.61,1439921745578,"61,974",Not yet rated,NULL,$40
CALI,$1.22,1439921745599,"221,094",67% bullish,of 3 ratings,N/A
CHEV,$14.7,1439921745675,"8,359",Not yet rated,NULL,N/A
CBAK,$2.26,1439921745806,"10,902",67% bullish,of 9 ratings,N/A
CBPO,$110.805,1439921745862,"90,702",75% bullish,of 8 ratings,$140.50
CCCR,$0.6602,1439921745936,"22,228",67% bearish,of 3 ratings,N/A
JRJC,$4.45,1439921745969,"84,971",82% bullish,of 11 ratings,N/A
CCCL,$0.93,1439921745996,"44,607",100% bullish,of 6 ratings,N/A
CAAS,$6.7886,1439921746017,"7,427",93% bullish,of 14 ratings,$11.50
CHOP,$1.29,1439921746069,"1,408",50% bullish,of 2 ratings,N/A
CHLN,$1.5,1439921746384,"3,527",67% bullish,of 3 ratings,N/A
CJJD,$2.12,1439921746435,"94,488",100% bullish,of 1 rating,N/A
HGSH,$1.8627,1439921746464,500,67% bullish,of 3 ratings,N/A
CNIT,$1.72,1439921746539,"70,540",67% bullish,of 6 ratings,N/A
CHNR,$2.0301,1439921746608,"2,700",100% bearish,of 1 rating,N/A
HTHT,$26.535,1439921746681,"157,346",50% bullish,of 2 ratings,$28
CPGI,$6.49,1439921746714,587,Not yet rated,NULL,N/A
CREG,$0.7992,1439921746743,"9,691",100% bullish,of 3 ratings,N/A
CSUN,$1.531,1439921746814,181,80% bullish,of 5 ratings,N/A
CXDC,$6.21,1439921746881,"16,954",67% bullish,of 3 ratings,N/A
CNTF,$0.9385,1439921747031,"41,918",Not yet rated,NULL,N/A
CCIH,$9.88,1439921747093,"62,299",67% bullish,of 6 ratings,$12.65
CNYD,NULL,1439921747122,0,67% bullish,of 3 ratings,N/A
CNET,$0.7999,1439921747148,"15,953",50% bullish,of 2 ratings,N/A
CHSCL,$27.128,1439921747307,"22,238",Not yet rated,NULL,N/A
IMOS,$15.93,1439921747333,"60,403",60% bullish,of 5 ratings,$21.50
CHSCM,$26.2499,1439921747540,"28,996",Not yet rated,NULL,N/A
CHSCO,$28.46,1439921747569,"7,335",Not yet rated,NULL,N/A
CHSCP,$30.4699,1439921747621,710,Not yet rated,NULL,N/A
CHSCN,$27.38,1439921747651,"9,793",Not yet rated,NULL,N/A
CHUY,$32.91,1439921747757,"40,371",50% bullish,of 2 ratings,$34
CDTX,$14.25,1439921747848,"19,028",Not yet rated,NULL,$22
CIFC,$7.406,1439921747923,"1,300",Not yet rated,NULL,N/A
CHDN,$138.66,1439921747952,"31,797",Not yet rated,NULL,$165
CMPR,$70.6,1439921748053,"57,628",50% bullish,of 2 ratings,$72.50
CMCT,$15.12,1439921748100,"1,490",100% bearish,of 1 rating,N/A
CIDM,$0.6715,1439921748228,"110,944",50% bullish,of 2 ratings,$2.10
CINF,$56.675,1439921748261,"146,968",50% bullish,of 4 ratings,$50.50
CTAS,$89.24,1439921748361,"113,017",100% bearish,of 1 rating,$91
CSCO,$28.3349,1439921748569,"13,621,700",84% bullish,of 208 ratings,$32
CZNC,$20.09,1439921748598,"4,149",Not yet rated,NULL,N/A
CRUS,$29.16,1439921748627,"322,875",75% bullish,of 12 ratings,$44.50
CZWI,$9.1001,1439921748701,900,Not yet rated,NULL,N/A
CZFC,NULL,1439921748806,0,Not yet rated,NULL,N/A
CIZN,NULL,1439921748852,0,Not yet rated,NULL,N/A
CTRN,$22.54,1439921748884,"63,309",100% bearish,of 1 rating,$29.50
CPHR,$6.82,1439921748986,"3,540",100% bearish,of 1 rating,$16
CTXS,$77.89,1439921749199,"340,361",86% bullish,of 7 ratings,$80
CIVB,$10.32,1439921749225,650,Not yet rated,NULL,$11
CHCO,$48.07,1439921749285,"4,897",Not yet rated,NULL,$46
CIVBP,NULL,1439921749357,0,Not yet rated,NULL,N/A
CLNT,$1.95,1439921749490,100,75% bullish,of 8 ratings,N/A
CLNE,$4.56,1439921749563,"628,700",80% bullish,of 15 ratings,$9
CLFD,$18.1,1439921749642,"10,676",67% bullish,of 3 ratings,$18
CDTI,$1.7737,1439921749669,"84,633",75% bullish,of 4 ratings,$3.20
CLRO,$11.76,1439921749802,"6,050",50% bullish,of 2 ratings,$14.25
CLIR,$5.2103,1439921749832,"27,867",100% bullish,of 3 ratings,N/A
CSBK,$14.03,1439921749857,"23,409",Not yet rated,NULL,N/A
CBLI,$3.7525,1439921750031,"11,106",60% bullish,of 5 ratings,N/A
CMFN,$11.4,1439921750059,"14,416",100% bearish,of 1 rating,$15.50
CLVS,$79.73,1439921750085,"147,165",60% bullish,of 5 ratings,$101.50
CME,$98.15,1439921750220,"293,778",67% bullish,of 3 ratings,$102
CCNE,$17.44,1439921750372,"4,478",50% bullish,of 2 ratings,$21.50
CISG,$8.36,1439921750404,"60,275",100% bullish,of 5 ratings,$10
CNV,$4.75,1439921750504,"6,701",50% bullish,of 2 ratings,$7.15
CWAY,NULL,1439921750550,0,Not yet rated,NULL,N/A
COBZ,$13,1439921750632,"11,358",100% bullish,of 1 rating,$14
COKE,$165.5,1439921750714,"12,757",79% bullish,of 19 ratings,N/A
CDRB,$13.42,1439921750795,"4,516",67% bullish,of 3 ratings,N/A
CDXS,$4.0551,1439921750886,"56,552",64% bullish,of 11 ratings,$6
JVA,$4.78,1439921750967,"8,714",83% bullish,of 6 ratings,$7
CCOI,$28.99,1439921751020,"269,275",50% bullish,of 4 ratings,$35
CGNT,$1.61,1439921751046,"22,229",100% bullish,of 2 ratings,$2
CGNX,$37.03,1439921751176,"224,104",50% bullish,of 2 ratings,$47
COHR,$58.25,1439921751307,"27,574",50% bullish,of 2 ratings,$72
CVLY,NULL,1439921751332,0,Not yet rated,NULL,N/A
CTSH,$67.7,1439921751394,"616,302",90% bullish,of 10 ratings,$74.50
CHRS,$32.4,1439921751470,"32,446",67% bearish,of 3 ratings,$37
COHU,$9.3,1439921751496,"40,407",100% bearish,of 1 rating,$14.25
CLRX,$0.5,1439921751526,"10,652",50% bullish,of 2 ratings,$1.85
CLCT,$19.813,1439921751773,"13,261",100% bearish,of 1 rating,N/A
CIGI,$47.34,1439921751877,700,100% bearish,of 1 rating,$52
COLL,$15.814,1439921751970,"32,391",100% bearish,of 1 rating,$26
CBAN,$8.75,1439921752021,"3,993",Not yet rated,NULL,N/A
COLB,$33.26,1439921752068,"71,545",Not yet rated,NULL,$36
CLCD,$8.11,1439921752093,"11,868",100% bearish,of 1 rating,$20.50
CMCO,$21.42,1439921752256,"11,106",60% bullish,of 5 ratings,$28
COLM,$66.26,1439921752293,"52,748",100% bearish,of 1 rating,$71
CMCSK,$60.4099,1439921752385,"1,009,358",Not yet rated,NULL,$84
CMCSA,$60.001,1439921752415,"3,355,209",66% bullish,of 35 ratings,$69.50
CBMX,$1.263,1439921752436,"25,116",83% bullish,of 6 ratings,$3.15
CBSHP,$25.3781,1439921752490,"2,205",100% bearish,of 1 rating,N/A
CBSH,$47.38,1439921752569,"83,256",50% bullish,of 2 ratings,$46
CVGI,$4.51,1439921752698,"117,389",50% bullish,of 2 ratings,$6
CUBN,$14,1439921752725,"4,078",Not yet rated,NULL,N/A
COMM,$31.49,1439921752802,"204,416",67% bearish,of 3 ratings,$35
ESXB,$5.09,1439921753139,"3,000",Not yet rated,NULL,N/A
CSAL,$23.285,1439921753187,"182,585",75% bullish,of 4 ratings,$30
CYHHZ,$0.012,1439921753221,"319,783",100% bullish,of 1 rating,N/A
CTBI,$35.04,1439921753242,"28,643",Not yet rated,NULL,$36
CWBC,NULL,1439921753321,0,Not yet rated,NULL,N/A
COB,$10.71,1439921753342,400,100% bullish,of 1 rating,$11.50
JCS,$9.89,1439921753375,"1,536",67% bullish,of 3 ratings,N/A
CVLT,$37.28,1439921753425,"229,234",75% bullish,of 4 ratings,$44.50
CIZ,$35.058,1439921753560,"1,796",100% bearish,of 1 rating,N/A
CID,NULL,1439921753695,0,Not yet rated,NULL,N/A
CIL,NULL,1439921753720,0,Not yet rated,NULL,N/A
CSA,$34.56,1439921753743,"1,775",Not yet rated,NULL,N/A
CDC,$36.65,1439921753897,"11,632",Not yet rated,NULL,N/A
CFO,$37.667,1439921753925,"5,982",100% bearish,of 1 rating,N/A
CSF,$38.664,1439921754002,100,100% bearish,of 1 rating,N/A
CFA,NULL,1439921754105,0,100% bearish,of 1 rating,N/A
CSB,$34.6299,1439921754194,225,Not yet rated,NULL,N/A
CDL,NULL,1439921754269,0,Not yet rated,NULL,N/A
CGEN,$5.61,1439921754334,"41,505",50% bullish,of 2 ratings,$11
CPSI,$46.06,1439921754407,"30,038",100% bearish,of 1 rating,$45.50
CTG,$6.9,1439921754472,"63,293",100% bearish,of 1 rating,$8.50
CHCI,$0.5999,1439921754548,"1,354",50% bullish,of 2 ratings,N/A
CNSI,$19.33,1439921754577,"20,722",100% bearish,of 2 ratings,$29
SCOR,$64.47,1439921754606,"86,665",100% bearish,of 1 rating,$66
CMTL,$27.855,1439921754710,"8,679",100% bearish,of 2 ratings,$37
CNAT,$4.4199,1439921754843,"100,114",83% bullish,of 6 ratings,$13
CNCE,$16.66,1439921754896,"201,778",75% bullish,of 4 ratings,$22
CXRX,$78.605,1439921754932,"4,905",Not yet rated,NULL,$90
CDORO,$18.8999,1439921755029,480,100% bearish,of 1 rating,N/A
CDOR,$1.37,1439921755056,"2,160",100% bullish,of 1 rating,N/A
CCUR,$5.1899,1439921755084,"9,086",75% bullish,of 4 ratings,N/A
CDORP,$7.18,1439921755129,200,100% bearish,of 1 rating,N/A
CFMS,$22.94,1439921755154,"133,890",Not yet rated,NULL,$27
CNMD,$57.0175,1439921755323,"34,674",Not yet rated,NULL,$59
CNFR,$10.5099,1439921755463,"15,534",Not yet rated,NULL,N/A
CTWS,$35.05,1439921755490,"6,921",100% bearish,of 1 rating,$44
CNOB,$20.21,1439921755526,"8,456",100% bullish,of 1 rating,$23.50
CNXR,$6.55,1439921755553,"29,188",100% bearish,of 1 rating,$12
CONN,$33.02,1439921755622,"127,521",67% bullish,of 3 ratings,$48.50
CNSL,$20.29,1439921755649,"44,649",100% bearish,of 1 rating,$23
CWCO,$11.77,1439921755808,"22,824",67% bullish,of 3 ratings,$14.50
CPSS,$5.725,1439921755937,"10,287",100% bullish,of 1 rating,$10
CFRX,$5.4,1439921756048,"52,063",Not yet rated,NULL,$14
CFRXW,$2.305,1439921756077,"5,857",100% bearish,of 1 rating,N/A
CTCT,$24.61,1439921756107,"125,993",67% bullish,of 3 ratings,$37
CTRV,$4.55,1439921756152,"8,541",Not yet rated,NULL,$6.40
CFRXZ,$0.8001,1439921756209,"2,401",Not yet rated,NULL,N/A
CTRL,$8.3001,1439921756236,"45,802",50% bullish,of 2 ratings,$11
CPRT,$36.61,1439921756449,"57,071",67% bearish,of 3 ratings,$40
BVA,$3.78,1439921756549,100,50% bullish,of 2 ratings,N/A
CRBP,$1.9159,1439921756576,"46,534",100% bullish,of 1 rating,$6.25
CORT,$5.4099,1439921756705,"51,905",67% bullish,of 3 ratings,$12
CORE,$64.05,1439921756800,"29,855",100% bearish,of 1 rating,$72
CSOD,$37.92,1439921756858,"143,480",50% bullish,of 2 ratings,$42
CORI,$11.65,1439921756883,"22,474",100% bearish,of 1 rating,$18
CRVL,$33.63,1439921757134,"3,808",100% bearish,of 1 rating,N/A
COSI,$1.1925,1439921757159,"19,921",100% bullish,of 1 rating,N/A
COST,$145.64,1439921757304,"342,709",83% bullish,of 24 ratings,$154.50
CSGP,$195.2,1439921757357,"32,347",50% bullish,of 2 ratings,$235
CPAH,$0.4699,1439921757378,"3,665",50% bullish,of 2 ratings,N/A
CVTI,$25.25,1439921757462,"35,321",67% bearish,of 3 ratings,$39
COVS,$2.83,1439921757524,"43,329",67% bullish,of 3 ratings,N/A
ICBK,$18.25,1439921757567,500,Not yet rated,NULL,$21
COWN,$5.49,1439921757593,"254,977",75% bullish,of 4 ratings,$7
COWNL,$27.36,1439921757780,190,Not yet rated,NULL,N/A
CPSH,$2.47,1439921757805,"1,100",Not yet rated,NULL,N/A
CRAI,$22.83,1439921757830,"3,595",Not yet rated,NULL,$36
BREW,$8.2201,1439921757987,"19,857",67% bullish,of 6 ratings,$15
CRAY,$22.49,1439921758039,"109,912",83% bullish,of 6 ratings,$38.50
CBRL,$150.652,1439921758130,"71,364",50% bullish,of 2 ratings,$155
CACC,$204.2,1439921758170,"29,259",50% bullish,of 2 ratings,$158.50
GLDI,$10.9599,1439921758207,"1,800",100% bearish,of 1 rating,N/A
SLVO,$10.2599,1439921758270,"11,109",100% bearish,of 1 rating,N/A
CREE,$27.5199,1439921758295,"753,375",65% bullish,of 17 ratings,$28.50
CRESY,$11.52,1439921758453,"34,556",100% bearish,of 1 rating,$19
CRTO,$48.03,1439921758516,"147,485",67% bullish,of 6 ratings,$64
CROX,$14.685,1439921758597,"300,621",63% bullish,of 8 ratings,$16.50
CRDS,$1.071,1439921758625,"1,274",50% bullish,of 4 ratings,$4.50
CRWN,$4.79,1439921758787,"39,186",75% bullish,of 4 ratings,N/A
CCRN,$14.72,1439921758812,"127,514",100% bearish,of 1 rating,$14.25
CRWS,$8.14,1439921758838,457,Not yet rated,NULL,$10
CYRXW,$0.9,1439921758967,"18,541",Not yet rated,NULL,N/A
CYRX,$2.99,1439921758998,"21,264",Not yet rated,NULL,$9
CCLP,$14.7901,1439921759073,"23,530",67% bearish,of 3 ratings,$21
CSGS,$32.17,1439921759099,"25,795",Not yet rated,NULL,$40
CSPI,$6.15,1439921759305,"1,445",67% bullish,of 3 ratings,N/A
CTCM,$1.78,1439921759406,"291,246",80% bearish,of 5 ratings,$3.90
CTIC,$1.81,1439921759534,"207,091",84% bullish,of 76 ratings,$5.75
CUNB,$22.36,1439921759560,"1,002",Not yet rated,NULL,$24.50
CTRP,$70.13,1439921759581,"916,922",75% bullish,of 8 ratings,$92
CTIB,NULL,1439921759612,0,100% bearish,of 1 rating,N/A
CUI,$5.42,1439921759638,"10,649",50% bullish,of 2 ratings,$10
CMLS,$1.28,1439921759783,"198,415",50% bullish,of 4 ratings,$6
CPIX,$5.99,1439921759914,3,Not yet rated,NULL,N/A
CUTR,$14.995,1439921759941,"21,058",67% bearish,of 3 ratings,$18
CVBF,$17.51,1439921759979,"102,392",Not yet rated,NULL,$18
CRIS,$2.805,1439921760135,"138,207",100% bullish,of 8 ratings,$6
CVV,$12.24,1439921760161,"9,422",100% bullish,of 5 ratings,N/A
CYAN,NULL,1439921760217,0,100% bearish,of 1 rating,N/A
CYBR,$59.369,1439921760346,"554,955",86% bullish,of 7 ratings,$66
CYBX,$59.81,1439921760478,"34,437",50% bullish,of 4 ratings,$70
CYCCP,NULL,1439921760509,0,100% bearish,of 1 rating,N/A
CYCC,$0.5901,1439921760537,"23,446",73% bullish,of 11 ratings,N/A
CBAY,$2.8,1439921760613,"81,450",100% bullish,of 1 rating,$4
CYBE,$5.89,1439921760676,"22,039",100% bearish,of 1 rating,N/A
CYNA,$15.0299,1439921760746,"8,255",100% bullish,of 1 rating,$33
CY,$10.015,1439921760777,"2,162,874",80% bullish,of 10 ratings,$15.50
CYRN,$1.775,1439921760880,"183,257",67% bullish,of 3 ratings,$4
CYNO,$34.25,1439921760907,"45,685",67% bearish,of 3 ratings,$45.50
CONE,$34.62,1439921761035,"118,833",67% bearish,of 3 ratings,$35
CYTK,$6.58,1439921761106,"46,054",71% bullish,of 14 ratings,$13.50
CTSO,$7.48,1439921761277,"58,677",Not yet rated,NULL,$15.625
DAEG,$0.3782,1439921761322,"2,400",100% bearish,of 1 rating,N/A
CYTX,$0.3945,1439921761351,"348,066",83% bullish,of 12 ratings,$5.50
CYTR,$2.33,1439921761377,"331,559",67% bullish,of 6 ratings,$10
TVIX,$5.62,1439921761505,"2,047,080",81% bullish,of 16 ratings,N/A
TVIZ,NULL,1439921761532,0,100% bearish,of 1 rating,N/A
ZIV,$49.79,1439921761604,"14,261",Not yet rated,NULL,N/A
XIV,$47.79,1439921761706,"3,810,013",75% bearish,of 4 ratings,N/A
DJCO,$208.95,1439921761731,400,Not yet rated,NULL,N/A
DARA,$0.9242,1439921761886,"47,155",83% bullish,of 6 ratings,$1.50
DAKT,$11.85,1439921761931,"61,713",50% bullish,of 2 ratings,$14
DAIO,$2.69,1439921761960,72,Not yet rated,NULL,N/A
DTLK,$5.81,1439921762094,"26,352",100% bearish,of 1 rating,$9
PLAY,$36.38,1439921762227,"57,621",100% bullish,of 5 ratings,$42
DWCH,$5.38,1439921762253,"12,446",75% bullish,of 4 ratings,$8.25
DRAM,$1.495,1439921762274,500,78% bullish,of 9 ratings,N/A
DWSN,$5,1439921762467,"26,399",67% bullish,of 3 ratings,$6
DBVT,$43.96,1439921762525,"49,718",100% bearish,of 1 rating,$53
DTEA,$13.02,1439921762561,"43,982",100% bearish,of 2 ratings,$24
DHRM,$1.84,1439921762664,"1,000",Not yet rated,NULL,N/A
TRAK,$62.26,1439921762694,"95,831",50% bullish,of 2 ratings,$62.50
DFRG,$15.26,1439921762741,"69,908",100% bearish,of 1 rating,$20
TACO,$13.55,1439921762769,"162,265",100% bullish,of 3 ratings,$20
TACOW,$4.4,1439921762962,"2,410",100% bullish,of 1 rating,N/A
DCTH,$0.4924,1439921763019,"44,442",78% bullish,of 9 ratings,N/A
DGAS,$20.15,1439921763046,"2,262",67% bearish,of 3 ratings,N/A
DELT,$2.5,1439921763254,"1,000",Not yet rated,NULL,N/A
XRAY,$57.51,1439921763279,"417,377",100% bullish,of 1 rating,$58
DELTW,NULL,1439921763321,0,Not yet rated,NULL,N/A
DEPO,$31.79,1439921763348,"268,912",80% bullish,of 5 ratings,$32
DENN,$12.37,1439921763369,"190,254",100% bullish,of 3 ratings,$15
DERM,$25,1439921763662,"29,155",100% bearish,of 1 rating,$33
DXLG,$4.89,1439921763694,"9,172",100% bearish,of 1 rating,$8
DSCI,$6.48,1439921763716,"15,870",50% bullish,of 2 ratings,$16
DSWL,$1.7999,1439921763748,"11,354",100% bullish,of 1 rating,N/A
DXM,$0.31,1439921763770,"208,785",50% bullish,of 2 ratings,N/A
DEST,$12.24,1439921763802,"21,435",50% bullish,of 2 ratings,N/A
DXCM,$97.1,1439921764000,"192,303",57% bullish,of 7 ratings,$98
FANG,$72.8,1439921764129,"233,375",50% bullish,of 2 ratings,$86
DHIL,$192.9,1439921764154,536,Not yet rated,NULL,N/A
DHXM,$7.55,1439921764211,2,Not yet rated,NULL,N/A
DMND,$32.16,1439921764239,"54,923",75% bullish,of 12 ratings,$32
DCIX,$1.8679,1439921764260,"7,719",50% bullish,of 4 ratings,$3.50
DGII,$10.0901,1439921764537,"39,708",100% bearish,of 1 rating,$10
DRAD,$4.0601,1439921764573,"6,404",100% bullish,of 1 rating,$5.25
DMRC,$36.7101,1439921764603,"21,104",100% bearish,of 1 rating,$44
APPS,$2.3,1439921764670,"45,096",100% bearish,of 1 rating,$10.25
DRNA,$10.21,1439921764697,"44,859",67% bearish,of 3 ratings,$25
DCOM,$17.24,1439921764728,"14,911",100% bearish,of 2 ratings,$16.50
DPRX,$13.68,1439921764753,"7,144",100% bullish,of 2 ratings,$27.75
DGLY,$7.3,1439921764892,"97,507",50% bullish,of 6 ratings,$20
DIOD,$19.81,1439921764995,"90,026",75% bearish,of 4 ratings,$24
DISCA,$29.03,1439921765031,"453,728",67% bullish,of 3 ratings,$34
DISCB,NULL,1439921765207,0,100% bearish,of 1 rating,$35
DISCK,$27.6,1439921765234,"829,377",100% bearish,of 1 rating,$40
DSCO,$0.475,1439921765316,"174,275",83% bullish,of 6 ratings,$2.75
DISH,$66.62,1439921765366,"272,322",69% bullish,of 13 ratings,$73
DVCR,$11.89,1439921765422,"1,545",100% bullish,of 1 rating,N/A
DLHC,$2.56,1439921765450,742,100% bearish,of 1 rating,N/A
BAGR,$2.963,1439921765527,"10,571",100% bearish,of 1 rating,$6
DNBF,$26.5,1439921765669,1,Not yet rated,NULL,$27.50
DLTR,$79.18,1439921765699,"370,227",82% bullish,of 11 ratings,$88
DGICA,$14.56,1439921765720,"2,448",100% bearish,of 1 rating,$17
DMLP,$14.66,1439921765798,"64,007",100% bearish,of 1 rating,N/A
DGICB,$18.23,1439921765859,2,100% bearish,of 1 rating,N/A
DORM,$51.105,1439921765991,"71,701",100% bearish,of 1 rating,$56
HILL,$5.2538,1439921766173,"274,161",60% bearish,of 5 ratings,$8
DRWIW,NULL,1439921766213,0,Not yet rated,NULL,N/A
DRWI,$0.2969,1439921766239,"63,701",60% bullish,of 5 ratings,$.45
DSKX,$3.62,1439921766405,"122,760",100% bullish,of 1 rating,N/A
DRYS,$0.3429,1439921766437,"1,648,894",77% bullish,of 31 ratings,$.60
DSPG,$8.79,1439921766542,"35,115",100% bearish,of 1 rating,$13.50
CADT,NULL,1439921766574,0,Not yet rated,NULL,N/A
DWA,$19.47,1439921766604,"103,158",63% bullish,of 8 ratings,$26
CADTR,NULL,1439921766680,0,Not yet rated,NULL,N/A
CADTU,NULL,1439921766712,0,Not yet rated,NULL,N/A
CADTW,NULL,1439921766753,0,Not yet rated,NULL,N/A
DNKN,$51.62,1439921766817,"238,041",67% bullish,of 15 ratings,$56.50
DTSI,$27.21,1439921766916,"35,353",100% bearish,of 2 ratings,$39.50
DRRX,$2.104,1439921766984,"158,792",50% bullish,of 6 ratings,$3
DYAX,$23.38,1439921767152,"193,213",89% bullish,of 9 ratings,$30
DXPE,$29.82,1439921767179,"193,474",50% bullish,of 2 ratings,N/A
DYSL,NULL,1439921767312,0,100% bullish,of 2 ratings,N/A
BOOM,$10.105,1439921767346,"22,386",67% bullish,of 3 ratings,$12
DVAX,$29.935,1439921767418,"102,996",70% bullish,of 10 ratings,$40
DYNT,$3.08,1439921767449,300,75% bullish,of 4 ratings,N/A
EBMT,NULL,1439921767470,0,Not yet rated,NULL,$13.50
EGLE,$7.45,1439921767642,"2,554",60% bullish,of 5 ratings,N/A
ETFC,$28.205,1439921767671,"532,435",57% bullish,of 14 ratings,$33
EGBN,$44.945,1439921767773,"28,367",Not yet rated,NULL,$48
EROC,$1.43,1439921767832,"134,273",50% bullish,of 2 ratings,$3
EGRX,$69.37,1439921767857,"105,324",67% bullish,of 3 ratings,$97
ELNK,$9.24,1439921767908,"418,418",80% bullish,of 5 ratings,$9.50
EWBC,$45.02,1439921767994,"134,549",100% bearish,of 1 rating,$50
EACQU,$10.18,1439921768192,118,Not yet rated,NULL,N/A
EVBS,$6.45,1439921768294,234,Not yet rated,NULL,$7
EML,$17.11,1439921768322,"1,617",Not yet rated,NULL,N/A
EBIX,$30.09,1439921768352,"59,856",69% bullish,of 13 ratings,$40
EBAY,$27.72,1439921768391,"3,096,704",81% bullish,of 117 ratings,$48
ECTE,$1.5201,1439921768502,"15,443",75% bullish,of 4 ratings,N/A
ELON,$0.5502,1439921768532,"43,005",50% bullish,of 2 ratings,N/A
ECHO,$25.885,1439921768563,"240,388",67% bearish,of 3 ratings,$35.50
SATS,$46.54,1439921768591,"39,518",50% bullish,of 2 ratings,$60
ECACU,NULL,1439921768834,0,Not yet rated,NULL,N/A
EEI,$11.1509,1439921768863,724,67% bearish,of 3 ratings,N/A
EDAP,$3.5799,1439921768967,"5,211",60% bullish,of 5 ratings,$4.50
ESES,$3.48,1439921769038,"2,200",100% bearish,of 1 rating,$7
EDGW,$7.17,1439921769098,200,100% bearish,of 1 rating,N/A
EGAN,$3.5,1439921769183,"2,700",50% bullish,of 2 ratings,$6.25
EDUC,$4.7186,1439921769254,"3,129",100% bearish,of 1 rating,N/A
EFUT,$4.39,1439921769314,"8,750",Not yet rated,NULL,N/A
EGLT,$12.46,1439921769340,"10,050",50% bullish,of 2 ratings,$21
EHTH,$14.73,1439921769391,"43,069",50% bullish,of 4 ratings,$16.50
EMITF,$1.2899,1439921769470,"5,171",75% bullish,of 4 ratings,N/A
LOCO,$14.1996,1439921769545,"542,834",69% bullish,of 13 ratings,$23
ELRC,$10.25,1439921769678,"7,788",100% bearish,of 1 rating,N/A
ESLT,$82.5101,1439921769709,"5,106",100% bullish,of 2 ratings,N/A
ERI,$9.75,1439921769783,"44,544",100% bearish,of 1 rating,$10
ESIO,$4.61,1439921769811,"32,454",50% bullish,of 2 ratings,$10
EA,$73.98,1439921769951,"924,915",77% bullish,of 35 ratings,$80
EFII,$45.56,1439921769998,"145,063",80% bullish,of 5 ratings,$55
ELEC,NULL,1439921770153,0,Not yet rated,NULL,N/A
ELSE,NULL,1439921770338,0,60% bullish,of 5 ratings,N/A
EBIO,$4.06,1439921770370,"627,549",100% bearish,of 2 ratings,$8.35
RDEN,$10.5,1439921770397,"77,059",100% bearish,of 4 ratings,$15
ELECU,NULL,1439921770418,0,Not yet rated,NULL,N/A
CAPX,$23.9699,1439921770467,102,Not yet rated,NULL,N/A
ESBK,NULL,1439921770561,0,Not yet rated,NULL,N/A
ELECW,NULL,1439921770586,0,Not yet rated,NULL,N/A
LONG,$17.1,1439921770652,"21,060",67% bullish,of 3 ratings,$15.75
ELTK,$1.1115,1439921770803,"1,800",67% bearish,of 3 ratings,N/A
EMCF,NULL,1439921770935,0,100% bearish,of 1 rating,N/A
EMKR,$7.23,1439921771005,"58,087",75% bullish,of 4 ratings,$8.50
EMCI,$23.9649,1439921771030,"5,856",Not yet rated,NULL,N/A
ERS,$2.9,1439921771222,"10,200",Not yet rated,NULL,N/A
EMMSP,NULL,1439921771248,0,100% bearish,of 1 rating,N/A
NYNY,$4.3201,1439921771278,"6,533",50% bullish,of 2 ratings,N/A
EMMS,$1.2,1439921771379,"4,996",67% bullish,of 6 ratings,N/A
WIRE,$34.08,1439921771438,"67,677",100% bearish,of 1 rating,$37
ENTA,$40.96,1439921771521,"50,642",50% bullish,of 2 ratings,$42
ECPG,$40.73,1439921771570,"62,328",100% bullish,of 2 ratings,$52
ENDP,$85.42,1439921771591,"246,286",50% bullish,of 6 ratings,$104
ECYT,$5.335,1439921771675,"73,871",83% bullish,of 6 ratings,$12
ELGX,$13.15,1439921771776,"249,391",75% bullish,of 4 ratings,$17
WATT,$7.03,1439921771822,"67,199",50% bullish,of 2 ratings,$13
EIGI,$16.08,1439921771849,"169,948",67% bearish,of 3 ratings,$20
EFOI,$15.55,1439921772100,"127,790",50% bullish,of 2 ratings,$17
EXXI,$1.68,1439921772208,"596,449",86% bullish,of 7 ratings,$3.50
ENG,$1.0399,1439921772235,"18,497",100% bullish,of 3 ratings,N/A
ERII,$3.03,1439921772256,"84,200",80% bullish,of 5 ratings,$2.50
ESGR,$157.3,1439921772291,"101,833",100% bearish,of 1 rating,$185
ENOC,$8.6,1439921772398,"90,183",75% bullish,of 4 ratings,$18
ENFC,$18.49,1439921772430,"2,402",Not yet rated,NULL,N/A
ENPH,$5.095,1439921772468,"538,508",75% bullish,of 4 ratings,$11
ENTG,$14.57,1439921772602,"128,293",100% bearish,of 1 rating,$18
ETRM,$0.268,1439921772687,"476,397",69% bearish,of 35 ratings,$1.625
ENTL,$22.385,1439921772734,"15,913",Not yet rated,NULL,$28
EBTC,$21.44,1439921772759,150,Not yet rated,NULL,N/A
EFSC,$24.85,1439921772939,"13,045",Not yet rated,NULL,$27
ENZN,$1.08,1439921773016,"316,571",100% bullish,of 9 ratings,N/A
EGT,$2.22,1439921773071,"7,005",100% bullish,of 1 rating,N/A
EPIQ,$14.05,1439921773163,"19,096",100% bearish,of 1 rating,$18
ENVI,$1.81,1439921773203,"11,500",67% bullish,of 3 ratings,N/A
ENZY,$8.7342,1439921773233,"4,857",67% bullish,of 3 ratings,$9.50
EPRS,$5,1439921773256,"44,744",82% bullish,of 11 ratings,$15
EPZM,$17.68,1439921773283,"134,626",60% bullish,of 5 ratings,$34
PLUS,$75.24,1439921773498,"15,017",50% bullish,of 2 ratings,$88
EQIX,$286.35,1439921773519,"95,067",67% bullish,of 3 ratings,$312.50
EQFN,NULL,1439921773593,0,Not yet rated,NULL,N/A
EAC,$3.71,1439921773625,"40,411",100% bearish,of 1 rating,$8
ERIC,$10.52,1439921773670,"790,527",63% bullish,of 8 ratings,$13.30
ERIE,$87.54,1439921773727,"8,302",Not yet rated,NULL,$73
ESCA,$18.21,1439921773887,"4,800",100% bearish,of 1 rating,$22
ESPR,$67.67,1439921774093,"2,604,648",67% bearish,of 9 ratings,$130
ESCRP,$1.8364,1439921774124,"2,063",100% bearish,of 1 rating,N/A
ESSA,$12.85,1439921774150,747,100% bearish,of 1 rating,N/A
ESND,$36.07,1439921774176,"46,176",100% bearish,of 1 rating,$40
ESMC,NULL,1439921774224,0,Not yet rated,NULL,N/A
EPIX,$7,1439921774308,120,Not yet rated,NULL,N/A
ESCR,$0.21,1439921774357,"20,440",50% bullish,of 2 ratings,N/A
ETSY,$16.06,1439921774410,"394,089",80% bullish,of 5 ratings,$16
EEFT,$69.04,1439921774538,"59,729",100% bearish,of 1 rating,$67.50
CLWT,$2.561,1439921774564,"1,500",100% bearish,of 1 rating,N/A
ESSX,$0.4501,1439921774589,"10,569",50% bullish,of 2 ratings,N/A
ESEA,$6.26,1439921774762,"1,082",100% bullish,of 1 rating,$15
EVEP,$8.51,1439921774792,"171,239",50% bullish,of 2 ratings,$15
EVK,NULL,1439921774893,0,75% bearish,of 4 ratings,N/A
EVOK,$5.4254,1439921774957,"1,305,248",100% bearish,of 1 rating,$13.75
EVLV,$2.2299,1439921774987,"62,869",60% bullish,of 5 ratings,$6.50
EVOL,$6.47,1439921775019,"15,259",75% bullish,of 4 ratings,$10
EXA,$10.73,1439921775088,"15,350",100% bearish,of 1 rating,$13
EXEL,$5.7563,1439921775119,"1,338,335",81% bullish,of 16 ratings,$6
EXAS,$23.2,1439921775229,"235,542",78% bullish,of 9 ratings,$31
EXAC,$18.69,1439921775362,"16,008",100% bearish,of 1 rating,$22.50
EXFO,$2.9,1439921775432,"5,491",67% bearish,of 3 ratings,$3.95
EXLS,$36.83,1439921775599,"27,441",100% bullish,of 1 rating,$41
EXPE,$122.8459,1439921775665,"250,393",64% bullish,of 11 ratings,$130
EXPO,$43.91,1439921775691,"12,528",100% bearish,of 1 rating,$45.50
ESRX,$89.99,1439921775736,"1,665,910",67% bearish,of 6 ratings,$101
EXPD,$49.64,1439921775766,"445,918",80% bullish,of 5 ratings,$50.50
EXTR,$2.99,1439921775827,"246,117",80% bullish,of 5 ratings,$3
EXLP,$20.6,1439921775870,"14,429",100% bearish,of 1 rating,$27
EYEGW,NULL,1439921775924,0,Not yet rated,NULL,N/A
EYEG,$4.42,1439921775999,"10,050",Not yet rated,NULL,N/A
EZCH,$21.96,1439921776174,"122,154",75% bullish,of 8 ratings,$19.50
FB,$95.463,1439921776212,"9,913,628",73% bullish,of 1064 ratings,$111
EZPW,$6.105,1439921776239,"44,131",50% bullish,of 4 ratings,$7.50
FFIV,$133.39,1439921776260,"201,221",71% bullish,of 7 ratings,$132
FCS,$14.23,1439921776308,"202,302",67% bearish,of 3 ratings,$17
FRP,$17.915,1439921776441,"21,050",100% bearish,of 1 rating,$18
DAVE,$15.2,1439921776590,"10,501",100% bearish,of 1 rating,$15.50
FARM,$22.34,1439921776635,"5,795",100% bearish,of 1 rating,$35
FALC,$1.6754,1439921776666,"44,915",63% bearish,of 8 ratings,N/A
FWM,$2.32,1439921776688,"62,391",100% bearish,of 2 ratings,$3.20
FMNB,$8.1299,1439921776724,"12,602",Not yet rated,NULL,N/A
FARO,$40.65,1439921776762,"52,484",50% bullish,of 2 ratings,$48
FFKT,$27.42,1439921776819,"6,271",Not yet rated,NULL,$29
FAST,$40.64,1439921776856,"452,761",80% bullish,of 5 ratings,$46
FATE,$7.96,1439921777070,"55,550",100% bearish,of 1 rating,$11
FBSS,NULL,1439921777256,0,Not yet rated,NULL,N/A
FNHC,$23.425,1439921777358,"32,917",100% bearish,of 1 rating,$35
FDML,$9.71,1439921777388,"60,946",50% bullish,of 4 ratings,$14
FBRC,$23.3475,1439921777413,"30,071",100% bearish,of 1 rating,$29
FHCO,$1.47,1439921777489,"9,264",50% bullish,of 4 ratings,N/A
FEIC,$81.4,1439921777547,"200,790",50% bullish,of 2 ratings,$95.50
FENX,$9.72,1439921777579,"17,776",100% bullish,of 1 rating,$14.25
FGEN,$24.97,1439921777672,"242,741",100% bearish,of 1 rating,$39
FDUS,$15.259,1439921777743,"28,760",100% bullish,of 1 rating,$18
ONEQ,$199.48,1439921777804,"42,759",100% bullish,of 1 rating,N/A
LION,$20.09,1439921777843,"41,044",100% bullish,of 1 rating,$20
FCSC,$6.23,1439921777869,"54,724",100% bearish,of 1 rating,$8.125
FRGI,$54.85,1439921777944,"60,862",50% bullish,of 2 ratings,$70
FSAM,$8.71,1439921778049,"6,049",100% bearish,of 1 rating,$11
FSC,$6.485,1439921778186,"332,501",75% bullish,of 4 ratings,$8
FSCFL,$25,1439921778278,"4,563",Not yet rated,NULL,N/A
FITBI,$27.78,1439921778407,"5,503",Not yet rated,NULL,N/A
FSFR,$9.11,1439921778459,"43,474",100% bearish,of 1 rating,$11.50
FNGN,$35.6,1439921778484,"147,538",67% bullish,of 3 ratings,$47
FISI,$24.6,1439921778512,"5,817",100% bullish,of 2 ratings,$24.50
FITB,$21.17,1439921778539,"1,119,884",54% bullish,of 13 ratings,$22
FNTC,NULL,1439921778678,0,Not yet rated,NULL,N/A
FNJN,$1.74,1439921778699,"3,112",100% bearish,of 1 rating,$5
FNSR,$17.35,1439921778776,"586,505",86% bullish,of 7 ratings,$25
FNTCU,NULL,1439921778971,0,Not yet rated,NULL,N/A
FBNC,$17.1,1439921779004,"4,396",100% bullish,of 1 rating,$20
FEYE,$43.27,1439921779029,"1,631,796",87% bullish,of 15 ratings,$55.50
FNTCW,NULL,1439921779069,0,Not yet rated,NULL,N/A
FNLC,$18.865,1439921779203,"2,300",100% bullish,of 1 rating,N/A
FRBA,$6,1439921779249,350,Not yet rated,NULL,$8
BUSE,$6.44,1439921779306,"13,955",Not yet rated,NULL,$6.875
FCFS,$38.28,1439921779398,"29,223",100% bearish,of 2 ratings,$48
FBIZ,$44,1439921779437,"6,423",100% bearish,of 2 ratings,$52
FCAP,NULL,1439921779471,0,Not yet rated,NULL,N/A
FCVA,NULL,1439921779498,0,Not yet rated,NULL,N/A
FCNCA,$247.5,1439921779531,"1,077",Not yet rated,NULL,N/A
FCLF,$9.2,1439921779633,920,Not yet rated,NULL,N/A
FCBC,$18.12,1439921779764,"3,845",Not yet rated,NULL,$17
FCFP,NULL,1439921779958,0,Not yet rated,NULL,N/A
FCCO,$12.14,1439921779993,7,Not yet rated,NULL,$13.25
FDEF,$37.45,1439921780093,"9,824",Not yet rated,NULL,$38
FBNK,$16.415,1439921780119,"2,578",100% bearish,of 1 rating,$17.50
FFBC,$19.43,1439921780204,"52,017",67% bearish,of 3 ratings,$20.25
FFNM,$6.34,1439921780307,38,Not yet rated,NULL,N/A
FFNW,$12.51,1439921780375,"1,600",Not yet rated,NULL,$14
FFIN,$32.5,1439921780441,"29,433",50% bullish,of 2 ratings,$31.75
THFF,$33.9,1439921780468,"11,798",Not yet rated,NULL,$35
FFBCW,NULL,1439921780500,0,100% bearish,of 1 rating,N/A
FFWM,$21.4,1439921780606,"1,808",Not yet rated,NULL,$24
FIBK,$27.875,1439921780692,"9,694",Not yet rated,NULL,$32
INBK,$35.56,1439921780717,"5,249",50% bullish,of 2 ratings,$37
FRME,$26.05,1439921780744,"14,209",Not yet rated,NULL,$26.50
FMBH,NULL,1439921780880,0,Not yet rated,NULL,N/A
FMBI,$18.5699,1439921781015,"103,546",Not yet rated,NULL,$20
FNBC,$36,1439921781159,"52,000",Not yet rated,NULL,$41
FNFG,$9.745,1439921781290,"726,312",80% bullish,of 5 ratings,$9
FSGI,$2.478,1439921781320,"1,000",Not yet rated,NULL,N/A
FSBK,$7.79,1439921781341,"4,957",100% bullish,of 1 rating,N/A
FSLR,$51.12,1439921781362,"566,349",74% bullish,of 39 ratings,$65
FNWB,$12.22,1439921781400,"3,443",Not yet rated,NULL,N/A
FSFG,$31.2,1439921781488,102,Not yet rated,NULL,N/A
BICK,NULL,1439921781586,0,100% bullish,of 1 rating,N/A
FBZ,NULL,1439921781686,0,Not yet rated,NULL,N/A
FTCS,$38.6795,1439921781711,"13,905",Not yet rated,NULL,N/A
FV,$24.8399,1439921781744,"889,393",Not yet rated,NULL,N/A
FCA,$22.0501,1439921781845,"3,995",Not yet rated,NULL,N/A
FCAN,NULL,1439921781869,0,Not yet rated,NULL,N/A
FTSM,$59.9251,1439921782118,"24,234",100% bearish,of 1 rating,N/A
FEUZ,$32.7299,1439921782159,"1,550",Not yet rated,NULL,N/A
FEMB,NULL,1439921782191,0,Not yet rated,NULL,N/A
FTGC,$22.6405,1439921782254,"41,048",Not yet rated,NULL,N/A
IFV,$18.725,1439921782284,"282,851",100% bearish,of 1 rating,N/A
TDIV,$25.9501,1439921782312,"97,875",100% bearish,of 1 rating,N/A
FGM,$37.17,1439921782445,"4,346",Not yet rated,NULL,N/A
FTHI,NULL,1439921782575,0,Not yet rated,NULL,N/A
MDIV,$19.848,1439921782625,"91,865",Not yet rated,NULL,N/A
HYLS,$49.7994,1439921782755,"215,516",100% bearish,of 1 rating,N/A
FHK,$35.39,1439921782783,"22,967",Not yet rated,NULL,N/A
FPXI,NULL,1439921782912,0,Not yet rated,NULL,N/A
PLTM,$6.42,1439921783039,"2,400",100% bearish,of 1 rating,N/A
SKYY,$30.67,1439921783076,"39,864",100% bullish,of 1 rating,N/A
YDIV,NULL,1439921783103,0,Not yet rated,NULL,N/A
CU,$12.9972,1439921783128,"3,300",100% bearish,of 1 rating,N/A
FTLB,NULL,1439921783166,0,100% bearish,of 1 rating,N/A
FJP,$50.2026,1439921783196,"9,742",Not yet rated,NULL,N/A
LMBS,$50.5299,1439921783270,400,Not yet rated,NULL,N/A
FMB,$50.86,1439921783442,"3,618",Not yet rated,NULL,N/A
QABA,$39.5169,1439921783471,"5,336",100% bearish,of 1 rating,N/A
CIBR,$19.61,1439921783571,"30,749",Not yet rated,NULL,N/A
FONE,$36.81,1439921783724,11,Not yet rated,NULL,N/A
QCLN,$16.05,1439921783793,"4,552",Not yet rated,NULL,N/A
CARZ,$36.7046,1439921783819,"1,761",100% bearish,of 1 rating,N/A
RDVY,$22.58,1439921783889,"6,512",Not yet rated,NULL,N/A
QQXT,$42.9991,1439921783955,"5,847",Not yet rated,NULL,N/A
QQEW,$44.163,1439921783982,"9,372",Not yet rated,NULL,N/A
GRID,NULL,1439921784010,0,100% bearish,of 1 rating,N/A
QTEC,$42.1551,1439921784168,"18,249",Not yet rated,NULL,N/A
FTSL,$48.996,1439921784193,"15,950",100% bearish,of 1 rating,N/A
QINC,$21.59,1439921784218,1,Not yet rated,NULL,N/A
AIRR,$16.9194,1439921784273,"1,414",100% bearish,of 1 rating,N/A
FKO,$23.83,1439921784408,"1,300",Not yet rated,NULL,N/A
FDIV,$48.35,1439921784544,"1,050",100% bearish,of 1 rating,N/A
FSZ,$40.46,1439921784640,"14,405",Not yet rated,NULL,N/A
FKU,$44,1439921784665,"18,155",Not yet rated,NULL,N/A
FUNC,$8.28,1439921784716,"1,300",Not yet rated,NULL,N/A
FTW,$31.19,1439921784742,"4,050",Not yet rated,NULL,N/A
SVVC,$10.829,1439921784795,"12,161",100% bullish,of 1 rating,$26
TUSA,NULL,1439921784822,0,Not yet rated,NULL,N/A
FMER,$18.82,1439921784965,"467,306",50% bullish,of 2 ratings,$20
FISV,$90.21,1439921785052,"158,619",100% bearish,of 3 ratings,$90
FSV,$32.9119,1439921785083,"13,630",Not yet rated,NULL,$33.60
FPRX,$18.77,1439921785113,"152,186",50% bullish,of 2 ratings,$35
FIVE,$37.595,1439921785151,"91,821",75% bearish,of 4 ratings,$44
FIVN,$4.205,1439921785215,"118,102",100% bullish,of 1 rating,$8.50
FLML,$21.38,1439921785286,"46,793",50% bullish,of 2 ratings,$30
FLKS,$14.5001,1439921785598,"24,379",50% bullish,of 2 ratings,$27
SKOR,$50.01,1439921785629,604,Not yet rated,NULL,N/A
FLEX,$11.16,1439921785816,"506,696",63% bullish,of 8 ratings,$12
FLXN,$24.25,1439921785842,"46,941",100% bearish,of 1 rating,$39.50
FLIR,$30.45,1439921785873,"157,290",100% bearish,of 1 rating,$38.50
FLXS,$41.19,1439921785895,"3,282",100% bearish,of 2 ratings,N/A
MBSD,NULL,1439921785925,0,Not yet rated,NULL,N/A
FLDM,$12.85,1439921785946,"126,675",67% bearish,of 3 ratings,$21.50
FFIC,$20.9,1439921786151,"14,066",Not yet rated,NULL,$21
FOGO,$19.57,1439921786183,"77,002",50% bullish,of 2 ratings,$25.50
FOMX,$10.6,1439921786212,"125,272",50% bullish,of 2 ratings,$23.50
FES,$0.934,1439921786239,"2,100",50% bullish,of 2 ratings,$1
FONR,$9.55,1439921786287,"6,628",100% bullish,of 1 rating,N/A
FORTY,NULL,1439921786391,0,Not yet rated,NULL,N/A
FORM,$6.48,1439921786441,"141,911",67% bullish,of 3 ratings,$10.50
FORR,$32.4,1439921786628,"10,620",Not yet rated,NULL,N/A
FTNT,$47.85,1439921786654,"416,438",80% bullish,of 10 ratings,$52
FBIO,$3.08,1439921786679,"62,573",83% bullish,of 6 ratings,N/A
FWRD,$48.9,1439921786728,"57,437",100% bearish,of 1 rating,$50
FMI,$20,1439921786864,"130,868",100% bearish,of 2 ratings,$27.50
FOSL,$62.21,1439921786890,"305,383",50% bullish,of 4 ratings,$70
FORD,$1.1349,1439921786915,"101,886",50% bullish,of 2 ratings,N/A
FXCB,$17.47,1439921786970,"1,990",Not yet rated,NULL,$19
FRAN,$10.39,1439921787102,"876,947",50% bullish,of 4 ratings,$15
FWP,$27.39,1439921787146,"40,448",100% bearish,of 1 rating,$45
FOXF,$15.76,1439921787176,"34,869",100% bearish,of 1 rating,$19
FELE,$29.79,1439921787253,"69,344",50% bullish,of 4 ratings,$33
FREE,$0.535,1439921787312,"384,347",92% bullish,of 12 ratings,N/A
FRED,$14.48,1439921787338,"53,971",50% bullish,of 2 ratings,$16.50
RAIL,$21.44,1439921787412,"28,347",100% bearish,of 1 rating,$24.50
FEIM,$10.8813,1439921787617,412,100% bearish,of 1 rating,N/A
FTR,$5.4675,1439921787646,"6,277,074",78% bullish,of 27 ratings,$6.25
FRPT,$14.11,1439921787706,"132,929",67% bearish,of 3 ratings,$23.50
FRPH,NULL,1439921787733,0,100% bearish,of 1 rating,N/A
FTRPR,$107.0499,1439921787812,900,100% bearish,of 1 rating,N/A
FSYS,$6.6,1439921787866,"9,600",67% bullish,of 3 ratings,$10
FSBW,$23.48,1439921787947,"1,712",Not yet rated,NULL,N/A
FTEK,$2.19,1439921788023,"17,768",75% bullish,of 4 ratings,N/A
FTD,$30.69,1439921788053,"95,647",100% bearish,of 1 rating,$40
FCEL,$0.8197,1439921788081,"348,902",88% bullish,of 40 ratings,$2.65
FULL,$3.2128,1439921788240,"25,523",67% bearish,of 3 ratings,$4.25
FLL,$1.5528,1439921788271,"6,256",75% bullish,of 4 ratings,$2.825
FULLL,$25.6299,1439921788381,200,Not yet rated,NULL,N/A
FULT,$13.135,1439921788441,"406,879",100% bearish,of 1 rating,$13
FSNN,$2.52,1439921788586,950,67% bullish,of 3 ratings,$6
FXENP,$16.4499,1439921788611,"1,230",100% bearish,of 1 rating,N/A
FXEN,$1.04,1439921788640,"65,257",75% bullish,of 4 ratings,$1.10
FFHL,NULL,1439921788769,0,50% bullish,of 4 ratings,N/A
GAIA,$5.8786,1439921788797,"34,323",50% bullish,of 2 ratings,$8.50
GLPG,$64.25,1439921788827,"33,080",100% bullish,of 1 rating,$75
WILC,$5.219,1439921788850,"2,258",100% bullish,of 2 ratings,N/A
GK,$72.08,1439921789023,"17,076",Not yet rated,NULL,$78
GALT,$2.12,1439921789091,"24,240",80% bullish,of 5 ratings,N/A
GALTU,NULL,1439921789126,0,100% bearish,of 1 rating,N/A
GALTW,$0.65,1439921789156,"18,100",100% bullish,of 1 rating,N/A
GALE,$1.4599,1439921789287,"508,538",89% bullish,of 47 ratings,$4
GLPI,$33.545,1439921789381,"128,611",100% bearish,of 1 rating,$37.50
GLMD,$9.01,1439921789479,"2,090",67% bullish,of 3 ratings,$20.50
GGAC,$9.82,1439921789537,750,100% bearish,of 1 rating,N/A
GRMN,$40.27,1439921789565,"251,885",50% bullish,of 6 ratings,$48
GGACU,NULL,1439921789597,0,Not yet rated,NULL,N/A
GGACR,$0.1999,1439921789622,"2,300",100% bullish,of 1 rating,N/A
GPIC,$10.32,1439921789699,605,100% bearish,of 1 rating,N/A
GENC,$9.4654,1439921789841,"1,000",100% bearish,of 1 rating,N/A
GNCMA,$17.7999,1439921789972,"35,402",100% bearish,of 1 rating,$12
GGACW,$0.12,1439921789998,"11,635",Not yet rated,NULL,N/A
GARS,$14.8111,1439921790023,"12,785",Not yet rated,NULL,$16
GFN,$3.9996,1439921790080,"12,367",100% bearish,of 2 ratings,$8
GFNCP,$98.595,1439921790217,200,Not yet rated,NULL,N/A
GFNSL,$25.6,1439921790350,"3,800",Not yet rated,NULL,N/A
GNMK,$9.46,1439921790378,"50,098",67% bullish,of 6 ratings,$14
GNTX,$15.92,1439921790409,"1,000,938",Not yet rated,NULL,$20
GNCA,$12.93,1439921790510,"120,481",100% bearish,of 1 rating,$20
THRM,$48.53,1439921790535,"74,711",75% bearish,of 4 ratings,$55.50
GENE,$2.74,1439921790563,"44,620",100% bullish,of 12 ratings,N/A
GHDX,$26.3,1439921790710,"89,831",50% bullish,of 2 ratings,$30
GNVC,$2.3792,1439921790762,818,90% bullish,of 10 ratings,$8.50
GTWN,NULL,1439921790789,0,Not yet rated,NULL,N/A
GEOS,$15.51,1439921790843,"47,881",100% bearish,of 3 ratings,$25.50
GERN,$3.37,1439921790926,"795,489",88% bullish,of 16 ratings,$5.25
GIGM,$0.6465,1439921791199,"18,750",100% bullish,of 2 ratings,N/A
GABC,$29.67,1439921791228,"2,986",Not yet rated,NULL,$31.50
GIII,$69.58,1439921791286,"49,028",67% bullish,of 3 ratings,$75
ROCK,$18.67,1439921791319,"36,886",80% bullish,of 5 ratings,$24
GILT,$4.621,1439921791348,"10,839",50% bullish,of 2 ratings,N/A
GIGA,$1.46,1439921791419,"1,766",100% bearish,of 1 rating,N/A
GEVO,$2.24,1439921791444,"360,549",75% bullish,of 12 ratings,N/A
GILD,$117.01,1439921791592,"2,094,516",91% bullish,of 86 ratings,$129
GBCI,$27.97,1439921791686,"50,539",50% bullish,of 2 ratings,$31
GLAD,$8.3096,1439921791717,"32,950",50% bullish,of 2 ratings,$8.75
GOOD,$15.78,1439921791815,"11,442",Not yet rated,NULL,$19
GLADO,$25.46,1439921791843,750,Not yet rated,NULL,N/A
GOODN,$25.67,1439921791889,61,Not yet rated,NULL,N/A
GOODO,$25.25,1439921791972,404,Not yet rated,NULL,N/A
GOODP,$25.0801,1439921792103,675,Not yet rated,NULL,N/A
GAIN,$7.94,1439921792177,"69,737",100% bullish,of 2 ratings,$8.25
GAINN,$25.22,1439921792205,"2,100",Not yet rated,NULL,N/A
GAINO,$25.3,1439921792287,"1,135",Not yet rated,NULL,N/A
GAINP,$26,1439921792337,"1,362",Not yet rated,NULL,N/A
GLBZ,$12.12,1439921792367,254,Not yet rated,NULL,N/A
LAND,$9.5,1439921792468,"13,293",50% bullish,of 2 ratings,$13.75
GBT,$46.79,1439921792497,"309,715",Not yet rated,NULL,N/A
GDEF,NULL,1439921792596,0,Not yet rated,NULL,N/A
ENT,$12.44,1439921792731,"134,709",100% bearish,of 1 rating,$18
GSOL,$8.47,1439921792867,"5,110",100% bearish,of 1 rating,N/A
GPACU,$10.0329,1439921792894,200,Not yet rated,NULL,N/A
GBLI,$27.2,1439921792920,"4,800",Not yet rated,NULL,N/A
ACTX,$14.24,1439921792949,100,100% bullish,of 1 rating,N/A
QQQC,$21.0601,1439921792970,"2,562",100% bearish,of 1 rating,N/A
SOCL,$18.47,1439921793099,"30,085",100% bullish,of 2 ratings,N/A
YLCO,$12.36,1439921793335,"2,002",Not yet rated,NULL,N/A
SRET,$13.8973,1439921793361,840,Not yet rated,NULL,N/A
GAI,$5.6,1439921793395,770,50% bullish,of 2 ratings,N/A
GBIM,$2.124,1439921793423,"26,299",50% bullish,of 2 ratings,N/A
ALTY,NULL,1439921793443,0,Not yet rated,NULL,N/A
GLBS,$1.258,1439921793473,"7,500",67% bullish,of 3 ratings,N/A
GSM,$13.69,1439921793526,"150,604",50% bullish,of 2 ratings,$24.50
GLYC,$7.39,1439921793800,625,50% bullish,of 2 ratings,$14
GLUU,$4.69,1439921793865,"1,430,578",92% bullish,of 26 ratings,$9
GLNG,$39.2,1439921793891,"272,844",83% bullish,of 6 ratings,$58
GLRI,$1.265,1439921793913,"1,850",100% bearish,of 1 rating,$6
GOGO,$16.21,1439921793941,"191,860",80% bullish,of 5 ratings,$25
GMLP,$20.2775,1439921794135,"60,235",50% bullish,of 4 ratings,$32.50
GDEN,NULL,1439921794201,0,50% bullish,of 2 ratings,N/A
GOGL,$3.47,1439921794233,"63,703",75% bullish,of 4 ratings,$5
GTIM,$7.04,1439921794266,"16,000",Not yet rated,NULL,$11.50
GLDC,NULL,1439921794336,0,50% bullish,of 2 ratings,N/A
GBDC,$16.63,1439921794365,"18,474",Not yet rated,NULL,$17.75
GOOG,$655.99,1439921794391,"449,885",89% bullish,of 65 ratings,$795
GOOGL,$687.51,1439921794556,"429,624",88% bullish,of 1078 ratings,$747
GPRO,$57.18,1439921794581,"2,047,096",79% bullish,of 58 ratings,$72
GMAN,$4.67,1439921794743,"21,312",60% bullish,of 5 ratings,$8
GPIA,NULL,1439921794874,0,Not yet rated,NULL,N/A
GPIAW,NULL,1439921794902,0,Not yet rated,NULL,N/A
LOPE,$38.85,1439921794931,"79,078",100% bearish,of 2 ratings,$50
GPIAU,$10.08,1439921795034,200,Not yet rated,NULL,N/A
GLDD,$5.61,1439921795108,"67,278",100% bearish,of 4 ratings,$7.75
GRVY,$3.4242,1439921795133,424,50% bullish,of 2 ratings,N/A
GBSN,$2.22,1439921795210,"82,462",100% bearish,of 1 rating,$8.25
GBSNU,$16.48,1439921795268,"16,425",Not yet rated,NULL,N/A
GNBC,$13.16,1439921795396,"4,100",100% bearish,of 1 rating,$17
GSBC,$42.02,1439921795424,"5,193",100% bullish,of 1 rating,$44
GRBK,$14.38,1439921795452,"121,841",77% bullish,of 13 ratings,N/A
GPRE,$21.9,1439921795479,"208,771",67% bullish,of 6 ratings,$28.50
GPP,$14.75,1439921795660,"21,998",Not yet rated,NULL,$20.50
GCBC,$28.4999,1439921795821,100,100% bullish,of 1 rating,N/A
GLRE,$26.601,1439921795848,"29,534",100% bullish,of 1 rating,$41
GRIF,NULL,1439921795869,0,100% bearish,of 1 rating,N/A
GRPN,$4.27,1439921795995,"4,430,610",61% bullish,of 71 ratings,$6.75
GRFS,$32.66,1439921796022,"289,388",50% bullish,of 2 ratings,$35
OMAB,$42.65,1439921796153,"28,860",100% bullish,of 1 rating,$44
GSIG,$13.54,1439921796222,"7,140",100% bearish,of 2 ratings,N/A
GGAL,$20.92,1439921796251,"75,284",80% bullish,of 5 ratings,$40
GSIT,$5.0074,1439921796279,"1,580",100% bearish,of 1 rating,N/A
GSVC,$9.58,1439921796307,"11,877",50% bullish,of 2 ratings,$14.50
GTXI,$0.9342,1439921796353,"23,138",100% bullish,of 5 ratings,$.75
GBNK,$16,1439921796508,"11,076",100% bearish,of 1 rating,$18
GFED,$14.8,1439921796585,1,Not yet rated,NULL,$17
GUID,$9.06,1439921796717,"15,141",100% bearish,of 3 ratings,$10
GULTU,$0.3203,1439921796742,"11,690",100% bearish,of 1 rating,N/A
GIFI,$12.68,1439921796793,"38,914",100% bearish,of 1 rating,$16
GWPH,$114.77,1439921796983,"72,844",78% bullish,of 9 ratings,$148.50
GYRO,$2.9,1439921797008,"5,091",100% bearish,of 1 rating,N/A
GPOR,$35.85,1439921797033,"369,346",75% bullish,of 4 ratings,$55.50
GURE,$1.84,1439921797059,"9,761",88% bullish,of 8 ratings,N/A
HLG,$9.39,1439921797188,2,100% bearish,of 1 rating,N/A
HNRG,$7.59,1439921797228,"54,546",100% bearish,of 1 rating,$10
HEES,$16.98,1439921797290,"95,628",67% bearish,of 3 ratings,$31
GWGH,$8.175,1439921797328,100,100% bearish,of 1 rating,$15.05
HALL,$11.78,1439921797430,"4,797",Not yet rated,NULL,N/A
HALO,$19.0799,1439921797456,"473,716",67% bullish,of 3 ratings,$22.50
HBK,NULL,1439921797622,0,50% bullish,of 2 ratings,N/A
HMPR,$1.97,1439921797790,"10,698",100% bullish,of 1 rating,N/A
HNH,$28.9,1439921797861,300,100% bullish,of 1 rating,N/A
HAFC,$25.55,1439921797891,"16,067",100% bullish,of 2 ratings,$28.50
HBHCL,$24.5976,1439921797917,"23,798",Not yet rated,NULL,N/A
HQCL,$10.73,1439921797995,"8,568",67% bullish,of 3 ratings,N/A
HLIT,$5.91,1439921798129,"152,518",100% bearish,of 1 rating,$6.50
HBHC,$28.81,1439921798158,"183,266",50% bullish,of 2 ratings,$30
HDNG,$10.65,1439921798209,"31,875",50% bullish,of 4 ratings,N/A
HRMNU,NULL,1439921798258,0,Not yet rated,NULL,N/A
HNSN,$0.5262,1439921798354,"37,354",88% bullish,of 8 ratings,$.40
HRMN,NULL,1439921798385,0,Not yet rated,NULL,N/A
TINY,$2.5402,1439921798487,"9,859",50% bullish,of 2 ratings,$5.26
HRMNW,NULL,1439921798525,0,Not yet rated,NULL,N/A
HART,$0.6606,1439921798623,"99,150",100% bearish,of 1 rating,N/A
HBIO,$4.469,1439921798752,"31,795",Not yet rated,NULL,$10
HCAPL,$25.41,1439921798796,"2,600",Not yet rated,NULL,N/A
HCAP,$12.4225,1439921798824,"2,056",50% bullish,of 2 ratings,$15
HAS,$80.22,1439921798884,"200,995",63% bullish,of 8 ratings,$84.50
HA,$25.56,1439921798966,"222,545",67% bullish,of 9 ratings,$27
HCOM,$23.1,1439921799113,"2,608",100% bearish,of 1 rating,$28
HWKN,$36.92,1439921799143,"10,125",Not yet rated,NULL,N/A
HWBK,$13.65,1439921799200,231,100% bearish,of 1 rating,N/A
HAYN,$39.54,1439921799233,"15,741",100% bearish,of 1 rating,$59
HDS,$34.66,1439921799329,"298,485",100% bearish,of 2 ratings,$39.50
HCSG,$34.66,1439921799379,"44,394",50% bullish,of 4 ratings,$35
HIIQ,$4.7104,1439921799434,"7,937",50% bullish,of 2 ratings,$7
HQY,$33.55,1439921799566,"49,267",67% bullish,of 3 ratings,$31
HSTM,$25.795,1439921799698,"42,332",50% bullish,of 2 ratings,$33.75
HWAY,$12.44,1439921799757,"96,097",100% bearish,of 1 rating,$15
HTLD,$21.33,1439921799889,"64,069",Not yet rated,NULL,$22.50
HTLF,$37.4,1439921799919,"11,256",100% bullish,of 1 rating,$39.50
HTWR,$88.935,1439921799959,"38,496",50% bullish,of 2 ratings,$103
HSII,$19.99,1439921800019,"19,093",100% bullish,of 3 ratings,$25
HTBX,$5.98,1439921800048,"27,738",50% bullish,of 2 ratings,$15.50
HELE,$91.79,1439921800074,"49,319",67% bearish,of 3 ratings,$100
HMNY,$2.2801,1439921800272,"1,000",100% bearish,of 1 rating,N/A
HMTV,$13.28,1439921800339,"5,002",100% bearish,of 1 rating,$16
HNNA,$23.15,1439921800446,"2,800",Not yet rated,NULL,N/A
HCACU,$9.98,1439921800484,"1,000",Not yet rated,NULL,N/A
HERO,$0.0714,1439921800575,"1,287,339",81% bullish,of 16 ratings,$.75
HSIC,$147.91,1439921800605,"170,683",83% bullish,of 6 ratings,$146
HTBK,$11.05,1439921800629,"9,653",Not yet rated,NULL,$12
HFWA,$18.4,1439921800708,"11,676",100% bullish,of 1 rating,$20
HEOP,$8.07,1439921800811,"3,240",Not yet rated,NULL,$8.50
HCCI,$12.68,1439921800858,"8,172",100% bearish,of 1 rating,$16.50
HRTX,$31.99,1439921800945,"151,500",67% bullish,of 6 ratings,$41
MLHR,$29.59,1439921800974,"113,181",50% bullish,of 2 ratings,$33.50
HSKA,$33.86,1439921801111,"20,285",100% bearish,of 1 rating,$38
HFFC,$16.43,1439921801163,202,Not yet rated,NULL,N/A
HIBB,$40.4,1439921801189,"121,935",100% bearish,of 1 rating,$48.50
HPJ,$2.79,1439921801270,"12,369",75% bullish,of 4 ratings,$12.43
HIMX,$6.865,1439921801492,"641,597",85% bullish,of 20 ratings,$8.50
HIFS,$119.11,1439921801595,904,Not yet rated,NULL,N/A
HIHO,$4.14,1439921801652,"9,353",Not yet rated,NULL,N/A
HMNF,$11.51,1439921801683,"1,895",Not yet rated,NULL,N/A
HSGX,$6.67,1439921801714,"1,210",100% bearish,of 1 rating,$17
HMSY,$9.485,1439921801743,"521,000",67% bullish,of 3 ratings,$19.35
HOLX,$42.47,1439921801764,"395,824",67% bullish,of 3 ratings,$42
HOLI,$17.91,1439921801798,"193,647",50% bullish,of 4 ratings,$27
HBCP,$24.4685,1439921801956,152,Not yet rated,NULL,$29
HOMB,$40.96,1439921802097,"43,269",Not yet rated,NULL,$41
HFBL,$22,1439921802123,1,Not yet rated,NULL,N/A
AWAY,$30.99,1439921802254,"192,953",67% bullish,of 3 ratings,$36
HMIN,$29.5625,1439921802280,"22,650",100% bearish,of 2 ratings,$35
HKTV,$5.17,1439921802410,"2,226",100% bearish,of 1 rating,N/A
HTBI,$18.51,1439921802445,"7,829",67% bullish,of 3 ratings,$18.625
HMST,$21.69,1439921802470,"47,172",100% bullish,of 2 ratings,$27
CETC,$0.858,1439921802545,"75,662",86% bullish,of 7 ratings,N/A
HOFT,$25.29,1439921802571,"3,960",100% bearish,of 1 rating,N/A
HBNC,$25.13,1439921802711,"14,545",100% bullish,of 1 rating,$27
HZNP,$31.82,1439921802771,"642,568",85% bullish,of 20 ratings,$40
HFBC,$11.6,1439921802796,"3,462",Not yet rated,NULL,N/A
ZINC,$8,1439921802851,"353,579",100% bearish,of 1 rating,$17
HDP,$26.13,1439921803021,"81,483",67% bearish,of 3 ratings,$30.50
HRZN,$11.0801,1439921803047,"15,749",100% bearish,of 1 rating,$14.25
HOVNP,$5.6,1439921803226,"3,590",100% bearish,of 1 rating,N/A
HWCC,$7.4,1439921803251,"139,794",100% bearish,of 1 rating,$9
HMHC,$23.36,1439921803310,"109,027",Not yet rated,NULL,$27
HBMD,$14.82,1439921803383,102,100% bearish,of 1 rating,N/A
HSNI,$63.43,1439921803408,"73,856",Not yet rated,NULL,$80
HUBG,$41.34,1439921803440,"31,737",100% bearish,of 1 rating,$43
HCBK,$10.37,1439921803539,"304,110",83% bullish,of 6 ratings,$8.61
HTGM,$5.85,1439921803590,"9,415",100% bearish,of 1 rating,$19.50
HBAN,$11.84,1439921803755,"2,801,706",76% bullish,of 17 ratings,$12.50
HSON,$3.03,1439921803848,"14,122",100% bearish,of 1 rating,$5
HURC,$30.75,1439921803874,"4,594",100% bearish,of 1 rating,N/A
HDSN,$3.13,1439921803904,"4,966",100% bullish,of 1 rating,$6.25
HBANP,$1358,1439921803930,70,100% bearish,of 1 rating,N/A
HURN,$75.58,1439921804006,"25,677",50% bullish,of 2 ratings,$80
HBP,$3.1184,1439921804168,"4,915",100% bullish,of 1 rating,N/A
HYGS,$7.7051,1439921804329,"10,016",50% bullish,of 2 ratings,$13
HDRAW,NULL,1439921804384,0,Not yet rated,NULL,N/A
HTCH,$1.66,1439921804409,"48,651",100% bearish,of 1 rating,$3.50
HDRAR,NULL,1439921804464,0,Not yet rated,NULL,N/A
HDRA,NULL,1439921804539,0,Not yet rated,NULL,N/A
HDRAU,NULL,1439921804593,0,Not yet rated,NULL,N/A
IDSY,$4.028,1439921804675,"3,100",100% bearish,of 1 rating,$7
IACI,$74.56,1439921804775,"145,806",75% bullish,of 4 ratings,$90
IBKC,$63.35,1439921804864,"49,564",100% bullish,of 1 rating,$70
IKGH,$1.86,1439921804930,"41,894",75% bullish,of 4 ratings,N/A
ICAD,$3.61,1439921804966,"35,545",50% bullish,of 2 ratings,$7.25
IEP,$72.37,1439921805093,"39,506",75% bullish,of 4 ratings,$99
ICFI,$35.33,1439921805124,"44,609",50% bullish,of 2 ratings,$48.50
ICON,$13.305,1439921805194,"367,559",50% bullish,of 2 ratings,$18.50
ICLR,$80.9,1439921805253,"441,834",100% bearish,of 3 ratings,$85
ICUI,$121.96,1439921805339,"105,473",Not yet rated,NULL,$122
IPWR,$7.84,1439921805364,"7,939",100% bullish,of 1 rating,$15
INVE,$4.93,1439921805506,"116,370",75% bullish,of 4 ratings,$4
IDRA,$2.65,1439921805532,"478,151",89% bullish,of 9 ratings,$6.50
IDXX,$78.545,1439921805676,"234,613",100% bearish,of 1 rating,$77
IROQ,$16.6,1439921805712,"2,300",100% bullish,of 1 rating,N/A
DSKY,$12.37,1439921805738,"43,360",67% bullish,of 6 ratings,$11.50
IRG,$4.39,1439921805931,"8,216",100% bearish,of 1 rating,$4.50
RXDX,$13.81,1439921806033,"82,478",100% bullish,of 1 rating,$20
KANG,$17.01,1439921806066,"66,240",50% bullish,of 2 ratings,$22.55
IIVI,$17.71,1439921806097,"50,934",100% bearish,of 1 rating,$22
IKAN,$2.7299,1439921806173,"17,732",83% bullish,of 6 ratings,$5
ISNS,$4.17,1439921806200,"17,295",50% bullish,of 2 ratings,N/A
IKNX,NULL,1439921806230,0,100% bearish,of 1 rating,N/A
ILMN,$206.84,1439921806255,"333,674",80% bullish,of 5 ratings,$240
ICCC,$8.81,1439921806558,"1,785",100% bullish,of 1 rating,N/A
IMMR,$12.45,1439921806621,"23,283",80% bullish,of 5 ratings,$15.50
IMDZ,$16.53,1439921806693,"37,498",100% bearish,of 1 rating,$33
IMGN,$13.735,1439921806723,"371,060",75% bullish,of 4 ratings,$17.50
IMNP,$1.5,1439921806745,"87,156",50% bullish,of 2 ratings,$6
IPXL,$46.9,1439921806774,"201,058",67% bullish,of 3 ratings,$46.50
IMMU,$1.8999,1439921806826,"424,432",86% bullish,of 7 ratings,$2
IMMY,$7.76,1439921806983,"3,335",100% bearish,of 1 rating,$11
SAAS,$8,1439921807043,"117,632",50% bullish,of 2 ratings,$15
IBCP,$14.66,1439921807143,"9,343",100% bullish,of 1 rating,$14.50
INCY,$114,1439921807172,"544,577",50% bullish,of 6 ratings,$125.50
INDB,$48.32,1439921807202,"15,843",Not yet rated,NULL,$44
IBTX,$42.99,1439921807232,"13,750",100% bullish,of 2 ratings,$47.25
IDSA,$3.74,1439921807333,"3,293",Not yet rated,NULL,N/A
INCR,$44.45,1439921807359,"365,572",50% bullish,of 2 ratings,$53
INFN,$24.645,1439921807619,"627,548",71% bullish,of 7 ratings,$27.50
IPCC,$80.54,1439921807650,"15,514",Not yet rated,NULL,$77
INFI,$9.48,1439921807678,"111,696",50% bullish,of 4 ratings,$18
IMKTA,$54.33,1439921807811,"89,650",100% bearish,of 1 rating,N/A
INNL,NULL,1439921807966,0,100% bearish,of 1 rating,$16.50
INOD,$2.61,1439921807999,"2,230",100% bearish,of 1 rating,N/A
III,$4.2,1439921808021,"49,628",57% bullish,of 7 ratings,$6
INWK,$7.8,1439921808053,"46,326",50% bullish,of 2 ratings,$10
IFON,$1.37,1439921808097,"26,004",75% bullish,of 4 ratings,N/A
IPHS,$50.4349,1439921808187,"31,046",100% bearish,of 1 rating,$60
ISSC,$2.91,1439921808293,"5,400",67% bearish,of 3 ratings,N/A
IOSP,$46.93,1439921808323,"45,707",100% bearish,of 1 rating,N/A
ITEK,$15.9801,1439921808443,"427,324",67% bearish,of 3 ratings,$20
INGN,$50.19,1439921808472,"85,573",100% bearish,of 1 rating,$50.50
INOV,$21.93,1439921808577,"224,536",100% bearish,of 1 rating,$33
INO,$7.5563,1439921808638,"399,189",89% bullish,of 18 ratings,$20
ISIG,$2.68,1439921808767,100,100% bearish,of 1 rating,N/A
NSIT,$26.16,1439921808854,"49,539",50% bullish,of 2 ratings,N/A
INSM,$27.49,1439921808897,"106,992",71% bullish,of 7 ratings,$32
NTEC,$6.05,1439921808927,"1,552",Not yet rated,NULL,N/A
PODD,$30.62,1439921809032,"122,412",50% bullish,of 2 ratings,$35
INSY,$34.55,1439921809108,"242,509",75% bullish,of 4 ratings,$48
IIIN,$17.59,1439921809136,"5,760",100% bearish,of 2 ratings,N/A
IART,$62.63,1439921809285,"38,518",100% bearish,of 1 rating,$71.50
IESC,$7.35,1439921809330,"12,200",100% bearish,of 1 rating,N/A
IDTI,$18.34,1439921809424,"4,484,805",60% bullish,of 5 ratings,$25
ISSI,$22.26,1439921809458,"37,253",67% bullish,of 3 ratings,$19.75
INTC,$28.89,1439921809514,"7,363,076",82% bullish,of 238 ratings,$36
IPCI,$2.2399,1439921809646,"21,772",67% bullish,of 6 ratings,$7.75
IQNT,$21.6096,1439921809673,"1,069,157",86% bullish,of 7 ratings,$20
IPAR,$29.07,1439921809703,"46,383",67% bullish,of 3 ratings,$38
IBKR,$42.285,1439921809836,"99,133",100% bullish,of 1 rating,N/A
ICLD,$1.9358,1439921809938,"106,768",75% bullish,of 4 ratings,N/A
ICPT,$211.3,1439921810006,"73,768",70% bullish,of 10 ratings,$363
ININ,$39.93,1439921810039,"16,274",67% bearish,of 3 ratings,$57
ICLDW,NULL,1439921810140,0,100% bearish,of 1 rating,N/A
IDCC,$49.83,1439921810198,"67,733",80% bullish,of 5 ratings,$63
TILE,$26.11,1439921810232,"164,169",67% bearish,of 3 ratings,$27
IMI,NULL,1439921810365,0,67% bullish,of 3 ratings,$2.22
INAP,$8.66,1439921810437,"60,470",75% bullish,of 4 ratings,$11
ISCA,$33.92,1439921810463,"36,890",100% bearish,of 1 rating,N/A
IGLD,$7.72,1439921810599,"3,059",50% bullish,of 2 ratings,N/A
IBOC,$27.5297,1439921810627,"18,790",100% bearish,of 1 rating,N/A
IIJI,NULL,1439921810653,0,50% bullish,of 2 ratings,$11.50
PTNT,$3.07,1439921810680,100,Not yet rated,NULL,N/A
INPH,$0.32,1439921810844,"17,956",50% bullish,of 2 ratings,N/A
INTX,$2.56,1439921810872,"12,912",67% bullish,of 3 ratings,N/A
XENT,$29.845,1439921810904,"103,189",50% bullish,of 2 ratings,$36.50
ISIL,$10.8701,1439921811000,"300,383",50% bullish,of 6 ratings,$15
IVAC,$5.04,1439921811081,"6,434",Not yet rated,NULL,$6.625
IILG,$21.6296,1439921811107,"26,922",100% bearish,of 1 rating,$30.50
INTL,$28.3,1439921811270,"36,904",67% bearish,of 3 ratings,N/A
ITCI,$30.182,1439921811377,"174,556",75% bearish,of 4 ratings,$40
ISRG,$531.475,1439921811483,"40,841",67% bullish,of 3 ratings,$600
INTLL,$25.87,1439921811509,"14,100",Not yet rated,NULL,N/A
INTU,$105.86,1439921811536,"269,888",100% bullish,of 7 ratings,$107.50
IIN,$6.44,1439921811563,5,100% bearish,of 1 rating,$12
INVT,$0.29,1439921811668,"66,832",67% bullish,of 3 ratings,N/A
ISTR,$15.81,1439921811697,"1,034",100% bearish,of 1 rating,$18.50
ISBC,$12.325,1439921811801,"1,039,063",100% bullish,of 1 rating,$13.25
SNAK,$8.74,1439921811829,"21,490",50% bullish,of 2 ratings,$14
ITIC,NULL,1439921811996,0,100% bearish,of 2 ratings,N/A
NVIV,$11.713,1439921812035,"114,401",50% bullish,of 4 ratings,$24.50
IVTY,$11.56,1439921812087,"13,739",Not yet rated,NULL,$18
IPAS,$1.0597,1439921812251,"23,356",67% bullish,of 3 ratings,N/A
DFVL,$65.55,1439921812278,"1,000",Not yet rated,NULL,N/A
DTUL,$64.46,1439921812304,200,Not yet rated,NULL,N/A
IPGP,$91.71,1439921812446,"82,976",100% bearish,of 2 ratings,$109.50
IRMD,$26.44,1439921812513,"5,475",67% bearish,of 3 ratings,$25
IPCM,$79.5,1439921812547,"59,842",50% bullish,of 2 ratings,$80.125
IRIX,$7.05,1439921812598,"4,800",100% bearish,of 1 rating,N/A
IRDM,$6.86,1439921812650,"104,372",60% bullish,of 5 ratings,$11.50
IRDMB,$270.85,1439921812730,500,67% bearish,of 3 ratings,N/A
IRBT,$31.14,1439921812784,"61,370",67% bullish,of 6 ratings,$37
COMT,$33.4,1439921812980,"2,256",100% bearish,of 1 rating,N/A
IRWD,$11.56,1439921813060,"255,818",100% bearish,of 1 rating,$13
IRCP,$35,1439921813121,"2,600",100% bullish,of 2 ratings,N/A
FCHI,$49.71,1439921813152,"3,061",Not yet rated,NULL,N/A
GNMA,$50,1439921813253,"2,510",Not yet rated,NULL,N/A
IFEU,$40.1117,1439921813388,650,Not yet rated,NULL,N/A
IFGL,$30.01,1439921813420,"96,920",Not yet rated,NULL,N/A
IFAS,NULL,1439921813460,0,Not yet rated,NULL,N/A
IFNA,$55.96,1439921813518,"1,500",Not yet rated,NULL,N/A
ACWX,$42.84,1439921813561,"122,196",100% bearish,of 1 rating,N/A
ACWI,$58.98,1439921813653,"259,040",Not yet rated,NULL,N/A
AAXJ,$55.68,1439921813682,"529,689",Not yet rated,NULL,N/A
AXJS,$52.38,1439921813786,128,Not yet rated,NULL,N/A
AAIT,$30.934,1439921813918,"2,266",100% bullish,of 1 rating,N/A
EMDI,NULL,1439921813976,0,Not yet rated,NULL,N/A
EEMA,$52.42,1439921814053,"3,917",Not yet rated,NULL,N/A
EEME,$39,1439921814160,16,100% bearish,of 1 rating,N/A
EMEY,NULL,1439921814203,0,Not yet rated,NULL,N/A
EEML,$28.8,1439921814265,173,Not yet rated,NULL,N/A
IEUS,$47.17,1439921814398,"5,783",100% bearish,of 1 rating,N/A
EGRW,$48.8812,1439921814444,512,Not yet rated,NULL,N/A
EUFN,$23.17,1439921814474,"98,608",100% bearish,of 1 rating,N/A
EVAL,$37.17,1439921814576,"220,160",Not yet rated,NULL,N/A
IBB,$368.4,1439921814605,"246,416",63% bullish,of 8 ratings,N/A
QAT,$21.95,1439921814709,145,Not yet rated,NULL,N/A
EMIF,$30.07,1439921815964,"3,954",Not yet rated,NULL,N/A
ICLN,$10.23,1439921816013,"8,323",50% bullish,of 2 ratings,N/A
UAE,$18.51,1439921816040,900,Not yet rated,NULL,N/A
SOXX,$84.72,1439921816065,"93,352",50% bullish,of 2 ratings,N/A
WOOD,$51.45,1439921816114,"4,752",50% bullish,of 2 ratings,N/A
ISHG,$78.5899,1439921816211,"4,301",100% bearish,of 1 rating,N/A
INDY,$29.5805,1439921816236,"75,811",100% bullish,of 1 rating,N/A
IGOV,$89.9201,1439921816394,"16,737",100% bearish,of 1 rating,N/A
ISRL,NULL,1439921816419,0,100% bearish,of 1 rating,N/A
ISIS,$51.4049,1439921816447,"449,023",53% bullish,of 15 ratings,$67
ITRN,$25.1169,1439921816492,626,50% bullish,of 2 ratings,N/A
ISLE,$19.22,1439921816582,"127,553",50% bullish,of 4 ratings,$16
ITUS,$4.31,1439921816627,966,Not yet rated,NULL,N/A
ITRI,$33.46,1439921816652,"108,709",Not yet rated,NULL,$37
XXIA,$15.69,1439921816726,"146,305",71% bullish,of 7 ratings,$14.625
IXYS,$10.67,1439921816858,"49,696",50% bullish,of 4 ratings,N/A
JASO,$8.29,1439921817013,"545,430",82% bullish,of 17 ratings,$10
MAYS,$58.5,1439921817039,"2,135",Not yet rated,NULL,N/A
JJSF,$118.95,1439921817090,"14,511",100% bearish,of 1 rating,N/A
JCOM,$72.98,1439921817182,"84,468",100% bullish,of 2 ratings,$77
JBHT,$79.7,1439921817224,"239,146",50% bullish,of 4 ratings,$89.50
JKHY,$71.4825,1439921817259,"30,585",50% bullish,of 2 ratings,$72
JAXB,NULL,1439921817322,0,100% bullish,of 1 rating,N/A
JXSB,$24.214,1439921817428,100,Not yet rated,NULL,N/A
JACK,$86.34,1439921817489,"228,368",83% bullish,of 6 ratings,$105
JAGX,$2.84,1439921817515,"2,900",Not yet rated,NULL,N/A
JAKK,$9.61,1439921817591,"152,173",60% bearish,of 5 ratings,$10.50
JMBA,$13.88,1439921817670,"364,319",75% bullish,of 4 ratings,$18
ERW,NULL,1439921817769,0,Not yet rated,NULL,N/A
JRVR,$26.95,1439921817829,"3,928",Not yet rated,NULL,$27
JASN,$5.28,1439921817973,"7,108",50% bullish,of 2 ratings,$9.50
JASNW,NULL,1439921818005,0,50% bullish,of 2 ratings,N/A
JAZZ,$188.08,1439921818031,"78,531",80% bullish,of 15 ratings,$206.50
JD,$26.78,1439921818106,"3,055,713",75% bullish,of 16 ratings,$36
JBLU,$24.0225,1439921818209,"2,984,353",94% bullish,of 16 ratings,$27
JCTCF,$9.54,1439921818239,20,100% bullish,of 1 rating,N/A
JTPY,$2.96,1439921818273,100,100% bearish,of 1 rating,N/A
DATE,$6.55,1439921818407,"66,291",75% bullish,of 4 ratings,$9
JST,$4.3,1439921818436,"5,314",75% bullish,of 4 ratings,N/A
JIVE,$4.12,1439921818539,"248,770",75% bullish,of 4 ratings,$5
WYIGU,$10.02,1439921818673,997,Not yet rated,NULL,N/A
JOEZ,$0.1977,1439921818737,"118,518",92% bullish,of 12 ratings,N/A
JBSS,$48.08,1439921818869,"21,540",67% bearish,of 3 ratings,N/A
JOUT,$26.707,1439921818923,"5,322",100% bearish,of 1 rating,$34
JUNO,$42.476,1439921818949,"1,008,513",73% bullish,of 11 ratings,$71.50
JNP,$9.8,1439921819012,"7,908",100% bullish,of 3 ratings,$15
KALU,$85.32,1439921819081,"28,734",67% bearish,of 3 ratings,$91
KTWO,$22.05,1439921819107,"86,170",100% bearish,of 1 rating,$28.50
KMDA,$3.87,1439921819186,"13,813",50% bullish,of 2 ratings,$8
KNDI,$7.1001,1439921819328,"90,135",86% bullish,of 22 ratings,N/A
KBIO,$2.05,1439921819412,"106,692",50% bullish,of 4 ratings,N/A
KCLI,$47.71,1439921819438,"9,745",Not yet rated,NULL,N/A
KPTI,$13.42,1439921819498,"288,830",67% bearish,of 3 ratings,$41
KBSF,NULL,1439921819570,0,100% bullish,of 1 rating,N/A
KRNY,$11.82,1439921819678,"266,186",100% bearish,of 1 rating,$12
KCAP,$4.83,1439921819704,"78,036",75% bullish,of 4 ratings,$6.75
KELYA,$14.85,1439921819835,"25,429",67% bullish,of 6 ratings,$20
KFFB,$8.55,1439921819905,"9,460",100% bearish,of 1 rating,N/A
KMPH,$22.44,1439921819969,"46,650",100% bearish,of 2 ratings,$22
GMCR,$50.58,1439921820050,"538,042",71% bullish,of 42 ratings,$64
