Symbol,Price,Date,Volume,Rating,RatingVoteCount,OneYearEstimate
TFSCR,NULL,1439922002730,0,Not yet rated,NULL,N/A
TFSCW,$0.22,1439922002763,4,100% bearish,of 1 rating,N/A
PIH,$7.39,1439922002794,"8,273",100% bearish,of 1 rating,N/A
FCTY,$7.45,1439922002820,300,100% bullish,of 1 rating,$8.50
TFSC,NULL,1439922002842,0,100% bearish,of 1 rating,N/A
TFSCU,NULL,1439922002876,0,Not yet rated,NULL,N/A
FCCY,$11.5999,1439922002898,"2,342",100% bullish,of 1 rating,$13
FLWS,$9.72,1439922002927,"76,845",100% bullish,of 5 ratings,$15
USLV,$13.44,1439922003138,"397,748",86% bullish,of 7 ratings,N/A
VNET,$21.02,1439922003165,"135,191",60% bullish,of 5 ratings,$29.50
TWOU,$35.205,1439922003195,"219,540",50% bullish,of 2 ratings,$39
DGLD,$85.2701,1439922003233,"3,528",100% bullish,of 1 rating,N/A
DSLV,$67.58,1439922003334,"34,782",100% bearish,of 1 rating,N/A
SRCE,$31.14,1439922003355,"9,109",100% bullish,of 3 ratings,$33
UGLD,$8.88,1439922003433,"125,671",100% bearish,of 1 rating,N/A
JOBS,$28.04,1439922003493,"42,473",50% bullish,of 4 ratings,$36
SIXD,$2.5,1439922003713,"45,206",Not yet rated,NULL,N/A
CAFD,$15.49,1439922003847,"123,397",Not yet rated,NULL,$25
AVHI,$14.31,1439922003905,"9,090",100% bearish,of 1 rating,$19
EGHT,$8.59,1439922003927,"101,722",82% bullish,of 17 ratings,$11
AAON,$23.05,1439922003950,"51,730",100% bearish,of 1 rating,$24
ABAX,$48.19,1439922003984,"47,872",100% bearish,of 1 rating,$60
SHLM,$35.85,1439922004019,"69,172",100% bearish,of 1 rating,$50
ABY,$21.67,1439922004082,"176,225",100% bearish,of 2 ratings,$46
ABGB,$4.7,1439922004121,"57,748",67% bullish,of 3 ratings,$5.50
ABEOW,$2.2,1439922004251,202,100% bullish,of 1 rating,N/A
ABEO,$5.28,1439922004278,"82,928",67% bullish,of 3 ratings,$15.50
AXAS,$1.72,1439922004322,"385,691",78% bullish,of 9 ratings,$3.50
ABMD,$104.83,1439922004351,"207,408",75% bullish,of 4 ratings,$86
ACTG,$8.63,1439922004562,"102,863",67% bullish,of 3 ratings,$18.50
ACHC,$81.94,1439922004622,"134,471",50% bullish,of 2 ratings,$92
ACST,$0.37,1439922004694,"3,386",100% bullish,of 2 ratings,N/A
ACAD,$38.65,1439922004728,"272,836",85% bullish,of 20 ratings,$48
AXDX,$19.01,1439922004751,"53,348",100% bearish,of 1 rating,N/A
ANCX,$19.2,1439922004789,"11,274",Not yet rated,NULL,$19
XLRN,$30.99,1439922004838,"85,241",50% bullish,of 2 ratings,$57
VXDN,$14.86,1439922004882,615,Not yet rated,NULL,N/A
ARAY,$6.05,1439922005126,"398,878",100% bearish,of 1 rating,$10.50
ACET,$25.28,1439922005198,"23,206",75% bullish,of 4 ratings,$30
VXUP,$17.0299,1439922005225,575,Not yet rated,NULL,N/A
ACRX,$4.38,1439922005255,"72,159",67% bearish,of 6 ratings,$5.50
ACHN,$8.61,1439922005365,"1,452,251",90% bullish,of 21 ratings,$16
AKAO,$7.048,1439922005393,"36,975",75% bullish,of 4 ratings,$15
ACIW,$22.95,1439922005419,"83,929",50% bullish,of 2 ratings,$24
ACNB,$20.36,1439922005603,700,Not yet rated,NULL,N/A
ATVI,$29.29,1439922005698,"1,596,176",68% bullish,of 84 ratings,$31.50
ACTS,NULL,1439922005729,0,100% bearish,of 1 rating,N/A
ACOR,$31.47,1439922005759,"55,523",67% bearish,of 3 ratings,$38.50
ACPW,$1.86,1439922005793,"7,600",100% bullish,of 4 ratings,$3.50
ACUR,$0.6,1439922005830,"13,700",100% bullish,of 5 ratings,$1
ACTA,$13.55,1439922005894,"37,176",67% bearish,of 3 ratings,$25
ACXM,$21.1,1439922006208,"109,528",67% bullish,of 3 ratings,N/A
ADMS,$21.28,1439922006241,"19,975",100% bearish,of 2 ratings,$36
ADAP,$15.52,1439922006301,"69,786",67% bullish,of 3 ratings,$22
ADMP,$3.8425,1439922006342,"34,243",50% bullish,of 2 ratings,$10
ADUS,$30.57,1439922006380,"50,459",100% bearish,of 1 rating,$31
AEY,$2.29,1439922006579,"2,825",100% bearish,of 2 ratings,N/A
ADMA,$9.605,1439922006637,"8,231",Not yet rated,NULL,$19
ADBE,$86.2281,1439922006774,"376,578",65% bullish,of 17 ratings,$90
ADTN,$16.22,1439922006801,"91,502",67% bullish,of 3 ratings,$17.125
ADRO,$21.62,1439922006823,"101,393",80% bullish,of 5 ratings,$45.50
AEIS,$26.31,1439922006856,"53,024",50% bullish,of 2 ratings,$32.50
ADEP,$7.29,1439922006958,"6,382",50% bullish,of 2 ratings,$10.75
AMD,$1.79,1439922006989,"3,089,285",83% bullish,of 102 ratings,$2
AEGN,$18.42,1439922007481,"23,930",100% bearish,of 1 rating,$21
ADXS,$16.305,1439922007544,"257,131",64% bullish,of 14 ratings,$27
MULT,NULL,1439922007615,0,100% bearish,of 1 rating,N/A
AEHR,$2.24,1439922007647,106,50% bullish,of 2 ratings,N/A
AEGR,$18.76,1439922007669,"223,257",50% bullish,of 6 ratings,$26
ADXSW,$11.7899,1439922007700,"2,120",100% bullish,of 1 rating,N/A
YPRO,$23.05,1439922007723,700,100% bearish,of 1 rating,N/A
AEPI,$57.53,1439922007753,"6,478",100% bearish,of 1 rating,N/A
AEZS,$0.1298,1439922007910,"8,847,734",90% bullish,of 21 ratings,$1.625
AMTX,$3.32,1439922008090,"2,635",50% bullish,of 2 ratings,$26.11
AFMD,$11.58,1439922008153,"63,557",50% bullish,of 4 ratings,$15
AEMD,$6.82,1439922008184,"11,359",Not yet rated,NULL,$27.50
AERI,$16.035,1439922008220,"140,005",75% bullish,of 4 ratings,$31.50
AFFX,$9.86,1439922008287,"231,788",80% bullish,of 5 ratings,$12
AVAV,$25.83,1439922008313,"57,384",50% bullish,of 4 ratings,$31
AGEN,$7.51,1439922008349,"310,807",85% bullish,of 13 ratings,$14
AGIO,$95.435,1439922008724,"142,380",88% bullish,of 8 ratings,$114
AGRX,$8.7,1439922008751,"5,225",100% bearish,of 1 rating,$18
AGFSW,$2.2,1439922008786,"38,531",100% bearish,of 1 rating,N/A
AIMT,$23.38,1439922008816,"77,691",Not yet rated,NULL,N/A
AGFS,$10.48,1439922008843,"47,430",100% bearish,of 1 rating,N/A
AGYS,$9.52,1439922008880,"8,770",100% bearish,of 1 rating,N/A
ATSG,$9.65,1439922008914,"32,026",67% bullish,of 3 ratings,$13
AIRM,$40,1439922009057,"66,600",80% bearish,of 5 ratings,$53
AIRT,$22.5,1439922009125,"1,018",100% bullish,of 1 rating,N/A
AMCN,$5.05,1439922009193,"283,223",83% bullish,of 6 ratings,N/A
AIXG,$5.96,1439922009223,"5,983",67% bearish,of 3 ratings,$6
AKBA,$6.79,1439922009410,"97,143",100% bearish,of 1 rating,$18
AKAM,$74.03,1439922009461,"392,972",63% bullish,of 8 ratings,$77
AKER,$3,1439922009491,"148,426",Not yet rated,NULL,N/A
ALRM,$16.98,1439922009568,"60,938",100% bearish,of 1 rating,$22
ALSK,$2.15,1439922009630,"48,331",78% bullish,of 18 ratings,$2
AKRX,$43.778,1439922009656,"192,813",78% bullish,of 9 ratings,$56
AMRI,$20.8,1439922009699,"76,687",75% bearish,of 4 ratings,$24
ABDC,$12.949,1439922009725,"9,305",Not yet rated,NULL,$15
ADHD,$9.14,1439922010190,"110,156",50% bullish,of 4 ratings,$18
ALXA,$1.16,1439922010326,"5,853",83% bullish,of 6 ratings,$2.125
ALDR,$38.02,1439922010358,"157,265",67% bearish,of 3 ratings,$62
ALCO,$42.85,1439922010384,"2,506",50% bullish,of 2 ratings,N/A
ALDX,$8.1,1439922010406,"11,510",100% bearish,of 1 rating,$14.50
ALIM,$3.79,1439922010428,"23,945",80% bullish,of 5 ratings,$10
ALXN,$188.02,1439922010450,"346,892",88% bullish,of 8 ratings,$223
ALGN,$60.65,1439922010489,"147,652",100% bearish,of 2 ratings,$73
ALGT,$229.95,1439922010747,"72,447",100% bearish,of 1 rating,$235
ALLB,$23.62,1439922010779,"2,963",Not yet rated,NULL,N/A
AHGP,$35.962,1439922010802,"10,619",67% bullish,of 3 ratings,N/A
AFOP,$18.72,1439922010824,"13,882",75% bullish,of 8 ratings,$21
ALKS,$68.435,1439922010869,"171,194",67% bullish,of 3 ratings,$75
AIQ,$14.8199,1439922010961,"2,042",67% bullish,of 3 ratings,N/A
ARLP,$24.455,1439922011005,"37,930",67% bearish,of 3 ratings,$32
AHPI,$1.45,1439922011165,300,50% bullish,of 2 ratings,N/A
AMOT,$16.97,1439922011270,"25,585",100% bearish,of 1 rating,N/A
ALQA,$4.6257,1439922011403,"5,835",75% bullish,of 4 ratings,$8.50
AFAM,$49.22,1439922011453,"25,518",50% bullish,of 2 ratings,$44
MDRX,$14.2,1439922011484,"635,854",60% bullish,of 5 ratings,$16
ALLT,$5.04,1439922011585,"70,834",75% bullish,of 4 ratings,$6.25
ALNY,$110.4429,1439922011655,"246,572",67% bullish,of 3 ratings,$148.50
AOSL,$7.21,1439922011681,"31,272",67% bullish,of 3 ratings,$9
SMCP,NULL,1439922011741,0,Not yet rated,NULL,N/A
ALTR,$49.07,1439922011825,"657,422",80% bearish,of 5 ratings,$54
ASPS,$29.78,1439922011874,"53,378",67% bullish,of 3 ratings,$46.50
ATEC,$0.6,1439922012005,"63,014",100% bullish,of 1 rating,$2
AMAG,$63.98,1439922012087,"122,330",100% bullish,of 2 ratings,$75
AIMC,$26.34,1439922012115,"25,640",100% bearish,of 1 rating,$28.50
AMRK,$10.4,1439922012269,"13,348",50% bullish,of 2 ratings,$14
AMZN,$535.28,1439922012326,"674,566",81% bullish,of 262 ratings,$646
AYA,$23,1439922012364,"15,600",100% bearish,of 1 rating,$40
AMRN,$2.255,1439922012471,"376,489",85% bullish,of 39 ratings,$8
AMBC,$16.76,1439922012554,"89,120",100% bearish,of 1 rating,$16.50
AMBCW,$8.1563,1439922012602,600,100% bearish,of 1 rating,N/A
AMBA,$106.55,1439922012628,"556,898",83% bullish,of 12 ratings,$102.50
EPAX,$2.67,1439922012689,"437,908",100% bearish,of 1 rating,N/A
DOX,$60.45,1439922012759,"163,264",100% bullish,of 2 ratings,$60
AMCX,$73.61,1439922012788,"342,661",67% bullish,of 3 ratings,$85.50
AMDA,$0.4936,1439922013000,"398,842",90% bullish,of 10 ratings,$1
AMED,$45.78,1439922013050,"72,860",100% bearish,of 1 rating,$42
UHAL,$382,1439922013076,"8,935",100% bullish,of 2 ratings,$393.50
ATAX,$5.29,1439922013131,"63,019",100% bullish,of 1 rating,$6.50
ASBI,$22.715,1439922013263,"3,007",Not yet rated,NULL,N/A
AGNC,$19.835,1439922013298,"1,216,733",75% bullish,of 28 ratings,$22
AMOV,$18.7384,1439922013319,"2,619",100% bearish,of 1 rating,N/A
AAL,$43.4263,1439922013352,"2,786,377",93% bullish,of 87 ratings,$57
AGNCP,$25.346,1439922013407,"7,579",Not yet rated,NULL,N/A
AGNCB,$24.16,1439922013569,"6,700",Not yet rated,NULL,N/A
MTGEP,$24.2601,1439922013670,"1,675",Not yet rated,NULL,N/A
ACAS,$14.31,1439922013700,"366,103",60% bullish,of 5 ratings,$16.75
MTGE,$15.92,1439922013802,"95,652",75% bullish,of 4 ratings,$19.50
ACSF,$12.78,1439922013875,"20,767",100% bearish,of 1 rating,$15
AETI,$3.8,1439922013935,4,67% bearish,of 3 ratings,N/A
ANCI,$1.6912,1439922014006,"1,128",100% bearish,of 1 rating,N/A
ANAT,$104.29,1439922014246,"5,598",100% bullish,of 1 rating,N/A
AMRB,$10.0101,1439922014391,604,Not yet rated,NULL,$11
ARII,$40.15,1439922014418,"65,980",67% bearish,of 3 ratings,$45
AMSWA,$9.37,1439922014660,"7,277",100% bearish,of 2 ratings,$10.75
AMNB,$23.17,1439922014690,"4,974",Not yet rated,NULL,$25.50
APEI,$22.23,1439922014724,"42,152",100% bearish,of 1 rating,$29
ASEI,$39.35,1439922014751,"34,927",100% bearish,of 1 rating,$52.50
AMSC,$3.95,1439922014823,"26,354",50% bullish,of 4 ratings,N/A
AMIC,NULL,1439922014850,0,Not yet rated,NULL,N/A
AMWD,$66.15,1439922015030,"39,027",50% bullish,of 2 ratings,$58
CRMT,$45.21,1439922015075,"7,789",100% bearish,of 1 rating,$49
ABCB,$28.3,1439922015105,"42,769",Not yet rated,NULL,$30.50
AMSF,$50.98,1439922015215,"25,978",Not yet rated,NULL,$57.50
ATLO,$23.5,1439922015269,104,Not yet rated,NULL,N/A
ASRVP,NULL,1439922015297,0,Not yet rated,NULL,N/A
ASRV,$3.3,1439922015325,704,100% bullish,of 2 ratings,N/A
AMKR,$4.3258,1439922015499,"333,421",100% bearish,of 2 ratings,$5
AMGN,$167.8164,1439922015526,"712,418",89% bullish,of 19 ratings,$185
FOLD,$16.57,1439922015580,"416,187",56% bullish,of 9 ratings,$21
AMPH,$14.72,1439922015713,"84,642",50% bullish,of 2 ratings,$20
AMSGP,NULL,1439922015781,0,Not yet rated,NULL,N/A
AMSG,$85.41,1439922015810,"98,241",100% bearish,of 1 rating,$85.50
AMRS,$1.64,1439922015986,"39,940",70% bullish,of 10 ratings,N/A
ASYS,$5.64,1439922016011,"17,547",67% bullish,of 3 ratings,$12
AFSI,$63.24,1439922016042,"233,152",60% bullish,of 5 ratings,$72
ANAC,$134.41,1439922016177,"167,906",80% bullish,of 5 ratings,$180.50
ALOG,$83.26,1439922016207,"23,110",100% bearish,of 2 ratings,$100.50
ANAD,$0.3799,1439922016254,"345,843",100% bullish,of 2 ratings,$.50
ADI,$57.75,1439922016348,"1,072,388",67% bullish,of 3 ratings,$68
ANCB,$22.48,1439922016535,100,Not yet rated,NULL,$23
AMCF,$0.24,1439922016563,"22,681",100% bullish,of 7 ratings,N/A
ABCW,$40.5,1439922016584,"4,239",67% bullish,of 3 ratings,N/A
ANGI,$4.33,1439922016640,"412,839",64% bullish,of 11 ratings,$5.50
ANIP,$55.48,1439922016865,"154,942",89% bullish,of 19 ratings,$66
ANIK,$36.21,1439922016894,"45,846",60% bullish,of 5 ratings,$51.25
ANSS,$97.52,1439922016964,"161,951",100% bearish,of 1 rating,$100
ANGO,$14.91,1439922017029,"15,850",67% bullish,of 3 ratings,$19
ABAC,$0.8701,1439922017055,"2,500",100% bearish,of 1 rating,N/A
ANTH,$9.24,1439922017087,"283,340",80% bullish,of 10 ratings,$13
ATRS,$1.88,1439922017113,"152,966",92% bullish,of 12 ratings,$4.50
ATNY,$2.36,1439922017285,"3,042",50% bullish,of 2 ratings,$3.75
APIC,$7.64,1439922017311,"39,113",100% bearish,of 1 rating,$19
APOG,$54.28,1439922017448,"72,519",100% bullish,of 1 rating,$62
APOL,$11.67,1439922017498,"261,896",87% bearish,of 68 ratings,$14
AINV,$6.64,1439922017624,"786,996",50% bullish,of 4 ratings,$8
ARCI,$1.28,1439922017727,"10,364",Not yet rated,NULL,N/A
APPF,$17.65,1439922017773,"31,523",50% bullish,of 2 ratings,$22
AAPL,$116.96,1439922017802,"14,005,038",86% bullish,of 2333 ratings,$150
APDN,$3.2501,1439922017823,"83,941",Not yet rated,NULL,$9
AGTC,$15.53,1439922017861,"46,398",50% bullish,of 2 ratings,$33
AMAT,$16.5175,1439922017888,"4,968,014",82% bullish,of 11 ratings,$23
APDNW,$1.25,1439922017954,"7,300",Not yet rated,NULL,N/A
AMCC,$5.59,1439922018172,"350,259",80% bullish,of 5 ratings,$8
AREX,$2.64,1439922018205,"201,634",100% bearish,of 1 rating,$3
APRI,$1.16,1439922018235,"51,674",83% bullish,of 6 ratings,$4.86
AAOI,$21.98,1439922018331,"127,671",50% bullish,of 4 ratings,$26
APTO,$5.17,1439922018434,"3,127",Not yet rated,NULL,$17
AQXP,$18.7992,1439922018567,"351,343",50% bullish,of 2 ratings,$2
AQMS,$5.35,1439922018595,"11,668",Not yet rated,NULL,N/A
AUMAU,NULL,1439922018620,0,Not yet rated,NULL,N/A
PETX,$17.05,1439922018809,"93,947",100% bearish,of 2 ratings,$26
AUMA,$9.8799,1439922018843,600,Not yet rated,NULL,N/A
AUMAW,NULL,1439922018864,0,Not yet rated,NULL,N/A
ARCW,$3.7106,1439922018925,"2,303",100% bearish,of 2 ratings,$10.50
ARDM,NULL,1439922018947,0,100% bullish,of 1 rating,$26
ABIO,$0.9199,1439922019029,"55,678",50% bullish,of 2 ratings,$3.75
ABUS,$8.1151,1439922019081,"201,535",86% bullish,of 14 ratings,$23
RKDA,$5.65,1439922019214,"20,631",100% bearish,of 2 ratings,$10
ACGL,$73.92,1439922019358,"74,168",50% bullish,of 2 ratings,$72
ARCB,$32.36,1439922019388,"46,764",50% bullish,of 2 ratings,$39.50
ARDX,$19.65,1439922019493,"151,675",50% bullish,of 2 ratings,$22
ACAT,$29.24,1439922019522,"73,862",100% bearish,of 3 ratings,$33
ARNA,$3.235,1439922019555,"869,511",90% bullish,of 77 ratings,$5.50
AGII,$58.46,1439922019654,"31,064",Not yet rated,NULL,$58
ARCC,$16.03,1439922019687,"252,784",67% bearish,of 3 ratings,$17.875
AGIIL,$25.3,1439922019747,"10,761",Not yet rated,NULL,N/A
ARGS,$4.56,1439922019777,"4,635",50% bullish,of 2 ratings,$19.50
ARIS,$3.45,1439922019806,"4,400",Not yet rated,NULL,$4.50
ARIA,$7.375,1439922019962,"622,915",87% bullish,of 46 ratings,$9
ARMH,$43.04,1439922020091,"1,473,515",54% bearish,of 13 ratings,$61
ARKR,NULL,1439922020118,0,50% bullish,of 2 ratings,N/A
ARWA,NULL,1439922020271,0,Not yet rated,NULL,N/A
ARWAU,NULL,1439922020408,0,100% bullish,of 1 rating,N/A
ARTX,$1.553,1439922020436,"38,658",88% bullish,of 16 ratings,$4.50
ARQL,$1.695,1439922020458,"13,375",75% bullish,of 4 ratings,$5
ARWAR,NULL,1439922020479,0,Not yet rated,NULL,N/A
ARWAW,NULL,1439922020521,0,Not yet rated,NULL,N/A
ARRS,$27.63,1439922020612,"162,113",50% bullish,of 2 ratings,$38
ARRY,$5.7,1439922020639,"337,300",100% bullish,of 7 ratings,$10
DWAT,NULL,1439922020700,0,100% bearish,of 1 rating,N/A
ARTNA,$22.4823,1439922020832,"6,588",100% bearish,of 1 rating,$29
ARWR,$5.74,1439922020859,"612,989",75% bullish,of 4 ratings,$10.50
AROW,$27.49,1439922020889,"5,342",Not yet rated,NULL,N/A
ARTW,$4.45,1439922020989,700,75% bearish,of 4 ratings,N/A
ASBB,NULL,1439922021246,0,Not yet rated,NULL,N/A
ASNA,$12.31,1439922021356,"596,681",50% bullish,of 2 ratings,$18
ASTI,$0.1543,1439922021406,"1,114,645",83% bullish,of 6 ratings,$3
ASND,$17.54,1439922021436,"17,154",100% bullish,of 1 rating,$30
APWC,$2.07,1439922021458,100,100% bearish,of 1 rating,N/A
ASMI,$38.69,1439922021479,690,50% bullish,of 2 ratings,N/A
ASCMA,$28.1,1439922021501,"58,128",100% bearish,of 1 rating,$45
AZPN,$39.18,1439922021543,"343,145",50% bullish,of 2 ratings,$42
ASMB,$13.97,1439922021843,"30,591",67% bullish,of 3 ratings,N/A
ASFI,$9.0503,1439922021927,"1,775",100% bullish,of 1 rating,N/A
ASML,$92.79,1439922021977,"537,877",67% bullish,of 3 ratings,$127
ALOT,$13.9999,1439922022004,100,100% bearish,of 1 rating,N/A
ASTE,$37.63,1439922022025,"13,913",100% bearish,of 1 rating,$48
ASTC,$2.4,1439922022251,"11,023",100% bullish,of 5 ratings,N/A
ATRO,$57.5,1439922022280,"51,706",100% bearish,of 2 ratings,$80
ASUR,$5.9,1439922022302,"1,015",Not yet rated,NULL,$8
ATAI,$3.15,1439922022332,"1,860",100% bearish,of 1 rating,N/A
AFCB,NULL,1439922022465,0,Not yet rated,NULL,N/A
AAPC,$10.18,1439922022491,14,Not yet rated,NULL,N/A
ATRA,$49.37,1439922022541,"75,933",50% bullish,of 2 ratings,$68
ATHN,$139.44,1439922022632,"73,451",67% bearish,of 3 ratings,$153
AAME,$3.51,1439922022717,100,Not yet rated,NULL,N/A
ATHX,$1.2,1439922022854,"52,280",89% bullish,of 9 ratings,$5
ATLC,$3.99,1439922022957,"2,795",67% bullish,of 3 ratings,N/A
ACFC,$6.5495,1439922023003,"33,685",Not yet rated,NULL,$6.50
ATNI,$75.64,1439922023057,"27,404",100% bearish,of 1 rating,$69.50
AAWW,$45.25,1439922023138,"91,904",50% bullish,of 2 ratings,$65
ATOS,$0.8961,1439922023170,"198,566",100% bullish,of 7 ratings,$7
AFH,$17.15,1439922023192,"23,161",Not yet rated,NULL,$21.50
ATML,$7.68,1439922023275,"2,583,142",78% bullish,of 9 ratings,$9.50
ATRI,$394.4,1439922023376,"1,150",Not yet rated,NULL,N/A
ATRC,$27.47,1439922023405,"27,982",100% bullish,of 1 rating,$30
ATRM,$2.8501,1439922023433,600,50% bullish,of 2 ratings,N/A
LIFE,$15.08,1439922023583,"18,008",86% bullish,of 7 ratings,$43
ATTU,$15.15,1439922023655,"12,126",100% bearish,of 1 rating,$20.50
AUBN,$27,1439922023681,250,Not yet rated,NULL,N/A
AUDC,$3.32,1439922023846,"48,285",80% bullish,of 5 ratings,$5
EARS,$5.02,1439922023919,"1,200",100% bearish,of 2 ratings,$12
AUPH,$3.51,1439922023954,"16,364",100% bearish,of 1 rating,$8
ADSK,$54.62,1439922024049,"338,838",83% bullish,of 6 ratings,$69.50
ADAT,$0.12,1439922024075,"10,692",100% bullish,of 2 ratings,N/A
ADP,$84.71,1439922024134,"1,062,778",100% bearish,of 1 rating,$88
ABTL,$18.975,1439922024268,"33,501",100% bullish,of 4 ratings,$20.25
AAVL,$11.04,1439922024296,"306,208",100% bearish,of 1 rating,$20
AVEO,$1.63,1439922024445,"2,207,512",75% bullish,of 8 ratings,$3
AVGO,$122.6,1439922024478,"640,791",88% bullish,of 8 ratings,$160
AVNU,$12.97,1439922024543,"227,466",Not yet rated,NULL,$14
AVID,$8.62,1439922024572,"131,499",100% bearish,of 1 rating,$20
AVNW,$1.13,1439922024610,"9,908",50% bullish,of 2 ratings,$2.20
AVGR,$15.2,1439922024710,"11,917",100% bearish,of 1 rating,$20
CAR,$46.7,1439922024846,"834,515",80% bullish,of 5 ratings,$60
ACLS,$3.22,1439922024908,"250,958",67% bullish,of 6 ratings,$4.75
AWRE,$3.33,1439922024974,"6,850",67% bullish,of 3 ratings,N/A
AXPWW,NULL,1439922025038,0,Not yet rated,NULL,N/A
AXGN,$3.9499,1439922025068,"10,253",Not yet rated,NULL,$5
AXPW,$1.1601,1439922025098,"135,074",83% bullish,of 6 ratings,N/A
AXTI,$2.22,1439922025202,"10,282",50% bullish,of 2 ratings,$2.75
BCOM,$20,1439922025286,1,100% bearish,of 1 rating,N/A
BOSC,$2.32,1439922025496,"2,080",50% bullish,of 2 ratings,N/A
BIDU,$167,1439922025561,"1,796,268",81% bullish,of 88 ratings,$215
BEAV,$51.09,1439922025591,"198,196",67% bearish,of 3 ratings,$59
BCPC,$60.79,1439922025618,"61,508",100% bearish,of 1 rating,$75
RILY,$9.9999,1439922025640,"1,200",Not yet rated,NULL,N/A
BWINA,$23.35,1439922025829,100,Not yet rated,NULL,N/A
BLDP,$1.325,1439922025850,"61,295",91% bullish,of 22 ratings,$2.50
BWINB,$23.2799,1439922025884,300,Not yet rated,NULL,N/A
BANF,$63.46,1439922025916,"9,372",Not yet rated,NULL,$68
BKMU,$7.29,1439922026021,"11,720",Not yet rated,NULL,$8
BANFP,NULL,1439922026153,0,Not yet rated,NULL,N/A
BMRC,$49.1,1439922026179,"3,403",Not yet rated,NULL,$52
BOCH,$5.78,1439922026247,"2,872",Not yet rated,NULL,$6.50
BKSC,$16.1199,1439922026427,"1,442",Not yet rated,NULL,N/A
BOTJ,$11.5,1439922026477,516,Not yet rated,NULL,N/A
OZRK,$43.43,1439922026507,"115,030",67% bullish,of 3 ratings,$49.50
BFIN,$12.2599,1439922026564,"7,150",Not yet rated,NULL,$13
BWFG,NULL,1439922026593,0,100% bearish,of 1 rating,N/A
BANR,$47.3,1439922026623,"9,753",100% bullish,of 3 ratings,$50
BZUN,$7.76,1439922026726,"98,249",50% bullish,of 2 ratings,$13.85
BHAC,NULL,1439922026869,0,Not yet rated,NULL,N/A
BHACR,NULL,1439922026894,0,Not yet rated,NULL,N/A
BHACU,$10.15,1439922027062,"2,000",Not yet rated,NULL,N/A
TAPR,$31.76,1439922027089,"3,187",100% bearish,of 1 rating,N/A
BHACW,NULL,1439922027110,0,Not yet rated,NULL,N/A
BBSI,$37.08,1439922027239,"38,912",67% bearish,of 3 ratings,$62.50
BSET,$31.23,1439922027314,"32,760",100% bearish,of 1 rating,$35
BYBK,$5.06,1439922027340,"27,005",100% bearish,of 1 rating,N/A
BBCN,$15.56,1439922027471,"122,184",100% bearish,of 1 rating,$16
BDCV,$4.98,1439922027556,"12,630",100% bearish,of 1 rating,$10.19
BYLK,$12.92,1439922027583,"42,800",Not yet rated,NULL,$14
BV,$5.3,1439922027612,"143,164",67% bullish,of 6 ratings,$9
BCBP,$11.749,1439922027641,"2,412",Not yet rated,NULL,N/A
BECN,$36.06,1439922027776,"56,860",50% bullish,of 2 ratings,$40
BSF,$9.1725,1439922027833,"6,284",Not yet rated,NULL,N/A
BBGI,$5,1439922027937,1,100% bearish,of 1 rating,N/A
BBBY,$63.49,1439922027998,"517,559",71% bullish,of 7 ratings,$75
BEBE,$1.81,1439922028023,"24,571",75% bullish,of 4 ratings,$3.075
BLPH,$5.7487,1439922028218,"59,912",100% bearish,of 1 rating,$12.50
BELFB,$20.09,1439922028248,"2,500",100% bearish,of 1 rating,N/A
BELFA,$17.2199,1439922028282,435,100% bearish,of 1 rating,N/A
BLCM,$18.4,1439922028315,"115,516",50% bullish,of 4 ratings,$40
BNFT,$39.65,1439922028378,"38,579",67% bullish,of 3 ratings,$46
BNCL,$13.05,1439922028407,"118,570",100% bullish,of 3 ratings,$12.50
BNTC,$7.68,1439922028436,"304,780",100% bullish,of 1 rating,N/A
BGMD,$0.88,1439922028565,"167,180",100% bullish,of 10 ratings,N/A
BGCP,$9.615,1439922028658,"333,072",88% bullish,of 8 ratings,$14
BGFV,$11.14,1439922028683,"26,368",57% bullish,of 7 ratings,$12
BIND,$4.52,1439922028825,"21,928",67% bullish,of 3 ratings,$13.50
ORPN,$5.75,1439922028860,"5,100",100% bullish,of 1 rating,$28.50
BCRX,$11.99,1439922029054,"185,292",63% bullish,of 8 ratings,$18
BIOD,$0.6593,1439922029081,"112,028",80% bullish,of 5 ratings,$4
BIOC,$1.9201,1439922029103,"153,639",83% bullish,of 6 ratings,$3.70
BASI,$1.4705,1439922029140,"21,201",Not yet rated,NULL,N/A
BCDA,NULL,1439922029166,0,Not yet rated,NULL,N/A
BDSI,$6.65,1439922029237,"389,058",88% bullish,of 8 ratings,$17
BIIB,$312.44,1439922029316,"377,213",88% bullish,of 16 ratings,$400
BIOL,$1.6099,1439922029346,"33,326",Not yet rated,NULL,N/A
BMRN,$137.15,1439922029583,"150,332",80% bullish,of 5 ratings,$160
BLFS,$2.1199,1439922029619,"66,940",100% bearish,of 1 rating,$4.75
BLRX,$1.55,1439922029715,"85,404",100% bullish,of 12 ratings,$5
BVXV,$4.1,1439922029741,"2,639",Not yet rated,NULL,N/A
BPTH,$1.14,1439922029872,"19,003",100% bullish,of 2 ratings,$5
BVXVW,NULL,1439922029902,0,100% bearish,of 1 rating,N/A
BRLI,$35.14,1439922029929,"104,310",83% bullish,of 6 ratings,N/A
BBC,$32.93,1439922030003,"37,280",Not yet rated,NULL,N/A
BBP,$34.655,1439922030137,"20,838",Not yet rated,NULL,N/A
BSPM,$0.7,1439922030173,"15,703",50% bullish,of 2 ratings,N/A
BIOS,$1.51,1439922030215,"522,252",71% bullish,of 7 ratings,$4
BSTC,$53.62,1439922030274,"57,132",100% bearish,of 1 rating,$76
TECH,$105.76,1439922030406,"72,686",100% bullish,of 1 rating,$117
BOTA,$2.35,1439922030435,"27,354",88% bullish,of 8 ratings,N/A
BEAT,$12.31,1439922030541,"127,020",67% bearish,of 3 ratings,$15
BITI,$19.34,1439922030628,"6,504",100% bullish,of 1 rating,$28
BJRI,$46.32,1439922030724,"109,070",50% bullish,of 2 ratings,$55
BDMS,NULL,1439922030754,0,100% bearish,of 1 rating,N/A
BBOX,$15.59,1439922030858,"21,205",100% bearish,of 1 rating,N/A
BLKB,$63.02,1439922030957,"23,874",100% bearish,of 2 ratings,$66
BDE,$7.55,1439922030983,"71,428",50% bullish,of 2 ratings,$9
HAWK,$45.19,1439922031122,"207,341",90% bullish,of 10 ratings,$49
ADRA,NULL,1439922031155,0,Not yet rated,NULL,N/A
BBRY,$7.5549,1439922031177,"1,155,027",61% bullish,of 330 ratings,$9
BKCC,$9.5376,1439922031256,"64,417",100% bullish,of 2 ratings,$10
ADRE,$31.3814,1439922031392,"3,998",Not yet rated,NULL,N/A
ADRD,NULL,1439922031417,0,100% bearish,of 1 rating,N/A
ADRU,NULL,1439922031443,0,100% bearish,of 1 rating,N/A
BLMN,$21.75,1439922031660,"349,977",83% bullish,of 6 ratings,$27.50
BUFF,$26.5499,1439922031706,"253,558",83% bullish,of 12 ratings,$33
BLBD,$13,1439922031750,"3,300",Not yet rated,NULL,N/A
BCOR,$13.69,1439922031777,"126,812",57% bullish,of 7 ratings,$15
BBLU,$0.8002,1439922031850,"174,716",100% bullish,of 2 ratings,$4.43
BLUE,$130.37,1439922031910,"154,249",86% bullish,of 7 ratings,$217.50
BHBK,$14.4,1439922031937,"17,566",100% bullish,of 1 rating,$14.50
NILE,$34.77,1439922031982,"32,873",50% bullish,of 2 ratings,$34
BKEPP,$7.88,1439922032121,"3,313",100% bearish,of 1 rating,N/A
BKEP,$6.93,1439922032257,"11,969",100% bearish,of 1 rating,$8.50
BOBE,$46.03,1439922032403,"26,252",75% bullish,of 4 ratings,$57
BPMC,$29.71,1439922032471,"66,462",50% bullish,of 2 ratings,$47.50
WIFI,$8.86,1439922032497,"167,076",50% bullish,of 2 ratings,$13.50
BOFI,$131.39,1439922032523,"47,811",100% bullish,of 6 ratings,$137.50
BNCN,$22.03,1439922032556,"16,166",Not yet rated,NULL,$23
BOKF,$65.94,1439922032666,"27,079",100% bearish,of 1 rating,$71
BOJA,$22.15,1439922032758,"60,942",100% bullish,of 1 rating,$30
BONA,$12.18,1439922032862,"189,175",75% bullish,of 4 ratings,$8.50
BAMM,$3.2199,1439922032890,"3,890",60% bullish,of 5 ratings,N/A
BPFH,$12.52,1439922032945,"81,830",100% bearish,of 1 rating,$14
BNSO,$1.4,1439922032971,"6,700",100% bearish,of 1 rating,N/A
EPAY,$26.76,1439922033112,"43,086",100% bearish,of 2 ratings,$30
BPFHW,NULL,1439922033141,0,100% bearish,of 1 rating,N/A
BPFHP,NULL,1439922033277,0,100% bearish,of 1 rating,N/A
BCLI,$3.1401,1439922033327,"204,338",80% bullish,of 5 ratings,$12
BBEP,$2.49,1439922033527,"1,388,991",69% bullish,of 13 ratings,$5.625
BBRG,$13.11,1439922033558,"18,349",67% bullish,of 3 ratings,$14.50
BDGE,$28.045,1439922033587,"7,968",Not yet rated,NULL,$31.75
BBEPP,$13.706,1439922033618,"17,583",100% bearish,of 1 rating,N/A
BDBD,$8.83,1439922033644,"284,329",60% bullish,of 5 ratings,$10
BLIN,NULL,1439922033672,0,50% bullish,of 2 ratings,$2.80
BCOV,$5.59,1439922033725,"22,839",67% bullish,of 3 ratings,$10.20
BRID,$8.83,1439922033879,"5,188",100% bearish,of 1 rating,N/A
BRCM,$51.09,1439922034038,"699,840",75% bullish,of 12 ratings,$56
BVSN,$6,1439922034063,720,60% bearish,of 5 ratings,N/A
BSFT,$33.9,1439922034089,"46,598",57% bullish,of 7 ratings,$40.50
BYFC,$1.45,1439922034114,320,50% bullish,of 2 ratings,N/A
BWEN,$3.56,1439922034262,"13,909",100% bullish,of 3 ratings,$8
BRCD,$10.085,1439922034399,"882,756",92% bullish,of 13 ratings,$12.50
BRKR,$20.08,1439922034431,"115,568",100% bearish,of 2 ratings,$22
BRKS,$10.54,1439922034503,"62,232",67% bullish,of 3 ratings,$15.25
BRKL,$10.99,1439922034534,"119,445",100% bearish,of 1 rating,$10.75
BLMT,$21.27,1439922034564,"2,400",Not yet rated,NULL,N/A
BSQR,$6.8601,1439922034591,"71,586",67% bullish,of 3 ratings,N/A
BMTC,$29.96,1439922034631,"10,998",Not yet rated,NULL,$34
BUR,$2.0501,1439922034875,"2,200",100% bearish,of 1 rating,$8
BWLD,$196.6,1439922034901,"78,118",82% bullish,of 11 ratings,$205
CFFI,NULL,1439922034969,0,100% bearish,of 1 rating,N/A
BLDR,$14.87,1439922035029,"633,729",50% bullish,of 2 ratings,$22
CHRW,$69.695,1439922035127,"445,910",Not yet rated,NULL,$72
CA,$29.52,1439922035284,"515,321",50% bullish,of 4 ratings,$33
CDZI,$7.4,1439922035319,"14,134",100% bearish,of 1 rating,N/A
CCMP,$44.98,1439922035347,"46,558",50% bullish,of 2 ratings,$59
CDNS,$21.53,1439922035415,"699,470",75% bullish,of 4 ratings,$22.50
CZR,$7.38,1439922035443,"613,654",60% bearish,of 5 ratings,$10.50
CACQ,$7.11,1439922035478,"7,814",100% bearish,of 1 rating,$12.25
CSTE,$48.24,1439922035585,"571,709",100% bearish,of 1 rating,$65
PRSS,$4.66,1439922035690,"3,237",80% bullish,of 5 ratings,$4.50
CLMS,$11.848,1439922035854,"26,888",Not yet rated,NULL,$10.50
CLBS,$1.4,1439922035930,"42,734",79% bullish,of 14 ratings,$4
CHY,$11.9301,1439922035956,"114,685",Not yet rated,NULL,N/A
CCD,$21.4,1439922036090,"60,606",Not yet rated,NULL,N/A
CHI,$11.11,1439922036130,"127,969",100% bearish,of 1 rating,N/A
CFGE,$11.15,1439922036160,6,Not yet rated,NULL,N/A
CHW,$8.08,1439922036182,"107,984",100% bearish,of 1 rating,N/A
CGO,$12.7892,1439922036265,"9,856",100% bearish,of 1 rating,N/A
CSQ,$10.57,1439922036317,"253,418",Not yet rated,NULL,N/A
CVGW,$54.548,1439922036451,"16,837",50% bullish,of 2 ratings,$58.50
CAMP,$16.39,1439922036486,"106,217",86% bullish,of 7 ratings,$25
CFNB,NULL,1439922036653,0,100% bearish,of 1 rating,N/A
CALD,$16.08,1439922036722,"55,217",100% bearish,of 1 rating,$20.50
CALA,$5.59,1439922036749,"189,251",100% bullish,of 3 ratings,$19.50
CALM,$51.96,1439922036782,"144,131",80% bullish,of 5 ratings,$65
ABCD,$4.73,1439922036973,"27,957",83% bullish,of 6 ratings,N/A
CLMT,$26.555,1439922037007,"65,131",75% bullish,of 8 ratings,$31
CAMB,NULL,1439922037139,0,Not yet rated,NULL,N/A
CAMT,$2.94,1439922037184,"12,597",73% bullish,of 11 ratings,$4
CAMBW,NULL,1439922037216,0,Not yet rated,NULL,N/A
CAC,$40.37,1439922037245,"1,916",Not yet rated,NULL,N/A
CAMBU,NULL,1439922037271,0,100% bearish,of 1 rating,N/A
CSIQ,$24.085,1439922037321,"912,168",86% bullish,of 28 ratings,$45
CGIX,$10.94,1439922037468,"13,229",67% bullish,of 3 ratings,$14.375
CPHC,$10.5001,1439922037600,600,100% bearish,of 1 rating,N/A
CPLA,$49.27,1439922037736,"21,542",50% bullish,of 2 ratings,$65
CBF,$30.44,1439922037763,"8,388",Not yet rated,NULL,$32
CBNJ,$10.945,1439922037789,"10,575",100% bullish,of 1 rating,N/A
CCBG,$15.11,1439922037842,400,Not yet rated,NULL,$17.25
CPLP,$7.13,1439922037929,"164,132",71% bullish,of 7 ratings,$11
CSWC,$49.21,1439922038024,"4,598",Not yet rated,NULL,N/A
CPTA,$14.98,1439922038056,"37,655",Not yet rated,NULL,$18.50
CFFN,$12.21,1439922038083,"252,904",Not yet rated,NULL,$12.75
CAPN,$2.66,1439922038246,"519,416",100% bullish,of 1 rating,$10.85
CPST,$0.3961,1439922038310,"433,211",95% bullish,of 22 ratings,$1
CAPNW,$0.7699,1439922038335,100,Not yet rated,NULL,N/A
CAPR,$4.21,1439922038364,"26,268",Not yet rated,NULL,$12
CARA,$21.75,1439922038390,"84,192",50% bullish,of 4 ratings,$27.50
CARB,$11.5,1439922038570,"34,634",75% bullish,of 4 ratings,$12
CBYL,$6.54,1439922038705,"10,404",100% bearish,of 1 rating,$20
CRDC,$0.3904,1439922038836,"98,333",100% bullish,of 1 rating,$1.25
CRME,$9.68,1439922038868,949,89% bullish,of 9 ratings,$11.25
CATM,$35.26,1439922038892,"141,752",100% bearish,of 1 rating,$44
CFNL,$23.549,1439922038928,"57,041",Not yet rated,NULL,$24
CSII,$24.16,1439922038969,"126,095",100% bearish,of 2 ratings,$42.125
CDNA,NULL,1439922039036,0,100% bearish,of 1 rating,$9
CECO,$3.82,1439922039064,"103,690",67% bearish,of 3 ratings,$6
CLBH,NULL,1439922039339,0,Not yet rated,NULL,$16.50
CKEC,$23.48,1439922039393,"44,317",50% bullish,of 2 ratings,$35.915
CARO,$15.5,1439922039428,"1,555",100% bearish,of 1 rating,$19
CTRE,$11.75,1439922039481,"250,407",50% bullish,of 2 ratings,N/A
CART,$5.45,1439922039524,100,100% bearish,of 1 rating,N/A
TAST,$13,1439922039556,"78,986",Not yet rated,NULL,$14.25
CRZO,$35.05,1439922039614,"360,166",67% bearish,of 3 ratings,$57
CRTN,NULL,1439922039653,0,100% bearish,of 1 rating,N/A
CARV,NULL,1439922039833,0,50% bullish,of 2 ratings,N/A
CASM,$1.15,1439922039933,"27,117",100% bullish,of 1 rating,$3.50
CWST,$6.37,1439922040035,"66,555",50% bullish,of 2 ratings,$7
CACB,$5.4701,1439922040065,"7,989",Not yet rated,NULL,$5.50
CSCD,$14.26,1439922040091,"73,967",100% bullish,of 2 ratings,$17
CASY,$107.6,1439922040170,"150,194",50% bullish,of 2 ratings,$99.50
CASI,$1.4999,1439922040246,"1,000",100% bullish,of 1 rating,$3.50
CATYW,NULL,1439922040420,0,100% bearish,of 1 rating,N/A
CASS,$50.71,1439922040446,"5,329",100% bearish,of 1 rating,N/A
CATY,$32.05,1439922040471,"161,273",100% bearish,of 1 rating,$33.50
CATB,$12.16,1439922040517,"23,561",100% bearish,of 1 rating,$28
CVCO,$73.85,1439922040544,"8,901",100% bearish,of 1 rating,N/A
CAVM,$72.57,1439922040676,"297,007",67% bearish,of 3 ratings,$72
CBFV,NULL,1439922040702,0,Not yet rated,NULL,N/A
CPRX,$4.09,1439922040755,"203,302",71% bullish,of 7 ratings,$7
CNLM,NULL,1439922040850,0,Not yet rated,NULL,N/A
CNLMR,NULL,1439922040993,0,Not yet rated,NULL,N/A
CDK,$49.87,1439922041184,"227,251",67% bearish,of 3 ratings,$50
CNLMU,NULL,1439922041213,0,100% bullish,of 1 rating,N/A
CNLMW,NULL,1439922041244,0,Not yet rated,NULL,N/A
CECE,$10.33,1439922041267,"20,768",50% bullish,of 2 ratings,$16
CBOE,$64.41,1439922041298,"83,275",Not yet rated,NULL,$60
CDW,$39.505,1439922041326,"289,600",75% bullish,of 4 ratings,$44
CPXX,$2.18,1439922041357,"75,121",100% bullish,of 2 ratings,$7
CELG,$129.8,1439922041487,"846,497",92% bullish,of 13 ratings,$155.50
CLDX,$15.69,1439922041640,"679,213",89% bullish,of 9 ratings,$36
CELGZ,$1.9797,1439922041666,"13,791",80% bullish,of 5 ratings,N/A
CLDN,$1.08,1439922041704,"84,062",71% bullish,of 7 ratings,$3
CLRBW,NULL,1439922042122,0,Not yet rated,NULL,N/A
CLRB,$3.14,1439922042149,"6,196",100% bearish,of 1 rating,N/A
CBMG,$22.75,1439922042179,"51,430",50% bullish,of 2 ratings,N/A
CLLS,$33.05,1439922042210,"44,693",75% bullish,of 4 ratings,$51.50
CLSN,$2.2,1439922042232,"33,342",80% bullish,of 10 ratings,$7.50
CYAD,$55.27,1439922042281,100,100% bullish,of 1 rating,$87.50
CLTX,$1.01,1439922042309,"2,024,672",100% bullish,of 2 ratings,N/A
CEMP,$37.22,1439922042372,"171,006",71% bullish,of 7 ratings,$48.50
CENT,$11.76,1439922042620,"21,582",Not yet rated,NULL,$10
CETV,$2.22,1439922042649,"15,562",67% bullish,of 3 ratings,$2.80
CSFL,$14.29,1439922042687,"25,264",Not yet rated,NULL,$15
CFBK,NULL,1439922042712,0,Not yet rated,NULL,N/A
CETX,$2.5372,1439922042738,"11,400",Not yet rated,NULL,$5.60
CENTA,$12.41,1439922042916,"44,971",Not yet rated,NULL,N/A
CENX,$5.205,1439922042944,"2,426,678",67% bullish,of 6 ratings,$9
CVCY,$11.11,1439922042974,100,Not yet rated,NULL,$12
CNBKA,$41.69,1439922043081,"1,235",100% bullish,of 1 rating,N/A
CNTY,$6.35,1439922043120,"14,620",80% bullish,of 5 ratings,$7.75
CRNT,$1.4763,1439922043149,"173,951",50% bullish,of 2 ratings,$2
CERE,$1.61,1439922043221,"273,233",88% bullish,of 8 ratings,N/A
CPHD,$51.58,1439922043247,"275,179",50% bullish,of 2 ratings,$66.50
CERN,$65.22,1439922043383,"642,818",67% bullish,of 3 ratings,$79
CERU,$3.54,1439922043585,"15,609",75% bullish,of 4 ratings,$15
CERS,$5.07,1439922043641,"382,377",75% bullish,of 4 ratings,$7
CEVA,$19.5,1439922043671,"40,464",100% bearish,of 1 rating,$25
CYOU,$20.04,1439922043744,"79,454",50% bullish,of 6 ratings,$24
KOOL,$0.689,1439922043769,"3,611",100% bullish,of 5 ratings,$7
HOTR,$1.489,1439922043798,"93,711",100% bullish,of 2 ratings,$5
HOTRW,NULL,1439922043934,0,Not yet rated,NULL,N/A
GTLS,$24.31,1439922043996,"130,672",50% bullish,of 4 ratings,$40
CTHR,$1.215,1439922044066,"1,002",50% bullish,of 2 ratings,$2.50
CHTR,$188.692,1439922044097,"418,410",100% bearish,of 2 ratings,$196
CHFN,$12.52,1439922044233,"5,000",Not yet rated,NULL,$14
CHEK,$3.16,1439922044259,"1,669",Not yet rated,NULL,$7.75
CHKP,$82.57,1439922044285,"456,918",50% bullish,of 4 ratings,$92
CHEKW,NULL,1439922044512,0,Not yet rated,NULL,N/A
CEMI,$4.63,1439922044542,"8,304",50% bullish,of 2 ratings,$7.50
CHFC,$32.72,1439922044614,"9,656",100% bearish,of 1 rating,$36
CHKE,$27.485,1439922044677,"14,516",100% bearish,of 1 rating,$32.50
CHMG,$26.508,1439922044705,"3,618",Not yet rated,NULL,$30
CHMA,$26.61,1439922044735,"62,874",Not yet rated,NULL,$40
CCXI,$7,1439922044757,"55,777",67% bullish,of 3 ratings,$14
CHEV,$14.7,1439922044790,"8,359",Not yet rated,NULL,N/A
CBNK,NULL,1439922045044,0,100% bearish,of 1 rating,N/A
CMRX,$52.94,1439922045123,"105,180",50% bullish,of 2 ratings,$57
PLCE,$61.43,1439922045181,"135,021",100% bearish,of 1 rating,$71
CADC,$3.4,1439922045230,"2,244",78% bullish,of 9 ratings,N/A
CALI,$1.18,1439922045362,"222,794",67% bullish,of 3 ratings,N/A
CCCL,$0.93,1439922045495,"44,607",100% bullish,of 6 ratings,N/A
JRJC,$4.45,1439922045523,"84,971",82% bullish,of 11 ratings,N/A
CBAK,$2.26,1439922045552,"10,902",67% bullish,of 9 ratings,N/A
CAAS,$6.79,1439922045574,"7,627",93% bullish,of 14 ratings,$11.50
CBPO,$110.6,1439922045606,"92,812",75% bullish,of 8 ratings,$140.50
CHOP,$1.36,1439922045767,"1,508",50% bullish,of 2 ratings,N/A
CCCR,$0.6602,1439922045821,"22,228",67% bearish,of 3 ratings,N/A
HGSH,$1.8627,1439922045847,500,67% bullish,of 3 ratings,N/A
CJJD,$2.115,1439922046024,"95,313",100% bullish,of 1 rating,N/A
CHLN,$1.5,1439922046056,"3,527",67% bullish,of 3 ratings,N/A
CNIT,$1.72,1439922046081,"70,540",67% bullish,of 6 ratings,N/A
CHNR,$2.0301,1439922046264,"2,700",100% bearish,of 1 rating,N/A
CREG,$0.7992,1439922046404,"9,691",100% bullish,of 3 ratings,N/A
HTHT,$26.43,1439922046432,"162,372",50% bullish,of 2 ratings,$28
CPGI,$6.49,1439922046459,587,Not yet rated,NULL,N/A
CNTF,$0.9385,1439922046511,"41,918",Not yet rated,NULL,N/A
CXDC,$6.2,1439922046615,"20,054",67% bullish,of 3 ratings,N/A
CNET,$0.7999,1439922046671,"15,953",50% bullish,of 2 ratings,N/A
CSUN,$1.531,1439922046703,181,80% bullish,of 5 ratings,N/A
CNYD,$3.24,1439922046809,300,67% bullish,of 3 ratings,N/A
IMOS,$15.92,1439922046839,"61,663",60% bullish,of 5 ratings,$21.50
CCIH,$9.92,1439922046945,"62,399",67% bullish,of 6 ratings,$12.65
CHSCL,$27.13,1439922047091,"22,338",Not yet rated,NULL,N/A
CHSCM,$26.2499,1439922047175,"28,996",Not yet rated,NULL,N/A
CHSCO,$28.46,1439922047248,"7,335",Not yet rated,NULL,N/A
CHSCP,$30.4699,1439922047343,710,Not yet rated,NULL,N/A
CHSCN,$27.38,1439922047411,"9,793",Not yet rated,NULL,N/A
CHDN,$138.59,1439922047549,"32,097",Not yet rated,NULL,$165
CIFC,$7.406,1439922047577,"1,300",Not yet rated,NULL,N/A
CHUY,$32.8443,1439922047607,"41,909",50% bullish,of 2 ratings,$34
CDTX,$14.25,1439922047715,"19,028",Not yet rated,NULL,$22
CMCT,$15.12,1439922047740,"1,490",100% bearish,of 1 rating,N/A
CMPR,$70.64,1439922047768,"60,028",50% bullish,of 2 ratings,$72.50
CINF,$56.82,1439922047982,"151,672",50% bullish,of 4 ratings,$50.50
CIDM,$0.6715,1439922048010,"111,544",50% bullish,of 2 ratings,$2.10
CPHR,$6.82,1439922048036,"3,540",100% bearish,of 1 rating,$16
CTAS,$89.24,1439922048062,"115,027",100% bearish,of 1 rating,$91
CSCO,$28.34,1439922048311,"13,773,339",84% bullish,of 208 ratings,$32
CRUS,$29.195,1439922048341,"328,730",75% bullish,of 12 ratings,$44.50
CZNC,$20.09,1439922048412,"4,149",Not yet rated,NULL,N/A
CTRN,$22.6,1439922048439,"64,109",100% bearish,of 1 rating,$29.50
CZWI,$9.1001,1439922048571,900,Not yet rated,NULL,N/A
CIZN,NULL,1439922048610,0,Not yet rated,NULL,N/A
CZFC,NULL,1439922048635,0,Not yet rated,NULL,N/A
CHCO,$48.25,1439922048878,"4,997",Not yet rated,NULL,$46
CTXS,$78.01,1439922048911,"346,575",86% bullish,of 7 ratings,$80
CIVBP,NULL,1439922049009,0,Not yet rated,NULL,N/A
CIVB,$10.32,1439922049036,650,Not yet rated,NULL,$11
CLNT,$1.95,1439922049194,100,75% bullish,of 8 ratings,N/A
CDTI,$1.7737,1439922049231,"84,633",75% bullish,of 4 ratings,$3.20
CLNE,$4.575,1439922049258,"634,650",80% bullish,of 15 ratings,$9
CLRO,$11.75,1439922049325,"6,400",50% bullish,of 2 ratings,$14.25
CLFD,$18.1,1439922049430,"10,676",67% bullish,of 3 ratings,$18
CLIR,$5.23,1439922049505,"27,967",100% bullish,of 3 ratings,N/A
CBLI,$3.7504,1439922049569,"12,706",60% bullish,of 5 ratings,N/A
CSBK,$14.01,1439922049602,"23,609",Not yet rated,NULL,N/A
CLVS,$79.73,1439922049705,"149,666",60% bullish,of 5 ratings,$101.50
CMFN,$11.4,1439922049782,"14,416",100% bearish,of 1 rating,$15.50
CME,$98.05,1439922049888,"311,536",67% bullish,of 3 ratings,$102
CCNE,$17.44,1439922049985,"4,478",50% bullish,of 2 ratings,$21.50
CNV,$4.75,1439922050073,"6,701",50% bullish,of 2 ratings,$7.15
CWAY,NULL,1439922050148,0,Not yet rated,NULL,N/A
CISG,$8.35,1439922050180,"61,275",100% bullish,of 5 ratings,$10
COBZ,$13.01,1439922050209,"11,658",100% bullish,of 1 rating,$14
CDRB,$12.8,1439922050247,"8,316",67% bullish,of 3 ratings,N/A
COKE,$165.64,1439922050280,"13,057",79% bullish,of 19 ratings,N/A
CVLY,NULL,1439922050512,0,Not yet rated,NULL,N/A
CDXS,$4.06,1439922050543,"56,952",64% bullish,of 11 ratings,$6
CCOI,$29,1439922050623,"273,702",50% bullish,of 4 ratings,$35
JVA,$4.78,1439922050678,"8,714",83% bullish,of 6 ratings,$7
CGNX,$37.06,1439922050727,"230,833",50% bullish,of 2 ratings,$47
CGNT,$1.61,1439922050811,"22,229",100% bullish,of 2 ratings,$2
CTSH,$67.73,1439922050943,"631,186",90% bullish,of 10 ratings,$74.50
COHR,$58.12,1439922050969,"27,774",50% bullish,of 2 ratings,$72
CLRX,$0.5053,1439922051103,"11,252",50% bullish,of 2 ratings,$1.85
COHU,$9.32,1439922051149,"40,907",100% bearish,of 1 rating,$14.25
CLCT,$19.813,1439922051185,"13,261",100% bearish,of 1 rating,N/A
CHRS,$32.35,1439922051215,"34,046",67% bearish,of 3 ratings,$37
CIGI,$47.34,1439922051286,700,100% bearish,of 1 rating,$52
CBAN,$8.75,1439922051315,"3,993",Not yet rated,NULL,N/A
COLL,$15.77,1439922051503,"32,591",100% bearish,of 1 rating,$26
CLCD,$8.11,1439922051612,"11,868",100% bearish,of 1 rating,$20.50
COLB,$33.36,1439922051646,"74,245",Not yet rated,NULL,$36
COLM,$66.42,1439922051721,"54,148",100% bearish,of 1 rating,$71
CMCO,$21.4,1439922051749,"11,306",60% bullish,of 5 ratings,$28
CBMX,$1.263,1439922051770,"25,116",83% bullish,of 6 ratings,$3.15
CMCSA,$59.955,1439922051902,"3,423,439",66% bullish,of 35 ratings,$69.50
CMCSK,$60.39,1439922051974,"1,046,260",Not yet rated,NULL,$84
CBSH,$47.49,1439922052064,"85,056",50% bullish,of 2 ratings,$46
CBSHP,$25.3781,1439922052101,"2,205",100% bearish,of 1 rating,N/A
CUBN,$14,1439922052197,"4,078",Not yet rated,NULL,N/A
COMM,$31.5,1439922052225,"208,916",67% bearish,of 3 ratings,$35
CSAL,$23.2962,1439922052255,"187,842",75% bullish,of 4 ratings,$30
CVGI,$4.51,1439922052281,"117,389",50% bullish,of 2 ratings,$6
ESXB,$5.09,1439922052487,"3,000",Not yet rated,NULL,N/A
JCS,$9.89,1439922052563,"1,536",67% bullish,of 3 ratings,N/A
CYHHZ,$0.012,1439922052589,"319,783",100% bullish,of 1 rating,N/A
CTBI,$35.04,1439922052741,"28,643",Not yet rated,NULL,$36
COB,$10.71,1439922052787,400,100% bullish,of 1 rating,$11.50
CVLT,$37.25,1439922052816,"234,152",75% bullish,of 4 ratings,$44.50
CWBC,NULL,1439922052841,0,Not yet rated,NULL,N/A
CID,NULL,1439922053007,0,Not yet rated,NULL,N/A
CIZ,$35.058,1439922053041,"1,796",100% bearish,of 1 rating,N/A
CSA,$34.56,1439922053108,"1,775",Not yet rated,NULL,N/A
CIL,NULL,1439922053139,0,Not yet rated,NULL,N/A
CDC,$36.65,1439922053161,"11,632",Not yet rated,NULL,N/A
CFO,$37.667,1439922053291,"5,982",100% bearish,of 1 rating,N/A
CSF,$38.664,1439922053322,100,100% bearish,of 1 rating,N/A
CFA,NULL,1439922053425,0,100% bearish,of 1 rating,N/A
CDL,NULL,1439922053594,0,Not yet rated,NULL,N/A
CPSI,$46.08,1439922053727,"31,938",100% bearish,of 1 rating,$45.50
CSB,$34.6299,1439922053760,225,Not yet rated,NULL,N/A
SCOR,$64.38,1439922053862,"90,565",100% bearish,of 1 rating,$66
CGEN,$5.6299,1439922053888,"43,205",50% bullish,of 2 ratings,$11
CHCI,$0.5999,1439922053917,"1,354",50% bullish,of 2 ratings,N/A
CMTL,$27.855,1439922054050,"8,679",100% bearish,of 2 ratings,$37
CNSI,$19.37,1439922054098,"21,222",100% bearish,of 2 ratings,$29
CTG,$6.948,1439922054125,"63,943",100% bearish,of 1 rating,$8.50
CNAT,$4.4199,1439922054258,"101,814",83% bullish,of 6 ratings,$13
CXRX,$78.605,1439922054352,"4,905",Not yet rated,NULL,$90
CNCE,$16.61,1439922054387,"203,578",75% bullish,of 4 ratings,$22
CCUR,$5.1899,1439922054456,"9,086",75% bullish,of 4 ratings,N/A
CDOR,$1.37,1439922054513,"2,160",100% bullish,of 1 rating,N/A
CDORO,$18.8999,1439922054614,480,100% bearish,of 1 rating,N/A
CDORP,$7.18,1439922054644,200,100% bearish,of 1 rating,N/A
CFMS,$22.94,1439922054697,"134,990",Not yet rated,NULL,$27
CNFR,$10.5099,1439922054752,"15,534",Not yet rated,NULL,N/A
CNOB,$20.23,1439922054951,"8,656",100% bullish,of 1 rating,$23.50
CNXR,$6.5577,1439922055003,"29,588",100% bearish,of 1 rating,$12
CTWS,$34.97,1439922055029,"7,321",100% bearish,of 1 rating,$44
CNMD,$56.97,1439922055051,"34,774",Not yet rated,NULL,$59
CWCO,$11.77,1439922055217,"23,024",67% bullish,of 3 ratings,$14.50
CNSL,$20.27,1439922055247,"45,249",100% bearish,of 1 rating,$23
CONN,$33.01,1439922055278,"132,821",67% bullish,of 3 ratings,$48.50
CTCT,$24.65,1439922055385,"126,993",67% bullish,of 3 ratings,$37
CFRX,$5.47,1439922055485,"53,063",Not yet rated,NULL,$14
CFRXZ,$0.8001,1439922055579,"2,401",Not yet rated,NULL,N/A
CPSS,$5.725,1439922055616,"10,287",100% bullish,of 1 rating,$10
CTRV,$4.55,1439922055645,"8,541",Not yet rated,NULL,$6.40
CFRXW,$2.305,1439922055674,"5,857",100% bearish,of 1 rating,N/A
CRBP,$1.9159,1439922055778,"46,534",100% bullish,of 1 rating,$6.25
CTRL,$8.257,1439922055806,"49,102",50% bullish,of 2 ratings,$11
CPRT,$36.65,1439922055949,"57,671",67% bearish,of 3 ratings,$40
CORT,$5.4,1439922056080,"53,805",67% bullish,of 3 ratings,$12
BVA,$3.78,1439922056112,100,50% bullish,of 2 ratings,N/A
CORI,$11.68,1439922056143,"23,474",100% bearish,of 1 rating,$18
CSOD,$37.9,1439922056210,"145,380",50% bullish,of 2 ratings,$42
CORE,$64.06,1439922056239,"30,355",100% bearish,of 1 rating,$72
COSI,$1.19,1439922056391,"20,021",100% bullish,of 1 rating,N/A
CRVL,$33.63,1439922056533,"3,808",100% bearish,of 1 rating,N/A
ICBK,$18.25,1439922056666,500,Not yet rated,NULL,$21
CPAH,$0.4699,1439922056698,"3,665",50% bullish,of 2 ratings,N/A
COST,$145.5,1439922056719,"350,052",83% bullish,of 24 ratings,$154.50
CSGP,$195.61,1439922056741,"35,747",50% bullish,of 2 ratings,$235
CVTI,$25.25,1439922056874,"35,821",67% bearish,of 3 ratings,$39
COWNL,$27.36,1439922056954,190,Not yet rated,NULL,N/A
COWN,$5.49,1439922056980,"263,446",75% bullish,of 4 ratings,$7
COVS,$2.825,1439922057005,"44,129",67% bullish,of 3 ratings,N/A
CBRL,$150.99,1439922057145,"72,517",50% bullish,of 2 ratings,$155
CPSH,$2.47,1439922057180,"1,100",Not yet rated,NULL,N/A
CRAI,$22.73,1439922057201,"3,895",Not yet rated,NULL,$36
BREW,$8.24,1439922057278,"20,657",67% bullish,of 6 ratings,$15
GLDI,$10.9599,1439922057511,"1,800",100% bearish,of 1 rating,N/A
CRAY,$22.59,1439922057543,"110,012",83% bullish,of 6 ratings,$38.50
CACC,$203.83,1439922057646,"33,759",50% bullish,of 2 ratings,$158.50
SLVO,$10.2599,1439922057667,"11,109",100% bearish,of 1 rating,N/A
CREE,$27.4399,1439922057704,"768,204",65% bullish,of 17 ratings,$28.50
CRESY,$11.49,1439922057743,"35,756",100% bearish,of 1 rating,$19
CRTO,$48.02,1439922057805,"152,035",67% bullish,of 6 ratings,$64
CROX,$14.675,1439922057833,"318,921",63% bullish,of 8 ratings,$16.50
CCRN,$14.73,1439922058023,"131,814",100% bearish,of 1 rating,$14.25
CRWN,$4.79,1439922058155,"40,286",75% bullish,of 4 ratings,N/A
CRDS,$1.071,1439922058182,"1,274",50% bullish,of 4 ratings,$4.50
CRWS,$8.14,1439922058317,457,Not yet rated,NULL,$10
CYRX,$2.99,1439922058348,"21,364",Not yet rated,NULL,$9
CSGS,$32.18,1439922058418,"25,995",Not yet rated,NULL,$40
CYRXW,$0.9,1439922058444,"18,541",Not yet rated,NULL,N/A
CCLP,$14.8675,1439922058575,"24,030",67% bearish,of 3 ratings,$21
CSPI,$6.15,1439922058710,"1,445",67% bullish,of 3 ratings,N/A
CTIC,$1.8,1439922058772,"207,191",84% bullish,of 76 ratings,$5.75
CTRP,$70.14,1439922058811,"933,035",75% bullish,of 8 ratings,$92
CTIB,NULL,1439922058859,0,100% bearish,of 1 rating,N/A
CTCM,$1.7789,1439922058902,"291,621",80% bearish,of 5 ratings,$3.90
CUNB,$22.36,1439922058941,"1,002",Not yet rated,NULL,$24.50
CUI,$5.42,1439922058967,"10,649",50% bullish,of 2 ratings,$10
CPIX,$6.04,1439922059207,203,Not yet rated,NULL,N/A
CRIS,$2.81,1439922059244,"139,407",100% bullish,of 8 ratings,$6
CMLS,$1.28,1439922059277,"208,698",50% bullish,of 4 ratings,$6
CVBF,$17.51,1439922059378,"103,092",Not yet rated,NULL,$18
CVV,$12.24,1439922059522,"9,422",100% bullish,of 5 ratings,N/A
CUTR,$14.995,1439922059549,"24,358",67% bearish,of 3 ratings,$18
CYCC,$0.5901,1439922059798,"23,446",73% bullish,of 11 ratings,N/A
CYAN,NULL,1439922059837,0,100% bearish,of 1 rating,N/A
CYBE,$5.9,1439922059871,"22,852",100% bearish,of 1 rating,N/A
CBAY,$2.8,1439922059967,"81,450",100% bullish,of 1 rating,$4
CYBX,$59.81,1439922059993,"36,737",50% bullish,of 4 ratings,$70
CYCCP,NULL,1439922060131,0,100% bearish,of 1 rating,N/A
CY,$10.0514,1439922060293,"2,343,496",80% bullish,of 10 ratings,$15.50
CYBR,$59.37,1439922060322,"559,503",86% bullish,of 7 ratings,$66
CYNA,$15.03,1439922060344,"8,355",100% bullish,of 1 rating,$33
CONE,$34.59,1439922060677,"121,433",67% bearish,of 3 ratings,$35
CTSO,$7.56,1439922060704,"61,328",Not yet rated,NULL,$15.625
CYTR,$2.33,1439922060777,"333,830",67% bullish,of 6 ratings,$10
CYTX,$0.3945,1439922060833,"348,466",83% bullish,of 12 ratings,$5.50
CYNO,$34.26,1439922060937,"46,085",67% bearish,of 3 ratings,$45.50
CYRN,$1.77,1439922061000,"183,557",67% bullish,of 3 ratings,$4
DAEG,$0.3782,1439922061031,"2,400",100% bearish,of 1 rating,N/A
TVIX,$5.61,1439922061066,"2,066,299",81% bullish,of 16 ratings,N/A
CYTK,$6.61,1439922061091,"48,304",71% bullish,of 14 ratings,$13.50
XIV,$47.96,1439922061233,"3,890,474",75% bearish,of 4 ratings,N/A
ZIV,$49.79,1439922061365,"14,261",Not yet rated,NULL,N/A
DJCO,$208.95,1439922061413,400,Not yet rated,NULL,N/A
TVIZ,NULL,1439922061457,0,100% bearish,of 1 rating,N/A
DAKT,$11.86,1439922061508,"62,013",50% bullish,of 2 ratings,$14
DARA,$0.9242,1439922061640,"47,155",83% bullish,of 6 ratings,$1.50
DAIO,$2.69,1439922061675,72,Not yet rated,NULL,N/A
DRAM,$1.495,1439922061832,500,78% bullish,of 9 ratings,N/A
DTLK,$5.81,1439922061858,"26,552",100% bearish,of 1 rating,$9
DWCH,$5.39,1439922061896,"12,546",75% bullish,of 4 ratings,$8.25
PLAY,$36.45,1439922062034,"58,621",100% bullish,of 5 ratings,$42
DTEA,$13.005,1439922062063,"44,582",100% bearish,of 2 ratings,$24
DBVT,$44.13,1439922062142,"50,553",100% bearish,of 1 rating,$53
TRAK,$62.27,1439922062244,"97,231",50% bullish,of 2 ratings,$62.50
DWSN,$5,1439922062306,"26,399",67% bullish,of 3 ratings,$6
DFRG,$15.26,1439922062334,"71,308",100% bearish,of 1 rating,$20
DHRM,$1.818,1439922062360,"3,900",Not yet rated,NULL,N/A
TACO,$13.61,1439922062525,"167,245",100% bullish,of 3 ratings,$20
TACOW,$4.4,1439922062577,"2,410",100% bullish,of 1 rating,N/A
DCTH,$0.4904,1439922062598,"44,742",78% bullish,of 9 ratings,N/A
DELTW,NULL,1439922062729,0,Not yet rated,NULL,N/A
DENN,$12.395,1439922062811,"196,170",100% bullish,of 3 ratings,$15
DGAS,$20.15,1439922062841,"2,262",67% bearish,of 3 ratings,N/A
DELT,$2.5,1439922062863,"1,000",Not yet rated,NULL,N/A
XRAY,$57.43,1439922062992,"429,701",100% bullish,of 1 rating,$58
DEPO,$31.785,1439922063019,"273,512",80% bullish,of 5 ratings,$32
DSCI,$6.48,1439922063152,"15,970",50% bullish,of 2 ratings,$16
DEST,$12.23,1439922063179,"21,635",50% bullish,of 2 ratings,N/A
DERM,$25,1439922063242,"29,155",100% bearish,of 1 rating,$33
DSWL,$1.7999,1439922063329,"11,354",100% bullish,of 1 rating,N/A
DXLG,$4.9,1439922063483,"9,572",100% bearish,of 1 rating,$8
DXM,$0.3099,1439922063511,"211,085",50% bullish,of 2 ratings,N/A
DXCM,$97.07,1439922063549,"195,103",57% bullish,of 7 ratings,$98
DHXM,$7.55,1439922063684,2,Not yet rated,NULL,N/A
DMND,$32.08,1439922063714,"58,123",75% bullish,of 12 ratings,$32
FANG,$72.9625,1439922063848,"243,015",50% bullish,of 2 ratings,$86
DCIX,$1.8679,1439922063878,"7,719",50% bullish,of 4 ratings,$3.50
DHIL,$192.9,1439922063906,536,Not yet rated,NULL,N/A
DRNA,$10.14,1439922064069,"45,059",67% bearish,of 3 ratings,$25
DGII,$10.11,1439922064096,"40,308",100% bearish,of 1 rating,$10
DMRC,$36.66,1439922064118,"21,204",100% bearish,of 1 rating,$44
DRAD,$4.0601,1439922064250,"6,404",100% bullish,of 1 rating,$5.25
APPS,$2.3,1439922064397,"45,296",100% bearish,of 1 rating,$10.25
DGLY,$7.3,1439922064436,"97,807",50% bullish,of 6 ratings,$20
DCOM,$17.23,1439922064464,"15,211",100% bearish,of 2 ratings,$16.50
DIOD,$19.83,1439922064495,"91,226",75% bearish,of 4 ratings,$24
DISCA,$29.055,1439922064524,"469,787",67% bullish,of 3 ratings,$34
DPRX,$13.78,1439922064600,"7,244",100% bullish,of 2 ratings,$27.75
DSCO,$0.4751,1439922064827,"174,475",83% bullish,of 6 ratings,$2.75
DISCK,$27.67,1439922064959,"842,516",100% bearish,of 1 rating,$40
DISCB,NULL,1439922065042,0,100% bearish,of 1 rating,$35
DVCR,$12.1581,1439922065073,"2,075",100% bullish,of 1 rating,N/A
DISH,$66.735,1439922065104,"291,867",69% bullish,of 13 ratings,$73
BAGR,$2.97,1439922065179,"12,171",100% bearish,of 1 rating,$6
DLHC,$2.56,1439922065206,742,100% bearish,of 1 rating,N/A
DLTR,$79.195,1439922065341,"378,493",82% bullish,of 11 ratings,$88
DNBF,$26.5,1439922065367,1,Not yet rated,NULL,$27.50
DORM,$51.12,1439922065498,"78,844",100% bearish,of 1 rating,$56
DMLP,$14.69,1439922065529,"74,446",100% bearish,of 1 rating,N/A
DGICB,$18.23,1439922065551,2,100% bearish,of 1 rating,N/A
DGICA,$14.56,1439922065573,"2,448",100% bearish,of 1 rating,$17
DRWIW,NULL,1439922065816,0,Not yet rated,NULL,N/A
HILL,$5.259,1439922065863,"278,561",60% bearish,of 5 ratings,$8
DRWI,$0.29,1439922065890,"69,767",60% bullish,of 5 ratings,$.45
DRYS,$0.3421,1439922066025,"1,665,694",77% bullish,of 31 ratings,$.60
DWA,$19.47,1439922066060,"106,758",63% bullish,of 8 ratings,$26
DSKX,$3.53,1439922066110,"131,187",100% bullish,of 1 rating,N/A
CADTW,NULL,1439922066309,0,Not yet rated,NULL,N/A
CADT,NULL,1439922066336,0,Not yet rated,NULL,N/A
CADTR,NULL,1439922066369,0,Not yet rated,NULL,N/A
DSPG,$8.8,1439922066390,"35,215",100% bearish,of 1 rating,$13.50
CADTU,NULL,1439922066425,0,Not yet rated,NULL,N/A
DNKN,$51.58,1439922066520,"244,610",67% bullish,of 15 ratings,$56.50
DTSI,$27.15,1439922066551,"39,991",100% bearish,of 2 ratings,$39.50
DRRX,$2.1,1439922066602,"158,892",50% bullish,of 6 ratings,$3
DXPE,$29.87,1439922066795,"193,975",50% bullish,of 2 ratings,N/A
DYAX,$23.3547,1439922066828,"194,915",89% bullish,of 9 ratings,$30
DVAX,$29.94,1439922066999,"104,496",70% bullish,of 10 ratings,$40
DYSL,NULL,1439922067029,0,100% bullish,of 2 ratings,N/A
BOOM,$10.12,1439922067052,"22,686",67% bullish,of 3 ratings,$12
DYNT,$3.08,1439922067132,300,75% bullish,of 4 ratings,N/A
ETFC,$28.195,1439922067203,"546,987",57% bullish,of 14 ratings,$33
EGBN,$44.93,1439922067233,"28,863",Not yet rated,NULL,$48
EBMT,NULL,1439922067337,0,Not yet rated,NULL,$13.50
EGLE,$7.45,1439922067386,"2,654",60% bullish,of 5 ratings,N/A
EGRX,$69.42,1439922067416,"106,154",67% bullish,of 3 ratings,$97
ELNK,$9.25,1439922067473,"425,345",80% bullish,of 5 ratings,$9.50
EROC,$1.4399,1439922067578,"134,473",50% bullish,of 2 ratings,$3
EWBC,$45.03,1439922067707,"137,200",100% bearish,of 1 rating,$50
EACQU,$10.18,1439922067742,118,Not yet rated,NULL,N/A
EVBS,$6.45,1439922067886,234,Not yet rated,NULL,$7
EML,$17.11,1439922067911,"1,617",Not yet rated,NULL,N/A
EBAY,$27.755,1439922067937,"3,146,203",81% bullish,of 117 ratings,$48
EBIX,$30.22,1439922067965,"61,956",69% bullish,of 13 ratings,$40
ELON,$0.5502,1439922068101,"43,005",50% bullish,of 2 ratings,N/A
SATS,$46.57,1439922068174,"39,618",50% bullish,of 2 ratings,$60
ECTE,$1.5201,1439922068245,"15,443",75% bullish,of 4 ratings,N/A
ECHO,$25.92,1439922068267,"244,288",67% bearish,of 3 ratings,$35.50
ECACU,NULL,1439922068343,0,Not yet rated,NULL,N/A
EEI,$11.1509,1439922068475,724,67% bearish,of 3 ratings,N/A
EDAP,$3.5799,1439922068528,"5,211",60% bullish,of 5 ratings,$4.50
ESES,$3.48,1439922068554,"2,200",100% bearish,of 1 rating,$7
EDGW,$7.17,1439922068762,200,100% bearish,of 1 rating,N/A
EDUC,$4.7186,1439922068793,"3,129",100% bearish,of 1 rating,N/A
EFUT,$4.39,1439922068897,"9,007",Not yet rated,NULL,N/A
EGAN,$3.5,1439922068962,"2,700",50% bullish,of 2 ratings,$6.25
EHTH,$14.66,1439922069052,"43,669",50% bullish,of 4 ratings,$16.50
LOCO,$14.2,1439922069099,"548,534",69% bullish,of 13 ratings,$23
EGLT,$12.47,1439922069151,"10,150",50% bullish,of 2 ratings,$21
EMITF,$1.2899,1439922069177,"5,171",75% bullish,of 4 ratings,N/A
ELRC,$10.25,1439922069565,"7,788",100% bearish,of 1 rating,N/A
ERI,$9.75,1439922069592,"45,344",100% bearish,of 1 rating,$10
ESIO,$4.61,1439922069647,"32,754",50% bullish,of 2 ratings,$10
EA,$74,1439922069669,"942,564",77% bullish,of 35 ratings,$80
ESLT,$82.5101,1439922069690,"5,106",100% bullish,of 2 ratings,N/A
EFII,$45.63,1439922069723,"146,363",80% bullish,of 5 ratings,$55
ELEC,NULL,1439922069987,0,Not yet rated,NULL,N/A
EBIO,$4.07,1439922070085,"628,549",100% bearish,of 2 ratings,$8.35
RDEN,$10.51,1439922070122,"78,449",100% bearish,of 4 ratings,$15
ELECU,NULL,1439922070144,0,Not yet rated,NULL,N/A
ELSE,NULL,1439922070180,0,60% bullish,of 5 ratings,N/A
ELECW,NULL,1439922070212,0,Not yet rated,NULL,N/A
ESBK,NULL,1439922070239,0,Not yet rated,NULL,N/A
CAPX,$23.9699,1439922070261,102,Not yet rated,NULL,N/A
LONG,$17.1,1439922070442,"21,560",67% bullish,of 3 ratings,$15.75
ELTK,$1.1115,1439922070599,"1,800",67% bearish,of 3 ratings,N/A
EMCF,NULL,1439922070800,0,100% bearish,of 1 rating,N/A
EMCI,$23.9649,1439922070834,"5,856",Not yet rated,NULL,N/A
EMKR,$7.23,1439922070859,"58,987",75% bullish,of 4 ratings,$8.50
EMMS,$1.2,1439922070894,"4,996",67% bullish,of 6 ratings,N/A
EMMSP,NULL,1439922070936,0,100% bearish,of 1 rating,N/A
NYNY,$4.3201,1439922070992,"6,533",50% bullish,of 2 ratings,N/A
ERS,$2.9,1439922071067,"10,200",Not yet rated,NULL,N/A
ECPG,$40.66,1439922071232,"62,728",100% bullish,of 2 ratings,$52
ENTA,$40.92,1439922071273,"54,642",50% bullish,of 2 ratings,$42
WIRE,$34.03,1439922071303,"68,277",100% bearish,of 1 rating,$37
ECYT,$5.34,1439922071329,"74,571",83% bullish,of 6 ratings,$12
ENDP,$85.4,1439922071375,"254,560",50% bullish,of 6 ratings,$104
EIGI,$16.15,1439922071510,"175,642",67% bearish,of 3 ratings,$20
ELGX,$13.17,1439922071579,"255,491",75% bullish,of 4 ratings,$17
EFOI,$15.56,1439922071784,"129,090",50% bullish,of 2 ratings,$17
WATT,$7.03,1439922071811,"67,199",50% bullish,of 2 ratings,$13
EXXI,$1.72,1439922071883,"610,610",86% bullish,of 7 ratings,$3.50
ERII,$3.05,1439922071947,"84,600",80% bullish,of 5 ratings,$2.50
ENOC,$8.57,1439922071973,"93,783",75% bullish,of 4 ratings,$18
ENPH,$5.095,1439922072010,"541,308",75% bullish,of 4 ratings,$11
ENG,$1.0399,1439922072036,"18,497",100% bullish,of 3 ratings,N/A
ESGR,$157,1439922072110,"101,933",100% bearish,of 1 rating,$185
ENTG,$14.61,1439922072285,"133,397",100% bearish,of 1 rating,$18
ENFC,$18.49,1439922072314,"2,402",Not yet rated,NULL,N/A
ENTL,$22.34,1439922072389,"16,013",Not yet rated,NULL,$28
EBTC,$21.44,1439922072470,150,Not yet rated,NULL,N/A
ETRM,$0.2682,1439922072498,"476,697",69% bearish,of 35 ratings,$1.625
EFSC,$24.86,1439922072524,"13,245",Not yet rated,NULL,$27
EGT,$2.22,1439922072661,"7,005",100% bullish,of 1 rating,N/A
ENZY,$8.7342,1439922072842,"4,857",67% bullish,of 3 ratings,$9.50
ENZN,$1.08,1439922072872,"317,871",100% bullish,of 9 ratings,N/A
ENVI,$1.81,1439922072898,"11,500",67% bullish,of 3 ratings,N/A
PLUS,$75.29,1439922073064,"16,817",50% bullish,of 2 ratings,$88
EPRS,$5,1439922073099,"45,144",82% bullish,of 11 ratings,$15
EPZM,$17.69,1439922073120,"137,226",60% bullish,of 5 ratings,$34
EPIQ,$14.05,1439922073151,"19,296",100% bearish,of 1 rating,$18
EQIX,$286.35,1439922073201,"97,467",67% bullish,of 3 ratings,$312.50
ERIC,$10.52,1439922073442,"815,259",63% bullish,of 8 ratings,$13.30
EAC,$3.71,1439922073470,"40,411",100% bearish,of 1 rating,$8
EQFN,NULL,1439922073499,0,Not yet rated,NULL,N/A
ERIE,$87.99,1439922073599,"8,502",Not yet rated,NULL,$73
ESCRP,$1.8364,1439922073644,"2,063",100% bearish,of 1 rating,N/A
ESCR,$0.21,1439922073669,"20,440",50% bullish,of 2 ratings,N/A
ESCA,$18.21,1439922073695,"4,800",100% bearish,of 1 rating,$22
ESPR,$66.6599,1439922073838,"2,666,143",67% bearish,of 9 ratings,$130
ESMC,NULL,1439922073875,0,Not yet rated,NULL,N/A
EPIX,$7,1439922073971,120,Not yet rated,NULL,N/A
ESSA,$12.85,1439922074003,747,100% bearish,of 1 rating,N/A
ESSX,$0.4501,1439922074105,"10,769",50% bullish,of 2 ratings,N/A
ETSY,$16.02,1439922074197,"395,789",80% bullish,of 5 ratings,$16
CLWT,$2.561,1439922074245,"1,500",100% bearish,of 1 rating,N/A
ESND,$36.145,1439922074283,"47,176",100% bearish,of 1 rating,$40
ESEA,$6.26,1439922074418,"1,082",100% bullish,of 1 rating,$15
EEFT,$69.01,1439922074486,"90,926",100% bearish,of 1 rating,$67.50
EVEP,$8.595,1439922074519,"172,639",50% bullish,of 2 ratings,$15
EVLV,$2.23,1439922074650,"63,369",60% bullish,of 5 ratings,$6.50
EVOK,$5.43,1439922074739,"1,312,548",100% bearish,of 1 rating,$13.75
EVK,NULL,1439922074764,0,75% bearish,of 4 ratings,N/A
EVOL,$6.4,1439922074900,"15,459",75% bullish,of 4 ratings,$10
EXA,$10.76,1439922074960,"15,450",100% bearish,of 1 rating,$13
EXAS,$23.17,1439922074985,"242,646",78% bullish,of 9 ratings,$31
EXAC,$18.7,1439922075037,"17,308",100% bearish,of 1 rating,$22.50
EXFO,$2.9,1439922075220,"5,491",67% bearish,of 3 ratings,$3.95
EXEL,$5.755,1439922075248,"1,364,513",81% bullish,of 16 ratings,$6
EXPO,$43.99,1439922075434,"14,350",100% bearish,of 1 rating,$45.50
EXPD,$49.69,1439922075464,"454,919",80% bullish,of 5 ratings,$50.50
EXLS,$36.99,1439922075493,"29,841",100% bullish,of 1 rating,$41
EXPE,$122.88,1439922075516,"254,357",64% bullish,of 11 ratings,$130
ESRX,$89.95,1439922075538,"1,707,428",67% bearish,of 6 ratings,$101
EXLP,$20.6,1439922075674,"14,429",100% bearish,of 1 rating,$27
EXTR,$2.99,1439922075700,"248,717",80% bullish,of 5 ratings,$3
EYEG,$4.4,1439922075761,"10,365",Not yet rated,NULL,N/A
EYEGW,NULL,1439922075861,0,Not yet rated,NULL,N/A
FFIV,$133.36,1439922075968,"203,921",71% bullish,of 7 ratings,$132
EZCH,$21.93,1439922075998,"123,754",75% bullish,of 8 ratings,$19.50
EZPW,$6.1,1439922076020,"44,331",50% bullish,of 4 ratings,$7.50
FB,$95.4252,1439922076156,"9,999,613",73% bullish,of 1064 ratings,$111
FWM,$2.3299,1439922076191,"63,991",100% bearish,of 2 ratings,$3.20
FRP,$17.81,1439922076287,"23,350",100% bearish,of 1 rating,$18
FCS,$14.239,1439922076313,"206,202",67% bearish,of 3 ratings,$17
FMNB,$8.1299,1439922076460,"12,602",Not yet rated,NULL,N/A
FALC,$1.6754,1439922076491,"44,915",63% bearish,of 8 ratings,N/A
FARM,$22.34,1439922076548,"5,795",100% bearish,of 1 rating,$35
DAVE,$15.21,1439922076598,"10,956",100% bearish,of 1 rating,$15.50
FARO,$40.7576,1439922076651,"53,984",50% bullish,of 2 ratings,$48
FFKT,$27.5,1439922076677,"6,371",Not yet rated,NULL,$29
FAST,$40.72,1439922076831,"462,426",80% bullish,of 5 ratings,$46
FATE,$7.96,1439922076897,"55,550",100% bearish,of 1 rating,$11
FBSS,NULL,1439922077050,0,Not yet rated,NULL,N/A
FBRC,$23.3475,1439922077079,"30,071",100% bearish,of 1 rating,$29
FDML,$9.69,1439922077130,"63,155",50% bullish,of 4 ratings,$14
FNHC,$23.42,1439922077156,"33,517",100% bearish,of 1 rating,$35
FHCO,$1.47,1439922077301,"9,264",50% bullish,of 4 ratings,N/A
FEIC,$81.38,1439922077333,"202,790",50% bullish,of 2 ratings,$95.50
FENX,$9.72,1439922077360,"17,776",100% bullish,of 1 rating,$14.25
FCSC,$6.24,1439922077437,"60,524",100% bearish,of 1 rating,$8.125
FGEN,$24.92,1439922077502,"245,341",100% bearish,of 1 rating,$39
ONEQ,$199.445,1439922077570,"43,359",100% bullish,of 1 rating,N/A
LION,$20.09,1439922077641,"42,044",100% bullish,of 1 rating,$20
FDUS,$15.11,1439922077669,"29,060",100% bullish,of 1 rating,$18
FRGI,$54.81,1439922077811,"61,162",50% bullish,of 2 ratings,$70
FSAM,$8.7,1439922077956,"7,349",100% bearish,of 1 rating,$11
FSC,$6.49,1439922077984,"335,101",75% bullish,of 4 ratings,$8
FITB,$21.1775,1439922078120,"1,149,366",54% bullish,of 13 ratings,$22
FSFR,$9.09,1439922078149,"43,874",100% bearish,of 1 rating,$11.50
FITBI,$27.78,1439922078171,"5,503",Not yet rated,NULL,N/A
FSCFL,$25,1439922078195,"4,563",Not yet rated,NULL,N/A
FISI,$24.61,1439922078234,"5,917",100% bullish,of 2 ratings,$24.50
FNGN,$35.58,1439922078337,"151,588",67% bullish,of 3 ratings,$47
FNSR,$17.29,1439922078482,"595,705",86% bullish,of 7 ratings,$25
FNTC,NULL,1439922078614,0,Not yet rated,NULL,N/A
FNTCU,NULL,1439922078640,0,Not yet rated,NULL,N/A
FNTCW,NULL,1439922078670,0,Not yet rated,NULL,N/A
FNJN,$1.74,1439922078696,"3,112",100% bearish,of 1 rating,$5
FEYE,$43.27,1439922078769,"1,664,995",87% bullish,of 15 ratings,$55.50
FBNC,$17.11,1439922078913,"4,496",100% bullish,of 1 rating,$20
FNLC,$18.865,1439922078975,"2,300",100% bullish,of 1 rating,N/A
FRBA,$6,1439922079049,350,Not yet rated,NULL,$8
FBIZ,$44,1439922079130,"6,423",100% bearish,of 2 ratings,$52
BUSE,$6.46,1439922079161,"14,555",Not yet rated,NULL,$6.875
FCFS,$38.34,1439922079190,"29,823",100% bearish,of 2 ratings,$48
FCVA,NULL,1439922079216,0,Not yet rated,NULL,N/A
FCAP,NULL,1439922079238,0,Not yet rated,NULL,N/A
FCNCA,$247.5,1439922079370,"1,077",Not yet rated,NULL,N/A
FCLF,$9.2,1439922079553,920,Not yet rated,NULL,N/A
FCBC,$18.12,1439922079625,"3,845",Not yet rated,NULL,$17
FCCO,$12.14,1439922079722,7,Not yet rated,NULL,$13.25
FCFP,$6.99,1439922079779,100,Not yet rated,NULL,N/A
FDEF,$37.45,1439922079808,"9,824",Not yet rated,NULL,$38
FBNK,$16.415,1439922079836,"2,578",100% bearish,of 1 rating,$17.50
FFNM,$6.34,1439922079857,38,Not yet rated,NULL,N/A
FFIN,$32.56,1439922080082,"30,233",50% bullish,of 2 ratings,$31.75
THFF,$33.9,1439922080152,"11,798",Not yet rated,NULL,$35
FFBCW,NULL,1439922080185,0,100% bearish,of 1 rating,N/A
FFBC,$19.42,1439922080217,"52,617",67% bearish,of 3 ratings,$20.25
FFNW,$12.51,1439922080246,"1,700",Not yet rated,NULL,$14
FFWM,$21.4,1439922080294,"1,808",Not yet rated,NULL,$24
INBK,$35.56,1439922080323,"5,249",50% bullish,of 2 ratings,$37
FIBK,$27.88,1439922080452,"10,306",Not yet rated,NULL,$32
FMBH,NULL,1439922080653,0,Not yet rated,NULL,N/A
FRME,$26.09,1439922080681,"15,909",Not yet rated,NULL,$26.50
FMBI,$18.56,1439922080707,"105,946",Not yet rated,NULL,$20
FNFG,$9.77,1439922080907,"734,662",80% bullish,of 5 ratings,$9
FSGI,$2.478,1439922080934,"1,000",Not yet rated,NULL,N/A
FNBC,$35.91,1439922080958,"52,600",Not yet rated,NULL,$41
FNWB,$12.22,1439922080993,"3,443",Not yet rated,NULL,N/A
FSFG,$31.2,1439922081095,102,Not yet rated,NULL,N/A
FSBK,$7.79,1439922081127,"4,957",100% bullish,of 1 rating,N/A
BICK,NULL,1439922081181,0,100% bullish,of 1 rating,N/A
FSLR,$51.32,1439922081226,"578,851",74% bullish,of 39 ratings,$65
FBZ,NULL,1439922081506,0,Not yet rated,NULL,N/A
FCAN,NULL,1439922081540,0,Not yet rated,NULL,N/A
FTCS,$38.6795,1439922081610,"13,905",Not yet rated,NULL,N/A
FCA,$22.0501,1439922081640,"3,995",Not yet rated,NULL,N/A
IFV,$18.7222,1439922081668,"284,859",100% bearish,of 1 rating,N/A
FV,$24.8399,1439922081697,"908,972",Not yet rated,NULL,N/A
FEMB,NULL,1439922081743,0,Not yet rated,NULL,N/A
FTSM,$59.9251,1439922081830,"24,234",100% bearish,of 1 rating,N/A
FEUZ,$32.7299,1439922082083,"1,550",Not yet rated,NULL,N/A
TDIV,$25.9699,1439922082113,"98,194",100% bearish,of 1 rating,N/A
FGM,$37.17,1439922082135,"4,346",Not yet rated,NULL,N/A
MDIV,$19.8501,1439922082164,"95,205",Not yet rated,NULL,N/A
FTGC,$22.6405,1439922082217,"41,048",Not yet rated,NULL,N/A
HYLS,$49.7994,1439922082319,"215,516",100% bearish,of 1 rating,N/A
FTHI,NULL,1439922082419,0,Not yet rated,NULL,N/A
FHK,$35.34,1439922082544,"26,267",Not yet rated,NULL,N/A
CU,$12.9972,1439922082612,"3,300",100% bearish,of 1 rating,N/A
FPXI,NULL,1439922082644,0,Not yet rated,NULL,N/A
YDIV,NULL,1439922082702,0,Not yet rated,NULL,N/A
SKYY,$30.63,1439922082743,"41,564",100% bullish,of 1 rating,N/A
PLTM,$6.42,1439922082768,"2,400",100% bearish,of 1 rating,N/A
FJP,$50.2026,1439922082945,"9,742",Not yet rated,NULL,N/A
LMBS,$50.5299,1439922083071,400,Not yet rated,NULL,N/A
FTLB,NULL,1439922083096,0,100% bearish,of 1 rating,N/A
FMB,$50.86,1439922083136,"3,618",Not yet rated,NULL,N/A
QABA,$39.5169,1439922083171,"5,336",100% bearish,of 1 rating,N/A
FONE,$36.81,1439922083267,11,Not yet rated,NULL,N/A
CIBR,$19.61,1439922083401,"30,749",Not yet rated,NULL,N/A
QCLN,$16.05,1439922083431,"4,552",Not yet rated,NULL,N/A
CARZ,$36.7046,1439922083531,"1,761",100% bearish,of 1 rating,N/A
RDVY,$22.58,1439922083596,"6,512",Not yet rated,NULL,N/A
QQEW,$44.163,1439922083623,"9,372",Not yet rated,NULL,N/A
QQXT,$42.93,1439922083649,"6,201",Not yet rated,NULL,N/A
GRID,NULL,1439922083682,0,100% bearish,of 1 rating,N/A
QTEC,$42.1551,1439922083810,"18,249",Not yet rated,NULL,N/A
AIRR,$16.9194,1439922083836,"1,414",100% bearish,of 1 rating,N/A
QINC,$21.59,1439922084005,1,Not yet rated,NULL,N/A
FTSL,$48.9672,1439922084067,"16,448",100% bearish,of 1 rating,N/A
FDIV,$48.35,1439922084136,"1,050",100% bearish,of 1 rating,N/A
FKO,$23.83,1439922084161,"1,300",Not yet rated,NULL,N/A
FSZ,$40.46,1439922084233,"14,405",Not yet rated,NULL,N/A
FTW,$31.19,1439922084328,"4,050",Not yet rated,NULL,N/A
TUSA,NULL,1439922084433,0,Not yet rated,NULL,N/A
FKU,$44,1439922084485,"18,155",Not yet rated,NULL,N/A
FUNC,$8.28,1439922084587,"1,300",Not yet rated,NULL,N/A
FISV,$90.3,1439922084653,"162,719",100% bearish,of 3 ratings,$90
FSV,$32.9119,1439922084679,"13,630",Not yet rated,NULL,$33.60
FMER,$18.82,1439922084704,"472,985",50% bullish,of 2 ratings,$20
FIVE,$37.61,1439922084915,"93,321",75% bearish,of 4 ratings,$44
FIVN,$4.21,1439922085046,"118,902",100% bullish,of 1 rating,$8.50
FLML,$21.355,1439922085097,"47,293",50% bullish,of 2 ratings,$30
FLKS,$14.5,1439922085126,"24,579",50% bullish,of 2 ratings,$27
FPRX,$18.78,1439922085147,"157,296",50% bullish,of 2 ratings,$35
SKOR,$50.01,1439922085276,604,Not yet rated,NULL,N/A
FLXN,$24.16,1439922085431,"47,341",100% bearish,of 1 rating,$39.50
FLXS,$41.21,1439922085497,"3,382",100% bearish,of 2 ratings,N/A
MBSD,NULL,1439922085529,0,Not yet rated,NULL,N/A
FLEX,$11.16,1439922085560,"518,435",63% bullish,of 8 ratings,$12
FLIR,$30.445,1439922085588,"160,911",100% bearish,of 1 rating,$38.50
FLDM,$12.81,1439922085624,"129,775",67% bearish,of 3 ratings,$21.50
SVVC,$10.829,1439922085652,"12,161",100% bullish,of 1 rating,$26
FOMX,$10.62,1439922085719,"126,372",50% bullish,of 2 ratings,$23.50
FFIC,$20.9,1439922085924,"14,066",Not yet rated,NULL,$21
FONR,$9.55,1439922086086,"6,628",100% bullish,of 1 rating,N/A
FOGO,$19.58,1439922086116,"77,202",50% bullish,of 2 ratings,$25.50
FORM,$6.49,1439922086159,"149,111",67% bullish,of 3 ratings,$10.50
FORR,$32.4,1439922086185,"11,320",Not yet rated,NULL,N/A
FORTY,NULL,1439922086212,0,Not yet rated,NULL,N/A
FES,$0.934,1439922086259,"2,100",50% bullish,of 2 ratings,$1
FTNT,$47.83,1439922086418,"430,472",80% bullish,of 10 ratings,$52
FORD,$1.1349,1439922086484,"101,886",50% bullish,of 2 ratings,N/A
FWRD,$48.92,1439922086512,"59,637",100% bearish,of 1 rating,$50
FBIO,$3.09,1439922086548,"62,673",83% bullish,of 6 ratings,N/A
FWP,$27.34,1439922086676,"40,648",100% bearish,of 1 rating,$45
FMI,$20,1439922086705,"132,368",100% bearish,of 2 ratings,$27.50
FOSL,$62.2,1439922086731,"317,071",50% bullish,of 4 ratings,$70
FXCB,$17.47,1439922086902,"1,990",Not yet rated,NULL,$19
FOXF,$15.74,1439922086954,"35,269",100% bearish,of 1 rating,$19
FRAN,$10.335,1439922087086,"919,072",50% bullish,of 4 ratings,$15
FELE,$29.9,1439922087171,"70,944",50% bullish,of 4 ratings,$33
FREE,$0.53,1439922087272,"391,347",92% bullish,of 12 ratings,N/A
FRED,$14.53,1439922087304,"54,871",50% bullish,of 2 ratings,$16.50
FEIM,$10.8813,1439922087330,412,100% bearish,of 1 rating,N/A
RAIL,$21.46,1439922087380,"31,247",100% bearish,of 1 rating,$24.50
FRPT,$14.13,1439922087407,"138,529",67% bearish,of 3 ratings,$23.50
FRPH,NULL,1439922087578,0,100% bearish,of 1 rating,N/A
FTRPR,$107.0499,1439922087616,900,100% bearish,of 1 rating,N/A
FTR,$5.47,1439922087647,"6,349,880",78% bullish,of 27 ratings,$6.25
FSBW,$23.48,1439922087673,"1,712",Not yet rated,NULL,N/A
FSYS,$6.6,1439922087806,"9,600",67% bullish,of 3 ratings,$10
FTD,$30.89,1439922087833,"96,747",100% bearish,of 1 rating,$40
FTEK,$2.12,1439922087854,"17,868",75% bullish,of 4 ratings,N/A
FULL,$3.2128,1439922088153,"25,523",67% bearish,of 3 ratings,$4.25
FCEL,$0.8249,1439922088202,"350,202",88% bullish,of 40 ratings,$2.65
FULLL,$25.6299,1439922088247,200,Not yet rated,NULL,N/A
FLL,$1.5528,1439922088277,"6,256",75% bullish,of 4 ratings,$2.825
FULT,$13.13,1439922088298,"408,731",100% bearish,of 1 rating,$13
FSNN,$2.52,1439922088333,950,67% bullish,of 3 ratings,$6
FFHL,NULL,1439922088354,0,50% bullish,of 4 ratings,N/A
FXENP,$16.4499,1439922088385,"1,230",100% bearish,of 1 rating,N/A
WILC,$5.219,1439922088663,"2,258",100% bullish,of 2 ratings,N/A
FXEN,$1.03,1439922088690,"71,457",75% bullish,of 4 ratings,$1.10
GK,$72,1439922088716,"17,376",Not yet rated,NULL,$78
GLPG,$64.25,1439922088742,"33,080",100% bullish,of 1 rating,$75
GAIA,$5.8786,1439922088768,"34,323",50% bullish,of 2 ratings,$8.50
GALTU,NULL,1439922088922,0,100% bearish,of 1 rating,N/A
GALT,$2.14,1439922089007,"26,940",80% bullish,of 5 ratings,N/A
GALE,$1.46,1439922089052,"527,338",89% bullish,of 47 ratings,$4
GALTW,$0.65,1439922089086,"18,100",100% bullish,of 1 rating,N/A
GLPI,$33.56,1439922089108,"132,411",100% bearish,of 1 rating,$37.50
GRMN,$40.28,1439922089184,"257,120",50% bullish,of 6 ratings,$48
GLMD,$9.01,1439922089215,"2,090",67% bullish,of 3 ratings,$20.50
GPIC,$10.32,1439922089348,605,100% bearish,of 1 rating,N/A
GGACR,$0.1999,1439922089369,"2,300",100% bullish,of 1 rating,N/A
GGAC,$9.82,1439922089451,750,100% bearish,of 1 rating,N/A
GGACU,NULL,1439922089582,0,Not yet rated,NULL,N/A
GENC,$9.4654,1439922089775,"1,000",100% bearish,of 1 rating,N/A
GGACW,$0.12,1439922089805,"11,635",Not yet rated,NULL,N/A
GARS,$14.8111,1439922089837,"12,785",Not yet rated,NULL,$16
GNCMA,$17.79,1439922089859,"35,602",100% bearish,of 1 rating,$12
GFN,$3.92,1439922089895,"13,906",100% bearish,of 2 ratings,$8
GFNCP,$98.595,1439922089927,200,Not yet rated,NULL,N/A
GENE,$2.74,1439922089994,"44,620",100% bullish,of 12 ratings,N/A
GNMK,$9.5,1439922090023,"50,898",67% bullish,of 6 ratings,$14
GFNSL,$25.63,1439922090229,"3,900",Not yet rated,NULL,N/A
GNCA,$12.92,1439922090278,"134,581",100% bearish,of 1 rating,$20
GHDX,$26.28,1439922090332,"91,128",50% bullish,of 2 ratings,$30
GNTX,$15.92,1439922090496,"1,005,738",Not yet rated,NULL,$20
GNVC,$2.3792,1439922090524,818,90% bullish,of 10 ratings,$8.50
THRM,$48.63,1439922090626,"78,417",75% bearish,of 4 ratings,$55.50
GEOS,$15.57,1439922090657,"49,881",100% bearish,of 3 ratings,$25.50
GTWN,NULL,1439922090683,0,Not yet rated,NULL,N/A
GABC,$29.67,1439922090711,"2,986",Not yet rated,NULL,$31.50
GEVO,$2.24,1439922090741,"364,149",75% bullish,of 12 ratings,N/A
GERN,$3.36,1439922090762,"809,689",88% bullish,of 16 ratings,$5.25
ROCK,$18.65,1439922090895,"37,686",80% bullish,of 5 ratings,$24
GIGM,$0.6405,1439922090942,"19,150",100% bullish,of 2 ratings,N/A
GIGA,$1.46,1439922091146,"1,766",100% bearish,of 1 rating,N/A
GILT,$4.621,1439922091233,"10,839",50% bullish,of 2 ratings,N/A
GIII,$69.72,1439922091298,"49,428",67% bullish,of 3 ratings,$75
GLADO,$25.46,1439922091490,750,Not yet rated,NULL,N/A
GILD,$117.125,1439922091517,"2,122,153",91% bullish,of 86 ratings,$129
GBCI,$28.03,1439922091539,"52,239",50% bullish,of 2 ratings,$31
GLAD,$8.3096,1439922091576,"32,950",50% bullish,of 2 ratings,$8.75
GOOD,$15.8099,1439922091598,"12,542",Not yet rated,NULL,$19
GOODO,$25.25,1439922091670,404,Not yet rated,NULL,N/A
GOODP,$25.0801,1439922091766,675,Not yet rated,NULL,N/A
GAIN,$7.9397,1439922091796,"71,967",100% bullish,of 2 ratings,$8.25
GAINO,$25.3,1439922091958,"1,135",Not yet rated,NULL,N/A
GOODN,$25.67,1439922091985,61,Not yet rated,NULL,N/A
GAINN,$25.22,1439922092006,"2,100",Not yet rated,NULL,N/A
GAINP,$26,1439922092040,"1,362",Not yet rated,NULL,N/A
LAND,$9.5,1439922092139,"13,293",50% bullish,of 2 ratings,$13.75
GLBZ,$12.12,1439922092331,254,Not yet rated,NULL,N/A
GBT,$46.81,1439922092363,"311,845",Not yet rated,NULL,N/A
GDEF,NULL,1439922092464,0,Not yet rated,NULL,N/A
ENT,$12.52,1439922092493,"136,009",100% bearish,of 1 rating,$18
GPACU,$10.0329,1439922092565,200,Not yet rated,NULL,N/A
GBLI,$27.18,1439922092654,"7,400",Not yet rated,NULL,N/A
ACTX,$14.24,1439922092738,100,100% bullish,of 1 rating,N/A
GSOL,$8.54,1439922092801,"5,410",100% bearish,of 1 rating,N/A
QQQC,$21.0601,1439922092831,"2,562",100% bearish,of 1 rating,N/A
SOCL,$18.47,1439922092906,"33,085",100% bullish,of 2 ratings,N/A
ALTY,NULL,1439922092972,0,Not yet rated,NULL,N/A
SRET,$13.8973,1439922093068,840,Not yet rated,NULL,N/A
GAI,$5.6,1439922093097,770,50% bullish,of 2 ratings,N/A
YLCO,$12.36,1439922093118,"2,002",Not yet rated,NULL,N/A
GBIM,$2.124,1439922093290,"26,299",50% bullish,of 2 ratings,N/A
GLBS,$1.2501,1439922093348,"7,900",67% bullish,of 3 ratings,N/A
GSM,$13.68,1439922093380,"152,004",50% bullish,of 2 ratings,$24.50
GLRI,$1.265,1439922093485,"1,850",100% bearish,of 1 rating,$6
GLYC,$7.39,1439922093512,725,50% bullish,of 2 ratings,$14
GLUU,$4.69,1439922093539,"1,432,578",92% bullish,of 26 ratings,$9
GOGO,$16.25,1439922093561,"196,760",80% bullish,of 5 ratings,$25
GLNG,$39.382,1439922093701,"277,722",83% bullish,of 6 ratings,$58
GMLP,$20.29,1439922093804,"60,935",50% bullish,of 4 ratings,$32.50
GLDC,NULL,1439922093836,0,50% bullish,of 2 ratings,N/A
GDEN,$8.8,1439922093879,200,50% bullish,of 2 ratings,N/A
GOGL,$3.49,1439922093937,"65,403",75% bullish,of 4 ratings,$5
GBDC,$16.64,1439922093968,"18,574",Not yet rated,NULL,$17.75
GTIM,$7.04,1439922094008,"16,000",Not yet rated,NULL,$11.50
GOOG,$656.03,1439922094106,"453,213",89% bullish,of 65 ratings,$795
GOOGL,$688.01,1439922094299,"433,624",88% bullish,of 1078 ratings,$747
GMAN,$4.67,1439922094326,"21,312",60% bullish,of 5 ratings,$8
GPRO,$57.1301,1439922094349,"2,093,137",79% bullish,of 58 ratings,$72
GPIA,NULL,1439922094379,0,Not yet rated,NULL,N/A
LOPE,$38.85,1439922094516,"80,378",100% bearish,of 2 ratings,$50
GPIAW,NULL,1439922094646,0,Not yet rated,NULL,N/A
GPIAU,$10.08,1439922094697,200,Not yet rated,NULL,N/A
GRVY,$3.4242,1439922095007,424,50% bullish,of 2 ratings,N/A
GBSNU,$16.61,1439922095273,"16,625",Not yet rated,NULL,N/A
GBSN,$2.24,1439922095343,"82,562",100% bearish,of 1 rating,$8.25
GLDD,$5.61,1439922095369,"67,578",100% bearish,of 4 ratings,$7.75
GNBC,$13.16,1439922095502,"4,100",100% bearish,of 1 rating,$17
GSBC,$42.02,1439922095528,"5,193",100% bullish,of 1 rating,$44
GRBK,$14.37,1439922095609,"124,741",77% bullish,of 13 ratings,N/A
GPP,$14.75,1439922095676,"21,998",Not yet rated,NULL,$20.50
GPRE,$21.82,1439922095755,"222,591",67% bullish,of 6 ratings,$28.50
GRIF,NULL,1439922095810,0,100% bearish,of 1 rating,N/A
GLRE,$26.65,1439922095836,"30,034",100% bullish,of 1 rating,$41
GCBC,$28.4999,1439922095867,100,100% bullish,of 1 rating,N/A
GRFS,$32.66,1439922095893,"289,388",50% bullish,of 2 ratings,$35
GRPN,$4.27,1439922096080,"4,545,900",61% bullish,of 71 ratings,$6.75
OMAB,$42.7,1439922096216,"29,060",100% bullish,of 1 rating,$44
GGAL,$20.91,1439922096243,"75,984",80% bullish,of 5 ratings,$40
GSIG,$13.53,1439922096265,"7,240",100% bearish,of 2 ratings,N/A
GSVC,$9.6,1439922096398,"12,277",50% bullish,of 2 ratings,$14.50
GTXI,$0.9342,1439922096426,"23,138",100% bullish,of 5 ratings,$.75
GSIT,$5.0074,1439922096475,"1,580",100% bearish,of 1 rating,N/A
GFED,$14.8,1439922096611,1,Not yet rated,NULL,$17
GBNK,$16.01,1439922096754,"11,276",100% bearish,of 1 rating,$18
GUID,$9.0487,1439922096788,"15,341",100% bearish,of 3 ratings,$10
GULTU,$0.3203,1439922096884,"11,690",100% bearish,of 1 rating,N/A
GURE,$1.84,1439922096914,"9,761",88% bullish,of 8 ratings,N/A
GPOR,$35.85,1439922096941,"385,494",75% bullish,of 4 ratings,$55.50
GWPH,$114.95,1439922097077,"73,644",78% bullish,of 9 ratings,$148.50
GIFI,$12.76,1439922097103,"39,214",100% bearish,of 1 rating,$16
GWGH,$8.175,1439922097167,100,100% bearish,of 1 rating,$15.05
GYRO,$2.9,1439922097310,"5,091",100% bearish,of 1 rating,N/A
HLG,$9.39,1439922097519,2,100% bearish,of 1 rating,N/A
HALO,$19.0799,1439922097574,"488,495",67% bullish,of 3 ratings,$22.50
HEES,$16.96,1439922097601,"96,488",67% bearish,of 3 ratings,$31
HNRG,$7.57,1439922097623,"55,046",100% bearish,of 1 rating,$10
HALL,$11.78,1439922097660,"4,897",Not yet rated,NULL,N/A
HMPR,$1.97,1439922097754,"10,698",100% bullish,of 1 rating,N/A
HBK,NULL,1439922097795,0,50% bullish,of 2 ratings,N/A
HBHC,$28.82,1439922097849,"185,874",50% bullish,of 2 ratings,$30
HBHCL,$24.5976,1439922097927,"23,798",Not yet rated,NULL,N/A
HAFC,$25.53,1439922098055,"17,303",100% bullish,of 2 ratings,$28.50
HNH,$28.9,1439922098081,300,100% bullish,of 1 rating,N/A
HNSN,$0.5262,1439922098221,"37,354",88% bullish,of 8 ratings,$.40
HQCL,$10.756,1439922098354,"11,178",67% bullish,of 3 ratings,N/A
HLIT,$5.92,1439922098537,"157,914",100% bearish,of 1 rating,$6.50
HDNG,$10.65,1439922098567,"32,175",50% bullish,of 4 ratings,N/A
HRMNU,NULL,1439922098594,0,Not yet rated,NULL,N/A
HRMN,NULL,1439922098622,0,Not yet rated,NULL,N/A
TINY,$2.5402,1439922098770,"9,859",50% bullish,of 2 ratings,$5.26
HRMNW,NULL,1439922098804,0,Not yet rated,NULL,N/A
HBIO,$4.4982,1439922098830,"33,695",Not yet rated,NULL,$10
HART,$0.6501,1439922098906,"99,250",100% bearish,of 1 rating,N/A
HCAP,$12.4225,1439922098965,"2,056",50% bullish,of 2 ratings,$15
HCAPL,$25.41,1439922099098,"2,600",Not yet rated,NULL,N/A
HAS,$80.3,1439922099124,"206,187",63% bullish,of 8 ratings,$84.50
HCOM,$23.1,1439922099267,"2,608",100% bearish,of 1 rating,$28
HA,$25.599,1439922099317,"231,015",67% bullish,of 9 ratings,$27
HWKN,$36.92,1439922099449,"10,125",Not yet rated,NULL,N/A
HAYN,$39.54,1439922099477,"15,741",100% bearish,of 1 rating,$59
HWBK,$13.65,1439922099498,231,100% bearish,of 1 rating,N/A
HDS,$34.655,1439922099547,"310,637",100% bearish,of 2 ratings,$39.50
HIIQ,$4.705,1439922099626,"8,037",50% bullish,of 2 ratings,$7
HQY,$33.53,1439922099656,"50,367",67% bullish,of 3 ratings,$31
HCSG,$34.69,1439922099716,"44,994",50% bullish,of 4 ratings,$35
HSTM,$25.7801,1439922099955,"45,826",50% bullish,of 2 ratings,$33.75
HWAY,$12.48,1439922099982,"98,697",100% bearish,of 1 rating,$15
HTLD,$21.3,1439922100004,"65,769",Not yet rated,NULL,$22.50
HSII,$19.99,1439922100150,"19,093",100% bullish,of 3 ratings,$25
HTWR,$88.925,1439922100172,"39,396",50% bullish,of 2 ratings,$103
HTLF,$37.4,1439922100201,"11,256",100% bullish,of 1 rating,$39.50
HTBX,$5.92,1439922100254,"29,238",50% bullish,of 2 ratings,$15.50
HNNA,$23.15,1439922100387,"2,800",Not yet rated,NULL,N/A
HMNY,$2.2801,1439922100418,"1,000",100% bearish,of 1 rating,N/A
HMTV,$13.37,1439922100440,"5,102",100% bearish,of 1 rating,$16
HELE,$91.95,1439922100472,"53,019",67% bearish,of 3 ratings,$100
HERO,$0.0702,1439922100605,"1,288,139",81% bullish,of 16 ratings,$.75
HSIC,$147.81,1439922100661,"173,892",83% bullish,of 6 ratings,$146
HCACU,$9.98,1439922100737,"1,000",Not yet rated,NULL,N/A
HFWA,$18.4,1439922100825,"11,776",100% bullish,of 1 rating,$20
HTBK,$11.05,1439922100899,"11,253",Not yet rated,NULL,$12
HEOP,$8.07,1439922101001,"3,240",Not yet rated,NULL,$8.50
HRTX,$32,1439922101063,"157,695",67% bullish,of 6 ratings,$41
HCCI,$12.68,1439922101090,"8,572",100% bearish,of 1 rating,$16.50
HFFC,$16.347,1439922101164,383,Not yet rated,NULL,N/A
HSKA,$33.87,1439922101222,"20,685",100% bearish,of 1 rating,$38
MLHR,$29.655,1439922101250,"114,681",50% bullish,of 2 ratings,$33.50
HIBB,$40.34,1439922101279,"125,136",100% bearish,of 1 rating,$48.50
HPJ,$2.76,1439922101506,"14,069",75% bullish,of 4 ratings,$12.43
HIMX,$6.855,1439922101532,"645,497",85% bullish,of 20 ratings,$8.50
HIHO,$4.14,1439922101564,"9,353",Not yet rated,NULL,N/A
HIFS,$119.5646,1439922101586,"1,004",Not yet rated,NULL,N/A
HSGX,$6.67,1439922101665,"1,210",100% bearish,of 1 rating,$17
HMNF,$11.51,1439922101795,"1,895",Not yet rated,NULL,N/A
HMSY,$9.49,1439922101887,"530,965",67% bullish,of 3 ratings,$19.35
HOLX,$42.43,1439922101924,"409,675",67% bullish,of 3 ratings,$42
HOLI,$17.88,1439922101991,"197,347",50% bullish,of 4 ratings,$27
HOMB,$41,1439922102056,"44,369",Not yet rated,NULL,$41
HBCP,$24.4685,1439922102122,152,Not yet rated,NULL,$29
AWAY,$30.99,1439922102151,"195,437",67% bullish,of 3 ratings,$36
HFBL,$22,1439922102172,1,Not yet rated,NULL,N/A
HMIN,$29.54,1439922102323,"23,450",100% bearish,of 2 ratings,$35
HMST,$21.7,1439922102369,"47,372",100% bullish,of 2 ratings,$27
HTBI,$18.46,1439922102458,"8,995",67% bullish,of 3 ratings,$18.625
HKTV,$5.17,1439922102529,"2,226",100% bearish,of 1 rating,N/A
HFBC,$11.55,1439922102616,"3,662",Not yet rated,NULL,N/A
CETC,$0.8201,1439922102641,"75,762",86% bullish,of 7 ratings,N/A
HOFT,$25.29,1439922102686,"3,960",100% bearish,of 1 rating,N/A
HBNC,$25.14,1439922102786,"14,645",100% bullish,of 1 rating,$27
HZNP,$31.77,1439922102817,"664,718",85% bullish,of 20 ratings,$40
HRZN,$11.11,1439922102916,"15,849",100% bearish,of 1 rating,$14.25
HDP,$26.17,1439922102976,"81,683",67% bearish,of 3 ratings,$30.50
ZINC,$8.0075,1439922103107,"374,472",100% bearish,of 1 rating,$17
HMHC,$23.391,1439922103134,"110,634",Not yet rated,NULL,$27
HOVNP,$5.6,1439922103264,"3,590",100% bearish,of 1 rating,N/A
HWCC,$7.4,1439922103290,"140,094",100% bearish,of 1 rating,$9
HBMD,$14.82,1439922103321,102,100% bearish,of 1 rating,N/A
HSNI,$63.6,1439922103426,"75,956",Not yet rated,NULL,$80
HTGM,$5.85,1439922103500,"9,415",100% bearish,of 1 rating,$19.50
HCBK,$10.36,1439922103851,"317,902",83% bullish,of 6 ratings,$8.61
HUBG,$41.43,1439922103886,"32,237",100% bearish,of 1 rating,$43
HDSN,$3.12,1439922103989,"5,066",100% bullish,of 1 rating,$6.25
HSON,$3.03,1439922104015,"14,822",100% bearish,of 1 rating,$5
HBAN,$11.835,1439922104048,"2,853,281",76% bullish,of 17 ratings,$12.50
HURC,$30.8725,1439922104078,"6,294",100% bearish,of 1 rating,N/A
HBANP,$1358,1439922104179,70,100% bearish,of 1 rating,N/A
HURN,$75.51,1439922104241,"25,877",50% bullish,of 2 ratings,$80
HTCH,$1.66,1439922104346,"48,651",100% bearish,of 1 rating,$3.50
HBP,$3.1184,1439922104374,"4,915",100% bullish,of 1 rating,N/A
HDRA,NULL,1439922104428,0,Not yet rated,NULL,N/A
HDRAR,NULL,1439922104461,0,Not yet rated,NULL,N/A
HDRAW,NULL,1439922104534,0,Not yet rated,NULL,N/A
HDRAU,NULL,1439922104566,0,Not yet rated,NULL,N/A
HYGS,$7.7051,1439922104596,"10,016",50% bullish,of 2 ratings,$13
IDSY,$4.028,1439922104702,"3,100",100% bearish,of 1 rating,$7
IACI,$74.55,1439922105005,"147,106",75% bullish,of 4 ratings,$90
ICAD,$3.6,1439922105031,"36,445",50% bullish,of 2 ratings,$7.25
IEP,$72.464,1439922105112,"39,907",75% bullish,of 4 ratings,$99
ICON,$13.28,1439922105184,"375,809",50% bullish,of 2 ratings,$18.50
ICFI,$35.33,1439922105213,"44,609",50% bullish,of 2 ratings,$48.50
IBKC,$63.29,1439922105237,"50,364",100% bullish,of 1 rating,$70
ICLR,$80.95,1439922105269,"444,784",100% bearish,of 3 ratings,$85
IKGH,$1.86,1439922105291,"41,894",75% bullish,of 4 ratings,N/A
IPWR,$7.84,1439922105530,"7,939",100% bullish,of 1 rating,$15
INVE,$4.94,1439922105559,"116,970",75% bullish,of 4 ratings,$4
ICUI,$121.8,1439922105580,"106,373",Not yet rated,NULL,$122
IDRA,$2.63,1439922105613,"484,015",89% bullish,of 9 ratings,$6.50
DSKY,$12.38,1439922105713,"44,660",67% bullish,of 6 ratings,$11.50
IDXX,$78.34,1439922105745,"239,185",100% bearish,of 1 rating,$77
IROQ,$16.6,1439922105843,"2,300",100% bullish,of 1 rating,N/A
RXDX,$13.8,1439922106011,"86,509",100% bullish,of 1 rating,$20
IKAN,$2.73,1439922106042,"18,632",83% bullish,of 6 ratings,$5
IRG,$4.37,1439922106066,"8,516",100% bearish,of 1 rating,$4.50
KANG,$17,1439922106088,"66,340",50% bullish,of 2 ratings,$22.55
IIVI,$17.72,1439922106126,"52,114",100% bearish,of 1 rating,$22
IKNX,NULL,1439922106231,0,100% bearish,of 1 rating,N/A
ISNS,$4.17,1439922106365,"17,295",50% bullish,of 2 ratings,N/A
IMDZ,$16.59,1439922106460,"37,698",100% bearish,of 1 rating,$33
IMMR,$12.43,1439922106514,"23,483",80% bullish,of 5 ratings,$15.50
ILMN,$206.81,1439922106543,"340,796",80% bullish,of 5 ratings,$240
ICCC,$8.81,1439922106646,"1,785",100% bullish,of 1 rating,N/A
IMNP,$1.48,1439922106686,"87,456",50% bullish,of 2 ratings,$6
IMGN,$13.7,1439922106779,"382,306",75% bullish,of 4 ratings,$17.50
IMMU,$1.89,1439922106809,"444,982",86% bullish,of 7 ratings,$2
IPXL,$46.97,1439922106917,"208,706",67% bullish,of 3 ratings,$46.50
INCR,$44.44,1439922106981,"371,072",50% bullish,of 2 ratings,$53
IMMY,$7.76,1439922107014,"3,335",100% bearish,of 1 rating,$11
INCY,$114.31,1439922107107,"548,477",50% bullish,of 6 ratings,$125.50
SAAS,$8,1439922107164,"123,737",50% bullish,of 2 ratings,$15
IBCP,$14.635,1439922107245,"9,743",100% bullish,of 1 rating,$14.50
INDB,$48.34,1439922107297,"15,975",Not yet rated,NULL,$44
IBTX,$42.99,1439922107428,"13,750",100% bullish,of 2 ratings,$47.25
IDSA,$3.74,1439922107509,"3,293",Not yet rated,NULL,N/A
INFI,$9.45,1439922107637,"112,396",50% bullish,of 4 ratings,$18
INFN,$24.6101,1439922107662,"631,633",71% bullish,of 7 ratings,$27.50
IPCC,$80.66,1439922107737,"15,714",Not yet rated,NULL,$77
IFON,$1.37,1439922107767,"26,104",75% bullish,of 4 ratings,N/A
III,$4.2,1439922107788,"49,628",57% bullish,of 7 ratings,$6
IMKTA,$54.275,1439922107922,"89,750",100% bearish,of 1 rating,N/A
INOD,$2.61,1439922108002,"2,230",100% bearish,of 1 rating,N/A
INWK,$7.81,1439922108032,"47,126",50% bullish,of 2 ratings,$10
IPHS,$50.44,1439922108165,"32,436",100% bearish,of 1 rating,$60
INNL,NULL,1439922108199,0,100% bearish,of 1 rating,$16.50
IOSP,$46.91,1439922108227,"46,107",100% bearish,of 1 rating,N/A
ISSC,$2.91,1439922108301,"5,400",67% bearish,of 3 ratings,N/A
INGN,$50.2,1439922108361,"87,573",100% bearish,of 1 rating,$50.50
ITEK,$15.915,1439922108500,"440,479",67% bearish,of 3 ratings,$20
INOV,$21.89,1439922108530,"226,204",100% bearish,of 1 rating,$33
INO,$7.555,1439922108575,"405,089",89% bullish,of 18 ratings,$20
NSIT,$26.16,1439922108638,"50,439",50% bullish,of 2 ratings,N/A
ISIG,$2.68,1439922108707,100,100% bearish,of 1 rating,N/A
IIIN,$17.59,1439922108769,"5,760",100% bearish,of 2 ratings,N/A
INSM,$27.59,1439922108797,"109,392",71% bullish,of 7 ratings,$32
PODD,$30.6,1439922108877,"129,312",50% bullish,of 2 ratings,$35
INSY,$34.76,1439922109209,"264,777",75% bullish,of 4 ratings,$48
NTEC,$6.05,1439922109246,"1,552",Not yet rated,NULL,N/A
IART,$62.61,1439922109276,"40,218",100% bearish,of 1 rating,$71.50
IESC,$7.35,1439922109313,"12,200",100% bearish,of 1 rating,N/A
IDTI,$18.35,1439922109335,"4,525,674",60% bullish,of 5 ratings,$25
INTC,$28.903,1439922109406,"7,526,835",82% bullish,of 238 ratings,$36
ISSI,$22.275,1439922109432,"37,353",67% bullish,of 3 ratings,$19.75
IPCI,$2.22,1439922109465,"21,972",67% bullish,of 6 ratings,$7.75
IQNT,$21.52,1439922109601,"1,083,720",86% bullish,of 7 ratings,$20
IBKR,$42.31,1439922109659,"106,892",100% bullish,of 1 rating,N/A
ICLDW,NULL,1439922109791,0,100% bearish,of 1 rating,N/A
ININ,$39.99,1439922109821,"16,510",67% bearish,of 3 ratings,$57
ICPT,$211.865,1439922109851,"74,068",70% bullish,of 10 ratings,$363
IPAR,$29.07,1439922109874,"47,283",67% bullish,of 3 ratings,$38
ICLD,$1.94,1439922109922,"107,968",75% bullish,of 4 ratings,N/A
IDCC,$49.78,1439922110133,"68,633",80% bullish,of 5 ratings,$63
IMI,NULL,1439922110262,0,67% bullish,of 3 ratings,$2.22
INAP,$8.69,1439922110292,"65,020",75% bullish,of 4 ratings,$11
ISCA,$33.92,1439922110315,"40,105",100% bearish,of 1 rating,N/A
TILE,$26.14,1439922110345,"167,028",67% bearish,of 3 ratings,$27
IBOC,$27.52,1439922110375,"19,090",100% bearish,of 1 rating,N/A
IIJI,NULL,1439922110404,0,50% bullish,of 2 ratings,$11.50
IGLD,$7.72,1439922110480,"3,059",50% bullish,of 2 ratings,N/A
XENT,$29.8,1439922110657,"104,689",50% bullish,of 2 ratings,$36.50
INPH,$0.32,1439922110692,"17,956",50% bullish,of 2 ratings,N/A
PTNT,$3.07,1439922110720,100,Not yet rated,NULL,N/A
ISIL,$10.87,1439922110799,"301,883",50% bullish,of 6 ratings,$15
INTX,$2.6,1439922110852,"13,512",67% bullish,of 3 ratings,N/A
IILG,$21.59,1439922110933,"27,122",100% bearish,of 1 rating,$30.50
IVAC,$5.04,1439922111175,"6,434",Not yet rated,NULL,$6.625
ITCI,$30.28,1439922111211,"178,556",75% bearish,of 4 ratings,$40
IIN,$6.44,1439922111233,5,100% bearish,of 1 rating,$12
INTL,$28.3,1439922111263,"37,904",67% bearish,of 3 ratings,N/A
INTLL,$25.87,1439922111308,"14,100",Not yet rated,NULL,N/A
INTU,$105.83,1439922111333,"276,706",100% bullish,of 7 ratings,$107.50
ISRG,$531.91,1439922111541,"41,159",67% bullish,of 3 ratings,$600
INVT,$0.2899,1439922111572,"78,132",67% bullish,of 3 ratings,N/A
SNAK,$8.75,1439922111674,"22,690",50% bullish,of 2 ratings,$14
ISTR,$15.81,1439922111714,"1,034",100% bearish,of 1 rating,$18.50
NVIV,$11.69,1439922111772,"134,426",50% bullish,of 4 ratings,$24.50
ISBC,$12.32,1439922111800,"1,056,215",100% bullish,of 1 rating,$13.25
ITIC,NULL,1439922111932,0,100% bearish,of 2 ratings,N/A
IVTY,$11.56,1439922111958,"13,739",Not yet rated,NULL,$18
IPAS,$1.0597,1439922112013,"23,356",67% bullish,of 3 ratings,N/A
IPCM,$79.51,1439922112178,"60,542",50% bullish,of 2 ratings,$80.125
DTUL,$64.46,1439922112223,200,Not yet rated,NULL,N/A
IPGP,$91.55,1439922112250,"92,576",100% bearish,of 2 ratings,$109.50
DFVL,$65.55,1439922112311,"1,000",Not yet rated,NULL,N/A
IRMD,$26.44,1439922112343,"5,475",67% bearish,of 3 ratings,$25
IRDM,$6.86,1439922112443,"106,772",60% bullish,of 5 ratings,$11.50
IRIX,$7.07,1439922112471,"4,900",100% bearish,of 1 rating,N/A
IRBT,$31.2,1439922112600,"63,370",67% bullish,of 6 ratings,$37
IRDMB,$270.85,1439922112627,500,67% bearish,of 3 ratings,N/A
IRCP,$35,1439922112765,"2,600",100% bullish,of 2 ratings,N/A
COMT,$33.4,1439922112797,"2,256",100% bearish,of 1 rating,N/A
IRWD,$11.54,1439922112824,"257,376",100% bearish,of 1 rating,$13
GNMA,$50,1439922112895,"2,510",Not yet rated,NULL,N/A
FCHI,$49.71,1439922113029,"3,061",Not yet rated,NULL,N/A
IFAS,NULL,1439922113058,0,Not yet rated,NULL,N/A
IFGL,$30.01,1439922113188,"96,920",Not yet rated,NULL,N/A
IFEU,$40.1117,1439922113244,650,Not yet rated,NULL,N/A
IFNA,$55.96,1439922113321,"1,500",Not yet rated,NULL,N/A
AAXJ,$55.73,1439922113379,"534,505",Not yet rated,NULL,N/A
ACWI,$59.0559,1439922113404,"263,138",Not yet rated,NULL,N/A
ACWX,$42.9,1439922113432,"122,896",100% bearish,of 1 rating,N/A
AXJS,$52.38,1439922113573,128,Not yet rated,NULL,N/A
AAIT,$30.934,1439922113617,"2,266",100% bullish,of 1 rating,N/A
EEMA,$52.42,1439922113754,"3,917",Not yet rated,NULL,N/A
EMDI,NULL,1439922113799,0,Not yet rated,NULL,N/A
EEME,$39,1439922113857,16,100% bearish,of 1 rating,N/A
EMEY,NULL,1439922113882,0,Not yet rated,NULL,N/A
EGRW,$48.8812,1439922113933,512,Not yet rated,NULL,N/A
EVAL,$37.17,1439922114077,"220,160",Not yet rated,NULL,N/A
EEML,$28.8,1439922114135,173,Not yet rated,NULL,N/A
EUFN,$23.18,1439922114327,"100,621",100% bearish,of 1 rating,N/A
QAT,$21.95,1439922114422,145,Not yet rated,NULL,N/A
IEUS,$47.17,1439922114475,"5,783",100% bearish,of 1 rating,N/A
UAE,$18.51,1439922114507,900,Not yet rated,NULL,N/A
IBB,$369,1439922114612,"247,606",63% bullish,of 8 ratings,N/A
SOXX,$84.82,1439922114647,"95,907",50% bullish,of 2 ratings,N/A
EMIF,$30.07,1439922114809,"4,065",Not yet rated,NULL,N/A
ICLN,$10.23,1439922114850,"8,323",50% bullish,of 2 ratings,N/A
WOOD,$51.54,1439922114921,"7,178",50% bullish,of 2 ratings,N/A
INDY,$29.61,1439922114956,"77,312",100% bullish,of 1 rating,N/A
ISHG,$78.5899,1439922114983,"4,301",100% bearish,of 1 rating,N/A
IGOV,$89.9201,1439922115014,"16,737",100% bearish,of 1 rating,N/A
ISLE,$19.18,1439922115054,"129,336",50% bullish,of 4 ratings,$16
ISIS,$51.352,1439922115081,"459,911",53% bullish,of 15 ratings,$67
ISRL,NULL,1439922115286,0,100% bearish,of 1 rating,N/A
ITRI,$33.44,1439922115419,"110,824",Not yet rated,NULL,$37
ITRN,$25.2,1439922115444,726,50% bullish,of 2 ratings,N/A
IXYS,$10.67,1439922115635,"50,796",50% bullish,of 4 ratings,N/A
XXIA,$15.69,1439922115667,"151,005",71% bullish,of 7 ratings,$14.625
ITUS,$4.31,1439922115702,966,Not yet rated,NULL,N/A
JJSF,$118.94,1439922115766,"14,811",100% bearish,of 1 rating,N/A
MAYS,$58.5,1439922115796,"2,135",Not yet rated,NULL,N/A
JBHT,$79.8,1439922115822,"248,111",50% bullish,of 4 ratings,$89.50
JASO,$8.3,1439922115873,"549,303",82% bullish,of 17 ratings,$10
JKHY,$71.48,1439922116017,"30,985",50% bullish,of 2 ratings,$72
JCOM,$73.27,1439922116153,"84,968",100% bullish,of 2 ratings,$77
JXSB,$24.214,1439922116221,100,Not yet rated,NULL,N/A
JAGX,$2.84,1439922116246,"2,900",Not yet rated,NULL,N/A
JAXB,NULL,1439922116275,0,100% bullish,of 1 rating,N/A
JACK,$86.3201,1439922116300,"231,371",83% bullish,of 6 ratings,$105
JAKK,$9.65,1439922116462,"153,473",60% bearish,of 5 ratings,$10.50
JMBA,$13.84,1439922116605,"365,219",75% bullish,of 4 ratings,$18
JASNW,NULL,1439922116701,0,50% bullish,of 2 ratings,N/A
JASN,$5.28,1439922116739,"7,108",50% bullish,of 2 ratings,$9.50
ERW,NULL,1439922116771,0,Not yet rated,NULL,N/A
JRVR,$27,1439922116800,"4,028",Not yet rated,NULL,$27
JAZZ,$188.18,1439922116836,"81,131",80% bullish,of 15 ratings,$206.50
JBLU,$23.99,1439922116862,"3,008,322",94% bullish,of 16 ratings,$27
JD,$26.78,1439922116936,"3,093,645",75% bullish,of 16 ratings,$36
JTPY,$2.96,1439922117078,100,100% bearish,of 1 rating,N/A
JCTCF,$9.54,1439922117170,20,100% bullish,of 1 rating,N/A
DATE,$6.55,1439922117313,"72,591",75% bullish,of 4 ratings,$9
JST,$4.3,1439922117378,"5,314",75% bullish,of 4 ratings,N/A
JIVE,$4.11,1439922117446,"249,870",75% bullish,of 4 ratings,$5
WYIGU,$10.02,1439922117479,997,Not yet rated,NULL,N/A
JOEZ,$0.189,1439922117543,"119,018",92% bullish,of 12 ratings,N/A
JNP,$9.8,1439922117570,"8,008",100% bullish,of 3 ratings,$15
JBSS,$48.4,1439922117624,"21,740",67% bearish,of 3 ratings,N/A
JOUT,$26.707,1439922117650,"5,322",100% bearish,of 1 rating,$34
JUNO,$42.34,1439922117786,"1,017,478",73% bullish,of 11 ratings,$71.50
KTWO,$22.03,1439922117816,"87,270",100% bearish,of 1 rating,$28.50
KALU,$85.32,1439922117917,"28,734",67% bearish,of 3 ratings,$91
KMDA,$3.87,1439922117948,"13,813",50% bullish,of 2 ratings,$8
KBIO,$2.05,1439922118051,"109,292",50% bullish,of 4 ratings,N/A
KNDI,$7.12,1439922118118,"91,527",86% bullish,of 22 ratings,N/A
KPTI,$13.38,1439922118299,"293,380",67% bearish,of 3 ratings,$41
KRNY,$11.83,1439922118358,"272,459",100% bearish,of 1 rating,$12
KBSF,$3.48,1439922118388,200,100% bullish,of 1 rating,N/A
KCAP,$4.8237,1439922118459,"78,567",75% bullish,of 4 ratings,$6.75
KELYA,$14.86,1439922118487,"25,729",67% bullish,of 6 ratings,$20
KCLI,$47.64,1439922118516,"9,845",Not yet rated,NULL,N/A
KMPH,$22.44,1439922118769,"46,650",100% bearish,of 2 ratings,$22
KELYB,NULL,1439922118800,0,50% bullish,of 2 ratings,N/A
KERX,$6.3,1439922118832,"461,280",82% bullish,of 11 ratings,$12
GMCR,$50.62,1439922118869,"544,547",71% bullish,of 42 ratings,$64
