Symbol,Price,Date,Volume,Rating,RatingVoteCount,OneYearEstimate
FLWS,$8.5,1441221602492,"173,167",80% bullish,of 5 ratings,$15
TFSCU,NULL,1441221602540,0,Not yet rated,NULL,N/A
FCTY,$7.74,1441221602571,990,100% bullish,of 1 rating,$8.50
TFSCW,NULL,1441221602593,0,100% bearish,of 1 rating,N/A
TFSCR,NULL,1441221602631,0,Not yet rated,NULL,N/A
TFSC,NULL,1441221602667,0,100% bearish,of 1 rating,N/A
SRCE,$29.6,1441221602729,"8,751",100% bullish,of 3 ratings,$33
FCCY,$11.74,1441221602762,150,100% bullish,of 1 rating,$13
TWOU,$34.77,1441221602863,"73,770",50% bullish,of 2 ratings,$39
VNET,$16.42,1441221602889,"290,533",60% bullish,of 5 ratings,$35
DGLD,$80.9995,1441221602928,"5,295",100% bullish,of 1 rating,N/A
DSLV,$68.2499,1441221602961,"15,740",100% bearish,of 1 rating,N/A
PIH,NULL,1441221603064,0,100% bearish,of 1 rating,N/A
UGLD,$9.26,1441221603090,"104,698",100% bearish,of 1 rating,N/A
USLV,$12.6999,1441221603115,"214,138",86% bullish,of 7 ratings,N/A
JOBS,$26.405,1441221603140,"71,850",50% bullish,of 4 ratings,$36
SIXD,$2.7,1441221603417,"26,477",Not yet rated,NULL,N/A
CAFD,$14.88,1441221603458,"96,240",Not yet rated,NULL,$24.50
AAON,$20,1441221603504,"48,171",100% bearish,of 1 rating,$24
SHLM,$32.9,1441221603532,"57,262",100% bearish,of 1 rating,$47
AVHI,$13.95,1441221603558,"11,690",100% bearish,of 1 rating,$19
EGHT,$7.7,1441221603579,"161,106",82% bullish,of 17 ratings,$11
ABEO,$4.81,1441221603616,"56,558",50% bullish,of 4 ratings,$15.50
ABY,$22.35,1441221603638,"317,855",100% bearish,of 2 ratings,$46
ABEOW,$1.67,1441221603811,800,100% bullish,of 1 rating,N/A
ABGB,$5.25,1441221603836,"15,197",67% bullish,of 3 ratings,$5.50
ABAX,$47.16,1441221603864,"69,881",100% bearish,of 1 rating,$60
AXAS,$1.66,1441221603893,"631,614",78% bullish,of 9 ratings,$3.50
ABMD,$94.58,1441221603996,"257,023",75% bullish,of 4 ratings,$100.50
ACAD,$37.44,1441221604105,"391,573",80% bullish,of 20 ratings,$48
ACHC,$72.46,1441221604145,"152,298",50% bullish,of 2 ratings,$92
AXDX,$19.25,1441221604207,"45,633",100% bearish,of 1 rating,N/A
ACTG,$9.12,1441221604250,"253,750",67% bullish,of 3 ratings,$18.50
XLRN,$29.38,1441221604339,"38,845",50% bullish,of 2 ratings,$57
ACST,$0.3421,1441221604385,"1,190",100% bullish,of 2 ratings,N/A
ANCX,$20.07,1441221604413,"9,994",Not yet rated,NULL,$20
VXDN,$1.8799,1441221604567,"20,545",100% bearish,of 1 rating,N/A
VXUP,$1.6827,1441221604602,"21,972",100% bearish,of 1 rating,N/A
ARAY,$6.585,1441221604623,"279,480",100% bearish,of 1 rating,$10.50
ACRX,$4.48,1441221604644,"263,496",67% bearish,of 6 ratings,$5.50
ACET,$21.76,1441221604699,"47,767",75% bullish,of 4 ratings,$30
AKAO,$7.03,1441221604773,"35,701",75% bullish,of 4 ratings,$15
ACHN,$7.35,1441221604904,"1,955,867",90% bullish,of 21 ratings,$16
ACNB,$20.35,1441221604930,463,Not yet rated,NULL,N/A
ACIW,$21.2,1441221604958,"188,264",67% bearish,of 3 ratings,$24
ACTS,$1.6,1441221605094,"8,648",100% bearish,of 1 rating,N/A
ACOR,$32.13,1441221605123,"287,167",67% bearish,of 3 ratings,$38.50
ACPW,$1.955,1441221605222,"20,092",100% bullish,of 4 ratings,$3.25
ACXM,$20.5,1441221605249,"100,248",67% bullish,of 3 ratings,N/A
ATVI,$28.15,1441221605281,"6,059,735",67% bullish,of 84 ratings,$31.50
ACTA,$13.81,1441221605312,"39,842",67% bearish,of 3 ratings,$25
ACUR,$2.8289,1441221605339,"3,308",100% bullish,of 5 ratings,$5
ADMS,$19.665,1441221605388,"23,424",100% bearish,of 2 ratings,$36
ADAP,$11.4662,1441221605413,"23,643",67% bullish,of 3 ratings,$22
ADMP,$3.88,1441221605550,"14,096",50% bullish,of 2 ratings,$10
ADUS,$29.43,1441221605595,"17,761",100% bearish,of 1 rating,$31
AEY,$2.35,1441221605683,"9,438",100% bearish,of 2 ratings,N/A
ADEP,$6.97,1441221605729,"29,578",50% bullish,of 2 ratings,$10.75
ADBE,$76.805,1441221605826,"999,526",65% bullish,of 17 ratings,$90
ADTN,$15.66,1441221605907,"85,799",67% bullish,of 3 ratings,$17.125
ADMA,$9,1441221605957,"4,581",Not yet rated,NULL,$19
ADRO,$19.07,1441221605993,"110,686",80% bullish,of 5 ratings,$45.50
AEIS,$24.18,1441221606018,"55,832",50% bullish,of 2 ratings,$32.50
AMD,$1.75,1441221606153,"2,870,698",83% bullish,of 103 ratings,$2
ADXSW,$9.1234,1441221606180,"5,850",100% bullish,of 1 rating,N/A
MULT,NULL,1441221606205,0,100% bearish,of 1 rating,N/A
ADXS,$13.29,1441221606234,"496,006",64% bullish,of 14 ratings,$27
YPRO,$23.0016,1441221606342,102,100% bearish,of 1 rating,N/A
AEGN,$17.91,1441221606469,"32,489",100% bearish,of 2 ratings,$21
AEGR,$17.77,1441221606501,"89,881",50% bullish,of 6 ratings,$26
AMTX,$2.79,1441221606571,"5,868",50% bullish,of 2 ratings,$26.11
AEPI,$56.57,1441221606599,"11,808",100% bearish,of 1 rating,N/A
AEHR,$2.3,1441221606632,"3,386",50% bullish,of 2 ratings,N/A
AEZS,$0.0876,1441221606731,"7,678,205",90% bullish,of 21 ratings,$1.50
AERI,$15.51,1441221606752,"396,773",75% bullish,of 4 ratings,$31.50
AEMD,$7.422,1441221606884,"11,282",Not yet rated,NULL,$27.50
AVAV,$21.08,1441221606909,"566,340",50% bullish,of 4 ratings,$31
AGEN,$7.01,1441221606940,"227,945",85% bullish,of 13 ratings,$14
AFFX,$9.1,1441221606966,"150,194",80% bullish,of 5 ratings,$12.50
AFMD,$10.205,1441221606991,"92,990",50% bullish,of 4 ratings,$15
AGYS,$9.795,1441221607123,"6,724",100% bearish,of 1 rating,N/A
AGRX,$8.4,1441221607156,"16,581",100% bearish,of 1 rating,$17.50
AGFS,$9.64,1441221607267,"150,964",100% bearish,of 1 rating,N/A
AGIO,$86.595,1441221607295,"65,317",88% bullish,of 8 ratings,$114
AIMT,$21.9001,1441221607425,"67,602",Not yet rated,NULL,$35.50
AGFSW,$1.98,1441221607483,200,100% bearish,of 2 ratings,N/A
AIRM,$36.12,1441221607552,"67,097",80% bearish,of 5 ratings,$53
AIRT,$22.542,1441221607652,"1,076",100% bullish,of 1 rating,N/A
AMCN,$4.49,1441221607686,"46,861",83% bullish,of 6 ratings,N/A
AIXG,$6.3202,1441221607707,"4,800",67% bearish,of 3 ratings,$5.25
AKAM,$70.685,1441221607740,"573,281",63% bullish,of 8 ratings,$77.50
ATSG,$8.771,1441221607781,"81,478",67% bullish,of 3 ratings,$13
AKER,$2.63,1441221607843,"23,130",Not yet rated,NULL,N/A
AKBA,$7.56,1441221607881,"181,775",100% bearish,of 1 rating,$18
AKRX,$39.24,1441221607903,"225,857",78% bullish,of 9 ratings,$56
ALRM,$15.77,1441221607975,"113,324",100% bearish,of 1 rating,$22
ALSK,$2.215,1441221608003,"49,180",78% bullish,of 18 ratings,$2
AMRI,$19.87,1441221608208,"54,699",75% bearish,of 4 ratings,$24
ABDC,$12.94,1441221608268,"13,773",Not yet rated,NULL,$15
ALDX,$7.2,1441221608302,"6,859",100% bearish,of 1 rating,$14.50
ALDR,$40.36,1441221608324,"411,105",67% bearish,of 3 ratings,$62
ADHD,$7.9,1441221608352,"113,926",50% bullish,of 4 ratings,$18
ALXN,$173.19,1441221608405,"455,340",88% bullish,of 8 ratings,$223.50
ALCO,$41.71,1441221608481,"4,052",50% bullish,of 2 ratings,N/A
ALGN,$54.48,1441221608550,"253,458",100% bearish,of 2 ratings,$73
ALIM,$3.15,1441221608611,"37,994",80% bullish,of 5 ratings,$10
ALXA,$1.2,1441221608640,"3,500",83% bullish,of 6 ratings,$2.125
ALGT,$204.2,1441221608678,"87,924",100% bearish,of 2 ratings,$235
ALKS,$62.37,1441221608744,"502,638",67% bullish,of 3 ratings,$75
ALLB,$22.66,1441221608772,300,Not yet rated,NULL,N/A
AFOP,$19.21,1441221608797,"174,791",75% bullish,of 8 ratings,$21
AHGP,$35.21,1441221609000,"15,953",67% bullish,of 3 ratings,N/A
ARLP,$24.7168,1441221609067,"147,934",67% bearish,of 3 ratings,$32
AMOT,$17.99,1441221609096,"116,755",100% bearish,of 1 rating,N/A
AIQ,$14.31,1441221609127,"3,907",67% bullish,of 3 ratings,N/A
ALLT,$5.08,1441221609200,"33,195",75% bullish,of 4 ratings,$6.25
AHPI,$1.448,1441221609225,400,50% bullish,of 2 ratings,N/A
ALQA,$4.64,1441221609445,"10,479",75% bullish,of 4 ratings,$8.50
ALNY,$100.1,1441221609508,"229,542",67% bullish,of 3 ratings,$151.50
MDRX,$13.165,1441221609533,"2,032,668",60% bullish,of 5 ratings,$16
AFAM,$44.87,1441221609568,"36,252",50% bullish,of 2 ratings,$44
AOSL,$8.02,1441221609599,"99,036",67% bullish,of 3 ratings,$9
ALTR,$48.69,1441221609620,"848,734",80% bearish,of 5 ratings,$54
ATEC,$0.58,1441221609666,"12,754",100% bullish,of 1 rating,$2
SMCP,$22.84,1441221609694,211,Not yet rated,NULL,N/A
ASPS,$25.57,1441221609921,"93,507",67% bullish,of 3 ratings,$46.50
AIMC,$23.391,1441221610002,"58,035",100% bearish,of 2 ratings,$28.50
AMRN,$2.29,1441221610027,"1,381,683",85% bullish,of 40 ratings,$8
AMRK,$10.52,1441221610057,"1,100",50% bullish,of 2 ratings,$14
AMAG,$64.585,1441221610078,"280,872",100% bullish,of 2 ratings,$75
AYA,$20.41,1441221610158,"15,832",100% bearish,of 1 rating,$40
AMZN,$503.85,1441221610207,"1,289,364",81% bullish,of 267 ratings,$646
AMBC,$16.54,1441221610369,"193,358",100% bearish,of 1 rating,$16.50
DOX,$56.3,1441221610470,"321,426",67% bearish,of 3 ratings,$60
AMCX,$69.34,1441221610533,"332,682",67% bullish,of 3 ratings,$87.50
AMDA,$0.4719,1441221610705,"334,354",90% bullish,of 10 ratings,$1
AMBCW,$8.6,1441221610774,"3,300",100% bearish,of 1 rating,N/A
AMBA,$78.33,1441221610882,"5,273,779",83% bullish,of 12 ratings,$102.50
AAL,$40.9,1441221611012,"8,415,795",93% bullish,of 88 ratings,$57
AMOV,$17.8899,1441221611042,"4,703",100% bearish,of 1 rating,N/A
ATAX,$5.3,1441221611072,"22,206",100% bullish,of 1 rating,$6.50
AMED,$40.87,1441221611143,"124,440",100% bearish,of 1 rating,$42
EPAX,$2.685,1441221611168,"24,671",100% bearish,of 1 rating,N/A
UHAL,$368.63,1441221611202,"6,891",100% bullish,of 2 ratings,$393.50
AGNC,$19.0451,1441221611232,"948,574",71% bullish,of 28 ratings,$22
AGNCP,$25.2999,1441221611335,"6,748",Not yet rated,NULL,N/A
MTGE,$15.17,1441221611368,"209,680",75% bullish,of 4 ratings,$19.50
AGNCB,$24.2299,1441221611404,"2,100",Not yet rated,NULL,N/A
MTGEP,$24.3,1441221611471,"1,200",Not yet rated,NULL,N/A
ACSF,$12.2899,1441221611583,"12,466",100% bearish,of 1 rating,$15
ASBI,$22.66,1441221611689,"11,000",Not yet rated,NULL,N/A
ACAS,$13.545,1441221611927,"614,673",60% bullish,of 5 ratings,$16.75
AMIC,NULL,1441221611953,0,100% bearish,of 1 rating,N/A
ANCI,$1.54,1441221612032,300,100% bearish,of 1 rating,N/A
ASEI,$38.69,1441221612123,"20,515",100% bearish,of 1 rating,$52.50
AMNB,$23.2256,1441221612182,"2,558",Not yet rated,NULL,$25.50
ANAT,$97.52,1441221612211,"10,982",100% bullish,of 1 rating,N/A
AETI,$3.95,1441221612260,300,67% bearish,of 3 ratings,N/A
AMRB,$10.14,1441221612292,"2,200",Not yet rated,NULL,$11
AMSC,$4.895,1441221612324,"30,698",50% bullish,of 4 ratings,N/A
ARII,$40.46,1441221612386,"90,910",67% bearish,of 3 ratings,$45
AMSWA,$8.94,1441221612420,"28,692",100% bearish,of 2 ratings,$10.75
APEI,$21.47,1441221612447,"15,550",100% bearish,of 1 rating,$25.50
CRMT,$35.14,1441221612665,"32,037",100% bearish,of 1 rating,$39
AMWD,$65.41,1441221612691,"56,828",50% bullish,of 2 ratings,$70
ABCB,$26.39,1441221612857,"64,261",Not yet rated,NULL,$31
ASRVP,NULL,1441221612944,0,Not yet rated,NULL,N/A
ASRV,$3.27,1441221612972,"7,874",100% bullish,of 2 ratings,N/A
AMGN,$149.68,1441221613087,"1,402,262",89% bullish,of 19 ratings,$185
AMKR,$5.12,1441221613157,"626,010",100% bearish,of 2 ratings,$5
AMSF,$46.19,1441221613192,"20,621",Not yet rated,NULL,$57.50
FOLD,$14.66,1441221613216,"597,259",56% bullish,of 9 ratings,$21
AMSG,$78.04,1441221613247,"168,484",100% bearish,of 1 rating,$85.50
ATLO,$23.75,1441221613272,"2,079",Not yet rated,NULL,N/A
AMSGP,$146.04,1441221613305,100,Not yet rated,NULL,N/A
AFSI,$56.191,1441221613374,"161,923",60% bullish,of 5 ratings,$72
ASYS,$5.34,1441221613437,"12,003",67% bullish,of 3 ratings,$12
AMPH,$13.45,1441221613580,"53,909",50% bullish,of 2 ratings,$20
AMRS,$1.6725,1441221613609,"80,694",70% bullish,of 10 ratings,N/A
ANAC,$132.3,1441221613678,"156,981",80% bullish,of 5 ratings,$180.50
ANAD,$0.32,1441221613703,"94,736",100% bullish,of 2 ratings,$.50
ALOG,$80.6,1441221613785,"32,949",100% bearish,of 2 ratings,$100.50
ADI,$53.944,1441221613846,"706,870",75% bullish,of 4 ratings,$69
ANCB,$21.44,1441221613915,"1,400",Not yet rated,NULL,$23
AMCF,NULL,1441221613944,0,NULL,NULL,NULL
ABCW,$40.5501,1441221613984,"4,264",67% bullish,of 3 ratings,N/A
ANGO,$14.63,1441221614049,"55,859",67% bullish,of 3 ratings,$19
ANIK,$35.35,1441221614081,"88,760",60% bullish,of 5 ratings,$51.25
ANGI,$5.11,1441221614108,"120,030",64% bullish,of 11 ratings,$5.50
ANSS,$88.29,1441221614146,"242,778",100% bearish,of 1 rating,$100
ANIP,$50.645,1441221614182,"75,050",89% bullish,of 19 ratings,$66
ATRS,$1.84,1441221614274,"295,931",92% bullish,of 12 ratings,$4.50
ANTH,$7.26,1441221614370,"396,659",80% bullish,of 10 ratings,$13
ABAC,$0.798,1441221614444,"2,001",100% bearish,of 1 rating,N/A
ATNY,$2.42,1441221614502,"9,634",50% bullish,of 2 ratings,$3.75
APIC,$6.49,1441221614638,"36,293",100% bearish,of 1 rating,$19
AINV,$6.39,1441221614667,"698,911",50% bullish,of 4 ratings,$8
APPF,$15.68,1441221614698,"24,965",50% bullish,of 2 ratings,$22
APOG,$51.605,1441221614728,"91,058",50% bullish,of 2 ratings,$67
APOL,$10.88,1441221614761,"365,389",87% bearish,of 68 ratings,$14
AAPL,$110.715,1441221614792,"24,805,414",86% bullish,of 2362 ratings,$150
APDN,$3.44,1441221614826,"26,223",Not yet rated,NULL,$9
ARCI,$1.26,1441221614855,"7,512",Not yet rated,NULL,N/A
AGTC,$16.32,1441221615002,"27,437",50% bullish,of 2 ratings,$33
APDNW,$1.46,1441221615059,700,Not yet rated,NULL,N/A
AMCC,$5.64,1441221615134,"225,247",80% bullish,of 5 ratings,$8
AMAT,$15.535,1441221615159,"5,555,299",82% bullish,of 11 ratings,$23
AAOI,$20.22,1441221615191,"98,574",50% bullish,of 4 ratings,$26
AREX,$2.4,1441221615329,"761,146",50% bullish,of 2 ratings,$3
APRI,$1.68,1441221615392,"300,809",83% bullish,of 6 ratings,$4.86
AQMS,$4.8122,1441221615429,"2,213",Not yet rated,NULL,N/A
APTO,$5.4299,1441221615457,"3,630",Not yet rated,NULL,$17
AQXP,$16.45,1441221615486,"115,935",50% bullish,of 2 ratings,$2
AUMAW,NULL,1441221615517,0,Not yet rated,NULL,N/A
AUMA,NULL,1441221615542,0,Not yet rated,NULL,N/A
AUMAU,$9.94,1441221615613,200,Not yet rated,NULL,N/A
ARDM,$7.3,1441221615762,300,100% bullish,of 1 rating,$26
PETX,$18.26,1441221615792,"168,834",100% bearish,of 2 ratings,$26
ARCW,$3.45,1441221615897,"30,357",100% bearish,of 2 ratings,$10.50
ABIO,$0.9053,1441221615922,"11,566",50% bullish,of 2 ratings,$3.75
ABUS,$6.94,1441221615948,"440,155",86% bullish,of 14 ratings,$23
ARDX,$19.2,1441221616296,"46,546",50% bullish,of 2 ratings,$24.50
RKDA,$6.02,1441221616318,"3,534",100% bearish,of 2 ratings,$10
ARCB,$27.73,1441221616339,"82,697",67% bearish,of 3 ratings,$39.50
ACGL,$68.15,1441221616360,"97,242",50% bullish,of 2 ratings,$72
ACAT,$25.75,1441221616402,"48,795",100% bearish,of 3 ratings,$33
ARNA,$2.655,1441221616424,"666,482",90% bullish,of 78 ratings,$5.50
AGII,$55.03,1441221616446,"18,365",Not yet rated,NULL,$59.50
ARCC,$15.36,1441221616480,"762,437",67% bearish,of 3 ratings,$17.75
AGIIL,$25.1299,1441221616615,"6,716",Not yet rated,NULL,N/A
ARGS,$6.2,1441221616643,"22,941",50% bullish,of 2 ratings,$19.50
ARIS,$3.75,1441221616819,"3,794",Not yet rated,NULL,$4.50
ARWA,NULL,1441221616979,0,Not yet rated,NULL,N/A
ARMH,$42.17,1441221617012,"537,317",54% bearish,of 13 ratings,$60
ARQL,$1.685,1441221617039,"35,207",75% bullish,of 4 ratings,$5
ARIA,$7.5201,1441221617060,"6,087,040",87% bullish,of 46 ratings,$9
ARKR,$25,1441221617095,"6,409",50% bullish,of 2 ratings,N/A
ARTX,$1.421,1441221617118,"37,009",88% bullish,of 16 ratings,$4.50
ARWAU,NULL,1441221617147,0,100% bullish,of 1 rating,N/A
ARWAR,NULL,1441221617197,0,Not yet rated,NULL,N/A
ARWAW,$0.17,1441221617298,"7,500",Not yet rated,NULL,N/A
ARRY,$5.91,1441221617372,"601,129",100% bullish,of 7 ratings,$10
DWAT,$9.7101,1441221617428,"2,700",100% bearish,of 1 rating,N/A
ARRS,$25.82,1441221617503,"442,839",50% bullish,of 2 ratings,$38
AROW,$27.04,1441221617574,"2,316",Not yet rated,NULL,N/A
ARWR,$5.7,1441221617647,"640,549",75% bullish,of 4 ratings,$10.50
ARTW,$4.1199,1441221617713,"4,857",75% bearish,of 4 ratings,N/A
ARTNA,$21.818,1441221617741,"3,946",100% bearish,of 1 rating,$29
ASBB,$24.49,1441221617762,300,Not yet rated,NULL,N/A
ASND,$19.64,1441221617816,"11,855",50% bullish,of 2 ratings,$30
ASTI,$0.3099,1441221617890,"11,514,147",83% bullish,of 6 ratings,$3
ASNA,$12.21,1441221617917,"1,144,635",50% bullish,of 2 ratings,$18
APWC,$1.75,1441221617942,"1,068",100% bearish,of 1 rating,N/A
ASCMA,$27.66,1441221617998,"22,400",100% bearish,of 1 rating,$45
ASMI,NULL,1441221618123,0,NULL,NULL,NULL
ASML,$89.55,1441221618147,"517,244",50% bullish,of 4 ratings,$127
AZPN,$37.29,1441221618216,"157,460",50% bullish,of 2 ratings,$42
ASMB,$14.28,1441221618278,"24,013",67% bullish,of 3 ratings,N/A
ASFI,$8.8699,1441221618363,"1,279",100% bullish,of 1 rating,N/A
ALOT,$13.8,1441221618413,"2,424",100% bearish,of 1 rating,N/A
ASTE,$38.29,1441221618438,"62,101",100% bearish,of 1 rating,$49
ASTC,$2.1,1441221618574,"8,500",100% bullish,of 5 ratings,N/A
ATRO,$50.27,1441221618628,"50,111",100% bearish,of 2 ratings,$80
ATRA,$42.112,1441221618653,"135,499",50% bullish,of 2 ratings,$68
ATAI,$2.47,1441221618681,"8,896",100% bearish,of 1 rating,N/A
ASUR,$5.4,1441221618712,"2,526",50% bullish,of 2 ratings,$8
ATHN,$131.11,1441221618811,"100,052",67% bearish,of 3 ratings,$153
ATHX,$1.15,1441221618937,"50,356",89% bullish,of 9 ratings,$5
AFCB,NULL,1441221618977,0,Not yet rated,NULL,N/A
AAPC,NULL,1441221619004,0,Not yet rated,NULL,N/A
ACFC,$5.4714,1441221619035,"13,853",100% bearish,of 1 rating,$6.50
AAME,$3.4973,1441221619145,601,Not yet rated,NULL,N/A
ATNI,$72.07,1441221619170,"35,526",100% bearish,of 1 rating,$69.50
AAWW,$38.66,1441221619301,"134,807",50% bullish,of 2 ratings,$65
ATLC,$3.91,1441221619326,"10,257",67% bullish,of 3 ratings,N/A
AFH,$16.3,1441221619365,"54,455",Not yet rated,NULL,$21.50
ATML,$7.825,1441221619386,"2,286,312",78% bullish,of 9 ratings,$9.50
ATRC,$24.77,1441221619459,"39,094",100% bullish,of 1 rating,$30
ATOS,$0.8,1441221619490,"25,382",100% bullish,of 7 ratings,$7
ATRI,$386.81,1441221619526,500,Not yet rated,NULL,N/A
ATRM,$2.83,1441221619720,800,50% bullish,of 2 ratings,N/A
LIFE,$14.03,1441221619772,"25,960",86% bullish,of 7 ratings,$43
ATTU,$13.197,1441221619800,"7,324",100% bearish,of 1 rating,$20.50
AUBN,$26.5,1441221619829,323,Not yet rated,NULL,N/A
AUDC,$3.28,1441221619937,"26,480",80% bullish,of 5 ratings,$5
ABTL,$17.95,1441221619971,"39,085",100% bullish,of 4 ratings,$20.25
AUPH,$3.4199,1441221619992,"13,760",100% bearish,of 1 rating,$8
EARS,$4.31,1441221620041,"17,680",100% bearish,of 2 ratings,$11
ADAT,$0.26,1441221620065,"125,584",100% bullish,of 2 ratings,N/A
AVGO,$122.135,1441221620145,"1,309,144",88% bullish,of 8 ratings,$165
ADSK,$45.585,1441221620251,"3,223,673",67% bullish,of 6 ratings,$66
ADP,$76.21,1441221620286,"774,519",100% bearish,of 1 rating,$88
AAVL,$10.615,1441221620312,"128,995",100% bearish,of 1 rating,$20
AVEO,$1.3464,1441221620383,"347,288",75% bullish,of 8 ratings,$3
AVNU,$12.99,1441221620414,"87,004",Not yet rated,NULL,$14
AVNW,$1.2,1441221620515,"22,750",50% bullish,of 2 ratings,N/A
AVID,$8.29,1441221620693,"179,476",100% bearish,of 1 rating,$20
CAR,$43,1441221620723,"702,242",80% bullish,of 5 ratings,$60
AVGR,$14.69,1441221620744,"5,946",100% bearish,of 1 rating,$20
ACLS,$3.21,1441221620779,"161,444",67% bullish,of 6 ratings,$4.75
AXPW,$2.24,1441221620805,"2,503,450",86% bullish,of 7 ratings,N/A
AWRE,$3.2215,1441221620831,"9,703",67% bullish,of 3 ratings,N/A
AXPWW,NULL,1441221620875,0,Not yet rated,NULL,N/A
AXGN,$4.6899,1441221621096,"64,379",Not yet rated,NULL,$5
AXTI,$2.147,1441221621123,"8,599",50% bullish,of 2 ratings,$2.75
BCOM,NULL,1441221621154,0,100% bearish,of 1 rating,N/A
RILY,NULL,1441221621175,0,Not yet rated,NULL,N/A
BOSC,$2.11,1441221621204,"3,600",50% bullish,of 2 ratings,N/A
BEAV,$48.51,1441221621256,"493,529",67% bearish,of 3 ratings,$59
BIDU,$146.13,1441221621356,"717,946",81% bullish,of 88 ratings,$210
BCPC,$58.415,1441221621391,"49,623",100% bearish,of 1 rating,$75
BWINB,$22.51,1441221621490,"3,461",Not yet rated,NULL,N/A
BLDP,$1.3,1441221621542,"249,103",91% bullish,of 22 ratings,$2.50
BWINA,NULL,1441221621572,0,Not yet rated,NULL,N/A
BANF,$59.55,1441221621594,"13,621",Not yet rated,NULL,$68
BANFP,NULL,1441221621674,0,Not yet rated,NULL,N/A
BKMU,$7.02,1441221621772,"9,035",Not yet rated,NULL,$8
BOCH,$5.73,1441221621799,"6,547",Not yet rated,NULL,$6.50
BMRC,$47.9001,1441221621831,"17,982",Not yet rated,NULL,$52
BKSC,$16.9,1441221621930,"3,126",Not yet rated,NULL,N/A
BOTJ,NULL,1441221622002,0,Not yet rated,NULL,N/A
BFIN,$12.2,1441221622027,"16,757",Not yet rated,NULL,$13
OZRK,$40.2,1441221622066,"260,334",67% bullish,of 3 ratings,$49.50
BANR,$43.46,1441221622195,"8,056",100% bullish,of 3 ratings,$50
TAPR,$33.5299,1441221622226,"1,331",100% bearish,of 1 rating,N/A
BWFG,$18.03,1441221622269,"1,863",100% bearish,of 1 rating,N/A
BZUN,$4.947,1441221622294,"43,529",50% bullish,of 2 ratings,$11.50
BHAC,$9.83,1441221622325,200,Not yet rated,NULL,N/A
BHACU,NULL,1441221622426,0,Not yet rated,NULL,N/A
BHACR,NULL,1441221622463,0,Not yet rated,NULL,N/A
BHACW,NULL,1441221622487,0,Not yet rated,NULL,N/A
BBSI,$34.95,1441221622511,"7,460",67% bearish,of 3 ratings,$62.50
BSET,$28.94,1441221622645,"32,302",100% bearish,of 1 rating,$35
BYBK,$4.96,1441221622711,"1,410",100% bearish,of 1 rating,N/A
BYLK,$12.9925,1441221622742,"5,486",Not yet rated,NULL,$14
BV,$4.97,1441221622857,"510,587",67% bullish,of 6 ratings,$8.75
BDCV,$4.9044,1441221622885,"1,896",100% bearish,of 1 rating,$10.19
BBCN,$14.09,1441221622906,"84,981",100% bearish,of 1 rating,$16
BECN,$35.99,1441221622943,"94,507",50% bullish,of 2 ratings,$40
BCBP,$11.64,1441221623037,861,Not yet rated,NULL,N/A
BSF,$8.51,1441221623062,"3,207",Not yet rated,NULL,N/A
BBGI,$4.15,1441221623226,507,100% bearish,of 1 rating,N/A
BBBY,$61.53,1441221623252,"621,573",71% bullish,of 7 ratings,$75
BEBE,$1.27,1441221623280,"244,803",75% bullish,of 4 ratings,$2.125
BELFA,$15.105,1441221623326,"1,223",100% bearish,of 1 rating,N/A
BELFB,$18.22,1441221623359,"6,178",100% bearish,of 1 rating,N/A
BLCM,$16.51,1441221623380,"55,852",50% bullish,of 4 ratings,$40
BLPH,$4.09,1441221623454,"24,793",100% bearish,of 1 rating,$12.50
BNFT,$36.3399,1441221623554,"52,757",67% bullish,of 3 ratings,$46
BNTC,$7.79,1441221623638,"1,940",100% bullish,of 1 rating,N/A
BGCP,$8.81,1441221623685,"265,164",88% bullish,of 8 ratings,$14
BGMD,$0.6629,1441221623710,"94,934",100% bullish,of 10 ratings,N/A
BNCL,$12.4,1441221623768,"201,183",100% bullish,of 3 ratings,$12.50
BIND,$4.94,1441221623861,"154,728",75% bullish,of 4 ratings,$13.50
BGFV,$11.34,1441221623893,"47,335",57% bullish,of 7 ratings,$12
BIOC,$1.96,1441221623991,"68,163",83% bullish,of 6 ratings,$3.85
ORPN,$5.68,1441221624031,"5,340",100% bullish,of 1 rating,$28.50
BCDA,NULL,1441221624093,0,Not yet rated,NULL,N/A
BASI,$1.64,1441221624122,"6,500",Not yet rated,NULL,N/A
BCRX,$11.4,1441221624159,"186,086",63% bullish,of 8 ratings,$18
BIOD,$0.7019,1441221624222,"68,252",80% bullish,of 5 ratings,$4
BIIB,$302.02,1441221624294,"656,602",88% bullish,of 16 ratings,$400
BDSI,$6.165,1441221624325,"871,824",88% bullish,of 8 ratings,$17
BIOL,$1.58,1441221624429,"47,723",Not yet rated,NULL,N/A
BMRN,$127.68,1441221624534,"178,517",80% bullish,of 5 ratings,$160
BLFS,$2.41,1441221624565,"182,328",100% bearish,of 1 rating,$4.75
BLRX,$1.57,1441221624618,"160,427",100% bullish,of 12 ratings,$5
BRLI,NULL,1441221624666,0,NULL,NULL,NULL
BVXV,$4.32,1441221624691,"1,628,356",Not yet rated,NULL,N/A
BVXVW,$0.8102,1441221624719,"77,645",100% bearish,of 1 rating,N/A
BPTH,$1.17,1441221624739,"121,625",100% bullish,of 2 ratings,$5
BBC,$31.64,1441221624882,"6,072",Not yet rated,NULL,N/A
BIOS,$2.415,1441221624947,"307,253",71% bullish,of 7 ratings,$4
BBP,$32.4644,1441221625013,"6,162",Not yet rated,NULL,N/A
BOTA,$2.19,1441221625044,"3,220",88% bullish,of 8 ratings,N/A
BSTC,$50.25,1441221625079,"30,024",100% bearish,of 1 rating,$76
BSPM,$0.6401,1441221625146,"10,566",50% bullish,of 2 ratings,N/A
BEAT,$15.4896,1441221625216,"606,810",67% bearish,of 3 ratings,$15
TECH,$93.032,1441221625322,"56,302",100% bullish,of 1 rating,$117
BJRI,$43.56,1441221625427,"102,908",50% bullish,of 2 ratings,$55
BDMS,$12.89,1441221625448,350,100% bearish,of 1 rating,N/A
BITI,$16.57,1441221625481,"10,597",100% bullish,of 1 rating,$28
BBOX,$15.17,1441221625510,"17,467",100% bearish,of 1 rating,N/A
BDE,$7.241,1441221625536,"78,636",50% bullish,of 2 ratings,$9
BBRY,$7.41,1441221625576,"1,321,816",61% bullish,of 330 ratings,$9
BLKB,$56.24,1441221625672,"25,825",100% bearish,of 2 ratings,$66
HAWK,$38.805,1441221625776,"150,105",91% bullish,of 11 ratings,$49
ADRD,$21.59,1441221625808,"25,836",100% bearish,of 1 rating,N/A
ADRA,$26.41,1441221625850,"1,935",100% bearish,of 1 rating,N/A
ADRE,$29.04,1441221625914,"4,543",100% bearish,of 1 rating,N/A
BKCC,$9.27,1441221625938,"123,326",50% bullish,of 2 ratings,$10
ADRU,$21.2801,1441221625996,112,100% bearish,of 1 rating,N/A
BLMN,$20.56,1441221626131,"393,831",83% bullish,of 6 ratings,$27.50
BLBD,$11.82,1441221626187,"14,500",Not yet rated,NULL,N/A
BBLU,$0.8869,1441221626260,"155,433",100% bullish,of 2 ratings,$4.43
BCOR,$13.36,1441221626289,"57,435",57% bullish,of 7 ratings,$15
BHBK,$14.03,1441221626310,"29,353",100% bullish,of 1 rating,$14.50
BUFF,$23.4901,1441221626343,"284,092",83% bullish,of 12 ratings,$31.50
NILE,$33.81,1441221626370,"139,760",50% bullish,of 2 ratings,$34
BLUE,$129.58,1441221626391,"141,255",71% bullish,of 7 ratings,$217.50
BKEP,$6.18,1441221626622,"19,642",100% bearish,of 1 rating,$8.50
BKEPP,$7.59,1441221626651,24,100% bearish,of 1 rating,N/A
BOBE,$48,1441221626687,"495,409",75% bullish,of 4 ratings,$57
BNCN,$20.79,1441221626754,"27,379",Not yet rated,NULL,$24
BPMC,$27.75,1441221626790,"19,954",50% bullish,of 2 ratings,$47.50
BOFI,$106.78,1441221626887,"295,124",100% bullish,of 6 ratings,$144
WIFI,$7.41,1441221626917,"88,166",50% bullish,of 2 ratings,$13.50
BNSO,$1.2788,1441221627022,100,100% bearish,of 1 rating,N/A
BOJA,$20.9,1441221627046,"72,590",100% bullish,of 1 rating,$30
BONA,$11.38,1441221627079,"31,457",75% bullish,of 4 ratings,$8.50
BOKF,$61.26,1441221627110,"93,188",100% bearish,of 1 rating,$69
BPFH,$11.56,1441221627131,"147,898",100% bearish,of 1 rating,$14
BPFHP,$24.9999,1441221627214,"9,035",100% bearish,of 1 rating,N/A
BPFHW,$4.8,1441221627262,100,100% bearish,of 1 rating,N/A
BAMM,$3.1799,1441221627288,"3,055",60% bullish,of 5 ratings,N/A
EPAY,$26.405,1441221627427,"74,204",100% bearish,of 2 ratings,$30
BDBD,$8.335,1441221627670,"225,996",60% bullish,of 5 ratings,$10
BBEPP,$14.05,1441221627698,"12,863",100% bearish,of 1 rating,N/A
BBEP,$2.705,1441221627719,"959,856",69% bullish,of 13 ratings,$5.625
BCLI,$3.1,1441221627750,"40,480",80% bullish,of 5 ratings,$12
BLIN,$1.3899,1441221627778,"6,578",100% bullish,of 2 ratings,$2.20
BBRG,$12.5,1441221627800,"19,397",67% bullish,of 3 ratings,$14.50
BDGE,$26.38,1441221627832,"3,832",Not yet rated,NULL,$31.75
BCOV,$5.19,1441221627886,"40,602",67% bullish,of 3 ratings,$10.20
BVSN,$5.95,1441221627991,366,60% bearish,of 5 ratings,N/A
BSFT,$31.41,1441221628025,"49,278",57% bullish,of 7 ratings,$40.50
BRID,$8.4,1441221628056,"1,115",100% bearish,of 1 rating,N/A
BYFC,NULL,1441221628133,0,50% bullish,of 2 ratings,N/A
BRCM,$50.16,1441221628158,"1,826,389",69% bullish,of 13 ratings,$56
BRKL,$10.115,1441221628409,"296,553",100% bearish,of 1 rating,$10.75
BWEN,$3.11,1441221628441,"16,389",75% bullish,of 4 ratings,$8
BRKS,$10.23,1441221628462,"33,614",67% bullish,of 3 ratings,$15.25
BRCD,$10.165,1441221628495,"1,220,386",92% bullish,of 13 ratings,$12
BMTC,$29.17,1441221628516,"18,669",Not yet rated,NULL,$34
BLMT,$20.84,1441221628549,"1,154",Not yet rated,NULL,N/A
BRKR,$18.0275,1441221628570,"321,826",100% bearish,of 2 ratings,$22
BSQR,$6.11,1441221628650,"19,578",67% bullish,of 3 ratings,N/A
BUR,NULL,1441221628784,0,100% bearish,of 1 rating,$8
BLDR,$15.25,1441221628814,"664,143",67% bullish,of 3 ratings,$22
BWLD,$193.39,1441221628835,"119,091",82% bullish,of 11 ratings,$205
CFFI,$36.83,1441221628964,300,100% bearish,of 1 rating,N/A
CHRW,$68.14,1441221629023,"717,315",Not yet rated,NULL,$72
CA,$26.91,1441221629095,"1,003,272",50% bullish,of 4 ratings,$33
CDNS,$19.72,1441221629155,"816,133",75% bullish,of 4 ratings,$22.50
CCMP,$42.4224,1441221629180,"15,254",50% bullish,of 2 ratings,$59
CDZI,$7.64,1441221629227,"13,656",100% bearish,of 1 rating,N/A
CACQ,$7.27,1441221629256,"5,071",100% bearish,of 1 rating,$12.25
PRSS,$4.4,1441221629322,"8,100",80% bullish,of 5 ratings,$4.50
CZR,$8.99,1441221629352,"291,369",60% bearish,of 5 ratings,$10.50
CSTE,$38.71,1441221629452,"298,036",50% bullish,of 2 ratings,$65
CHY,$11.24,1441221629518,"163,445",Not yet rated,NULL,N/A
CLBS,$1.65,1441221629624,"120,273",79% bullish,of 14 ratings,$4
CLMS,$9.94,1441221629659,"40,181",Not yet rated,NULL,$10.50
CHI,$10.427,1441221629760,"156,050",100% bearish,of 1 rating,N/A
CFGE,$10.3701,1441221629785,"2,900",Not yet rated,NULL,N/A
CCD,$19.245,1441221629832,"60,656",Not yet rated,NULL,N/A
CHW,$7.4168,1441221629858,"140,136",100% bearish,of 1 rating,N/A
CGO,$11.9504,1441221629929,"9,166",100% bearish,of 1 rating,N/A
CSQ,$9.775,1441221629958,"183,998",Not yet rated,NULL,N/A
CVGW,$57.655,1441221629985,"80,839",50% bullish,of 2 ratings,$62
CAMP,$16.0001,1441221630012,"100,383",88% bullish,of 8 ratings,$25
CALD,$15.86,1441221630174,"164,337",100% bearish,of 1 rating,$21
CFNB,$13.3,1441221630200,200,100% bearish,of 1 rating,N/A
CALA,$5.58,1441221630221,"158,580",67% bullish,of 3 ratings,$19.50
CALM,$51.6235,1441221630354,"294,233",80% bullish,of 5 ratings,$63.50
CLMT,$25.3995,1441221630401,"173,858",75% bullish,of 8 ratings,$31
ABCD,$5.145,1441221630539,"50,779",83% bullish,of 6 ratings,N/A
CAC,$40.22,1441221630564,"2,282",Not yet rated,NULL,N/A
CAMBW,$0.15,1441221630592,200,Not yet rated,NULL,N/A
CAMB,$10.05,1441221630613,400,Not yet rated,NULL,N/A
CAMBU,NULL,1441221630641,0,100% bearish,of 1 rating,N/A
CAMT,$2.64,1441221630663,"20,413",73% bullish,of 11 ratings,$4
CSIQ,$18.23,1441221630800,"562,853",86% bullish,of 28 ratings,$42.50
CGIX,$9.72,1441221630827,"8,353",67% bullish,of 3 ratings,$14.375
CPHC,$10.28,1441221630978,100,100% bearish,of 1 rating,N/A
CPLA,$48.51,1441221631041,"29,844",67% bearish,of 3 ratings,$65
CBNJ,$10.94,1441221631146,"28,662",100% bearish,of 1 rating,N/A
CCBG,$15.11,1441221631171,"8,129",Not yet rated,NULL,$17.25
CBF,$29.93,1441221631197,"23,000",Not yet rated,NULL,$32
CFFN,$11.7,1441221631327,"413,705",Not yet rated,NULL,$12.75
CPLP,$7.09,1441221631355,"115,342",71% bullish,of 7 ratings,$11
CPTA,$13.7,1441221631376,"14,698",100% bearish,of 1 rating,$18.50
CSWC,$44.54,1441221631407,"17,757",Not yet rated,NULL,N/A
CPST,$0.385,1441221631549,"310,589",95% bullish,of 22 ratings,$1.25
CAPN,$2.17,1441221631615,"58,260",100% bullish,of 1 rating,$10.85
CAPNW,$0.6789,1441221631647,100,Not yet rated,NULL,N/A
CAPR,$4.565,1441221631670,"18,115",Not yet rated,NULL,$12
CARB,$11.19,1441221631745,"22,589",75% bullish,of 4 ratings,$12
CARA,$19.1,1441221631774,"69,360",50% bullish,of 4 ratings,$25
CBYL,$4.82,1441221631818,"32,875",100% bearish,of 1 rating,$20
CFNL,$22.05,1441221631997,"31,462",Not yet rated,NULL,$24
CRDC,$0.3,1441221632060,"169,194",100% bullish,of 1 rating,$1.25
CSII,$23.51,1441221632092,"69,201",100% bearish,of 2 ratings,$42.125
CRME,$9.14,1441221632113,"6,810",89% bullish,of 9 ratings,$11.25
CATM,$33.82,1441221632143,"126,677",100% bearish,of 1 rating,$44
CECO,$3.6,1441221632191,"102,139",67% bearish,of 3 ratings,$6
CTRE,$10.94,1441221632271,"160,757",50% bullish,of 2 ratings,$13.50
CDNA,$6.99,1441221632300,"3,498",100% bearish,of 1 rating,$9
CLBH,$12.74,1441221632368,743,Not yet rated,NULL,$16.50
CKEC,$23.04,1441221632468,"39,250",50% bullish,of 2 ratings,$35.915
CARO,$15.23,1441221632497,"2,245",100% bearish,of 1 rating,$19
CART,$5.39,1441221632523,"1,300",100% bearish,of 1 rating,N/A
CRZO,$34.4,1441221632543,"417,475",67% bearish,of 3 ratings,$54.50
CRTN,$2.5,1441221632731,502,100% bearish,of 1 rating,N/A
TAST,$12.73,1441221632759,"81,958",Not yet rated,NULL,$14.25
CARV,NULL,1441221632788,0,50% bullish,of 2 ratings,N/A
CSCD,$15.0599,1441221632892,"4,239",100% bullish,of 2 ratings,$17
CASM,$1.19,1441221632945,"4,082",100% bullish,of 1 rating,$3.50
CASY,$104.21,1441221632966,"148,108",50% bullish,of 2 ratings,$99.50
CWST,$6.26,1441221632997,"29,224",50% bullish,of 2 ratings,$7.25
CACB,$5.3699,1441221633018,"31,490",Not yet rated,NULL,$5.50
CASS,$47.93,1441221633247,"4,152",100% bearish,of 1 rating,N/A
CASI,$1.3501,1441221633272,"3,100",100% bullish,of 1 rating,$3.50
CATB,$11.75,1441221633326,"15,778",100% bearish,of 1 rating,$28
CVCO,$72.22,1441221633457,"11,782",100% bearish,of 1 rating,N/A
CATY,$28.88,1441221633487,"199,208",100% bearish,of 1 rating,$33.50
CAVM,$66.215,1441221633509,"98,882",67% bearish,of 3 ratings,$72
CPRX,$3.72,1441221633530,"107,074",71% bullish,of 7 ratings,$7
CATYW,NULL,1441221633565,0,100% bearish,of 1 rating,N/A
CNLM,$9.92,1441221633667,100,Not yet rated,NULL,N/A
CBFV,$21.4899,1441221633742,807,Not yet rated,NULL,$25
CNLMW,NULL,1441221633774,0,Not yet rated,NULL,N/A
CNLMR,NULL,1441221633872,0,Not yet rated,NULL,N/A
CNLMU,NULL,1441221633905,0,100% bullish,of 1 rating,N/A
CBOE,$63.47,1441221634002,"286,730",Not yet rated,NULL,$60
CDK,$48.21,1441221634031,"147,411",67% bearish,of 3 ratings,$50
CDW,$38.34,1441221634057,"382,918",75% bullish,of 4 ratings,$44
CECE,$9.76,1441221634133,"43,449",50% bullish,of 2 ratings,$16
CPXX,$2.21,1441221634308,"111,004",100% bullish,of 2 ratings,$7
CLDX,$14.56,1441221634331,"366,248",89% bullish,of 9 ratings,$36
CELG,$118.1,1441221634364,"2,133,273",92% bullish,of 13 ratings,$156
CELGZ,$1.84,1441221634392,"14,810",80% bullish,of 5 ratings,N/A
CLDN,$1.17,1441221634422,"46,791",71% bullish,of 7 ratings,$3
CLRBW,$0.9201,1441221634470,"1,000",Not yet rated,NULL,N/A
CLRB,$3.08,1441221634520,726,100% bearish,of 1 rating,N/A
CLLS,$32.34,1441221634650,"36,034",75% bullish,of 4 ratings,$51.50
CBMG,$23.53,1441221634697,"63,680",50% bullish,of 2 ratings,N/A
CLSN,$2.0403,1441221634784,"10,670",80% bullish,of 10 ratings,$7.50
CYAD,$49.73,1441221634949,"3,770",100% bullish,of 1 rating,$87.50
CEMP,$34.54,1441221634982,"206,839",71% bullish,of 7 ratings,$52
CLTX,$2.1646,1441221635010,"158,638",100% bullish,of 2 ratings,N/A
CETX,$2.3801,1441221635030,"8,628",Not yet rated,NULL,$5.60
CETV,$2.05,1441221635064,"21,453",67% bullish,of 3 ratings,$2.80
CSFL,$13.68,1441221635090,"35,800",Not yet rated,NULL,$15
CFBK,$1.37,1441221635166,700,Not yet rated,NULL,N/A
CENT,$13.1,1441221635227,"74,353",Not yet rated,NULL,$10
CVCY,$11.7,1441221635357,"1,100",Not yet rated,NULL,$12
CENX,$5.14,1441221635386,"1,136,234",67% bullish,of 6 ratings,$9
CENTA,$13.4301,1441221635412,"90,410",Not yet rated,NULL,N/A
CNTY,$5.95,1441221635454,"11,017",80% bullish,of 5 ratings,$7.75
CNBKA,$41.31,1441221635549,201,50% bullish,of 2 ratings,N/A
CPHD,$48.16,1441221635819,"161,890",67% bearish,of 3 ratings,$66.50
CERE,$1.075,1441221635888,"157,522",88% bullish,of 8 ratings,N/A
CRNT,$1.3901,1441221635914,"57,108",50% bullish,of 2 ratings,$2
CERN,$60.61,1441221635935,"518,950",67% bullish,of 3 ratings,$79
CERS,$4.98,1441221635968,"243,297",75% bullish,of 4 ratings,$7
KOOL,$0.6672,1441221635999,"19,345",100% bullish,of 5 ratings,$7
CEVA,$18.91,1441221636020,"14,314",100% bearish,of 1 rating,$25
CERU,$4.21,1441221636040,"17,525",75% bullish,of 4 ratings,$14
CYOU,$19.39,1441221636365,"98,566",50% bullish,of 6 ratings,$24
HOTR,$1.42,1441221636392,"50,087",100% bullish,of 2 ratings,$5
HOTRW,$0.205,1441221636413,200,Not yet rated,NULL,N/A
CTHR,$1.35,1441221636445,571,50% bullish,of 2 ratings,$2.50
GTLS,$23.1,1441221636472,"295,573",50% bullish,of 4 ratings,$40
CHTR,$178.29,1441221636493,"319,839",100% bearish,of 2 ratings,$202
CHFN,$12.4,1441221636546,"12,675",Not yet rated,NULL,$14
CEMI,$4.2,1441221636703,"10,747",50% bullish,of 2 ratings,$7.50
CHKP,$78.07,1441221636736,"708,311",50% bullish,of 4 ratings,$92
CHEKW,$0.74,1441221636797,115,Not yet rated,NULL,N/A
CHEK,$2.21,1441221636837,"3,781",Not yet rated,NULL,$7.75
CHMG,$26.38,1441221636870,"1,200",Not yet rated,NULL,$30
CHFC,$30.77,1441221636897,"17,684",100% bearish,of 1 rating,$36
CCXI,$6.53,1441221636929,"13,555",67% bullish,of 3 ratings,$14
CHKE,$25.61,1441221636950,"23,413",100% bearish,of 1 rating,$32.50
CHEV,$14.5401,1441221637097,"4,198",Not yet rated,NULL,N/A
PLCE,$58.85,1441221637274,"110,809",100% bearish,of 1 rating,$69
CHMA,$27.15,1441221637315,"85,960",Not yet rated,NULL,$40
CBNK,NULL,1441221637374,0,100% bearish,of 1 rating,N/A
CADC,$3.33,1441221637406,200,78% bullish,of 9 ratings,N/A
CALI,$0.8461,1441221637507,"22,235",67% bullish,of 3 ratings,N/A
CAAS,$6.12,1441221637531,"6,172",93% bullish,of 14 ratings,$11.50
CMRX,$50.1399,1441221637560,"98,978",50% bullish,of 2 ratings,$57
CBAK,$1.775,1441221637581,"55,184",67% bullish,of 9 ratings,N/A
CBPO,$94.99,1441221637618,"57,677",75% bullish,of 8 ratings,$140.50
CCCL,NULL,1441221637716,0,100% bullish,of 6 ratings,N/A
CCCR,$0.7244,1441221637745,"1,545",67% bearish,of 3 ratings,N/A
JRJC,$3.4,1441221637847,"90,819",82% bullish,of 11 ratings,N/A
CHLN,$1.9365,1441221637874,"2,680",67% bullish,of 3 ratings,N/A
HGSH,$1.73,1441221637923,"6,003",67% bullish,of 3 ratings,N/A
CHOP,$1.1599,1441221638009,"3,610",50% bullish,of 2 ratings,N/A
CJJD,$1.79,1441221638198,"3,678",100% bullish,of 1 rating,N/A
CHNR,$1.6199,1441221638298,585,100% bearish,of 1 rating,N/A
CNIT,$1.19,1441221638325,"93,634",67% bullish,of 6 ratings,N/A
HTHT,$25.57,1441221638385,"56,939",50% bullish,of 2 ratings,$28.40
CPGI,NULL,1441221638488,0,Not yet rated,NULL,N/A
CSUN,$1.42,1441221638515,"4,326",80% bullish,of 5 ratings,N/A
CNTF,$0.81,1441221638542,"20,122",Not yet rated,NULL,N/A
CREG,$0.66,1441221638588,"4,350",100% bullish,of 3 ratings,N/A
CNYD,$3.31,1441221638686,310,67% bullish,of 3 ratings,N/A
CXDC,$5.862,1441221638716,"14,147",67% bearish,of 3 ratings,N/A
CCIH,$7.22,1441221638818,"28,373",67% bullish,of 6 ratings,$12.65
CNET,$0.86,1441221638917,"6,962",50% bullish,of 2 ratings,N/A
IMOS,$18.79,1441221638943,"127,223",60% bullish,of 5 ratings,$21.50
CHSCM,$26.2462,1441221639078,"11,869",Not yet rated,NULL,N/A
CHSCL,$27.15,1441221639133,"18,512",Not yet rated,NULL,N/A
CHDN,$133,1441221639204,"25,652",Not yet rated,NULL,$165
CHSCN,$27.04,1441221639229,"10,883",Not yet rated,NULL,N/A
CHSCO,$28.3906,1441221639262,"1,972",Not yet rated,NULL,N/A
CHSCP,$30.461,1441221639301,"4,217",Not yet rated,NULL,N/A
CHUY,$31.755,1441221639396,"106,127",50% bullish,of 2 ratings,$34
CDTX,$14.19,1441221639470,"3,881",Not yet rated,NULL,$22
CIFC,$7.03,1441221639498,703,100% bearish,of 1 rating,N/A
CMPR,$68.79,1441221639569,"105,874",50% bullish,of 2 ratings,$72.50
CMCT,$15.5,1441221639595,225,100% bearish,of 1 rating,N/A
CIDM,$0.5599,1441221639811,"15,181",50% bullish,of 2 ratings,$2.10
CINF,$51.86,1441221639842,"268,311",50% bullish,of 4 ratings,$50.50
CTAS,$84.24,1441221639891,"139,366",100% bearish,of 1 rating,$91
CPHR,$4.7605,1441221639942,"10,555",100% bearish,of 1 rating,$17
CSCO,$25.375,1441221639967,"10,388,032",83% bullish,of 210 ratings,$32
CRUS,$29.08,1441221639992,"309,730",75% bullish,of 12 ratings,$44.50
CTRN,$26.28,1441221640030,"29,598",100% bearish,of 1 rating,$31.50
CZNC,$19.51,1441221640159,"1,506",Not yet rated,NULL,N/A
CZWI,$8.95,1441221640247,307,Not yet rated,NULL,N/A
CZFC,NULL,1441221640352,0,Not yet rated,NULL,N/A
CIZN,$19.62,1441221640380,100,Not yet rated,NULL,N/A
CHCO,$46.84,1441221640400,"14,203",Not yet rated,NULL,$46
CTXS,$66.735,1441221640429,"1,058,182",86% bullish,of 7 ratings,$80
CIVB,$10.01,1441221640565,962,Not yet rated,NULL,$11
CIVBP,NULL,1441221640693,0,Not yet rated,NULL,N/A
CLNE,$5.085,1441221640759,"403,585",80% bullish,of 15 ratings,$9
CDTI,$1.54,1441221640795,"97,517",75% bullish,of 4 ratings,$3.20
CLNT,$1.51,1441221640821,"12,646",75% bullish,of 8 ratings,N/A
CLRO,$11.38,1441221640850,"6,208",50% bullish,of 2 ratings,$14.25
CLFD,$17.15,1441221640889,"27,736",67% bullish,of 3 ratings,$18
CBLI,$4.26,1441221640914,"252,776",60% bullish,of 5 ratings,N/A
CLIR,$4.95,1441221640947,"12,030",100% bullish,of 3 ratings,N/A
CSBK,$13.84,1441221641138,"17,912",Not yet rated,NULL,N/A
CLVS,$82.82,1441221641210,"195,624",60% bullish,of 5 ratings,$101.50
CMFN,$11.4,1441221641236,"9,521",100% bearish,of 1 rating,$15.50
CME,$91.82,1441221641286,"467,831",67% bullish,of 3 ratings,$102
CCNE,$17.05,1441221641311,"5,372",50% bullish,of 2 ratings,$21.50
CWAY,$11.103,1441221641444,"4,332",Not yet rated,NULL,N/A
CISG,$7.91,1441221641471,"14,536",100% bullish,of 5 ratings,$10
CNV,$4.43,1441221641496,"4,128",50% bullish,of 2 ratings,$7.15
COBZ,$12.66,1441221641671,"30,471",100% bullish,of 1 rating,$14
COKE,$156.62,1441221641696,"7,426",79% bullish,of 19 ratings,N/A
CDXS,$3.64,1441221641751,"6,500",64% bullish,of 11 ratings,$6
CDRB,$9.04,1441221641831,"160,445",67% bullish,of 3 ratings,N/A
CVLY,NULL,1441221641859,0,Not yet rated,NULL,N/A
JVA,$4.73,1441221641886,"16,532",83% bullish,of 6 ratings,$7
CCOI,$27.35,1441221641910,"141,599",50% bullish,of 4 ratings,$35
CGNT,$1.57,1441221642117,"11,361",100% bullish,of 2 ratings,$2
CGNX,$34.68,1441221642218,"137,066",50% bullish,of 2 ratings,$47
CTSH,$61.89,1441221642258,"1,349,515",90% bullish,of 10 ratings,$75
CHRS,$27.499,1441221642287,"17,972",67% bearish,of 3 ratings,$37
COHR,$55.83,1441221642307,"43,267",50% bullish,of 2 ratings,$72
CLRX,$0.651,1441221642342,"94,059",50% bullish,of 2 ratings,N/A
COLL,$14.91,1441221642370,"90,350",100% bearish,of 1 rating,$26
COHU,$9.51,1441221642391,"33,746",100% bearish,of 1 rating,$14.25
CLCT,$17.56,1441221642571,"18,780",100% bearish,of 1 rating,N/A
CLCD,$6.07,1441221642699,"39,350",100% bearish,of 1 rating,$20.50
CIGI,$45.01,1441221642742,"35,466",100% bearish,of 1 rating,$52
CBAN,$8.98,1441221642797,401,Not yet rated,NULL,N/A
CMCO,$18.98,1441221642881,"37,116",60% bullish,of 5 ratings,$28
COLB,$29.14,1441221642935,"86,127",Not yet rated,NULL,$36
COLM,$60.46,1441221642982,"54,287",100% bearish,of 1 rating,$71
CBMX,$1.151,1441221643007,"10,164",83% bullish,of 6 ratings,$3.15
CMCSA,$55.5,1441221643033,"7,400,805",66% bullish,of 35 ratings,$69.50
CBSH,$43.23,1441221643063,"157,588",50% bullish,of 2 ratings,$46
CMCSK,$56.75,1441221643218,"1,488,463",Not yet rated,NULL,$84
CUBN,$13.4,1441221643426,"3,573",Not yet rated,NULL,N/A
CBSHP,$25.45,1441221643471,"1,200",100% bearish,of 1 rating,N/A
CVGI,$4.97,1441221643526,"33,921",50% bullish,of 2 ratings,$6
COMM,$32.08,1441221643605,"567,246",67% bearish,of 3 ratings,$35
CSAL,$20.428,1441221643661,"262,557",75% bullish,of 4 ratings,$30
JCS,$9.26,1441221643794,"1,613",67% bullish,of 3 ratings,N/A
CTBI,$34.28,1441221643824,"7,633",Not yet rated,NULL,$36
ESXB,$5.09,1441221643853,101,Not yet rated,NULL,N/A
CVLT,$35.11,1441221643926,"103,187",75% bullish,of 4 ratings,$44.50
CWBC,$6.85,1441221643954,"47,462",Not yet rated,NULL,N/A
CYHHZ,$0.0101,1441221643995,"16,241",100% bullish,of 1 rating,N/A
COB,$10.425,1441221644026,"3,367",100% bullish,of 1 rating,$11.75
CIL,NULL,1441221644133,0,Not yet rated,NULL,N/A
CIZ,NULL,1441221644158,0,100% bearish,of 1 rating,N/A
CID,NULL,1441221644202,0,Not yet rated,NULL,N/A
CSA,$32.46,1441221644384,105,Not yet rated,NULL,N/A
CDC,$33.86,1441221644456,"12,446",Not yet rated,NULL,N/A
CSF,$36.15,1441221644486,275,100% bearish,of 1 rating,N/A
CDL,$32.94,1441221644624,180,Not yet rated,NULL,N/A
CFO,$34.79,1441221644646,"3,091",100% bearish,of 1 rating,N/A
CFA,NULL,1441221644674,0,100% bearish,of 1 rating,N/A
CSB,$32.3,1441221644699,"1,172",Not yet rated,NULL,N/A
CGEN,$4.94,1441221644728,"22,181",50% bullish,of 2 ratings,$11
CPSI,$45.67,1441221644830,"41,815",100% bearish,of 1 rating,$45.50
SCOR,$44.55,1441221644925,"882,342",100% bearish,of 1 rating,$66
CTG,$6.73,1441221645030,"9,337",100% bearish,of 1 rating,$8.50
CMTL,$25.72,1441221645064,"28,066",100% bearish,of 2 ratings,$37
CNSI,$17.99,1441221645085,"46,632",100% bearish,of 2 ratings,$29
CHCI,$0.67,1441221645118,"1,500",50% bullish,of 2 ratings,N/A
CNAT,$3.91,1441221645163,"69,348",83% bullish,of 6 ratings,$13
CNCE,$16.41,1441221645221,"54,287",75% bullish,of 4 ratings,$22
CDOR,$1.28,1441221645402,"2,785",100% bullish,of 1 rating,N/A
CCUR,$5.27,1441221645462,"16,651",75% bullish,of 4 ratings,N/A
CXRX,$79.0928,1441221645516,706,100% bearish,of 1 rating,$90
CDORO,$19,1441221645536,160,100% bearish,of 1 rating,N/A
CDORP,$6.491,1441221645624,100,100% bearish,of 1 rating,N/A
CNFR,$10.06,1441221645669,"1,454",Not yet rated,NULL,N/A
CNMD,$50.95,1441221645697,"140,065",Not yet rated,NULL,$59
CFMS,$14.16,1441221645718,"280,267",100% bearish,of 1 rating,$26.50
CNOB,$18.97,1441221645858,"11,433",100% bullish,of 1 rating,$23.50
CTWS,$34.8194,1441221645885,"11,859",100% bearish,of 1 rating,$44
CNSL,$19.3699,1441221646100,"87,197",100% bearish,of 1 rating,$23
CNXR,$7,1441221646128,"36,649",100% bearish,of 1 rating,$12
CONN,$27.974,1441221646155,"202,454",67% bullish,of 3 ratings,$48.50
CTCT,$24.1,1441221646179,"88,027",67% bullish,of 3 ratings,$37
CWCO,$10.36,1441221646205,"33,878",67% bullish,of 3 ratings,$14.50
CPSS,$5.5999,1441221646337,"16,058",100% bullish,of 1 rating,$10
CFRXW,NULL,1441221646361,0,100% bearish,of 1 rating,N/A
CFRX,$4.8,1441221646390,"9,398",Not yet rated,NULL,$14
CFRXZ,$0.39,1441221646418,"1,750",Not yet rated,NULL,N/A
CTRL,$8.32,1441221646597,"41,265",50% bullish,of 2 ratings,$11
CPRT,$34.83,1441221646622,"171,825",67% bearish,of 3 ratings,$40
CTRV,$3.72,1441221646651,"7,763",Not yet rated,NULL,$6.40
CRBP,$1.8501,1441221646758,"89,075",100% bullish,of 2 ratings,$6.25
CORT,$5,1441221646806,"141,792",67% bullish,of 3 ratings,$12
CORE,$60.05,1441221646952,"45,242",100% bearish,of 1 rating,$72
BVA,NULL,1441221646980,0,50% bullish,of 2 ratings,N/A
CORI,$10.79,1441221647010,"33,693",100% bearish,of 1 rating,$18
COSI,$1.13,1441221647093,"24,776",100% bullish,of 1 rating,N/A
CRVL,$31.1,1441221647121,"8,315",100% bearish,of 1 rating,N/A
CSOD,$35.9,1441221647322,"145,381",50% bullish,of 2 ratings,$42
CVTI,$22.6,1441221647465,"52,593",67% bearish,of 3 ratings,$39
CPAH,$0.4305,1441221647507,400,50% bullish,of 2 ratings,N/A
COST,$139.4,1441221647549,"608,309",79% bullish,of 24 ratings,$154.50
ICBK,$18.38,1441221647574,"1,100",Not yet rated,NULL,$21
CSGP,$173.81,1441221647605,"62,709",50% bullish,of 2 ratings,$235
COWNL,$26.153,1441221647634,"1,700",Not yet rated,NULL,N/A
COVS,$2.555,1441221647707,"37,770",67% bullish,of 3 ratings,N/A
COWN,$5.105,1441221647732,"314,815",75% bullish,of 4 ratings,$7
CPSH,$2.377,1441221647936,"4,400",Not yet rated,NULL,N/A
BREW,$7.7475,1441221647979,"6,863",67% bullish,of 6 ratings,$15
CRAI,$23.45,1441221648009,"22,910",100% bearish,of 1 rating,$36
CRAY,$20.51,1441221648030,"94,620",83% bullish,of 6 ratings,$38.50
CBRL,$145.11,1441221648061,"73,412",50% bullish,of 2 ratings,$155
GLDI,$11.0399,1441221648114,"3,572",100% bearish,of 1 rating,N/A
CACC,$200.685,1441221648193,"84,621",50% bullish,of 2 ratings,$158.50
SLVO,$10.154,1441221648325,"2,485",100% bearish,of 1 rating,N/A
CREE,$26.17,1441221648352,"399,991",65% bullish,of 17 ratings,$29.50
CRESY,$10.05,1441221648378,"19,198",100% bearish,of 1 rating,$19
CROX,$14.13,1441221648399,"294,893",63% bullish,of 8 ratings,$16.50
CCRN,$14.07,1441221648535,"68,293",100% bearish,of 1 rating,$14.25
CRTO,$37.97,1441221648562,"348,799",67% bullish,of 6 ratings,$64
CRDS,$1.009,1441221648603,"48,975",50% bullish,of 4 ratings,$4.50
CRWN,$4.89,1441221648692,"130,592",75% bullish,of 4 ratings,N/A
CYRX,$2.92,1441221648720,913,Not yet rated,NULL,$9
CRWS,$7.99,1441221648741,"5,200",Not yet rated,NULL,$10
CYRXW,$0.74,1441221648788,"6,600",Not yet rated,NULL,N/A
CSGS,$30.39,1441221648882,"74,121",Not yet rated,NULL,$40
CCLP,$14.0601,1441221648915,"35,337",67% bearish,of 3 ratings,$20
CTIC,$1.5622,1441221649022,"223,517",84% bullish,of 76 ratings,$5.75
CTCM,$1.7,1441221649048,"50,221",80% bearish,of 5 ratings,$3.90
CTIB,$3.7455,1441221649120,"1,000",100% bearish,of 1 rating,N/A
CSPI,$5.8,1441221649149,899,67% bullish,of 3 ratings,N/A
CTRP,$64.82,1441221649229,"559,779",75% bullish,of 8 ratings,$92.50
CUNB,$21.84,1441221649253,"12,726",Not yet rated,NULL,$24.50
CPIX,$6.02,1441221649387,"5,013",Not yet rated,NULL,N/A
CUI,$5.48,1441221649416,"16,489",50% bullish,of 2 ratings,$10
CRIS,$2.6299,1441221649442,"86,059",100% bullish,of 8 ratings,$6
CMLS,$1.315,1441221649463,"187,694",50% bullish,of 4 ratings,$6
CVV,$11.48,1441221649593,"8,659",100% bullish,of 5 ratings,N/A
CVBF,$15.78,1441221649679,"119,239",Not yet rated,NULL,$18
CUTR,$14.92,1441221649706,"26,933",67% bearish,of 3 ratings,$18
CYBR,$50.42,1441221649731,"553,531",75% bullish,of 8 ratings,$68.50
CYAN,$6.5001,1441221649756,"1,650",100% bearish,of 1 rating,N/A
CYBX,$63.43,1441221649781,"115,848",50% bullish,of 4 ratings,$71.50
CYBE,$6.76,1441221649937,"4,153",100% bearish,of 1 rating,N/A
CYCCP,NULL,1441221650087,0,100% bearish,of 1 rating,N/A
CBAY,$2.63,1441221650114,"23,088",100% bullish,of 1 rating,$4
CYNO,$31.93,1441221650147,"85,306",67% bearish,of 3 ratings,$45.50
CY,$10.1,1441221650168,"5,263,095",80% bullish,of 10 ratings,$15.50
CYNA,$16.05,1441221650188,"15,549",50% bullish,of 2 ratings,$31.50
CYRN,$1.767,1441221650227,"1,300",67% bullish,of 3 ratings,$4
CYCC,$0.5401,1441221650248,"36,524",73% bullish,of 11 ratings,N/A
CYTK,$7.0701,1441221650380,"139,095",71% bullish,of 14 ratings,$13.50
CONE,$31.1,1441221650446,"102,138",67% bearish,of 3 ratings,$35.50
CYTX,$0.3581,1441221650514,"811,821",83% bullish,of 12 ratings,$5.50
CTSO,$7.45,1441221650547,"80,508",Not yet rated,NULL,$15.625
DAEG,$0.3535,1441221650757,"8,728",100% bearish,of 1 rating,N/A
CYTR,$2.37,1441221650785,"146,916",67% bullish,of 6 ratings,$10
XIV,$23.64,1441221650806,"13,353,230",75% bearish,of 4 ratings,N/A
TVIX,$16.45,1441221650826,"9,536,001",81% bullish,of 16 ratings,N/A
TVIZ,$23.62,1441221650864,"13,735",100% bearish,of 1 rating,N/A
ZIV,$35.69,1441221650885,"96,865",Not yet rated,NULL,N/A
DAKT,$8.56,1441221650964,"66,292",50% bullish,of 2 ratings,$12
DJCO,$196,1441221651017,202,Not yet rated,NULL,N/A
DAIO,$2.65,1441221651068,"3,954",Not yet rated,NULL,N/A
DTLK,$5.555,1441221651143,"23,132",100% bearish,of 1 rating,$9
DRAM,$1.35,1441221651190,"5,092",78% bullish,of 9 ratings,N/A
DARA,$0.8594,1441221651211,"15,809",83% bullish,of 6 ratings,$1.50
PLAY,$35.36,1441221651502,"105,472",100% bullish,of 5 ratings,$42
DHRM,$1.63,1441221651598,"2,190",Not yet rated,NULL,N/A
DBVT,$38.02,1441221651628,"39,531",100% bearish,of 1 rating,$53
TRAK,$62.79,1441221651654,"236,762",50% bullish,of 2 ratings,$62.50
DTEA,$12.98,1441221651680,"21,583",100% bearish,of 2 ratings,$24
DWSN,$4.34,1441221651700,"8,513",67% bullish,of 3 ratings,N/A
DWCH,$5.05,1441221651728,"8,086",75% bullish,of 4 ratings,$8.25
TACO,$12.6301,1441221651881,"132,249",75% bullish,of 4 ratings,$20
DFRG,$14.5,1441221651924,"80,030",100% bearish,of 1 rating,$20
TACOW,$3.7,1441221651974,"154,400",100% bullish,of 1 rating,N/A
DCTH,$0.41,1441221652020,"110,299",78% bullish,of 9 ratings,N/A
DGAS,$20.67,1441221652052,"1,010",67% bearish,of 3 ratings,N/A
DELT,$2.25,1441221652083,100,Not yet rated,NULL,N/A
DELTW,NULL,1441221652104,0,Not yet rated,NULL,N/A
DENN,$11.25,1441221652149,"186,523",100% bullish,of 3 ratings,$15
XRAY,$51.34,1441221652243,"178,964",100% bullish,of 1 rating,$58
DEPO,$26.805,1441221652434,"278,405",60% bullish,of 5 ratings,$29
DSCI,$5.8901,1441221652483,"34,189",50% bullish,of 2 ratings,$16
DERM,$26.145,1441221652530,"28,010",100% bearish,of 1 rating,$33.50
DXM,$0.2886,1441221652589,"233,696",50% bullish,of 2 ratings,N/A
DXLG,$6.4,1441221652615,"114,117",100% bearish,of 1 rating,$8
DHXM,$6.8,1441221652639,400,Not yet rated,NULL,N/A
DSWL,$1.5401,1441221652670,"9,104",100% bullish,of 1 rating,N/A
DEST,$10.83,1441221652699,"26,066",50% bullish,of 2 ratings,N/A
DXCM,$88.46,1441221652775,"211,335",57% bullish,of 7 ratings,$98
DHIL,$189,1441221652984,902,Not yet rated,NULL,N/A
DCIX,$1.5999,1441221653009,"42,691",50% bullish,of 4 ratings,$3.50
DMND,$30.12,1441221653035,"73,486",75% bullish,of 12 ratings,$32
FANG,$66.68,1441221653063,"439,305",50% bullish,of 2 ratings,$86
DRNA,$11.2,1441221653089,"76,470",67% bearish,of 3 ratings,$25
DGII,$10.18,1441221653167,"6,092",100% bearish,of 1 rating,$11
DMRC,$38.58,1441221653305,"18,785",100% bearish,of 1 rating,$44
DRAD,$3.7801,1441221653346,"8,644",100% bullish,of 1 rating,$5.25
DGLY,$7.22,1441221653382,"158,394",50% bullish,of 6 ratings,$20
APPS,$2.16,1441221653412,"334,815",100% bearish,of 1 rating,$10.25
DPRX,$14.7501,1441221653440,"9,855",100% bullish,of 2 ratings,$27.75
DCOM,$16.52,1441221653513,"26,731",100% bearish,of 2 ratings,$16
DISCA,$26.52,1441221653598,"1,025,749",67% bullish,of 3 ratings,$34
DIOD,$19.42,1441221653625,"36,956",75% bearish,of 4 ratings,$24
DISCB,NULL,1441221653778,0,100% bearish,of 1 rating,$35
DISCK,$25.31,1441221653811,"400,571",100% bearish,of 1 rating,$32
DISH,$58.98,1441221653958,"648,059",69% bullish,of 13 ratings,$73
DVCR,$10.93,1441221654006,"1,727",100% bullish,of 1 rating,N/A
DSCO,$0.4318,1441221654033,"162,739",83% bullish,of 6 ratings,$2.75
DLHC,$2.762,1441221654053,"2,671",100% bearish,of 1 rating,N/A
BAGR,$2.72,1441221654074,"9,500",100% bearish,of 1 rating,$6
DGICA,$14.12,1441221654362,"11,180",100% bearish,of 1 rating,$17
DNBF,$26.05,1441221654391,"1,428",Not yet rated,NULL,$27.50
DLTR,$66.83,1441221654420,"5,168,161",82% bullish,of 11 ratings,$88
DMLP,$14.77,1441221654529,"37,346",100% bearish,of 1 rating,N/A
DORM,$50.25,1441221654581,"140,244",100% bearish,of 1 rating,$56
DGICB,NULL,1441221654633,0,100% bearish,of 1 rating,N/A
HILL,$9.685,1441221654658,"606,752",60% bearish,of 5 ratings,$9.75
DRWI,$0.2136,1441221654785,"1,194,637",60% bullish,of 5 ratings,$.45
DRYS,$0.4294,1441221654873,"999,255",77% bullish,of 31 ratings,$.60
DRWIW,NULL,1441221654899,0,Not yet rated,NULL,N/A
DWA,$19.93,1441221654930,"775,840",63% bullish,of 8 ratings,$26
CADT,$9.98,1441221655027,300,Not yet rated,NULL,N/A
DSPG,$8.72,1441221655056,"14,963",100% bearish,of 1 rating,$13.50
DSKX,$3.476,1441221655088,"83,882",100% bullish,of 1 rating,N/A
CADTR,NULL,1441221655118,0,Not yet rated,NULL,N/A
CADTU,NULL,1441221655194,0,Not yet rated,NULL,N/A
CADTW,NULL,1441221655222,0,Not yet rated,NULL,N/A
DNKN,$48.85,1441221655365,"803,984",67% bullish,of 15 ratings,$56.50
DTSI,$28.05,1441221655470,"116,990",100% bearish,of 2 ratings,$39.50
DRRX,$2.05,1441221655522,"104,971",50% bullish,of 6 ratings,$3
DXPE,$29.74,1441221655555,"84,867",50% bullish,of 2 ratings,N/A
DYAX,$22.66,1441221655603,"184,427",89% bullish,of 9 ratings,$30
DVAX,$28.63,1441221655656,"99,572",70% bullish,of 10 ratings,$40
BOOM,$10.5701,1441221655685,"91,085",67% bullish,of 3 ratings,$12
DYNT,$3,1441221655788,"3,927",75% bullish,of 4 ratings,N/A
DYSL,$1.54,1441221655829,"11,457",100% bullish,of 2 ratings,N/A
ETFC,$25.13,1441221655860,"1,093,047",57% bullish,of 14 ratings,$32.50
EGBN,$40.75,1441221655928,"79,532",Not yet rated,NULL,$48
EGLE,$6.98,1441221655965,"7,208",60% bullish,of 5 ratings,N/A
EBMT,$11.69,1441221656023,"1,300",Not yet rated,NULL,$13.50
EGRX,$81,1441221656049,"84,076",67% bullish,of 3 ratings,$97
EROC,$1.4901,1441221656218,"118,950",50% bullish,of 2 ratings,$3
EWBC,$38.67,1441221656248,"321,160",100% bearish,of 1 rating,$50
ELNK,$8.31,1441221656286,"217,920",60% bullish,of 5 ratings,$9.50
EML,$16.23,1441221656352,"2,789",Not yet rated,NULL,N/A
EACQU,$10.15,1441221656381,"1,400",Not yet rated,NULL,N/A
EVBS,$6.52,1441221656441,"1,450",Not yet rated,NULL,$7
EBAY,$26.645,1441221656482,"4,519,285",81% bullish,of 117 ratings,$34
EBIX,$28.14,1441221656511,"92,395",69% bullish,of 13 ratings,$40
ELON,$0.5906,1441221656612,"12,249",50% bullish,of 2 ratings,N/A
ECHO,$21.9,1441221656686,"88,030",67% bearish,of 3 ratings,$34.50
SATS,$43.61,1441221656768,"48,461",50% bullish,of 2 ratings,$60
ECTE,$1.52,1441221656836,"3,095",75% bullish,of 4 ratings,N/A
EEI,$11.7599,1441221656868,"5,400",67% bearish,of 3 ratings,N/A
ECACU,$10.1,1441221656889,200,Not yet rated,NULL,N/A
EDAP,$3.62,1441221656970,"15,733",60% bullish,of 5 ratings,$4.50
ESES,$4,1441221657019,400,100% bearish,of 1 rating,$7
EDGW,$7.19,1441221657150,"1,559",100% bearish,of 1 rating,N/A
EFUT,$4.6611,1441221657194,"1,400",Not yet rated,NULL,N/A
EDUC,$6.3275,1441221657225,"55,196",100% bearish,of 1 rating,N/A
EGLT,$12.45,1441221657258,"77,349",50% bullish,of 2 ratings,$21
EGAN,$3.69,1441221657349,"6,025",50% bullish,of 2 ratings,$6.25
LOCO,$12.4964,1441221657377,"208,276",69% bullish,of 13 ratings,$19.50
EHTH,$14.97,1441221657398,"66,120",50% bullish,of 4 ratings,$16.50
ESLT,$78.297,1441221657560,"4,233",67% bullish,of 3 ratings,N/A
EMITF,$1.2299,1441221657595,"1,472",75% bullish,of 4 ratings,N/A
ELRC,$10.48,1441221657626,"14,553",100% bearish,of 1 rating,N/A
ERI,$9.38,1441221657691,"74,401",100% bearish,of 1 rating,$10
ESIO,$4.52,1441221657717,"24,739",50% bullish,of 2 ratings,$10
EA,$64.15,1441221657742,"1,384,869",78% bullish,of 36 ratings,$80
EFII,$43.3044,1441221657955,"49,002",80% bullish,of 5 ratings,$55
ELSE,$3.9001,1441221657986,"2,000",60% bullish,of 5 ratings,N/A
ELEC,NULL,1441221658011,0,Not yet rated,NULL,N/A
ELECW,NULL,1441221658088,0,Not yet rated,NULL,N/A
EBIO,$3.47,1441221658145,"119,942",100% bearish,of 2 ratings,$8.35
ELECU,$9.99,1441221658190,"5,700",Not yet rated,NULL,N/A
RDEN,$11.18,1441221658278,"36,617",100% bearish,of 4 ratings,$15
CAPX,$22.74,1441221658305,1,Not yet rated,NULL,N/A
LONG,$16.91,1441221658336,"2,208",67% bullish,of 3 ratings,$15.75
ESBK,$19.85,1441221658438,639,Not yet rated,NULL,N/A
EMCI,$22.59,1441221658467,"18,505",Not yet rated,NULL,N/A
ELTK,$1.3399,1441221658546,"30,360",67% bearish,of 3 ratings,N/A
EMCF,NULL,1441221658603,0,100% bearish,of 1 rating,N/A
EMMSP,$3.2,1441221658682,325,100% bearish,of 1 rating,N/A
EMKR,$6.84,1441221658706,"36,952",75% bullish,of 4 ratings,$8.50
EMMS,$1.17,1441221658770,"12,324",83% bullish,of 6 ratings,N/A
ERS,$3.395,1441221658903,"10,165",Not yet rated,NULL,N/A
NYNY,$4.2,1441221658936,"12,703",50% bullish,of 2 ratings,N/A
ENTA,$38.8758,1441221658965,"67,385",50% bullish,of 2 ratings,$42
ECPG,$38.56,1441221658991,"92,017",100% bullish,of 2 ratings,$52
WIRE,$31.58,1441221659035,"39,617",100% bearish,of 1 rating,$37
ENDP,$74.09,1441221659070,"455,878",50% bullish,of 6 ratings,$101.50
ELGX,$12.555,1441221659165,"163,302",75% bullish,of 4 ratings,$17
ECYT,$5.245,1441221659190,"108,901",83% bullish,of 6 ratings,$12
EIGI,$14.9175,1441221659219,"197,664",67% bearish,of 3 ratings,$22.50
EFOI,$24.15,1441221659316,"819,790",50% bullish,of 2 ratings,$24.50
WATT,$7.05,1441221659419,"19,072",50% bullish,of 2 ratings,$13
ERII,$2.565,1441221659478,"41,693",80% bullish,of 5 ratings,$2.50
EXXI,$1.75,1441221659579,"840,879",86% bullish,of 7 ratings,$3.50
ENOC,$8.9,1441221659603,"78,375",75% bullish,of 4 ratings,$18
ENPH,$4.38,1441221659674,"338,230",75% bullish,of 4 ratings,$11
ESGR,$148.41,1441221659695,"22,528",100% bearish,of 1 rating,$185
ENG,$1.04,1441221659723,"35,679",100% bullish,of 3 ratings,N/A
ENFC,$17.52,1441221659748,400,Not yet rated,NULL,N/A
ENTL,$21.34,1441221659876,"14,320",Not yet rated,NULL,$28
ENTG,$13.42,1441221659906,"107,360",100% bearish,of 1 rating,$18
EBTC,$21.55,1441221660007,410,Not yet rated,NULL,N/A
ENVI,$1.862,1441221660101,"25,741",67% bullish,of 3 ratings,N/A
ETRM,$0.3051,1441221660133,"4,306,292",69% bearish,of 35 ratings,$1.625
EGT,$2.01,1441221660158,"5,001",100% bullish,of 1 rating,N/A
EFSC,$23.82,1441221660179,"11,406",Not yet rated,NULL,$27
ENZN,$0.9708,1441221660384,"167,619",100% bullish,of 9 ratings,N/A
EPIQ,$12.74,1441221660443,"24,406",100% bearish,of 1 rating,$18
EPRS,$5.08,1441221660517,"14,524",82% bullish,of 11 ratings,$15
EPZM,$20.28,1441221660543,"185,347",60% bullish,of 5 ratings,$34
ENZY,$10.4,1441221660572,"26,127",67% bullish,of 3 ratings,$9.50
PLUS,$73.04,1441221660602,"28,125",50% bullish,of 2 ratings,$88
EQFN,NULL,1441221660672,0,100% bearish,of 1 rating,N/A
EQIX,$267.63,1441221660699,"349,048",75% bullish,of 4 ratings,$312.50
EAC,$3.4,1441221660867,"4,867",100% bearish,of 1 rating,$8
ERIC,$9.585,1441221660898,"798,844",67% bullish,of 9 ratings,$12.20
ESCA,$18.06,1441221660968,"7,652",100% bearish,of 1 rating,$22
ERIE,$81.3,1441221660997,"8,983",Not yet rated,NULL,$73
ESCR,$0.1501,1441221661042,"46,573",50% bullish,of 2 ratings,N/A
ESPR,$48.16,1441221661098,"613,124",70% bearish,of 10 ratings,$115
ESCRP,NULL,1441221661343,0,100% bearish,of 1 rating,N/A
ESND,$33.12,1441221661371,"88,330",100% bearish,of 2 ratings,$40
ESSA,$12.95,1441221661396,"4,965",100% bearish,of 1 rating,N/A
ETSY,$14.19,1441221661451,"214,529",80% bullish,of 5 ratings,$16
EPIX,$5.95,1441221661506,100,Not yet rated,NULL,N/A
ESMC,$1.4,1441221661531,740,Not yet rated,NULL,N/A
ESSX,$0.4985,1441221661581,"8,849",50% bullish,of 2 ratings,N/A
CLWT,NULL,1441221661605,0,100% bullish,of 1 rating,N/A
EEFT,$64.16,1441221661837,"75,508",100% bearish,of 1 rating,$67.50
ESEA,$4.6342,1441221661862,"10,285",100% bullish,of 1 rating,$15
EVEP,$8.5101,1441221661888,"81,115",50% bullish,of 2 ratings,$15
EVK,$3.95,1441221661908,200,75% bearish,of 4 ratings,N/A
EVLV,$2.655,1441221661937,"41,597",60% bullish,of 5 ratings,$4.625
EVOK,$3.3499,1441221662071,"23,369",100% bearish,of 1 rating,$13.375
EVOL,$5.89,1441221662095,"7,548",75% bullish,of 4 ratings,$10
EXAC,$19.105,1441221662343,"10,969",100% bearish,of 1 rating,$22.50
EXAS,$21.95,1441221662369,"466,548",78% bullish,of 9 ratings,$31
EXA,$10.4385,1441221662395,"97,702",100% bearish,of 1 rating,$13
EXFO,$2.91,1441221662415,200,67% bearish,of 3 ratings,$3.95
EXEL,$5.74,1441221662443,"2,569,082",81% bullish,of 16 ratings,$6
EXLS,$36.91,1441221662468,"72,260",50% bullish,of 2 ratings,$41
EXPE,$112.1178,1441221662841,"316,457",64% bullish,of 11 ratings,$130
EXPD,$49.45,1441221663020,"768,565",80% bullish,of 5 ratings,$52
ESRX,$82.597,1441221663077,"1,131,309",67% bearish,of 6 ratings,$101
EXPO,$42.36,1441221663107,"34,896",100% bearish,of 1 rating,$45.50
EYEG,$3.685,1441221663209,"5,408",Not yet rated,NULL,N/A
EZCH,$22.49,1441221663240,"28,723",75% bullish,of 8 ratings,$19.50
EYEGW,$1,1441221663265,"1,700",Not yet rated,NULL,N/A
EXTR,$3.04,1441221663289,"278,119",80% bullish,of 5 ratings,$3
EZPW,$6.16,1441221663343,"117,457",50% bullish,of 4 ratings,$7
EXLP,$19.3,1441221663397,"87,074",100% bearish,of 1 rating,$25
FFIV,$120.12,1441221663423,"434,652",63% bullish,of 8 ratings,$132
FB,$88.7935,1441221663477,"11,706,545",73% bullish,of 1074 ratings,$111
FCS,$13.2701,1441221663555,"217,150",67% bearish,of 3 ratings,$17
FALC,$1.75,1441221663583,"17,673",63% bearish,of 8 ratings,N/A
FWM,$2.1699,1441221663644,"70,075",100% bearish,of 2 ratings,$3.20
FRP,$15.89,1441221663775,"25,657",100% bearish,of 1 rating,$18
DAVE,$14.38,1441221663906,"5,263",100% bearish,of 1 rating,$15.50
FFKT,$26.05,1441221663990,"4,316",Not yet rated,NULL,$29
FARO,$37.5201,1441221664050,"26,308",50% bullish,of 2 ratings,$48
FARM,$22.32,1441221664074,"28,944",100% bearish,of 1 rating,$35
FMNB,$8.29,1441221664102,"2,302",Not yet rated,NULL,N/A
FBSS,NULL,1441221664124,0,Not yet rated,NULL,N/A
FATE,$6.3,1441221664158,"8,249",50% bullish,of 2 ratings,$11
FAST,$38.141,1441221664256,"715,458",80% bullish,of 5 ratings,$45.50
FBRC,$22.15,1441221664286,"25,602",100% bearish,of 1 rating,$29
FDML,$8.74,1441221664336,"95,786",50% bullish,of 4 ratings,$14
FHCO,$1.4099,1441221664438,"9,484",50% bullish,of 4 ratings,N/A
FEIC,$74.34,1441221664463,"134,019",50% bullish,of 2 ratings,$95.50
FNHC,$22.07,1441221664494,"18,689",100% bearish,of 1 rating,$35
FENX,$9.72,1441221664599,"48,934",100% bullish,of 1 rating,$14.25
FCSC,$5.55,1441221664792,"36,568",100% bearish,of 1 rating,$8.125
FGEN,$23.31,1441221664823,"85,550",100% bearish,of 1 rating,$39
ONEQ,$185.2,1441221664856,"14,420",100% bullish,of 1 rating,N/A
LION,$19.02,1441221664926,"21,039",100% bullish,of 1 rating,$20
FDUS,$14.98,1441221664951,"14,165",50% bullish,of 2 ratings,$18
FRGI,$51.75,1441221664976,"52,593",50% bullish,of 2 ratings,$70
FSAM,$7.9,1441221665005,"2,451",100% bearish,of 1 rating,$10.25
FSC,$6.515,1441221665226,"331,640",60% bullish,of 5 ratings,$8
FSFR,$8.76,1441221665262,"103,291",100% bearish,of 1 rating,$11.50
FSCFL,$24.529,1441221665291,"3,862",Not yet rated,NULL,N/A
FITBI,$27.455,1441221665316,"12,242",Not yet rated,NULL,N/A
FNGN,$30.71,1441221665365,"174,146",67% bullish,of 3 ratings,$47
FITB,$19.2,1441221665457,"1,708,783",54% bullish,of 13 ratings,$22
FISI,$24.6335,1441221665555,"10,035",100% bullish,of 2 ratings,$24.50
FNSR,$15.1,1441221665624,"300,925",71% bullish,of 7 ratings,$24
FNJN,$1.78,1441221665657,"6,300",100% bearish,of 1 rating,$5
FNTCW,NULL,1441221665684,0,Not yet rated,NULL,N/A
FNTCU,NULL,1441221665756,0,Not yet rated,NULL,N/A
FNTC,NULL,1441221665781,0,Not yet rated,NULL,N/A
FEYE,$37.0393,1441221665863,"1,437,151",88% bullish,of 16 ratings,$55.50
FNLC,$18.8,1441221665958,"4,444",100% bullish,of 1 rating,N/A
FBNC,$16.85,1441221665987,"2,515",100% bullish,of 1 rating,$20
FRBA,$6.05,1441221666014,"7,815",Not yet rated,NULL,$8
BUSE,$6.35,1441221666087,"55,678",Not yet rated,NULL,$6.875
FBIZ,$22.5,1441221666186,"42,436",100% bearish,of 2 ratings,$26
FCVA,$4.7501,1441221666215,500,Not yet rated,NULL,N/A
FCAP,$26.9,1441221666263,39,Not yet rated,NULL,N/A
FCFS,$39.7,1441221666410,"34,754",100% bearish,of 3 ratings,$47
FCLF,$9.35,1441221666505,371,Not yet rated,NULL,N/A
FCNCA,$232.06,1441221666570,"1,808",Not yet rated,NULL,N/A
FCCO,$12.09,1441221666635,775,Not yet rated,NULL,$13.25
FCBC,$17.32,1441221666660,"4,467",Not yet rated,NULL,$18
FCFP,$6.905,1441221666699,500,Not yet rated,NULL,N/A
FDEF,$36.915,1441221666835,"9,990",Not yet rated,NULL,$38
FBNK,$16.85,1441221666867,"11,220",100% bearish,of 1 rating,$17.50
FFBC,$18.09,1441221666888,"49,847",67% bearish,of 3 ratings,$20.25
FFNM,$6.2286,1441221666921,200,Not yet rated,NULL,N/A
FFIN,$29.8697,1441221666967,"53,845",50% bullish,of 2 ratings,$31.75
FFBCW,NULL,1441221667021,0,100% bearish,of 1 rating,N/A
THFF,$32.57,1441221667110,"1,699",Not yet rated,NULL,$35
FFNW,$12.12,1441221667156,"7,169",Not yet rated,NULL,$14
INBK,$30.24,1441221667290,"8,683",50% bullish,of 2 ratings,$37
FIBK,$26.25,1441221667337,"44,318",Not yet rated,NULL,$32
FFWM,$21.09,1441221667362,"4,046",Not yet rated,NULL,$24
FMBI,$17.16,1441221667514,"129,654",Not yet rated,NULL,$20
FNBC,$33.82,1441221667535,"90,798",Not yet rated,NULL,$40
FRME,$25.9233,1441221667566,"94,866",Not yet rated,NULL,$26.50
FNFG,$8.8801,1441221667613,"735,110",80% bullish,of 5 ratings,$9
FMBH,$22.35,1441221667647,382,Not yet rated,NULL,N/A
FSFG,NULL,1441221667741,0,Not yet rated,NULL,N/A
FNWB,$11.96,1441221667766,"2,560",Not yet rated,NULL,N/A
FSLR,$47.52,1441221667825,"613,543",72% bullish,of 39 ratings,$65
FSBK,$7.81,1441221667905,"6,800",100% bullish,of 1 rating,N/A
FSGI,$2.46,1441221667935,"4,600",Not yet rated,NULL,N/A
BICK,NULL,1441221668000,0,100% bullish,of 1 rating,N/A
FBZ,$9.44,1441221668035,200,Not yet rated,NULL,N/A
FCAN,$24.15,1441221668166,"27,949",Not yet rated,NULL,N/A
FTCS,$35.8165,1441221668225,"255,684",100% bearish,of 1 rating,N/A
FV,$22.9901,1441221668251,"1,469,956",100% bearish,of 1 rating,N/A
FCA,$18.866,1441221668272,107,Not yet rated,NULL,N/A
IFV,$17.42,1441221668402,"266,071",100% bearish,of 1 rating,N/A
FEMB,NULL,1441221668427,0,Not yet rated,NULL,N/A
FTSM,$59.95,1441221668457,"20,349",100% bearish,of 1 rating,N/A
FEUZ,$30.4415,1441221668486,102,Not yet rated,NULL,N/A
MDIV,$18.93,1441221668556,"161,693",Not yet rated,NULL,N/A
TDIV,$24.3997,1441221668617,"79,593",100% bearish,of 1 rating,N/A
FGM,$35.1108,1441221668641,"6,697",Not yet rated,NULL,N/A
FTGC,$22.3099,1441221668873,"142,665",Not yet rated,NULL,N/A
HYLS,$49.54,1441221668905,"67,667",100% bearish,of 1 rating,N/A
FTHI,$19.17,1441221668925,"1,051",Not yet rated,NULL,N/A
FHK,$32.33,1441221669003,"6,308",Not yet rated,NULL,N/A
YDIV,$16.1501,1441221669091,"1,923",Not yet rated,NULL,N/A
CU,$12.56,1441221669186,920,100% bearish,of 1 rating,N/A
SKYY,$28.3,1441221669225,"34,145",100% bullish,of 1 rating,N/A
FPXI,$26.4,1441221669253,200,Not yet rated,NULL,N/A
PLTM,$6.16,1441221669358,"3,135",100% bearish,of 1 rating,N/A
FTLB,$18.91,1441221669415,1,100% bearish,of 1 rating,N/A
FJP,$45.2701,1441221669444,"19,590",Not yet rated,NULL,N/A
LMBS,$50.3999,1441221669511,"1,477",Not yet rated,NULL,N/A
FMB,$50.97,1441221669541,"6,650",Not yet rated,NULL,N/A
QABA,$36.6922,1441221669593,"6,328",100% bearish,of 1 rating,N/A
CIBR,$17.5,1441221669743,"23,733",Not yet rated,NULL,N/A
FONE,$34.679,1441221669773,500,Not yet rated,NULL,N/A
CARZ,$34.0182,1441221669875,392,100% bearish,of 1 rating,N/A
GRID,$31.04,1441221669917,330,100% bearish,of 1 rating,N/A
QCLN,$14.8799,1441221669946,"10,189",Not yet rated,NULL,N/A
RDVY,$20.6001,1441221669967,"4,072",Not yet rated,NULL,N/A
QQXT,$39.7924,1441221670051,"13,525",Not yet rated,NULL,N/A
QQEW,$40.961,1441221670098,"177,231",Not yet rated,NULL,N/A
QTEC,$39.31,1441221670123,"15,373",Not yet rated,NULL,N/A
FKO,$22.47,1441221670291,312,Not yet rated,NULL,N/A
AIRR,$16.27,1441221670317,"7,562",100% bearish,of 1 rating,N/A
FTSL,$48.8499,1441221670401,"47,888",100% bearish,of 1 rating,N/A
FDIV,$47.0499,1441221670507,"1,921",100% bearish,of 1 rating,N/A
FSZ,$38.47,1441221670590,"68,229",Not yet rated,NULL,N/A
QINC,NULL,1441221670614,0,Not yet rated,NULL,N/A
FTW,$31.5,1441221670657,758,Not yet rated,NULL,N/A
TUSA,$24.32,1441221670750,"3,337",Not yet rated,NULL,N/A
FUNC,$8.15,1441221670853,500,Not yet rated,NULL,N/A
FKU,$41.23,1441221670881,"67,799",Not yet rated,NULL,N/A
FMER,$17.23,1441221670927,"264,618",50% bullish,of 2 ratings,$20
SVVC,$9.23,1441221670989,"7,320",50% bullish,of 2 ratings,$26
FSV,$32.06,1441221671089,"26,979",Not yet rated,NULL,$33.60
FPRX,$19.5099,1441221671142,"112,709",50% bullish,of 2 ratings,$35
FIVE,$37.68,1441221671167,"594,969",75% bearish,of 4 ratings,$44
FISV,$84.21,1441221671220,"495,486",100% bearish,of 3 ratings,$90
FLKS,$11.81,1441221671311,"27,159",50% bullish,of 2 ratings,$27
FLML,$22.9264,1441221671350,"97,906",50% bullish,of 2 ratings,$30
FIVN,$3.89,1441221671375,"53,008",100% bullish,of 1 rating,$8.50
SKOR,$50.34,1441221671537,"7,400",Not yet rated,NULL,N/A
FLXN,$25.79,1441221671599,"86,108",100% bearish,of 1 rating,$40
MBSD,$24.91,1441221671629,315,Not yet rated,NULL,N/A
FLEX,$10.28,1441221671667,"629,546",63% bullish,of 8 ratings,$12
FLXS,$30.81,1441221671691,"7,793",100% bearish,of 2 ratings,N/A
FLIR,$28.205,1441221671997,"511,976",100% bearish,of 2 ratings,$38.50
FLDM,$11.275,1441221672051,"110,290",67% bearish,of 3 ratings,$15
FFIC,$19.47,1441221672147,"50,319",Not yet rated,NULL,$20.50
FONR,$9.7601,1441221672281,"5,504",100% bullish,of 1 rating,N/A
FOGO,$19.33,1441221672329,"50,178",50% bullish,of 2 ratings,$25.50
FOMX,$10.07,1441221672359,"49,614",50% bullish,of 2 ratings,$23.50
FES,$0.87,1441221672379,"32,811",50% bullish,of 2 ratings,$1
FORTY,$30.17,1441221672462,200,100% bearish,of 1 rating,N/A
FTNT,$41.5005,1441221672528,"442,042",80% bullish,of 10 ratings,$52
FORR,$31.33,1441221672558,"23,420",Not yet rated,NULL,N/A
FORM,$6.39,1441221672579,"165,473",67% bullish,of 3 ratings,$10.50
FBIO,$2.62,1441221672611,"51,635",83% bullish,of 6 ratings,N/A
FWRD,$43.86,1441221672745,"101,285",100% bearish,of 1 rating,$50
FORD,$1.6323,1441221672810,"1,945,491",67% bullish,of 3 ratings,N/A
FWP,$27.01,1441221672838,"52,524",100% bearish,of 1 rating,$45
FOSL,$60.24,1441221672942,"231,752",60% bearish,of 5 ratings,$80
FMI,$23.17,1441221672990,"85,445",100% bearish,of 2 ratings,$27.50
FXCB,$17.23,1441221673016,"4,897",Not yet rated,NULL,$19
FELE,$27.7,1441221673181,"123,604",50% bullish,of 4 ratings,$33
FRAN,$11.4,1441221673207,"265,455",50% bullish,of 4 ratings,$15
FOXF,$15.36,1441221673228,"10,415",100% bearish,of 1 rating,$19
FREE,$0.3811,1441221673264,"3,626,043",92% bullish,of 12 ratings,N/A
FEIM,$11.05,1441221673358,"3,658",100% bearish,of 1 rating,N/A
RAIL,$20.54,1441221673389,"47,131",100% bearish,of 1 rating,$24.50
FRED,$12.78,1441221673420,"58,574",50% bullish,of 2 ratings,$15.50
FRPT,$12.28,1441221673445,"197,972",67% bearish,of 3 ratings,$23.50
FTR,$5.21,1441221673519,"10,025,551",78% bullish,of 27 ratings,$6.25
FTRPR,$103.42,1441221673710,"4,100",100% bearish,of 1 rating,N/A
FTD,$29.56,1441221673879,"17,303",100% bearish,of 1 rating,$40
FRPH,$31.1,1441221673916,"2,002",100% bearish,of 1 rating,N/A
FSBW,$23.09,1441221673946,"5,080",Not yet rated,NULL,N/A
FTEK,$1.995,1441221674011,"12,629",75% bullish,of 4 ratings,N/A
FSYS,$6.36,1441221674037,"191,834",67% bullish,of 3 ratings,$10
FCEL,$0.8783,1441221674059,"622,223",88% bullish,of 41 ratings,$2.65
FULL,$3.0838,1441221674092,"9,266",67% bearish,of 3 ratings,$4.25
FLL,$1.48,1441221674191,"54,922",75% bullish,of 4 ratings,$3.50
FULLL,NULL,1441221674293,0,Not yet rated,NULL,N/A
FULT,$11.75,1441221674426,"212,592",100% bearish,of 1 rating,$13
FXEN,$1.0001,1441221674452,"145,787",75% bullish,of 4 ratings,$1.10
FFHL,$0.9947,1441221674514,870,50% bullish,of 4 ratings,N/A
FXENP,NULL,1441221674539,0,100% bearish,of 1 rating,N/A
GK,$67.557,1441221674611,"44,171",Not yet rated,NULL,$78
FSNN,$2.08,1441221674636,"6,900",67% bullish,of 3 ratings,$6
GLPG,$57.63,1441221674802,"9,158",100% bullish,of 1 rating,$75
GALT,$2.09,1441221674834,"46,868",80% bullish,of 5 ratings,N/A
WILC,$4.88,1441221674855,"2,110",100% bullish,of 2 ratings,N/A
GAIA,$6.065,1441221674888,"179,865",50% bullish,of 2 ratings,$8.50
GALTW,$0.55,1441221674909,"5,162",100% bullish,of 1 rating,N/A
GALE,$1.6,1441221674941,"483,539",89% bullish,of 47 ratings,$4
GALTU,$5.19,1441221675038,200,100% bearish,of 1 rating,N/A
GLMD,$8.565,1441221675084,"24,039",67% bullish,of 3 ratings,$20.50
GLPI,$30.75,1441221675173,"193,858",100% bearish,of 1 rating,$37.50
GPIC,$9.76,1441221675222,100,100% bearish,of 1 rating,N/A
GRMN,$37.05,1441221675251,"269,505",50% bullish,of 6 ratings,$46.50
GGAC,NULL,1441221675354,0,100% bearish,of 1 rating,N/A
GARS,$14.4001,1441221675504,"30,609",Not yet rated,NULL,$16
GGACW,$0.1436,1441221675529,"3,816",Not yet rated,NULL,N/A
GGACR,$0.259,1441221675550,"27,400",100% bullish,of 1 rating,N/A
GGACU,$10.24,1441221675583,100,Not yet rated,NULL,N/A
GNCMA,$16.85,1441221675684,"58,422",100% bearish,of 1 rating,$12
GFNSL,$25.75,1441221675711,"2,200",Not yet rated,NULL,N/A
GENC,NULL,1441221675740,0,100% bearish,of 1 rating,N/A
GFN,$3.87,1441221675767,"3,828",100% bearish,of 2 ratings,$8
GFNCP,NULL,1441221675817,0,Not yet rated,NULL,N/A
GENE,$2.36,1441221675894,"38,101",100% bullish,of 12 ratings,N/A
GNCA,$11.3,1441221675980,"61,970",100% bearish,of 1 rating,$20
GHDX,$26.19,1441221676109,"106,194",50% bullish,of 2 ratings,$30
GNMK,$9.67,1441221676158,"72,810",67% bullish,of 6 ratings,$14
GNTX,$15.5,1441221676188,"918,547",Not yet rated,NULL,$20
THRM,$44.95,1441221676213,"82,548",75% bearish,of 4 ratings,$55.50
GNVC,$2.375,1441221676290,"4,334",90% bullish,of 10 ratings,$8.50
GTWN,$18.97,1441221676348,500,Not yet rated,NULL,N/A
GERN,$2.935,1441221676417,"850,969",88% bullish,of 16 ratings,$5.25
GABC,$28.69,1441221676447,"6,158",Not yet rated,NULL,$31
GEOS,$16.94,1441221676489,"43,656",100% bearish,of 3 ratings,$21
GEVO,$2.36,1441221676515,"148,210",75% bullish,of 12 ratings,$5
ROCK,$16.54,1441221676544,"82,435",80% bullish,of 5 ratings,$24
GIII,$67.41,1441221676708,"559,172",67% bullish,of 3 ratings,$75
GIGM,$0.5214,1441221676733,"3,679",100% bullish,of 2 ratings,N/A
GIGA,$1.484,1441221676757,"30,458",100% bearish,of 1 rating,N/A
GILT,$4.1714,1441221676897,"1,536",50% bullish,of 2 ratings,N/A
GILD,$102.93,1441221676974,"3,818,129",91% bullish,of 87 ratings,$129
GLAD,$8.637,1441221677032,"79,285",50% bullish,of 2 ratings,$8.75
GBCI,$25.53,1441221677057,"150,961",50% bullish,of 2 ratings,$31
GLADO,$25.5,1441221677104,"1,427",Not yet rated,NULL,N/A
GOOD,$14.21,1441221677135,"33,523",Not yet rated,NULL,$19
GOODN,$25.609,1441221677155,100,Not yet rated,NULL,N/A
GOODO,$25.4599,1441221677199,203,Not yet rated,NULL,N/A
GOODP,$25.2,1441221677231,"1,112",Not yet rated,NULL,N/A
GAINN,$25.33,1441221677363,"24,096",Not yet rated,NULL,N/A
GAIN,$7.395,1441221677393,"57,792",100% bullish,of 2 ratings,$8.25
GAINO,$25.19,1441221677443,1,Not yet rated,NULL,N/A
GAINP,$25.598,1441221677491,"6,544",Not yet rated,NULL,N/A
GBT,$50.4,1441221677643,"89,878",100% bearish,of 1 rating,N/A
LAND,$9.11,1441221677674,"17,666",50% bullish,of 2 ratings,$13.75
GLBZ,NULL,1441221677703,0,Not yet rated,NULL,N/A
GBLI,$27.38,1441221677777,"7,574",Not yet rated,NULL,N/A
GDEF,$10.65,1441221677810,400,Not yet rated,NULL,N/A
ACTX,$12.94,1441221677839,"3,200",100% bullish,of 1 rating,N/A
ENT,$11.01,1441221677907,"25,136",100% bearish,of 1 rating,$18
GPACU,NULL,1441221677932,0,Not yet rated,NULL,N/A
QQQC,$18.35,1441221677994,"6,300",100% bearish,of 1 rating,N/A
GSOL,$8.22,1441221678068,"13,419",100% bearish,of 1 rating,N/A
SOCL,$17.235,1441221678230,"34,916",100% bullish,of 2 ratings,N/A
ALTY,$14.04,1441221678255,660,Not yet rated,NULL,N/A
SRET,$12.9145,1441221678336,"2,873",Not yet rated,NULL,N/A
GAI,$6.15,1441221678440,"1,300",50% bullish,of 2 ratings,N/A
YLCO,$11.66,1441221678469,600,Not yet rated,NULL,N/A
GBIM,$2.46,1441221678540,"5,476",50% bullish,of 2 ratings,N/A
GSM,$13.62,1441221678568,"113,043",50% bullish,of 2 ratings,$22
GLBS,$1.05,1441221678594,400,67% bullish,of 3 ratings,N/A
GLRI,$1.04,1441221678628,"37,107",100% bearish,of 1 rating,$4.25
GOGO,$16.24,1441221678722,"383,861",80% bullish,of 5 ratings,$25
GLUU,$4.29,1441221678747,"763,317",92% bullish,of 26 ratings,$9
GLNG,$38.62,1441221678801,"346,313",83% bullish,of 6 ratings,$55.50
GLYC,$7,1441221678826,"1,300",50% bullish,of 2 ratings,$14
GMLP,$20.26,1441221678905,"82,278",50% bullish,of 4 ratings,$29
GLDC,$4.0001,1441221678960,"2,050",50% bullish,of 2 ratings,N/A
GDEN,$8.9501,1441221679135,"7,525",50% bullish,of 2 ratings,N/A
GTIM,$6.8,1441221679162,"11,846",Not yet rated,NULL,$11.50
GOGL,$3.02,1441221679189,"141,015",75% bullish,of 4 ratings,$5
GOOG,$606.81,1441221679219,"748,221",88% bullish,of 73 ratings,$787.50
GBDC,$17.055,1441221679240,"121,016",Not yet rated,NULL,$17.75
GOOGL,$638.75,1441221679292,"479,305",88% bullish,of 1082 ratings,$749
GPRO,$40.4301,1441221679381,"10,354,921",78% bullish,of 58 ratings,$72
GMAN,$3.68,1441221679420,"20,781",60% bullish,of 5 ratings,$8.50
GPIAU,$9.96,1441221679471,"4,600",Not yet rated,NULL,N/A
GPIA,NULL,1441221679510,0,100% bearish,of 1 rating,N/A
GRVY,NULL,1441221679648,0,50% bullish,of 2 ratings,N/A
GPIAW,NULL,1441221679676,0,Not yet rated,NULL,N/A
LOPE,$36.79,1441221679697,"69,744",100% bearish,of 2 ratings,$50
GBSN,$0.27,1441221679830,"2,943,634",50% bullish,of 2 ratings,$8.25
GBSNU,NULL,1441221679854,0,NULL,NULL,NULL
GLDD,$5.45,1441221679894,"97,781",100% bearish,of 4 ratings,$7.75
GSBC,$40.37,1441221680022,"13,528",100% bullish,of 1 rating,$44
GNBC,$11.76,1441221680070,"4,396",100% bearish,of 1 rating,$16.50
GRBK,$11.73,1441221680098,"83,069",77% bullish,of 13 ratings,N/A
GPP,$14.49,1441221680130,"25,060",Not yet rated,NULL,$20.50
GPRE,$20.092,1441221680159,"191,064",67% bullish,of 6 ratings,$28.50
GLRE,$24.8901,1441221680230,"113,842",50% bullish,of 2 ratings,$41
GCBC,$28.5,1441221680259,101,100% bullish,of 1 rating,N/A
GRPN,$4.3,1441221680406,"1,710,094",61% bullish,of 71 ratings,$6.75
GRIF,NULL,1441221680436,0,100% bearish,of 1 rating,N/A
GRFS,$29.76,1441221680457,"178,463",50% bullish,of 2 ratings,$35
OMAB,$41.33,1441221680489,"13,153",100% bullish,of 1 rating,$44
GGAL,$18.63,1441221680591,"61,109",80% bullish,of 5 ratings,$40
GSIG,$12.83,1441221680617,"6,600",100% bearish,of 2 ratings,N/A
GSIT,$4.59,1441221680694,"7,400",100% bearish,of 1 rating,N/A
GSVC,$8.7624,1441221680914,"34,089",50% bullish,of 2 ratings,$15.75
GFED,$14.97,1441221680943,300,Not yet rated,NULL,$17
GTXI,$0.8978,1441221680963,"12,787",100% bullish,of 5 ratings,$.75
GBNK,$15.85,1441221680998,"64,360",100% bearish,of 1 rating,$18
GUID,$7.06,1441221681098,"76,462",100% bearish,of 3 ratings,$10
GULTU,$0.33,1441221681127,"54,718",100% bearish,of 1 rating,N/A
GIFI,$12.68,1441221681173,"31,229",100% bearish,of 1 rating,$16
GPOR,$34.17,1441221681230,"438,296",75% bullish,of 4 ratings,$54
GURE,$1.6999,1441221681385,"24,028",88% bullish,of 8 ratings,N/A
HEES,$18.72,1441221681440,"200,935",67% bearish,of 3 ratings,$31
GWGH,$8.12,1441221681465,100,100% bearish,of 1 rating,$15.05
GWPH,$104.55,1441221681495,"61,694",78% bullish,of 9 ratings,$148.50
GYRO,$30.65,1441221681543,"5,200",100% bearish,of 1 rating,N/A
HNRG,$7.67,1441221681598,"35,152",100% bearish,of 1 rating,$10
HLG,NULL,1441221681623,0,100% bearish,of 1 rating,N/A
HALL,$11.405,1441221681702,"4,285",Not yet rated,NULL,N/A
HMPR,$1.86,1441221681833,"9,799",100% bullish,of 1 rating,N/A
HBK,NULL,1441221681883,0,50% bullish,of 2 ratings,N/A
HALO,$17.37,1441221681911,"313,717",67% bullish,of 3 ratings,$22.50
HBHC,$26.8,1441221681936,"131,865",50% bullish,of 2 ratings,$30
HBHCL,$24.32,1441221681964,"37,692",Not yet rated,NULL,N/A
HAFC,$23.72,1441221682068,"29,093",100% bullish,of 2 ratings,$28.50
HNH,$24.71,1441221682155,"18,767",100% bullish,of 1 rating,N/A
HQCL,$12.35,1441221682239,"11,032",67% bullish,of 3 ratings,$14
HNSN,$0.5385,1441221682264,"26,523",88% bullish,of 8 ratings,$.40
HDNG,$9.99,1441221682338,"4,047",50% bullish,of 4 ratings,N/A
HLIT,$5.67,1441221682468,"110,805",100% bearish,of 1 rating,$6.50
HRMN,NULL,1441221682492,0,Not yet rated,NULL,N/A
HRMNU,NULL,1441221682532,0,Not yet rated,NULL,N/A
HRMNW,$0.4375,1441221682637,100,Not yet rated,NULL,N/A
TINY,$2.43,1441221682818,"11,458",50% bullish,of 2 ratings,$5.26
HBIO,$4.39,1441221682975,"36,880",100% bearish,of 1 rating,$10
HART,$1.1301,1441221683002,"155,644",100% bearish,of 1 rating,N/A
HCAP,$11.9636,1441221683051,"2,157",50% bullish,of 2 ratings,$15
HCAPL,$25.45,1441221683136,300,Not yet rated,NULL,N/A
HAS,$74.45,1441221683191,"988,280",63% bullish,of 8 ratings,$84.50
HA,$23.78,1441221683218,"317,462",67% bullish,of 9 ratings,$27
HCOM,$21.88,1441221683350,"3,313",100% bearish,of 1 rating,$28
HDS,$32.125,1441221683423,"854,409",100% bearish,of 2 ratings,$39.50
HWBK,$13.56,1441221683451,300,100% bearish,of 1 rating,N/A
HWKN,$38.28,1441221683477,"4,956",Not yet rated,NULL,N/A
HAYN,$38.21,1441221683506,"13,244",100% bearish,of 1 rating,$59
HIIQ,$4.76,1441221683531,"18,034",50% bullish,of 2 ratings,$7
HCSG,$32.82,1441221683613,"69,723",50% bullish,of 4 ratings,$35
HQY,$29.86,1441221683718,"76,987",67% bullish,of 3 ratings,$35
HSTM,$24.265,1441221683748,"65,374",50% bullish,of 2 ratings,$33.75
HWAY,$11.95,1441221683786,"84,974",100% bearish,of 1 rating,$15
HTLF,$35.9,1441221683850,"4,775",100% bullish,of 1 rating,$39.50
HTLD,$20.04,1441221684030,"219,536",Not yet rated,NULL,$22.50
HTWR,$61.994,1441221684055,"1,695,265",50% bullish,of 2 ratings,$103
HTBX,$4.1001,1441221684099,"18,720",50% bullish,of 2 ratings,$15.50
HSII,$19.94,1441221684127,"13,484",100% bullish,of 3 ratings,$25
HELE,$82.795,1441221684148,"70,455",67% bearish,of 3 ratings,$100
HMTV,$13.36,1441221684193,"3,139",100% bearish,of 1 rating,$16
HMNY,NULL,1441221684282,0,100% bearish,of 1 rating,N/A
HERO,NULL,1441221684409,0,NULL,NULL,NULL
HCACU,$9.99,1441221684435,700,Not yet rated,NULL,N/A
HNNA,$24.65,1441221684456,"4,694",Not yet rated,NULL,N/A
HSIC,$133.96,1441221684588,"127,426",83% bullish,of 6 ratings,$146
HTBK,$10.29,1441221684613,"30,671",Not yet rated,NULL,$12
HFWA,$17.4,1441221684700,"83,417",100% bullish,of 1 rating,$20
HEOP,$7.67,1441221684744,"6,649",Not yet rated,NULL,$8.50
HCCI,$11.79,1441221684803,"14,655",100% bearish,of 1 rating,$16.50
MLHR,$26.64,1441221684828,"173,261",50% bullish,of 2 ratings,$33.50
HRTX,$36.3,1441221684906,"362,416",57% bullish,of 7 ratings,$41
HSKA,$34.03,1441221684982,"37,534",100% bearish,of 1 rating,$38
HFFC,$15.99,1441221685040,"6,900",Not yet rated,NULL,N/A
HIBB,$38.34,1441221685065,"178,848",100% bearish,of 1 rating,$46.50
HPJ,$2.1799,1441221685141,"24,822",75% bullish,of 4 ratings,$12.43
HIMX,$6.76,1441221685200,"921,318",86% bullish,of 21 ratings,$8.50
HIHO,$4.17,1441221685226,"7,980",Not yet rated,NULL,N/A
HIFS,$114,1441221685364,"7,488",Not yet rated,NULL,N/A
HMNF,$10.9554,1441221685400,100,Not yet rated,NULL,N/A
HSGX,$6.03,1441221685456,"1,104",100% bearish,of 1 rating,$17
HMSY,$9.825,1441221685486,"352,546",67% bullish,of 3 ratings,$19.35
HOLI,$16.69,1441221685507,"115,489",50% bullish,of 4 ratings,$27
HMIN,$25.49,1441221685889,"39,235",100% bearish,of 2 ratings,$35
HFBL,$22,1441221685922,700,Not yet rated,NULL,N/A
HOLX,$37.565,1441221685968,"1,825,705",50% bullish,of 4 ratings,$42
HOMB,$37.05,1441221685995,"39,388",Not yet rated,NULL,$42
HBCP,$24.825,1441221686022,207,Not yet rated,NULL,$29
HTBI,$17.99,1441221686051,"35,121",67% bullish,of 3 ratings,$18.625
AWAY,$27.96,1441221686079,"319,715",67% bullish,of 3 ratings,$36
HMST,$21.9,1441221686100,"75,982",100% bullish,of 2 ratings,$27
HOFT,$23.85,1441221686347,"48,099",100% bearish,of 1 rating,N/A
CETC,$0.7601,1441221686383,"30,095",86% bullish,of 7 ratings,N/A
HKTV,$4.28,1441221686474,"16,446",100% bearish,of 1 rating,N/A
HFBC,$11.35,1441221686500,"2,200",Not yet rated,NULL,N/A
HZNP,$29.83,1441221686521,"576,085",85% bullish,of 20 ratings,$40
HBNC,$23.84,1441221686549,"3,501",100% bullish,of 1 rating,$27
HRZN,$10.4399,1441221686574,"7,961",50% bullish,of 2 ratings,$14.25
ZINC,$7.19,1441221686707,"670,640",100% bearish,of 1 rating,$17
HMHC,$22.15,1441221686733,"479,727",Not yet rated,NULL,$27
HDP,$23.42,1441221686768,"149,381",67% bearish,of 3 ratings,$30.50
HSNI,$59.71,1441221686863,"46,291",Not yet rated,NULL,$80
HBMD,$13.832,1441221686896,249,100% bearish,of 1 rating,N/A
HOVNP,$4,1441221686923,"5,100",100% bearish,of 1 rating,N/A
HWCC,$7.53,1441221686944,"66,987",100% bearish,of 1 rating,$9
HTGM,$5.72,1441221687006,"2,803",100% bearish,of 1 rating,$19.50
HUBG,$37.45,1441221687079,"50,606",100% bearish,of 1 rating,$43
HCBK,$9.03,1441221687211,"905,014",83% bullish,of 6 ratings,$8.61
HBAN,$10.518,1441221687282,"2,478,362",76% bullish,of 17 ratings,$12.29
HSON,$2.71,1441221687343,"17,543",100% bearish,of 1 rating,$5
HBANP,$1347,1441221687374,29,100% bearish,of 1 rating,N/A
HDSN,$3.11,1441221687409,"5,900",100% bullish,of 1 rating,$6.25
HURN,$71.994,1441221687476,"47,580",50% bullish,of 2 ratings,$80
HURC,$29.34,1441221687513,"11,242",100% bearish,of 1 rating,N/A
HDRA,NULL,1441221687607,0,Not yet rated,NULL,N/A
HBP,$3.1296,1441221687632,"6,528",100% bullish,of 1 rating,N/A
HTCH,$1.42,1441221687658,"65,195",100% bearish,of 1 rating,$3.50
HDRAR,NULL,1441221687760,0,Not yet rated,NULL,N/A
HDRAU,$10.18,1441221687787,900,Not yet rated,NULL,N/A
HDRAW,NULL,1441221687968,0,Not yet rated,NULL,N/A
HYGS,$8.78,1441221687993,"26,587",50% bullish,of 2 ratings,$13
IDSY,$3.69,1441221688126,"76,200",100% bearish,of 1 rating,$7
IACI,$69.65,1441221688264,"402,256",80% bullish,of 5 ratings,$90
IKGH,$1.44,1441221688318,"4,300",75% bullish,of 4 ratings,N/A
ICFI,$34.11,1441221688366,"25,962",50% bullish,of 2 ratings,$48.50
ICAD,$3.6799,1441221688401,"30,537",100% bullish,of 2 ratings,$7.25
IBKC,$59.15,1441221688452,"34,606",100% bullish,of 1 rating,$70
ICLR,$75.96,1441221688481,"170,256",100% bearish,of 3 ratings,$85
IEP,$68.81,1441221688510,"36,648",75% bullish,of 4 ratings,$99
ICON,$13.05,1441221688531,"299,362",50% bullish,of 2 ratings,$28
IPWR,$7.46,1441221688663,"7,298",100% bullish,of 1 rating,$15
INVE,$4.5,1441221688694,"24,380",75% bullish,of 4 ratings,$4
ICUI,$110.62,1441221688720,"78,799",Not yet rated,NULL,$122
IDRA,$2.845,1441221688854,"265,689",89% bullish,of 9 ratings,$6.50
IDXX,$72.09,1441221688883,"197,792",100% bearish,of 1 rating,$76
DSKY,$10.9,1441221688987,"32,815",67% bullish,of 6 ratings,$11.50
IROQ,$16.83,1441221689018,100,100% bullish,of 1 rating,N/A
IKAN,$2.74,1441221689118,"16,483",83% bullish,of 6 ratings,$5
RXDX,$14.27,1441221689147,"59,324",100% bullish,of 1 rating,$20
IIVI,$16.505,1441221689172,"97,400",100% bearish,of 1 rating,$22
IRG,$4.96,1441221689204,"8,416",100% bearish,of 1 rating,$4.25
KANG,$15.51,1441221689225,"244,975",50% bullish,of 2 ratings,$23.10
IKNX,NULL,1441221689308,0,100% bearish,of 1 rating,N/A
ILMN,$195.9979,1441221689454,"222,838",80% bullish,of 5 ratings,$245
ISNS,$4.125,1441221689482,"6,394",50% bullish,of 2 ratings,N/A
IMMR,$11.6101,1441221689503,"113,201",80% bullish,of 5 ratings,$15.50
IMNP,$1.2199,1441221689631,"36,265",50% bullish,of 2 ratings,$6
IMDZ,$16.54,1441221689694,"25,933",100% bearish,of 1 rating,$33
ICCC,$6.5972,1441221689728,"22,555",100% bullish,of 1 rating,N/A
IMMU,$2.15,1441221689834,"261,547",86% bullish,of 7 ratings,$2
IMMY,$7.73,1441221689864,"1,203",100% bearish,of 1 rating,$11
IMGN,$13.26,1441221689896,"284,338",75% bullish,of 4 ratings,$17.50
IPXL,$40.75,1441221689922,"139,498",67% bullish,of 3 ratings,$46.50
SAAS,$7.14,1441221689969,"300,421",50% bullish,of 2 ratings,$15
INCR,$42.43,1441221689998,"205,952",50% bullish,of 2 ratings,$53
INDB,$44.0999,1441221690137,"37,149",Not yet rated,NULL,$44
INCY,$119.81,1441221690198,"802,103",50% bullish,of 6 ratings,$125.50
IBCP,$14.02,1441221690234,"41,994",100% bullish,of 1 rating,$14.50
IDSA,NULL,1441221690334,0,Not yet rated,NULL,N/A
IBTX,$39.87,1441221690360,"7,156",100% bullish,of 2 ratings,$47.25
INFN,$21.88,1441221690386,"341,117",71% bullish,of 7 ratings,$28
INFI,$8.93,1441221690438,"134,280",50% bullish,of 4 ratings,$16.50
IPCC,$75.76,1441221690571,"11,149",Not yet rated,NULL,$77.50
III,$3.75,1441221690602,"63,236",57% bullish,of 7 ratings,$6
IFON,$1.3,1441221690697,"11,324",75% bullish,of 4 ratings,N/A
IMKTA,$49.73,1441221690750,"32,241",100% bearish,of 1 rating,N/A
INNL,NULL,1441221690799,0,100% bearish,of 1 rating,$16.50
INWK,$7.0199,1441221690831,"50,556",50% bullish,of 2 ratings,$10
INOD,$2.35,1441221690893,"1,837",100% bearish,of 1 rating,N/A
IPHS,$46.52,1441221690926,"29,204",100% bearish,of 1 rating,$60
IOSP,$49.5799,1441221690952,"156,219",100% bearish,of 1 rating,N/A
ITEK,$13.45,1441221691093,"482,643",100% bearish,of 3 ratings,$20
INGN,$50.07,1441221691138,"65,483",100% bearish,of 1 rating,$50.50
ISSC,$2.82,1441221691193,"16,600",67% bearish,of 3 ratings,N/A
INO,$7.1,1441221691265,"395,318",89% bullish,of 18 ratings,$20
INOV,$21.752,1441221691290,"202,031",100% bearish,of 1 rating,$33
ISIG,$2.7,1441221691354,"5,450",100% bearish,of 1 rating,N/A
NSIT,$24.83,1441221691385,"84,680",50% bullish,of 2 ratings,N/A
IIIN,$17.48,1441221691460,"13,199",100% bearish,of 2 ratings,N/A
INSM,$24.58,1441221691488,"105,676",71% bullish,of 7 ratings,$31.50
PODD,$28.62,1441221691619,"87,883",67% bearish,of 3 ratings,$35
INSY,$33.805,1441221691650,"212,907",75% bullish,of 4 ratings,$48
IART,$60.11,1441221691671,"136,498",100% bearish,of 2 ratings,$71.50
NTEC,$5.66,1441221691705,"4,620",100% bearish,of 1 rating,N/A
IDTI,$18.78,1441221691751,"679,605",60% bullish,of 5 ratings,$25
IESC,$7.21,1441221691803,"1,605",100% bearish,of 1 rating,N/A
ISSI,$22,1441221691903,"69,603",67% bullish,of 3 ratings,$19.75
IQNT,$18.57,1441221692056,"85,244",86% bullish,of 7 ratings,$20
INTC,$28.3038,1441221692081,"14,054,191",82% bullish,of 238 ratings,$36
IBKR,$37.485,1441221692106,"452,722",100% bullish,of 1 rating,N/A
IPAR,$24.92,1441221692134,"17,397",67% bullish,of 3 ratings,$38
IPCI,$2.3058,1441221692163,"23,858",67% bullish,of 6 ratings,$8
ININ,$34.58,1441221692264,"34,899",67% bearish,of 3 ratings,$57
ICPT,$187.45,1441221692338,"77,341",70% bullish,of 10 ratings,$359.50
ICLD,$1.88,1441221692363,"86,774",75% bullish,of 4 ratings,N/A
TILE,$24.03,1441221692495,"209,862",100% bearish,of 3 ratings,$27
ICLDW,$1.17,1441221692520,200,100% bearish,of 1 rating,N/A
IMI,$2.02,1441221692550,"5,444",67% bullish,of 3 ratings,$2.22
IDCC,$48.52,1441221692571,"62,486",80% bullish,of 5 ratings,$63
INAP,$9.04,1441221692651,"252,897",75% bullish,of 4 ratings,$11
IBOC,$24.79,1441221692741,"33,436",100% bearish,of 1 rating,N/A
ISCA,$32.1956,1441221692776,"23,888",100% bearish,of 1 rating,N/A
IIJI,$9.14,1441221692811,100,50% bullish,of 2 ratings,$11.50
IGLD,$7.35,1441221692876,520,50% bullish,of 2 ratings,N/A
XENT,$25.74,1441221692947,"42,070",50% bullish,of 2 ratings,$36.50
INPH,NULL,1441221692980,0,50% bullish,of 2 ratings,N/A
INTX,$2.1,1441221693076,"32,376",67% bullish,of 3 ratings,N/A
PTNT,$3.02,1441221693101,200,Not yet rated,NULL,N/A
ISIL,$10.42,1441221693172,"334,973",50% bullish,of 6 ratings,$15
IVAC,$4.6099,1441221693199,"15,684",100% bearish,of 1 rating,$6.625
IILG,$19.495,1441221693271,"19,384",100% bearish,of 1 rating,$29
INTLL,$25.6138,1441221693330,"6,000",Not yet rated,NULL,N/A
ITCI,$26.95,1441221693400,"619,645",75% bearish,of 4 ratings,$40
IIN,$6.6,1441221693459,"1,500",100% bearish,of 1 rating,$12
INTL,$25.3,1441221693491,"51,025",67% bearish,of 3 ratings,N/A
INVT,$0.3139,1441221693560,"131,700",67% bullish,of 3 ratings,N/A
INTU,$85.35,1441221693590,"811,767",86% bullish,of 7 ratings,$107.50
SNAK,$8.34,1441221693616,"28,164",50% bullish,of 2 ratings,$14
ISRG,$506.64,1441221693691,"78,552",67% bullish,of 3 ratings,$600
ISTR,$15.6,1441221693821,849,100% bearish,of 1 rating,$18.50
ITIC,$71.12,1441221693877,400,100% bearish,of 2 ratings,N/A
ISBC,$11.52,1441221693897,"1,380,404",100% bullish,of 1 rating,$13.25
NVIV,$9.37,1441221693950,"64,036",50% bullish,of 4 ratings,$24.50
IPAS,$1.0301,1441221693977,"223,803",67% bullish,of 3 ratings,N/A
IVTY,$13.74,1441221694037,"6,782",Not yet rated,NULL,$18
DTUL,NULL,1441221694062,0,Not yet rated,NULL,N/A
DFVL,NULL,1441221694138,0,Not yet rated,NULL,N/A
IPGP,$83.06,1441221694221,"164,678",67% bearish,of 3 ratings,$109.50
IPCM,$79.4001,1441221694248,"162,029",50% bullish,of 2 ratings,$80.125
IRIX,$6.81,1441221694376,"6,149",100% bearish,of 1 rating,N/A
IRMD,$23.3,1441221694403,"12,706",67% bearish,of 3 ratings,$25
IRDM,$6.9,1441221694434,"1,241,825",60% bullish,of 5 ratings,$11.50
IRDMB,$267.5,1441221694537,"10,873",67% bearish,of 3 ratings,N/A
IRBT,$29.31,1441221694561,"85,719",67% bullish,of 6 ratings,$37
IRWD,$10.95,1441221694614,"566,752",100% bearish,of 1 rating,$13
IRCP,NULL,1441221694697,0,100% bullish,of 2 ratings,N/A
COMT,$33.0597,1441221694743,"4,841",100% bearish,of 1 rating,N/A
IFAS,NULL,1441221694767,0,NULL,NULL,NULL
GNMA,$50.2,1441221694793,"1,086",Not yet rated,NULL,N/A
FCHI,NULL,1441221694816,0,NULL,NULL,NULL
IFGL,$27.87,1441221694920,"28,426",Not yet rated,NULL,N/A
IFEU,$37.6152,1441221694947,"8,089",Not yet rated,NULL,N/A
IFNA,NULL,1441221695101,0,NULL,NULL,NULL
ACWX,$39.78,1441221695130,"489,073",100% bearish,of 1 rating,N/A
ACWI,$54.64,1441221695161,"3,157,906",Not yet rated,NULL,N/A
AAIT,NULL,1441221695198,0,NULL,NULL,NULL
AAXJ,$52.05,1441221695228,"750,780",Not yet rated,NULL,N/A
AXJS,NULL,1441221695253,0,NULL,NULL,NULL
EMDI,NULL,1441221695326,0,NULL,NULL,NULL
EEMA,$49.09,1441221695405,"32,396",Not yet rated,NULL,N/A
EMEY,NULL,1441221695433,0,NULL,NULL,NULL
EGRW,NULL,1441221695451,0,NULL,NULL,NULL
EEME,NULL,1441221695469,0,NULL,NULL,NULL
EVAL,NULL,1441221695536,0,NULL,NULL,NULL
EEML,$26.6707,1441221695598,250,Not yet rated,NULL,N/A
EUFN,$21.37,1441221695693,"59,561",100% bearish,of 1 rating,N/A
IEUS,$44.54,1441221695838,"4,406",100% bearish,of 1 rating,N/A
UAE,$17.52,1441221695909,"9,579",Not yet rated,NULL,N/A
QAT,$21.33,1441221695939,4,Not yet rated,NULL,N/A
IBB,$340.685,1441221696042,"401,932",63% bullish,of 8 ratings,N/A
EMIF,$27.776,1441221696245,"3,879",Not yet rated,NULL,N/A
ICLN,$9.21,1441221696293,"20,550",50% bullish,of 2 ratings,N/A
WOOD,$47.0294,1441221696324,"23,369",50% bullish,of 2 ratings,N/A
SOXX,$81.23,1441221696353,"242,057",50% bullish,of 2 ratings,N/A
ISHG,$79.81,1441221696373,"13,324",100% bearish,of 1 rating,N/A
INDY,$26.645,1441221696394,"46,651",50% bullish,of 2 ratings,N/A
ISLE,$18.71,1441221696434,"733,460",50% bullish,of 4 ratings,$16
IGOV,$91.0099,1441221696455,"49,949",100% bearish,of 1 rating,N/A
ISIS,$51.11,1441221696586,"566,568",53% bullish,of 15 ratings,$67
ITRI,$29.22,1441221696679,"94,796",100% bearish,of 1 rating,$37
ISRL,$126.18,1441221696811,2,100% bearish,of 1 rating,N/A
ITRN,$23.81,1441221696860,"1,507",50% bullish,of 2 ratings,N/A
XXIA,$15.17,1441221696943,"115,484",71% bullish,of 7 ratings,$14.625
IXYS,$11.17,1441221696991,"90,425",50% bullish,of 4 ratings,N/A
MAYS,$57,1441221697019,300,Not yet rated,NULL,N/A
ITUS,$4.0799,1441221697040,"3,800",Not yet rated,NULL,N/A
JCOM,$66.69,1441221697061,"118,431",100% bullish,of 2 ratings,$77
JASO,$7.889,1441221697082,"408,773",82% bullish,of 17 ratings,$10
JJSF,$112.61,1441221697219,"19,836",100% bearish,of 1 rating,N/A
JBHT,$73.3025,1441221697252,"520,886",50% bullish,of 4 ratings,$89.50
JKHY,$66.2901,1441221697283,"209,103",67% bearish,of 3 ratings,$72
JAXB,NULL,1441221697352,0,100% bullish,of 1 rating,N/A
JACK,$77.47,1441221697379,"193,903",71% bullish,of 7 ratings,$105
JXSB,NULL,1441221697410,0,Not yet rated,NULL,N/A
JAKK,$9.53,1441221697589,"156,628",60% bearish,of 5 ratings,$11
JRVR,$27.24,1441221697657,"30,405",Not yet rated,NULL,$32
JMBA,$14.36,1441221697696,"83,210",75% bullish,of 4 ratings,$18
JAGX,$3.3999,1441221697717,"5,004",Not yet rated,NULL,$10.50
ERW,NULL,1441221697792,0,Not yet rated,NULL,N/A
JASN,$4.9,1441221697828,"7,753",50% bullish,of 2 ratings,$9.50
JASNW,NULL,1441221697848,0,50% bullish,of 2 ratings,N/A
JAZZ,$165.74,1441221697877,"78,395",80% bullish,of 15 ratings,$206.50
JD,$24.47,1441221697924,"3,034,978",75% bullish,of 16 ratings,$36
JBLU,$23.38,1441221698072,"3,794,732",94% bullish,of 18 ratings,$27
JCTCF,$9.65,1441221698179,100,100% bullish,of 1 rating,N/A
JST,$3.79,1441221698230,"3,770",75% bullish,of 4 ratings,N/A
JTPY,NULL,1441221698255,0,100% bearish,of 1 rating,N/A
DATE,$6.3,1441221698312,"47,730",75% bullish,of 4 ratings,$9
JIVE,$4.6199,1441221698337,"110,351",75% bullish,of 4 ratings,$5
WYIGU,NULL,1441221698390,0,100% bearish,of 1 rating,N/A
JOEZ,$0.17,1441221698542,"139,947",92% bullish,of 12 ratings,N/A
JBSS,$49.665,1441221698567,"14,416",67% bearish,of 3 ratings,N/A
JNP,$11.6,1441221698646,"64,511",100% bullish,of 3 ratings,$15
JUNO,$35.492,1441221698700,"439,572",73% bullish,of 11 ratings,$71.50
JOUT,$24.0575,1441221698732,"8,216",100% bearish,of 1 rating,$34
KBIO,$2.06,1441221698758,"14,648",50% bullish,of 4 ratings,N/A
KALU,$81.31,1441221698785,"74,941",67% bearish,of 3 ratings,$91
KTWO,$20.9442,1441221698829,"38,940",100% bearish,of 1 rating,$28.50
KMDA,$3.5,1441221698984,"2,700",50% bullish,of 2 ratings,$8
KNDI,$6.2901,1441221699093,"143,120",86% bullish,of 22 ratings,N/A
KPTI,$14.43,1441221699119,"164,152",67% bearish,of 3 ratings,$39
KCLI,$46.5188,1441221699177,"9,525",Not yet rated,NULL,N/A
KBSF,NULL,1441221699247,0,100% bullish,of 1 rating,N/A
