Symbol,Price,Date,Volume,Rating,RatingVoteCount,OneYearEstimate
TFSC,$9.73,1440094802044,400,100% bearish,of 1 rating,N/A
PIH,$7.49,1440094802095,"3,740",100% bearish,of 1 rating,N/A
TFSCU,NULL,1440094802177,0,Not yet rated,NULL,N/A
TFSCW,NULL,1440094802210,0,100% bearish,of 1 rating,N/A
FLWS,$9.56,1440094802235,"118,026",100% bullish,of 5 ratings,$15
FCCY,$11.45,1440094802280,902,100% bullish,of 1 rating,$13
FCTY,NULL,1440094802305,0,100% bullish,of 1 rating,$8.50
TFSCR,NULL,1440094802330,0,Not yet rated,NULL,N/A
SRCE,$30.165,1440094802504,"5,954",100% bullish,of 3 ratings,$33
JOBS,$25.75,1440094802705,"102,070",50% bullish,of 4 ratings,$36
VNET,$20.07,1440094802747,"244,632",60% bullish,of 5 ratings,$29.50
DGLD,$77.4,1440094802773,"7,703",100% bullish,of 1 rating,N/A
USLV,$15.283,1440094802804,"264,585",86% bullish,of 7 ratings,N/A
TWOU,$34.85,1440094802833,"161,292",50% bullish,of 2 ratings,$39
UGLD,$9.736,1440094802863,"185,955",100% bearish,of 1 rating,N/A
DSLV,$58.4978,1440094802884,"9,067",100% bearish,of 1 rating,N/A
SIXD,$2.03,1440094803187,"53,487",Not yet rated,NULL,N/A
EGHT,$8.29,1440094803240,"128,152",82% bullish,of 17 ratings,$11
CAFD,$15.6294,1440094803269,"77,282",Not yet rated,NULL,$25
ABY,$20.8494,1440094803335,"94,882",100% bearish,of 2 ratings,$46
AVHI,$13.9,1440094803370,"14,232",100% bearish,of 1 rating,$19
AAON,$22.5196,1440094803507,"27,574",100% bearish,of 1 rating,$24
SHLM,$35.45,1440094803563,"42,544",100% bearish,of 1 rating,$50
ABAX,$47.63,1440094803641,"82,532",100% bearish,of 1 rating,$60
ABEO,$5,1440094803697,"105,305",67% bullish,of 3 ratings,$15.50
ABGB,$3.97,1440094803722,"65,317",67% bullish,of 3 ratings,$5.50
ABMD,$102.735,1440094803874,"179,758",75% bullish,of 4 ratings,$100.50
ABEOW,$1.71,1440094803931,"1,450",100% bullish,of 1 rating,N/A
ACHC,$76.8979,1440094803975,"318,279",50% bullish,of 2 ratings,$92
ACTG,$8.74,1440094804003,"99,980",67% bullish,of 3 ratings,$18.50
AXAS,$1.65,1440094804030,"231,273",78% bullish,of 9 ratings,$3.50
ACAD,$37.0183,1440094804169,"458,436",80% bullish,of 20 ratings,$48
ACST,$0.3602,1440094804403,"30,900",100% bullish,of 2 ratings,N/A
ARAY,$5.7,1440094804435,"692,567",100% bearish,of 1 rating,$10.50
ANCX,$18.92,1440094804469,"15,697",Not yet rated,NULL,$19
VXDN,$13.7,1440094804497,"3,515",Not yet rated,NULL,N/A
XLRN,$29.31,1440094804541,"38,034",50% bullish,of 2 ratings,$57
AXDX,$18.48,1440094804575,"78,748",100% bearish,of 1 rating,N/A
ACRX,$4.26,1440094804671,"135,839",67% bearish,of 6 ratings,$5.50
VXUP,$17.9,1440094804702,"16,570",Not yet rated,NULL,N/A
ACET,$25.005,1440094804803,"43,222",75% bullish,of 4 ratings,$30
ACHN,$8.05,1440094804935,"642,579",90% bullish,of 21 ratings,$16
AKAO,$7.07,1440094804960,"47,129",75% bullish,of 4 ratings,$15
ACIW,$22.32,1440094804989,"124,872",50% bullish,of 2 ratings,$24
ACNB,$20.15,1440094805138,472,Not yet rated,NULL,N/A
ACTS,$1.35,1440094805266,"32,685",100% bearish,of 1 rating,N/A
ACPW,$1.85,1440094805307,"8,035",100% bullish,of 4 ratings,$3.50
ACOR,$29.4279,1440094805372,"122,724",67% bearish,of 3 ratings,$38.50
ACUR,$0.61,1440094805404,638,100% bullish,of 5 ratings,$1
ATVI,$28.14,1440094805426,"2,317,481",68% bullish,of 84 ratings,$31.50
ACTA,$13.36,1440094805469,"62,842",67% bearish,of 3 ratings,$25
ACXM,$20.43,1440094805502,"109,373",67% bullish,of 3 ratings,N/A
ADMS,$20,1440094805576,"40,364",100% bearish,of 2 ratings,$36
ADMP,$3.5699,1440094805781,"4,337",50% bullish,of 2 ratings,$10
ADAP,$15.13,1440094805917,"29,613",67% bullish,of 3 ratings,$22
ADUS,$29.41,1440094806054,"45,556",100% bearish,of 1 rating,$31
ADEP,$7.1,1440094806082,"13,777",50% bullish,of 2 ratings,$10.75
ADBE,$83.32,1440094806109,"704,597",65% bullish,of 17 ratings,$90
ADMA,$9.35,1440094806159,"2,221",Not yet rated,NULL,$19
AEY,$2.3858,1440094806325,"3,624",100% bearish,of 2 ratings,N/A
ADRO,$20.4,1440094806351,"84,529",80% bullish,of 5 ratings,$45.50
ADTN,$15.68,1440094806381,"162,093",67% bullish,of 3 ratings,$17.125
AEIS,$25.44,1440094806408,"89,154",50% bullish,of 2 ratings,$32.50
ADXSW,$9.97,1440094806579,"2,792",100% bullish,of 1 rating,N/A
MULT,NULL,1440094806710,0,100% bearish,of 1 rating,N/A
AMD,$1.7,1440094806757,"5,598,311",83% bullish,of 102 ratings,$2
ADXS,$14.3,1440094806790,"431,892",64% bullish,of 14 ratings,$27
YPRO,$23.2299,1440094806890,"1,502",100% bearish,of 1 rating,N/A
AEGR,$18.09,1440094806960,"150,009",50% bullish,of 6 ratings,$26
AEGN,$18.6,1440094807203,"83,032",100% bearish,of 1 rating,$21
AERI,$15.83,1440094807235,"184,351",75% bullish,of 4 ratings,$31.50
AEZS,$0.1069,1440094807266,"4,975,289",90% bullish,of 21 ratings,$1.50
AVAV,$24.72,1440094807302,"68,728",50% bullish,of 4 ratings,$31
AEHR,$2.135,1440094807370,"2,194",50% bullish,of 2 ratings,N/A
AEPI,$57.4,1440094807405,"3,836",100% bearish,of 1 rating,N/A
AMTX,$3.52,1440094807427,"10,899",50% bullish,of 2 ratings,$26.11
AEMD,$6.5801,1440094807562,"19,618",Not yet rated,NULL,$27.50
AFMD,$10.4,1440094807638,"118,235",50% bullish,of 4 ratings,$15
AGEN,$7.34,1440094807772,"285,727",85% bullish,of 13 ratings,$14
AFFX,$9.422,1440094807903,"103,609",80% bullish,of 5 ratings,$12
AGFS,$9.54,1440094808013,"134,822",100% bearish,of 1 rating,N/A
AGIO,$86.11,1440094808046,"205,630",88% bullish,of 8 ratings,$114
AGYS,$9.5,1440094808073,"12,654",100% bearish,of 1 rating,N/A
AGFSW,$1.75,1440094808105,"12,145",100% bearish,of 2 ratings,N/A
AGRX,$8.25,1440094808137,"21,732",100% bearish,of 1 rating,$17.50
AIRT,$22.5,1440094808205,"2,119",100% bullish,of 1 rating,N/A
AIRM,$37.63,1440094808233,"82,136",80% bearish,of 5 ratings,$53
AIMT,$22,1440094808374,"99,912",Not yet rated,NULL,N/A
AMCN,$4.94,1440094808469,"316,799",83% bullish,of 6 ratings,N/A
AKAM,$70.5,1440094808608,"736,522",63% bullish,of 8 ratings,$77
AIXG,$6.06,1440094808635,"5,978",67% bearish,of 3 ratings,$6
ATSG,$9.3001,1440094808665,"42,273",67% bullish,of 3 ratings,$13
AKBA,$6.415,1440094808764,"162,989",100% bearish,of 1 rating,$18
AKER,$2.8001,1440094808832,"4,727",Not yet rated,NULL,N/A
AKRX,$42.05,1440094808931,"288,786",78% bullish,of 9 ratings,$56
AMRI,$19.8,1440094809062,"108,695",75% bearish,of 4 ratings,$24
ALSK,$2.14,1440094809092,"37,150",78% bullish,of 18 ratings,$2
ALRM,$16.84,1440094809189,"119,748",100% bearish,of 1 rating,$22
ADHD,$8.665,1440094809241,"105,685",50% bullish,of 4 ratings,$18
ABDC,$12.878,1440094809270,"6,686",Not yet rated,NULL,$15
ALDX,$7.72,1440094809292,"8,470",100% bearish,of 1 rating,$14.50
ALDR,$37.29,1440094809321,"162,023",67% bearish,of 3 ratings,$62
ALXN,$181.26,1440094809458,"364,826",88% bullish,of 8 ratings,$223
ALXA,$1.13,1440094809664,"10,120",83% bullish,of 6 ratings,$2.125
ALGN,$58.596,1440094809820,"193,674",100% bearish,of 2 ratings,$73
ALCO,$42.87,1440094809847,"2,420",50% bullish,of 2 ratings,N/A
ALIM,$3.4,1440094809897,"28,259",80% bullish,of 5 ratings,$10
ALGT,$219.68,1440094809998,"52,997",100% bearish,of 1 rating,$235
ALKS,$63.99,1440094810025,"246,746",67% bullish,of 3 ratings,$75
AHGP,$37.19,1440094810156,"28,506",67% bullish,of 3 ratings,N/A
ALLB,$23.59,1440094810185,200,Not yet rated,NULL,N/A
AFOP,$17.91,1440094810213,"88,361",75% bullish,of 8 ratings,$21
AIQ,$14.71,1440094810351,"5,625",67% bullish,of 3 ratings,N/A
ARLP,$24.873,1440094810456,"89,764",67% bearish,of 3 ratings,$32
AHPI,$1.44,1440094810515,"1,018",50% bullish,of 2 ratings,N/A
AMOT,$16.4,1440094810541,"29,461",100% bearish,of 1 rating,N/A
ALQA,$4.4899,1440094810590,"17,697",75% bullish,of 4 ratings,$8.50
ALLT,$5.05,1440094810616,"31,328",75% bullish,of 4 ratings,$6.25
MDRX,$13.86,1440094810847,"705,615",60% bullish,of 5 ratings,$16
AFAM,$47.15,1440094810947,"41,756",50% bullish,of 2 ratings,$44
ALNY,$104.6601,1440094811051,"327,034",67% bullish,of 3 ratings,$148.50
AOSL,$7.2,1440094811077,"28,581",67% bullish,of 3 ratings,$9
SMCP,NULL,1440094811141,0,Not yet rated,NULL,N/A
ATEC,$0.5998,1440094811211,"29,425",100% bullish,of 1 rating,$2
ASPS,$29.4,1440094811262,"37,465",67% bullish,of 3 ratings,$46.50
ALTR,$48.81,1440094811288,"744,039",80% bearish,of 5 ratings,$54
AMRN,$2.0399,1440094811627,"1,205,385",85% bullish,of 39 ratings,$8
AYA,$21.93,1440094811663,"19,341",100% bearish,of 1 rating,$40
AIMC,$25.745,1440094811719,"13,041",100% bearish,of 1 rating,$28.50
AMAG,$62.725,1440094811757,"97,953",100% bullish,of 2 ratings,$77.50
AMRK,NULL,1440094811796,0,50% bullish,of 2 ratings,$14
AMBC,$15.85,1440094811982,"89,221",100% bearish,of 1 rating,$16.50
AMBCW,$7.4,1440094812007,"2,510",100% bearish,of 1 rating,N/A
AMZN,$517.29,1440094812038,"1,555,350",81% bullish,of 263 ratings,$646
AMBA,$98.99,1440094812171,"1,162,861",83% bullish,of 12 ratings,$102.50
EPAX,$2.6785,1440094812196,"29,534",100% bearish,of 1 rating,N/A
AMCX,$70.17,1440094812373,"445,818",67% bullish,of 3 ratings,$85.50
AMDA,$0.4822,1440094812407,"834,752",90% bullish,of 10 ratings,$1
DOX,$59.2,1440094812436,"95,691",100% bullish,of 2 ratings,$60
AMED,$41.135,1440094812602,"185,172",100% bearish,of 1 rating,$42
UHAL,$373.315,1440094812650,"6,085",100% bullish,of 2 ratings,$393.50
ASBI,$22.65,1440094812676,600,Not yet rated,NULL,N/A
AGNC,$20.01,1440094812806,"2,132,760",75% bullish,of 28 ratings,$22
AMOV,$18.2486,1440094812834,"5,926",100% bearish,of 1 rating,N/A
AAL,$42.07,1440094812970,"3,287,112",93% bullish,of 87 ratings,$57
AGNCB,$24.2,1440094813001,"15,600",Not yet rated,NULL,N/A
ATAX,$5.31,1440094813029,"56,640",100% bullish,of 1 rating,$6.50
MTGE,$16.0001,1440094813161,"92,394",75% bullish,of 4 ratings,$19.50
MTGEP,NULL,1440094813215,0,Not yet rated,NULL,N/A
AGNCP,$25.394,1440094813241,"1,672",Not yet rated,NULL,N/A
ACSF,$12.6616,1440094813395,"7,112",100% bearish,of 1 rating,$15
ACAS,$14.15,1440094813422,"621,086",60% bullish,of 5 ratings,$16.75
ANCI,$1.58,1440094813745,"2,500",100% bearish,of 1 rating,N/A
AETI,NULL,1440094813896,0,67% bearish,of 3 ratings,N/A
AMIC,NULL,1440094813945,0,Not yet rated,NULL,N/A
ANAT,$102.7,1440094813971,"5,155",100% bullish,of 1 rating,N/A
APEI,$21.67,1440094814000,"27,127",100% bearish,of 1 rating,$25.50
ARII,$38.88,1440094814021,"95,461",67% bearish,of 3 ratings,$45
AMNB,$22.945,1440094814051,"4,274",Not yet rated,NULL,$25.50
AMRB,$10,1440094814198,"1,217",Not yet rated,NULL,$11
AMSWA,$9.13,1440094814342,"6,028",100% bearish,of 2 ratings,$10.75
AMWD,$60,1440094814482,"117,971",50% bullish,of 2 ratings,$58
ASEI,$39.74,1440094814508,"43,068",100% bearish,of 1 rating,$52.50
CRMT,$42.575,1440094814557,"15,290",100% bearish,of 1 rating,$49
ABCB,$27.795,1440094814641,"22,712",Not yet rated,NULL,$31
AMSC,$3.71,1440094814772,"19,591",50% bullish,of 4 ratings,N/A
ASRV,$3.28,1440094814870,"1,625",100% bullish,of 2 ratings,N/A
AMSF,$50.49,1440094814904,"29,706",Not yet rated,NULL,$57.50
ASRVP,NULL,1440094815002,0,Not yet rated,NULL,N/A
ATLO,$23.55,1440094815029,"2,359",Not yet rated,NULL,N/A
FOLD,$15.465,1440094815065,"344,186",56% bullish,of 9 ratings,$21
AMGN,$162.96,1440094815159,"960,475",89% bullish,of 19 ratings,$185
AMKR,$4.2665,1440094815193,"455,324",100% bearish,of 2 ratings,$5
AMPH,$14.215,1440094815378,"97,701",50% bullish,of 2 ratings,$20
AMSGP,NULL,1440094815554,0,Not yet rated,NULL,N/A
AMSG,$82.3,1440094815617,"120,049",100% bearish,of 1 rating,$85.50
ASYS,$5.42,1440094815687,"31,835",67% bullish,of 3 ratings,$12
AFSI,$63.65,1440094815758,"226,100",60% bullish,of 5 ratings,$72
ANAD,$0.3785,1440094815819,"135,401",100% bullish,of 2 ratings,$.50
AMRS,$1.65,1440094815846,"39,805",70% bullish,of 10 ratings,N/A
ANAC,$132.47,1440094815868,"218,773",80% bullish,of 5 ratings,$180.50
ABCW,$39.99,1440094816046,"7,707",67% bullish,of 3 ratings,N/A
ADI,$55.14,1440094816076,"1,876,511",67% bullish,of 3 ratings,$69
ANCB,NULL,1440094816211,0,Not yet rated,NULL,$23
AMCF,$0.2997,1440094816233,"1,484",100% bullish,of 7 ratings,N/A
ALOG,$83.785,1440094816267,"27,601",100% bearish,of 2 ratings,$100.50
ANGI,$4.3501,1440094816314,"246,594",64% bullish,of 11 ratings,$5.50
ANGO,$14.71,1440094816374,"16,726",67% bullish,of 3 ratings,$19
ANIP,$51.989,1440094816477,"113,410",89% bullish,of 19 ratings,$66
ANIK,$34.95,1440094816899,"39,454",60% bullish,of 5 ratings,$51.25
ANSS,$93.92,1440094816946,"146,988",100% bearish,of 1 rating,$100
ATRS,$1.81,1440094816975,"176,214",92% bullish,of 12 ratings,$4.50
ANTH,$8.25,1440094817111,"465,325",80% bullish,of 10 ratings,$13
ABAC,$0.7708,1440094817141,"7,310",100% bearish,of 1 rating,N/A
ATNY,$2.35,1440094817192,"1,100",50% bullish,of 2 ratings,$3.75
APOL,$11.19,1440094817246,"494,041",87% bearish,of 68 ratings,$14
APOG,$52.06,1440094817321,"56,420",100% bullish,of 1 rating,$62
APIC,$6.995,1440094817378,"153,656",100% bearish,of 1 rating,$19
AAPL,$112.97,1440094817522,"27,154,777",86% bullish,of 2335 ratings,$150
AINV,$6.545,1440094817551,"785,564",50% bullish,of 4 ratings,$8
ARCI,$1.25,1440094817598,200,Not yet rated,NULL,N/A
APPF,$16.83,1440094817691,"18,330",50% bullish,of 2 ratings,$22
APDNW,$1.21,1440094817761,"3,945",Not yet rated,NULL,N/A
AGTC,$15.16,1440094817843,"87,239",50% bullish,of 2 ratings,$33
APDN,$3.23,1440094817942,"30,789",Not yet rated,NULL,$9
AMAT,$16.075,1440094817994,"4,097,362",82% bullish,of 11 ratings,$23
AMCC,$5.34,1440094818099,"165,666",80% bullish,of 5 ratings,$8
AAOI,$20.8,1440094818228,"152,645",50% bullish,of 4 ratings,$26
AREX,$2.36,1440094818255,"261,583",100% bearish,of 1 rating,$3
APRI,$1.3499,1440094818411,"353,236",83% bullish,of 6 ratings,$4.86
AQMS,$5.09,1440094818471,"7,682",Not yet rated,NULL,N/A
APTO,$4.9,1440094818497,"5,700",Not yet rated,NULL,$17
AUMAU,NULL,1440094818627,0,Not yet rated,NULL,N/A
AQXP,$15.8237,1440094818656,"300,605",50% bullish,of 2 ratings,$2
AUMAW,NULL,1440094818758,0,Not yet rated,NULL,N/A
ARDM,$7.01,1440094819060,"4,754",100% bullish,of 1 rating,$26
AUMA,NULL,1440094819193,0,Not yet rated,NULL,N/A
ABUS,$7.5,1440094819252,"206,344",86% bullish,of 14 ratings,$23
ARCW,$3.63,1440094819333,"2,920",100% bearish,of 2 ratings,$10.50
PETX,$17,1440094819381,"137,558",100% bearish,of 2 ratings,$26
ARCB,$30.98,1440094819555,"84,896",50% bullish,of 2 ratings,$39.50
RKDA,$5.74,1440094819581,"4,168",100% bearish,of 2 ratings,$10
ABIO,$0.8892,1440094819607,"66,085",50% bullish,of 2 ratings,$3.75
ACGL,$72.56,1440094819913,"87,382",50% bullish,of 2 ratings,$72
ARCC,$15.825,1440094819971,"361,796",67% bearish,of 3 ratings,$17.875
ARDX,$17.56,1440094820003,"42,239",50% bullish,of 2 ratings,$24.50
ARNA,$2.875,1440094820025,"1,043,850",90% bullish,of 77 ratings,$5.50
ACAT,$28.03,1440094820067,"56,768",100% bearish,of 3 ratings,$33
AGII,$58.5,1440094820092,"65,123",Not yet rated,NULL,$59.50
AGIIL,$25.45,1440094820127,"2,817",Not yet rated,NULL,N/A
ARGS,$5.705,1440094820158,"83,774",50% bullish,of 2 ratings,$19.50
ARIS,$3.28,1440094820508,"2,825",Not yet rated,NULL,$4.50
ARMH,$41.69,1440094820706,"753,170",54% bearish,of 13 ratings,$61
ARKR,NULL,1440094820803,0,50% bullish,of 2 ratings,N/A
ARIA,$6.875,1440094820832,"1,064,419",87% bullish,of 46 ratings,$9
ARWA,NULL,1440094820907,0,Not yet rated,NULL,N/A
ARTX,$1.5199,1440094820966,"114,053",88% bullish,of 16 ratings,$4.50
ARWAR,NULL,1440094820991,0,Not yet rated,NULL,N/A
ARWAU,NULL,1440094821050,0,100% bullish,of 1 rating,N/A
ARWAW,NULL,1440094821208,0,Not yet rated,NULL,N/A
ARRS,$27.3301,1440094821250,"352,918",50% bullish,of 2 ratings,$38
DWAT,$10.2556,1440094821344,800,100% bearish,of 1 rating,N/A
ARRY,$5.415,1440094821402,"370,120",100% bullish,of 7 ratings,$10
ARQL,$1.66,1440094821428,"97,248",75% bullish,of 4 ratings,$5
AROW,$27.15,1440094821486,"6,203",Not yet rated,NULL,N/A
ARTNA,$22.45,1440094821616,"16,870",100% bearish,of 1 rating,$29
ARWR,$5.58,1440094821641,"375,034",75% bullish,of 4 ratings,$10.50
ARTW,$4.5099,1440094821819,300,75% bearish,of 4 ratings,N/A
ASBB,$23.72,1440094821953,305,Not yet rated,NULL,N/A
ASND,$17.7,1440094821992,"18,564",100% bullish,of 1 rating,$30
ASCMA,$27.68,1440094822060,"40,780",100% bearish,of 1 rating,$45
ASMI,$36.57,1440094822090,300,50% bullish,of 2 ratings,N/A
APWC,$2,1440094822119,600,100% bearish,of 1 rating,N/A
ASTI,$0.12,1440094822145,"1,038,587",83% bullish,of 6 ratings,$3
ASNA,$11.5838,1440094822196,"962,158",50% bullish,of 2 ratings,$18
ASML,$87.54,1440094822332,"592,741",67% bullish,of 3 ratings,$127
AZPN,$38.58,1440094822413,"335,208",50% bullish,of 2 ratings,$42
ASMB,$12.92,1440094822514,"40,516",67% bullish,of 3 ratings,N/A
ASFI,$8.9899,1440094822680,"8,565",100% bullish,of 1 rating,N/A
ASTE,$36.64,1440094822779,"19,192",100% bearish,of 1 rating,$48
ALOT,$13.72,1440094822839,"2,112",100% bearish,of 1 rating,N/A
ATRO,$53.55,1440094822935,"51,651",100% bearish,of 2 ratings,$80
ASTC,$2.2916,1440094822965,"17,658",100% bullish,of 5 ratings,N/A
ASUR,$5.7899,1440094823002,"5,578",100% bearish,of 1 rating,$8
ATAI,$3.02,1440094823031,"17,851",100% bearish,of 1 rating,N/A
ATRA,$43.54,1440094823227,"55,917",50% bullish,of 2 ratings,$68
ATHX,$1.19,1440094823256,"68,123",89% bullish,of 9 ratings,$5
AAPC,$10.2,1440094823398,170,Not yet rated,NULL,N/A
ATHN,$135.86,1440094823427,"45,039",67% bearish,of 3 ratings,$153
AFCB,NULL,1440094823480,0,Not yet rated,NULL,N/A
AAME,$3.6399,1440094823507,835,Not yet rated,NULL,N/A
ACFC,$6.215,1440094823528,"49,039",Not yet rated,NULL,$6.50
AAWW,$42.33,1440094823793,"235,465",50% bullish,of 2 ratings,$65
ATLC,$3.98,1440094823840,492,67% bullish,of 3 ratings,N/A
AFH,$17,1440094823871,"8,234",Not yet rated,NULL,$21.50
ATML,$7.32,1440094823905,"2,189,634",78% bullish,of 9 ratings,$9.50
ATNI,$73.38,1440094823939,"23,215",100% bearish,of 1 rating,$69.50
ATRI,$394.45,1440094823961,501,Not yet rated,NULL,N/A
ATOS,$0.9198,1440094823998,"98,265",100% bullish,of 7 ratings,$7
ATRC,$26.52,1440094824044,"32,825",100% bullish,of 1 rating,$30
ATRM,$2.87,1440094824194,690,50% bullish,of 2 ratings,N/A
LIFE,$14.7,1440094824359,"15,694",86% bullish,of 7 ratings,$43
ATTU,$14.52,1440094824461,"25,014",100% bearish,of 1 rating,$20.50
AUDC,$3.23,1440094824553,"52,177",80% bullish,of 5 ratings,$5
AUBN,$27.21,1440094824590,100,Not yet rated,NULL,N/A
AUPH,$3.3,1440094824621,"3,550",100% bearish,of 1 rating,$8
ADSK,$53.25,1440094824654,"732,237",83% bullish,of 6 ratings,$69.50
ADAT,$0.11,1440094824723,"50,455",100% bullish,of 2 ratings,N/A
EARS,$5.01,1440094824748,"35,045",100% bearish,of 2 ratings,$11.50
ABTL,$18.57,1440094824809,"53,932",100% bullish,of 4 ratings,$20.25
AVGO,$116.75,1440094824997,"1,155,481",88% bullish,of 8 ratings,$160
ADP,$83,1440094825026,"770,248",100% bearish,of 1 rating,$88
AVNU,$12.48,1440094825053,"2,020",Not yet rated,NULL,$14
AAVL,$10.61,1440094825079,"177,800",100% bearish,of 1 rating,$20
AVEO,$1.4099,1440094825228,"639,066",75% bullish,of 8 ratings,$3
AVNW,$1.12,1440094825476,"30,841",50% bullish,of 2 ratings,$2.20
AVID,$7.96,1440094825531,"110,910",100% bearish,of 1 rating,$20
CAR,$44.825,1440094825575,"650,716",80% bullish,of 5 ratings,$60
ACLS,$3.4,1440094825612,"562,733",67% bullish,of 6 ratings,$4.75
AVGR,$15.01,1440094825634,"17,521",100% bearish,of 1 rating,$20
AWRE,$3.1901,1440094825706,"9,094",67% bullish,of 3 ratings,N/A
AXPW,$1.12,1440094825732,"32,206",83% bullish,of 6 ratings,N/A
AXGN,$3.89,1440094825779,"15,959",Not yet rated,NULL,$5
AXPWW,NULL,1440094826021,0,Not yet rated,NULL,N/A
BCOM,$19.98,1440094826095,187,100% bearish,of 1 rating,N/A
AXTI,$2.16,1440094826123,"8,230",50% bullish,of 2 ratings,$2.75
BOSC,$2.25,1440094826178,"2,414",50% bullish,of 2 ratings,N/A
RILY,$9.8601,1440094826209,505,Not yet rated,NULL,N/A
BEAV,$50.04,1440094826282,"284,608",67% bearish,of 3 ratings,$59
BIDU,$158.52,1440094826308,"2,028,845",81% bullish,of 88 ratings,$215
BWINB,$22.92,1440094826645,"1,048",Not yet rated,NULL,N/A
BCPC,$59.26,1440094826672,"49,947",100% bearish,of 1 rating,$75
BLDP,$1.32,1440094826719,"179,040",91% bullish,of 22 ratings,$2.50
BANFP,NULL,1440094826847,0,Not yet rated,NULL,N/A
BANF,$61.45,1440094826875,806,Not yet rated,NULL,$68
BWINA,NULL,1440094826897,0,Not yet rated,NULL,N/A
BKMU,$7.19,1440094826918,"27,878",Not yet rated,NULL,$8
BOCH,$5.75,1440094827162,"12,990",Not yet rated,NULL,$6.50
BMRC,$48.52,1440094827245,"3,781",Not yet rated,NULL,$52
BOTJ,NULL,1440094827473,0,Not yet rated,NULL,N/A
BFIN,$12.08,1440094827502,"5,834",Not yet rated,NULL,$13
OZRK,$41.89,1440094827528,"92,881",67% bullish,of 3 ratings,$49.50
BKSC,$15.83,1440094827554,800,Not yet rated,NULL,N/A
BWFG,$18.25,1440094827585,"1,627",100% bearish,of 1 rating,N/A
BANR,$45.72,1440094827689,"22,951",100% bullish,of 3 ratings,$50
BZUN,$6.04,1440094827716,"430,730",50% bullish,of 2 ratings,$13.85
TAPR,$29.77,1440094827854,"1,000",100% bearish,of 1 rating,N/A
BHACR,NULL,1440094827988,0,Not yet rated,NULL,N/A
BHACW,NULL,1440094828044,0,Not yet rated,NULL,N/A
BHAC,NULL,1440094828065,0,Not yet rated,NULL,N/A
BHACU,$10.19,1440094828142,200,Not yet rated,NULL,N/A
BSET,$30.38,1440094828275,"35,584",100% bearish,of 1 rating,$35
BBSI,$34.48,1440094828330,"48,003",67% bearish,of 3 ratings,$62.50
BYLK,$12.96,1440094828457,"1,904",Not yet rated,NULL,$14
BYBK,$5.05,1440094828499,100,100% bearish,of 1 rating,N/A
BBCN,$15.17,1440094828562,"94,841",100% bearish,of 1 rating,$16
BDCV,$5.04,1440094828629,"9,715",100% bearish,of 1 rating,$10.19
BCBP,$11.62,1440094828695,"13,279",Not yet rated,NULL,N/A
BECN,$36.37,1440094828767,"109,067",50% bullish,of 2 ratings,$40
BV,$5.16,1440094828826,"137,019",67% bullish,of 6 ratings,$9
BSF,$8.86,1440094828924,"6,499",Not yet rated,NULL,N/A
BBGI,$4.8499,1440094829056,100,100% bearish,of 1 rating,N/A
BBBY,$63.205,1440094829137,"776,259",71% bullish,of 7 ratings,$75
BEBE,$1.8297,1440094829195,"46,059",75% bullish,of 4 ratings,$3.075
BLPH,$5.6,1440094829269,"26,924",100% bearish,of 1 rating,$12.50
BELFB,$19.49,1440094829298,"10,764",100% bearish,of 1 rating,N/A
BELFA,$16.8,1440094829352,200,100% bearish,of 1 rating,N/A
BNTC,$8.25,1440094829557,"80,338",100% bullish,of 1 rating,N/A
BNCL,$12.76,1440094829595,"137,455",100% bullish,of 3 ratings,$12.50
BNFT,$37.82,1440094829653,"32,623",67% bullish,of 3 ratings,$46
BLCM,$17.5096,1440094829675,"88,538",50% bullish,of 4 ratings,$40
BGMD,$0.8139,1440094829755,"189,553",100% bullish,of 10 ratings,N/A
BGCP,$9.27,1440094829781,"296,995",88% bullish,of 8 ratings,$14
BGFV,$11.14,1440094829953,"51,881",57% bullish,of 7 ratings,$12
ORPN,$5.5,1440094830122,"4,450",100% bullish,of 1 rating,$28.50
BASI,$1.28,1440094830161,"7,706",Not yet rated,NULL,N/A
BIOC,$2.04,1440094830266,"492,147",83% bullish,of 6 ratings,$3.85
BIND,$4.593,1440094830342,"31,887",67% bullish,of 3 ratings,$13.50
BCDA,NULL,1440094830398,0,Not yet rated,NULL,N/A
BIOD,$0.6501,1440094830578,"93,301",80% bullish,of 5 ratings,$4
BIIB,$310.81,1440094830606,"467,216",88% bullish,of 16 ratings,$400
BCRX,$11.9,1440094830663,"420,983",63% bullish,of 8 ratings,$18
BDSI,$6.3599,1440094830738,"312,118",88% bullish,of 8 ratings,$17
BLFS,$2.11,1440094830794,"12,289",100% bearish,of 1 rating,$4.75
BIOL,$1.5,1440094830839,"43,599",Not yet rated,NULL,N/A
BLRX,$1.4688,1440094830880,"113,197",100% bullish,of 12 ratings,$5
BMRN,$132.22,1440094830974,"321,540",80% bullish,of 5 ratings,$160
BVXV,$4,1440094831047,"6,358",Not yet rated,NULL,N/A
BVXVW,$0.7051,1440094831179,"3,000",100% bearish,of 1 rating,N/A
BPTH,$1.168,1440094831279,"12,100",100% bullish,of 2 ratings,$5
BIOS,$1.69,1440094831358,"587,136",71% bullish,of 7 ratings,$4
BRLI,NULL,1440094831385,0,83% bullish,of 6 ratings,N/A
BSTC,$50.11,1440094831431,"48,365",100% bearish,of 1 rating,$76
BBC,$31,1440094831458,"10,145",Not yet rated,NULL,N/A
BBP,$33.2399,1440094831479,"31,375",Not yet rated,NULL,N/A
BSPM,$0.7092,1440094831623,"10,200",50% bullish,of 2 ratings,N/A
BOTA,$2.282,1440094832032,"50,881",88% bullish,of 8 ratings,N/A
BEAT,$12.97,1440094832067,"241,040",67% bearish,of 3 ratings,$15
BJRI,$46.34,1440094832097,"62,075",50% bullish,of 2 ratings,$55
BITI,$18.94,1440094832163,"27,225",100% bullish,of 1 rating,$28
BDMS,NULL,1440094832188,0,100% bearish,of 1 rating,N/A
TECH,$104.06,1440094832227,"39,278",100% bullish,of 1 rating,$117
BBOX,$15.26,1440094832253,"16,948",100% bearish,of 1 rating,N/A
BLKB,$60.03,1440094832465,"48,328",100% bearish,of 2 ratings,$66
BDE,$7.52,1440094832502,"46,631",50% bullish,of 2 ratings,$9
BBRY,$7.3499,1440094832538,"2,568,311",61% bullish,of 330 ratings,$9
ADRA,$27.77,1440094832600,908,Not yet rated,NULL,N/A
HAWK,$43.89,1440094832631,"187,226",90% bullish,of 10 ratings,$49
ADRE,$30.36,1440094832662,"4,482",Not yet rated,NULL,N/A
BKCC,$9.2831,1440094832683,"70,584",100% bullish,of 2 ratings,$10
ADRD,$22.8,1440094832736,"2,638",100% bearish,of 1 rating,N/A
ADRU,$22.5308,1440094833258,208,100% bearish,of 1 rating,N/A
BLBD,$12.35,1440094833337,"3,589",Not yet rated,NULL,N/A
BCOR,$13.51,1440094833411,"99,429",57% bullish,of 7 ratings,$15
BLMN,$21.05,1440094833438,"462,574",83% bullish,of 6 ratings,$27.50
NILE,$34.38,1440094833476,"23,565",50% bullish,of 2 ratings,$34
BUFF,$26.9,1440094833567,"117,383",83% bullish,of 12 ratings,$31.50
BBLU,$0.86,1440094833625,"57,849",100% bullish,of 2 ratings,$4.43
BHBK,$14.2,1440094833700,"25,882",100% bullish,of 1 rating,$14.50
BPMC,$26.42,1440094833853,"51,069",50% bullish,of 2 ratings,$47.50
BKEP,$6.81,1440094833936,"23,314",100% bearish,of 1 rating,$8.50
BNCN,$21.56,1440094833981,"24,497",Not yet rated,NULL,$23
BLUE,$123.4,1440094834010,"365,618",71% bullish,of 7 ratings,$217.50
BKEPP,$7.75,1440094834038,"9,900",100% bearish,of 1 rating,N/A
BOBE,$44.94,1440094834060,"31,392",75% bullish,of 4 ratings,$57
BOFI,$129.75,1440094834095,"77,921",100% bullish,of 6 ratings,$144
WIFI,$8.29,1440094834236,"180,627",50% bullish,of 2 ratings,$13.50
BOJA,$21.09,1440094834449,"131,872",100% bullish,of 1 rating,$30
BONA,$11.95,1440094834551,"128,173",75% bullish,of 4 ratings,$8.50
BOKF,$63.51,1440094834583,"44,240",100% bearish,of 1 rating,$71
BNSO,$1.42,1440094834718,"3,202",100% bearish,of 1 rating,N/A
BAMM,$3.2078,1440094834748,"1,958",60% bullish,of 5 ratings,N/A
BPFHW,$5.55,1440094834772,100,100% bearish,of 1 rating,N/A
BPFH,$12.27,1440094834804,"163,269",100% bearish,of 1 rating,$14
BPFHP,NULL,1440094834826,0,100% bearish,of 1 rating,N/A
EPAY,$26.23,1440094834958,"51,404",100% bearish,of 2 ratings,$30
BDBD,$8.52,1440094835035,"311,699",60% bullish,of 5 ratings,$10
BBRG,$13.07,1440094835138,"32,804",67% bullish,of 3 ratings,$14.50
BBEP,$2.2713,1440094835203,"1,073,094",69% bullish,of 13 ratings,$5.625
BBEPP,$13.501,1440094835234,"17,561",100% bearish,of 1 rating,N/A
BCLI,$3.01,1440094835306,"39,644",80% bullish,of 5 ratings,$12
BDGE,$27.5,1440094835332,"6,105",Not yet rated,NULL,$31.75
BLIN,$1.33,1440094835512,"19,477",50% bullish,of 2 ratings,$2.20
BRID,NULL,1440094835640,0,100% bearish,of 1 rating,N/A
BRCM,$49.915,1440094835695,"2,222,091",75% bullish,of 12 ratings,$56
BSFT,$31.74,1440094835739,"60,063",57% bullish,of 7 ratings,$40.50
BVSN,$5.95,1440094835776,"2,008",60% bearish,of 5 ratings,N/A
BWEN,$3.35,1440094835827,"25,101",100% bullish,of 3 ratings,$8
BCOV,$5.26,1440094835861,"56,795",67% bullish,of 3 ratings,$10.20
BYFC,$1.49,1440094835890,"13,810",50% bullish,of 2 ratings,N/A
BRCD,$9.875,1440094835959,"3,056,510",92% bullish,of 13 ratings,$12.50
BRKL,$10.89,1440094836234,"49,856",100% bearish,of 1 rating,$10.75
BMTC,$29.51,1440094836338,"11,998",Not yet rated,NULL,$34
BRKS,$10.4875,1440094836377,"58,101",67% bullish,of 3 ratings,$15.25
BRKR,$19.6,1440094836430,"352,423",100% bearish,of 2 ratings,$22
BLMT,$20.84,1440094836541,"3,242",Not yet rated,NULL,N/A
BLDR,$15.11,1440094836574,"606,688",50% bullish,of 2 ratings,$22
BSQR,$6.53,1440094836671,"71,180",67% bullish,of 3 ratings,N/A
BUR,$1.99,1440094836703,816,100% bearish,of 1 rating,$8
CFFI,NULL,1440094836801,0,100% bearish,of 1 rating,N/A
CHRW,$69.53,1440094836832,"572,697",Not yet rated,NULL,$72
BWLD,$193.57,1440094836861,"133,395",82% bullish,of 11 ratings,$205
CCMP,$44.67,1440094836937,"31,357",50% bullish,of 2 ratings,$59
CDNS,$20.615,1440094836997,"607,334",75% bullish,of 4 ratings,$22.50
CDZI,$7.445,1440094837145,"11,283",100% bearish,of 1 rating,N/A
CA,$28.43,1440094837190,"765,393",50% bullish,of 4 ratings,$33
CACQ,$7.29,1440094837251,"16,505",100% bearish,of 1 rating,$12.25
CSTE,$43.1,1440094837434,"521,607",100% bearish,of 1 rating,$65
CZR,$6.88,1440094837513,"444,385",60% bearish,of 5 ratings,$10.50
CLBS,$1.36,1440094837541,"76,042",79% bullish,of 14 ratings,$4
PRSS,$4.39,1440094837567,"4,115",80% bullish,of 5 ratings,$4.50
CCD,$20.657,1440094837698,"36,192",Not yet rated,NULL,N/A
CLMS,$11.76,1440094837744,"15,243",Not yet rated,NULL,$10.50
CHI,$10.9654,1440094837770,"98,065",100% bearish,of 1 rating,N/A
CHY,$11.8232,1440094837800,"159,808",Not yet rated,NULL,N/A
CHW,$7.85,1440094837942,"157,345",100% bearish,of 1 rating,N/A
CGO,$12.48,1440094837970,"17,821",100% bearish,of 1 rating,N/A
CFGE,NULL,1440094838029,0,Not yet rated,NULL,N/A
CAMP,$15.93,1440094838162,"129,290",88% bullish,of 8 ratings,$25
CSQ,$10.2201,1440094838189,"209,713",Not yet rated,NULL,N/A
CVGW,$54.93,1440094838340,"62,447",50% bullish,of 2 ratings,$58.50
CFNB,$13.43,1440094838371,888,100% bearish,of 1 rating,N/A
CALA,$5.13,1440094838474,"175,432",100% bullish,of 3 ratings,$19.50
CALD,$15.8,1440094838524,"81,878",100% bearish,of 1 rating,$20.50
ABCD,$4.74,1440094838554,"52,355",83% bullish,of 6 ratings,N/A
CLMT,$26.21,1440094838587,"74,428",75% bullish,of 8 ratings,$31
CALM,$50.35,1440094838690,"189,687",80% bullish,of 5 ratings,$65
CAMBU,NULL,1440094838731,0,100% bearish,of 1 rating,N/A
CAMB,$9.95,1440094838758,400,Not yet rated,NULL,N/A
CAMBW,NULL,1440094838912,0,Not yet rated,NULL,N/A
CAC,$39.75,1440094839008,"1,996",Not yet rated,NULL,N/A
CAMT,$2.83,1440094839038,"19,470",73% bullish,of 11 ratings,$4
CSIQ,$19.1099,1440094839109,"2,110,563",86% bullish,of 28 ratings,$45
CGIX,$9.87,1440094839139,"16,605",67% bullish,of 3 ratings,$14.375
CPHC,$10.53,1440094839344,196,100% bearish,of 1 rating,N/A
CPLA,$48.43,1440094839381,"34,513",50% bullish,of 2 ratings,$65
CBNJ,$10.85,1440094839403,"1,408",100% bullish,of 1 rating,N/A
CBF,$30.08,1440094839448,"45,769",Not yet rated,NULL,$32
CPLP,$6.85,1440094839482,"343,070",71% bullish,of 7 ratings,$11
CSWC,$48.15,1440094839536,"6,699",Not yet rated,NULL,N/A
CPTA,$14.61,1440094839562,"40,884",Not yet rated,NULL,$18.50
CCBG,$15.09,1440094839588,"3,965",Not yet rated,NULL,$17.25
CFFN,$12.065,1440094839848,"122,538",Not yet rated,NULL,$12.75
CAPNW,$0.76,1440094840058,"3,300",Not yet rated,NULL,N/A
CAPN,$2.2845,1440094840265,"130,019",100% bullish,of 1 rating,$10.85
CAPR,$4,1440094840292,"16,145",Not yet rated,NULL,$12
CPST,$0.3874,1440094840370,"398,951",95% bullish,of 22 ratings,$1
CRDC,$0.39,1440094840439,"21,988",100% bullish,of 1 rating,$1.25
CARA,$21.215,1440094840469,"146,896",50% bullish,of 4 ratings,$25
CARB,$11.3,1440094840565,"44,171",75% bullish,of 4 ratings,$12
CFNL,$22.8,1440094840598,"44,632",Not yet rated,NULL,$24
CBYL,$6.87,1440094840635,"16,908",100% bearish,of 1 rating,$20
CRME,$9.36,1440094840766,"17,682",89% bullish,of 9 ratings,$11.25
CSII,$24.07,1440094840813,"101,554",100% bearish,of 2 ratings,$42.125
CATM,$35.3,1440094840907,"179,453",100% bearish,of 1 rating,$44
CECO,$3.6,1440094840941,"105,493",67% bearish,of 3 ratings,$6
CTRE,$12,1440094841043,"198,979",50% bullish,of 2 ratings,N/A
CDNA,$6.39,1440094841103,"2,000",100% bearish,of 1 rating,$9
CKEC,$22.15,1440094841129,"91,706",50% bullish,of 2 ratings,$35.915
CLBH,$12.75,1440094841438,"3,457",Not yet rated,NULL,$16.50
TAST,$12.45,1440094841575,"91,899",Not yet rated,NULL,$14.25
CARO,$15.43,1440094841643,"8,733",100% bearish,of 1 rating,$19
CART,$5.45,1440094841668,"2,256",100% bearish,of 1 rating,N/A
CRZO,$33,1440094841694,"257,177",67% bearish,of 3 ratings,$57
CRTN,$2.71,1440094841885,100,100% bearish,of 1 rating,N/A
CASM,$1.1088,1440094841955,"36,460",100% bullish,of 1 rating,$3.50
CARV,$6.04,1440094842020,317,50% bullish,of 2 ratings,N/A
CSCD,$14.44,1440094842096,"46,048",100% bullish,of 2 ratings,$17
CASY,$107.29,1440094842130,"92,296",50% bullish,of 2 ratings,$99.50
CACB,$5.51,1440094842151,"36,424",Not yet rated,NULL,$5.50
CWST,$6.3,1440094842280,"68,401",50% bullish,of 2 ratings,$7
CASI,$1.49,1440094842361,"7,980",100% bullish,of 1 rating,$3.50
CASS,$49.37,1440094842422,"5,834",100% bearish,of 1 rating,N/A
CPRX,$3.58,1440094842450,"487,924",71% bullish,of 7 ratings,$7
CATY,$30.83,1440094842601,"131,470",100% bearish,of 1 rating,$33.50
CATB,$11.9,1440094842627,"10,007",100% bearish,of 1 rating,$28
CATYW,NULL,1440094843023,0,100% bearish,of 1 rating,N/A
CBFV,$20.62,1440094843382,"2,673",Not yet rated,NULL,N/A
CVCO,$73.4,1440094843433,"9,786",100% bearish,of 1 rating,N/A
CAVM,$68.57,1440094843462,"149,562",67% bearish,of 3 ratings,$72
CNLM,$9.98,1440094843695,200,Not yet rated,NULL,N/A
CNLMU,$10.4,1440094843910,100,100% bullish,of 1 rating,N/A
CNLMR,NULL,1440094844165,0,Not yet rated,NULL,N/A
CNLMW,NULL,1440094844249,0,Not yet rated,NULL,N/A
CBOE,$63.5,1440094844299,"148,265",Not yet rated,NULL,$60
CECE,$9.8,1440094844341,"67,006",50% bullish,of 2 ratings,$16
CDK,$48.46,1440094844427,"215,140",67% bearish,of 3 ratings,$50
CDW,$39.035,1440094844472,"240,821",75% bullish,of 4 ratings,$44
CELG,$126.415,1440094844497,"1,591,180",92% bullish,of 13 ratings,$155.50
CPXX,$2.14,1440094844558,"36,515",100% bullish,of 2 ratings,$7
CELGZ,$1.7698,1440094844717,"31,149",80% bullish,of 5 ratings,N/A
CLDX,$13.91,1440094844747,"877,009",89% bullish,of 9 ratings,$36
CLDN,$1.0501,1440094844769,"97,148",71% bullish,of 7 ratings,$3
CLRB,$3,1440094844801,900,100% bearish,of 1 rating,N/A
CBMG,$21.45,1440094844978,"62,733",50% bullish,of 2 ratings,N/A
CLLS,$30.62,1440094845005,"70,075",75% bullish,of 4 ratings,$51.50
CLRBW,NULL,1440094845056,0,Not yet rated,NULL,N/A
CLSN,$2.0101,1440094845135,"46,606",80% bullish,of 10 ratings,$7.50
CLTX,$2.885,1440094845193,"6,301,042",100% bullish,of 2 ratings,N/A
CYAD,$53.29,1440094845326,"1,418",100% bullish,of 1 rating,$87.50
CEMP,$35.645,1440094845401,"435,539",71% bullish,of 7 ratings,$52
CSFL,$14.1274,1440094845455,"57,708",Not yet rated,NULL,$15
CETV,$2.01,1440094845550,"36,031",67% bullish,of 3 ratings,$2.80
CETX,$2.5325,1440094845596,"7,752",Not yet rated,NULL,$5.60
CENT,$12.04,1440094845623,"17,837",Not yet rated,NULL,$10
CENTA,$12.72,1440094845652,"41,081",Not yet rated,NULL,N/A
CFBK,$1.372,1440094845674,100,Not yet rated,NULL,N/A
CVCY,NULL,1440094845806,0,Not yet rated,NULL,$12
CENX,$5.275,1440094845936,"1,084,676",67% bullish,of 6 ratings,$9
CNBKA,$41.1,1440094845996,34,100% bullish,of 1 rating,N/A
CPHD,$48.1,1440094846337,"134,422",50% bullish,of 2 ratings,$66.50
CERE,$1.2101,1440094846429,"247,034",88% bullish,of 8 ratings,N/A
CRNT,$1.41,1440094846477,"80,149",50% bullish,of 2 ratings,$2
CNTY,$6.3,1440094846527,"5,568",80% bullish,of 5 ratings,$7.75
CERU,$3.37,1440094846952,"11,175",75% bullish,of 4 ratings,$15
CERS,$4.92,1440094846979,"173,316",75% bullish,of 4 ratings,$7
CERN,$63.42,1440094847046,"456,279",67% bullish,of 3 ratings,$79
CYOU,$19.965,1440094847113,"210,232",50% bullish,of 6 ratings,$24
CEVA,$18.73,1440094847177,"19,688",100% bearish,of 1 rating,$25
HOTR,$1.305,1440094847213,"157,566",100% bullish,of 2 ratings,$5
KOOL,$0.6866,1440094847241,"3,670",100% bullish,of 5 ratings,$7
HOTRW,$0.156,1440094847268,"6,099",Not yet rated,NULL,N/A
CTHR,$1.2,1440094847401,"81,263",50% bullish,of 2 ratings,$2.50
GTLS,$22.9701,1440094847561,"102,809",50% bullish,of 4 ratings,$40
CHKP,$79.995,1440094847667,"422,403",50% bullish,of 4 ratings,$92
CHEK,$3.08,1440094847726,38,Not yet rated,NULL,$7.75
CHFN,$12.45,1440094847799,"2,722",Not yet rated,NULL,$14
CEMI,$4.4699,1440094847859,"9,418",50% bullish,of 2 ratings,$7.50
CHTR,$183.5,1440094847885,"500,651",100% bearish,of 2 ratings,$196
CHEKW,NULL,1440094847934,0,Not yet rated,NULL,N/A
CCXI,$7,1440094848072,"27,791",67% bullish,of 3 ratings,$14
CHFC,$32.22,1440094848100,"25,491",100% bearish,of 1 rating,$36
CHKE,$26.08,1440094848245,"4,163",100% bearish,of 1 rating,$32.50
CHMG,$26.6,1440094848270,"3,212",Not yet rated,NULL,$30
CBNK,$16.52,1440094848423,100,100% bearish,of 1 rating,N/A
CHMA,$25.95,1440094848451,"53,971",Not yet rated,NULL,$40
CHEV,$14.66,1440094848481,700,Not yet rated,NULL,N/A
PLCE,$60.485,1440094848580,"140,754",100% bearish,of 1 rating,$71
CALI,$0.916,1440094848713,"4,592",67% bullish,of 3 ratings,N/A
CMRX,$48.39,1440094848741,"65,841",50% bullish,of 2 ratings,$57
CADC,NULL,1440094848775,0,78% bullish,of 9 ratings,N/A
CBPO,$100.745,1440094848877,"173,249",75% bullish,of 8 ratings,$140.50
CAAS,$6.64,1440094848915,"10,989",93% bullish,of 14 ratings,$11.50
CBAK,$2.0799,1440094848942,"33,616",67% bullish,of 9 ratings,N/A
CCCL,$0.9,1440094849082,"2,372",100% bullish,of 6 ratings,N/A
CCCR,$0.8,1440094849113,"11,457",67% bearish,of 3 ratings,N/A
JRJC,$4.18,1440094849214,"30,497",82% bullish,of 11 ratings,N/A
HGSH,$1.96,1440094849275,357,67% bullish,of 3 ratings,N/A
CHOP,$1.23,1440094849303,"4,600",50% bullish,of 2 ratings,N/A
CHLN,$1.917,1440094849448,"17,960",67% bullish,of 3 ratings,N/A
CNIT,$1.6,1440094849526,"79,772",67% bullish,of 6 ratings,N/A
CJJD,$2.01,1440094849580,"9,863",100% bullish,of 1 rating,N/A
HTHT,$25.72,1440094849607,"19,193",50% bullish,of 2 ratings,$28
CREG,$0.7516,1440094849814,"8,926",100% bullish,of 3 ratings,N/A
CHNR,NULL,1440094849846,0,100% bearish,of 1 rating,N/A
CSUN,$1.383,1440094849951,"11,999",80% bullish,of 5 ratings,N/A
CPGI,$6.7065,1440094849983,140,Not yet rated,NULL,N/A
CNTF,$0.8799,1440094850014,"39,317",Not yet rated,NULL,N/A
CNYD,NULL,1440094850041,0,67% bullish,of 3 ratings,N/A
CXDC,$6.2,1440094850083,"25,102",67% bullish,of 3 ratings,N/A
CCIH,$8.7,1440094850316,"83,837",67% bullish,of 6 ratings,$12.65
CNET,$0.8342,1440094850383,"35,947",50% bullish,of 2 ratings,N/A
IMOS,$15.335,1440094850487,"93,749",60% bullish,of 5 ratings,$21.50
CHSCM,$26.1895,1440094850514,"24,672",Not yet rated,NULL,N/A
CHSCL,$26.9996,1440094850541,"13,915",Not yet rated,NULL,N/A
CHSCO,$28.4,1440094850715,"1,900",Not yet rated,NULL,N/A
CHSCN,$27.2993,1440094850766,"4,034",Not yet rated,NULL,N/A
CHSCP,$30.5816,1440094850846,"3,931",Not yet rated,NULL,N/A
CHDN,$133.31,1440094850903,"33,499",Not yet rated,NULL,$165
CHUY,$31.66,1440094851005,"90,499",50% bullish,of 2 ratings,$34
CDTX,$14.01,1440094851033,"16,268",Not yet rated,NULL,$22
CIFC,$7.1461,1440094851063,"1,318",Not yet rated,NULL,N/A
CMCT,$15.03,1440094851094,300,100% bearish,of 1 rating,N/A
CMPR,$68.27,1440094851224,"135,644",50% bullish,of 2 ratings,$72.50
CINF,$55.92,1440094851413,"134,561",50% bullish,of 4 ratings,$50.50
CIDM,$0.6593,1440094851440,"50,582",50% bullish,of 2 ratings,$2.10
CTAS,$86.895,1440094851640,"152,284",100% bearish,of 1 rating,$91
CPHR,$6.4,1440094851677,"7,153",100% bearish,of 1 rating,$16
CTRN,$28.23,1440094851746,"102,535",100% bearish,of 1 rating,$30.50
CZWI,NULL,1440094851779,0,Not yet rated,NULL,N/A
CZNC,$20.0099,1440094851877,"9,704",Not yet rated,NULL,N/A
CZFC,$12.75,1440094851903,700,Not yet rated,NULL,N/A
CRUS,$28.31,1440094851931,"577,234",75% bullish,of 12 ratings,$44.50
CIZN,NULL,1440094852064,0,Not yet rated,NULL,N/A
CTXS,$75.995,1440094852171,"306,086",86% bullish,of 7 ratings,$80
CHCO,$47.885,1440094852247,"27,713",Not yet rated,NULL,$46
CIVB,$10.3,1440094852304,"3,700",Not yet rated,NULL,$11
CSCO,$27.28,1440094852383,"11,699,362",84% bullish,of 208 ratings,$32
CIVBP,NULL,1440094852409,0,Not yet rated,NULL,N/A
CDTI,$1.5751,1440094852447,"79,690",75% bullish,of 4 ratings,$3.20
CLFD,$17.285,1440094852709,"41,567",67% bullish,of 3 ratings,$18
CLRO,$11.8025,1440094852735,"5,227",50% bullish,of 2 ratings,$14.25
CLNE,$4.17,1440094852769,"450,888",80% bullish,of 15 ratings,$9
CLNT,$1.9,1440094852811,"7,992",75% bullish,of 8 ratings,N/A
CLIR,$5.11,1440094852868,"20,127",100% bullish,of 3 ratings,N/A
CSBK,$13.72,1440094852895,"24,731",Not yet rated,NULL,N/A
CBLI,$3.9999,1440094852930,"22,231",60% bullish,of 5 ratings,N/A
CMFN,$11.9063,1440094853024,"10,792",100% bearish,of 1 rating,$15.50
CLVS,$74.375,1440094853125,"194,832",60% bullish,of 5 ratings,$101.50
CME,$96.87,1440094853150,"515,752",67% bullish,of 3 ratings,$102
CISG,$8.32,1440094853415,"79,430",100% bullish,of 5 ratings,$10
CCNE,$17.265,1440094853452,"1,364",50% bullish,of 2 ratings,$21.50
COBZ,$12.98,1440094853547,"50,728",100% bullish,of 1 rating,$14
CNV,$4.61,1440094853603,"78,037",50% bullish,of 2 ratings,$7.15
CDXS,$3.96,1440094853632,"26,255",64% bullish,of 11 ratings,$6
COKE,$159.39,1440094853654,"16,158",79% bullish,of 19 ratings,N/A
CWAY,$11.45,1440094853675,"5,300",Not yet rated,NULL,N/A
CDRB,$11.845,1440094853711,"2,496",67% bullish,of 3 ratings,N/A
JVA,$4.66,1440094853877,"5,089",83% bullish,of 6 ratings,$7
CVLY,NULL,1440094853979,0,Not yet rated,NULL,N/A
CGNX,$36.5,1440094854122,"223,025",50% bullish,of 2 ratings,$47
CCOI,$28.71,1440094854153,"117,192",50% bullish,of 4 ratings,$35
CGNT,$1.633,1440094854180,"12,021",100% bullish,of 2 ratings,$2
CTSH,$65.99,1440094854257,"1,340,341",90% bullish,of 10 ratings,$74.50
COHR,$57.945,1440094854389,"33,311",50% bullish,of 2 ratings,$72
CHRS,$29.35,1440094854439,"48,618",67% bearish,of 3 ratings,$37
CLCT,$19.0001,1440094854471,"4,571",100% bearish,of 1 rating,N/A
COHU,$9.67,1440094854498,"33,005",100% bearish,of 1 rating,$14.25
CLRX,$0.5,1440094854581,"21,577",50% bullish,of 2 ratings,N/A
CIGI,$46.2,1440094854664,"5,100",100% bearish,of 1 rating,$52
COLL,$15.59,1440094854722,"28,594",100% bearish,of 1 rating,$26
CBAN,$8.76,1440094854748,705,Not yet rated,NULL,N/A
COLB,$32.07,1440094854880,"106,083",Not yet rated,NULL,$36
CLCD,$7.7,1440094854937,"6,910",100% bearish,of 1 rating,$20.50
COLM,$64.52,1440094855277,"39,086",100% bearish,of 1 rating,$71
CBMX,$1.1699,1440094855338,"6,080",83% bullish,of 6 ratings,$3.15
CMCSA,$58.33,1440094855383,"6,223,109",66% bullish,of 35 ratings,$69.50
CBSH,$46.18,1440094855417,"104,211",50% bullish,of 2 ratings,$46
CUBN,NULL,1440094855438,0,Not yet rated,NULL,N/A
CMCO,$20.01,1440094855474,"162,637",60% bullish,of 5 ratings,$28
CMCSK,$58.93,1440094855515,"1,603,164",Not yet rated,NULL,$84
CBSHP,$25.2499,1440094855573,"3,342",100% bearish,of 1 rating,N/A
CVGI,$4.61,1440094855827,"39,603",50% bullish,of 2 ratings,$6
COMM,$30.75,1440094855901,"418,585",67% bearish,of 3 ratings,$35
CYHHZ,$0.011,1440094855958,"17,000",100% bullish,of 1 rating,N/A
CSAL,$22.03,1440094855988,"231,887",75% bullish,of 4 ratings,$30
ESXB,$5.1,1440094856015,"34,802",Not yet rated,NULL,N/A
JCS,$9.31,1440094856095,"5,100",67% bullish,of 3 ratings,N/A
CWBC,$6.752,1440094856233,200,Not yet rated,NULL,N/A
CVLT,$36.99,1440094856391,"109,707",75% bullish,of 4 ratings,$44.50
CTBI,$34.72,1440094856416,"6,450",Not yet rated,NULL,$36
COB,$10.54,1440094856452,"3,300",100% bullish,of 1 rating,$11.75
CIZ,$34.0754,1440094856583,"4,910",100% bearish,of 1 rating,N/A
CIL,$34.44,1440094856611,"1,400",Not yet rated,NULL,N/A
CDC,$36.2,1440094856642,"1,142",Not yet rated,NULL,N/A
CSA,NULL,1440094856662,0,Not yet rated,NULL,N/A
CID,$34.7,1440094856695,"10,500",Not yet rated,NULL,N/A
CSF,$37.6,1440094856970,"1,039",100% bearish,of 1 rating,N/A
CFA,$37.15,1440094857099,200,100% bearish,of 1 rating,N/A
CSB,$34.01,1440094857229,"2,380",Not yet rated,NULL,N/A
CDL,NULL,1440094857293,0,Not yet rated,NULL,N/A
CGEN,$5.29,1440094857321,"123,863",50% bullish,of 2 ratings,$11
CTG,$6.65,1440094857343,"9,618",100% bearish,of 1 rating,$8.50
SCOR,$60.37,1440094857376,"218,897",100% bearish,of 1 rating,$66
CFO,$36.8812,1440094857405,"5,376",100% bearish,of 1 rating,N/A
CPSI,$45.47,1440094857474,"13,196",100% bearish,of 1 rating,$45.50
CHCI,$0.61,1440094857576,"11,405",50% bullish,of 2 ratings,N/A
CMTL,$26.79,1440094857685,"15,321",100% bearish,of 2 ratings,$37
CNSI,$18.74,1440094857789,"12,648",100% bearish,of 2 ratings,$29
CNAT,$4.2901,1440094857817,"22,525",83% bullish,of 6 ratings,$13
CXRX,$75.57,1440094857872,"8,365",Not yet rated,NULL,$90
CNCE,$15.46,1440094857903,"117,592",75% bullish,of 4 ratings,$22
CCUR,$5.16,1440094858009,"9,726",75% bullish,of 4 ratings,N/A
CFMS,$21.975,1440094858279,"64,551",Not yet rated,NULL,$27
CDORP,$7.1195,1440094858324,"2,036",100% bearish,of 1 rating,N/A
CDORO,NULL,1440094858351,0,100% bearish,of 1 rating,N/A
CNFR,$10.3505,1440094858373,"15,960",Not yet rated,NULL,N/A
CDOR,$1.4511,1440094858417,"3,612",100% bullish,of 1 rating,N/A
CNMD,$55.94,1440094858439,"14,773",Not yet rated,NULL,$59
CNXR,$6.325,1440094858520,"13,650",100% bearish,of 1 rating,$12
CNOB,$20.14,1440094858548,"46,166",100% bullish,of 1 rating,$23.50
CTWS,$34.88,1440094858762,"7,506",100% bearish,of 1 rating,$44
CONN,$31.3707,1440094858849,"131,074",67% bullish,of 3 ratings,$48.50
CNSL,$20.1,1440094858920,"56,716",100% bearish,of 1 rating,$23
CWCO,$11.317,1440094858991,"31,310",67% bullish,of 3 ratings,$14.50
CTCT,$23.93,1440094859069,"116,575",67% bullish,of 3 ratings,$37
CFRXW,NULL,1440094859127,0,100% bearish,of 1 rating,N/A
CFRX,$5.05,1440094859174,"21,225",Not yet rated,NULL,$14
CPSS,$5.62,1440094859202,"14,620",100% bullish,of 1 rating,$10
CFRXZ,$0.51,1440094859228,400,Not yet rated,NULL,N/A
CTRV,$4.04,1440094859358,"23,060",Not yet rated,NULL,$6.40
CTRL,$7.843,1440094859418,"98,093",50% bullish,of 2 ratings,$11
CPRT,$35.55,1440094859453,"99,032",67% bearish,of 3 ratings,$40
CRBP,$2.148,1440094859555,"1,349,065",100% bullish,of 2 ratings,$6.25
CORT,$4.84,1440094859618,"100,723",67% bullish,of 3 ratings,$12
BVA,NULL,1440094859750,0,50% bullish,of 2 ratings,N/A
CORE,$62.93,1440094859882,"28,095",100% bearish,of 1 rating,$72
CORI,$11,1440094860015,"24,037",100% bearish,of 1 rating,$18
CSOD,$37.2601,1440094860042,"220,739",50% bullish,of 2 ratings,$42
CSGP,$188.355,1440094860075,"39,308",50% bullish,of 2 ratings,$235
CRVL,$33,1440094860177,"3,583",100% bearish,of 1 rating,N/A
COSI,$1.1398,1440094860207,"179,373",100% bullish,of 1 rating,N/A
CPAH,$0.4673,1440094860284,"1,750",50% bullish,of 2 ratings,N/A
ICBK,NULL,1440094860310,0,Not yet rated,NULL,$21
COST,$143.87,1440094860344,"501,782",83% bullish,of 24 ratings,$154.50
CVTI,$23.995,1440094860442,"60,565",67% bearish,of 3 ratings,$39
COVS,$2.65,1440094860506,"87,069",67% bullish,of 3 ratings,N/A
COWN,$5.27,1440094860764,"291,084",75% bullish,of 4 ratings,$7
CPSH,$2.3,1440094860814,"4,400",Not yet rated,NULL,N/A
COWNL,$27.21,1440094860870,"2,400",Not yet rated,NULL,N/A
BREW,$7.77,1440094860903,"26,026",67% bullish,of 6 ratings,$15
CBRL,$147.35,1440094860946,"79,110",50% bullish,of 2 ratings,$155
CRAI,$22.52,1440094860972,"9,162",Not yet rated,NULL,$36
CRAY,$21.387,1440094861037,"111,416",83% bullish,of 6 ratings,$38.50
GLDI,$11.0922,1440094861157,"21,379",100% bearish,of 1 rating,N/A
CREE,$25.78,1440094861293,"512,703",65% bullish,of 17 ratings,$28.50
CACC,$194.48,1440094861314,"58,084",50% bullish,of 2 ratings,$158.50
SLVO,$10.61,1440094861395,"5,217",100% bearish,of 1 rating,N/A
CRESY,$10.884,1440094861448,"80,531",100% bearish,of 1 rating,$19
CCRN,$14.89,1440094861623,"111,300",100% bearish,of 1 rating,$14.25
CROX,$14.62,1440094861778,"310,680",63% bullish,of 8 ratings,$16.50
CRDS,$1.06,1440094861832,"23,000",50% bullish,of 4 ratings,$4.50
CRWN,$4.7,1440094861922,"71,209",75% bullish,of 4 ratings,N/A
CRTO,$44.85,1440094861953,"408,831",67% bullish,of 6 ratings,$64
CYRX,$3.09,1440094861974,"8,838",Not yet rated,NULL,$9
CRWS,$8.08,1440094862011,665,Not yet rated,NULL,$10
CYRXW,$0.945,1440094862032,"10,900",Not yet rated,NULL,N/A
CSGS,$31.66,1440094862114,"43,737",Not yet rated,NULL,$40
CSPI,$6.17,1440094862338,855,67% bullish,of 3 ratings,N/A
CTCM,$1.73,1440094862413,"154,226",80% bearish,of 5 ratings,$3.90
CTIC,$1.64,1440094862440,"985,017",84% bullish,of 76 ratings,$5.75
CTRP,$64.35,1440094862582,"1,623,389",75% bullish,of 8 ratings,$92
CTIB,$3.54,1440094862614,"2,475",100% bearish,of 1 rating,N/A
CCLP,$14.75,1440094862792,"20,294",67% bearish,of 3 ratings,$21
CUNB,$22.1,1440094862820,"4,490",Not yet rated,NULL,$24.50
CMLS,$1.18,1440094862847,"432,808",50% bullish,of 4 ratings,$6
CUI,$5.27,1440094862901,"37,569",50% bullish,of 2 ratings,$10
CPIX,$5.87,1440094863005,"4,089",Not yet rated,NULL,N/A
CUTR,$14.51,1440094863062,"11,821",67% bearish,of 3 ratings,$18
CRIS,$2.6099,1440094863351,"136,354",100% bullish,of 8 ratings,$6
CYAN,$7.51,1440094863379,"4,515",100% bearish,of 1 rating,N/A
CYBR,$56.19,1440094863423,"1,304,412",86% bullish,of 7 ratings,$66
CYBE,$5.94,1440094863567,"7,678",100% bearish,of 1 rating,N/A
CVV,$12.0101,1440094863598,"24,931",100% bullish,of 5 ratings,N/A
CVBF,$16.83,1440094863630,"220,684",Not yet rated,NULL,$18
CYBX,$65.4,1440094863699,"435,928",50% bullish,of 4 ratings,$70
CYCC,$0.5899,1440094863759,"35,512",73% bullish,of 11 ratings,N/A
CBAY,$2.6999,1440094863898,"36,571",100% bullish,of 1 rating,$4
CYNA,$16.03,1440094863931,"16,957",100% bullish,of 1 rating,$31.50
CYCCP,NULL,1440094864029,0,100% bearish,of 1 rating,N/A
CYTK,$6.4,1440094864251,"111,323",71% bullish,of 14 ratings,$13.50
CY,$9.51,1440094864315,"2,770,027",80% bullish,of 10 ratings,$15.50
CYNO,$33.13,1440094864343,"73,563",67% bearish,of 3 ratings,$45.50
CYRN,$1.68,1440094864394,"60,930",67% bullish,of 3 ratings,$4
CONE,$33.925,1440094864426,"162,471",67% bearish,of 3 ratings,$35
CYTX,$0.3903,1440094864526,"394,193",83% bullish,of 12 ratings,$5.50
CYTR,$2.24,1440094864596,"199,182",67% bullish,of 6 ratings,$10
CTSO,$7.12,1440094864661,"43,445",Not yet rated,NULL,$15.625
DAEG,$0.3301,1440094864729,"15,273",100% bearish,of 1 rating,N/A
TVIX,$6.6401,1440094864882,"7,845,941",81% bullish,of 16 ratings,N/A
ZIV,$48.39,1440094864948,"63,878",Not yet rated,NULL,N/A
XIV,$43.89,1440094865078,"10,477,582",75% bearish,of 4 ratings,N/A
TVIZ,$13.88,1440094865151,400,100% bearish,of 1 rating,N/A
DJCO,$205.8,1440094865210,200,Not yet rated,NULL,N/A
DARA,$0.89,1440094865242,"19,322",83% bullish,of 6 ratings,$1.50
DAKT,$11.78,1440094865292,"111,003",50% bullish,of 2 ratings,$14
DAIO,$2.6699,1440094865342,"21,180",Not yet rated,NULL,N/A
DRAM,$1.413,1440094865594,"2,612",78% bullish,of 9 ratings,N/A
DTLK,$5.45,1440094865659,"45,949",100% bearish,of 1 rating,$9
PLAY,$34.995,1440094865685,"127,742",100% bullish,of 5 ratings,$42
DWCH,$5.16,1440094865817,"30,153",75% bullish,of 4 ratings,$8.25
DTEA,$12.28,1440094865848,"61,706",100% bearish,of 2 ratings,$24
DWSN,$4.33,1440094865869,"6,330",67% bullish,of 3 ratings,$6
DBVT,$40.62,1440094865953,"40,709",100% bearish,of 1 rating,$53
TRAK,$62.99,1440094866183,"726,343",50% bullish,of 2 ratings,$62.50
DFRG,$14.77,1440094866250,"39,889",100% bearish,of 1 rating,$20
DHRM,$1.8595,1440094866278,"5,738",Not yet rated,NULL,N/A
TACOW,$4.38,1440094866311,"5,333",100% bullish,of 1 rating,N/A
TACO,$13.3475,1440094866343,"63,294",100% bullish,of 3 ratings,$20
DCTH,$0.5198,1440094866409,"136,851",78% bullish,of 9 ratings,N/A
DELT,$2.77,1440094866437,"3,668",Not yet rated,NULL,N/A
DGAS,$20.25,1440094866475,"7,258",67% bearish,of 3 ratings,N/A
DENN,$12.13,1440094866804,"194,992",100% bullish,of 3 ratings,$15
DEPO,$30.11,1440094866902,"364,658",60% bullish,of 5 ratings,$29
DSCI,$6.49,1440094866943,"23,446",50% bullish,of 2 ratings,$16
DERM,$24.165,1440094867041,"52,782",100% bearish,of 1 rating,$33.50
DXLG,$4.65,1440094867144,"15,288",100% bearish,of 1 rating,$8
DEST,$11.93,1440094867176,"17,795",50% bullish,of 2 ratings,N/A
DELTW,NULL,1440094867199,0,Not yet rated,NULL,N/A
XRAY,$55.88,1440094867275,"119,006",100% bullish,of 1 rating,$58
DSWL,NULL,1440094867442,0,100% bullish,of 1 rating,N/A
DMND,$31.02,1440094867685,"133,185",75% bullish,of 12 ratings,$32
DXCM,$91.3,1440094867711,"419,363",57% bullish,of 7 ratings,$98
DXM,$0.313,1440094867739,"94,015",50% bullish,of 2 ratings,N/A
DHXM,NULL,1440094867789,0,Not yet rated,NULL,N/A
FANG,$70.74,1440094867933,"316,634",50% bullish,of 2 ratings,$86
DCIX,$1.81,1440094867962,"23,886",50% bullish,of 4 ratings,$3.50
DHIL,$193.89,1440094868017,"1,070",Not yet rated,NULL,N/A
DMRC,$35.31,1440094868282,"42,265",100% bearish,of 1 rating,$44
DRNA,$9.89,1440094868309,"71,984",67% bearish,of 3 ratings,$25
DGII,$10.0501,1440094868346,"23,916",100% bearish,of 1 rating,$10
DGLY,$7.167,1440094868438,"83,560",50% bullish,of 6 ratings,$20
DRAD,$3.9801,1440094868464,"8,620",100% bullish,of 1 rating,$5.25
APPS,$2.285,1440094868544,"55,712",100% bearish,of 1 rating,$10.25
DPRX,$12.19,1440094868761,"73,018",100% bullish,of 2 ratings,$27.75
DIOD,$19.4,1440094868793,"68,653",75% bearish,of 4 ratings,$24
DCOM,$17.14,1440094868845,"43,304",100% bearish,of 2 ratings,$16.50
DISCA,$27.33,1440094868891,"3,122,832",67% bullish,of 3 ratings,$34
DISCK,$26.28,1440094868987,"3,498,490",100% bearish,of 1 rating,$32
DISCB,$30.53,1440094869046,50,100% bearish,of 1 rating,$35
DSCO,$0.4435,1440094869118,"85,037",83% bullish,of 6 ratings,$2.75
DVCR,$11.49,1440094869181,"6,849",100% bullish,of 1 rating,N/A
DISH,$63.305,1440094869323,"774,723",69% bullish,of 13 ratings,$73
BAGR,$3.08,1440094869415,"6,356",100% bearish,of 1 rating,$6
DLTR,$80.75,1440094869466,"682,384",82% bullish,of 11 ratings,$88
DLHC,$2.58,1440094869561,"1,404",100% bearish,of 1 rating,N/A
DGICA,$14.41,1440094869614,"3,190",100% bearish,of 1 rating,$17
DNBF,$26.71,1440094869646,"1,238",Not yet rated,NULL,$27.50
DMLP,$13.84,1440094869697,"132,621",100% bearish,of 1 rating,N/A
DGICB,NULL,1440094869752,0,100% bearish,of 1 rating,N/A
DORM,$50.41,1440094870014,"49,960",100% bearish,of 1 rating,$56
DRWIW,$0.068,1440094870112,200,Not yet rated,NULL,N/A
DRYS,$0.3457,1440094870138,"2,076,844",77% bullish,of 31 ratings,$.60
HILL,$9.67,1440094870165,"4,629,825",60% bearish,of 5 ratings,$9
DRWI,$0.2509,1440094870221,"387,092",60% bullish,of 5 ratings,$.45
DSKX,$3.17,1440094870243,"102,708",100% bullish,of 1 rating,N/A
DWA,$18.11,1440094870298,"232,315",63% bullish,of 8 ratings,$26
DSPG,$8.79,1440094870326,"23,765",100% bearish,of 1 rating,$13.50
CADT,NULL,1440094870802,0,Not yet rated,NULL,N/A
CADTU,NULL,1440094870827,0,Not yet rated,NULL,N/A
DRRX,$2.01,1440094870962,"110,730",50% bullish,of 6 ratings,$3
CADTR,NULL,1440094870988,0,Not yet rated,NULL,N/A
DTSI,$27,1440094871014,"34,871",100% bearish,of 2 ratings,$39.50
CADTW,NULL,1440094871045,0,Not yet rated,NULL,N/A
DNKN,$50.34,1440094871071,"852,165",67% bullish,of 15 ratings,$56.50
DYAX,$22.34,1440094871213,"111,731",89% bullish,of 9 ratings,$30
BOOM,$10.24,1440094871366,"31,813",67% bullish,of 3 ratings,$12
EBMT,$11.46,1440094871506,"1,300",Not yet rated,NULL,$13.50
DYSL,$1.6399,1440094871539,"375,074",100% bullish,of 2 ratings,N/A
DXPE,$28.1801,1440094871567,"60,710",50% bullish,of 2 ratings,N/A
DYNT,$2.95,1440094871594,"5,642",75% bullish,of 4 ratings,N/A
DVAX,$28.0874,1440094871642,"134,245",70% bullish,of 10 ratings,$40
ETFC,$26.755,1440094871873,"1,020,250",57% bullish,of 14 ratings,$33
EGLE,$6.615,1440094872004,"8,456",60% bullish,of 5 ratings,N/A
EGBN,$43.63,1440094872059,"27,304",Not yet rated,NULL,$48
ELNK,$8.61,1440094872097,"291,875",60% bullish,of 5 ratings,$9.50
EGRX,$65.8501,1440094872159,"161,873",67% bullish,of 3 ratings,$97
EROC,$1.165,1440094872185,"203,885",50% bullish,of 2 ratings,$3
EML,$16.96,1440094872315,"12,900",Not yet rated,NULL,N/A
EWBC,$42.88,1440094872341,"700,981",100% bearish,of 1 rating,$50
EVBS,$6.45,1440094872498,886,Not yet rated,NULL,$7
EBAY,$26.6223,1440094872524,"5,214,121",81% bullish,of 117 ratings,$48
EACQU,$10.2,1440094872557,944,Not yet rated,NULL,N/A
EBIX,$29.53,1440094872659,"126,951",69% bullish,of 13 ratings,$40
ELON,$0.5559,1440094872734,"35,212",50% bullish,of 2 ratings,N/A
ECHO,$25.62,1440094873020,"236,873",67% bearish,of 3 ratings,$35.50
ECTE,$1.4901,1440094873046,"5,900",75% bullish,of 4 ratings,N/A
SATS,$45.341,1440094873106,"54,366",50% bullish,of 2 ratings,$60
ECACU,$10.09,1440094873311,"13,500",Not yet rated,NULL,N/A
EDUC,$4.7,1440094873348,"5,966",100% bearish,of 1 rating,N/A
ESES,$3.4,1440094873443,"1,649",100% bearish,of 1 rating,$7
EEI,$11.22,1440094873471,900,67% bearish,of 3 ratings,N/A
EDGW,$7.15,1440094873507,"11,300",100% bearish,of 1 rating,N/A
EFUT,$4.2711,1440094873529,"1,000",Not yet rated,NULL,N/A
EDAP,$3.45,1440094873604,"27,921",60% bullish,of 5 ratings,$4.50
EGAN,$3.5,1440094873658,"305,300",50% bullish,of 2 ratings,$6.25
EGLT,$11.265,1440094873868,"103,428",50% bullish,of 2 ratings,$21
EHTH,$14.25,1440094873999,"51,725",50% bullish,of 4 ratings,$16.50
LOCO,$12.64,1440094874057,"1,133,286",69% bullish,of 13 ratings,$20
ESLT,$81.0001,1440094874092,"4,256",100% bullish,of 2 ratings,N/A
EMITF,$1.299,1440094874166,"3,704",75% bullish,of 4 ratings,N/A
ELRC,$10.26,1440094874235,"8,760",100% bearish,of 1 rating,N/A
ERI,$9.48,1440094874400,"45,346",100% bearish,of 1 rating,$10
EA,$68.34,1440094874441,"1,875,753",77% bullish,of 35 ratings,$80
ESIO,$4.64,1440094874471,"47,205",50% bullish,of 2 ratings,$10
EFII,$44.416,1440094874499,"46,693",80% bullish,of 5 ratings,$55
ELEC,NULL,1440094874631,0,Not yet rated,NULL,N/A
ELSE,$4.07,1440094874661,486,60% bullish,of 5 ratings,N/A
ELECU,NULL,1440094874687,0,Not yet rated,NULL,N/A
ELECW,NULL,1440094874831,0,Not yet rated,NULL,N/A
EBIO,$3.2095,1440094874934,"463,294",100% bearish,of 2 ratings,$8.35
RDEN,$10.61,1440094874991,"52,556",100% bearish,of 4 ratings,$15
CAPX,NULL,1440094875171,0,Not yet rated,NULL,N/A
LONG,$17.065,1440094875196,"21,651",67% bullish,of 3 ratings,$15.75
ESBK,$19.5,1440094875244,"2,800",Not yet rated,NULL,N/A
ELTK,$1.1499,1440094875269,"27,248",67% bearish,of 3 ratings,N/A
EMCI,$23.665,1440094875422,"8,250",Not yet rated,NULL,N/A
EMKR,$7.035,1440094875450,"40,023",75% bullish,of 4 ratings,$8.50
EMCF,NULL,1440094875476,0,100% bearish,of 1 rating,N/A
EMMS,$1.324,1440094875613,"16,400",67% bullish,of 6 ratings,N/A
EMMSP,NULL,1440094875751,0,100% bearish,of 1 rating,N/A
ENTA,$40.67,1440094875777,"71,647",50% bullish,of 2 ratings,$42
NYNY,$4.1,1440094875835,"32,843",50% bullish,of 2 ratings,N/A
ERS,$3.39,1440094875862,"1,385",Not yet rated,NULL,N/A
ECPG,$39.4,1440094875912,"68,676",100% bullish,of 2 ratings,$52
WIRE,$32.87,1440094876157,"23,727",100% bearish,of 1 rating,$37
ENDP,$82.05,1440094876228,"633,175",50% bullish,of 6 ratings,$104
ELGX,$13.09,1440094876314,"319,872",75% bullish,of 4 ratings,$17
EIGI,$15.505,1440094876344,"268,129",67% bearish,of 3 ratings,$20
ECYT,$5.06,1440094876379,"143,859",83% bullish,of 6 ratings,$12
EFOI,$17.06,1440094876405,"428,180",50% bullish,of 2 ratings,$20.50
EXXI,$1.56,1440094876475,"674,518",86% bullish,of 7 ratings,$3.50
WATT,$6.9802,1440094876507,"44,481",50% bullish,of 2 ratings,$13
ENOC,$8.0895,1440094876671,"84,169",75% bullish,of 4 ratings,$18
ERII,$2.8408,1440094876873,"32,078",80% bullish,of 5 ratings,$2.50
ENPH,$4.535,1440094876937,"292,319",75% bullish,of 4 ratings,$11
ENG,$1.05,1440094876965,"19,556",100% bullish,of 3 ratings,N/A
ESGR,$152.2,1440094876987,"17,786",100% bearish,of 1 rating,$185
ENFC,$18.1337,1440094877017,"2,684",Not yet rated,NULL,N/A
ENTG,$14,1440094877199,"97,992",100% bearish,of 1 rating,$18
ENTL,$22.19,1440094877259,"23,669",Not yet rated,NULL,$28
ETRM,$0.2451,1440094877302,"286,825",69% bearish,of 35 ratings,$1.625
EBTC,$20.62,1440094877404,"1,735",Not yet rated,NULL,N/A
EGT,$2.15,1440094877476,"6,725",100% bullish,of 1 rating,N/A
ENVI,$1.7701,1440094877541,"5,814",67% bullish,of 3 ratings,N/A
EFSC,$24.7289,1440094877607,"13,012",Not yet rated,NULL,$27
ENZN,$1.1,1440094877677,"229,365",100% bullish,of 9 ratings,N/A
EPIQ,$13.955,1440094877863,"36,841",100% bearish,of 1 rating,$18
EPRS,$4.815,1440094877917,"58,796",82% bullish,of 11 ratings,$15
ENZY,$8.99,1440094877967,"6,476",67% bullish,of 3 ratings,$9.50
EQFN,$8.3,1440094878128,"2,400",Not yet rated,NULL,N/A
PLUS,$79.01,1440094878155,"129,412",50% bullish,of 2 ratings,$88
EQIX,$281.59,1440094878218,"126,858",67% bullish,of 3 ratings,$312.50
EPZM,$16.16,1440094878287,"79,925",60% bullish,of 5 ratings,$34
EAC,$3.69,1440094878319,"10,962",100% bearish,of 1 rating,$8
ERIC,$9.87,1440094878384,"685,145",63% bullish,of 8 ratings,$13.30
ESCA,$18.18,1440094878483,"4,629",100% bearish,of 1 rating,$22
ESCR,$0.181,1440094878619,"40,816",50% bullish,of 2 ratings,N/A
ERIE,$87.43,1440094878648,"6,201",Not yet rated,NULL,$73
ESCRP,NULL,1440094878757,0,100% bearish,of 1 rating,N/A
ESPR,$52.435,1440094878831,"986,195",67% bearish,of 9 ratings,$123
ESSA,$12.8676,1440094878937,"3,854",100% bearish,of 1 rating,N/A
ESND,$35.94,1440094879068,"29,124",50% bullish,of 2 ratings,$40
ESSX,$0.5029,1440094879102,"18,880",50% bullish,of 2 ratings,N/A
EPIX,NULL,1440094879136,0,Not yet rated,NULL,N/A
ETSY,$14.52,1440094879162,"400,628",80% bullish,of 5 ratings,$16
ESMC,$1.3,1440094879195,101,Not yet rated,NULL,N/A
EEFT,$68.07,1440094879365,"83,885",100% bearish,of 1 rating,$67.50
ESEA,$6.12,1440094879416,"2,047",100% bullish,of 1 rating,$15
CLWT,NULL,1440094879497,0,100% bearish,of 1 rating,N/A
EVK,$3.86,1440094879561,"1,312",75% bearish,of 4 ratings,N/A
EVEP,$7.7456,1440094879588,"166,227",50% bullish,of 2 ratings,$15
EVLV,$2.19,1440094879729,"66,471",60% bullish,of 5 ratings,$6.50
EVOL,$6.168,1440094879887,"8,287",75% bullish,of 4 ratings,$10
EXEL,$5.4735,1440094879938,"1,614,364",81% bullish,of 16 ratings,$6
EVOK,$4.212,1440094879967,"146,884",100% bearish,of 1 rating,$13.75
EXAS,$21.8,1440094880029,"280,579",78% bullish,of 9 ratings,$31
EXA,$10.705,1440094880055,"5,522",100% bearish,of 1 rating,$13
EXAC,$18.87,1440094880097,"13,173",100% bearish,of 1 rating,$22.50
EXPE,$119.19,1440094880258,"312,065",64% bullish,of 11 ratings,$130
EXFO,$2.83,1440094880327,"2,900",67% bearish,of 3 ratings,$3.95
EXLS,$37.125,1440094880352,"42,034",100% bullish,of 1 rating,$41
EXPD,$49.54,1440094880391,"896,454",80% bullish,of 5 ratings,$50.50
EXPO,$43.09,1440094880498,"17,297",100% bearish,of 1 rating,$45.50
ESRX,$88.49,1440094880530,"1,225,132",67% bearish,of 6 ratings,$101
EXTR,$2.89,1440094880815,"458,271",80% bullish,of 5 ratings,$3
EZCH,$21.26,1440094880857,"50,138",75% bullish,of 8 ratings,$19.50
EZPW,$6.09,1440094880884,"71,927",50% bullish,of 4 ratings,$7.50
EXLP,$19.4954,1440094880914,"39,164",100% bearish,of 1 rating,$27
EYEG,$4.25,1440094880943,"13,485",Not yet rated,NULL,N/A
EYEGW,NULL,1440094880969,0,Not yet rated,NULL,N/A
FFIV,$128.09,1440094880991,"447,987",63% bullish,of 8 ratings,$132
FCS,$13.46,1440094881123,"439,801",67% bearish,of 3 ratings,$17
FB,$91.24,1440094881266,"17,679,838",73% bullish,of 1065 ratings,$111
FRP,$16.93,1440094881410,"24,450",100% bearish,of 1 rating,$18
FWM,$2.3016,1440094881458,"72,061",100% bearish,of 2 ratings,$3.20
FALC,$1.6265,1440094881483,"23,353",63% bearish,of 8 ratings,N/A
DAVE,$14.055,1440094881650,"12,329",100% bearish,of 1 rating,$15.50
FARM,$22.37,1440094881707,"6,714",100% bearish,of 1 rating,$35
FMNB,$8.1,1440094881734,"3,387",Not yet rated,NULL,N/A
FARO,$38.84,1440094881782,"45,719",50% bullish,of 2 ratings,$48
FFKT,$26.82,1440094881816,"2,405",Not yet rated,NULL,$29
FAST,$39.64,1440094881915,"586,543",80% bullish,of 5 ratings,$46
FBSS,$15.451,1440094881943,163,Not yet rated,NULL,N/A
FATE,$6.05,1440094881970,"109,722",50% bullish,of 2 ratings,$11
FBRC,$22.8,1440094882170,"3,325",100% bearish,of 1 rating,$29
FDML,$9.145,1440094882198,"96,086",50% bullish,of 4 ratings,$14
FEIC,$79.865,1440094882335,"150,625",50% bullish,of 2 ratings,$95.50
FNHC,$22.7389,1440094882360,"26,635",100% bearish,of 1 rating,$35
FHCO,$1.4,1440094882497,"14,160",50% bullish,of 4 ratings,N/A
FENX,$9.735,1440094882633,"14,809",100% bullish,of 1 rating,$14.25
FCSC,$5.77,1440094882664,"73,753",100% bearish,of 1 rating,$8.125
FGEN,$24.36,1440094882697,"89,449",100% bearish,of 1 rating,$39
FDUS,$14.82,1440094882767,"12,588",100% bullish,of 1 rating,$18
ONEQ,$193.22,1440094882793,"11,840",100% bullish,of 1 rating,N/A
FSAM,$8.88,1440094882820,"1,532",100% bearish,of 1 rating,$11
LION,$19.4,1440094882864,"38,766",100% bullish,of 1 rating,$20
FSC,$6.61,1440094883043,"475,435",75% bullish,of 4 ratings,$8
FSCFL,$24.89,1440094883070,"6,305",Not yet rated,NULL,N/A
FRGI,$53.5,1440094883097,"60,424",50% bullish,of 2 ratings,$70
FSFR,$9.12,1440094883283,"43,593",100% bearish,of 1 rating,$11.50
FITBI,$27.74,1440094883322,"4,589",Not yet rated,NULL,N/A
FITB,$20.56,1440094883366,"2,217,973",54% bullish,of 13 ratings,$22
FNSR,$15.91,1440094883523,"582,858",71% bullish,of 7 ratings,$24.50
FNGN,$34.29,1440094883609,"158,086",67% bullish,of 3 ratings,$47
FNJN,$1.73,1440094883687,"5,972",100% bearish,of 1 rating,$5
FNTC,$9.82,1440094883716,100,Not yet rated,NULL,N/A
FNTCU,NULL,1440094883746,0,Not yet rated,NULL,N/A
FISI,$24.75,1440094883773,"36,417",100% bullish,of 2 ratings,$24.50
FEYE,$40.61,1440094883848,"2,458,754",87% bullish,of 15 ratings,$55.50
FNTCW,NULL,1440094883982,0,Not yet rated,NULL,N/A
FBNC,$16.92,1440094884044,"13,557",100% bullish,of 1 rating,$20
FNLC,$18.8,1440094884072,"2,710",100% bullish,of 1 rating,N/A
BUSE,$6.37,1440094884291,"33,562",Not yet rated,NULL,$6.875
FRBA,$6.0499,1440094884322,500,Not yet rated,NULL,$8
FBIZ,$43.75,1440094884352,"6,836",100% bearish,of 2 ratings,$52
FCVA,$4.78,1440094884457,"1,580",Not yet rated,NULL,N/A
FCFS,$38.53,1440094884514,"42,898",100% bearish,of 2 ratings,$48
FCAP,$27,1440094884602,200,Not yet rated,NULL,N/A
FCNCA,$242.884,1440094884630,"1,238",Not yet rated,NULL,N/A
FCBC,$17.69,1440094884767,"6,801",Not yet rated,NULL,$18
FCCO,$11.9,1440094884876,836,Not yet rated,NULL,$13.25
FCLF,NULL,1440094884927,0,Not yet rated,NULL,N/A
FBNK,$16.39,1440094885009,"5,446",100% bearish,of 1 rating,$17.50
FDEF,$37.97,1440094885058,"18,112",Not yet rated,NULL,$38
FCFP,$6.824,1440094885084,"1,500",Not yet rated,NULL,N/A
FFBC,$19.08,1440094885219,"52,654",67% bearish,of 3 ratings,$20.25
FFNM,$6.42,1440094885256,100,Not yet rated,NULL,N/A
FFBCW,NULL,1440094885322,0,100% bearish,of 1 rating,N/A
FFIN,$31.205,1440094885393,"67,410",50% bullish,of 2 ratings,$31.75
FFWM,$21.5,1440094885529,"6,916",Not yet rated,NULL,$24
THFF,$33.34,1440094885635,"3,757",Not yet rated,NULL,$35
FFNW,$12.5511,1440094885687,"20,714",Not yet rated,NULL,$14
FIBK,$27.27,1440094885719,"22,084",Not yet rated,NULL,$32
INBK,$32.142,1440094885800,"7,164",50% bullish,of 2 ratings,$37
FMBH,NULL,1440094885827,0,Not yet rated,NULL,N/A
FRME,$25.58,1440094885854,"73,215",Not yet rated,NULL,$26.50
FSFG,$31.12,1440094886268,100,Not yet rated,NULL,N/A
FMBI,$18.035,1440094886302,"98,375",Not yet rated,NULL,$20
FNBC,$34.88,1440094886354,"37,006",Not yet rated,NULL,$41.50
FSGI,$2.49,1440094886381,"3,057",Not yet rated,NULL,N/A
FNFG,$9.455,1440094886410,"966,983",80% bullish,of 5 ratings,$9
FNWB,$12.07,1440094886440,"6,570",Not yet rated,NULL,N/A
FSLR,$48.36,1440094886468,"716,575",74% bullish,of 39 ratings,$65
FSBK,$7.9101,1440094886549,"4,389",100% bullish,of 1 rating,N/A
FCA,$20.8905,1440094886826,"3,750",Not yet rated,NULL,N/A
BICK,$19.93,1440094886855,400,100% bullish,of 1 rating,N/A
FCAN,$24.74,1440094886877,"1,429",Not yet rated,NULL,N/A
FBZ,NULL,1440094886912,0,Not yet rated,NULL,N/A
FTCS,$37.9099,1440094886940,"27,698",Not yet rated,NULL,N/A
FV,$24.06,1440094887006,"933,742",Not yet rated,NULL,N/A
IFV,$18.14,1440094887078,"1,159,041",100% bearish,of 1 rating,N/A
FEMB,$42.01,1440094887145,100,Not yet rated,NULL,N/A
FTSM,$59.93,1440094887410,"7,400",100% bearish,of 1 rating,N/A
TDIV,$25.2293,1440094887443,"105,689",100% bearish,of 1 rating,N/A
FEUZ,$31.41,1440094887542,697,Not yet rated,NULL,N/A
MDIV,$19.7096,1440094887567,"106,371",Not yet rated,NULL,N/A
HYLS,$49.7101,1440094887697,"13,918",100% bearish,of 1 rating,N/A
FTHI,$20.24,1440094887724,"5,292",Not yet rated,NULL,N/A
FTGC,$22.59,1440094887746,"61,733",Not yet rated,NULL,N/A
FGM,$35.795,1440094887777,"24,914",Not yet rated,NULL,N/A
FPXI,$28.25,1440094887980,"1,025",Not yet rated,NULL,N/A
FHK,$33.8301,1440094888006,"63,007",Not yet rated,NULL,N/A
YDIV,$16.81,1440094888082,"5,437",Not yet rated,NULL,N/A
SKYY,$29.7396,1440094888142,"28,004",100% bullish,of 1 rating,N/A
CU,$13.0141,1440094888226,"6,210",100% bearish,of 1 rating,N/A
PLTM,$6.6987,1440094888274,"4,632",100% bearish,of 1 rating,N/A
FJP,$48.08,1440094888404,"65,961",Not yet rated,NULL,N/A
FMB,$51.14,1440094888435,"4,628",Not yet rated,NULL,N/A
FTLB,NULL,1440094888466,0,100% bearish,of 1 rating,N/A
LMBS,$50.48,1440094888537,"9,114",Not yet rated,NULL,N/A
QABA,$38.36,1440094888563,"20,977",100% bearish,of 1 rating,N/A
FONE,$35.26,1440094888693,"1,849",Not yet rated,NULL,N/A
CIBR,$18.74,1440094888725,"86,422",Not yet rated,NULL,N/A
GRID,$32.3901,1440094888824,100,100% bearish,of 1 rating,N/A
QCLN,$15.2721,1440094888888,"14,861",Not yet rated,NULL,N/A
CARZ,$35.8184,1440094888925,"1,457",100% bearish,of 1 rating,N/A
QQEW,$42.88,1440094889113,"80,660",Not yet rated,NULL,N/A
RDVY,$22.0599,1440094889337,"1,646",Not yet rated,NULL,N/A
QTEC,$40.74,1440094889372,"49,582",Not yet rated,NULL,N/A
QQXT,$41.8602,1440094889405,"3,566",Not yet rated,NULL,N/A
QINC,NULL,1440094889472,0,Not yet rated,NULL,N/A
AIRR,$16.521,1440094889507,"3,859",100% bearish,of 1 rating,N/A
FTSL,$48.9662,1440094889548,"27,132",100% bearish,of 1 rating,N/A
FKO,NULL,1440094889604,0,Not yet rated,NULL,N/A
FDIV,$48.09,1440094889629,323,100% bearish,of 1 rating,N/A
FSZ,$39.84,1440094889847,"18,782",Not yet rated,NULL,N/A
FTW,NULL,1440094889875,0,Not yet rated,NULL,N/A
FKU,$42.96,1440094889922,"16,194",Not yet rated,NULL,N/A
TUSA,NULL,1440094889948,0,Not yet rated,NULL,N/A
FUNC,$8.3194,1440094890076,"2,300",Not yet rated,NULL,N/A
SVVC,$10.5701,1440094890207,"10,575",100% bullish,of 1 rating,$26
FISV,$89.06,1440094890339,"335,666",100% bearish,of 3 ratings,$90
FSV,$32.12,1440094890370,"3,145",Not yet rated,NULL,$33.60
FMER,$18.03,1440094890400,"336,292",50% bullish,of 2 ratings,$20
FIVN,$4.19,1440094890499,"234,330",100% bullish,of 1 rating,$8.50
FPRX,$18.09,1440094890526,"126,375",50% bullish,of 2 ratings,$35
FIVE,$36.38,1440094890552,"109,051",75% bearish,of 4 ratings,$44
FLKS,$14.26,1440094890601,"40,697",50% bullish,of 2 ratings,$27
FLML,$21.04,1440094890734,"93,024",50% bullish,of 2 ratings,$30
FLXN,$24.28,1440094890942,"53,915",100% bearish,of 1 rating,$40
SKOR,$50.5,1440094891075,200,Not yet rated,NULL,N/A
MBSD,$24.932,1440094891177,805,Not yet rated,NULL,N/A
FLXS,$32.16,1440094891202,"30,131",100% bearish,of 2 ratings,N/A
FLEX,$10.825,1440094891229,"1,063,443",63% bullish,of 8 ratings,$12
FLIR,$29.79,1440094891370,"313,264",100% bearish,of 1 rating,$38.50
FLDM,$12.77,1440094891447,"251,121",67% bearish,of 3 ratings,$21.50
FFIC,$20.47,1440094891541,"10,565",Not yet rated,NULL,$21
FOMX,$10.05,1440094891567,"218,939",50% bullish,of 2 ratings,$23.50
FONR,$9.8999,1440094891646,"18,411",100% bullish,of 1 rating,N/A
FES,$0.9484,1440094891805,300,50% bullish,of 2 ratings,$1
FORM,$6.155,1440094891832,"68,044",67% bullish,of 3 ratings,$10.50
FORTY,NULL,1440094891965,0,Not yet rated,NULL,N/A
FORR,$32.82,1440094891991,"13,070",Not yet rated,NULL,N/A
FTNT,$44.91,1440094892128,"884,868",80% bullish,of 10 ratings,$52
FBIO,$2.8,1440094892159,"72,121",83% bullish,of 6 ratings,N/A
FORD,$1.04,1440094892307,"89,111",50% bullish,of 2 ratings,N/A
FOSL,$61.042,1440094892341,"398,559",50% bullish,of 4 ratings,$70
FWRD,$48.14,1440094892363,"162,091",100% bearish,of 1 rating,$50
FWP,$25.41,1440094892411,"7,626",100% bearish,of 1 rating,$45
FMI,$20.05,1440094892444,"76,301",100% bearish,of 2 ratings,$27.50
FOGO,$18.89,1440094892494,"78,068",50% bullish,of 2 ratings,$25.50
FXCB,$17.27,1440094892593,"1,084",Not yet rated,NULL,$19
FOXF,$15.41,1440094892733,"14,885",100% bearish,of 1 rating,$19
FELE,$29.41,1440094892799,"118,447",50% bullish,of 4 ratings,$33
FRED,$14.48,1440094892978,"44,867",50% bullish,of 2 ratings,$16.50
FREE,$0.5098,1440094893012,"2,166,940",92% bullish,of 12 ratings,N/A
FRAN,$10.29,1440094893038,"224,787",50% bullish,of 4 ratings,$15
RAIL,$20.61,1440094893205,"36,338",100% bearish,of 1 rating,$24.50
FRPT,$13.32,1440094893239,"145,030",67% bearish,of 3 ratings,$23.50
FTRPR,$103.57,1440094893270,"101,848",100% bearish,of 1 rating,N/A
FTR,$5.27,1440094893299,"9,113,374",78% bullish,of 27 ratings,$6.25
FEIM,$11.09,1440094893368,"2,300",100% bearish,of 1 rating,N/A
FTD,$30.18,1440094893430,"25,798",100% bearish,of 1 rating,$40
FSBW,$23.44,1440094893637,1,Not yet rated,NULL,N/A
FSYS,$6.52,1440094893679,"29,051",67% bullish,of 3 ratings,$10
FRPH,$31.02,1440094893710,447,100% bearish,of 1 rating,N/A
FTEK,$2.225,1440094893781,"21,225",75% bullish,of 4 ratings,N/A
FCEL,$0.7772,1440094893806,"524,761",88% bullish,of 40 ratings,$2.65
FULL,$3.1801,1440094893966,"7,197",67% bearish,of 3 ratings,$4.25
FULLL,$25.38,1440094894031,"2,500",Not yet rated,NULL,N/A
FULT,$12.645,1440094894115,"296,370",100% bearish,of 1 rating,$13
FLL,$1.55,1440094894152,"64,695",75% bullish,of 4 ratings,$2.825
FSNN,$2.552,1440094894219,"1,600",67% bullish,of 3 ratings,$6
FXENP,$16.25,1440094894251,400,100% bearish,of 1 rating,N/A
FFHL,NULL,1440094894280,0,50% bullish,of 4 ratings,N/A
FXEN,$0.972,1440094894312,"37,750",75% bullish,of 4 ratings,$1.10
GK,$71.02,1440094894412,"13,118",Not yet rated,NULL,$78
WILC,$5.1499,1440094894549,"5,470",100% bullish,of 2 ratings,N/A
GLPG,$63.9077,1440094894765,"4,835",100% bullish,of 1 rating,$75
GALT,$1.98,1440094894790,"54,251",80% bullish,of 5 ratings,N/A
GAIA,$5.9,1440094894818,"9,465",50% bullish,of 2 ratings,$8.50
GALTU,NULL,1440094894952,0,100% bearish,of 1 rating,N/A
GLPI,$32.72,1440094894984,"136,291",100% bearish,of 1 rating,$37.50
GLMD,$8.5366,1440094895010,"2,071",67% bullish,of 3 ratings,$20.50
GALE,$1.355,1440094895037,"650,640",89% bullish,of 47 ratings,$4
GALTW,NULL,1440094895087,0,100% bullish,of 1 rating,N/A
GRMN,$39.42,1440094895174,"271,617",50% bullish,of 6 ratings,$48
GGAC,NULL,1440094895224,0,100% bearish,of 1 rating,N/A
GPIC,$10.89,1440094895249,200,100% bearish,of 1 rating,N/A
GGACR,NULL,1440094895396,0,100% bullish,of 1 rating,N/A
GGACU,NULL,1440094895543,0,Not yet rated,NULL,N/A
GGACW,$0.12,1440094895603,500,Not yet rated,NULL,N/A
GARS,$14.915,1440094895640,"7,664",Not yet rated,NULL,$16
GENC,$9.5001,1440094895735,600,100% bearish,of 1 rating,N/A
GNCMA,$17.03,1440094895761,"37,302",100% bearish,of 1 rating,$12
GFN,$3.8,1440094895896,"17,681",100% bearish,of 2 ratings,$8
GFNSL,$25.697,1440094895995,"1,700",Not yet rated,NULL,N/A
GFNCP,NULL,1440094896058,0,Not yet rated,NULL,N/A
GNCA,$12.25,1440094896089,"94,601",100% bearish,of 1 rating,$20
GNMK,$9.17,1440094896118,"48,971",67% bullish,of 6 ratings,$14
GENE,$2.575,1440094896258,"137,528",100% bullish,of 12 ratings,N/A
GNTX,$15.385,1440094896279,"645,441",Not yet rated,NULL,$20
GHDX,$25.29,1440094896309,"40,124",50% bullish,of 2 ratings,$30
THRM,$45.03,1440094896362,"106,204",75% bearish,of 4 ratings,$55.50
GNVC,$2.45,1440094896466,"3,810",90% bullish,of 10 ratings,$8.50
GTWN,$18.57,1440094896757,1,Not yet rated,NULL,N/A
GEOS,$15.17,1440094896841,"73,789",100% bearish,of 3 ratings,$25.50
GABC,$29.77,1440094896913,"7,660",Not yet rated,NULL,$31.50
GERN,$3.07,1440094896944,"435,142",88% bullish,of 16 ratings,$5.25
GIGM,$0.6206,1440094896982,"11,892",100% bullish,of 2 ratings,N/A
ROCK,$18.21,1440094897010,"20,218",80% bullish,of 5 ratings,$24
GEVO,$2.36,1440094897039,"172,380",75% bullish,of 12 ratings,$5
GILD,$113.39,1440094897181,"3,009,006",91% bullish,of 86 ratings,$129
GILT,$4.48,1440094897261,"9,206",50% bullish,of 2 ratings,N/A
GIGA,$1.39,1440094897318,"7,431",100% bearish,of 1 rating,N/A
GBCI,$26.6,1440094897423,"120,892",50% bullish,of 2 ratings,$31
GIII,$67.86,1440094897493,"46,161",67% bullish,of 3 ratings,$75
GLAD,$8.316,1440094897522,"35,273",50% bullish,of 2 ratings,$8.75
GLADO,$25.49,1440094897552,"1,666",Not yet rated,NULL,N/A
GOOD,$15.66,1440094897657,"12,281",Not yet rated,NULL,$19
GOODN,$25.6499,1440094897794,400,Not yet rated,NULL,N/A
GOODO,NULL,1440094897851,0,Not yet rated,NULL,N/A
GOODP,NULL,1440094897900,0,Not yet rated,NULL,N/A
GAINO,$25.7499,1440094897983,200,Not yet rated,NULL,N/A
GAIN,$7.7085,1440094898017,"101,243",100% bullish,of 2 ratings,$8.25
GAINP,$26.065,1440094898047,"1,222",Not yet rated,NULL,N/A
GAINN,$25.435,1440094898069,"60,311",Not yet rated,NULL,N/A
LAND,$9.53,1440094898114,"10,191",50% bullish,of 2 ratings,$13.75
GLBZ,NULL,1440094898298,0,Not yet rated,NULL,N/A
ENT,$11.55,1440094898429,"235,813",100% bearish,of 1 rating,$18
GBT,$45.28,1440094898468,"64,637",100% bearish,of 1 rating,N/A
GDEF,NULL,1440094898517,0,Not yet rated,NULL,N/A
GPACU,NULL,1440094898564,0,Not yet rated,NULL,N/A
GBLI,$26.47,1440094898618,"6,300",Not yet rated,NULL,N/A
GSOL,$8.45,1440094898666,"5,647",100% bearish,of 1 rating,N/A
ACTX,$13.78,1440094898906,"1,051",100% bullish,of 1 rating,N/A
QQQC,$20.1959,1440094899013,"8,373",100% bearish,of 1 rating,N/A
SOCL,$17.8021,1440094899043,"38,826",100% bullish,of 2 ratings,N/A
SRET,$13.85,1440094899098,"1,301",Not yet rated,NULL,N/A
ALTY,NULL,1440094899127,0,Not yet rated,NULL,N/A
GAI,$5.4001,1440094899149,"1,762",50% bullish,of 2 ratings,N/A
YLCO,$12.1099,1440094899188,100,Not yet rated,NULL,N/A
GSM,$13.53,1440094899284,"138,325",50% bullish,of 2 ratings,$24.50
GBIM,$2.24,1440094899470,"10,193",50% bullish,of 2 ratings,N/A
GLRI,$1.15,1440094899553,"3,089",100% bearish,of 1 rating,$6
GLBS,$1.0701,1440094899602,"2,000",67% bullish,of 3 ratings,N/A
GLUU,$4.51,1440094899734,"1,752,885",92% bullish,of 26 ratings,$9
GOGO,$15.81,1440094899808,"350,401",80% bullish,of 5 ratings,$25
GLNG,$37.26,1440094899838,"268,727",83% bullish,of 6 ratings,$58
GMLP,$19.695,1440094899870,"111,166",50% bullish,of 4 ratings,$32.50
GLYC,$7.21,1440094899897,"1,712",50% bullish,of 2 ratings,$14
GOGL,$3.16,1440094899937,"161,589",75% bullish,of 4 ratings,$5
GDEN,$8.79,1440094899971,"6,495",50% bullish,of 2 ratings,N/A
GLDC,NULL,1440094900070,0,50% bullish,of 2 ratings,N/A
GBDC,$16.5536,1440094900252,"31,150",Not yet rated,NULL,$17.75
GOOG,$647.96,1440094900311,"764,669",89% bullish,of 65 ratings,$825
GTIM,$6.153,1440094900382,"50,625",Not yet rated,NULL,$11.50
GOOGL,$680.9,1440094900408,"736,475",88% bullish,of 1079 ratings,$749
GPRO,$51.0679,1440094900454,"4,237,949",78% bullish,of 58 ratings,$72
GMAN,$4.481,1440094900658,"30,296",60% bullish,of 5 ratings,$8
GPIAW,NULL,1440094900683,0,Not yet rated,NULL,N/A
GPIA,NULL,1440094900709,0,Not yet rated,NULL,N/A
GPIAU,NULL,1440094900742,0,Not yet rated,NULL,N/A
LOPE,$36.88,1440094900839,"105,979",100% bearish,of 2 ratings,$50
GRVY,$3.67,1440094900869,519,50% bullish,of 2 ratings,N/A
GBSNU,$17.25,1440094900924,"3,050",Not yet rated,NULL,N/A
GBSN,$2.0629,1440094900945,"67,303",100% bearish,of 1 rating,$8.25
GLDD,$5.475,1440094901108,"79,292",100% bearish,of 4 ratings,$7.75
GNBC,$12.5799,1440094901134,"4,552",100% bearish,of 1 rating,$17
GSBC,$40.76,1440094901160,"12,536",100% bullish,of 1 rating,$44
GPP,$14.85,1440094901365,"24,993",Not yet rated,NULL,$20.50
GRBK,$13.52,1440094901396,"89,044",77% bullish,of 13 ratings,N/A
GPRE,$20.01,1440094901501,"292,250",67% bullish,of 6 ratings,$28.50
GCBC,NULL,1440094901531,0,100% bullish,of 1 rating,N/A
GRFS,$31.05,1440094901556,"43,750",50% bullish,of 2 ratings,$35
GRIF,NULL,1440094901584,0,100% bearish,of 1 rating,N/A
GLRE,$25.98,1440094901614,"93,213",100% bullish,of 1 rating,$41
OMAB,$40.59,1440094901749,"16,112",100% bullish,of 1 rating,$44
GRPN,$4.07,1440094901779,"3,793,340",61% bullish,of 71 ratings,$6.75
GGAL,$19.08,1440094901812,"136,710",80% bullish,of 5 ratings,$40
GSIT,$4.81,1440094902001,"6,632",100% bearish,of 1 rating,N/A
GSIG,$13.29,1440094902036,"9,060",100% bearish,of 2 ratings,N/A
GSVC,$9.3,1440094902063,"29,742",50% bullish,of 2 ratings,$14.50
GBNK,$15.815,1440094902270,"13,387",100% bearish,of 1 rating,$18
GTXI,$0.92,1440094902334,"44,545",100% bullish,of 5 ratings,$.75
GFED,$14.8443,1440094902361,"1,000",Not yet rated,NULL,$17
GULTU,$0.3011,1440094902431,"3,299,379",100% bearish,of 1 rating,N/A
GUID,$7.7653,1440094902491,"60,033",100% bearish,of 3 ratings,$10
GIFI,$12.41,1440094902590,"27,080",100% bearish,of 1 rating,$16
GURE,$1.74,1440094902632,"39,858",88% bullish,of 8 ratings,N/A
GPOR,$33.76,1440094902693,"408,021",75% bullish,of 4 ratings,$55
GWPH,$101.685,1440094902915,"196,406",78% bullish,of 9 ratings,$148.50
GYRO,$2.9909,1440094902975,"7,426",100% bearish,of 1 rating,N/A
HEES,$16.32,1440094903056,"147,471",67% bearish,of 3 ratings,$31
HLG,$9.3,1440094903082,"2,100",100% bearish,of 1 rating,N/A
GWGH,$7.55,1440094903108,200,100% bearish,of 1 rating,$15.05
HALO,$17.9725,1440094903274,"493,457",67% bullish,of 3 ratings,$22.50
HNRG,$7.165,1440094903308,"110,438",100% bearish,of 1 rating,$10
HBK,$13.72,1440094903454,550,50% bullish,of 2 ratings,N/A
HMPR,$1.94,1440094903503,"185,005",100% bullish,of 1 rating,N/A
HBHC,$27.49,1440094903531,"120,772",50% bullish,of 2 ratings,$30
HBHCL,$24.59,1440094903684,"14,182",Not yet rated,NULL,N/A
HAFC,$24.79,1440094903715,"28,316",100% bullish,of 2 ratings,$28.50
HNH,$28.66,1440094903747,"7,969",100% bullish,of 1 rating,N/A
HQCL,$9.73,1440094903934,"7,515",67% bullish,of 3 ratings,N/A
HALL,$11.5779,1440094903965,"3,758",Not yet rated,NULL,N/A
HNSN,$0.5094,1440094904101,"25,163",88% bullish,of 8 ratings,$.40
HDNG,$10.26,1440094904161,"1,066",50% bullish,of 4 ratings,N/A
HLIT,$5.68,1440094904318,"82,609",100% bearish,of 1 rating,$6.50
HRMNU,NULL,1440094904401,0,Not yet rated,NULL,N/A
HRMN,NULL,1440094904450,0,Not yet rated,NULL,N/A
HART,$0.6501,1440094904580,"89,578",100% bearish,of 1 rating,N/A
HCAPL,$25.51,1440094904634,"1,087",Not yet rated,NULL,N/A
HCAP,$12.114,1440094904682,"4,439",50% bullish,of 2 ratings,$15
HRMNW,NULL,1440094904706,0,Not yet rated,NULL,N/A
TINY,$2.4501,1440094904738,"18,776",50% bullish,of 2 ratings,$5.26
HBIO,$4.33,1440094905143,"15,408",Not yet rated,NULL,$10
HA,$24.65,1440094905351,"252,989",67% bullish,of 9 ratings,$27
HAS,$78.33,1440094905376,"268,426",63% bullish,of 8 ratings,$84.50
HCOM,$22.55,1440094905404,954,100% bearish,of 1 rating,$28
HWKN,$36.72,1440094905788,"6,733",Not yet rated,NULL,N/A
HIIQ,$4.59,1440094906071,"20,450",50% bullish,of 2 ratings,$7
HWBK,$13.49,1440094906121,328,100% bearish,of 1 rating,N/A
HAYN,$39.03,1440094906147,"28,919",100% bearish,of 1 rating,$59
HDS,$33.67,1440094906204,"497,321",100% bearish,of 2 ratings,$39.50
HCSG,$34.07,1440094906229,"53,044",50% bullish,of 4 ratings,$35
HQY,$31.049,1440094906285,"110,499",67% bullish,of 3 ratings,$31
HTLF,$36.58,1440094906539,"19,161",100% bullish,of 1 rating,$39.50
HSTM,$25,1440094906565,"53,868",50% bullish,of 2 ratings,$33.75
HTWR,$85.2,1440094906614,"51,697",50% bullish,of 2 ratings,$103
HWAY,$12.43,1440094906644,"111,392",100% bearish,of 1 rating,$15
HTBX,$5.4324,1440094906706,"16,420",50% bullish,of 2 ratings,$15.50
HELE,$89.17,1440094906745,"81,102",67% bearish,of 3 ratings,$100
HTLD,$20.62,1440094906771,"177,474",Not yet rated,NULL,$22.50
HSII,$20.22,1440094906797,"35,605",100% bullish,of 3 ratings,$25
HMNY,$2.29,1440094907155,"1,100",100% bearish,of 1 rating,N/A
HNNA,$23,1440094907390,"5,148",Not yet rated,NULL,N/A
HMTV,$12.9,1440094907416,906,100% bearish,of 1 rating,$16
HCACU,$10.02,1440094907641,200,Not yet rated,NULL,N/A
HFWA,$17.99,1440094907804,"7,910",100% bullish,of 1 rating,$20
HERO,$0.0682,1440094907833,"699,700",81% bullish,of 16 ratings,$.75
HTBK,$10.761,1440094907855,"26,399",Not yet rated,NULL,$12
HSIC,$143.72,1440094907888,"109,185",83% bullish,of 6 ratings,$146
HEOP,$7.82,1440094907989,"4,652",Not yet rated,NULL,$8.50
MLHR,$28.775,1440094908031,"72,443",50% bullish,of 2 ratings,$33.50
HCCI,$11.88,1440094908123,"4,354",100% bearish,of 1 rating,$16.50
HRTX,$33.025,1440094908160,"231,720",67% bullish,of 6 ratings,$41
HFFC,$16.2,1440094908294,"2,402",Not yet rated,NULL,N/A
HPJ,$2.6489,1440094908320,"13,550",75% bullish,of 4 ratings,$12.43
HIBB,$39.63,1440094908351,"121,302",100% bearish,of 1 rating,$48.50
HSKA,$33.82,1440094908457,"17,088",100% bearish,of 1 rating,$38
HIMX,$6.5698,1440094908683,"1,211,479",86% bullish,of 21 ratings,$8.50
HIHO,$4.11,1440094908715,"9,915",Not yet rated,NULL,N/A
HIFS,$119.6,1440094908811,761,Not yet rated,NULL,N/A
HMNF,$11.2,1440094908854,100,Not yet rated,NULL,N/A
HMSY,$9.21,1440094908914,"426,908",67% bullish,of 3 ratings,$19.35
HBCP,$24.29,1440094908945,"1,645",Not yet rated,NULL,$29
HOLX,$41.395,1440094908982,"458,281",67% bullish,of 3 ratings,$42
HSGX,$6.29,1440094909049,"2,400",100% bearish,of 1 rating,$17
HOLI,$17.39,1440094909125,"171,465",50% bullish,of 4 ratings,$27
HMIN,$29.38,1440094909371,"66,195",100% bearish,of 2 ratings,$35
AWAY,$30.335,1440094909402,"285,557",67% bullish,of 3 ratings,$36
HFBL,$21.8,1440094909424,"6,661",Not yet rated,NULL,N/A
HOMB,$39.88,1440094909458,"36,002",Not yet rated,NULL,$41
HMST,$21.32,1440094909565,"43,321",100% bullish,of 2 ratings,$27
HTBI,$18.55,1440094909592,"20,041",67% bullish,of 3 ratings,$18.625
HKTV,$4.9101,1440094909670,"15,500",100% bearish,of 1 rating,N/A
CETC,$0.8229,1440094909740,"64,425",86% bullish,of 7 ratings,N/A
HFBC,$11.5,1440094909848,"3,400",Not yet rated,NULL,N/A
HOFT,$24.6,1440094909880,"13,158",100% bearish,of 1 rating,N/A
HBNC,$24.58,1440094909977,"18,733",100% bullish,of 1 rating,$27
HZNP,$30.05,1440094910042,"758,985",85% bullish,of 20 ratings,$40
ZINC,$7.505,1440094910097,"271,683",100% bearish,of 1 rating,$17
HRZN,$10.79,1440094910129,"29,876",100% bearish,of 1 rating,$14.25
HDP,$25.63,1440094910233,"169,714",67% bearish,of 3 ratings,$30.50
HMHC,$22.31,1440094910375,"173,528",Not yet rated,NULL,$27
HWCC,$7.2633,1440094910463,"32,921",100% bearish,of 1 rating,$9
HBMD,NULL,1440094910509,0,100% bearish,of 1 rating,N/A
HOVNP,NULL,1440094910534,0,100% bearish,of 1 rating,N/A
HTGM,$5.87,1440094910761,"8,884",100% bearish,of 1 rating,$19.50
HSNI,$62.02,1440094910788,"84,895",Not yet rated,NULL,$80
HUBG,$40,1440094910924,"82,653",100% bearish,of 1 rating,$43
HBAN,$11.4001,1440094910957,"2,474,369",76% bullish,of 17 ratings,$12.50
HCBK,$9.915,1440094910983,"642,390",83% bullish,of 6 ratings,$8.61
HDSN,$2.9,1440094911005,"41,424",100% bullish,of 1 rating,$6.25
HSON,$2.86,1440094911042,"7,061",100% bearish,of 1 rating,$5
HBANP,$1358,1440094911145,79,100% bearish,of 1 rating,N/A
HURN,$74.33,1440094911420,"35,407",50% bullish,of 2 ratings,$80
HURC,$30.12,1440094911482,"8,796",100% bearish,of 1 rating,N/A
HTCH,$1.64,1440094911507,"32,030",100% bearish,of 1 rating,$3.50
HBP,$3.2,1440094911687,"2,900",100% bullish,of 1 rating,N/A
HDRAU,$10.1,1440094911720,"5,825",Not yet rated,NULL,N/A
HDRAW,NULL,1440094911750,0,Not yet rated,NULL,N/A
HDRAR,$0.3701,1440094911818,"1,700",Not yet rated,NULL,N/A
HDRA,$9.69,1440094911843,100,Not yet rated,NULL,N/A
HYGS,$7.4,1440094911874,"15,182",50% bullish,of 2 ratings,$13
IDSY,$3.84,1440094912050,"13,038",100% bearish,of 1 rating,$7
IACI,$71.6,1440094912076,"405,433",75% bullish,of 4 ratings,$90
IBKC,$61.63,1440094912138,"50,446",100% bullish,of 1 rating,$70
IKGH,$1.71,1440094912169,"4,800",75% bullish,of 4 ratings,N/A
ICAD,$3.52,1440094912193,"18,435",50% bullish,of 2 ratings,$7.25
IEP,$69.056,1440094912274,"85,445",75% bullish,of 4 ratings,$99
ICFI,$36.27,1440094912456,"43,712",50% bullish,of 2 ratings,$48.50
ICLR,$79.4925,1440094912628,"144,282",100% bearish,of 3 ratings,$85
ICUI,$119.11,1440094912654,"36,071",Not yet rated,NULL,$122
ICON,$12.81,1440094912688,"193,120",50% bullish,of 2 ratings,$18.50
INVE,$4.655,1440094912825,"47,476",75% bullish,of 4 ratings,$4
DSKY,$12.01,1440094912993,"328,896",67% bullish,of 6 ratings,$11.50
IROQ,NULL,1440094913018,0,100% bullish,of 1 rating,N/A
IPWR,$7.5,1440094913085,"5,540",100% bullish,of 1 rating,$15
IDRA,$2.48,1440094913156,"998,596",89% bullish,of 9 ratings,$6.50
IDXX,$76.75,1440094913184,"187,882",100% bearish,of 1 rating,$77
IRG,$4.79,1440094913340,"12,064",100% bearish,of 1 rating,$4.50
IIVI,$17.9,1440094913474,"85,503",100% bearish,of 1 rating,$22
RXDX,$12.35,1440094913500,"86,556",100% bullish,of 1 rating,$20
KANG,$15.55,1440094913528,"278,649",50% bullish,of 2 ratings,$22.55
IKAN,$2.72,1440094913691,"33,500",83% bullish,of 6 ratings,$5
IKNX,NULL,1440094913716,0,100% bearish,of 1 rating,N/A
IMNP,$1.4499,1440094913931,"69,204",50% bullish,of 2 ratings,$6
ISNS,$4.06,1440094913965,"19,051",50% bullish,of 2 ratings,N/A
ILMN,$201.574,1440094913999,"324,825",80% bullish,of 5 ratings,$240
ICCC,$8.174,1440094914062,"10,459",100% bullish,of 1 rating,N/A
IMMR,$11.32,1440094914095,"128,203",80% bullish,of 5 ratings,$15.50
IMDZ,$15.72,1440094914164,"35,072",100% bearish,of 1 rating,$33
IMGN,$12.74,1440094914192,"342,379",75% bullish,of 4 ratings,$17.50
IMMU,$1.765,1440094914222,"281,858",86% bullish,of 7 ratings,$2
IPXL,$44.73,1440094914449,"258,073",67% bullish,of 3 ratings,$46.50
INCR,$43.52,1440094914579,"167,539",50% bullish,of 2 ratings,$53
IMMY,$7.46,1440094914805,"13,388",100% bearish,of 1 rating,$11
SAAS,$7.63,1440094914891,"181,748",50% bullish,of 2 ratings,$15
INCY,$110.1,1440094914935,"480,334",50% bullish,of 6 ratings,$125.50
INDB,$47.5378,1440094915023,"30,930",Not yet rated,NULL,$44
IBTX,$43.5,1440094915095,"18,334",100% bullish,of 2 ratings,$47.25
IDSA,$3.73,1440094915163,"5,227",Not yet rated,NULL,N/A
INFN,$22.11,1440094915249,"1,541,991",71% bullish,of 7 ratings,$28
INFI,$9.05,1440094915332,"256,724",50% bullish,of 4 ratings,$18
IBCP,$14.35,1440094915396,"12,192",100% bullish,of 1 rating,$14.50
III,$4.25,1440094915429,"22,138",57% bullish,of 7 ratings,$6
IPCC,$81.2,1440094915585,"10,904",Not yet rated,NULL,$77.50
IFON,$1.2199,1440094915638,"140,827",75% bullish,of 4 ratings,N/A
INWK,$7.4,1440094915685,"43,780",50% bullish,of 2 ratings,$10
IMKTA,$54.02,1440094915713,"38,810",100% bearish,of 1 rating,N/A
INNL,$12.63,1440094915861,588,100% bearish,of 1 rating,$16.50
INOD,$2.518,1440094916042,"29,817",100% bearish,of 1 rating,N/A
IPHS,$49.03,1440094916108,"20,997",100% bearish,of 1 rating,$60
ISSC,$2.93,1440094916172,"8,862",67% bearish,of 3 ratings,N/A
INGN,$49.75,1440094916202,"66,101",100% bearish,of 1 rating,$50.50
INOV,$21.07,1440094916251,"121,363",100% bearish,of 1 rating,$33
IOSP,$46.44,1440094916306,"39,667",100% bearish,of 1 rating,N/A
ITEK,$14.64,1440094916384,"299,509",100% bearish,of 3 ratings,$20
NSIT,$26.4,1440094916414,"40,477",50% bullish,of 2 ratings,N/A
INO,$7.24,1440094916573,"604,584",89% bullish,of 18 ratings,$20
ISIG,$2.6,1440094916619,"14,350",100% bearish,of 1 rating,N/A
IIIN,$17.83,1440094916762,"31,021",100% bearish,of 2 ratings,N/A
INSM,$26.09,1440094916792,"76,718",71% bullish,of 7 ratings,$31.50
PODD,$29.33,1440094916819,"220,234",50% bullish,of 2 ratings,$35
INSY,$32.5,1440094916892,"315,645",75% bullish,of 4 ratings,$48
NTEC,$6.03,1440094916961,"12,278",Not yet rated,NULL,N/A
IART,$60.68,1440094917050,"93,781",100% bearish,of 1 rating,$71.50
IDTI,$17.69,1440094917209,"1,223,503",60% bullish,of 5 ratings,$25
ISSI,$22.33,1440094917238,"232,867",67% bullish,of 3 ratings,$19.75
INTC,$27.74,1440094917275,"10,449,684",82% bullish,of 238 ratings,$36
IQNT,$19.55,1440094917308,"319,085",86% bullish,of 7 ratings,$20
IESC,$7.2,1440094917369,"2,100",100% bearish,of 1 rating,N/A
IPCI,$2.175,1440094917396,"22,471",67% bullish,of 6 ratings,$7.75
IPAR,$28.14,1440094917526,"17,759",67% bullish,of 3 ratings,$38
IBKR,$40.5,1440094917552,"276,053",100% bullish,of 1 rating,N/A
ININ,$40,1440094917757,"48,559",67% bearish,of 3 ratings,$57
ICPT,$196.97,1440094917831,"119,138",70% bullish,of 10 ratings,$359.50
ICLD,$1.795,1440094917963,"193,566",75% bullish,of 4 ratings,N/A
ICLDW,NULL,1440094918094,0,100% bearish,of 1 rating,N/A
IBOC,$26.41,1440094918124,"63,310",100% bearish,of 1 rating,N/A
ISCA,$32.1955,1440094918198,"19,146",100% bearish,of 1 rating,N/A
INAP,$8.66,1440094918256,"65,791",75% bullish,of 4 ratings,$11
TILE,$25.03,1440094918287,"210,855",67% bearish,of 3 ratings,$27
IDCC,$48.72,1440094918309,"74,376",80% bullish,of 5 ratings,$63
IMI,$2,1440094918343,"1,600",67% bullish,of 3 ratings,$2.22
IIJI,$9.23,1440094918541,400,50% bullish,of 2 ratings,$11.50
IGLD,$7.3796,1440094918609,"1,712",50% bullish,of 2 ratings,N/A
PTNT,$3,1440094918837,810,Not yet rated,NULL,N/A
INPH,$0.3248,1440094918897,"12,518",50% bullish,of 2 ratings,N/A
XENT,$27.77,1440094918922,"80,106",50% bullish,of 2 ratings,$36.50
INTX,$2.52,1440094918970,"5,218",67% bullish,of 3 ratings,N/A
IILG,$21.03,1440094919000,"33,342",100% bearish,of 1 rating,$30.50
ISIL,$10.44,1440094919103,"255,278",50% bullish,of 6 ratings,$15
IVAC,$4.97,1440094919200,"9,928",Not yet rated,NULL,$6.625
INTL,$27.075,1440094919258,"30,120",67% bearish,of 3 ratings,N/A
ITCI,$28.93,1440094919291,"239,411",75% bearish,of 4 ratings,$40
INTU,$103.729,1440094919424,"331,782",100% bullish,of 7 ratings,$110.50
INTLL,$25.92,1440094919456,400,Not yet rated,NULL,N/A
IIN,$6.42,1440094919478,510,100% bearish,of 1 rating,$12
ISRG,$518.51,1440094919508,"49,539",67% bullish,of 3 ratings,$600
INVT,$0.282,1440094919751,"29,541",67% bullish,of 3 ratings,N/A
SNAK,$8.64,1440094919940,"43,858",50% bullish,of 2 ratings,$14
ISTR,$15.6,1440094919977,416,100% bearish,of 1 rating,$18.50
IVTY,$11.94,1440094920122,"16,510",Not yet rated,NULL,$18
ITIC,NULL,1440094920150,0,100% bearish,of 2 ratings,N/A
ISBC,$12.035,1440094920172,"1,065,441",100% bullish,of 1 rating,$13.25
IPAS,$1.0621,1440094920300,"12,468",67% bullish,of 3 ratings,N/A
NVIV,$10.93,1440094920326,"162,308",50% bullish,of 4 ratings,$24.50
DTUL,NULL,1440094920353,0,Not yet rated,NULL,N/A
IPCM,$79.15,1440094920389,"131,687",50% bullish,of 2 ratings,$80.125
DFVL,NULL,1440094920481,0,Not yet rated,NULL,N/A
IPGP,$87.56,1440094920572,"80,867",100% bearish,of 2 ratings,$109.50
IRDM,$6.7,1440094920639,"190,144",60% bullish,of 5 ratings,$11.50
IRIX,$7.1801,1440094920712,"14,500",100% bearish,of 1 rating,N/A
IRMD,$25.29,1440094920792,"16,953",67% bearish,of 3 ratings,$25
IRDMB,$267.5,1440094920935,120,67% bearish,of 3 ratings,N/A
IRCP,$33.5,1440094921156,957,100% bullish,of 2 ratings,N/A
IRWD,$11.16,1440094921214,"575,284",100% bearish,of 1 rating,$13
IRBT,$30.0901,1440094921287,"99,656",67% bullish,of 6 ratings,$37
COMT,$33.08,1440094921315,"4,200",100% bearish,of 1 rating,N/A
IFEU,$39.3801,1440094921344,"3,815",Not yet rated,NULL,N/A
IFAS,$28.62,1440094921375,"1,100",Not yet rated,NULL,N/A
FCHI,$47.9,1440094921480,470,Not yet rated,NULL,N/A
GNMA,$50.31,1440094921542,"2,346",Not yet rated,NULL,N/A
ACWI,$57.5,1440094921737,"472,242",Not yet rated,NULL,N/A
IFGL,$29.6129,1440094921781,"14,641",Not yet rated,NULL,N/A
IFNA,$56.1,1440094921807,"4,750",Not yet rated,NULL,N/A
AAXJ,$53.93,1440094921833,"1,010,556",Not yet rated,NULL,N/A
ACWX,$41.65,1440094921855,"385,220",100% bearish,of 1 rating,N/A
AAIT,$30.2135,1440094922114,306,100% bullish,of 1 rating,N/A
EEMA,$50.88,1440094922184,"10,304",Not yet rated,NULL,N/A
AXJS,NULL,1440094922211,0,Not yet rated,NULL,N/A
EMDI,$44.2402,1440094922340,860,Not yet rated,NULL,N/A
EEME,$38.47,1440094922373,571,100% bearish,of 1 rating,N/A
EMEY,$24.405,1440094922400,680,Not yet rated,NULL,N/A
EEML,$28.36,1440094922430,"1,220",Not yet rated,NULL,N/A
EGRW,$47.6799,1440094922468,"5,262",Not yet rated,NULL,N/A
EUFN,$22.47,1440094922799,"88,055",100% bearish,of 1 rating,N/A
EVAL,$36.3,1440094922824,"3,982",Not yet rated,NULL,N/A
IEUS,$46.2759,1440094922966,"2,277",100% bearish,of 1 rating,N/A
QAT,NULL,1440094922991,0,Not yet rated,NULL,N/A
IBB,$356.55,1440094923024,"566,550",63% bullish,of 8 ratings,N/A
SOXX,$81.5,1440094923158,"394,270",50% bullish,of 2 ratings,N/A
EMIF,$29.2696,1440094923184,"3,694",Not yet rated,NULL,N/A
UAE,$18.16,1440094923216,"5,850",Not yet rated,NULL,N/A
ICLN,$9.7235,1440094923314,"11,047",50% bullish,of 2 ratings,N/A
INDY,$29.06,1440094923458,"219,615",100% bullish,of 1 rating,N/A
ISHG,$79.33,1440094923504,"1,873",100% bearish,of 1 rating,N/A
WOOD,$50.2447,1440094923532,"6,711",50% bullish,of 2 ratings,N/A
ISIS,$48.13,1440094923560,"484,388",53% bullish,of 15 ratings,$67
IGOV,$91.1639,1440094923599,"9,851",100% bearish,of 1 rating,N/A
ISLE,$17.607,1440094923769,"105,801",50% bullish,of 4 ratings,$16
ISRL,$136.99,1440094923796,121,100% bearish,of 1 rating,N/A
ITRN,$24.81,1440094924036,"1,763",50% bullish,of 2 ratings,N/A
XXIA,$15.63,1440094924085,"132,873",71% bullish,of 7 ratings,$14.625
IXYS,$10.78,1440094924118,"109,630",50% bullish,of 4 ratings,N/A
ITRI,$32.6,1440094924149,"104,605",Not yet rated,NULL,$37
ITUS,$4.4599,1440094924188,"4,300",Not yet rated,NULL,N/A
JJSF,$117.935,1440094924255,"11,128",100% bearish,of 1 rating,N/A
JBHT,$78.86,1440094924286,"326,764",50% bullish,of 4 ratings,$89.50
MAYS,$59,1440094924361,100,Not yet rated,NULL,N/A
JKHY,$70.64,1440094924587,"75,341",50% bullish,of 2 ratings,$72
JCOM,$71.42,1440094924672,"49,395",100% bullish,of 2 ratings,$77
JASO,$7.76,1440094924716,"472,376",82% bullish,of 17 ratings,$10
JAXB,$13.1,1440094924802,115,100% bullish,of 1 rating,N/A
JACK,$84.88,1440094924833,"189,832",83% bullish,of 6 ratings,$105
JXSB,NULL,1440094924861,0,Not yet rated,NULL,N/A
JAGX,$2.95,1440094924934,300,Not yet rated,NULL,N/A
JAKK,$9.67,1440094925009,"379,823",60% bearish,of 5 ratings,$10.50
JMBA,$13.395,1440094925114,"46,028",75% bullish,of 4 ratings,$18
JRVR,$26.7,1440094925172,"11,011",Not yet rated,NULL,$32
JASN,$5,1440094925198,"30,952",50% bullish,of 2 ratings,$9.50
JAZZ,$183.69,1440094925346,"146,492",80% bullish,of 15 ratings,$206.50
ERW,NULL,1440094925375,0,Not yet rated,NULL,N/A
JD,$25.2371,1440094925449,"3,760,090",75% bullish,of 16 ratings,$36
JASNW,$0.25,1440094925473,"5,000",50% bullish,of 2 ratings,N/A
JTPY,$3,1440094925691,"2,116",100% bearish,of 1 rating,N/A
JBLU,$23.08,1440094925723,"2,560,162",94% bullish,of 16 ratings,$27
JCTCF,NULL,1440094925822,0,100% bullish,of 1 rating,N/A
DATE,$6.5,1440094925905,"115,822",75% bullish,of 4 ratings,$9
JIVE,$4.11,1440094925977,"354,413",75% bullish,of 4 ratings,$5
JST,$4.11,1440094926009,"29,168",75% bullish,of 4 ratings,N/A
JOEZ,$0.18,1440094926035,"116,815",92% bullish,of 12 ratings,N/A
WYIGU,$10.0524,1440094926110,400,Not yet rated,NULL,N/A
JBSS,$48.51,1440094926140,"13,583",67% bearish,of 3 ratings,N/A
JNP,$9.82,1440094926362,"9,585",100% bullish,of 3 ratings,$15
JOUT,$24.2375,1440094926435,"2,705",100% bearish,of 1 rating,$34
JUNO,$38.965,1440094926494,"631,423",73% bullish,of 11 ratings,$71.50
KALU,$83.04,1440094926627,"54,261",67% bearish,of 3 ratings,$91
KTWO,$21.59,1440094926685,"105,762",100% bearish,of 1 rating,$28.50
KNDI,$7.2925,1440094926711,"251,127",86% bullish,of 22 ratings,N/A
KMDA,$3.709,1440094926783,"7,815",50% bullish,of 2 ratings,$8
KBIO,$1.91,1440094926848,"36,237",50% bullish,of 4 ratings,N/A
KCLI,$47.6,1440094926873,"4,464",Not yet rated,NULL,N/A
KPTI,$13.205,1440094927143,"191,086",67% bearish,of 3 ratings,$39
