Symbol,Price,Date,Volume,Rating,RatingVoteCount,OneYearEstimate
FCTY,NULL,1440436502432,0,100% bullish,of 1 rating,$8.50
FCCY,NULL,1440436502503,0,100% bullish,of 1 rating,$13
TFSCR,NULL,1440436502635,0,Not yet rated,NULL,N/A
FLWS,$9.36,1440436502665,"113,132",100% bullish,of 5 ratings,$15
TFSCW,NULL,1440436502691,0,100% bearish,of 1 rating,N/A
PIH,$7.03,1440436502720,"6,000",100% bearish,of 1 rating,N/A
TFSCU,NULL,1440436502766,0,Not yet rated,NULL,N/A
TFSC,NULL,1440436502825,0,100% bearish,of 1 rating,N/A
SRCE,$29.82,1440436502959,"10,561",100% bullish,of 3 ratings,$33
DGLD,$76.6544,1440436502984,"17,654",100% bearish,of 1 rating,N/A
USLV,$13.38,1440436503043,"380,213",86% bullish,of 7 ratings,N/A
UGLD,$9.82,1440436503212,"280,345",100% bearish,of 1 rating,N/A
DSLV,$65.61,1440436503285,"31,705",100% bearish,of 1 rating,N/A
TWOU,$34.2,1440436503344,"153,647",50% bullish,of 2 ratings,$39
VNET,$18.005,1440436503391,"1,097,821",60% bullish,of 5 ratings,$29.50
JOBS,$24.98,1440436503595,"187,881",50% bullish,of 4 ratings,$36
SIXD,$1.36,1440436503621,"77,531",Not yet rated,NULL,N/A
SHLM,$34.27,1440436503643,"41,843",100% bearish,of 1 rating,$50
CAFD,$15.2075,1440436503786,"193,995",Not yet rated,NULL,$25
AVHI,$13.74,1440436503818,"6,044",100% bearish,of 1 rating,$19
EGHT,$8.11,1440436503846,"238,283",82% bullish,of 17 ratings,$11
ABY,$19.75,1440436503913,"350,212",100% bearish,of 2 ratings,$46
AAON,$21.28,1440436504001,"37,870",100% bearish,of 1 rating,$24
ABEO,$4.5701,1440436504031,"121,706",67% bullish,of 3 ratings,$15.50
ABGB,$4.48,1440436504057,"56,569",67% bullish,of 3 ratings,$5.50
ABAX,$46.75,1440436504087,"41,434",100% bearish,of 1 rating,$60
ABEOW,$1.86,1440436504194,"1,550",100% bullish,of 1 rating,N/A
ABMD,$95.09,1440436504363,"511,940",75% bullish,of 4 ratings,$100.50
AXAS,$1.61,1440436504435,"473,431",78% bullish,of 9 ratings,$3.50
ACTG,$8.71,1440436504490,"137,508",67% bullish,of 3 ratings,$18.50
ACST,$0.3315,1440436504522,"10,415",100% bullish,of 2 ratings,N/A
ACAD,$35.3299,1440436504593,"463,405",80% bullish,of 20 ratings,$48
AXDX,$18.5,1440436504622,"84,665",100% bearish,of 1 rating,N/A
ACHC,$71.82,1440436504647,"530,903",50% bullish,of 2 ratings,$92
XLRN,$27.99,1440436504726,"82,539",50% bullish,of 2 ratings,$57
VXUP,$2.2995,1440436504893,"502,156",Not yet rated,NULL,N/A
VXDN,$2.01,1440436504950,"516,463",100% bearish,of 1 rating,N/A
ARAY,$6.52,1440436504998,"671,745",100% bearish,of 1 rating,$10.50
ANCX,$18.72,1440436505023,"14,418",Not yet rated,NULL,$19
ACRX,$4.04,1440436505252,"162,555",67% bearish,of 6 ratings,$5.50
ACET,$23.4,1440436505282,"35,186",75% bullish,of 4 ratings,$30
AKAO,$6.25,1440436505326,"97,576",75% bullish,of 4 ratings,$15
ACIW,$21.6601,1440436505387,"149,785",50% bullish,of 2 ratings,$24
ACNB,$20.05,1440436505456,"13,044",Not yet rated,NULL,N/A
ACOR,$30.06,1440436505515,"178,249",67% bearish,of 3 ratings,$38.50
ACHN,$7.4951,1440436505602,"1,573,359",90% bullish,of 21 ratings,$16
ACTS,$1.49,1440436505644,"39,835",100% bearish,of 1 rating,N/A
ATVI,$26.871,1440436505778,"2,736,827",68% bullish,of 84 ratings,$31.50
ACPW,$1.8099,1440436505809,"53,613",100% bullish,of 4 ratings,$3.50
ACTA,$13.82,1440436505837,"50,973",67% bearish,of 3 ratings,$25
ACXM,$20.07,1440436505876,"243,479",67% bullish,of 3 ratings,N/A
ACUR,$0.5976,1440436505901,"24,499",100% bullish,of 5 ratings,$1
ADMP,$3.54,1440436506178,"27,199",50% bullish,of 2 ratings,$10
ADAP,$12,1440436506218,"57,666",67% bullish,of 3 ratings,$22
ADUS,$29.18,1440436506283,"18,198",100% bearish,of 1 rating,$31
ADMA,$9.25,1440436506308,"13,534",Not yet rated,NULL,$19
ADMS,$19.69,1440436506336,"39,626",100% bearish,of 2 ratings,$36
AEY,$2.2603,1440436506361,"4,500",100% bearish,of 2 ratings,N/A
ADEP,$6.64,1440436506468,"34,567",50% bullish,of 2 ratings,$10.75
ADBE,$77.32,1440436506555,"1,921,013",65% bullish,of 17 ratings,$90
ADXS,$14.35,1440436506710,"388,704",64% bullish,of 14 ratings,$27
ADTN,$15.43,1440436506804,"100,522",67% bullish,of 3 ratings,$17.125
ADRO,$18.84,1440436506836,"199,580",80% bullish,of 5 ratings,$45.50
AEIS,$24.38,1440436506941,"139,163",50% bullish,of 2 ratings,$32.50
AMD,$1.7949,1440436507135,"5,544,793",83% bullish,of 103 ratings,$2
YPRO,$23.2,1440436507167,400,100% bearish,of 1 rating,N/A
ADXSW,$9.62,1440436507232,"6,078",100% bullish,of 1 rating,N/A
MULT,NULL,1440436507399,0,100% bearish,of 1 rating,N/A
AEGR,$17.98,1440436507574,"152,292",50% bullish,of 6 ratings,$26
AMTX,$2.74,1440436507663,"12,160",50% bullish,of 2 ratings,$26.11
AEGN,$18.22,1440436507693,"47,627",100% bearish,of 1 rating,$21
AERI,$16.21,1440436507714,"291,638",75% bullish,of 4 ratings,$31.50
AEPI,$55.47,1440436507745,"11,842",100% bearish,of 1 rating,N/A
AEZS,$0.0898,1440436507767,"7,475,851",90% bullish,of 21 ratings,$1.50
AEHR,$2.211,1440436507907,"20,050",50% bullish,of 2 ratings,N/A
AVAV,$23.89,1440436507936,"82,672",50% bullish,of 4 ratings,$31
AEMD,$6.9499,1440436508108,"22,985",Not yet rated,NULL,$27.50
AGRX,$8.42,1440436508434,"18,566",100% bearish,of 1 rating,$17.50
AGYS,$9.49,1440436508498,"7,536",100% bearish,of 1 rating,N/A
AGEN,$6.86,1440436508529,"586,634",85% bullish,of 13 ratings,$14
AFMD,$10.5,1440436508598,"112,968",50% bullish,of 4 ratings,$15
AFFX,$9.01,1440436508625,"303,448",80% bullish,of 5 ratings,$12
AGFS,$9.93,1440436508650,"37,283",100% bearish,of 1 rating,N/A
AGIO,$83.075,1440436508676,"330,931",88% bullish,of 8 ratings,$114
AGFSW,$1.8,1440436508862,"17,528",100% bearish,of 2 ratings,N/A
AIRT,$21.83,1440436509043,16,100% bullish,of 1 rating,N/A
AIRM,$36.515,1440436509071,"90,667",80% bearish,of 5 ratings,$53
AIMT,$20.28,1440436509202,"57,915",Not yet rated,NULL,N/A
AIXG,$5.82,1440436509296,"12,569",67% bearish,of 3 ratings,$5.25
ATSG,$8.91,1440436509356,"94,460",67% bullish,of 3 ratings,$13
AMCN,$4.52,1440436509389,"759,864",83% bullish,of 6 ratings,N/A
AKBA,$6.66,1440436509487,"105,701",100% bearish,of 1 rating,$18
AKAM,$68.09,1440436509512,"1,175,336",63% bullish,of 8 ratings,$77
AKER,$2.618,1440436509542,"21,468",Not yet rated,NULL,N/A
AKRX,$39.34,1440436509649,"587,972",78% bullish,of 9 ratings,$56
ALRM,$16.37,1440436509783,"131,034",100% bearish,of 1 rating,$22
ALSK,$2.0601,1440436509809,"90,903",78% bullish,of 18 ratings,$2
AMRI,$19.58,1440436509988,"145,761",75% bearish,of 4 ratings,$24
ALDR,$37.09,1440436510132,"266,569",67% bearish,of 3 ratings,$62
ADHD,$8.15,1440436510158,"140,344",50% bullish,of 4 ratings,$18
ABDC,$12.18,1440436510236,"86,073",Not yet rated,NULL,$15
ALDX,$7.23,1440436510261,"10,738",100% bearish,of 1 rating,$14.50
ALXN,$171.545,1440436510445,"861,376",88% bullish,of 8 ratings,$223
ALCO,$41.28,1440436510604,"3,679",50% bullish,of 2 ratings,N/A
ALLB,$22.87,1440436510657,"1,595",Not yet rated,NULL,N/A
ALXA,$1.091,1440436510684,"7,360",83% bullish,of 6 ratings,$2.125
ALIM,$3.14,1440436511148,"71,565",80% bullish,of 5 ratings,$10
AIQ,$14.34,1440436511181,"6,674",67% bullish,of 3 ratings,N/A
AHGP,$35.6,1440436511203,"37,246",67% bullish,of 3 ratings,N/A
ALGN,$56.05,1440436511249,"189,440",100% bearish,of 2 ratings,$73
ALKS,$59.51,1440436511275,"366,436",67% bullish,of 3 ratings,$75
AFOP,$17.01,1440436511624,"157,934",75% bullish,of 8 ratings,$21
ALGT,$215.5,1440436511661,"50,773",100% bearish,of 1 rating,$235
ARLP,$24.865,1440436511686,"227,477",67% bearish,of 3 ratings,$32
MDRX,$13.465,1440436511838,"1,028,513",60% bullish,of 5 ratings,$16
AMOT,$18.11,1440436511864,"42,707",100% bearish,of 1 rating,N/A
ALQA,$4.315,1440436511886,"20,978",75% bullish,of 4 ratings,$8.50
AHPI,$1.4526,1440436511923,"1,189",50% bullish,of 2 ratings,N/A
ALLT,$5.17,1440436512031,"57,624",75% bullish,of 4 ratings,$6.25
ATEC,$0.58,1440436512575,"139,214",100% bullish,of 1 rating,$2
ALTR,$47.59,1440436512630,"1,757,882",80% bearish,of 5 ratings,$54
AFAM,$44.98,1440436512656,"37,426",50% bullish,of 2 ratings,$44
ALNY,$97.935,1440436512738,"329,861",67% bullish,of 3 ratings,$148.50
AOSL,$7.43,1440436512807,"17,759",67% bullish,of 3 ratings,$9
SMCP,NULL,1440436512990,0,Not yet rated,NULL,N/A
AIMC,$25.33,1440436513052,"28,421",100% bearish,of 2 ratings,$28.50
AMAG,$60.04,1440436513194,"290,137",100% bullish,of 2 ratings,$77.50
ASPS,$27.9238,1440436513327,"180,404",67% bullish,of 3 ratings,$46.50
AMRN,$2.05,1440436513363,"868,389",85% bullish,of 39 ratings,$8
AMRK,$10.6,1440436513394,"3,029",50% bullish,of 2 ratings,$14
AMZN,$484.23,1440436513500,"3,305,929",81% bullish,of 263 ratings,$646
AYA,$21.43,1440436513525,"64,934",100% bearish,of 1 rating,$40
AMBC,$15.45,1440436513570,"113,412",100% bearish,of 1 rating,$16.50
AMBCW,NULL,1440436513795,0,100% bearish,of 1 rating,N/A
AMBA,$92.028,1440436513999,"2,697,844",83% bullish,of 12 ratings,$102.50
UHAL,$360.56,1440436514499,"14,446",100% bullish,of 2 ratings,$393.50
EPAX,$2.7,1440436514526,"28,650",100% bearish,of 1 rating,N/A
AMED,$38.91,1440436514557,"146,084",100% bearish,of 1 rating,$42
AMCX,$67.44,1440436514587,"276,414",67% bullish,of 3 ratings,$87.50
AMDA,$0.44,1440436514654,"1,043,279",90% bullish,of 10 ratings,$1
ASBI,$22.3002,1440436514685,650,Not yet rated,NULL,N/A
DOX,$57.09,1440436514753,"286,277",50% bullish,of 2 ratings,$60
AMOV,$17.53,1440436515083,"3,147",100% bearish,of 1 rating,N/A
AGNC,$19.6551,1440436515246,"2,363,976",75% bullish,of 28 ratings,$22
AGNCB,$24.04,1440436515279,"4,403",Not yet rated,NULL,N/A
AGNCP,$25.1901,1440436515300,"11,943",Not yet rated,NULL,N/A
ATAX,$5.255,1440436515330,"191,432",100% bullish,of 1 rating,$6.50
AAL,$39.37,1440436515378,"7,548,121",93% bullish,of 88 ratings,$57
ACSF,$12.06,1440436515799,"14,006",100% bearish,of 1 rating,$15
ANCI,$1.42,1440436515842,454,100% bearish,of 1 rating,N/A
ACAS,$13.61,1440436515872,"674,772",60% bullish,of 5 ratings,$16.75
MTGEP,$24.0501,1440436515930,"5,700",Not yet rated,NULL,N/A
MTGE,$15.56,1440436515962,"257,875",75% bullish,of 4 ratings,$19.50
ANAT,$98.915,1440436515989,"18,457",100% bullish,of 1 rating,N/A
AMIC,NULL,1440436516018,0,Not yet rated,NULL,N/A
AETI,$4.06,1440436516097,"2,639",67% bearish,of 3 ratings,N/A
AMNB,$23.028,1440436516448,"8,284",Not yet rated,NULL,$25.50
AMRB,$9.99,1440436516525,"5,701",Not yet rated,NULL,$11
APEI,$21.85,1440436516630,"23,708",100% bearish,of 1 rating,$25.50
ASEI,$39.73,1440436516668,"14,823",100% bearish,of 1 rating,$52.50
ARII,$39,1440436516693,"121,125",67% bearish,of 3 ratings,$45
AMSWA,$9.06,1440436516760,"36,196",100% bearish,of 2 ratings,$10.75
AMWD,$67.4,1440436516903,"108,785",50% bullish,of 2 ratings,$53
AMSC,$3.66,1440436517286,"62,692",50% bullish,of 4 ratings,N/A
AMSF,$48.24,1440436517383,"23,380",Not yet rated,NULL,$57.50
CRMT,$37.98,1440436517515,"23,664",100% bearish,of 1 rating,$39
ABCB,$27.1,1440436517807,"63,658",Not yet rated,NULL,$31
AMGN,$152.96,1440436517877,"2,626,714",89% bullish,of 19 ratings,$185
ASRV,$3.22,1440436517908,800,100% bullish,of 2 ratings,N/A
ASRVP,$27.5,1440436517934,400,Not yet rated,NULL,N/A
ATLO,$24.29,1440436518253,"5,920",Not yet rated,NULL,N/A
FOLD,$14.24,1440436518295,"730,571",56% bullish,of 9 ratings,$21
AMPH,$13.69,1440436518381,"74,827",50% bullish,of 2 ratings,$20
AMKR,$4.87,1440436518421,"808,258",100% bearish,of 2 ratings,$5
AMSGP,NULL,1440436518512,0,Not yet rated,NULL,N/A
AMRS,$1.59,1440436518540,"112,166",70% bullish,of 10 ratings,N/A
AMSG,$79.3,1440436518691,"221,433",100% bearish,of 1 rating,$85.50
ANAD,$0.3133,1440436518905,"130,363",100% bullish,of 2 ratings,$.50
ASYS,$5.08,1440436518992,"36,944",67% bullish,of 3 ratings,$12
ADI,$53.58,1440436519366,"1,966,239",67% bullish,of 3 ratings,$69
ANAC,$126.93,1440436519396,"286,327",80% bullish,of 5 ratings,$180.50
ANCB,$22.9999,1440436519418,"1,100",Not yet rated,NULL,$23
AFSI,$57.88,1440436519494,"441,126",60% bullish,of 5 ratings,$72
ALOG,$80.51,1440436519552,"33,385",100% bearish,of 2 ratings,$100.50
AMCF,$0.2454,1440436519581,"22,365",100% bullish,of 7 ratings,N/A
ABCW,$38.89,1440436519606,"4,932",67% bullish,of 3 ratings,N/A
ANGI,$4.92,1440436519738,"500,050",64% bullish,of 11 ratings,$5.50
ANIP,$50.15,1440436520012,"111,492",89% bullish,of 19 ratings,$66
ATRS,$1.83,1440436520041,"424,106",92% bullish,of 12 ratings,$4.50
ANSS,$88.6,1440436520069,"241,209",100% bearish,of 1 rating,$100
ANIK,$33.8112,1440436520094,"55,325",60% bullish,of 5 ratings,$51.25
ANGO,$14.61,1440436520140,"25,602",67% bullish,of 3 ratings,$19
ANTH,$7.49,1440436520229,"863,246",80% bullish,of 10 ratings,$13
ABAC,$0.55,1440436520284,"25,763",100% bearish,of 1 rating,N/A
ATNY,$2.38,1440436520359,"3,601",50% bullish,of 2 ratings,$3.75
APIC,$6.47,1440436520491,"97,497",100% bearish,of 1 rating,$19
APOG,$50.64,1440436520516,"81,716",100% bullish,of 1 rating,$67
APOL,$11.17,1440436520544,"531,266",87% bearish,of 68 ratings,$14
APPF,$15.81,1440436520677,"28,586",50% bullish,of 2 ratings,$22
AAPL,$108.075,1440436520706,"67,896,161",86% bullish,of 2341 ratings,$150
ARCI,$1.3,1440436520780,362,Not yet rated,NULL,N/A
AINV,$6.3301,1440436520808,"1,482,141",50% bullish,of 4 ratings,$8
AGTC,$15.49,1440436521104,"25,919",50% bullish,of 2 ratings,$33
AMCC,$5.42,1440436521331,"413,673",80% bullish,of 5 ratings,$8
APDN,$3.13,1440436521463,"40,787",Not yet rated,NULL,$9
APRI,$1.2401,1440436521493,"91,311",83% bullish,of 6 ratings,$4.86
APDNW,$1.1442,1440436521530,"6,573",Not yet rated,NULL,N/A
AREX,$2.08,1440436521555,"477,359",100% bearish,of 1 rating,$3
AMAT,$15.58,1440436521591,"9,871,413",82% bullish,of 11 ratings,$23
AAOI,$19.875,1440436521690,"243,116",50% bullish,of 4 ratings,$26
APTO,$4.69,1440436521764,"4,351",Not yet rated,NULL,$17
AUMA,$9.75,1440436522014,400,Not yet rated,NULL,N/A
AQXP,$18.91,1440436522146,"357,754",50% bullish,of 2 ratings,$2
ARDM,$6.9001,1440436522220,150,100% bullish,of 1 rating,$26
AUMAU,$9.97,1440436522290,600,Not yet rated,NULL,N/A
AQMS,$4.8,1440436522349,"5,886",Not yet rated,NULL,N/A
AUMAW,NULL,1440436522508,0,Not yet rated,NULL,N/A
ABIO,$0.8502,1440436522770,"175,070",50% bullish,of 2 ratings,$3.75
ACGL,$68.95,1440436522832,"195,960",50% bullish,of 2 ratings,$72
ARCB,$29.905,1440436522910,"120,843",67% bearish,of 3 ratings,$39.50
PETX,$17.38,1440436522963,"182,329",100% bearish,of 2 ratings,$26
RKDA,$5.655,1440436522991,"4,932",100% bearish,of 2 ratings,$10
ABUS,$7.15,1440436523045,"211,400",86% bullish,of 14 ratings,$23
ARCW,$3.35,1440436523074,"4,750",100% bearish,of 2 ratings,$10.50
ACAT,$26.23,1440436523140,"116,914",100% bearish,of 3 ratings,$33
ARDX,$17.32,1440436523286,"26,917",50% bullish,of 2 ratings,$24.50
ARNA,$2.89,1440436523492,"1,185,090",90% bullish,of 77 ratings,$5.50
ARCC,$15.15,1440436523667,"2,406,330",67% bearish,of 3 ratings,$17.875
AGII,$56,1440436523742,"64,814",Not yet rated,NULL,$59.50
AGIIL,$25.12,1440436523885,"6,362",Not yet rated,NULL,N/A
ARGS,$6.08,1440436523913,"71,299",50% bullish,of 2 ratings,$19.50
ARKR,$24.5505,1440436523938,"2,600",50% bullish,of 2 ratings,N/A
ARIA,$6.71,1440436523983,"1,413,668",87% bullish,of 46 ratings,$9
ARIS,$3.23,1440436524076,"37,793",Not yet rated,NULL,$4.50
ARWAR,NULL,1440436524295,0,Not yet rated,NULL,N/A
ARWAU,$10.2,1440436524456,400,100% bullish,of 1 rating,N/A
ARMH,$41.34,1440436524484,"1,438,648",54% bearish,of 13 ratings,$61
ARWA,NULL,1440436524514,0,Not yet rated,NULL,N/A
ARTX,$1.45,1440436524542,"160,073",88% bullish,of 16 ratings,$4.50
ARQL,$1.6593,1440436524564,"150,261",75% bullish,of 4 ratings,$5
ARWAW,$0.1051,1440436524617,"1,436",Not yet rated,NULL,N/A
ARRY,$5.49,1440436525050,"748,461",100% bullish,of 7 ratings,$10
AROW,$27.095,1440436525451,"17,641",Not yet rated,NULL,N/A
ARRS,$26.28,1440436525477,"465,939",50% bullish,of 2 ratings,$38
ASBB,$23.75,1440436525553,400,Not yet rated,NULL,N/A
ARWR,$5.24,1440436525651,"852,628",75% bullish,of 4 ratings,$10.50
ASND,$17.9,1440436525677,"23,995",100% bullish,of 1 rating,$30
DWAT,$9.7899,1440436525701,"4,713",100% bearish,of 1 rating,N/A
ARTNA,$22.44,1440436525736,"12,486",100% bearish,of 1 rating,$29
ARTW,$4.3592,1440436525891,"2,493",75% bearish,of 4 ratings,N/A
ASTI,$0.1143,1440436526132,"735,910",83% bullish,of 6 ratings,$3
ASNA,$11.39,1440436526588,"1,455,353",50% bullish,of 2 ratings,$18
ASMI,NULL,1440436526915,0,NULL,NULL,NULL
APWC,$1.8001,1440436527199,"1,602",100% bearish,of 1 rating,N/A
ASCMA,$28.36,1440436527225,"37,219",100% bearish,of 1 rating,$45
ASML,$88.45,1440436527356,"1,096,225",50% bullish,of 4 ratings,$127
AZPN,$37.91,1440436527403,"432,614",50% bullish,of 2 ratings,$42
ASTE,$36.73,1440436527578,"27,172",100% bearish,of 1 rating,$48
ASMB,$13,1440436527667,"26,980",67% bullish,of 3 ratings,N/A
ASUR,$5.452,1440436527872,"4,670",100% bearish,of 2 ratings,$8
ASFI,$8.93,1440436528123,"8,825",100% bullish,of 1 rating,N/A
ATHN,$130.3,1440436528151,"194,519",67% bearish,of 3 ratings,$153
ATAI,$2.38,1440436528181,"12,725",100% bearish,of 1 rating,N/A
ATRA,$41.04,1440436528202,"101,918",50% bullish,of 2 ratings,$68
ALOT,$12.22,1440436528333,122,100% bearish,of 1 rating,N/A
ATRO,$52.68,1440436528554,"55,319",100% bearish,of 2 ratings,$80
ASTC,$1.96,1440436528602,"42,152",100% bullish,of 5 ratings,N/A
ATLC,$3.8363,1440436529059,"9,859",67% bullish,of 3 ratings,N/A
ATHX,$1.19,1440436529656,"186,301",89% bullish,of 9 ratings,$5
AAPC,$10.33,1440436529743,813,Not yet rated,NULL,N/A
AFCB,$28.75,1440436529876,300,Not yet rated,NULL,N/A
AAME,$3.5999,1440436530007,799,Not yet rated,NULL,N/A
ATNI,$73.52,1440436530078,"33,052",100% bearish,of 1 rating,$69.50
ACFC,$5.85,1440436530162,"32,362",Not yet rated,NULL,$6.50
AAWW,$40.99,1440436530207,"244,672",50% bullish,of 2 ratings,$65
AFH,$16.53,1440436530475,"19,060",Not yet rated,NULL,$21.50
ATOS,$0.7938,1440436531055,"139,096",100% bullish,of 7 ratings,$7
ATRC,$24.545,1440436531189,"136,557",100% bullish,of 1 rating,$30
ATRI,$381.17,1440436531250,562,Not yet rated,NULL,N/A
ATML,$6.915,1440436531339,"2,647,766",78% bullish,of 9 ratings,$9.50
AUBN,$26.5,1440436531950,857,Not yet rated,NULL,N/A
ATTU,$13.125,1440436532531,"75,573",100% bearish,of 1 rating,$20.50
AUDC,$3.1,1440436532561,"62,496",80% bullish,of 5 ratings,$5
AUPH,$3.13,1440436532587,"25,601",100% bearish,of 1 rating,$8
LIFE,$14.055,1440436532612,"30,084",86% bullish,of 7 ratings,$43
ATRM,$2.87,1440436532641,605,50% bullish,of 2 ratings,N/A
ABTL,$17.8,1440436532668,"141,394",100% bullish,of 4 ratings,$20.25
EARS,$4.66,1440436532753,"58,232",100% bearish,of 2 ratings,$11.50
AVGO,$114.61,1440436532802,"2,256,320",88% bullish,of 8 ratings,$160
ADAT,$0.11,1440436533031,"2,452",100% bullish,of 2 ratings,N/A
ADSK,$50.65,1440436533060,"1,359,894",83% bullish,of 6 ratings,$69.50
AVEO,$1.3201,1440436533321,"757,750",75% bullish,of 8 ratings,$3
AVNU,$12.25,1440436533352,"6,510",Not yet rated,NULL,$14
AAVL,$10.84,1440436533373,"179,588",100% bearish,of 1 rating,$20
ADP,$77.48,1440436533509,"2,092,902",100% bearish,of 1 rating,$88
AVNW,$1.2,1440436533750,"61,024",50% bullish,of 2 ratings,$2.20
AWRE,$3.13,1440436533911,"10,266",67% bullish,of 3 ratings,N/A
AXGN,$3.949,1440436533939,"19,652",Not yet rated,NULL,$5
AVGR,$14,1440436533965,"26,253",100% bearish,of 1 rating,$20
CAR,$42.39,1440436533996,"1,419,164",80% bullish,of 5 ratings,$60
AVID,$8.08,1440436534127,"284,267",100% bearish,of 1 rating,$20
ACLS,$3.31,1440436534156,"379,997",67% bullish,of 6 ratings,$4.75
AXPWW,NULL,1440436534425,0,Not yet rated,NULL,N/A
AXPW,$1.1146,1440436534592,"37,654",83% bullish,of 6 ratings,N/A
RILY,$9.66,1440436534747,405,Not yet rated,NULL,N/A
BCOM,$17.29,1440436534784,"1,000",100% bearish,of 1 rating,N/A
AXTI,$2.15,1440436534808,"16,409",50% bullish,of 2 ratings,$2.75
BOSC,$2.13,1440436535171,"3,366",50% bullish,of 2 ratings,N/A
BIDU,$144.38,1440436535196,"4,321,914",81% bullish,of 88 ratings,$210
BLDP,$1.2201,1440436535329,"545,889",91% bullish,of 22 ratings,$2.50
BEAV,$47.85,1440436535360,"544,480",67% bearish,of 3 ratings,$59
BCPC,$58.3,1440436535393,"56,340",100% bearish,of 1 rating,$75
BWINA,NULL,1440436535423,0,Not yet rated,NULL,N/A
BWINB,$22.7,1440436535461,"11,476",Not yet rated,NULL,N/A
BANF,$59.865,1440436535496,"2,420",Not yet rated,NULL,$68
BKMU,$6.92,1440436535781,"39,015",Not yet rated,NULL,$8
BANFP,$27.38,1440436535813,603,Not yet rated,NULL,N/A
BOCH,$5.7,1440436535887,"7,084",Not yet rated,NULL,$6.50
BANR,$44.6,1440436536371,"17,070",100% bullish,of 3 ratings,$50
TAPR,$29.34,1440436536401,"2,959",100% bearish,of 1 rating,N/A
BWFG,$17.85,1440436536423,772,100% bearish,of 1 rating,N/A
BOTJ,$11.0851,1440436536462,"2,119",Not yet rated,NULL,N/A
BFIN,$11.82,1440436536502,"12,640",Not yet rated,NULL,$13
BKSC,$15.28,1440436536554,"3,921",Not yet rated,NULL,N/A
BMRC,$47.9,1440436536582,"3,059",Not yet rated,NULL,$52
OZRK,$39.74,1440436536607,"315,482",67% bullish,of 3 ratings,$49.50
BZUN,$5.055,1440436536986,"497,376",50% bullish,of 2 ratings,$12.60
BHACR,NULL,1440436537085,0,Not yet rated,NULL,N/A
BHACU,NULL,1440436537111,0,Not yet rated,NULL,N/A
BHAC,NULL,1440436537373,0,Not yet rated,NULL,N/A
BHACW,NULL,1440436537506,0,Not yet rated,NULL,N/A
BYLK,$12.65,1440436537555,"3,500",Not yet rated,NULL,$14
BBCN,$14.48,1440436537657,"126,925",100% bearish,of 1 rating,$16
BV,$5.13,1440436537721,"174,683",67% bullish,of 6 ratings,$9
BBSI,$33.75,1440436537852,"54,090",67% bearish,of 3 ratings,$62.50
BSET,$28.55,1440436537892,"17,864",100% bearish,of 1 rating,$35
BYBK,NULL,1440436538155,0,100% bearish,of 1 rating,N/A
BDCV,$4.89,1440436538347,"4,764",100% bearish,of 1 rating,$10.19
BECN,$35.425,1440436538376,"135,608",50% bullish,of 2 ratings,$40
BSF,$8.789,1440436538419,"12,492",Not yet rated,NULL,N/A
BCBP,$11.5,1440436538444,"6,199",Not yet rated,NULL,N/A
BBGI,NULL,1440436538472,0,100% bearish,of 1 rating,N/A
BEBE,$1.7686,1440436538767,"75,177",75% bullish,of 4 ratings,$3.075
BLPH,$4.96,1440436538842,"13,000",100% bearish,of 1 rating,$12.50
BELFA,$14.19,1440436538871,"1,210",100% bearish,of 1 rating,N/A
BBBY,$61.07,1440436538947,"1,234,745",71% bullish,of 7 ratings,$75
BLCM,$17.3,1440436538975,"138,195",50% bullish,of 4 ratings,$40
BELFB,$17.91,1440436539002,"9,382",100% bearish,of 1 rating,N/A
BNFT,$36.28,1440436539177,"33,979",67% bullish,of 3 ratings,$46
BNTC,$7.9001,1440436539317,"6,110",100% bullish,of 1 rating,N/A
BGMD,$0.7606,1440436539607,"135,164",100% bullish,of 10 ratings,N/A
BGCP,$8.65,1440436539764,"694,810",88% bullish,of 8 ratings,$14
BNCL,$12.56,1440436539791,"120,607",100% bullish,of 3 ratings,$12.50
BGFV,$10.68,1440436539818,"62,251",57% bullish,of 7 ratings,$12
BIND,$4.3,1440436539840,"60,943",75% bullish,of 4 ratings,$13.50
ORPN,$4.96,1440436540016,"29,607",100% bullish,of 1 rating,$28.50
BCDA,NULL,1440436540046,0,Not yet rated,NULL,N/A
BASI,$1.45,1440436540071,"5,770",Not yet rated,NULL,N/A
BCRX,$12.06,1440436540543,"198,589",63% bullish,of 8 ratings,$18
BIIB,$294.24,1440436540698,"1,717,933",88% bullish,of 16 ratings,$400
BIOC,$2.01,1440436540723,"233,712",83% bullish,of 6 ratings,$3.85
BIOD,$0.6799,1440436540748,"63,802",80% bullish,of 5 ratings,$4
BDSI,$6.45,1440436540914,"363,307",88% bullish,of 8 ratings,$17
BIOL,$1.37,1440436541101,"57,717",Not yet rated,NULL,N/A
BRLI,NULL,1440436541131,0,NULL,NULL,NULL
BLFS,$1.97,1440436541158,"51,859",100% bearish,of 1 rating,$4.75
BLRX,$1.3203,1440436541232,"238,675",100% bullish,of 12 ratings,$5
BVXVW,$0.72,1440436541259,"24,842",100% bearish,of 1 rating,N/A
BMRN,$124.3899,1440436541288,"650,839",80% bullish,of 5 ratings,$160
BVXV,$3.575,1440436541316,"32,643",Not yet rated,NULL,N/A
BPTH,$1.0699,1440436541581,"165,141",100% bullish,of 2 ratings,$5
BBP,$31.62,1440436541680,"63,002",Not yet rated,NULL,N/A
BIOS,$1.8,1440436541780,"397,804",71% bullish,of 7 ratings,$4
BBC,$30.52,1440436541808,"28,657",Not yet rated,NULL,N/A
BSTC,$49.68,1440436542066,"33,134",100% bearish,of 1 rating,$76
BOTA,$2.18,1440436542103,"49,207",88% bullish,of 8 ratings,N/A
BSPM,$0.66,1440436542128,"48,031",50% bullish,of 2 ratings,N/A
BEAT,$14.037,1440436542153,"268,126",67% bearish,of 3 ratings,$15
TECH,$98.45,1440436542195,"75,604",100% bullish,of 1 rating,$117
BITI,$16.62,1440436542220,"8,270",100% bullish,of 1 rating,$28
BDMS,$12.693,1440436542660,100,100% bearish,of 1 rating,N/A
BDE,$7.29,1440436542788,"223,666",50% bullish,of 2 ratings,$9
BBOX,$15.59,1440436542835,"22,491",100% bearish,of 1 rating,N/A
BBRY,$7.22,1440436543171,"5,426,634",61% bullish,of 330 ratings,$9
BJRI,$44.65,1440436543314,"113,431",50% bullish,of 2 ratings,$55
BLKB,$58.25,1440436543399,"49,671",100% bearish,of 2 ratings,$66
BKCC,$9.01,1440436543892,"664,077",100% bullish,of 2 ratings,$10
HAWK,$40.34,1440436543921,"370,722",91% bullish,of 11 ratings,$49
ADRE,$28.86,1440436543950,"54,210",100% bearish,of 1 rating,N/A
ADRD,$21.6759,1440436543971,"22,702",100% bearish,of 1 rating,N/A
ADRU,$21.65,1440436543992,"12,288",100% bearish,of 1 rating,N/A
ADRA,$26.0201,1440436544029,"5,688",100% bearish,of 1 rating,N/A
BLMN,$19.985,1440436544130,"547,399",83% bullish,of 6 ratings,$27.50
BHBK,$14.15,1440436544491,"51,252",100% bullish,of 1 rating,$14.50
BCOR,$13.37,1440436544543,"115,394",57% bullish,of 7 ratings,$15
BUFF,$26.75,1440436544574,"299,698",83% bullish,of 12 ratings,$31.50
NILE,$33.01,1440436544603,"63,890",50% bullish,of 2 ratings,$34
BLBD,$11.52,1440436544647,"6,575",Not yet rated,NULL,N/A
BBLU,$0.7701,1440436544707,"119,993",100% bullish,of 2 ratings,$4.43
BLUE,$123.2,1440436545149,"348,776",71% bullish,of 7 ratings,$217.50
BKEP,$6.5,1440436545440,"20,352",100% bearish,of 1 rating,$8.50
BKEPP,$7.7,1440436545649,"2,350",100% bearish,of 1 rating,N/A
BOFI,$123.2,1440436545705,"202,232",100% bullish,of 6 ratings,$144
BPMC,$26.235,1440436545798,"129,317",50% bullish,of 2 ratings,$47.50
WIFI,$7.7599,1440436545828,"178,836",50% bullish,of 2 ratings,$13.50
BNCN,$21.04,1440436545958,"24,284",Not yet rated,NULL,$23
BOBE,$43.7,1440436546063,"65,648",75% bullish,of 4 ratings,$57
BPFH,$11.76,1440436546642,"161,763",100% bearish,of 1 rating,$14
BONA,$11.005,1440436546668,"709,343",75% bullish,of 4 ratings,$8.50
BOJA,$20.67,1440436546705,"184,919",100% bullish,of 1 rating,$30
BOKF,$60.935,1440436546954,"97,908",100% bearish,of 1 rating,$70.50
BPFHW,NULL,1440436546979,0,100% bearish,of 1 rating,N/A
BNSO,$1.29,1440436547005,"6,690",100% bearish,of 1 rating,N/A
BPFHP,NULL,1440436547602,0,100% bearish,of 1 rating,N/A
BAMM,$3.188,1440436547627,"45,602",60% bullish,of 5 ratings,N/A
EPAY,$25.35,1440436547993,"29,774",100% bearish,of 2 ratings,$30
BDBD,$8.39,1440436548077,"330,412",60% bullish,of 5 ratings,$10
BCLI,$2.87,1440436548139,"185,030",80% bullish,of 5 ratings,$12
BBRG,$12.48,1440436548170,"58,395",67% bullish,of 3 ratings,$14.50
BBEP,$2.2851,1440436548266,"1,035,482",69% bullish,of 13 ratings,$5.625
BBEPP,$12.76,1440436548366,"41,168",100% bearish,of 1 rating,N/A
BCOV,$5.24,1440436548671,"65,535",67% bullish,of 3 ratings,$10.20
BRID,NULL,1440436548709,0,100% bearish,of 1 rating,N/A
BDGE,$27.07,1440436548739,"9,043",Not yet rated,NULL,$31.75
BLIN,$1.2588,1440436549136,"5,700",50% bullish,of 2 ratings,$2.20
BSFT,$30.87,1440436549438,"55,408",57% bullish,of 7 ratings,$40.50
BYFC,$1.49,1440436549543,100,50% bullish,of 2 ratings,N/A
BVSN,$5.66,1440436549943,"4,312",60% bearish,of 5 ratings,N/A
BRCM,$48.86,1440436550072,"2,191,319",75% bullish,of 12 ratings,$56
BRKL,$10.55,1440436550131,"134,768",100% bearish,of 1 rating,$10.75
BRCD,$10.51,1440436550203,"2,250,196",92% bullish,of 13 ratings,$12
BWEN,$3.16,1440436550228,"19,790",100% bullish,of 3 ratings,$8
BRKS,$10.46,1440436550359,"54,047",67% bullish,of 3 ratings,$15.25
BRKR,$18.8646,1440436550402,"179,406",100% bearish,of 2 ratings,$22
BMTC,$29.37,1440436550696,"32,710",Not yet rated,NULL,$34
BLMT,$20.59,1440436550945,"4,372",Not yet rated,NULL,N/A
BWLD,$190.69,1440436551055,"154,382",82% bullish,of 11 ratings,$205
BSQR,$5.98,1440436551100,"58,942",67% bullish,of 3 ratings,N/A
BLDR,$14.85,1440436551180,"671,697",50% bullish,of 2 ratings,$22
BUR,$1.87,1440436551281,"12,102",100% bearish,of 1 rating,$8
CA,$27.06,1440436551409,"2,213,238",50% bullish,of 4 ratings,$33
CHRW,$66.38,1440436551510,"1,219,734",Not yet rated,NULL,$72
CCMP,$43.9,1440436551808,"26,773",50% bullish,of 2 ratings,$59
CFFI,$35,1440436551943,"1,288",100% bearish,of 1 rating,N/A
CZR,$8.75,1440436552001,"1,094,500",60% bearish,of 5 ratings,$10.50
CDZI,$7.49,1440436552072,"19,402",100% bearish,of 1 rating,N/A
CDNS,$19.6,1440436552160,"648,364",75% bullish,of 4 ratings,$22.50
CACQ,$7.08,1440436552230,"13,226",100% bearish,of 1 rating,$12.25
PRSS,$4.26,1440436552363,"14,692",80% bullish,of 5 ratings,$4.50
CSTE,$45.11,1440436552388,"277,059",100% bearish,of 1 rating,$65
CLBS,$1.27,1440436552641,"157,277",79% bullish,of 14 ratings,$4
CLMS,$10.793,1440436552708,"61,460",Not yet rated,NULL,$10.50
CHI,$10.32,1440436552737,"387,802",100% bearish,of 1 rating,N/A
CCD,$18.982,1440436552842,"74,213",Not yet rated,NULL,N/A
CFGE,$10.43,1440436552870,"1,504",Not yet rated,NULL,N/A
CHW,$7.29,1440436552899,"285,461",100% bearish,of 1 rating,N/A
CSQ,$9.655,1440436552998,"564,207",Not yet rated,NULL,N/A
CGO,$11.7016,1440436553076,"31,437",100% bearish,of 1 rating,N/A
CHY,$11.1399,1440436553168,"486,163",Not yet rated,NULL,N/A
CAMP,$15.44,1440436553815,"177,168",88% bullish,of 8 ratings,$25
CFNB,$13.45,1440436553944,141,100% bearish,of 1 rating,N/A
CVGW,$55.34,1440436553970,"64,216",50% bullish,of 2 ratings,$58.50
CALA,$5.04,1440436553995,"210,361",100% bullish,of 3 ratings,$19.50
CALM,$48.73,1440436554034,"303,128",80% bullish,of 5 ratings,$65
CLMT,$24.521,1440436554162,"543,567",75% bullish,of 8 ratings,$31
CALD,$15.39,1440436554190,"118,865",100% bearish,of 1 rating,$20.50
CAMB,$9.95,1440436554262,100,Not yet rated,NULL,N/A
ABCD,$4.78,1440436554607,"42,696",83% bullish,of 6 ratings,N/A
CAMBU,NULL,1440436554636,0,100% bearish,of 1 rating,N/A
CAMBW,$0.1,1440436554764,"2,360",Not yet rated,NULL,N/A
CAMT,$2.65,1440436555075,"74,884",73% bullish,of 11 ratings,$4
CAC,$40.27,1440436555110,"4,325",Not yet rated,NULL,N/A
CGIX,$9.43,1440436555552,"28,103",67% bullish,of 3 ratings,$14.375
CPHC,$10.24,1440436555614,"4,211",100% bearish,of 1 rating,N/A
CSIQ,$17.28,1440436556170,"1,907,380",86% bullish,of 28 ratings,$45
CPLA,$48.29,1440436556272,"22,185",67% bearish,of 3 ratings,$65
CBNJ,$10.61,1440436556355,"55,006",100% bullish,of 1 rating,N/A
CBF,$29.37,1440436556426,"26,807",Not yet rated,NULL,$32
CCBG,$14.87,1440436556574,"6,971",Not yet rated,NULL,$17.25
CPLP,$7.0042,1440436556948,"472,395",71% bullish,of 7 ratings,$11
CPTA,$14,1440436556974,"73,483",100% bearish,of 1 rating,$18.50
CSWC,$45.3,1440436557193,"26,486",Not yet rated,NULL,N/A
CFFN,$11.94,1440436557230,"318,031",Not yet rated,NULL,$12.75
CAPR,$4.15,1440436557257,"12,370",Not yet rated,NULL,$12
CAPNW,$0.5001,1440436557283,300,Not yet rated,NULL,N/A
CAPN,$1.7213,1440436557324,"125,171",100% bullish,of 1 rating,$10.85
CPST,$0.3743,1440436557712,"582,737",95% bullish,of 22 ratings,$1.25
CBYL,$6.11,1440436557813,"23,595",100% bearish,of 1 rating,$20
CARA,$19.88,1440436558048,"170,763",50% bullish,of 4 ratings,$25
CARB,$11.14,1440436558182,"36,104",75% bullish,of 4 ratings,$12
CFNL,$22.18,1440436558208,"46,917",Not yet rated,NULL,$24
CRDC,$0.3795,1440436558255,"98,759",100% bullish,of 1 rating,$1.25
CSII,$24.19,1440436558339,"75,188",100% bearish,of 2 ratings,$42.125
CRME,$9.23,1440436558387,"20,099",89% bullish,of 9 ratings,$11.25
CATM,$34.255,1440436558806,"134,183",100% bearish,of 1 rating,$44
CTRE,$11.75,1440436558854,"143,382",50% bullish,of 2 ratings,N/A
CDNA,$6.371,1440436558886,"4,274",100% bearish,of 1 rating,$9
CKEC,$22.39,1440436558987,"91,897",50% bullish,of 2 ratings,$35.915
CART,$5.35,1440436559034,120,100% bearish,of 1 rating,N/A
CARO,$15.33,1440436559065,"5,965",100% bearish,of 1 rating,$19
CLBH,$12.55,1440436559116,923,Not yet rated,NULL,$16.50
CECO,$3.68,1440436559164,"118,684",67% bearish,of 3 ratings,$6
CRZO,$30.4,1440436559501,"539,202",67% bearish,of 3 ratings,$57
CARV,NULL,1440436560032,0,50% bullish,of 2 ratings,N/A
TAST,$11.75,1440436560101,"77,077",Not yet rated,NULL,$14.25
CRTN,NULL,1440436560306,0,100% bearish,of 1 rating,N/A
CASM,$1.1,1440436560800,"19,547",100% bullish,of 1 rating,$3.50
CWST,$6.18,1440436561321,"95,054",50% bullish,of 2 ratings,$7.25
CASY,$104.94,1440436561399,"135,883",50% bullish,of 2 ratings,$99.50
CPRX,$3.3801,1440436561430,"491,482",71% bullish,of 7 ratings,$7
CASS,$46.25,1440436561459,"10,769",100% bearish,of 1 rating,N/A
CACB,$5.33,1440436561482,"41,236",Not yet rated,NULL,$5.50
CASI,$1.4796,1440436561514,"17,084",100% bullish,of 1 rating,$3.50
CSCD,$14.85,1440436561541,"37,856",100% bullish,of 2 ratings,$17
CATB,$10.86,1440436561608,"12,921",100% bearish,of 1 rating,$28
CATY,$29.25,1440436561986,"294,285",100% bearish,of 1 rating,$33.50
CATYW,$8.92,1440436562011,700,100% bearish,of 1 rating,N/A
CAVM,$66.22,1440436562180,"227,708",67% bearish,of 3 ratings,$72
CVCO,$71.03,1440436562335,"15,207",100% bearish,of 1 rating,N/A
CNLMR,NULL,1440436562742,0,Not yet rated,NULL,N/A
CNLM,NULL,1440436562841,0,Not yet rated,NULL,N/A
CBFV,$20.65,1440436562921,"1,000",Not yet rated,NULL,N/A
CBOE,$61.85,1440436562947,"340,098",Not yet rated,NULL,$60
CNLMW,NULL,1440436563079,0,Not yet rated,NULL,N/A
CDK,$47.98,1440436563111,"747,766",67% bearish,of 3 ratings,$50
CNLMU,$10.37,1440436563485,200,100% bullish,of 1 rating,N/A
CDW,$38.26,1440436563847,"397,300",75% bullish,of 4 ratings,$44
CELG,$118.42,1440436564401,"4,201,757",92% bullish,of 13 ratings,$155.50
CPXX,$2.05,1440436565106,"185,572",100% bullish,of 2 ratings,$7
CECE,$9.46,1440436565166,"66,595",50% bullish,of 2 ratings,$16
CLDN,$1.03,1440436565516,"116,582",71% bullish,of 7 ratings,$3
CELGZ,$1.75,1440436565543,"13,667",80% bullish,of 5 ratings,N/A
CLLS,$29.02,1440436565597,"46,905",75% bullish,of 4 ratings,$51.50
CLRB,$3.09,1440436565672,"2,840",100% bearish,of 1 rating,N/A
CLRBW,NULL,1440436565909,0,Not yet rated,NULL,N/A
CLDX,$13.75,1440436566008,"960,640",89% bullish,of 9 ratings,$36
CBMG,$22.11,1440436566038,"48,036",50% bullish,of 2 ratings,N/A
CLSN,$1.88,1440436566143,"104,327",80% bullish,of 10 ratings,$7.50
CYAD,$47.5597,1440436566243,"1,950",100% bullish,of 1 rating,$87.50
CLTX,$2.954,1440436566406,"759,254",100% bullish,of 2 ratings,N/A
CEMP,$34.49,1440436567528,"331,655",71% bullish,of 7 ratings,$52
CETX,$2.35,1440436568243,"7,207",Not yet rated,NULL,$5.60
CSFL,$13.99,1440436568347,"117,379",Not yet rated,NULL,$15
CETV,$1.95,1440436568394,"51,776",67% bullish,of 3 ratings,$2.80
CFBK,$1.37,1440436568652,"4,901",Not yet rated,NULL,N/A
CVCY,$11.132,1440436568788,300,Not yet rated,NULL,$12
CENT,$11.54,1440436568862,"181,051",Not yet rated,NULL,$10
CENTA,$12.56,1440436568920,"118,685",Not yet rated,NULL,N/A
CENX,$5.07,1440436569332,"733,960",67% bullish,of 6 ratings,$9
CNTY,$6.1499,1440436570387,"11,615",80% bullish,of 5 ratings,$7.75
CNBKA,$38.62,1440436570687,"1,920",50% bullish,of 2 ratings,N/A
CPHD,$48.981,1440436570741,"410,715",50% bullish,of 2 ratings,$66.50
CRNT,$1.34,1440436570974,"250,691",50% bullish,of 2 ratings,$2
CERE,$1.09,1440436571144,"221,597",88% bullish,of 8 ratings,N/A
CERN,$61.97,1440436571588,"1,332,145",67% bullish,of 3 ratings,$79
CERU,$3.28,1440436572152,"31,458",75% bullish,of 4 ratings,$15
KOOL,$0.6342,1440436573334,"72,840",100% bullish,of 5 ratings,$7
HOTR,$1.4,1440436573423,"80,329",100% bullish,of 2 ratings,$5
CYOU,$19.58,1440436573471,"141,143",50% bullish,of 6 ratings,$24
CHTR,$176.15,1440436573496,"906,316",100% bearish,of 2 ratings,$196
CEVA,$18.155,1440436573524,"39,456",100% bearish,of 1 rating,$25
CERS,$4.675,1440436573545,"350,958",75% bullish,of 4 ratings,$7
GTLS,$23.09,1440436573790,"154,370",50% bullish,of 4 ratings,$40
HOTRW,NULL,1440436573824,0,Not yet rated,NULL,N/A
CTHR,$1.328,1440436574443,"51,280",50% bullish,of 2 ratings,$2.50
CHKP,$77.11,1440436574606,"962,152",50% bullish,of 4 ratings,$92
CHEKW,$1.0687,1440436574630,500,Not yet rated,NULL,N/A
CHFN,$12.5,1440436574656,"8,433",Not yet rated,NULL,$14
CEMI,$3.85,1440436574677,"22,674",50% bullish,of 2 ratings,$7.50
CHEK,$3,1440436574706,"3,008",Not yet rated,NULL,$7.75
CHMA,$23.675,1440436575688,"97,012",Not yet rated,NULL,$40
CHFC,$31.3,1440436575714,"17,278",100% bearish,of 1 rating,$36
CCXI,$6.85,1440436575860,"57,012",67% bullish,of 3 ratings,$14
CHKE,$25.87,1440436575918,"20,350",100% bearish,of 1 rating,$32.50
PLCE,$59.06,1440436575955,"205,034",100% bearish,of 1 rating,$71
CBNK,$16.168,1440436575984,800,100% bearish,of 1 rating,N/A
CHMG,$26.59,1440436576049,560,Not yet rated,NULL,$30
CHEV,$14.43,1440436576115,"5,503",Not yet rated,NULL,N/A
CMRX,$47.5461,1440436576470,"161,057",50% bullish,of 2 ratings,$57
CALI,$0.81,1440436576963,"9,700",67% bullish,of 3 ratings,N/A
CADC,$3.12,1440436576989,"5,520",78% bullish,of 9 ratings,N/A
CBAK,$1.58,1440436577131,"58,975",67% bullish,of 9 ratings,N/A
CCCL,$0.7865,1440436577287,"5,954",100% bullish,of 6 ratings,N/A
CBPO,$93.54,1440436577312,"257,913",75% bullish,of 8 ratings,$140.50
CAAS,$6.09,1440436577503,"33,055",93% bullish,of 14 ratings,$11.50
CCCR,$0.8,1440436577685,"1,400",67% bearish,of 3 ratings,N/A
JRJC,$3.29,1440436577746,"262,368",82% bullish,of 11 ratings,N/A
CHOP,$1.2,1440436577794,"15,476",50% bullish,of 2 ratings,N/A
CHLN,$1.7001,1440436578028,"7,533",67% bullish,of 3 ratings,N/A
CNIT,$1.33,1440436578270,"170,014",67% bullish,of 6 ratings,N/A
CJJD,$1.81,1440436578956,"43,390",100% bullish,of 1 rating,N/A
HTHT,$23.88,1440436578981,"33,567",50% bullish,of 2 ratings,$28.40
HGSH,$1.775,1440436579006,"13,670",67% bullish,of 3 ratings,N/A
CHNR,$1.63,1440436579412,"5,508",100% bearish,of 1 rating,N/A
CREG,$0.67,1440436579468,"39,919",100% bullish,of 3 ratings,N/A
CNYD,$3.19,1440436579568,"10,594",67% bullish,of 3 ratings,N/A
CPGI,$6.8624,1440436579615,"3,444",Not yet rated,NULL,N/A
CSUN,$1.293,1440436579643,"42,694",80% bullish,of 5 ratings,N/A
CNTF,$0.79,1440436579669,"178,474",Not yet rated,NULL,N/A
CXDC,$6,1440436579696,"75,811",67% bullish,of 3 ratings,N/A
CCIH,$6.01,1440436579724,"262,255",67% bullish,of 6 ratings,$12.65
CNET,$0.7549,1440436579950,"76,332",50% bullish,of 2 ratings,N/A
IMOS,$16.67,1440436580108,"106,183",60% bullish,of 5 ratings,$21.50
CHSCL,$26.78,1440436580396,"28,241",Not yet rated,NULL,N/A
CHSCM,$25.591,1440436581355,"43,375",Not yet rated,NULL,N/A
CHSCO,$28.06,1440436581433,"9,053",Not yet rated,NULL,N/A
CHSCN,$26.56,1440436581498,"6,991",Not yet rated,NULL,N/A
CHDN,$132.84,1440436581528,"15,541",Not yet rated,NULL,$165
CDTX,$14.09,1440436581555,"10,928",Not yet rated,NULL,$22
CHSCP,$29.95,1440436581630,"7,933",Not yet rated,NULL,N/A
CHUY,$31.651,1440436581690,"131,449",50% bullish,of 2 ratings,$34
CIFC,$6.84,1440436581719,"3,536",100% bearish,of 1 rating,N/A
CMCT,$15.2,1440436582088,"1,516",100% bearish,of 1 rating,N/A
CINF,$52.55,1440436582254,"394,039",50% bullish,of 4 ratings,$50.50
CIDM,$0.6,1440436582351,"52,871",50% bullish,of 2 ratings,$2.10
CTAS,$83.35,1440436582398,"249,152",100% bearish,of 1 rating,$91
CMPR,$67.53,1440436582540,"297,588",50% bullish,of 2 ratings,$72.50
CPHR,$5.61,1440436582639,"11,045",100% bearish,of 1 rating,$17
CTRN,$27.66,1440436583194,"64,304",100% bearish,of 1 rating,$31.50
CSCO,$25.97,1440436583252,"19,293,304",84% bullish,of 208 ratings,$32
CRUS,$28.76,1440436583453,"712,697",75% bullish,of 12 ratings,$44.50
CZFC,NULL,1440436583482,0,Not yet rated,NULL,N/A
CZNC,$19.79,1440436583541,"4,622",Not yet rated,NULL,N/A
CTXS,$69.125,1440436583780,"1,282,581",86% bullish,of 7 ratings,$80
CZWI,$9,1440436583958,"11,000",Not yet rated,NULL,N/A
CIZN,$19.27,1440436584019,"1,673",Not yet rated,NULL,N/A
CHCO,$47,1440436584864,"18,441",Not yet rated,NULL,$46
CIVB,$10.0255,1440436584967,400,Not yet rated,NULL,$11
CIVBP,$32.93,1440436585506,500,Not yet rated,NULL,N/A
CDTI,$1.49,1440436585807,"121,624",75% bullish,of 4 ratings,$3.20
CLNT,$1.6899,1440436586029,"4,516",75% bullish,of 8 ratings,N/A
CLNE,$4.22,1440436586095,"842,559",80% bullish,of 15 ratings,$9
CLFD,$17.29,1440436586164,"32,051",67% bullish,of 3 ratings,$18
CLIR,$4.65,1440436586887,"71,232",100% bullish,of 3 ratings,N/A
CLRO,$11.54,1440436586912,"10,451",50% bullish,of 2 ratings,$14.25
CSBK,$13.63,1440436586942,"35,895",Not yet rated,NULL,N/A
CLVS,$71.68,1440436586963,"204,970",60% bullish,of 5 ratings,$101.50
CBLI,$3.64,1440436587053,"47,632",60% bullish,of 5 ratings,N/A
CMFN,$11.68,1440436588244,"25,850",100% bearish,of 1 rating,$15.50
CME,$91.05,1440436588470,"1,009,714",67% bullish,of 3 ratings,$102
CCNE,$17,1440436588603,"12,176",50% bullish,of 2 ratings,$21.50
CISG,$7.31,1440436588635,"169,358",100% bullish,of 5 ratings,$10
CNV,$4.51,1440436588739,"50,889",50% bullish,of 2 ratings,$7.15
CWAY,$11.21,1440436588764,"3,154",Not yet rated,NULL,N/A
COBZ,$12.82,1440436588790,"38,076",100% bullish,of 1 rating,$14
CDXS,$3.8192,1440436588819,"42,622",64% bullish,of 11 ratings,$6
COKE,$154.57,1440436588922,"34,628",79% bullish,of 19 ratings,N/A
CDRB,$10.1999,1440436589107,"21,867",67% bullish,of 3 ratings,N/A
CVLY,$20.55,1440436589236,"4,383",Not yet rated,NULL,N/A
JVA,$4.455,1440436589325,"19,865",83% bullish,of 6 ratings,$7
CTSH,$61.81,1440436589365,"2,072,287",90% bullish,of 10 ratings,$75
CCOI,$28.28,1440436589391,"257,126",50% bullish,of 4 ratings,$35
CGNT,$1.63,1440436589466,"65,686",100% bullish,of 2 ratings,$2
CGNX,$35.319,1440436589514,"326,822",50% bullish,of 2 ratings,$47
CHRS,$29.48,1440436590403,"72,732",67% bearish,of 3 ratings,$37
COHR,$56.93,1440436590485,"40,162",50% bullish,of 2 ratings,$72
COLL,$15.63,1440436590713,"41,610",100% bearish,of 1 rating,$26
CIGI,$42.8,1440436590773,"4,833",100% bearish,of 1 rating,$52
CLCT,$17.9699,1440436590800,"41,225",100% bearish,of 1 rating,N/A
CLRX,$0.5149,1440436590843,"96,151",50% bullish,of 2 ratings,N/A
CLCD,$6.71,1440436590868,"18,058",100% bearish,of 1 rating,$20.50
COHU,$9.81,1440436590927,"42,184",100% bearish,of 1 rating,$14.25
CBAN,$9.07,1440436591160,"2,904",Not yet rated,NULL,N/A
COLM,$60.885,1440436591455,"71,420",100% bearish,of 1 rating,$71
COLB,$30.31,1440436591559,"154,028",Not yet rated,NULL,$36
CBMX,$1.13,1440436591592,"57,137",83% bullish,of 6 ratings,$3.15
CMCO,$19.28,1440436591688,"28,065",60% bullish,of 5 ratings,$28
CMCSA,$56.14,1440436591713,"7,268,903",66% bullish,of 35 ratings,$69.50
CBSH,$44.49,1440436592252,"215,130",50% bullish,of 2 ratings,$46
CVGI,$4.72,1440436592598,"27,541",50% bullish,of 2 ratings,$6
CMCSK,$56.74,1440436592671,"2,133,853",Not yet rated,NULL,$84
CBSHP,$25.128,1440436592731,"6,215",100% bearish,of 1 rating,N/A
CSAL,$20.62,1440436592839,"436,833",75% bullish,of 4 ratings,$30
CUBN,$13.56,1440436592898,"2,643",Not yet rated,NULL,N/A
COMM,$28.575,1440436592971,"862,129",67% bearish,of 3 ratings,$35
JCS,$8.71,1440436593440,"8,944",67% bullish,of 3 ratings,N/A
CYHHZ,$0.01,1440436594058,"227,589",100% bullish,of 1 rating,N/A
ESXB,$5.04,1440436594108,"3,250",Not yet rated,NULL,N/A
CVLT,$36.11,1440436594159,"202,484",75% bullish,of 4 ratings,$44.50
COB,$10.52,1440436594185,"1,992",100% bullish,of 1 rating,$11.75
CTBI,$34.72,1440436594209,"30,141",Not yet rated,NULL,$36
CWBC,NULL,1440436594237,0,Not yet rated,NULL,N/A
CIZ,$32.68,1440436594459,"1,150",100% bearish,of 1 rating,N/A
CSF,$36.33,1440436594665,"2,051",100% bearish,of 1 rating,N/A
CSA,$32.88,1440436594694,"1,200",Not yet rated,NULL,N/A
CID,$33.1399,1440436594732,150,Not yet rated,NULL,N/A
CFO,$35.12,1440436594753,"28,210",100% bearish,of 1 rating,N/A
CDC,$34.51,1440436594785,"9,934",Not yet rated,NULL,N/A
CIL,$33.0699,1440436594813,100,Not yet rated,NULL,N/A
CFA,$35.05,1440436594845,"2,156",100% bearish,of 1 rating,N/A
CDL,NULL,1440436595370,0,Not yet rated,NULL,N/A
CSB,NULL,1440436595957,0,Not yet rated,NULL,N/A
CTG,$6.585,1440436596004,"22,644",100% bearish,of 1 rating,$8.50
CPSI,$44.98,1440436596050,"31,119",100% bearish,of 1 rating,$45.50
CHCI,$0.5999,1440436596153,"14,000",50% bullish,of 2 ratings,N/A
CGEN,$4.92,1440436596179,"194,740",50% bullish,of 2 ratings,$11
CMTL,$27.12,1440436596205,"12,470",100% bearish,of 2 ratings,$37
SCOR,$55.3675,1440436596253,"138,500",100% bearish,of 1 rating,$66
CXRX,$70.12,1440436596680,"3,230",100% bearish,of 1 rating,$90
CNSI,$18.65,1440436596770,"54,532",100% bearish,of 2 ratings,$29
CNCE,$15.59,1440436596821,"72,949",75% bullish,of 4 ratings,$22
CNAT,$3.8537,1440436596850,"119,157",83% bullish,of 6 ratings,$13
CCUR,$5.02,1440436596882,"24,604",75% bullish,of 4 ratings,N/A
CDOR,$1.37,1440436596907,"5,932",100% bullish,of 1 rating,N/A
CDORP,$6.6,1440436597148,"1,443",100% bearish,of 1 rating,N/A
CDORO,$18,1440436597179,904,100% bearish,of 1 rating,N/A
CNFR,$10.0562,1440436597841,"8,504",Not yet rated,NULL,N/A
CWCO,$10.5699,1440436597868,"65,720",67% bullish,of 3 ratings,$14.50
CNXR,$6.52,1440436597899,"37,487",100% bearish,of 1 rating,$12
CONN,$30.35,1440436597920,"338,911",67% bullish,of 3 ratings,$48.50
CFMS,$20.205,1440436597955,"138,668",Not yet rated,NULL,$27
CNMD,$52.36,1440436597977,"247,999",Not yet rated,NULL,$59
CTWS,$35.35,1440436598009,"10,923",100% bearish,of 1 rating,$44
CNOB,$19.46,1440436598052,"15,389",100% bullish,of 1 rating,$23.50
CNSL,$19.415,1440436598407,"92,521",100% bearish,of 1 rating,$23
CPSS,$5.81,1440436598539,"31,139",100% bullish,of 1 rating,$10
CTCT,$24.01,1440436598762,"105,877",67% bullish,of 3 ratings,$37
CFRXW,$1.88,1440436598793,"2,809",100% bearish,of 1 rating,N/A
CFRX,$4.8356,1440436598828,"34,543",Not yet rated,NULL,$14
CFRXZ,$0.49,1440436598959,"9,375",Not yet rated,NULL,N/A
CTRV,$3.7,1440436599556,"21,804",Not yet rated,NULL,$6.40
CTRL,$8.0399,1440436599640,"86,590",50% bullish,of 2 ratings,$11
CPRT,$34.15,1440436599672,"100,869",67% bearish,of 3 ratings,$40
CRBP,$1.9001,1440436599702,"337,856",100% bullish,of 2 ratings,$6.25
CORE,$59.815,1440436599724,"48,292",100% bearish,of 1 rating,$72
BVA,NULL,1440436599752,0,50% bullish,of 2 ratings,N/A
CORT,$4.725,1440436599780,"151,353",67% bullish,of 3 ratings,$12
CORI,$10.14,1440436599802,"32,567",100% bearish,of 1 rating,$18
CSOD,$35.47,1440436600052,"242,413",50% bullish,of 2 ratings,$42
CRVL,$31.4,1440436600208,"25,280",100% bearish,of 1 rating,N/A
CSGP,$177.69,1440436600340,"111,569",50% bullish,of 2 ratings,$235
COST,$136.09,1440436600398,"1,690,970",79% bullish,of 24 ratings,$154.50
COSI,$1.0899,1440436600480,"47,493",100% bullish,of 1 rating,N/A
CPAH,$0.4899,1440436600542,"9,000",50% bullish,of 2 ratings,N/A
CVTI,$22.2,1440436601451,"79,209",67% bearish,of 3 ratings,$39
ICBK,NULL,1440436601480,0,Not yet rated,NULL,$21
COVS,$2.65,1440436601516,"137,385",67% bullish,of 3 ratings,N/A
COWN,$5.2,1440436601586,"446,292",75% bullish,of 4 ratings,$7
COWNL,$26.75,1440436602019,"2,698",Not yet rated,NULL,N/A
CRAI,$21.76,1440436602044,"12,806",100% bearish,of 1 rating,$36
BREW,$7.32,1440436602373,"38,903",67% bullish,of 6 ratings,$15
CPSH,$2.15,1440436602451,"1,070",Not yet rated,NULL,N/A
CBRL,$140.95,1440436602632,"167,004",50% bullish,of 2 ratings,$155
CACC,$195.14,1440436602788,"69,447",50% bullish,of 2 ratings,$158.50
CRAY,$20.42,1440436602813,"162,991",83% bullish,of 6 ratings,$38.50
GLDI,$11.1299,1440436603247,"13,652",100% bearish,of 1 rating,N/A
CREE,$27.14,1440436603345,"850,477",65% bullish,of 17 ratings,$29.50
CRESY,$9.67,1440436603375,"46,805",100% bearish,of 1 rating,$19
SLVO,$10.1565,1440436603399,"28,785",100% bearish,of 1 rating,N/A
CRTO,$42.125,1440436603446,"363,747",67% bullish,of 6 ratings,$64
CCRN,$14.51,1440436603747,"102,311",100% bearish,of 1 rating,$14.25
CRDS,$1,1440436604192,"17,265",50% bullish,of 4 ratings,$4.50
CROX,$13.81,1440436604222,"825,233",63% bullish,of 8 ratings,$16.50
CSGS,$30.83,1440436604250,"81,213",Not yet rated,NULL,$40
CYRXW,$0.81,1440436604279,"7,900",Not yet rated,NULL,N/A
CRWS,$7.8926,1440436604303,"6,683",Not yet rated,NULL,$10
CRWN,$4.58,1440436604356,"57,865",75% bullish,of 4 ratings,N/A
CYRX,$2.75,1440436604406,"24,579",Not yet rated,NULL,$9
CCLP,$13.12,1440436604713,"104,367",67% bearish,of 3 ratings,$21
CSPI,$5.8899,1440436604792,"11,050",67% bullish,of 3 ratings,N/A
CTCM,$1.73,1440436604822,"102,079",80% bearish,of 5 ratings,$3.90
CTIB,$3.55,1440436604851,"4,275",100% bearish,of 1 rating,N/A
CTIC,$1.7025,1440436604888,"688,244",84% bullish,of 76 ratings,$5.75
CTRP,$60.62,1440436604913,"1,336,480",75% bullish,of 8 ratings,$92
CUNB,$21.57,1440436604954,"4,506",Not yet rated,NULL,$24.50
CMLS,$1.3301,1440436606015,"265,815",50% bullish,of 4 ratings,$6
CRIS,$2.535,1440436606170,"254,638",100% bullish,of 8 ratings,$6
CUI,$4.96,1440436606303,"30,504",50% bullish,of 2 ratings,$10
CPIX,$5.79,1440436606459,"1,417",Not yet rated,NULL,N/A
CVV,$11.1,1440436606603,"21,391",100% bullish,of 5 ratings,N/A
CUTR,$13.98,1440436606628,"265,155",67% bearish,of 3 ratings,$18
CYBR,$51.47,1440436607036,"1,563,500",86% bullish,of 7 ratings,$66
CYAN,$6.8701,1440436607178,"2,300",100% bearish,of 1 rating,N/A
CYBE,$5.85,1440436607286,"11,784",100% bearish,of 1 rating,N/A
CYCCP,NULL,1440436607325,0,100% bearish,of 1 rating,N/A
CYBX,$65.3,1440436607347,"160,235",50% bullish,of 4 ratings,$71.50
CYNA,$15.6125,1440436607379,"43,016",100% bullish,of 1 rating,$31.50
CVBF,$16.21,1440436607408,"141,675",Not yet rated,NULL,$18
CYCC,$0.53,1440436607440,"47,449",73% bullish,of 11 ratings,N/A
CBAY,$2.59,1440436607600,"29,204",100% bullish,of 1 rating,$4
CYNO,$31.66,1440436607730,"94,972",67% bearish,of 3 ratings,$45.50
CYTX,$0.3482,1440436608005,"838,457",83% bullish,of 12 ratings,$5.50
CYRN,$1.55,1440436608036,"75,628",67% bullish,of 3 ratings,$4
CONE,$32.55,1440436608062,"130,571",67% bearish,of 3 ratings,$35
CY,$9.725,1440436608139,"4,236,706",80% bullish,of 10 ratings,$15.50
CYTR,$2.17,1440436608293,"492,190",67% bullish,of 6 ratings,$10
TVIZ,$15.87,1440436608427,"11,600",100% bearish,of 1 rating,N/A
CYTK,$6.64,1440436608452,"139,419",71% bullish,of 14 ratings,$13.50
CTSO,$6.68,1440436608739,"111,427",Not yet rated,NULL,$15.625
TVIX,$10.43,1440436608942,"15,246,895",81% bullish,of 16 ratings,N/A
DAEG,$0.35,1440436609421,"2,420",100% bearish,of 1 rating,N/A
ZIV,$44.4,1440436609446,"159,371",Not yet rated,NULL,N/A
DJCO,$202.132,1440436609653,833,Not yet rated,NULL,N/A
DAKT,$11.58,1440436609735,"96,438",50% bullish,of 2 ratings,$14
XIV,$33.565,1440436609760,"22,080,218",75% bearish,of 4 ratings,N/A
DARA,$0.89,1440436610012,"47,861",83% bullish,of 6 ratings,$1.50
DAIO,$2.5,1440436610240,"9,529",Not yet rated,NULL,N/A
DTLK,$5.66,1440436610265,"33,742",100% bearish,of 1 rating,$9
DWCH,$4.86,1440436610575,"39,420",75% bullish,of 4 ratings,$8.25
DRAM,$1.3501,1440436611497,"5,931",78% bullish,of 9 ratings,N/A
DTEA,$13.175,1440436611523,"37,911",100% bearish,of 2 ratings,$24
PLAY,$33.85,1440436611606,"67,028",100% bullish,of 5 ratings,$42
DWSN,$4.088,1440436611787,"26,977",67% bullish,of 3 ratings,$6
DBVT,$37.86,1440436611955,"61,587",100% bearish,of 1 rating,$53
DHRM,$1.58,1440436612160,"7,200",Not yet rated,NULL,N/A
TACO,$12.655,1440436612327,"139,342",75% bullish,of 4 ratings,$20
TRAK,$62.91,1440436612520,"257,774",50% bullish,of 2 ratings,$62.50
DFRG,$14.84,1440436612711,"64,411",100% bearish,of 1 rating,$20
TACOW,$3.7,1440436612736,"11,598",100% bullish,of 1 rating,N/A
DCTH,$0.4595,1440436612761,"78,781",78% bullish,of 9 ratings,N/A
DGAS,$20.22,1440436612787,"4,244",67% bearish,of 3 ratings,N/A
DELT,$2.6,1440436612917,"1,385",Not yet rated,NULL,N/A
DELTW,NULL,1440436612942,0,Not yet rated,NULL,N/A
XRAY,$52.6,1440436613011,"297,431",100% bullish,of 1 rating,$58
DENN,$11.42,1440436614186,"329,481",100% bullish,of 3 ratings,$15
DSCI,$6.15,1440436615110,"50,707",50% bullish,of 2 ratings,$16
DERM,$23.83,1440436615170,"83,906",100% bearish,of 1 rating,$33.50
DEPO,$28.14,1440436615400,"698,893",60% bullish,of 5 ratings,$29
DXLG,$4.465,1440436616480,"48,478",100% bearish,of 1 rating,$8
DXCM,$86.85,1440436616538,"670,434",57% bullish,of 7 ratings,$98
DEST,$11.31,1440436616610,"21,596",50% bullish,of 2 ratings,N/A
DXM,$0.2996,1440436616637,"82,057",50% bullish,of 2 ratings,N/A
DHXM,NULL,1440436616767,0,Not yet rated,NULL,N/A
DSWL,$1.7698,1440436616794,"21,440",100% bullish,of 1 rating,N/A
DHIL,$187.99,1440436616820,"1,179",Not yet rated,NULL,N/A
FANG,$64.9,1440436616924,"679,005",50% bullish,of 2 ratings,$86
DMND,$29.805,1440436618315,"90,420",75% bullish,of 12 ratings,$32
DCIX,$1.69,1440436618446,"54,089",50% bullish,of 4 ratings,$3.50
DRNA,$10.96,1440436618531,"69,796",67% bearish,of 3 ratings,$25
DMRC,$36.13,1440436618818,"58,938",100% bearish,of 1 rating,$44
DGII,$9.85,1440436618844,"24,056",100% bearish,of 1 rating,$10
DRAD,$3.81,1440436621594,"40,125",100% bullish,of 1 rating,$5.25
DGLY,$6.3775,1440436621633,"216,816",50% bullish,of 6 ratings,$20
APPS,$2.35,1440436621658,"77,809",100% bearish,of 1 rating,$10.25
DCOM,$16.5575,1440436622154,"41,628",100% bearish,of 2 ratings,$16.50
DIOD,$19.49,1440436622212,"96,160",75% bearish,of 4 ratings,$24
DPRX,$12.1,1440436622311,"8,955",100% bullish,of 2 ratings,$27.75
DISCA,$26.61,1440436622838,"1,330,985",67% bullish,of 3 ratings,$34
DISCB,$29.06,1440436622912,4,100% bearish,of 1 rating,$35
DISH,$59.87,1440436623015,"1,062,307",69% bullish,of 13 ratings,$73
DISCK,$25.12,1440436623187,"1,515,968",100% bearish,of 1 rating,$32
DSCO,$0.3951,1440436623234,"166,091",83% bullish,of 6 ratings,$2.75
DLHC,$2.35,1440436623390,"11,531",100% bearish,of 1 rating,N/A
DVCR,$10.22,1440436623427,"13,993",100% bullish,of 1 rating,N/A
BAGR,$2.88,1440436623523,"18,559",100% bearish,of 1 rating,$6
DNBF,$26.29,1440436624144,"11,330",Not yet rated,NULL,$27.50
DLTR,$75.85,1440436624350,"1,141,091",82% bullish,of 11 ratings,$88
HILL,$9.675,1440436625848,"2,400,767",60% bearish,of 5 ratings,$9.75
DGICA,$14.4,1440436625946,"7,761",100% bearish,of 1 rating,$17
DGICB,NULL,1440436626496,0,100% bearish,of 1 rating,N/A
DRWIW,NULL,1440436626521,0,Not yet rated,NULL,N/A
DMLP,$13.49,1440436626548,"49,294",100% bearish,of 1 rating,N/A
DORM,$50.03,1440436626569,"151,223",100% bearish,of 1 rating,$56
DRWI,$0.255,1440436626598,"128,424",60% bullish,of 5 ratings,$.45
DWA,$19.555,1440436627219,"483,813",63% bullish,of 8 ratings,$26
DSKX,$3.0899,1440436627567,"120,300",100% bullish,of 1 rating,N/A
CADT,$10.02,1440436627635,300,Not yet rated,NULL,N/A
CADTU,NULL,1440436627723,0,Not yet rated,NULL,N/A
DRYS,$0.3466,1440436627749,"3,077,382",77% bullish,of 31 ratings,$.60
DSPG,$8.48,1440436627774,"20,109",100% bearish,of 1 rating,$13.50
CADTR,$0.2,1440436627799,"24,465",Not yet rated,NULL,N/A
CADTW,NULL,1440436628154,0,Not yet rated,NULL,N/A
DNKN,$50.05,1440436628845,"1,325,810",67% bullish,of 15 ratings,$56.50
DRRX,$2,1440436629510,"127,433",50% bullish,of 6 ratings,$3
DTSI,$25.89,1440436629537,"33,990",100% bearish,of 2 ratings,$39.50
DYAX,$22.7,1440436630506,"358,788",89% bullish,of 9 ratings,$30
DXPE,$28.62,1440436630533,"49,930",50% bullish,of 2 ratings,N/A
BOOM,$9.8,1440436630662,"29,214",67% bullish,of 3 ratings,$12
DYNT,$2.85,1440436630734,"10,628",75% bullish,of 4 ratings,N/A
DVAX,$27.2499,1440436630759,"151,138",70% bullish,of 10 ratings,$40
DYSL,$1.441,1440436630990,"17,005",100% bullish,of 2 ratings,N/A
ETFC,$25.01,1440436631094,"2,004,271",57% bullish,of 14 ratings,$33
EGBN,$42.08,1440436631166,"71,417",Not yet rated,NULL,$48
EBMT,$11.42,1440436631909,"40,025",Not yet rated,NULL,$13.50
EGLE,$6.13,1440436631954,"7,061",60% bullish,of 5 ratings,N/A
EROC,$1.2,1440436632009,"374,057",50% bullish,of 2 ratings,$3
EGRX,$66.975,1440436632040,"177,633",67% bullish,of 3 ratings,$97
ELNK,$8.1401,1440436633040,"315,506",60% bullish,of 5 ratings,$9.50
EACQU,NULL,1440436633383,0,Not yet rated,NULL,N/A
EML,$16.64,1440436633474,"23,363",Not yet rated,NULL,N/A
EWBC,$39.87,1440436633579,"1,081,625",100% bearish,of 1 rating,$50
EVBS,$6.4001,1440436633626,"4,145",Not yet rated,NULL,$7
EBAY,$25.52,1440436633892,"6,431,148",81% bullish,of 117 ratings,$48
ECHO,$24.01,1440436634789,"256,529",67% bearish,of 3 ratings,$35.50
ELON,$0.5392,1440436634959,"39,672",50% bullish,of 2 ratings,N/A
ECTE,$1.41,1440436634990,"17,272",75% bullish,of 4 ratings,N/A
SATS,$42.75,1440436635037,"61,489",50% bullish,of 2 ratings,$60
ESES,$3.46,1440436635088,"3,470",100% bearish,of 1 rating,$7
EBIX,$26.63,1440436635116,"488,084",69% bullish,of 13 ratings,$40
EEI,$10.83,1440436635150,"1,604",67% bearish,of 3 ratings,N/A
ECACU,$10.048,1440436635171,"22,600",Not yet rated,NULL,N/A
EDAP,$3.045,1440436635342,"32,338",60% bullish,of 5 ratings,$4.50
EDGW,$6.93,1440436635644,"100,240",100% bearish,of 1 rating,N/A
EFUT,$4,1440436636290,"4,946",Not yet rated,NULL,N/A
EDUC,$4.5,1440436636321,"2,170",100% bearish,of 1 rating,N/A
EGAN,$3.3,1440436636347,"11,199",50% bullish,of 2 ratings,$6.25
EGLT,$10.901,1440436636423,"38,416",50% bullish,of 2 ratings,$21
LOCO,$11.9151,1440436636482,"920,071",69% bullish,of 13 ratings,$20
EHTH,$13.56,1440436636866,"62,052",50% bullish,of 4 ratings,$16.50
ESLT,$74.699,1440436637063,"18,018",67% bullish,of 3 ratings,N/A
EMITF,$1.235,1440436637135,"39,244",75% bullish,of 4 ratings,N/A
ERI,$9.27,1440436637243,"34,329",100% bearish,of 1 rating,$10
ESIO,$4.4,1440436637287,"36,257",50% bullish,of 2 ratings,$10
ELRC,$10.31,1440436637313,"11,390",100% bearish,of 1 rating,N/A
EA,$65.24,1440436637377,"2,225,417",77% bullish,of 35 ratings,$80
EFII,$43.08,1440436637403,"152,359",80% bullish,of 5 ratings,$55
ELSE,$3.63,1440436637446,400,60% bullish,of 5 ratings,N/A
ELEC,NULL,1440436638835,0,Not yet rated,NULL,N/A
ELECU,NULL,1440436638919,0,Not yet rated,NULL,N/A
EBIO,$3.33,1440436639375,"183,414",100% bearish,of 2 ratings,$8.35
ELECW,NULL,1440436639401,0,Not yet rated,NULL,N/A
RDEN,$10.375,1440436639422,"54,575",100% bearish,of 4 ratings,$15
CAPX,$22.365,1440436639568,"1,600",Not yet rated,NULL,N/A
ESBK,NULL,1440436639792,0,Not yet rated,NULL,N/A
ELTK,$1.06,1440436639847,"6,830",67% bearish,of 3 ratings,N/A
LONG,$16.8,1440436639873,"49,486",67% bullish,of 3 ratings,$15.75
EMMS,$1.22,1440436639926,"122,999",67% bullish,of 6 ratings,N/A
EMCI,$22.32,1440436639957,"12,911",Not yet rated,NULL,N/A
EMCF,NULL,1440436640004,0,100% bearish,of 1 rating,N/A
EMKR,$7.12,1440436640060,"61,405",75% bullish,of 4 ratings,$8.50
EMMSP,NULL,1440436640084,0,100% bearish,of 1 rating,N/A
NYNY,$4.09,1440436640371,"59,747",50% bullish,of 2 ratings,N/A
ERS,$2.8,1440436640759,"2,602",Not yet rated,NULL,N/A
ENDP,$75.6162,1440436640864,"1,219,235",50% bullish,of 6 ratings,$104
ENTA,$39.615,1440436640896,"112,849",50% bullish,of 2 ratings,$42
ECPG,$39.063,1440436640922,"53,907",100% bullish,of 2 ratings,$52
ECYT,$5.1,1440436640947,"134,919",83% bullish,of 6 ratings,$12
WIRE,$32.51,1440436640997,"59,826",100% bearish,of 1 rating,$37
ELGX,$12.78,1440436641103,"268,153",75% bullish,of 4 ratings,$17
EIGI,$15.185,1440436641268,"347,628",67% bearish,of 3 ratings,$22.50
EFOI,$16.24,1440436641616,"239,466",50% bullish,of 2 ratings,$20.50
WATT,$6.3401,1440436641725,"160,491",50% bullish,of 2 ratings,$13
ERII,$2.9,1440436641752,"58,477",80% bullish,of 5 ratings,$2.50
ENG,$1,1440436641774,"35,150",100% bullish,of 3 ratings,N/A
ENPH,$4.985,1440436641809,"757,736",75% bullish,of 4 ratings,$11
EXXI,$1.335,1440436641835,"1,529,448",86% bullish,of 7 ratings,$3.50
ENOC,$8.62,1440436641908,"153,248",75% bullish,of 4 ratings,$18
ENTL,$21.48,1440436642367,"8,864",Not yet rated,NULL,$28
ENFC,$18,1440436642472,"4,225",Not yet rated,NULL,N/A
ESGR,$149.5,1440436642530,"10,015",100% bearish,of 1 rating,$185
ETRM,$0.2301,1440436642822,"757,480",69% bearish,of 35 ratings,$1.625
ENTG,$13.71,1440436642880,"332,515",100% bearish,of 1 rating,$18
EBTC,$20.47,1440436642952,"3,563",Not yet rated,NULL,N/A
EFSC,$24.17,1440436643011,"17,624",Not yet rated,NULL,$27
ENVI,$1.73,1440436643588,"23,232",67% bullish,of 3 ratings,N/A
EGT,$2.1156,1440436643774,305,100% bullish,of 1 rating,N/A
ENZN,$0.9668,1440436643803,"817,793",100% bullish,of 9 ratings,N/A
ENZY,$9.13,1440436643824,"7,846",67% bullish,of 3 ratings,$9.50
EPZM,$18.79,1440436643951,"321,124",60% bullish,of 5 ratings,$34
EPRS,$4.9,1440436643977,"57,727",82% bullish,of 11 ratings,$15
EPIQ,$13.55,1440436643998,"42,572",100% bearish,of 1 rating,$18
PLUS,$76.49,1440436644187,"29,571",50% bullish,of 2 ratings,$88
EQIX,$264.89,1440436644341,"308,198",75% bullish,of 4 ratings,$312.50
EAC,$3.55,1440436644797,"27,818",100% bearish,of 1 rating,$8
EQFN,NULL,1440436644870,0,100% bearish,of 1 rating,N/A
ERIC,$9.7001,1440436644896,"1,855,875",63% bullish,of 8 ratings,$12.20
ESCA,$18.07,1440436644924,"13,755",100% bearish,of 1 rating,$22
ESCRP,$1.5475,1440436645139,"3,979",100% bearish,of 1 rating,N/A
ESCR,$0.1501,1440436645212,"11,719",50% bullish,of 2 ratings,N/A
ERIE,$82.965,1440436645239,"10,993",Not yet rated,NULL,$73
ESMC,NULL,1440436645296,0,Not yet rated,NULL,N/A
EPIX,NULL,1440436645462,0,Not yet rated,NULL,N/A
ESPR,$54.11,1440436645532,"568,249",70% bearish,of 10 ratings,$123
ESSA,$12.53,1440436645561,"8,249",100% bearish,of 1 rating,N/A
ESND,$35.19,1440436645598,"60,311",100% bearish,of 2 ratings,$40
ESSX,$0.48,1440436645667,"18,350",50% bullish,of 2 ratings,N/A
ETSY,$13.56,1440436645718,"422,817",80% bullish,of 5 ratings,$16
CLWT,$2.3799,1440436645770,"15,107",100% bearish,of 1 rating,N/A
EVEP,$7.1005,1440436646900,"303,248",50% bullish,of 2 ratings,$15
EEFT,$63.5,1440436647077,"115,555",100% bearish,of 1 rating,$67.50
EVOL,$5.88,1440436647247,"8,592",75% bullish,of 4 ratings,$10
EVLV,$2.05,1440436647322,"95,974",60% bullish,of 5 ratings,$6.50
EVK,$3.75,1440436647419,"9,400",75% bearish,of 4 ratings,N/A
EVOK,$3.7344,1440436647451,"74,549",100% bearish,of 1 rating,$13.375
ESEA,$5.41,1440436647525,"2,442",100% bullish,of 1 rating,$15
EXA,$10.6401,1440436647551,"11,494",100% bearish,of 1 rating,$13
EXAC,$18.25,1440436647776,"16,547",100% bearish,of 1 rating,$22.50
EXEL,$5.4551,1440436647956,"3,268,335",81% bullish,of 16 ratings,$6
EXAS,$20.3401,1440436648027,"821,466",78% bullish,of 9 ratings,$31
EXFO,$2.63,1440436648057,"29,420",67% bearish,of 3 ratings,$3.95
EXPD,$47.6,1440436648159,"740,481",80% bullish,of 5 ratings,$51.50
EXPE,$112.185,1440436648184,"1,065,160",64% bullish,of 11 ratings,$130
EXLS,$36.98,1440436648209,"104,776",100% bullish,of 1 rating,$41
EXPO,$42.19,1440436649526,"21,791",100% bearish,of 1 rating,$45.50
EXTR,$2.805,1440436649672,"361,999",80% bullish,of 5 ratings,$3
EYEG,$4.085,1440436649755,"11,593",Not yet rated,NULL,N/A
ESRX,$83.35,1440436649801,"3,000,719",67% bearish,of 6 ratings,$101
EYEGW,NULL,1440436649826,0,Not yet rated,NULL,N/A
EXLP,$18,1440436649852,"156,830",100% bearish,of 1 rating,$27
EZPW,$6.2901,1440436649984,"125,383",50% bullish,of 4 ratings,$7.50
EZCH,$21.425,1440436650011,"96,735",75% bullish,of 8 ratings,$19.50
FFIV,$120.669,1440436650037,"493,314",63% bullish,of 8 ratings,$132
FB,$86.43,1440436650563,"34,505,493",73% bullish,of 1066 ratings,$111
FWM,$2.275,1440436650605,"157,066",100% bearish,of 2 ratings,$3.20
FRP,$16.7,1440436650698,"20,391",100% bearish,of 1 rating,$18
FALC,$1.55,1440436650728,"16,277",63% bearish,of 8 ratings,N/A
FCS,$13.42,1440436650749,"390,431",67% bearish,of 3 ratings,$17
DAVE,$14.21,1440436650782,"30,922",100% bearish,of 1 rating,$15.50
FARM,$22.09,1440436650803,"16,993",100% bearish,of 1 rating,$35
FAST,$38.52,1440436651244,"2,191,265",80% bullish,of 5 ratings,$46
FATE,$6.11,1440436651269,"69,176",50% bullish,of 2 ratings,$11
FBSS,$15.3467,1440436651299,300,Not yet rated,NULL,N/A
FMNB,$8.0366,1440436651334,"9,916",Not yet rated,NULL,N/A
FFKT,$26.4,1440436651403,"3,124",Not yet rated,NULL,$29
FARO,$38.71,1440436651435,"71,435",50% bullish,of 2 ratings,$48
FBRC,$22.2742,1440436651513,"17,869",100% bearish,of 1 rating,$29
FDML,$9.21,1440436651614,"95,204",50% bullish,of 4 ratings,$14
FNHC,$21.43,1440436651795,"26,937",100% bearish,of 1 rating,$35
FHCO,$1.4292,1440436652240,"162,543",50% bullish,of 4 ratings,N/A
FEIC,$77.07,1440436652277,"137,249",50% bullish,of 2 ratings,$95.50
ONEQ,$183.4501,1440436652306,"96,107",100% bullish,of 1 rating,N/A
FCSC,$5.56,1440436652332,"135,730",100% bearish,of 1 rating,$8.125
LION,$18.84,1440436652357,"76,291",100% bullish,of 1 rating,$20
FENX,$9.77,1440436652386,"32,135",100% bullish,of 1 rating,$14.25
FGEN,$23.17,1440436652407,"285,420",100% bearish,of 1 rating,$39
FDUS,$14.02,1440436652428,"127,326",50% bullish,of 2 ratings,$18
FRGI,$51.64,1440436653055,"75,785",50% bullish,of 2 ratings,$70
FSAM,$8.45,1440436653235,"13,102",100% bearish,of 1 rating,$11
FSC,$6.3411,1440436653440,"672,091",75% bullish,of 4 ratings,$8
FITB,$19.28,1440436653486,"3,487,570",54% bullish,of 13 ratings,$22
FSFR,$8.7701,1440436653854,"80,846",100% bearish,of 1 rating,$11.50
FSCFL,$23.8,1440436653961,804,Not yet rated,NULL,N/A
FITBI,$26.8,1440436654023,"17,484",Not yet rated,NULL,N/A
FNGN,$33,1440436654122,"151,620",67% bullish,of 3 ratings,$47
FISI,$24.78,1440436654348,"24,873",100% bullish,of 2 ratings,$24.50
FNTC,NULL,1440436654522,0,Not yet rated,NULL,N/A
FNSR,$15.45,1440436654553,"536,792",71% bullish,of 7 ratings,$24.50
FNJN,$1.555,1440436654657,"42,253",100% bearish,of 1 rating,$5
FNTCU,NULL,1440436654717,0,Not yet rated,NULL,N/A
FNTCW,$0.32,1440436654793,"17,600",Not yet rated,NULL,N/A
FBNC,$16.7,1440436654820,"15,301",100% bullish,of 1 rating,$20
FEYE,$37.82,1440436655083,"4,168,555",87% bullish,of 15 ratings,$55.50
FNLC,$18.26,1440436655390,"14,293",100% bullish,of 1 rating,N/A
FRBA,$5.96,1440436655525,"2,700",Not yet rated,NULL,$8
FBIZ,$43.67,1440436655575,"5,025",100% bearish,of 2 ratings,$52
FCAP,$26.5,1440436655608,601,Not yet rated,NULL,N/A
FCFS,$38.16,1440436655633,"117,414",100% bearish,of 3 ratings,$48
BUSE,$6.3,1440436655659,"31,243",Not yet rated,NULL,$6.875
FCVA,$4.61,1440436655706,"5,105",Not yet rated,NULL,N/A
FCNCA,$235.1,1440436655732,"2,470",Not yet rated,NULL,N/A
FCBC,$17.76,1440436656617,"3,454",Not yet rated,NULL,$18
FCCO,$11.8999,1440436656647,448,Not yet rated,NULL,$13.25
FCLF,$9.41,1440436656751,525,Not yet rated,NULL,N/A
FFNM,$6.24,1440436657268,"3,100",Not yet rated,NULL,N/A
FDEF,$36.96,1440436657494,"12,005",Not yet rated,NULL,$38
FCFP,$6.9,1440436657519,"5,314",Not yet rated,NULL,N/A
FBNK,$16.5,1440436657566,"16,055",100% bearish,of 1 rating,$17.50
FFBC,$18.4,1440436657783,"60,079",67% bearish,of 3 ratings,$20.25
FFBCW,NULL,1440436658029,0,100% bearish,of 1 rating,N/A
FFIN,$30.4701,1440436658191,"87,132",50% bullish,of 2 ratings,$31.75
THFF,$32.98,1440436658323,"7,242",Not yet rated,NULL,$35
FFNW,$12.16,1440436658407,"21,453",Not yet rated,NULL,$14
FFWM,$21.19,1440436658455,"42,995",Not yet rated,NULL,$24
INBK,$31.04,1440436659487,"29,540",50% bullish,of 2 ratings,$37
FIBK,$26.075,1440436659644,"50,201",Not yet rated,NULL,$32
FRME,$25.24,1440436659701,"93,011",Not yet rated,NULL,$26.50
FMBI,$17.37,1440436660172,"201,618",Not yet rated,NULL,$20
FMBH,$22.5,1440436660242,300,Not yet rated,NULL,N/A
FNWB,$11.93,1440436660376,"16,434",Not yet rated,NULL,N/A
FNBC,$34.16,1440436660401,"20,915",Not yet rated,NULL,$41.50
FNFG,$8.985,1440436660427,"1,089,900",80% bullish,of 5 ratings,$9
FSGI,$2.44,1440436660565,"8,150",Not yet rated,NULL,N/A
FSLR,$45.61,1440436660596,"1,377,432",74% bullish,of 39 ratings,$65
FSFG,$29.8434,1440436661176,"2,350",Not yet rated,NULL,N/A
FSBK,$7.9,1440436661651,545,100% bullish,of 1 rating,N/A
FBZ,$9.75,1440436661719,200,Not yet rated,NULL,N/A
BICK,$17.84,1440436661790,250,100% bullish,of 1 rating,N/A
FCAN,$22.57,1440436662222,513,Not yet rated,NULL,N/A
FTCS,$36.15,1440436662823,"186,028",100% bearish,of 1 rating,N/A
FV,$22.87,1440436662849,"6,862,045",100% bearish,of 1 rating,N/A
FCA,$17.43,1440436662988,"1,000",Not yet rated,NULL,N/A
IFV,$17.4,1440436663062,"894,804",100% bearish,of 1 rating,N/A
FTSM,$59.9,1440436663723,"20,950",100% bearish,of 1 rating,N/A
FEMB,$42.17,1440436663987,300,Not yet rated,NULL,N/A
TDIV,$24.355,1440436664342,"315,445",100% bearish,of 1 rating,N/A
FEUZ,$30.26,1440436664382,"2,064",Not yet rated,NULL,N/A
MDIV,$19.049,1440436664785,"633,736",Not yet rated,NULL,N/A
FTGC,$21.83,1440436664876,"68,381",Not yet rated,NULL,N/A
FGM,$35.192,1440436664900,"31,742",Not yet rated,NULL,N/A
FTHI,$18.93,1440436665151,48,Not yet rated,NULL,N/A
HYLS,$49.1899,1440436665307,"46,256",100% bearish,of 1 rating,N/A
FPXI,$26.07,1440436666659,40,Not yet rated,NULL,N/A
FHK,$32.03,1440436666793,"22,160",Not yet rated,NULL,N/A
YDIV,$16.21,1440436666819,"6,254",Not yet rated,NULL,N/A
FJP,$44.72,1440436666845,"11,984",Not yet rated,NULL,N/A
SKYY,$28.41,1440436666866,"129,121",100% bullish,of 1 rating,N/A
FTLB,$18.9828,1440436666887,"4,210",100% bearish,of 1 rating,N/A
CU,$12.37,1440436666919,"13,450",100% bearish,of 1 rating,N/A
PLTM,$6.3601,1440436667167,"39,932",100% bearish,of 1 rating,N/A
QABA,$37.133,1440436667841,"34,143",100% bearish,of 1 rating,N/A
FMB,$51.1776,1440436667895,652,Not yet rated,NULL,N/A
LMBS,$50.48,1440436667920,"1,000",Not yet rated,NULL,N/A
CIBR,$17.895,1440436667996,"164,798",Not yet rated,NULL,N/A
QCLN,$14.845,1440436668198,"59,907",Not yet rated,NULL,N/A
FONE,$33.34,1440436668223,"1,275",Not yet rated,NULL,N/A
RDVY,$20.9301,1440436669001,"9,903",Not yet rated,NULL,N/A
GRID,$28.8601,1440436669148,"1,780",100% bearish,of 1 rating,N/A
CARZ,$33.15,1440436670305,"9,524",100% bearish,of 1 rating,N/A
QQEW,$40.82,1440436670334,"204,624",Not yet rated,NULL,N/A
QQXT,$39.572,1440436670441,"132,531",Not yet rated,NULL,N/A
AIRR,$16.1801,1440436670873,"5,549",100% bearish,of 1 rating,N/A
FKO,$19.5,1440436670898,100,Not yet rated,NULL,N/A
QTEC,$39.111,1440436670919,"98,301",Not yet rated,NULL,N/A
FTSL,$48.45,1440436671281,"30,395",100% bearish,of 1 rating,N/A
QINC,$20.39,1440436671329,700,Not yet rated,NULL,N/A
FSZ,$38.98,1440436672794,"26,420",Not yet rated,NULL,N/A
FTW,$28.4,1440436672888,"2,686",Not yet rated,NULL,N/A
FDIV,$47.1899,1440436672988,"2,526",100% bearish,of 1 rating,N/A
SVVC,$9.56,1440436673215,"23,300",50% bullish,of 2 ratings,$26
FKU,$40.9737,1440436673240,"56,159",Not yet rated,NULL,N/A
FUNC,$8.103,1440436673371,800,Not yet rated,NULL,N/A
FMER,$17.64,1440436673684,"761,673",50% bullish,of 2 ratings,$20
FSV,$30.375,1440436674596,"6,733",Not yet rated,NULL,$33.60
TUSA,$24.54,1440436674626,700,Not yet rated,NULL,N/A
FISV,$83.615,1440436674684,"893,553",100% bearish,of 3 ratings,$90
FIVN,$4.22,1440436674715,"131,020",100% bullish,of 1 rating,$8.50
FIVE,$36.6,1440436674739,"202,041",75% bearish,of 4 ratings,$44
FPRX,$19.25,1440436674760,"137,319",50% bullish,of 2 ratings,$35
FLML,$20.68,1440436674799,"144,641",50% bullish,of 2 ratings,$30
FLKS,$13.94,1440436674822,"30,288",50% bullish,of 2 ratings,$27
FLXN,$24.04,1440436675365,"30,464",100% bearish,of 1 rating,$40
MBSD,$25.37,1440436675614,400,Not yet rated,NULL,N/A
FLIR,$27.85,1440436675747,"414,339",100% bearish,of 1 rating,$38.50
FLXS,$29.76,1440436675830,"25,551",100% bearish,of 2 ratings,N/A
SKOR,$50.399,1440436676095,500,Not yet rated,NULL,N/A
FLEX,$10.4749,1440436676297,"1,088,980",63% bullish,of 8 ratings,$12
FLDM,$12.68,1440436676328,"112,074",67% bearish,of 3 ratings,$21.50
FONR,$9.38,1440436676364,"8,240",100% bullish,of 1 rating,N/A
FOMX,$9.91,1440436676391,"96,392",50% bullish,of 2 ratings,$23.50
FORM,$6.145,1440436676424,"153,150",67% bullish,of 3 ratings,$10.50
FOGO,$17.89,1440436676456,"102,514",50% bullish,of 2 ratings,$25.50
FFIC,$20.04,1440436676518,"18,394",Not yet rated,NULL,$21
FES,$0.865,1440436676951,"30,043",50% bullish,of 2 ratings,$1
FORTY,$28.75,1440436677056,"3,492",Not yet rated,NULL,N/A
FORR,$32,1440436677124,"16,679",Not yet rated,NULL,N/A
FTNT,$42.2,1440436677198,"1,136,724",80% bullish,of 10 ratings,$52
FBIO,$2.28,1440436678351,"207,086",83% bullish,of 6 ratings,N/A
FWRD,$46.5,1440436678376,"61,088",100% bearish,of 1 rating,$50
FORD,$1.0142,1440436678554,"28,182",50% bullish,of 2 ratings,N/A
FOSL,$60.05,1440436678687,"502,127",50% bullish,of 4 ratings,$80
FWP,$25.62,1440436678758,"34,393",100% bearish,of 1 rating,$45
FMI,$21.005,1440436678819,"97,738",100% bearish,of 2 ratings,$27.50
FXCB,$17.15,1440436678892,"10,032",Not yet rated,NULL,$19
FRED,$14.16,1440436679349,"60,757",50% bullish,of 2 ratings,$16.50
FRAN,$10.38,1440436679374,"223,058",50% bullish,of 4 ratings,$15
FREE,$0.3986,1440436679505,"462,042",92% bullish,of 12 ratings,N/A
FOXF,$15.28,1440436679530,"19,340",100% bearish,of 1 rating,$19
FELE,$28.43,1440436679555,"149,860",50% bullish,of 4 ratings,$33
RAIL,$20.3,1440436679839,"58,357",100% bearish,of 1 rating,$24.50
FEIM,$10.6001,1440436680006,"1,875",100% bearish,of 1 rating,N/A
FTR,$5.055,1440436680056,"8,626,800",78% bullish,of 27 ratings,$6.25
FRPH,$29.64,1440436680088,"1,133",100% bearish,of 1 rating,N/A
FRPT,$13.25,1440436680184,"252,896",67% bearish,of 3 ratings,$23.50
FTD,$29.21,1440436680256,"31,795",100% bearish,of 1 rating,$40
FSBW,$21.95,1440436680354,200,Not yet rated,NULL,N/A
FTRPR,$100.65,1440436680500,"10,939",100% bearish,of 1 rating,N/A
FSYS,$6.24,1440436680679,"38,859",67% bullish,of 3 ratings,$10
FTEK,$2.07,1440436681843,"44,242",75% bullish,of 4 ratings,N/A
FULL,$3.06,1440436681890,"88,508",67% bearish,of 3 ratings,$4.25
FCEL,$0.73,1440436681926,"1,149,525",88% bullish,of 40 ratings,$2.65
FULT,$12.23,1440436681947,"523,632",100% bearish,of 1 rating,$13
FSNN,$2.5301,1440436682022,600,67% bullish,of 3 ratings,$6
FFHL,$0.88,1440436682048,"2,720",50% bullish,of 4 ratings,N/A
FLL,$1.49,1440436682096,"16,850",75% bullish,of 4 ratings,$2.825
FULLL,$25.02,1440436682201,"2,385",Not yet rated,NULL,N/A
FXEN,$0.84,1440436683150,"66,193",75% bullish,of 4 ratings,$1.10
FXENP,$15.0501,1440436683210,"3,100",100% bearish,of 1 rating,N/A
GK,$69.55,1440436683373,"36,411",Not yet rated,NULL,$78
WILC,$5,1440436683509,"14,512",100% bullish,of 2 ratings,N/A
GAIA,$5.8622,1440436683739,"26,075",50% bullish,of 2 ratings,$8.50
GLPG,$60.68,1440436683931,"36,031",100% bullish,of 1 rating,$75
GALT,$1.95,1440436683960,"127,123",80% bullish,of 5 ratings,N/A
GALTU,NULL,1440436684055,0,100% bearish,of 1 rating,N/A
GALTW,NULL,1440436684324,0,100% bullish,of 1 rating,N/A
GLMD,$7.6,1440436684378,"29,067",67% bullish,of 3 ratings,$20.50
GLPI,$31.15,1440436684425,"397,520",100% bearish,of 1 rating,$37.50
GALE,$1.52,1440436684794,"1,948,793",89% bullish,of 47 ratings,$4
GPIC,$10.1,1440436686055,"1,162",100% bearish,of 1 rating,N/A
GGAC,NULL,1440436686139,0,100% bearish,of 1 rating,N/A
GRMN,$37.99,1440436686344,"1,289,385",50% bullish,of 6 ratings,$48
GGACR,NULL,1440436686475,0,100% bullish,of 1 rating,N/A
GGACU,NULL,1440436686713,0,Not yet rated,NULL,N/A
GFN,$3.54,1440436687195,"15,615",100% bearish,of 2 ratings,$8
GGACW,$0.0514,1440436687225,800,Not yet rated,NULL,N/A
GENC,$9.3,1440436687255,"4,052",100% bearish,of 1 rating,N/A
GNCMA,$16.65,1440436687284,"98,837",100% bearish,of 1 rating,$12
GFNCP,$85.05,1440436687331,448,Not yet rated,NULL,N/A
GENE,$2.2675,1440436687357,"86,815",100% bullish,of 12 ratings,N/A
GARS,$14.275,1440436687432,"79,057",Not yet rated,NULL,$16
GFNSL,$25,1440436687462,"1,500",Not yet rated,NULL,N/A
GNMK,$9.24,1440436688346,"92,362",67% bullish,of 6 ratings,$14
GHDX,$25.48,1440436688428,"78,655",50% bullish,of 2 ratings,$30
THRM,$43.4801,1440436688528,"220,080",75% bearish,of 4 ratings,$55.50
GNVC,$2.11,1440436688660,"13,602",90% bullish,of 10 ratings,$8.50
GNTX,$15.09,1440436688839,"1,105,853",Not yet rated,NULL,$20
GNCA,$12.485,1440436688864,"56,698",100% bearish,of 1 rating,$20
GTWN,NULL,1440436689199,0,Not yet rated,NULL,N/A
GEOS,$15.28,1440436689224,"75,354",100% bearish,of 3 ratings,$25.50
GABC,$29.48,1440436689677,"21,310",Not yet rated,NULL,$31.50
GERN,$3.17,1440436689713,"1,106,645",88% bullish,of 16 ratings,$5.25
GEVO,$2.5501,1440436689892,"806,671",75% bullish,of 12 ratings,$5
GIGM,$0.575,1440436690363,"103,574",100% bullish,of 2 ratings,N/A
ROCK,$17.06,1440436690495,"99,951",80% bullish,of 5 ratings,$24
GIGA,$1.37,1440436690556,"66,144",100% bearish,of 1 rating,N/A
GIII,$64.07,1440436690973,"161,838",67% bullish,of 3 ratings,$75
GILT,$4.24,1440436690998,"14,898",50% bullish,of 2 ratings,N/A
GILD,$105.38,1440436691716,"9,477,600",91% bullish,of 87 ratings,$129
GBCI,$25.73,1440436691820,"88,164",50% bullish,of 2 ratings,$31
GLADO,$25.45,1440436691948,"2,037",Not yet rated,NULL,N/A
GOOD,$15.1199,1440436692034,"140,913",Not yet rated,NULL,$19
GLAD,$8.3921,1440436692091,"133,629",50% bullish,of 2 ratings,$8.75
GOODO,$25.1,1440436692427,200,Not yet rated,NULL,N/A
GOODN,$25.25,1440436693255,"1,900",Not yet rated,NULL,N/A
GAIN,$7.48,1440436693878,"343,321",100% bullish,of 2 ratings,$8.25
GOODP,$25.073,1440436694060,"1,600",Not yet rated,NULL,N/A
GAINN,$24.95,1440436694086,"21,950",Not yet rated,NULL,N/A
GAINP,$25.75,1440436694215,"10,436",Not yet rated,NULL,N/A
GAINO,$25.25,1440436694300,"2,030",Not yet rated,NULL,N/A
LAND,$9.2318,1440436694344,"22,563",50% bullish,of 2 ratings,$13.75
GDEF,NULL,1440436694433,0,Not yet rated,NULL,N/A
GLBZ,$12.12,1440436694472,315,Not yet rated,NULL,N/A
GBT,$44,1440436694539,"123,946",100% bearish,of 1 rating,N/A
ENT,$11.4,1440436695311,"167,660",100% bearish,of 1 rating,$18
GPACU,$10.03,1440436695337,200,Not yet rated,NULL,N/A
ACTX,$13,1440436695389,"3,025",100% bullish,of 1 rating,N/A
GBLI,$25.07,1440436695417,"2,700",Not yet rated,NULL,N/A
GSOL,$7.98,1440436695497,"18,132",100% bearish,of 1 rating,N/A
QQQC,$18.085,1440436696147,"18,244",100% bearish,of 1 rating,N/A
SOCL,$16.73,1440436696866,"79,935",100% bullish,of 2 ratings,N/A
SRET,$13.44,1440436697408,"3,966",Not yet rated,NULL,N/A
YLCO,$12.15,1440436697599,985,Not yet rated,NULL,N/A
ALTY,$14.2899,1440436697827,"5,500",Not yet rated,NULL,N/A
GBIM,$2.12,1440436698015,"45,361",50% bullish,of 2 ratings,N/A
GAI,$5.67,1440436698044,"10,463",50% bullish,of 2 ratings,N/A
GLUU,$4.23,1440436698150,"1,472,708",92% bullish,of 26 ratings,$9
GLRI,$1.01,1440436698185,"28,433",100% bearish,of 1 rating,$6
GSM,$13.07,1440436698378,"130,295",50% bullish,of 2 ratings,$23
GLBS,$1.0825,1440436698462,100,67% bullish,of 3 ratings,N/A
GLNG,$34.8,1440436698896,"604,299",83% bullish,of 6 ratings,$58
GLYC,$6.89,1440436699063,"9,375",50% bullish,of 2 ratings,$14
GOGO,$16.21,1440436699424,"678,744",80% bullish,of 5 ratings,$25
GMLP,$18.35,1440436699832,"146,755",50% bullish,of 4 ratings,$32.50
GLDC,$4.07,1440436699963,300,50% bullish,of 2 ratings,N/A
GBDC,$16.54,1440436699989,"150,831",Not yet rated,NULL,$17.75
GOGL,$2.745,1440436700011,"229,572",75% bullish,of 4 ratings,$5
GDEN,$8.68,1440436700040,"5,600",50% bullish,of 2 ratings,N/A
GOOGL,$641.31,1440436700191,"1,865,679",88% bullish,of 1080 ratings,$749
GOOG,$610.9694,1440436700490,"1,750,361",89% bullish,of 70 ratings,$825
GTIM,$6.485,1440436701012,"19,336",Not yet rated,NULL,$11.50
GMAN,$4.2,1440436701115,"31,239",60% bullish,of 5 ratings,$8
GPIA,$9.75,1440436701249,20,Not yet rated,NULL,N/A
GPIAW,NULL,1440436701379,0,Not yet rated,NULL,N/A
GPRO,$50.28,1440436701408,"5,588,878",78% bullish,of 58 ratings,$72
GPIAU,$9.99,1440436701536,"21,401",Not yet rated,NULL,N/A
GBSN,$1.135,1440436702124,"297,732",100% bearish,of 1 rating,$8.25
GRBK,$12.9,1440436702157,"141,226",77% bullish,of 13 ratings,N/A
GBSNU,$16.99,1440436702178,"6,138",Not yet rated,NULL,N/A
LOPE,$37.1899,1440436702199,"127,122",100% bearish,of 2 ratings,$50
GRVY,$3.25,1440436702234,"1,070",50% bullish,of 2 ratings,N/A
GLDD,$5.4,1440436702260,"157,100",100% bearish,of 4 ratings,$7.75
GNBC,$11.45,1440436702423,"37,585",100% bearish,of 1 rating,$17
GPP,$14.29,1440436702734,"55,157",Not yet rated,NULL,$20.50
GSBC,$40.31,1440436703072,"10,154",100% bullish,of 1 rating,$44
GPRE,$19.15,1440436703204,"371,280",67% bullish,of 6 ratings,$28.50
GCBC,$27.51,1440436703273,190,100% bullish,of 1 rating,N/A
GLRE,$24.69,1440436703418,"90,551",50% bullish,of 2 ratings,$41
GRFS,$30.79,1440436703455,"142,190",50% bullish,of 2 ratings,$35
GGAL,$17.84,1440436703551,"244,746",80% bullish,of 5 ratings,$40
GRPN,$4.07,1440436703581,"4,762,407",61% bullish,of 71 ratings,$6.75
GRIF,$30.04,1440436703611,747,100% bearish,of 1 rating,N/A
OMAB,$37.91,1440436703683,"55,755",100% bullish,of 1 rating,$44
GSIG,$12.6,1440436703708,"26,973",100% bearish,of 2 ratings,N/A
GSIT,$4.75,1440436704140,52,100% bearish,of 1 rating,N/A
GFED,$14.6,1440436704690,"1,271",Not yet rated,NULL,$17
GSVC,$8.49,1440436705091,"173,273",50% bullish,of 2 ratings,$14.50
GIFI,$11.9,1440436705116,"25,780",100% bearish,of 1 rating,$16
GBNK,$15.5,1440436705141,"9,406",100% bearish,of 1 rating,$18
GURE,$1.55,1440436705197,"59,064",88% bullish,of 8 ratings,N/A
GUID,$7.35,1440436705222,"89,275",100% bearish,of 3 ratings,$10
GULTU,$0.278,1440436705243,"146,188",100% bearish,of 1 rating,N/A
GTXI,$0.755,1440436705265,"94,049",100% bullish,of 5 ratings,$.75
GPOR,$33.41,1440436705325,"685,744",75% bullish,of 4 ratings,$55
HEES,$16.86,1440436706096,"160,139",67% bearish,of 3 ratings,$31
GWPH,$103.3545,1440436706126,"209,005",78% bullish,of 9 ratings,$148.50
GWGH,NULL,1440436706261,0,100% bearish,of 1 rating,$15.05
HLG,$9.39,1440436707032,17,100% bearish,of 1 rating,N/A
GYRO,$2.9,1440436707057,200,100% bearish,of 1 rating,N/A
HNRG,$7.15,1440436707082,"76,491",100% bearish,of 1 rating,$10
HALO,$17.63,1440436707404,"640,053",67% bullish,of 3 ratings,$22.50
HBK,$13.8,1440436707431,200,50% bullish,of 2 ratings,N/A
HALL,$11.55,1440436707452,"11,808",Not yet rated,NULL,N/A
HMPR,$1.9,1440436707584,"119,973",100% bullish,of 1 rating,N/A
HBHC,$26.18,1440436707649,"294,970",50% bullish,of 2 ratings,$30
HNH,$26.0101,1440436707810,"8,677",100% bullish,of 1 rating,N/A
HBHCL,$24.2399,1440436707839,"37,288",Not yet rated,NULL,N/A
HQCL,$8.3888,1440436708033,"21,908",67% bullish,of 3 ratings,$14
HNSN,$0.4984,1440436708163,"89,009",88% bullish,of 8 ratings,$.40
HDNG,$9.79,1440436708256,"11,221",50% bullish,of 4 ratings,N/A
HAFC,$23.98,1440436708292,"78,224",100% bullish,of 2 ratings,$28.50
HLIT,$5.63,1440436708318,"138,639",100% bearish,of 1 rating,$6.50
HRMN,NULL,1440436709106,0,Not yet rated,NULL,N/A
HRMNW,NULL,1440436709443,0,Not yet rated,NULL,N/A
TINY,$2.48,1440436709508,"27,712",50% bullish,of 2 ratings,$5.26
HCAP,$12.27,1440436709614,"23,277",50% bullish,of 2 ratings,$15
HRMNU,$10.19,1440436709642,300,Not yet rated,NULL,N/A
HAS,$73.1,1440436709670,"922,654",63% bullish,of 8 ratings,$84.50
HBIO,$4.455,1440436709698,"47,604",Not yet rated,NULL,$10
HCAPL,$25.16,1440436709719,"6,727",Not yet rated,NULL,N/A
HART,$0.8301,1440436709740,"104,301",100% bearish,of 1 rating,N/A
HA,$22.81,1440436710067,"643,907",67% bullish,of 9 ratings,$27
HWKN,$37.58,1440436710666,"4,885",Not yet rated,NULL,N/A
HAYN,$37.58,1440436710712,"38,937",100% bearish,of 1 rating,$59
HCOM,$22.27,1440436710737,704,100% bearish,of 1 rating,$28
HWBK,$13.117,1440436711244,660,100% bearish,of 1 rating,N/A
HCSG,$33.5899,1440436711423,"210,791",50% bullish,of 4 ratings,$35
HDS,$32.19,1440436711454,"1,079,840",100% bearish,of 2 ratings,$39.50
HQY,$29.16,1440436711556,"146,080",67% bullish,of 3 ratings,$31
HIIQ,$4.43,1440436711581,"12,586",50% bullish,of 2 ratings,$7
HSTM,$24.9,1440436711971,"30,748",50% bullish,of 2 ratings,$33.75
HWAY,$12.37,1440436712003,"136,438",100% bearish,of 1 rating,$15
HTLD,$20.71,1440436712232,"246,209",Not yet rated,NULL,$22.50
HSII,$20,1440436712264,"27,406",100% bullish,of 3 ratings,$25
HTBX,$5.16,1440436712289,"12,413",50% bullish,of 2 ratings,$15.50
HTLF,$36.17,1440436712338,"27,791",100% bullish,of 1 rating,$39.50
HTWR,$82.385,1440436712366,"41,566",50% bullish,of 2 ratings,$103
HERO,NULL,1440436713593,0,NULL,NULL,NULL
HMTV,$12.78,1440436713775,"10,843",100% bearish,of 1 rating,$16
HELE,$85.155,1440436713802,"129,842",67% bearish,of 3 ratings,$100
HCACU,$10.008,1440436713823,"1,500",Not yet rated,NULL,N/A
HNNA,$24.947,1440436714052,"6,524",Not yet rated,NULL,N/A
HSIC,$135.8401,1440436714084,"288,477",83% bullish,of 6 ratings,$146
HMNY,$2.15,1440436714183,"2,480",100% bearish,of 1 rating,N/A
HFWA,$17.63,1440436714592,"22,102",100% bullish,of 1 rating,$20
HTBK,$11.12,1440436714724,"20,331",Not yet rated,NULL,$12
HCCI,$11.37,1440436715480,"5,987",100% bearish,of 1 rating,$16.50
HEOP,$7.4,1440436715636,"3,320",Not yet rated,NULL,$8.50
MLHR,$28.06,1440436715693,"79,029",50% bullish,of 2 ratings,$33.50
HFFC,$15.86,1440436715983,657,Not yet rated,NULL,N/A
HSKA,$32.7,1440436716028,"18,927",100% bearish,of 1 rating,$38
HIBB,$37.38,1440436716223,"271,084",100% bearish,of 1 rating,$48.50
HRTX,$36.66,1440436716293,"566,121",67% bullish,of 6 ratings,$41
HPJ,$2.19,1440436716584,"54,216",75% bullish,of 4 ratings,$12.43
HIHO,$3.8699,1440436716615,"28,521",Not yet rated,NULL,N/A
HIMX,$6.3395,1440436716651,"1,100,131",86% bullish,of 21 ratings,$8.50
HMNF,$11.15,1440436716718,300,Not yet rated,NULL,N/A
HSGX,$5.46,1440436716747,"10,570",100% bearish,of 1 rating,$17
HIFS,$116.5,1440436716780,972,Not yet rated,NULL,N/A
HMSY,$10.6045,1440436716855,"1,783,670",67% bullish,of 3 ratings,$19.35
HOLI,$16.895,1440436716954,"304,484",50% bullish,of 4 ratings,$27
HOLX,$38.52,1440436717363,"1,144,752",67% bullish,of 3 ratings,$42
HOMB,$38.75,1440436717589,"103,783",Not yet rated,NULL,$41
HBCP,$24,1440436717688,400,Not yet rated,NULL,$29
HMST,$21.9,1440436718216,"51,080",100% bullish,of 2 ratings,$27
HKTV,$4.413,1440436718347,"29,593",100% bearish,of 1 rating,N/A
HTBI,$18.2,1440436718393,"29,512",67% bullish,of 3 ratings,$18.625
HMIN,$26.96,1440436718816,"219,359",100% bearish,of 2 ratings,$35
HFBL,NULL,1440436719082,0,Not yet rated,NULL,N/A
AWAY,$28.46,1440436719127,"612,672",67% bullish,of 3 ratings,$36
HOFT,$24.04,1440436719188,"23,291",100% bearish,of 1 rating,N/A
HFBC,$11.29,1440436719259,"5,605",Not yet rated,NULL,N/A
HZNP,$28.55,1440436719290,"1,605,378",85% bullish,of 20 ratings,$40
CETC,$0.75,1440436719321,"88,489",86% bullish,of 7 ratings,N/A
HBNC,$24.13,1440436719395,"15,701",100% bullish,of 1 rating,$27
HRZN,$10.35,1440436719560,"59,658",100% bearish,of 1 rating,$14.25
ZINC,$7.24,1440436719787,"428,721",100% bearish,of 1 rating,$17
HWCC,$7.25,1440436719937,"80,250",100% bearish,of 1 rating,$9
HDP,$24.1,1440436720000,"179,672",67% bearish,of 3 ratings,$30.50
HMHC,$22.32,1440436720185,"299,727",Not yet rated,NULL,$27
HSON,$2.63,1440436720214,"6,675",100% bearish,of 1 rating,$5
HBMD,$14.07,1440436720243,"1,599",100% bearish,of 1 rating,N/A
HOVNP,$4.9999,1440436720269,"2,018",100% bearish,of 1 rating,N/A
HSNI,$60.1618,1440436720294,"79,236",Not yet rated,NULL,$80
HUBG,$39.21,1440436720346,"77,369",100% bearish,of 1 rating,$43
HDSN,$2.9,1440436720436,"46,386",100% bullish,of 1 rating,$6.25
HTGM,$5.2843,1440436720509,"8,361",100% bearish,of 1 rating,$19.50
HBANP,$1332,1440436720735,96,100% bearish,of 1 rating,N/A
HBAN,$10.725,1440436720761,"4,857,749",76% bullish,of 17 ratings,$12.29
HCBK,$9.295,1440436720787,"973,558",83% bullish,of 6 ratings,$8.61
HURC,$29.78,1440436721598,"6,041",100% bearish,of 1 rating,N/A
HBP,$3.04,1440436721743,"5,708",100% bullish,of 1 rating,N/A
HURN,$73.31,1440436721775,"80,066",50% bullish,of 2 ratings,$80
HTCH,$1.54,1440436721850,"40,399",100% bearish,of 1 rating,$3.50
HDRAR,NULL,1440436721877,0,Not yet rated,NULL,N/A
HDRAW,$0.25,1440436721905,11,Not yet rated,NULL,N/A
HDRA,NULL,1440436721935,0,Not yet rated,NULL,N/A
HYGS,$7.6,1440436722006,"34,204",50% bullish,of 2 ratings,$13
IDSY,$3.69,1440436722258,"15,043",100% bearish,of 1 rating,$7
IACI,$69.52,1440436722454,"433,312",75% bullish,of 4 ratings,$90
HDRAU,$10.2,1440436722582,200,Not yet rated,NULL,N/A
IBKC,$58.4,1440436722650,"106,048",100% bullish,of 1 rating,$70
IKGH,$1.5758,1440436722675,"16,274",75% bullish,of 4 ratings,N/A
ICFI,$34.56,1440436723062,"40,994",50% bullish,of 2 ratings,$48.50
IEP,$68,1440436723088,"116,409",75% bullish,of 4 ratings,$99
ICLR,$76.64,1440436723113,"222,986",100% bearish,of 3 ratings,$85
ICAD,$3.3722,1440436723269,"63,039",50% bullish,of 2 ratings,$7.25
ICON,$12.39,1440436723294,"395,084",50% bullish,of 2 ratings,$18.50
ICUI,$111.26,1440436723427,"60,946",Not yet rated,NULL,$122
IPWR,$7.1,1440436723556,"11,417",100% bullish,of 1 rating,$15
IDRA,$2.55,1440436723582,"520,835",89% bullish,of 9 ratings,$6.50
INVE,$4.51,1440436723611,"27,662",75% bullish,of 4 ratings,$4
DSKY,$11.61,1440436723719,"328,286",67% bullish,of 6 ratings,$11.50
IDXX,$72.92,1440436723989,"348,372",100% bearish,of 1 rating,$77
IIVI,$17.19,1440436724318,"81,877",100% bearish,of 1 rating,$22
RXDX,$13.47,1440436724349,"110,522",100% bullish,of 1 rating,$20
IROQ,$16.5,1440436724371,"3,301",100% bullish,of 1 rating,N/A
KANG,$14,1440436724392,"442,756",50% bullish,of 2 ratings,$22.55
IRG,$4.68,1440436724425,"35,105",100% bearish,of 1 rating,$4.50
IKNX,$11.33,1440436724518,400,100% bearish,of 1 rating,N/A
ILMN,$198,1440436724543,"720,356",80% bullish,of 5 ratings,$240
IMMR,$11.53,1440436724569,"66,087",80% bullish,of 5 ratings,$15.50
IKAN,$2.721,1440436724899,"14,300",83% bullish,of 6 ratings,$5
ISNS,$3.6699,1440436724929,"54,126",50% bullish,of 2 ratings,N/A
IMDZ,$15.83,1440436724951,"40,923",100% bearish,of 1 rating,$33
ICCC,$7.67,1440436724983,"4,795",100% bullish,of 1 rating,N/A
IMNP,$1.2001,1440436725090,"166,098",50% bullish,of 2 ratings,$6
IMGN,$13.78,1440436725163,"676,210",75% bullish,of 4 ratings,$17.50
IMMU,$1.862,1440436725245,"281,280",86% bullish,of 7 ratings,$2
IPXL,$42.91,1440436725380,"295,838",67% bullish,of 3 ratings,$46.50
IMMY,$7.4161,1440436725438,"6,402",100% bearish,of 1 rating,$11
INCR,$40.96,1440436725637,"179,064",50% bullish,of 2 ratings,$53
INCY,$100.43,1440436725691,"598,666",50% bullish,of 6 ratings,$125.50
SAAS,$7.69,1440436725738,"162,236",50% bullish,of 2 ratings,$15
INDB,$45.48,1440436725823,"34,497",Not yet rated,NULL,$44
IBCP,$14.03,1440436725848,"51,762",100% bullish,of 1 rating,$14.50
IBTX,$41.67,1440436725984,"17,289",100% bullish,of 2 ratings,$47.25
IDSA,$3.52,1440436726087,"3,800",Not yet rated,NULL,N/A
INFN,$20.65,1440436726376,"1,311,843",71% bullish,of 7 ratings,$28
INFI,$9.015,1440436726426,"371,010",50% bullish,of 4 ratings,$18
IFON,$1.16,1440436726662,"45,834",75% bullish,of 4 ratings,N/A
IPCC,$78.455,1440436727467,"14,433",Not yet rated,NULL,$77.50
III,$4.021,1440436727492,"36,357",57% bullish,of 7 ratings,$6
INWK,$7.1899,1440436727983,"59,782",50% bullish,of 2 ratings,$10
INOD,$2.5,1440436728013,"3,100",100% bearish,of 1 rating,N/A
IMKTA,$51.42,1440436728036,"47,082",100% bearish,of 1 rating,N/A
INNL,$12.22,1440436728060,955,100% bearish,of 1 rating,$16.50
IPHS,$46.68,1440436728090,"45,227",100% bearish,of 1 rating,$60
IOSP,$47.79,1440436728115,"173,239",100% bearish,of 1 rating,N/A
ISSC,$2.88,1440436728692,"4,539",67% bearish,of 3 ratings,N/A
ITEK,$12.58,1440436728922,"377,052",100% bearish,of 3 ratings,$20
INO,$6.93,1440436728950,"809,802",89% bullish,of 18 ratings,$20
INOV,$20.97,1440436728972,"137,053",100% bearish,of 1 rating,$33
INGN,$48.66,1440436729136,"130,590",100% bearish,of 1 rating,$50.50
NSIT,$25.58,1440436729195,"31,566",50% bullish,of 2 ratings,N/A
INSY,$32.33,1440436729505,"265,839",75% bullish,of 4 ratings,$48
ISIG,$2.6,1440436729555,"20,375",100% bearish,of 1 rating,N/A
PODD,$28.29,1440436729605,"132,693",50% bullish,of 2 ratings,$35
IDTI,$17.89,1440436729631,"1,279,878",60% bullish,of 5 ratings,$25
IIIN,$17.37,1440436729687,"11,402",100% bearish,of 2 ratings,N/A
INSM,$23.55,1440436729763,"300,110",71% bullish,of 7 ratings,$31.50
NTEC,$5.67,1440436729790,"16,600",100% bearish,of 1 rating,N/A
IART,$60.44,1440436729819,"92,323",100% bearish,of 1 rating,$71.50
INTC,$27.59,1440436730142,"26,119,390",82% bullish,of 238 ratings,$36
ISSI,$22,1440436730175,"263,295",67% bullish,of 3 ratings,$19.75
IESC,$7.0801,1440436730238,"1,705",100% bearish,of 1 rating,N/A
IQNT,$18.958,1440436730276,"104,750",86% bullish,of 7 ratings,$20
IPCI,$2.07,1440436730302,"88,146",67% bullish,of 6 ratings,$7.75
ININ,$36.94,1440436730658,"26,607",67% bearish,of 3 ratings,$57
IPAR,$26.105,1440436730688,"31,141",67% bullish,of 3 ratings,$38
IBKR,$37.71,1440436730791,"597,879",100% bullish,of 1 rating,N/A
ICPT,$190.5,1440436731393,"177,193",70% bullish,of 10 ratings,$359.50
ICLD,$1.77,1440436731422,"212,058",75% bullish,of 4 ratings,N/A
TILE,$24.35,1440436731448,"184,105",67% bearish,of 3 ratings,$27
ICLDW,NULL,1440436731518,0,100% bearish,of 1 rating,N/A
IDCC,$47.1,1440436731775,"176,063",80% bullish,of 5 ratings,$63
IMI,$2.021,1440436733143,"14,104",67% bullish,of 3 ratings,$2.22
IBOC,$25.38,1440436733188,"51,035",100% bearish,of 1 rating,N/A
INAP,$8.09,1440436733235,"56,995",75% bullish,of 4 ratings,$11
IGLD,$6.0099,1440436733407,"4,425",50% bullish,of 2 ratings,N/A
IIJI,$8.99,1440436733863,100,50% bullish,of 2 ratings,$11.50
ISCA,$31.35,1440436733910,"23,376",100% bearish,of 1 rating,N/A
PTNT,$2.99,1440436734569,"1,700",Not yet rated,NULL,N/A
XENT,$26.31,1440436735024,"122,767",50% bullish,of 2 ratings,$36.50
INPH,$0.2801,1440436735063,"25,700",50% bullish,of 2 ratings,N/A
INTX,$2.21,1440436735124,"10,743",67% bullish,of 3 ratings,N/A
ISIL,$10.56,1440436735154,"671,688",50% bullish,of 6 ratings,$15
IILG,$19.62,1440436735180,"40,279",100% bearish,of 1 rating,$29
IVAC,$4.87,1440436735213,"6,986",100% bearish,of 1 rating,$6.625
INTL,$26.505,1440436735349,"56,039",67% bearish,of 3 ratings,N/A
INTLL,$25.1999,1440436735393,"6,438",Not yet rated,NULL,N/A
ITCI,$26.715,1440436736397,"201,833",75% bearish,of 4 ratings,$40
INTU,$86.32,1440436736624,"1,878,261",86% bullish,of 7 ratings,$107.50
IIN,$6.26,1440436738700,"2,724",100% bearish,of 1 rating,$12
INVT,$0.2406,1440436738726,"167,521",67% bullish,of 3 ratings,N/A
ISRG,$498.915,1440436738748,"96,818",67% bullish,of 3 ratings,$600
SNAK,$8.635,1440436738781,"66,119",50% bullish,of 2 ratings,$14
ISTR,$15.51,1440436738803,2,100% bearish,of 1 rating,$18.50
ISBC,$11.715,1440436738878,"1,751,193",100% bullish,of 1 rating,$13.25
ITIC,NULL,1440436739875,0,100% bearish,of 2 ratings,N/A
IVTY,$12.32,1440436739903,"9,805",Not yet rated,NULL,$18
NVIV,$10.2999,1440436740057,"416,917",50% bullish,of 4 ratings,$24.50
IPGP,$84.62,1440436740090,"190,842",100% bearish,of 2 ratings,$109.50
IPAS,$1.01,1440436740111,"64,684",67% bullish,of 3 ratings,N/A
DTUL,$66.22,1440436740142,200,Not yet rated,NULL,N/A
IPCM,$79.46,1440436740169,"102,713",50% bullish,of 2 ratings,$80.125
DFVL,$67.82,1440436740196,101,Not yet rated,NULL,N/A
IRIX,$7,1440436740657,"2,400",100% bearish,of 1 rating,N/A
IRMD,$25.48,1440436740684,"6,228",67% bearish,of 3 ratings,$25
IRDMB,$267.406,1440436740710,200,67% bearish,of 3 ratings,N/A
IRDM,$6.9,1440436740842,"331,876",60% bullish,of 5 ratings,$11.50
IRBT,$30.06,1440436740915,"154,542",67% bullish,of 6 ratings,$37
COMT,$31.54,1440436741006,"10,551",100% bearish,of 1 rating,N/A
FCHI,NULL,1440436741045,0,NULL,NULL,NULL
GNMA,$50.52,1440436741074,"4,255",Not yet rated,NULL,N/A
IRWD,$11.04,1440436741148,"399,006",100% bearish,of 1 rating,$13
IRCP,$24.75,1440436741173,"13,435",100% bullish,of 2 ratings,N/A
IFEU,$39.0474,1440436741446,"10,131",Not yet rated,NULL,N/A
IFGL,$28.042,1440436741474,"42,307",Not yet rated,NULL,N/A
IFAS,NULL,1440436741498,0,NULL,NULL,NULL
IFNA,NULL,1440436741579,0,NULL,NULL,NULL
ACWX,$39.83,1440436741930,"445,842",100% bearish,of 1 rating,N/A
ACWI,$54.85,1440436741994,"1,360,145",Not yet rated,NULL,N/A
AAIT,NULL,1440436742029,0,NULL,NULL,NULL
EMDI,NULL,1440436742123,0,NULL,NULL,NULL
AAXJ,$51.1,1440436742153,"1,382,383",Not yet rated,NULL,N/A
AXJS,NULL,1440436742171,0,NULL,NULL,NULL
EEME,NULL,1440436742199,0,NULL,NULL,NULL
EMEY,NULL,1440436742460,0,NULL,NULL,NULL
EEMA,$48.12,1440436742552,"20,499",Not yet rated,NULL,N/A
EVAL,NULL,1440436742588,0,NULL,NULL,NULL
EGRW,NULL,1440436742681,0,NULL,NULL,NULL
EEML,$26.15,1440436742840,236,Not yet rated,NULL,N/A
QAT,$19.96,1440436742970,35,Not yet rated,NULL,N/A
EUFN,$21.7099,1440436742995,"312,576",100% bearish,of 1 rating,N/A
UAE,$16.514,1440436743058,"7,628",Not yet rated,NULL,N/A
IEUS,$44.67,1440436743169,"7,325",100% bearish,of 1 rating,N/A
EMIF,$27.24,1440436743225,"2,689",Not yet rated,NULL,N/A
IBB,$337.66,1440436743253,"1,732,948",63% bullish,of 8 ratings,N/A
SOXX,$79.86,1440436743330,"521,067",50% bullish,of 2 ratings,N/A
ICLN,$9.13,1440436743497,"100,838",50% bullish,of 2 ratings,N/A
WOOD,$47.9607,1440436743594,"71,444",50% bullish,of 2 ratings,N/A
INDY,$26.585,1440436743619,"605,014",50% bullish,of 2 ratings,N/A
IGOV,$93.21,1440436743821,"19,342",100% bearish,of 1 rating,N/A
ISIS,$46.08,1440436743918,"943,211",53% bullish,of 15 ratings,$67
ISHG,$81.181,1440436744051,"9,359",100% bearish,of 1 rating,N/A
ISLE,$16.31,1440436744079,"210,263",50% bullish,of 4 ratings,$16
ISRL,$125.52,1440436744376,100,100% bearish,of 1 rating,N/A
ITRN,$23.7,1440436744566,"11,196",50% bullish,of 2 ratings,N/A
ITRI,$31.24,1440436744951,"196,214",Not yet rated,NULL,$37
JBHT,$76.18,1440436745008,"417,346",50% bullish,of 4 ratings,$89.50
ITUS,$4,1440436745047,"2,009",Not yet rated,NULL,N/A
IXYS,$10.31,1440436745078,"112,172",50% bullish,of 4 ratings,N/A
JJSF,$111.8222,1440436745105,"38,064",100% bearish,of 1 rating,N/A
XXIA,$15.14,1440436745130,"145,109",71% bullish,of 7 ratings,$14.625
MAYS,$59.1,1440436745156,200,Not yet rated,NULL,N/A
JCOM,$69.062,1440436745656,"78,799",100% bullish,of 2 ratings,$77
JKHY,$67.23,1440436745755,"188,499",50% bullish,of 2 ratings,$72
JASO,$7.195,1440436745782,"767,261",82% bullish,of 17 ratings,$10
JACK,$80.59,1440436746020,"503,808",83% bullish,of 6 ratings,$105
JAXB,NULL,1440436746065,0,100% bullish,of 1 rating,N/A
JXSB,$23.75,1440436746114,"3,392",Not yet rated,NULL,N/A
JAGX,$2.65,1440436746139,810,Not yet rated,NULL,N/A
JAKK,$9.37,1440436746283,"387,747",60% bearish,of 5 ratings,$11
JMBA,$13.3401,1440436746315,"79,566",75% bullish,of 4 ratings,$18
ERW,NULL,1440436746418,0,Not yet rated,NULL,N/A
JRVR,$26.45,1440436746525,"24,794",Not yet rated,NULL,$32
JASN,$4.75,1440436746556,"16,149",50% bullish,of 2 ratings,$9.50
JAZZ,$169.62,1440436746659,"271,240",80% bullish,of 15 ratings,$206.50
JASNW,NULL,1440436746730,0,50% bullish,of 2 ratings,N/A
JBLU,$21.67,1440436746787,"5,934,795",94% bullish,of 18 ratings,$27
JD,$24.88,1440436746820,"7,598,475",75% bullish,of 16 ratings,$36
JTPY,$3.02,1440436746929,"2,421",100% bearish,of 1 rating,N/A
DATE,$5.7,1440436747183,"128,349",75% bullish,of 4 ratings,$9
JCTCF,$9.514,1440436747209,100,100% bullish,of 1 rating,N/A
JST,$3.74,1440436747340,"27,993",75% bullish,of 4 ratings,N/A
JBSS,$48.52,1440436747400,"12,687",67% bearish,of 3 ratings,N/A
WYIGU,$10.05,1440436747430,"4,259",Not yet rated,NULL,N/A
JIVE,$4.15,1440436747451,"311,286",75% bullish,of 4 ratings,$5
JOEZ,$0.1748,1440436747538,"224,112",92% bullish,of 12 ratings,N/A
JOUT,$22.85,1440436747602,"11,260",100% bearish,of 1 rating,$34
JNP,$9.57,1440436747674,"31,568",100% bullish,of 3 ratings,$15
JUNO,$36.8923,1440436747832,"1,004,746",73% bullish,of 11 ratings,$71.50
