Symbol,Price,Date,Volume,Rating,RatingVoteCount,OneYearEstimate
TFSC,NULL,1440796502852,0,100% bearish,of 1 rating,N/A
PIH,$7.54,1440796502882,"9,402",100% bearish,of 1 rating,N/A
FLWS,$8.91,1440796502914,"687,314",80% bullish,of 5 ratings,$15
TFSCU,NULL,1440796502943,0,Not yet rated,NULL,N/A
FCCY,$11.54,1440796502979,933,100% bullish,of 1 rating,$13
TFSCW,$0.21,1440796503011,"1,300",100% bearish,of 1 rating,N/A
FCTY,$7.96,1440796503045,"3,400",100% bullish,of 1 rating,$8.50
TFSCR,NULL,1440796503069,0,Not yet rated,NULL,N/A
USLV,$12.45,1440796503236,"242,677",86% bullish,of 7 ratings,N/A
UGLD,$9.31,1440796503271,"340,880",100% bearish,of 1 rating,N/A
DSLV,$69.51,1440796503298,"9,311",100% bearish,of 1 rating,N/A
SRCE,$29.44,1440796503329,"29,029",100% bullish,of 3 ratings,$33
TWOU,$34.99,1440796503363,"129,143",50% bullish,of 2 ratings,$39
DGLD,$81.1,1440796503432,"16,958",100% bullish,of 1 rating,N/A
VNET,$18.05,1440796503498,"541,289",60% bullish,of 5 ratings,$35
JOBS,$27.019,1440796503714,"69,549",50% bullish,of 4 ratings,$36
SIXD,$2.72,1440796503739,"111,232",Not yet rated,NULL,N/A
CAFD,$15.0196,1440796503874,"242,552",Not yet rated,NULL,$25
SHLM,$34.06,1440796503907,"65,672",100% bearish,of 1 rating,$47
EGHT,$7.84,1440796503937,"384,316",82% bullish,of 17 ratings,$11
AVHI,$13.96,1440796504008,"12,911",100% bearish,of 1 rating,$19
AAON,$20.51,1440796504063,"107,410",100% bearish,of 1 rating,$24
ABY,$23.04,1440796504092,"423,555",100% bearish,of 2 ratings,$46
ABGB,$5.71,1440796504167,"37,255",67% bullish,of 3 ratings,$5.50
ABAX,$47.89,1440796504199,"108,826",100% bearish,of 1 rating,$60
ABEOW,$1.83,1440796504301,"2,361",100% bullish,of 1 rating,N/A
ABMD,$98.23,1440796504326,"317,770",75% bullish,of 4 ratings,$100.50
ABEO,$4.82,1440796504461,"47,964",50% bullish,of 4 ratings,$15.50
ACTG,$9.43,1440796504531,"194,247",67% bullish,of 3 ratings,$18.50
AXAS,$1.92,1440796504556,"949,481",78% bullish,of 9 ratings,$3.50
ACHC,$74.2503,1440796504606,"344,347",50% bullish,of 2 ratings,$92
ACST,$0.3694,1440796504736,"9,260",100% bullish,of 2 ratings,N/A
ACAD,$38.17,1440796504761,"436,567",80% bullish,of 20 ratings,$48
AXDX,$19.1,1440796505009,"112,407",100% bearish,of 1 rating,N/A
XLRN,$29.71,1440796505047,"89,309",50% bullish,of 2 ratings,$57
ARAY,$6.77,1440796505095,"691,224",100% bearish,of 1 rating,$10.50
ANCX,$20.01,1440796505148,"20,165",Not yet rated,NULL,$20
ACRX,$4.24,1440796505175,"310,833",67% bearish,of 6 ratings,$5.50
VXUP,$1.6,1440796505227,"49,007",100% bearish,of 1 rating,N/A
ACET,$22.76,1440796505254,"83,357",75% bullish,of 4 ratings,$30
VXDN,$1.96,1440796505276,"24,710",100% bearish,of 1 rating,N/A
AKAO,$6.99,1440796505530,"38,455",75% bullish,of 4 ratings,$15
ACHN,$7.76,1440796505555,"1,462,742",90% bullish,of 21 ratings,$16
ACNB,$19.85,1440796505610,"4,210",Not yet rated,NULL,N/A
ACOR,$32.73,1440796505702,"557,265",67% bearish,of 3 ratings,$38.50
ACPW,$1.81,1440796505749,"38,604",100% bullish,of 4 ratings,$3.50
ACIW,$21.38,1440796505774,"288,136",67% bearish,of 3 ratings,$24
ACTS,$1.6,1440796505806,"49,648",100% bearish,of 1 rating,N/A
ATVI,$29.28,1440796505910,"135,593,796",68% bullish,of 84 ratings,$31.50
ACTA,$14.02,1440796506066,"90,621",67% bearish,of 3 ratings,$25
ACUR,$2.83,1440796506096,"48,939",100% bullish,of 5 ratings,$1
ACXM,$21.15,1440796506156,"258,695",67% bullish,of 3 ratings,N/A
ADMP,$3.69,1440796506180,"11,630",50% bullish,of 2 ratings,$10
ADMS,$20.61,1440796506227,"60,583",100% bearish,of 2 ratings,$36
AEY,$2.3,1440796506597,"7,434",100% bearish,of 2 ratings,N/A
ADBE,$79.4,1440796506627,"2,172,613",65% bullish,of 17 ratings,$90
ADMA,$9.37,1440796506661,"14,766",Not yet rated,NULL,$19
ADUS,$28.71,1440796506682,"18,242",100% bearish,of 1 rating,$31
ADEP,$6.87,1440796506712,"20,312",50% bullish,of 2 ratings,$10.75
ADRO,$20.61,1440796506761,"147,897",80% bullish,of 5 ratings,$45.50
ADAP,$11.66,1440796506786,"84,789",67% bullish,of 3 ratings,$22
ADTN,$15.7,1440796506846,"386,714",67% bullish,of 3 ratings,$17.125
AEIS,$24.42,1440796506977,"174,991",50% bullish,of 2 ratings,$32.50
AMD,$1.85,1440796507030,"6,623,181",83% bullish,of 103 ratings,$2
ADXSW,$10.47,1440796507061,"1,850",100% bullish,of 1 rating,N/A
ADXS,$15.11,1440796507109,"467,815",64% bullish,of 14 ratings,$27
MULT,NULL,1440796507197,0,100% bearish,of 1 rating,N/A
YPRO,$22.79,1440796507307,"3,532",100% bearish,of 1 rating,N/A
AEGR,$17.66,1440796507333,"331,111",50% bullish,of 6 ratings,$26
AEGN,$18.28,1440796507405,"94,812",100% bearish,of 2 ratings,$21
AVAV,$24,1440796507465,"75,229",50% bullish,of 4 ratings,$31
AEPI,$53.89,1440796507504,"11,740",100% bearish,of 1 rating,N/A
AEHR,$2.27,1440796507552,"2,346",50% bullish,of 2 ratings,N/A
AMTX,$3.11,1440796507594,"28,001",50% bullish,of 2 ratings,$26.11
AEZS,$0.088,1440796507686,"10,110,751",90% bullish,of 21 ratings,$1.50
AERI,$16.49,1440796507715,"376,040",75% bullish,of 4 ratings,$31.50
AEMD,$6.95,1440796507820,"91,259",Not yet rated,NULL,$27.50
AFMD,$10.43,1440796507858,"107,629",50% bullish,of 4 ratings,$15
AGEN,$7.26,1440796507950,"602,072",85% bullish,of 13 ratings,$14
AFFX,$9.48,1440796507975,"279,489",80% bullish,of 5 ratings,$12.50
AGYS,$10.21,1440796508145,"23,032",100% bearish,of 1 rating,N/A
AGIO,$90.62,1440796508175,"186,340",88% bullish,of 8 ratings,$114
AGRX,$9.16,1440796508197,"22,184",100% bearish,of 1 rating,$17.50
AGFS,$10.1318,1440796508244,"137,593",100% bearish,of 1 rating,N/A
AGFSW,$1.95,1440796508272,"8,300",100% bearish,of 2 ratings,N/A
AIRM,$37.86,1440796508341,"199,407",80% bearish,of 5 ratings,$53
AIMT,$21.11,1440796508449,"136,933",Not yet rated,NULL,N/A
AIRT,$22.16,1440796508479,376,100% bullish,of 1 rating,N/A
ATSG,$8.95,1440796508524,"126,980",67% bullish,of 3 ratings,$13
AMCN,$4.59,1440796508661,"108,503",83% bullish,of 6 ratings,N/A
AIXG,$6.38,1440796508764,"27,231",67% bearish,of 3 ratings,$5.25
AKAM,$71.9,1440796508828,"1,710,795",63% bullish,of 8 ratings,$77
AKBA,$7,1440796508858,"105,064",100% bearish,of 1 rating,$18
AKRX,$41.03,1440796508963,"401,819",78% bullish,of 9 ratings,$56
AKER,$2.48,1440796509000,"28,755",Not yet rated,NULL,N/A
AMRI,$20.6,1440796509065,"158,563",75% bearish,of 4 ratings,$24
ALRM,$16.8,1440796509161,"126,608",100% bearish,of 1 rating,$22
ALSK,$2.15,1440796509210,"235,932",78% bullish,of 18 ratings,$2
ABDC,$12.83,1440796509263,"24,564",Not yet rated,NULL,$15
ALDX,$7.06,1440796509407,"18,445",100% bearish,of 1 rating,$14.50
ALDR,$38.61,1440796509433,"186,540",67% bearish,of 3 ratings,$62
ADHD,$7.94,1440796509510,"131,054",50% bullish,of 4 ratings,$18
ALXN,$178.86,1440796509676,"1,012,132",88% bullish,of 8 ratings,$223
ALXA,$1.13,1440796509723,"13,227",83% bullish,of 6 ratings,$2.125
ALGN,$57.27,1440796509810,"244,131",100% bearish,of 2 ratings,$73
ALCO,$42.25,1440796509853,"5,313",50% bullish,of 2 ratings,N/A
ALIM,$3.44,1440796509880,"27,203",80% bullish,of 5 ratings,$10
ALGT,$208.41,1440796509947,"150,284",100% bearish,of 2 ratings,$235
ALKS,$62.0942,1440796510010,"542,032",67% bullish,of 3 ratings,$75
AIQ,$14.35,1440796510101,"6,903",67% bullish,of 3 ratings,N/A
AFOP,$19.05,1440796510127,"104,154",75% bullish,of 8 ratings,$21
ALLB,$22.72,1440796510206,797,Not yet rated,NULL,N/A
ARLP,$25.32,1440796510255,"280,083",67% bearish,of 3 ratings,$32
AHPI,$1.44,1440796510384,"1,714",50% bullish,of 2 ratings,N/A
AHGP,$36.41,1440796510416,"89,083",67% bullish,of 3 ratings,N/A
ALQA,$4.4,1440796510483,"19,390",75% bullish,of 4 ratings,$8.50
AMOT,$18.85,1440796510660,"86,927",100% bearish,of 1 rating,N/A
AFAM,$45.43,1440796510690,"41,778",50% bullish,of 2 ratings,$44
ALLT,$5.42,1440796510755,"187,497",75% bullish,of 4 ratings,$6.25
MDRX,$13.8,1440796510795,"810,640",60% bullish,of 5 ratings,$16
ATEC,$0.54,1440796510822,"81,514",100% bullish,of 1 rating,$2
AOSL,$7.31,1440796510847,"49,947",67% bullish,of 3 ratings,$9
ALNY,$109.07,1440796510874,"357,072",67% bullish,of 3 ratings,$148.50
ALTR,$48.61,1440796511051,"1,182,479",80% bearish,of 5 ratings,$54
SMCP,NULL,1440796511075,0,Not yet rated,NULL,N/A
AMAG,$65.85,1440796511273,"315,677",100% bullish,of 2 ratings,$77.50
AMRN,$2.23,1440796511301,"1,409,147",85% bullish,of 39 ratings,$8
ASPS,$25.48,1440796511326,"184,857",67% bullish,of 3 ratings,$46.50
AIMC,$24.94,1440796511351,"71,616",100% bearish,of 2 ratings,$28.50
AMRK,$10.28,1440796511540,"2,016",50% bullish,of 2 ratings,$14
AYA,$20.7,1440796511587,"10,578",100% bearish,of 1 rating,$40
AMZN,$519.11,1440796511617,"1,552,019",81% bullish,of 264 ratings,$646
AMBC,$15.61,1440796511671,"222,561",100% bearish,of 1 rating,$16.50
AMBCW,$7.65,1440796511699,"1,012",100% bearish,of 1 rating,N/A
AMBA,$96.857,1440796511728,"1,954,735",83% bullish,of 12 ratings,$102.50
AMCX,$73.6,1440796511754,"349,491",67% bullish,of 3 ratings,$87.50
EPAX,$2.69,1440796511880,"86,785",100% bearish,of 1 rating,N/A
AMDA,$0.4798,1440796511983,"643,528",90% bullish,of 10 ratings,$1
DOX,$57.75,1440796512073,"257,565",67% bearish,of 3 ratings,$60
UHAL,$375.77,1440796512177,"28,990",100% bullish,of 2 ratings,$393.50
AMED,$39.09,1440796512229,"188,323",100% bearish,of 1 rating,$42
ASBI,$22.64,1440796512259,"1,069",Not yet rated,NULL,N/A
AMOV,$18.46,1440796512336,"2,614",100% bearish,of 1 rating,N/A
ATAX,$5.27,1440796512363,"73,836",100% bullish,of 1 rating,$6.50
AAL,$38.62,1440796512410,"7,108,187",93% bullish,of 88 ratings,$57
AGNCB,$24.29,1440796512508,"19,098",Not yet rated,NULL,N/A
AGNCP,$25.34,1440796512599,"6,144",Not yet rated,NULL,N/A
AGNC,$19.36,1440796512620,"1,941,092",71% bullish,of 28 ratings,$22
MTGE,$15.29,1440796512706,"623,994",75% bullish,of 4 ratings,$19.50
ANCI,$1.46,1440796512929,474,100% bearish,of 1 rating,N/A
MTGEP,$24.5,1440796513206,583,Not yet rated,NULL,N/A
ACSF,$12.38,1440796513234,"29,182",100% bearish,of 1 rating,$15
ACAS,$13.8357,1440796513255,"897,392",60% bullish,of 5 ratings,$16.75
AMIC,NULL,1440796513285,0,Not yet rated,NULL,N/A
AETI,$3.75,1440796513312,881,67% bearish,of 3 ratings,N/A
ANAT,$100.8502,1440796513452,"25,880",100% bullish,of 1 rating,N/A
AMNB,$23.29,1440796513474,"4,556",Not yet rated,NULL,$25.50
APEI,$22.36,1440796513549,"59,822",100% bearish,of 1 rating,$25.50
AMRB,$10.05,1440796513606,"2,153",Not yet rated,NULL,$11
ASEI,$39.03,1440796513641,"21,414",100% bearish,of 1 rating,$52.50
ARII,$40.76,1440796513669,"146,168",67% bearish,of 3 ratings,$45
AMSWA,$9.06,1440796513699,"131,254",100% bearish,of 2 ratings,$10.75
AMWD,$66.55,1440796513831,"77,289",50% bullish,of 2 ratings,$70
CRMT,$35.97,1440796514042,"40,468",100% bearish,of 1 rating,$39
AMSF,$46.91,1440796514075,"49,852",Not yet rated,NULL,$57.50
AMSC,$4.67,1440796514117,"80,461",50% bullish,of 4 ratings,N/A
ASRV,$3.22,1440796514152,"12,469",100% bullish,of 2 ratings,N/A
ABCB,$26.8,1440796514178,"86,002",Not yet rated,NULL,$31
ASRVP,NULL,1440796514202,0,Not yet rated,NULL,N/A
ATLO,$23.59,1440796514247,"4,506",Not yet rated,NULL,N/A
AMGN,$155.89,1440796514273,"3,399,693",89% bullish,of 19 ratings,$185
FOLD,$14.87,1440796514461,"612,656",56% bullish,of 9 ratings,$21
AMSG,$80.06,1440796514516,"252,052",100% bearish,of 1 rating,$85.50
AMKR,$5.07,1440796514543,"1,277,833",100% bearish,of 2 ratings,$5
AMPH,$13.39,1440796514590,"106,975",50% bullish,of 2 ratings,$20
AMSGP,$149.3,1440796514616,"33,058",Not yet rated,NULL,N/A
AFSI,$58.4717,1440796514683,"168,515",60% bullish,of 5 ratings,$72
ASYS,$5.39,1440796514708,"36,672",67% bullish,of 3 ratings,$12
ADI,$56.45,1440796514976,"2,245,427",67% bullish,of 3 ratings,$69
AMRS,$1.69,1440796515048,"51,285",70% bullish,of 10 ratings,N/A
ANCB,$21.98,1440796515079,"29,500",Not yet rated,NULL,$23
ANAC,$135.45,1440796515117,"264,448",80% bullish,of 5 ratings,$180.50
ALOG,$80.27,1440796515147,"65,588",100% bearish,of 2 ratings,$100.50
ANAD,$0.33,1440796515176,"133,227",100% bullish,of 2 ratings,$.50
ABCW,$40.28,1440796515248,"7,717",67% bullish,of 3 ratings,N/A
ANGI,$5.21,1440796515275,"319,439",64% bullish,of 11 ratings,$5.50
AMCF,$0.22,1440796515431,"1,426",100% bullish,of 7 ratings,N/A
ANGO,$14.67,1440796515465,"69,486",67% bullish,of 3 ratings,$19
ANSS,$89.74,1440796515561,"244,251",100% bearish,of 1 rating,$100
ANIP,$52,1440796515591,"129,189",89% bullish,of 19 ratings,$66
ANIK,$35.94,1440796515618,"100,275",60% bullish,of 5 ratings,$51.25
ATRS,$1.79,1440796515695,"332,285",92% bullish,of 12 ratings,$4.50
ANTH,$7.41,1440796515764,"469,427",80% bullish,of 10 ratings,$13
ABAC,$0.75,1440796515794,"11,927",100% bearish,of 1 rating,N/A
ATNY,$2.26,1440796515938,"4,237",50% bullish,of 2 ratings,$3.75
APOG,$50.82,1440796515978,"111,095",50% bullish,of 2 ratings,$67
APOL,$11.47,1440796516024,"654,267",87% bearish,of 68 ratings,$14
APIC,$6.91,1440796516104,"86,505",100% bearish,of 1 rating,$19
AAPL,$113.15,1440796516158,"32,483,306",86% bullish,of 2351 ratings,$150
AINV,$6.6,1440796516184,"696,100",50% bullish,of 4 ratings,$8
APPF,$16.3,1440796516321,"22,796",50% bullish,of 2 ratings,$22
APDN,$3.46,1440796516425,"72,814",Not yet rated,NULL,$9
ARCI,NULL,1440796516453,0,Not yet rated,NULL,N/A
AGTC,$16.69,1440796516581,"40,739",50% bullish,of 2 ratings,$33
APDNW,$1.27,1440796516607,"2,254",Not yet rated,NULL,N/A
AMCC,$5.77,1440796516631,"326,270",80% bullish,of 5 ratings,$8
AMAT,$15.9916,1440796516663,"7,111,784",82% bullish,of 11 ratings,$23
AAOI,$21.11,1440796516770,"169,287",50% bullish,of 4 ratings,$26
AREX,$2.17,1440796516802,"985,162",100% bearish,of 1 rating,$3
APRI,$1.35,1440796516909,"380,591",83% bullish,of 6 ratings,$4.86
APTO,$5.28,1440796516980,"32,201",Not yet rated,NULL,$17
AQXP,$16.76,1440796517007,"147,931",50% bullish,of 2 ratings,$2
AQMS,$5.2,1440796517032,"53,706",Not yet rated,NULL,N/A
AUMAW,NULL,1440796517179,0,Not yet rated,NULL,N/A
AUMAU,NULL,1440796517245,0,Not yet rated,NULL,N/A
AUMA,$9.89,1440796517271,230,Not yet rated,NULL,N/A
ARDM,NULL,1440796517405,0,100% bullish,of 1 rating,$26
ARCW,$3.63,1440796517492,"4,066",100% bearish,of 2 ratings,$10.50
RKDA,$6.36,1440796517550,"9,839",100% bearish,of 2 ratings,$10
ABUS,$7.36,1440796517577,"240,604",86% bullish,of 14 ratings,$23
PETX,$17.64,1440796517598,"156,925",100% bearish,of 2 ratings,$26
ARCB,$29.04,1440796517657,"134,492",67% bearish,of 3 ratings,$39.50
ABIO,$0.89,1440796517736,"57,096",50% bullish,of 2 ratings,$3.75
ACGL,$68.1836,1440796517801,"313,921",50% bullish,of 2 ratings,$72
ACAT,$26.55,1440796517903,"114,131",100% bearish,of 3 ratings,$33
ARDX,$18.75,1440796518008,"63,461",50% bullish,of 2 ratings,$24.50
AGII,$54.77,1440796518073,"101,334",Not yet rated,NULL,$59.50
ARCC,$15.6189,1440796518101,"1,375,235",67% bearish,of 3 ratings,$17.875
ARNA,$2.71,1440796518140,"2,247,385",90% bullish,of 78 ratings,$5.50
AGIIL,$25.36,1440796518210,"11,027",Not yet rated,NULL,N/A
ARIS,$3.54,1440796518377,"40,749",Not yet rated,NULL,$4.50
ARIA,$9.78,1440796518448,"22,272,023",87% bullish,of 46 ratings,$9
ARGS,$6.16,1440796518475,"18,498",50% bullish,of 2 ratings,$19.50
ARKR,$24.54,1440796518523,604,50% bullish,of 2 ratings,N/A
ARWA,NULL,1440796518547,0,Not yet rated,NULL,N/A
ARMH,$42.62,1440796518706,"865,391",54% bearish,of 13 ratings,$60
ARTX,$1.45,1440796518762,"63,093",88% bullish,of 16 ratings,$4.50
ARWAR,NULL,1440796518835,0,Not yet rated,NULL,N/A
ARWAW,NULL,1440796518907,0,Not yet rated,NULL,N/A
ARWAU,NULL,1440796518978,0,100% bullish,of 1 rating,N/A
ARQL,$1.76,1440796519050,"76,309",75% bullish,of 4 ratings,$5
DWAT,$9.98,1440796519138,"2,550",100% bearish,of 1 rating,N/A
ARRS,$26.82,1440796519184,"723,865",50% bullish,of 2 ratings,$38
AROW,$27.26,1440796519214,"13,804",Not yet rated,NULL,N/A
ARRY,$5.94,1440796519314,"718,947",100% bullish,of 7 ratings,$10
ARWR,$5.77,1440796519341,"437,585",75% bullish,of 4 ratings,$10.50
ARTNA,$22.24,1440796519367,"8,516",100% bearish,of 1 rating,$29
ARTW,$4.27,1440796519497,"1,665",75% bearish,of 4 ratings,N/A
ASBB,$24.2,1440796519521,191,Not yet rated,NULL,N/A
ASND,$19.17,1440796519590,"58,087",100% bullish,of 1 rating,$30
ASNA,$12,1440796519650,"3,325,555",50% bullish,of 2 ratings,$18
ASCMA,$27.4,1440796519737,"54,550",100% bearish,of 1 rating,$45
ASMI,NULL,1440796519840,0,NULL,NULL,NULL
ASTI,$0.1027,1440796519873,"1,274,925",83% bullish,of 6 ratings,$3
APWC,$1.91,1440796519900,"1,704",100% bearish,of 1 rating,N/A
ASMB,$13.33,1440796519974,"40,085",67% bullish,of 3 ratings,N/A
ASML,$91.98,1440796519999,"376,653",50% bullish,of 4 ratings,$127
AZPN,$37.9,1440796520027,"471,280",50% bullish,of 2 ratings,$42
ASTE,$37.12,1440796520179,"59,288",100% bearish,of 1 rating,$48
ASFI,$8.9,1440796520241,"6,440",100% bullish,of 1 rating,N/A
ASTC,$2.07,1440796520279,"13,827",100% bullish,of 5 ratings,N/A
ATRO,$52.84,1440796520304,"104,448",100% bearish,of 2 ratings,$80
ALOT,$13.97,1440796520331,"5,000",100% bearish,of 1 rating,N/A
ASUR,$5.97,1440796520489,"1,342",50% bullish,of 2 ratings,$8
ATAI,$2.53,1440796520597,"5,759",100% bearish,of 1 rating,N/A
ATRA,$40.22,1440796520692,"86,077",50% bullish,of 2 ratings,$68
ATHN,$134.56,1440796520718,"144,558",67% bearish,of 3 ratings,$153
AFCB,$26.58,1440796520754,43,Not yet rated,NULL,N/A
AAPC,$10.1,1440796520779,524,Not yet rated,NULL,N/A
ATHX,$1.15,1440796520843,"150,153",89% bullish,of 9 ratings,$5
AAME,$3.51,1440796520872,"1,614",Not yet rated,NULL,N/A
ACFC,$5.59,1440796520945,"23,302",100% bearish,of 1 rating,$6.50
ATNI,$71.89,1440796521049,"30,836",100% bearish,of 1 rating,$69.50
ATLC,$3.82,1440796521275,"1,000",67% bullish,of 3 ratings,N/A
AFH,$16.25,1440796521341,"45,444",Not yet rated,NULL,$21.50
AAWW,$41.57,1440796521380,"344,090",50% bullish,of 2 ratings,$65
ATOS,$0.76,1440796521405,"146,526",100% bullish,of 7 ratings,$7
ATML,$8.21,1440796521431,"5,323,862",78% bullish,of 9 ratings,$9.50
ATRC,$25.5,1440796521456,"75,032",100% bullish,of 1 rating,$30
ATTU,$13,1440796521565,"43,213",100% bearish,of 1 rating,$20.50
ATRI,$390.57,1440796521694,"1,710",Not yet rated,NULL,N/A
AUBN,$26.68,1440796521740,652,Not yet rated,NULL,N/A
ATRM,$2.83,1440796521769,"5,169",50% bullish,of 2 ratings,N/A
AUDC,$3.34,1440796521828,"41,046",80% bullish,of 5 ratings,$5
EARS,$4.86,1440796521874,"61,876",100% bearish,of 2 ratings,$11.50
AUPH,$3.03,1440796521920,"48,213",100% bearish,of 1 rating,$8
LIFE,$14.79,1440796521959,"59,987",86% bullish,of 7 ratings,$43
ADAT,$0.2901,1440796522088,"286,619",100% bullish,of 2 ratings,N/A
ABTL,$17.48,1440796522282,"56,816",100% bullish,of 4 ratings,$20.25
ADSK,$47.52,1440796522412,"7,664,747",67% bullish,of 6 ratings,$69.50
ADP,$78.41,1440796522453,"1,833,355",100% bearish,of 1 rating,$88
AVNU,$12.35,1440796522480,"4,686",Not yet rated,NULL,$14
AVGO,$127.62,1440796522501,"2,365,044",88% bullish,of 8 ratings,$165
AVNW,$1.13,1440796522631,"120,526",50% bullish,of 2 ratings,$2.20
AVEO,$1.42,1440796522658,"525,234",75% bullish,of 8 ratings,$3
AAVL,$10.78,1440796522679,"281,210",100% bearish,of 1 rating,$20
AVGR,$14.96,1440796522739,"28,648",100% bearish,of 1 rating,$20
AVID,$8.51,1440796522846,"262,047",100% bearish,of 1 rating,$20
ACLS,$3.17,1440796522874,"211,572",67% bullish,of 6 ratings,$4.75
CAR,$43.59,1440796522929,"772,875",80% bullish,of 5 ratings,$60
AXPWW,NULL,1440796523029,0,Not yet rated,NULL,N/A
AWRE,$3.18,1440796523055,"9,746",67% bullish,of 3 ratings,N/A
AXPW,$1.06,1440796523190,"50,386",83% bullish,of 6 ratings,N/A
AXTI,$2.2,1440796523346,"30,041",50% bullish,of 2 ratings,$2.75
AXGN,$4.88,1440796523372,"266,524",Not yet rated,NULL,$5
RILY,NULL,1440796523393,0,Not yet rated,NULL,N/A
BCOM,$18.86,1440796523445,80,100% bearish,of 1 rating,N/A
BOSC,$2.17,1440796523605,"2,700",50% bullish,of 2 ratings,N/A
BEAV,$49.39,1440796523634,"564,180",67% bearish,of 3 ratings,$59
BIDU,$152.46,1440796523770,"2,191,539",81% bullish,of 88 ratings,$210
BWINA,NULL,1440796523795,0,Not yet rated,NULL,N/A
BCPC,$58.23,1440796523823,"129,590",100% bearish,of 1 rating,$75
BWINB,$23.05,1440796523865,"5,630",Not yet rated,NULL,N/A
BLDP,$1.28,1440796523893,"333,343",91% bullish,of 22 ratings,$2.50
BANF,$59.87,1440796524068,"10,874",Not yet rated,NULL,$68
BANFP,NULL,1440796524093,0,Not yet rated,NULL,N/A
BKSC,$16.38,1440796524274,"1,895",Not yet rated,NULL,N/A
BOCH,$5.75,1440796524300,"7,098",Not yet rated,NULL,$6.50
BKMU,$7.2,1440796524330,"106,117",Not yet rated,NULL,$8
BMRC,$47.78,1440796524379,"6,078",Not yet rated,NULL,$52
BOTJ,$10.93,1440796524435,51,Not yet rated,NULL,N/A
OZRK,$41.65,1440796524570,"340,296",67% bullish,of 3 ratings,$49.50
BFIN,$11.98,1440796524598,"805,971",Not yet rated,NULL,$13
BWFG,$17.89,1440796524765,"86,221",100% bearish,of 1 rating,N/A
BANR,$43.67,1440796524824,"52,487",100% bullish,of 3 ratings,$50
BZUN,$5.29,1440796524846,"324,008",50% bullish,of 2 ratings,$11.50
BHAC,$9.81,1440796524920,400,Not yet rated,NULL,N/A
TAPR,$31.36,1440796524945,"1,065",100% bearish,of 1 rating,N/A
BHACR,NULL,1440796525026,0,Not yet rated,NULL,N/A
BHACU,NULL,1440796525162,0,Not yet rated,NULL,N/A
BSET,$28.97,1440796525265,"65,844",100% bearish,of 1 rating,$35
BHACW,NULL,1440796525298,0,Not yet rated,NULL,N/A
BBSI,$35.46,1440796525325,"44,948",67% bearish,of 3 ratings,$62.50
BYLK,$12.75,1440796525350,"3,944",Not yet rated,NULL,$14
BYBK,$4.88,1440796525395,"12,262",100% bearish,of 1 rating,N/A
BBCN,$14.41,1440796525557,"235,503",100% bearish,of 1 rating,$16
BV,$5.16,1440796525582,"390,911",67% bullish,of 6 ratings,$9
BCBP,$11.51,1440796525627,"2,786",Not yet rated,NULL,N/A
BDCV,$4.92,1440796525761,"8,428",100% bearish,of 1 rating,$10.19
BECN,$35.38,1440796525788,"319,053",50% bullish,of 2 ratings,$40
BSF,$8.56,1440796525858,"14,316",Not yet rated,NULL,N/A
BBGI,$4.07,1440796525964,514,100% bullish,of 1 rating,N/A
BEBE,$1.35,1440796526015,"2,507,789",75% bullish,of 4 ratings,$3.075
BBBY,$62.32,1440796526092,"1,490,780",71% bullish,of 7 ratings,$75
BELFB,$17.97,1440796526152,"23,081",100% bearish,of 1 rating,N/A
BELFA,$16.95,1440796526187,24,100% bearish,of 1 rating,N/A
BLPH,$5.04,1440796526240,"6,129",100% bearish,of 1 rating,$12.50
BLCM,$17.34,1440796526374,"156,508",50% bullish,of 4 ratings,$40
BNFT,$36.35,1440796526404,"83,611",67% bullish,of 3 ratings,$46
BNCL,$12.42,1440796526433,"203,255",100% bullish,of 3 ratings,$12.50
BNTC,$7.9937,1440796526541,"46,904",100% bullish,of 1 rating,N/A
BGMD,$0.7251,1440796526644,"219,421",100% bullish,of 10 ratings,N/A
BGCP,$8.735,1440796526707,"654,941",88% bullish,of 8 ratings,$14
ORPN,$5.97,1440796526897,"20,587",100% bullish,of 1 rating,$28.50
BGFV,$11.1,1440796526923,"86,024",57% bullish,of 7 ratings,$12
BCDA,NULL,1440796526995,0,Not yet rated,NULL,N/A
BASI,$1.6,1440796527055,"3,810",Not yet rated,NULL,N/A
BIND,$4.45,1440796527080,"49,598",75% bullish,of 4 ratings,$13.50
BCRX,$11.42,1440796527220,"314,110",63% bullish,of 8 ratings,$18
BIOC,$1.98,1440796527251,"102,773",83% bullish,of 6 ratings,$3.85
BIOD,$0.6435,1440796527272,"49,279",80% bullish,of 5 ratings,$4
BIIB,$303.69,1440796527307,"1,407,281",88% bullish,of 16 ratings,$400
BDSI,$6.87,1440796527355,"493,039",88% bullish,of 8 ratings,$17
BIOL,$1.43,1440796527484,"19,466",Not yet rated,NULL,N/A
BLFS,$1.98,1440796527582,"21,237",100% bearish,of 1 rating,$4.75
BLRX,$1.53,1440796527625,"208,226",100% bullish,of 12 ratings,$5
BMRN,$132.0147,1440796527726,"575,644",80% bullish,of 5 ratings,$160
BVXV,$3.6325,1440796527757,"2,361",Not yet rated,NULL,N/A
BRLI,NULL,1440796527795,0,NULL,NULL,NULL
BVXVW,$0.7,1440796527898,300,100% bearish,of 1 rating,N/A
BBP,$32.7,1440796527978,"19,483",Not yet rated,NULL,N/A
BPTH,$1.11,1440796528013,"55,103",100% bullish,of 2 ratings,$5
BBC,$31.95,1440796528043,"9,881",Not yet rated,NULL,N/A
BIOS,$2.46,1440796528109,"689,760",71% bullish,of 7 ratings,$4
BSTC,$52.12,1440796528140,"40,800",100% bearish,of 1 rating,$76
BSPM,$0.67,1440796528204,"65,101",50% bullish,of 2 ratings,N/A
BOTA,$2.08,1440796528235,"24,405",88% bullish,of 8 ratings,N/A
TECH,$96.5,1440796528269,"280,906",100% bullish,of 1 rating,$117
BEAT,$14.67,1440796528462,"218,630",67% bearish,of 3 ratings,$15
BITI,$17.095,1440796528530,"19,344",100% bullish,of 1 rating,$28
BBOX,$15.07,1440796528627,"96,363",100% bearish,of 1 rating,N/A
BDMS,$12.64,1440796528654,84,100% bearish,of 1 rating,N/A
BJRI,$44.26,1440796528684,"170,972",50% bullish,of 2 ratings,$55
BDE,$7.5,1440796528714,"75,507",50% bullish,of 2 ratings,$9
BLKB,$57.86,1440796528786,"156,655",100% bearish,of 2 ratings,$66
BBRY,$7.36,1440796528843,"3,499,684",61% bullish,of 330 ratings,$9
HAWK,$40.26,1440796528916,"239,630",91% bullish,of 11 ratings,$49
ADRE,$30.08,1440796529048,"10,155",100% bearish,of 1 rating,N/A
BKCC,$9.304,1440796529100,"302,275",50% bullish,of 2 ratings,$10
ADRA,$27.5,1440796529184,"2,800",100% bearish,of 1 rating,N/A
ADRD,$22.21,1440796529249,"11,305",100% bearish,of 1 rating,N/A
BLMN,$20.51,1440796529274,"1,243,002",83% bullish,of 6 ratings,$27.50
ADRU,$21.9113,1440796529303,"1,280",100% bearish,of 1 rating,N/A
BCOR,$13.81,1440796529470,"189,735",57% bullish,of 7 ratings,$15
BLBD,$11.96,1440796529518,"9,660",Not yet rated,NULL,N/A
NILE,$34.3,1440796529690,"81,168",50% bullish,of 2 ratings,$34
BUFF,$26.31,1440796529721,"184,065",83% bullish,of 12 ratings,$31.50
BBLU,$0.78,1440796529742,"112,994",100% bullish,of 2 ratings,$4.43
BHBK,$13.84,1440796529773,"32,621",100% bullish,of 1 rating,$14.50
BLUE,$137.47,1440796529794,"296,264",71% bullish,of 7 ratings,$217.50
BKEP,$6.34,1440796529931,"19,498",100% bearish,of 1 rating,$8.50
BKEPP,$7.61,1440796529960,"6,200",100% bearish,of 1 rating,N/A
BPMC,$26.84,1440796529981,"69,527",50% bullish,of 2 ratings,$47.50
BNCN,$20.56,1440796530284,"117,776",Not yet rated,NULL,$24
BOBE,$43.6,1440796530348,"117,836",75% bullish,of 4 ratings,$57
BOFI,$117.62,1440796530415,"213,540",100% bullish,of 6 ratings,$144
BOKF,$62.3925,1440796530441,"164,013",100% bearish,of 1 rating,$69
WIFI,$7.62,1440796530497,"145,572",50% bullish,of 2 ratings,$13.50
BONA,$11.64,1440796530572,"107,333",75% bullish,of 4 ratings,$8.50
BOJA,$21.44,1440796530605,"58,055",100% bullish,of 1 rating,$30
BPFHW,$5.15,1440796530703,"3,330",100% bearish,of 1 rating,N/A
BPFH,$11.79,1440796530729,"250,539",100% bearish,of 1 rating,$14
BNSO,$1.31,1440796530761,630,100% bearish,of 1 rating,N/A
BPFHP,$24.85,1440796530863,"11,250",100% bearish,of 1 rating,N/A
EPAY,$26.94,1440796530891,"177,935",100% bearish,of 2 ratings,$30
BAMM,$3.1,1440796530919,"24,796",60% bullish,of 5 ratings,N/A
BCLI,$3.04,1440796531111,"50,501",80% bullish,of 5 ratings,$12
BBRG,$12.72,1440796531138,"69,040",67% bullish,of 3 ratings,$14.50
BDBD,$8.39,1440796531159,"451,957",60% bullish,of 5 ratings,$10
BBEP,$2.9,1440796531289,"2,794,158",69% bullish,of 13 ratings,$5.625
BBEPP,$13.4,1440796531380,"61,890",100% bearish,of 1 rating,N/A
BDGE,$26.21,1440796531457,"17,166",Not yet rated,NULL,$31.75
BLIN,$1.36,1440796531536,"5,087",100% bullish,of 2 ratings,$2.20
BSFT,$31.63,1440796531591,"88,378",57% bullish,of 7 ratings,$40.50
BRCM,$51.79,1440796531618,"2,529,830",75% bullish,of 12 ratings,$56
BRID,NULL,1440796531639,0,100% bearish,of 1 rating,N/A
BCOV,$5.32,1440796531679,"68,688",67% bullish,of 3 ratings,$10.20
BVSN,$6.01,1440796531705,"13,669",60% bearish,of 5 ratings,N/A
BYFC,$1.36,1440796531784,"5,967",50% bullish,of 2 ratings,N/A
BWEN,$3.18,1440796531859,"34,309",100% bullish,of 3 ratings,$8
BRKL,$10.51,1440796531964,"272,340",100% bearish,of 1 rating,$10.75
BRCD,$10.553,1440796532101,"2,104,384",92% bullish,of 13 ratings,$11.50
BRKR,$18.4692,1440796532205,"392,981",100% bearish,of 2 ratings,$22
BMTC,$29.2,1440796532242,"98,064",Not yet rated,NULL,$34
BRKS,$10.41,1440796532304,"127,627",67% bullish,of 3 ratings,$15.25
BLMT,$20.6,1440796532329,"11,270",Not yet rated,NULL,N/A
BSQR,$6.15,1440796532360,"55,497",67% bullish,of 3 ratings,N/A
BUR,$1.74,1440796532387,"6,743",100% bearish,of 1 rating,$8
BLDR,$14.48,1440796532408,"484,766",67% bullish,of 3 ratings,$22
BWLD,$194.06,1440796532583,"166,257",82% bullish,of 11 ratings,$205
CA,$27.26,1440796532718,"2,293,564",50% bullish,of 4 ratings,$33
CFFI,$36.19,1440796532745,"7,589",100% bearish,of 1 rating,N/A
CHRW,$67.2467,1440796532774,"1,365,634",Not yet rated,NULL,$72
CCMP,$43.53,1440796532801,"79,642",50% bullish,of 2 ratings,$59
CDNS,$20.14,1440796532876,"1,265,237",75% bullish,of 4 ratings,$22.50
CDZI,$8.14,1440796533011,"84,491",100% bearish,of 1 rating,N/A
CACQ,$7.53,1440796533091,"56,359",100% bearish,of 1 rating,$12.25
CSTE,$40.5,1440796533126,"114,834",50% bullish,of 2 ratings,$65
CZR,$9.17,1440796533148,"738,436",60% bearish,of 5 ratings,$10.50
PRSS,$4.55,1440796533194,"10,528",80% bullish,of 5 ratings,$4.50
CLBS,$1.44,1440796533225,"118,591",79% bullish,of 14 ratings,$4
CHY,$11.47,1440796533284,"160,991",Not yet rated,NULL,N/A
CLMS,$10.61,1440796533320,"65,837",Not yet rated,NULL,$10.50
CHI,$10.6,1440796533425,"101,782",100% bearish,of 1 rating,N/A
CCD,$19.38,1440796533454,"81,611",Not yet rated,NULL,N/A
CFGE,NULL,1440796533641,0,Not yet rated,NULL,N/A
CGO,$12.01,1440796533788,"13,619",100% bearish,of 1 rating,N/A
CHW,$7.64,1440796533818,"278,918",100% bearish,of 1 rating,N/A
CAMP,$16.59,1440796533839,"249,483",88% bullish,of 8 ratings,$25
CSQ,$9.96,1440796533860,"222,801",Not yet rated,NULL,N/A
CVGW,$59.23,1440796533998,"104,521",50% bullish,of 2 ratings,$58.50
CALA,$5.78,1440796534030,"350,686",100% bullish,of 3 ratings,$19.50
CALD,$15.94,1440796534051,"214,263",100% bearish,of 1 rating,$21
CFNB,$13.31,1440796534095,301,100% bearish,of 1 rating,N/A
CLMT,$26.1156,1440796534196,"157,345",75% bullish,of 8 ratings,$31
CALM,$50.25,1440796534228,"273,365",80% bullish,of 5 ratings,$65
CAMB,$9.95,1440796534254,"3,000",Not yet rated,NULL,N/A
ABCD,$5.28,1440796534329,"155,994",83% bullish,of 6 ratings,N/A
CAMBU,NULL,1440796534469,0,100% bearish,of 1 rating,N/A
CAMBW,NULL,1440796534599,0,Not yet rated,NULL,N/A
CAMT,$2.72,1440796534675,"11,795",73% bullish,of 11 ratings,$4
CAC,$40.25,1440796534707,"5,351",Not yet rated,NULL,N/A
CSIQ,$18.9253,1440796534734,"1,536,120",86% bullish,of 28 ratings,$42.50
CPHC,$10.3,1440796534807,"1,608",100% bearish,of 1 rating,N/A
CGIX,$9.96,1440796534882,"20,078",67% bullish,of 3 ratings,$14.375
CBNJ,$11.09,1440796534985,"17,605",100% bullish,of 1 rating,N/A
CBF,$29.7,1440796535031,"163,214",Not yet rated,NULL,$32
CPLA,$49.2,1440796535079,"111,385",67% bearish,of 3 ratings,$65
CCBG,$14.99,1440796535114,"18,070",Not yet rated,NULL,$17.25
CPLP,$6.85,1440796535141,"246,034",71% bullish,of 7 ratings,$11
CPTA,$13.69,1440796535310,"45,514",100% bearish,of 1 rating,$18.50
CSWC,$45.86,1440796535340,"14,727",Not yet rated,NULL,N/A
CFFN,$12.03,1440796535443,"444,730",Not yet rated,NULL,$12.75
CAPNW,NULL,1440796535498,0,Not yet rated,NULL,N/A
CAPN,$2.27,1440796535633,"216,917",100% bullish,of 1 rating,$10.85
CAPR,$4.28,1440796535784,"3,636",Not yet rated,NULL,$12
CBYL,$5.38,1440796535821,"28,815",100% bearish,of 1 rating,$20
CARA,$19.25,1440796535860,"104,767",50% bullish,of 4 ratings,$25
CARB,$11.28,1440796535888,"80,399",75% bullish,of 4 ratings,$12
CRDC,$0.37,1440796535917,"98,459",100% bullish,of 1 rating,$1.25
CFNL,$21.88,1440796535949,"97,527",Not yet rated,NULL,$24
CPST,$0.4182,1440796535974,"1,396,611",95% bullish,of 22 ratings,$1.25
CRME,$8.86,1440796536052,"6,283",89% bullish,of 9 ratings,$11.25
CSII,$24.24,1440796536311,"97,779",100% bearish,of 2 ratings,$42.125
CATM,$34.65,1440796536341,"145,056",100% bearish,of 1 rating,$44
CDNA,$6.86,1440796536362,"9,849",100% bearish,of 1 rating,$9
CECO,$3.78,1440796536510,"325,880",67% bearish,of 3 ratings,$6
CTRE,$11.32,1440796536543,"366,158",50% bullish,of 2 ratings,$13.50
CKEC,$23.45,1440796536730,"112,092",50% bullish,of 2 ratings,$35.915
CRZO,$35.38,1440796536762,"1,680,791",67% bearish,of 3 ratings,$55
CARO,$15.52,1440796536790,686,100% bearish,of 1 rating,$19
CART,$5.35,1440796536814,"1,687",100% bearish,of 1 rating,N/A
CLBH,$12.7,1440796536863,"1,504",Not yet rated,NULL,$16.50
CARV,$7,1440796536923,"3,573",50% bullish,of 2 ratings,N/A
TAST,$12.68,1440796536993,"294,920",Not yet rated,NULL,$14.25
CRTN,$2.49,1440796537024,"4,420",100% bearish,of 1 rating,N/A
CASM,$1.13,1440796537131,"169,953",100% bullish,of 1 rating,$3.50
CSCD,$14.97,1440796537232,"29,328",100% bullish,of 2 ratings,$17
CACB,$5.28,1440796537314,"28,460",Not yet rated,NULL,$5.50
CASI,$1.45,1440796537402,"16,210",100% bullish,of 1 rating,$3.50
CASY,$106.08,1440796537443,"164,558",50% bullish,of 2 ratings,$99.50
CATB,$12.3,1440796537502,"12,584",100% bearish,of 1 rating,$28
CWST,$6.25,1440796537531,"94,168",50% bullish,of 2 ratings,$7.25
CASS,$48.74,1440796537577,"12,195",100% bearish,of 1 rating,N/A
CPRX,$3.64,1440796537633,"252,829",71% bullish,of 7 ratings,$7
CATYW,NULL,1440796537740,0,100% bearish,of 1 rating,N/A
CVCO,$71.58,1440796537771,"22,860",100% bearish,of 1 rating,N/A
CATY,$29.47,1440796537796,"526,220",100% bearish,of 1 rating,$33.50
CNLM,$9.92,1440796537930,"5,100",Not yet rated,NULL,N/A
CBFV,$20.23,1440796537961,"1,904",Not yet rated,NULL,$25
CAVM,$68.35,1440796537989,"259,220",67% bearish,of 3 ratings,$72
CNLMR,NULL,1440796538059,0,Not yet rated,NULL,N/A
CBOE,$63.82,1440796538344,"270,550",Not yet rated,NULL,$60
CNLMW,NULL,1440796538365,0,Not yet rated,NULL,N/A
CNLMU,NULL,1440796538396,0,100% bullish,of 1 rating,N/A
CDK,$49.69,1440796538434,"401,908",67% bearish,of 3 ratings,$50
CECE,$9.72,1440796538493,"43,721",50% bullish,of 2 ratings,$16
CDW,$40.1,1440796538514,"682,471",75% bullish,of 4 ratings,$44
CELG,$124.04,1440796538544,"3,112,908",92% bullish,of 13 ratings,$155.50
CPXX,$2.09,1440796538570,"73,775",100% bullish,of 2 ratings,$7
CELGZ,$1.84,1440796538754,130,80% bullish,of 5 ratings,N/A
CLDN,$1.11,1440796538960,"380,623",71% bullish,of 7 ratings,$3
CLRB,$3.07,1440796538988,"3,191",100% bearish,of 1 rating,N/A
CLLS,$33.23,1440796539029,"43,557",75% bullish,of 4 ratings,$51.50
CLDX,$15.36,1440796539061,"795,869",89% bullish,of 9 ratings,$36
CLRBW,NULL,1440796539116,0,Not yet rated,NULL,N/A
CBMG,$23.56,1440796539169,"38,037",50% bullish,of 2 ratings,N/A
CLTX,$2.42,1440796539297,"133,553",100% bullish,of 2 ratings,N/A
CLSN,$2.06,1440796539326,"73,145",80% bullish,of 10 ratings,$7.50
CYAD,NULL,1440796539428,0,100% bullish,of 1 rating,$87.50
CEMP,$35.8,1440796539531,"347,148",71% bullish,of 7 ratings,$52
CSFL,$13.59,1440796539556,"87,153",Not yet rated,NULL,$15
CETV,$2.14,1440796539593,"134,612",67% bullish,of 3 ratings,$2.80
CFBK,$1.37,1440796539726,"2,096",Not yet rated,NULL,N/A
CETX,$2.36,1440796539784,"4,400",Not yet rated,NULL,$5.60
CENTA,$12.55,1440796539883,"406,884",Not yet rated,NULL,N/A
CENT,$12.18,1440796539981,"51,466",Not yet rated,NULL,$10
CENX,$5.51,1440796540009,"2,154,129",67% bullish,of 6 ratings,$9
CVCY,$11.26,1440796540039,"19,319",Not yet rated,NULL,$12
CNTY,$5.65,1440796540060,"30,032",80% bullish,of 5 ratings,$7.75
CPHD,$50.36,1440796540146,"387,374",67% bearish,of 3 ratings,$66.50
CNBKA,$41.6,1440796540204,"1,243",50% bullish,of 2 ratings,N/A
CRNT,$1.43,1440796540628,"82,256",50% bullish,of 2 ratings,$2
CERN,$63.13,1440796540656,"1,747,634",67% bullish,of 3 ratings,$79
CERU,$3.78,1440796540678,"42,073",75% bullish,of 4 ratings,$15
CERE,$1.14,1440796540707,"230,627",88% bullish,of 8 ratings,N/A
CERS,$4.85,1440796540842,"305,160",75% bullish,of 4 ratings,$7
CEVA,$19.13,1440796540973,"98,749",100% bearish,of 1 rating,$25
KOOL,$0.67,1440796541006,"40,840",100% bullish,of 5 ratings,$7
HOTR,$1.42,1440796541067,"119,259",100% bullish,of 2 ratings,$5
HOTRW,NULL,1440796541088,0,Not yet rated,NULL,N/A
CTHR,$1.3,1440796541109,"7,326",50% bullish,of 2 ratings,$2.50
GTLS,$24.36,1440796541150,"352,866",50% bullish,of 4 ratings,$40
CYOU,$20.64,1440796541175,"99,352",50% bullish,of 6 ratings,$24
CHTR,$180.1921,1440796541322,"506,492",100% bearish,of 2 ratings,$196
CHEK,$2.1,1440796541477,"3,047",Not yet rated,NULL,$7.75
CHFN,$12.38,1440796541503,"17,917",Not yet rated,NULL,$14
CHKP,$78.7204,1440796541568,"690,963",50% bullish,of 4 ratings,$92
CEMI,$4.25,1440796541758,"18,500",50% bullish,of 2 ratings,$7.50
CCXI,$6.5,1440796541790,"58,200",67% bullish,of 3 ratings,$14
CHFC,$31.4,1440796541817,"83,177",100% bearish,of 1 rating,$36
CHEKW,NULL,1440796541888,0,Not yet rated,NULL,N/A
CHMG,$26.15,1440796541945,520,Not yet rated,NULL,$30
CHMA,$25.42,1440796542019,"56,946",Not yet rated,NULL,$40
PLCE,$59.63,1440796542051,"171,366",100% bearish,of 1 rating,$69
CHKE,$25.46,1440796542072,"11,637",100% bearish,of 1 rating,$32.50
CHEV,$14.42,1440796542151,"2,230",Not yet rated,NULL,N/A
CBNK,$16.25,1440796542236,"7,266",100% bearish,of 1 rating,N/A
CMRX,$50.48,1440796542283,"233,277",50% bullish,of 2 ratings,$57
CADC,NULL,1440796542418,0,78% bullish,of 9 ratings,N/A
CALI,$0.89,1440796542562,"13,298",67% bullish,of 3 ratings,N/A
CAAS,$6.55,1440796542593,"22,438",93% bullish,of 14 ratings,$11.50
CBPO,$99.9369,1440796542668,"135,210",75% bullish,of 8 ratings,$140.50
CBAK,$2.02,1440796542726,"47,677",67% bullish,of 9 ratings,N/A
CCCL,$0.783,1440796542756,"8,319",100% bullish,of 6 ratings,N/A
JRJC,$3.64,1440796542860,"75,212",82% bullish,of 11 ratings,N/A
CHOP,$1.16,1440796542888,"3,443",50% bullish,of 2 ratings,N/A
CCCR,$0.79,1440796542913,"1,440",67% bearish,of 3 ratings,N/A
HGSH,$1.81,1440796543086,"5,114",67% bullish,of 3 ratings,N/A
CNIT,$1.37,1440796543124,"110,498",67% bullish,of 6 ratings,N/A
CHLN,$1.99,1440796543155,"5,524",67% bullish,of 3 ratings,N/A
CJJD,$1.87,1440796543222,"12,291",100% bullish,of 1 rating,N/A
HTHT,$25.57,1440796543250,"81,705",50% bullish,of 2 ratings,$28.40
CHNR,$1.57,1440796543385,"4,716",100% bearish,of 1 rating,N/A
CREG,$0.7,1440796543605,"37,457",100% bullish,of 3 ratings,N/A
CSUN,$1.48,1440796543639,"12,166",80% bullish,of 5 ratings,N/A
CNTF,$0.804,1440796543678,"91,538",Not yet rated,NULL,N/A
CXDC,$5.72,1440796543735,"37,730",67% bearish,of 3 ratings,N/A
CNYD,$3.35,1440796543765,"14,299",67% bullish,of 3 ratings,N/A
IMOS,$18.56,1440796543794,"157,340",60% bullish,of 5 ratings,$21.50
CCIH,$7.31,1440796543816,"195,215",67% bullish,of 6 ratings,$12.65
CPGI,NULL,1440796543836,0,Not yet rated,NULL,N/A
CHSCL,$27.01,1440796544109,"14,960",Not yet rated,NULL,N/A
CHSCM,$26.12,1440796544141,"14,760",Not yet rated,NULL,N/A
CNET,$0.898,1440796544166,"40,200",50% bullish,of 2 ratings,N/A
CHSCN,$27.27,1440796544240,"2,175",Not yet rated,NULL,N/A
CHSCO,$28.31,1440796544298,"2,888",Not yet rated,NULL,N/A
CHSCP,$30.51,1440796544370,"4,500",Not yet rated,NULL,N/A
CHDN,$133.5,1440796544503,"100,896",Not yet rated,NULL,$165
CDTX,$14.67,1440796544590,"15,045",Not yet rated,NULL,$22
CMCT,$15.3899,1440796544636,200,100% bearish,of 1 rating,N/A
CHUY,$31.57,1440796544665,"143,174",50% bullish,of 2 ratings,$34
CIFC,$7.04,1440796544696,"4,824",100% bearish,of 1 rating,N/A
CMPR,$73.46,1440796544770,"272,387",50% bullish,of 2 ratings,$72.50
CINF,$52.79,1440796544999,"561,411",50% bullish,of 4 ratings,$50.50
CIDM,$0.5736,1440796545106,"95,380",50% bullish,of 2 ratings,$2.10
CPHR,$5.33,1440796545133,"49,892",100% bearish,of 1 rating,$17
CTAS,$85.3785,1440796545173,"330,304",100% bearish,of 1 rating,$91
CRUS,$30.21,1440796545360,"732,197",75% bullish,of 12 ratings,$44.50
CZNC,$19.84,1440796545464,"9,181",Not yet rated,NULL,N/A
CTRN,$26.73,1440796545491,"81,046",100% bearish,of 1 rating,$31.50
CSCO,$25.86,1440796545522,"21,242,570",84% bullish,of 209 ratings,$32
CZWI,$8.97,1440796545549,974,Not yet rated,NULL,N/A
CTXS,$68.69,1440796545570,"1,229,256",86% bullish,of 7 ratings,$80
CIZN,$19.33,1440796545622,"2,439",Not yet rated,NULL,N/A
CZFC,NULL,1440796545706,0,Not yet rated,NULL,N/A
CIVBP,$33.21,1440796545894,353,Not yet rated,NULL,N/A
CIVB,$10.07,1440796545919,"6,435",Not yet rated,NULL,$11
CHCO,$47.25,1440796545945,"42,647",Not yet rated,NULL,$46
CDTI,$1.61,1440796545965,"54,168",75% bullish,of 4 ratings,$3.20
CLIR,$4.67,1440796546270,"79,948",100% bullish,of 3 ratings,N/A
CLNT,$1.5,1440796546300,"17,654",75% bullish,of 8 ratings,N/A
CLNE,$5.17,1440796546332,"972,130",80% bullish,of 15 ratings,$9
CMFN,$11.17,1440796546363,"26,820",100% bearish,of 1 rating,$15.50
CLRO,$11.51,1440796546384,"4,079",50% bullish,of 2 ratings,$14.25
CLFD,$17.21,1440796546419,"38,655",67% bullish,of 3 ratings,$18
CLVS,$80.54,1440796546445,"406,345",60% bullish,of 5 ratings,$101.50
CSBK,$13.62,1440796546471,"66,040",Not yet rated,NULL,N/A
CME,$94.62,1440796546654,"1,009,749",67% bullish,of 3 ratings,$102
CBLI,$3.8,1440796546712,"30,681",60% bullish,of 5 ratings,N/A
CCNE,$16.98,1440796546790,"9,188",50% bullish,of 2 ratings,$21.50
CISG,$7.81,1440796546876,"67,936",100% bullish,of 5 ratings,$10
CWAY,$11.11,1440796547010,"4,726",Not yet rated,NULL,N/A
CNV,$4.43,1440796547035,"28,444",50% bullish,of 2 ratings,$7.15
CDRB,$13.97,1440796547166,"24,525",67% bullish,of 3 ratings,N/A
COKE,$157.56,1440796547195,"23,920",79% bullish,of 19 ratings,N/A
CCOI,$27.46,1440796547216,"445,468",50% bullish,of 4 ratings,$35
COBZ,$12.84,1440796547250,"40,728",100% bullish,of 1 rating,$14
CVLY,$20.32,1440796547280,722,Not yet rated,NULL,N/A
CDXS,$3.8,1440796547381,"19,698",64% bullish,of 11 ratings,$6
CGNT,$1.53,1440796547471,"56,889",100% bullish,of 2 ratings,$2
JVA,$4.63,1440796547503,"11,572",83% bullish,of 6 ratings,$7
CGNX,$35.49,1440796547574,"359,217",50% bullish,of 2 ratings,$47
CTSH,$63.72,1440796547599,"2,758,536",90% bullish,of 10 ratings,$75
COHR,$57.83,1440796547780,"78,704",50% bullish,of 2 ratings,$72
CHRS,$28.98,1440796547970,"79,672",67% bearish,of 3 ratings,$37
COHU,$9.65,1440796548001,"127,716",100% bearish,of 1 rating,$14.25
CLRX,$0.54,1440796548031,"44,213",50% bullish,of 2 ratings,N/A
CLCT,$18.27,1440796548052,"26,386",100% bearish,of 1 rating,N/A
CBAN,$8.75,1440796548082,"1,516",Not yet rated,NULL,N/A
COLL,$15.34,1440796548103,"40,817",100% bearish,of 1 rating,$26
CIGI,$43.29,1440796548135,"40,937",100% bearish,of 1 rating,$52
CLCD,$6.63,1440796548307,"68,876",100% bearish,of 1 rating,$20.50
COLB,$30.05,1440796548418,"150,126",Not yet rated,NULL,$36
COLM,$60.64,1440796548448,"88,479",100% bearish,of 1 rating,$71
CBMX,$1.1,1440796548523,"19,525",83% bullish,of 6 ratings,$3.15
CMCO,$18.73,1440796548551,"73,520",60% bullish,of 5 ratings,$28
CMCSA,$56.77,1440796548685,"7,743,132",66% bullish,of 35 ratings,$69.50
CBSH,$44.5989,1440796548825,"229,533",50% bullish,of 2 ratings,$46
CMCSK,$57.62,1440796548846,"1,941,868",Not yet rated,NULL,$84
CBSHP,$25.42,1440796548879,"26,034",100% bearish,of 1 rating,N/A
CVGI,$4.96,1440796548922,"43,835",50% bullish,of 2 ratings,$6
CUBN,NULL,1440796548947,0,Not yet rated,NULL,N/A
CSAL,$20.6041,1440796549014,"433,349",75% bullish,of 4 ratings,$30
JCS,$8.61,1440796549081,"7,525",67% bullish,of 3 ratings,N/A
ESXB,$5.06,1440796549255,"3,468",Not yet rated,NULL,N/A
COMM,$31.9,1440796549284,"725,355",67% bearish,of 3 ratings,$35
CYHHZ,$0.01,1440796549313,"76,000",100% bullish,of 1 rating,N/A
CTBI,$34.87,1440796549422,"53,139",Not yet rated,NULL,$36
COB,$10.44,1440796549548,"13,253",100% bullish,of 1 rating,$11.75
CWBC,$6.7,1440796549601,"1,519",Not yet rated,NULL,N/A
CVLT,$35.7,1440796549626,"499,857",75% bullish,of 4 ratings,$44.50
CIL,NULL,1440796549657,0,Not yet rated,NULL,N/A
CIZ,$33.45,1440796549678,"1,507",100% bearish,of 1 rating,N/A
CID,NULL,1440796549751,0,Not yet rated,NULL,N/A
CDC,$34.78,1440796549830,"3,743",Not yet rated,NULL,N/A
CSF,$36.75,1440796549858,"4,489",100% bearish,of 1 rating,N/A
CFO,$35.63,1440796550002,"150,250",100% bearish,of 1 rating,N/A
CSA,NULL,1440796550058,0,Not yet rated,NULL,N/A
CFA,$35.7,1440796550132,900,100% bearish,of 1 rating,N/A
CDL,NULL,1440796550190,0,Not yet rated,NULL,N/A
CSB,$32.92,1440796550323,200,Not yet rated,NULL,N/A
CGEN,$5.2,1440796550394,"49,804",50% bullish,of 2 ratings,$11
CPSI,$45.63,1440796550457,"70,148",100% bearish,of 1 rating,$45.50
CTG,$6.51,1440796550488,"63,423",100% bearish,of 1 rating,$8.50
SCOR,$53.74,1440796550551,"303,382",100% bearish,of 1 rating,$66
CMTL,$25.29,1440796550582,"132,707",100% bearish,of 2 ratings,$37
CHCI,$0.65,1440796550608,"20,669",50% bullish,of 2 ratings,N/A
CNAT,$4.05,1440796550633,"58,100",83% bullish,of 6 ratings,$13
CNSI,$18.77,1440796550794,"63,344",100% bearish,of 2 ratings,$29
CXRX,$75.05,1440796550898,"5,908",100% bearish,of 1 rating,$90
CCUR,$5.46,1440796550983,"80,309",75% bullish,of 4 ratings,N/A
CNCE,$15.95,1440796551013,"103,480",75% bullish,of 4 ratings,$22
CDOR,$1.35,1440796551121,"4,361",100% bullish,of 1 rating,N/A
CDORO,$18.95,1440796551252,"1,200",100% bearish,of 1 rating,N/A
CDORP,$7,1440796551290,400,100% bearish,of 1 rating,N/A
CFMS,$19.77,1440796551385,"86,468",Not yet rated,NULL,$27
CNMD,$53.23,1440796551513,"80,020",Not yet rated,NULL,$59
CONN,$29.44,1440796551717,"528,417",67% bullish,of 3 ratings,$48.50
CNFR,$10.18,1440796551754,"11,241",Not yet rated,NULL,N/A
CNXR,$6.93,1440796551775,"72,869",100% bearish,of 1 rating,$12
CTWS,$34.5,1440796551796,"20,376",100% bearish,of 1 rating,$44
CWCO,$10.94,1440796551857,"91,573",67% bullish,of 3 ratings,$14.50
CNSL,$19.76,1440796551930,"196,877",100% bearish,of 1 rating,$23
CNOB,$19.01,1440796551955,"42,656",100% bullish,of 1 rating,$23.50
CTCT,$25.04,1440796552426,"195,271",67% bullish,of 3 ratings,$37
CPSS,$5.6,1440796552465,"22,982",100% bullish,of 1 rating,$10
CFRX,$5.08,1440796552560,"7,722",Not yet rated,NULL,$14
CFRXZ,$0.599,1440796552580,600,Not yet rated,NULL,N/A
CPRT,$34.99,1440796552641,"286,933",67% bearish,of 3 ratings,$40
CTRL,$8.97,1440796552662,"133,195",50% bullish,of 2 ratings,$11
CRBP,$1.92,1440796552693,"146,083",100% bullish,of 2 ratings,$6.25
CFRXW,$1.95,1440796552723,"2,650",100% bearish,of 1 rating,N/A
CTRV,$3.68,1440796552824,"4,034",Not yet rated,NULL,$6.40
CORE,$59.67,1440796552972,"118,215",100% bearish,of 1 rating,$72
CORT,$5.18,1440796552999,"216,538",67% bullish,of 3 ratings,$12
CORI,$10.45,1440796553024,"37,147",100% bearish,of 1 rating,$18
BVA,$3.75,1440796553069,627,50% bullish,of 2 ratings,N/A
CSOD,$36.17,1440796553223,"273,201",50% bullish,of 2 ratings,$42
CRVL,$30.91,1440796553262,"28,940",100% bearish,of 1 rating,N/A
COSI,$1.17,1440796553358,"158,610",100% bullish,of 1 rating,N/A
COST,$139.95,1440796553390,"1,445,556",79% bullish,of 24 ratings,$154.50
CSGP,$181.38,1440796553415,"68,173",50% bullish,of 2 ratings,$235
CVTI,$23.51,1440796553485,"93,135",67% bearish,of 3 ratings,$39
CPAH,$0.4301,1440796553587,"2,700",50% bullish,of 2 ratings,N/A
ICBK,$18.11,1440796553634,228,Not yet rated,NULL,$21
COVS,$2.7,1440796553664,"62,906",67% bullish,of 3 ratings,N/A
COWNL,$26.65,1440796553800,"2,100",Not yet rated,NULL,N/A
COWN,$5.23,1440796553825,"635,563",75% bullish,of 4 ratings,$7
CPSH,$2.18,1440796553852,"1,167",Not yet rated,NULL,N/A
CRAI,$22.05,1440796554019,"27,938",100% bearish,of 1 rating,$36
BREW,$7.97,1440796554049,"39,101",67% bullish,of 6 ratings,$15
CRAY,$20.41,1440796554148,"251,324",83% bullish,of 6 ratings,$38.50
CBRL,$145.82,1440796554178,"142,127",50% bullish,of 2 ratings,$155
CACC,$197.5495,1440796554211,"34,208",50% bullish,of 2 ratings,$158.50
GLDI,$11.01,1440796554235,"3,640",100% bearish,of 1 rating,N/A
SLVO,$10.04,1440796554262,"2,848",100% bearish,of 1 rating,N/A
CRESY,$10.35,1440796554439,"27,734",100% bearish,of 1 rating,$19
CREE,$26.99,1440796554465,"801,140",65% bullish,of 17 ratings,$29.50
CROX,$14.52,1440796554668,"656,990",63% bullish,of 8 ratings,$16.50
CRTO,$43.1,1440796554697,"295,607",67% bullish,of 6 ratings,$64
CRDS,$1,1440796554765,"42,738",75% bullish,of 4 ratings,$4.50
CCRN,$14.14,1440796554794,"142,037",100% bearish,of 1 rating,$14.25
CRWS,$8.07,1440796554852,"4,508",Not yet rated,NULL,$10
CYRX,$2.885,1440796554929,"11,794",Not yet rated,NULL,$9
CRWN,$4.47,1440796554980,"38,249",75% bullish,of 4 ratings,N/A
CCLP,$15.38,1440796555112,"30,912",67% bearish,of 3 ratings,$20
CYRXW,$0.83,1440796555147,200,Not yet rated,NULL,N/A
CSGS,$31.14,1440796555205,"222,878",Not yet rated,NULL,$40
CTCM,$1.83,1440796555279,"114,360",80% bearish,of 5 ratings,$3.90
CTIC,$1.6,1440796555306,"646,597",84% bullish,of 76 ratings,$5.75
CTIB,$3.63,1440796555331,"3,890",100% bearish,of 1 rating,N/A
CSPI,$5.71,1440796555558,516,67% bullish,of 3 ratings,N/A
CTRP,$71.1413,1440796555588,"1,216,212",75% bullish,of 8 ratings,$93
CUNB,$21.18,1440796555613,"14,251",Not yet rated,NULL,$24.50
CPIX,$6.04,1440796555661,"5,828",Not yet rated,NULL,N/A
CUI,$5.32,1440796555687,"29,604",50% bullish,of 2 ratings,$10
CRIS,$2.59,1440796555835,"166,862",100% bullish,of 8 ratings,$6
CMLS,$1.42,1440796555861,"374,324",50% bullish,of 4 ratings,$6
CUTR,$14.46,1440796555994,"32,831",67% bearish,of 3 ratings,$18
CVV,$10.97,1440796556025,"7,294",100% bullish,of 5 ratings,N/A
CVBF,$16,1440796556054,"493,743",Not yet rated,NULL,$18
CYBR,$52.29,1440796556091,"680,665",75% bullish,of 8 ratings,$66
CYAN,$7.6,1440796556160,"2,172",100% bearish,of 1 rating,N/A
CYBX,$67,1440796556185,"196,566",50% bullish,of 4 ratings,$71.50
CYBE,$6.76,1440796556329,"22,725",100% bearish,of 1 rating,N/A
CYCC,$0.55,1440796556463,"63,851",73% bullish,of 11 ratings,N/A
CYCCP,NULL,1440796556514,0,100% bearish,of 1 rating,N/A
CYNO,$31.41,1440796556568,"137,063",67% bearish,of 3 ratings,$45.50
CBAY,$2.63,1440796556598,"56,866",100% bullish,of 1 rating,$4
CYNA,$16.17,1440796556642,"27,144",50% bullish,of 2 ratings,$31.50
CYRN,$1.7,1440796556696,"29,421",67% bullish,of 3 ratings,$4
CONE,$32.3,1440796556727,"247,421",67% bearish,of 3 ratings,$35.50
CY,$10.09,1440796556754,"2,674,911",80% bullish,of 10 ratings,$15.50
CYTK,$7,1440796556939,"180,145",71% bullish,of 14 ratings,$13.50
CYTX,$0.315,1440796556969,"2,360,173",83% bullish,of 12 ratings,$5.50
CTSO,$6.89,1440796557007,"27,244",Not yet rated,NULL,$15.625
DAEG,$0.35,1440796557042,"11,063",100% bearish,of 1 rating,N/A
CYTR,$2.39,1440796557139,"318,266",67% bullish,of 6 ratings,$10
TVIZ,$19.51,1440796557169,"3,315",100% bearish,of 1 rating,N/A
TVIX,$13.25,1440796557264,"14,079,205",81% bullish,of 16 ratings,N/A
ZIV,$40.01,1440796557366,"153,112",Not yet rated,NULL,N/A
XIV,$27.2,1440796557438,"18,225,356",75% bearish,of 4 ratings,N/A
DAKT,$8.64,1440796557530,"421,544",50% bullish,of 2 ratings,$12
DAIO,$2.49,1440796557564,"4,973",Not yet rated,NULL,N/A
DARA,$0.86,1440796557590,"24,822",83% bullish,of 6 ratings,$1.50
DJCO,$191.42,1440796557615,502,Not yet rated,NULL,N/A
DTLK,$5.85,1440796557661,"72,201",100% bearish,of 1 rating,$9
DRAM,$1.28,1440796557749,"16,449",78% bullish,of 9 ratings,N/A
DWCH,$5.26,1440796557791,"21,471",75% bullish,of 4 ratings,$8.25
DTEA,$13.15,1440796557942,"48,592",100% bearish,of 2 ratings,$24
PLAY,$34.43,1440796558030,"121,342",100% bullish,of 5 ratings,$42
TRAK,$62.85,1440796558135,"645,671",50% bullish,of 2 ratings,$62.50
DBVT,$41.26,1440796558402,"32,497",100% bearish,of 1 rating,$53
DHRM,$1.48,1440796558431,"7,227",Not yet rated,NULL,N/A
TACO,$13.1236,1440796558459,"97,042",75% bullish,of 4 ratings,$20
DFRG,$14.59,1440796558487,"99,897",100% bearish,of 1 rating,$20
TACOW,$4.05,1440796558510,"18,932",100% bullish,of 1 rating,N/A
DCTH,$0.4003,1440796558531,"122,121",78% bullish,of 9 ratings,N/A
DWSN,$4.54,1440796558552,"13,558",67% bullish,of 3 ratings,N/A
DELTW,NULL,1440796558799,0,Not yet rated,NULL,N/A
DGAS,$20.12,1440796558836,"3,626",67% bearish,of 3 ratings,N/A
DENN,$11.48,1440796558874,"411,859",100% bullish,of 3 ratings,$15
DELT,$2.52,1440796558928,"6,000",Not yet rated,NULL,N/A
DEPO,$28.38,1440796558956,"492,842",60% bullish,of 5 ratings,$29
XRAY,$53.26,1440796558977,"455,198",100% bullish,of 1 rating,$58
DERM,$27.24,1440796559284,"101,807",100% bearish,of 1 rating,$33.50
DXLG,$5.62,1440796559352,"88,393",100% bearish,of 1 rating,$8
DSCI,$5.93,1440796559374,"30,721",50% bullish,of 2 ratings,$16
DEST,$11.13,1440796559395,"20,183",50% bullish,of 2 ratings,N/A
DSWL,$1.71,1440796559430,"4,300",100% bullish,of 1 rating,N/A
DMND,$29.77,1440796559461,"137,181",75% bullish,of 12 ratings,$32
DXM,$0.26,1440796559482,"140,456",50% bullish,of 2 ratings,N/A
DHIL,$194.72,1440796559563,"3,494",Not yet rated,NULL,N/A
DHXM,$6.82,1440796559696,"1,035",Not yet rated,NULL,N/A
DXCM,$94.3009,1440796559724,"601,324",57% bullish,of 7 ratings,$98
FANG,$66.56,1440796559853,"945,281",50% bullish,of 2 ratings,$86.50
DCIX,$1.74,1440796559990,"50,106",50% bullish,of 4 ratings,$3.50
DRNA,$11.13,1440796560021,"76,464",67% bearish,of 3 ratings,$25
DGII,$10.06,1440796560042,"88,413",100% bearish,of 1 rating,$10
DMRC,$37.81,1440796560073,"119,126",100% bearish,of 1 rating,$44
DRAD,$3.7,1440796560122,"14,268",100% bullish,of 1 rating,$5.25
APPS,$2.43,1440796560254,"110,613",100% bearish,of 1 rating,$10.25
DCOM,$17.01,1440796560311,"121,317",100% bearish,of 2 ratings,$16.50
DIOD,$19.93,1440796560479,"100,117",75% bearish,of 4 ratings,$24
DISCB,NULL,1440796560508,0,100% bearish,of 1 rating,$35
DGLY,$8.33,1440796560584,"107,978",50% bullish,of 6 ratings,$20
DISCK,$25.71,1440796560642,"1,450,570",100% bearish,of 1 rating,$32
DISCA,$27.1127,1440796560667,"1,476,936",67% bullish,of 3 ratings,$34
DPRX,$13.52,1440796560715,"8,669",100% bullish,of 2 ratings,$27.75
DISH,$59.62,1440796560871,"664,919",69% bullish,of 13 ratings,$73
DVCR,$10.8,1440796560912,"5,362",100% bullish,of 1 rating,N/A
DSCO,$0.42,1440796560943,"233,070",83% bullish,of 6 ratings,$2.75
DLHC,$2.45,1440796561041,"2,228",100% bearish,of 1 rating,N/A
BAGR,$2.77,1440796561070,"10,502",100% bearish,of 1 rating,$6
DNBF,$25.76,1440796561221,408,Not yet rated,NULL,$27.50
DLTR,$76.7377,1440796561379,"1,695,005",82% bullish,of 11 ratings,$88
DGICA,$14.27,1440796561406,"10,088",100% bearish,of 1 rating,$17
DGICB,NULL,1440796561434,0,100% bearish,of 1 rating,N/A
DMLP,$14.39,1440796561460,"9,844",100% bearish,of 1 rating,N/A
DORM,$50.42,1440796561536,"213,968",100% bearish,of 1 rating,$56
DRWI,$0.21,1440796561631,"608,108",60% bullish,of 5 ratings,$.45
HILL,$9.665,1440796561662,"1,225,949",60% bearish,of 5 ratings,$9.75
DRWIW,$0.04,1440796561735,318,Not yet rated,NULL,N/A
DRYS,$0.44,1440796561819,"3,465,209",77% bullish,of 31 ratings,$.60
DWA,$20.29,1440796561905,"780,239",63% bullish,of 8 ratings,$26
DSPG,$8.55,1440796561948,"86,341",100% bearish,of 1 rating,$13.50
CADT,NULL,1440796561975,0,Not yet rated,NULL,N/A
DSKX,$3.25,1440796561996,"269,494",100% bullish,of 1 rating,N/A
CADTU,NULL,1440796562455,0,Not yet rated,NULL,N/A
DNKN,$51.69,1440796562482,"615,001",67% bullish,of 15 ratings,$56.50
CADTR,NULL,1440796562514,0,Not yet rated,NULL,N/A
DTSI,$27.07,1440796562611,"64,293",100% bearish,of 2 ratings,$39.50
CADTW,NULL,1440796562637,0,Not yet rated,NULL,N/A
DXPE,$28.01,1440796562698,"198,401",50% bullish,of 2 ratings,N/A
DRRX,$2.1,1440796562766,"174,261",50% bullish,of 6 ratings,$3
DYAX,$23.69,1440796562828,"450,638",89% bullish,of 9 ratings,$30
DYSL,$1.44,1440796562858,"9,241",100% bullish,of 2 ratings,N/A
BOOM,$10.64,1440796562902,"121,109",67% bullish,of 3 ratings,$12
DYNT,$3,1440796562954,"2,521",75% bullish,of 4 ratings,N/A
EGBN,$41.91,1440796563032,"45,548",Not yet rated,NULL,$48
ETFC,$26.53,1440796563061,"1,656,489",57% bullish,of 14 ratings,$32.50
DVAX,$29.76,1440796563093,"286,822",70% bullish,of 10 ratings,$40
EBMT,$11.54,1440796563198,"1,076",Not yet rated,NULL,$13.50
EGLE,$6.51,1440796563252,"44,799",60% bullish,of 5 ratings,N/A
EGRX,$83.67,1440796563489,"183,576",67% bullish,of 3 ratings,$97
ELNK,$8.45,1440796563519,"507,260",60% bullish,of 5 ratings,$9.50
EROC,$1.54,1440796563548,"321,569",50% bullish,of 2 ratings,$3
EWBC,$40.36,1440796563617,"524,091",100% bearish,of 1 rating,$50
EML,$16.47,1440796563646,"7,046",Not yet rated,NULL,N/A
EVBS,$6.6,1440796563707,"16,168",Not yet rated,NULL,$7
EACQU,NULL,1440796563732,0,Not yet rated,NULL,N/A
EBAY,$27.25,1440796563913,"6,618,106",81% bullish,of 117 ratings,$34
ELON,$0.5649,1440796563942,"28,406",50% bullish,of 2 ratings,N/A
ECHO,$23.01,1440796563963,"541,539",67% bearish,of 3 ratings,$35.50
ECTE,$1.46,1440796563992,"3,701",75% bullish,of 4 ratings,N/A
EBIX,$28.21,1440796564124,"195,546",69% bullish,of 13 ratings,$40
EEI,$11.15,1440796564151,"3,106",67% bearish,of 3 ratings,N/A
SATS,$44.59,1440796564172,"56,536",50% bullish,of 2 ratings,$60
ECACU,$10.1,1440796564422,"3,602",Not yet rated,NULL,N/A
ESES,$3.22,1440796564453,"2,164",100% bearish,of 1 rating,$7
EDAP,$3.6,1440796564483,"25,350",60% bullish,of 5 ratings,$4.50
EDGW,$7.01,1440796564549,"10,591",100% bearish,of 1 rating,N/A
EGAN,$3.64,1440796564580,"7,806",50% bullish,of 2 ratings,$6.25
EFUT,$4.63,1440796564651,700,Not yet rated,NULL,N/A
EGLT,$10.66,1440796564678,"20,932",50% bullish,of 2 ratings,$21
ERI,$9.7,1440796565087,"144,246",100% bearish,of 1 rating,$10
EMITF,$1.18,1440796565113,"3,474",75% bullish,of 4 ratings,N/A
LOCO,$12.62,1440796565135,"1,206,351",69% bullish,of 13 ratings,$20
EHTH,$14.1,1440796565183,"168,301",50% bullish,of 4 ratings,$16.50
EDUC,$5.55,1440796565212,"21,651",100% bearish,of 1 rating,N/A
ESLT,$76.65,1440796565317,"2,915",67% bullish,of 3 ratings,N/A
ESIO,$4.43,1440796565371,"140,353",50% bullish,of 2 ratings,$10
ELRC,$10.71,1440796565449,"16,406",100% bearish,of 1 rating,N/A
EFII,$44.09,1440796565586,"127,147",80% bullish,of 5 ratings,$55
ELSE,$3.9999,1440796565616,500,60% bullish,of 5 ratings,N/A
EA,$67.91,1440796565637,"2,050,040",77% bullish,of 35 ratings,$80
ELEC,NULL,1440796565671,0,Not yet rated,NULL,N/A
ELECU,NULL,1440796565692,0,Not yet rated,NULL,N/A
EBIO,$3.55,1440796565959,"154,084",100% bearish,of 2 ratings,$8.35
ELECW,NULL,1440796566017,0,Not yet rated,NULL,N/A
CAPX,$22.93,1440796566151,"13,900",Not yet rated,NULL,N/A
RDEN,$10.95,1440796566183,"74,308",100% bearish,of 4 ratings,$15
ESBK,$19.66,1440796566247,423,Not yet rated,NULL,N/A
ELTK,$1.34,1440796566273,"144,213",67% bearish,of 3 ratings,N/A
LONG,$17.04,1440796566300,"9,996",67% bullish,of 3 ratings,$15.75
EMCF,$23.06,1440796566464,100,100% bearish,of 1 rating,N/A
EMKR,$7.06,1440796566511,"65,081",75% bullish,of 4 ratings,$8.50
EMMSP,$3,1440796566582,200,100% bearish,of 1 rating,N/A
EMMS,$1.12,1440796566618,"136,017",83% bullish,of 6 ratings,N/A
EMCI,$23.2,1440796566639,"15,362",Not yet rated,NULL,N/A
NYNY,$4.37,1440796566686,"30,167",50% bullish,of 2 ratings,N/A
ERS,$2.83,1440796566719,"6,582",Not yet rated,NULL,N/A
ENTA,$41.18,1440796566826,"122,390",50% bullish,of 2 ratings,$42
ECPG,$40.13,1440796566906,"153,412",100% bullish,of 2 ratings,$52
WIRE,$31.67,1440796567088,"90,127",100% bearish,of 1 rating,$37
ECYT,$5.28,1440796567230,"159,581",83% bullish,of 6 ratings,$12
EFOI,$22,1440796567264,"907,367",50% bullish,of 2 ratings,$20.50
WATT,$6.99,1440796567285,"124,032",50% bullish,of 2 ratings,$13
EIGI,$15.55,1440796567317,"197,582",67% bearish,of 3 ratings,$22.50
ELGX,$13.04,1440796567360,"310,868",75% bullish,of 4 ratings,$17
ENDP,$78.7,1440796567385,"843,248",50% bullish,of 6 ratings,$104
ERII,$2.69,1440796567462,"49,581",80% bullish,of 5 ratings,$2.50
ENPH,$4.58,1440796567604,"408,795",75% bullish,of 4 ratings,$11
ENOC,$9.35,1440796567641,"300,726",75% bullish,of 4 ratings,$18
EXXI,$1.79,1440796567662,"2,131,865",86% bullish,of 7 ratings,$3.50
ESGR,$146.02,1440796567735,"29,141",100% bearish,of 1 rating,$185
ENG,$1,1440796567763,"10,728",100% bullish,of 3 ratings,N/A
ENFC,$17.63,1440796567826,"14,896",Not yet rated,NULL,N/A
ENTG,$13.7,1440796567966,"498,237",100% bearish,of 1 rating,$18
ENTL,$22.19,1440796567995,"11,224",Not yet rated,NULL,$28
ETRM,$0.27,1440796568096,"540,107",69% bearish,of 35 ratings,$1.625
EGT,$2.14,1440796568122,"13,092",100% bullish,of 1 rating,N/A
EBTC,$21.14,1440796568253,"4,216",Not yet rated,NULL,N/A
ENVI,$1.85,1440796568293,"22,541",67% bullish,of 3 ratings,N/A
ENZY,$9.69,1440796568328,"20,091",67% bullish,of 3 ratings,$9.50
ENZN,$1.05,1440796568461,"191,259",100% bullish,of 9 ratings,N/A
EPIQ,$12.94,1440796568515,"95,473",100% bearish,of 1 rating,$18
EFSC,$23.84,1440796568545,"31,437",Not yet rated,NULL,$27
EPRS,$5.3,1440796568566,"65,326",82% bullish,of 11 ratings,$15
EPZM,$20.1,1440796568640,"274,818",60% bullish,of 5 ratings,$34
EQIX,$268.78,1440796568749,"317,195",75% bullish,of 4 ratings,$312.50
ERIC,$9.95,1440796568916,"1,517,001",67% bullish,of 9 ratings,$12.20
EQFN,NULL,1440796568945,0,100% bearish,of 1 rating,N/A
ERIE,$82.6965,1440796568983,"23,830",Not yet rated,NULL,$73
ESCA,$18,1440796569009,"15,345",100% bearish,of 1 rating,$22
EAC,$3.37,1440796569049,"4,106",100% bearish,of 1 rating,$8
PLUS,$76.75,1440796569080,"44,219",50% bullish,of 2 ratings,$88
ESCR,$0.12,1440796569151,"313,269",50% bullish,of 2 ratings,N/A
ESPR,$52.27,1440796569292,"597,174",70% bearish,of 10 ratings,$123
ESMC,$1.31,1440796569322,"1,148",Not yet rated,NULL,N/A
ESCRP,$1.15,1440796569371,"3,261",100% bearish,of 1 rating,N/A
ESSA,$12.81,1440796569400,"2,219",100% bearish,of 1 rating,N/A
ESND,$34.46,1440796569503,"110,118",100% bearish,of 2 ratings,$40
EPIX,NULL,1440796569571,0,Not yet rated,NULL,N/A
ESSX,$0.4461,1440796569596,"121,833",50% bullish,of 2 ratings,N/A
ETSY,$14.82,1440796569778,"411,302",80% bullish,of 5 ratings,$16
CLWT,NULL,1440796569857,0,100% bullish,of 1 rating,N/A
EEFT,$65.62,1440796569883,"156,788",100% bearish,of 1 rating,$67.50
EVEP,$8.27,1440796570015,"378,682",50% bullish,of 2 ratings,$15
EVOK,$3.75,1440796570043,"45,220",100% bearish,of 1 rating,$13.375
ESEA,$5.37,1440796570065,"3,809",100% bullish,of 1 rating,$15
EVK,$3.75,1440796570093,267,75% bearish,of 4 ratings,N/A
EVOL,$5.98,1440796570226,"4,531",75% bullish,of 4 ratings,$10
EXA,$11.19,1440796570310,"12,872",100% bearish,of 1 rating,$13
EXAS,$22.34,1440796570369,"466,825",78% bullish,of 9 ratings,$31
EVLV,$2.68,1440796570394,"224,794",60% bullish,of 5 ratings,$5.125
EXEL,$6.05,1440796570562,"3,038,273",81% bullish,of 16 ratings,$6
EXAC,$18.64,1440796570766,"19,525",100% bearish,of 1 rating,$22.50
EXLS,$36.47,1440796570830,"100,676",50% bullish,of 2 ratings,$41
EXFO,$2.74,1440796570859,"3,109",67% bearish,of 3 ratings,$3.95
EXPD,$49.66,1440796570887,"1,275,347",80% bullish,of 5 ratings,$52
ESRX,$84.46,1440796570913,"2,106,762",67% bearish,of 6 ratings,$101
EXPO,$42.71,1440796570934,"77,752",100% bearish,of 1 rating,$45.50
EXPE,$116.5217,1440796570967,"591,733",64% bullish,of 11 ratings,$130
EYEGW,NULL,1440796571069,0,Not yet rated,NULL,N/A
EYEG,$3.63,1440796571203,"8,530",Not yet rated,NULL,N/A
EXLP,$20.8232,1440796571242,"166,876",100% bearish,of 1 rating,$25
EXTR,$2.8,1440796571335,"437,377",80% bullish,of 5 ratings,$3
FB,$91,1440796571364,"21,378,326",73% bullish,of 1069 ratings,$111
EZCH,$22.5819,1440796571391,"100,750",75% bullish,of 8 ratings,$19.50
EZPW,$5.83,1440796571412,"233,828",50% bullish,of 4 ratings,$7.50
FFIV,$122.97,1440796571575,"535,549",63% bullish,of 8 ratings,$132
FWM,$2.25,1440796571727,"117,046",100% bearish,of 2 ratings,$3.20
FRP,$16.22,1440796571767,"95,097",100% bearish,of 1 rating,$18
FCS,$13.71,1440796571828,"593,435",67% bearish,of 3 ratings,$17
DAVE,$15.36,1440796571859,"17,244",100% bearish,of 1 rating,$15.50
FARM,$22.94,1440796571886,"20,353",100% bearish,of 1 rating,$35
FFKT,$25.89,1440796571906,"7,909",Not yet rated,NULL,$29
FALC,$1.76,1440796572041,"108,050",63% bearish,of 8 ratings,N/A
FMNB,$8.27,1440796572206,"9,733",Not yet rated,NULL,N/A
FATE,$7.21,1440796572253,"24,853",50% bullish,of 2 ratings,$11
FAST,$38.69,1440796572278,"1,512,410",80% bullish,of 5 ratings,$45.50
FBRC,$22.28,1440796572342,"11,421",100% bearish,of 1 rating,$29
FBSS,$15.29,1440796572370,200,Not yet rated,NULL,N/A
FARO,$38.01,1440796572392,"102,628",50% bullish,of 2 ratings,$48
FDML,$8.72,1440796572558,"236,899",50% bullish,of 4 ratings,$14
FNHC,$21.79,1440796572610,"82,959",100% bearish,of 1 rating,$35
FEIC,$75.72,1440796572661,"219,243",50% bullish,of 2 ratings,$95.50
FENX,$9.97,1440796572686,"142,317",100% bullish,of 1 rating,$14.25
FCSC,$5.74,1440796572739,"84,641",100% bearish,of 1 rating,$8.125
FHCO,$1.37,1440796572766,"24,116",50% bullish,of 4 ratings,N/A
FGEN,$25,1440796573075,"155,238",100% bearish,of 1 rating,$39
ONEQ,$189.9,1440796573133,"11,934",100% bullish,of 1 rating,N/A
LION,$19.23,1440796573155,"74,002",100% bullish,of 1 rating,$20
FSAM,$8.19,1440796573204,"11,024",100% bearish,of 1 rating,$10.25
FDUS,$14.64,1440796573232,"23,047",50% bullish,of 2 ratings,$18
FRGI,$52.21,1440796573289,"105,363",50% bullish,of 2 ratings,$70
FSC,$6.45,1440796573338,"607,315",60% bullish,of 5 ratings,$8
FSCFL,$24.65,1440796573422,"6,848",Not yet rated,NULL,N/A
FNGN,$33.23,1440796573651,"176,570",67% bullish,of 3 ratings,$47
FNSR,$15.77,1440796573695,"515,888",71% bullish,of 7 ratings,$24.50
FITBI,$27.525,1440796573724,"34,706",Not yet rated,NULL,N/A
FISI,$24.52,1440796573824,"15,149",100% bullish,of 2 ratings,$24.50
FSFR,$8.89,1440796573855,"67,547",100% bearish,of 1 rating,$11.50
FITB,$19.97,1440796573899,"3,708,357",54% bullish,of 13 ratings,$22
FNJN,$1.9,1440796573953,"33,173",100% bearish,of 1 rating,$5
FNTC,NULL,1440796573990,0,Not yet rated,NULL,N/A
FNTCW,NULL,1440796574131,0,Not yet rated,NULL,N/A
FNTCU,NULL,1440796574155,0,Not yet rated,NULL,N/A
FEYE,$39.19,1440796574324,"2,069,594",87% bullish,of 15 ratings,$55.50
FRBA,$6.08,1440796574357,"1,488",Not yet rated,NULL,$8
BUSE,$6.36,1440796574382,"86,619",Not yet rated,NULL,$6.875
FBIZ,$44.1,1440796574456,"28,261",100% bearish,of 2 ratings,$52
FBNC,$16.95,1440796574515,"17,226",100% bullish,of 1 rating,$20
FNLC,$18.73,1440796574547,"10,936",100% bullish,of 1 rating,N/A
FCVA,$4.61,1440796574583,351,Not yet rated,NULL,N/A
FCAP,$26.77,1440796574683,402,Not yet rated,NULL,N/A
FCFS,$39.83,1440796574757,"154,214",100% bearish,of 3 ratings,$48
FCNCA,$238.6,1440796574818,"15,051",Not yet rated,NULL,N/A
FCBC,$17.49,1440796574923,"17,432",Not yet rated,NULL,$18
FCLF,$9.05,1440796575061,"1,666",Not yet rated,NULL,N/A
FCCO,$12,1440796575090,"2,065",Not yet rated,NULL,$13.25
FCFP,$6.94,1440796575189,"3,000",Not yet rated,NULL,N/A
FBNK,$17.21,1440796575264,"22,827",100% bearish,of 1 rating,$17.50
FFBC,$18.28,1440796575396,"149,353",67% bearish,of 3 ratings,$20.25
FDEF,$37.44,1440796575427,"34,556",Not yet rated,NULL,$38
FFNM,$6.19,1440796575453,"1,344",Not yet rated,NULL,N/A
FFIN,$30.67,1440796575526,"141,387",50% bullish,of 2 ratings,$31.75
FFWM,$21.37,1440796575624,"22,466",Not yet rated,NULL,$24
THFF,$32.94,1440796575731,"24,402",Not yet rated,NULL,$35
FFNW,$12.06,1440796575833,"10,423",Not yet rated,NULL,$14
INBK,$30.15,1440796575859,"10,430",50% bullish,of 2 ratings,$37
FRME,$25.92,1440796575922,"130,285",Not yet rated,NULL,$26.50
FIBK,$26.22,1440796576002,"81,866",Not yet rated,NULL,$32
FFBCW,NULL,1440796576027,0,100% bearish,of 1 rating,N/A
FMBH,NULL,1440796576168,0,Not yet rated,NULL,N/A
FNBC,$34.63,1440796576234,"63,076",Not yet rated,NULL,$40
FNFG,$9.1568,1440796576302,"1,157,000",80% bullish,of 5 ratings,$9
FNWB,$11.85,1440796576338,"10,217",Not yet rated,NULL,N/A
FSFG,$30.07,1440796576375,71,Not yet rated,NULL,N/A
FSGI,$2.47,1440796576550,"12,130",Not yet rated,NULL,N/A
FMBI,$17.43,1440796576577,"263,235",Not yet rated,NULL,$20
FSLR,$47.8,1440796576598,"1,184,744",72% bullish,of 39 ratings,$65
FSBK,$7.82,1440796576746,"5,412",100% bullish,of 1 rating,N/A
BICK,$19.69,1440796576793,"1,428",100% bullish,of 1 rating,N/A
FBZ,$10.144,1440796576926,600,Not yet rated,NULL,N/A
FCA,$20.44,1440796576999,"2,300",Not yet rated,NULL,N/A
FV,$23.71,1440796577056,"1,935,175",100% bearish,of 1 rating,N/A
FTCS,$36.63,1440796577130,"18,232",100% bearish,of 1 rating,N/A
FCAN,$24.6,1440796577190,"6,052",Not yet rated,NULL,N/A
IFV,$17.88,1440796577261,"555,778",100% bearish,of 1 rating,N/A
MDIV,$19.23,1440796577356,"128,525",Not yet rated,NULL,N/A
FEMB,NULL,1440796577386,0,Not yet rated,NULL,N/A
FTSM,$59.85,1440796577411,"7,169",100% bearish,of 1 rating,N/A
FEUZ,$31.5,1440796577432,"1,405",Not yet rated,NULL,N/A
TDIV,$24.9,1440796577462,"74,537",100% bearish,of 1 rating,N/A
FGM,$35.58,1440796577650,"2,324",Not yet rated,NULL,N/A
FTGC,$22.39,1440796577755,"76,491",Not yet rated,NULL,N/A
FTHI,$19.5399,1440796577780,640,Not yet rated,NULL,N/A
FHK,$33.3,1440796577839,"2,363",Not yet rated,NULL,N/A
HYLS,$49.53,1440796577866,"35,104",100% bearish,of 1 rating,N/A
FPXI,$27.29,1440796578043,500,Not yet rated,NULL,N/A
FTLB,$19.3188,1440796578231,"3,260",100% bearish,of 1 rating,N/A
FJP,$47.81,1440796578261,"59,841",Not yet rated,NULL,N/A
YDIV,$16.5742,1440796578281,"3,515",Not yet rated,NULL,N/A
CU,$13.21,1440796578314,"7,015",100% bearish,of 1 rating,N/A
QABA,$37.18,1440796578365,"8,586",100% bearish,of 1 rating,N/A
SKYY,$29.18,1440796578496,"46,046",100% bullish,of 1 rating,N/A
FMB,$51.23,1440796578526,415,Not yet rated,NULL,N/A
PLTM,$6.38,1440796578547,"6,702",100% bearish,of 1 rating,N/A
LMBS,$49.77,1440796578636,"5,298",Not yet rated,NULL,N/A
CIBR,$18.04,1440796578716,"51,388",Not yet rated,NULL,N/A
FONE,$35.29,1440796578846,950,Not yet rated,NULL,N/A
QCLN,$15.18,1440796578942,"16,517",Not yet rated,NULL,N/A
RDVY,$21.17,1440796579196,"2,849",Not yet rated,NULL,N/A
CARZ,$35.05,1440796579228,"1,904",100% bearish,of 1 rating,N/A
QQEW,$42.1,1440796579277,"52,287",Not yet rated,NULL,N/A
AIRR,$16.4,1440796579327,"2,252",100% bearish,of 1 rating,N/A
QQXT,$40.74,1440796579406,"18,704",Not yet rated,NULL,N/A
QTEC,$40.33,1440796579431,"26,311",Not yet rated,NULL,N/A
GRID,$33.09,1440796579493,705,100% bearish,of 1 rating,N/A
QINC,$20.2999,1440796579604,663,Not yet rated,NULL,N/A
FTSL,$48.74,1440796579679,"110,156",100% bearish,of 1 rating,N/A
FKO,NULL,1440796579706,0,Not yet rated,NULL,N/A
FDIV,$46.09,1440796579733,302,100% bearish,of 1 rating,N/A
FSZ,$39.19,1440796579788,"3,866",Not yet rated,NULL,N/A
FTW,$31.91,1440796579937,230,Not yet rated,NULL,N/A
SVVC,$9.43,1440796580122,"11,779",50% bullish,of 2 ratings,$26
FUNC,$8.12,1440796580166,"2,091",Not yet rated,NULL,N/A
FMER,$17.81,1440796580205,"731,124",50% bullish,of 2 ratings,$20
TUSA,$25.08,1440796580232,300,Not yet rated,NULL,N/A
FKU,$41.82,1440796580256,"5,183",Not yet rated,NULL,N/A
FSV,$31.41,1440796580280,"12,183",Not yet rated,NULL,$33.60
FPRX,$19.37,1440796580455,"177,840",50% bullish,of 2 ratings,$35
FIVN,$4.03,1440796580554,"81,303",100% bullish,of 1 rating,$8.50
FISV,$86.78,1440796580606,"802,788",100% bearish,of 3 ratings,$90
SKOR,$50.3,1440796580738,"2,349",Not yet rated,NULL,N/A
FLXN,$25.29,1440796580764,"49,036",100% bearish,of 1 rating,$40
FIVE,$38.5,1440796580786,"860,602",75% bearish,of 4 ratings,$44
FLML,$21.9746,1440796580820,"90,829",50% bullish,of 2 ratings,$30
FLKS,$12.41,1440796580922,"26,992",50% bullish,of 2 ratings,$27
MBSD,$25.02,1440796581055,"14,451",Not yet rated,NULL,N/A
FLXS,$32.15,1440796581124,"13,502",100% bearish,of 2 ratings,N/A
FFIC,$19.73,1440796581187,"77,431",Not yet rated,NULL,$21
FLDM,$11.7,1440796581213,"260,257",67% bearish,of 3 ratings,$15
FLEX,$10.6,1440796581240,"1,115,185",63% bullish,of 8 ratings,$12
FLIR,$28.57,1440796581440,"1,032,100",100% bearish,of 1 rating,$38.50
FOGO,$19.23,1440796581500,"34,672",50% bullish,of 2 ratings,$25.50
FONR,$9.7,1440796581579,"6,716",100% bullish,of 1 rating,N/A
FES,$0.9409,1440796581634,"94,182",50% bullish,of 2 ratings,$1
FOMX,$10.18,1440796581683,"82,757",50% bullish,of 2 ratings,$23.50
FORM,$6.53,1440796581709,"253,899",67% bullish,of 3 ratings,$10.50
FORTY,$30.33,1440796581769,"1,000",100% bearish,of 1 rating,N/A
FORR,$31.88,1440796581846,"18,396",Not yet rated,NULL,N/A
FBIO,$2.88,1440796582060,"79,815",83% bullish,of 6 ratings,N/A
FTNT,$42.96,1440796582085,"603,333",80% bullish,of 10 ratings,$52
FORD,$1.64,1440796582113,"1,751,640",67% bullish,of 3 ratings,N/A
FWP,$27.02,1440796582146,"15,503",100% bearish,of 1 rating,$45
FWRD,$45.16,1440796582310,"186,984",100% bearish,of 1 rating,$50
FXCB,$17.02,1440796582349,"34,723",Not yet rated,NULL,$19
FMI,$23.8,1440796582400,"312,031",100% bearish,of 2 ratings,$27.50
FRAN,$11.17,1440796582594,"366,392",50% bullish,of 4 ratings,$15
FELE,$29.23,1440796582622,"216,658",50% bullish,of 4 ratings,$33
FOXF,$15.18,1440796582651,"24,155",100% bearish,of 1 rating,$19
FOSL,$61.6,1440796582854,"709,887",60% bearish,of 5 ratings,$80
FRED,$13.06,1440796582879,"248,657",50% bullish,of 2 ratings,$16
FREE,$0.378,1440796583131,"370,595",92% bullish,of 12 ratings,N/A
FRPT,$13.06,1440796583157,"298,368",67% bearish,of 3 ratings,$23.50
RAIL,$20.73,1440796583206,"70,803",100% bearish,of 1 rating,$24.50
FEIM,$11,1440796583231,"3,049",100% bearish,of 1 rating,N/A
FSBW,$23.2,1440796583455,991,Not yet rated,NULL,N/A
FTR,$5.08,1440796583539,"11,162,634",78% bullish,of 27 ratings,$6.25
FULL,$3.1,1440796583620,"30,227",67% bearish,of 3 ratings,$4.25
FULLL,$24.9101,1440796583673,200,Not yet rated,NULL,N/A
FSYS,$6.63,1440796583703,"30,772",67% bullish,of 3 ratings,$10
FTD,$29.27,1440796583729,"102,153",100% bearish,of 1 rating,$40
FTRPR,$100.8,1440796583805,"53,474",100% bearish,of 1 rating,N/A
FCEL,$0.8,1440796583874,"1,501,071",88% bullish,of 41 ratings,$2.65
FTEK,$2.04,1440796583899,"51,368",75% bullish,of 4 ratings,N/A
FRPH,$31.17,1440796583945,"5,010",100% bearish,of 1 rating,N/A
FULT,$12.08,1440796584172,"624,848",100% bearish,of 1 rating,$13
FXENP,$15.76,1440796584361,"1,000",100% bearish,of 1 rating,N/A
FSNN,$2.18,1440796584386,"1,562",67% bullish,of 3 ratings,$6
FXEN,$0.87,1440796584413,"69,159",75% bullish,of 4 ratings,$1.10
WILC,$4.97,1440796584443,"6,120",100% bullish,of 2 ratings,N/A
FLL,$1.51,1440796584539,"10,264",75% bullish,of 4 ratings,$3.50
GK,$67.55,1440796584605,"59,942",Not yet rated,NULL,$78
FFHL,$1.05,1440796584640,"18,397",50% bullish,of 4 ratings,N/A
GLPG,$60.49,1440796584702,"13,297",100% bullish,of 1 rating,$75
GALTU,NULL,1440796584790,0,100% bearish,of 1 rating,N/A
GALT,$1.96,1440796584830,"30,257",80% bullish,of 5 ratings,N/A
GALTW,NULL,1440796584896,0,100% bullish,of 1 rating,N/A
GAIA,$5.9,1440796584922,"7,898",50% bullish,of 2 ratings,$8.50
GPIC,$9.64,1440796585219,710,100% bearish,of 1 rating,N/A
GLPI,$31.5863,1440796585253,"324,483",100% bearish,of 1 rating,$37.50
GLMD,$8.81,1440796585351,"11,506",67% bullish,of 3 ratings,$20.50
GGACR,$0.3,1440796585376,"49,683",100% bullish,of 1 rating,N/A
GGACU,$10.27,1440796585435,"22,044",Not yet rated,NULL,N/A
GALE,$1.5,1440796585461,"789,696",89% bullish,of 47 ratings,$4
GGACW,$0.14,1440796585650,"11,300",Not yet rated,NULL,N/A
GGAC,$9.89,1440796585682,"10,419",100% bearish,of 1 rating,N/A
GNCMA,$16.99,1440796585708,"119,943",100% bearish,of 1 rating,$12
GRMN,$37.99,1440796585738,"966,815",50% bullish,of 6 ratings,$46.50
GENC,$9.16,1440796585790,"11,573",100% bearish,of 1 rating,N/A
GFN,$3.95,1440796585843,"17,699",100% bearish,of 2 ratings,$8
GFNCP,$93.89,1440796585928,350,Not yet rated,NULL,N/A
GARS,$14.21,1440796585982,"22,022",Not yet rated,NULL,$16
GENE,$2.29,1440796586084,"182,762",100% bullish,of 12 ratings,N/A
GFNSL,$25.6,1440796586111,700,Not yet rated,NULL,N/A
GNMK,$10.02,1440796586244,"195,594",67% bullish,of 6 ratings,$14
GHDX,$27.75,1440796586376,"193,234",50% bullish,of 2 ratings,$30
GNCA,$12.21,1440796586397,"103,358",100% bearish,of 1 rating,$20
GNVC,$2.51,1440796586482,"10,917",90% bullish,of 10 ratings,$8.50
GNTX,$15.53,1440796586528,"1,032,543",Not yet rated,NULL,$20
GERN,$3.23,1440796586612,"1,137,894",88% bullish,of 16 ratings,$5.25
THRM,$46.44,1440796586768,"366,550",75% bearish,of 4 ratings,$55.50
GEOS,$16.71,1440796586803,"121,126",100% bearish,of 3 ratings,$21
GTWN,NULL,1440796586831,0,Not yet rated,NULL,N/A
GEVO,$2.33,1440796586900,"332,274",75% bullish,of 12 ratings,$5
ROCK,$16.51,1440796586926,"136,353",80% bullish,of 5 ratings,$24
GIGM,$0.5201,1440796586964,"76,762",100% bullish,of 2 ratings,N/A
GABC,$29,1440796586989,"15,081",Not yet rated,NULL,$31
GIGA,$1.42,1440796587187,"2,675",100% bearish,of 1 rating,N/A
GIII,$68.14,1440796587213,"175,109",67% bullish,of 3 ratings,$75
GILT,$4.3001,1440796587291,"1,700",50% bullish,of 2 ratings,N/A
GILD,$107.8,1440796587378,"5,964,697",91% bullish,of 87 ratings,$129
GOOD,$14.64,1440796587723,"72,029",Not yet rated,NULL,$19
GLAD,$8.8,1440796587753,"171,130",50% bullish,of 2 ratings,$8.75
GOODP,NULL,1440796587787,0,Not yet rated,NULL,N/A
GBCI,$25.66,1440796587809,"245,507",50% bullish,of 2 ratings,$31
GLADO,$25.59,1440796587838,"1,700",Not yet rated,NULL,N/A
GOODN,$25.407,1440796587884,400,Not yet rated,NULL,N/A
GOODO,$25,1440796587909,30,Not yet rated,NULL,N/A
GAIN,$7.47,1440796587973,"107,125",100% bullish,of 2 ratings,$8.25
GAINO,$25.1728,1440796588179,490,Not yet rated,NULL,N/A
GAINN,$25.01,1440796588214,"56,593",Not yet rated,NULL,N/A
GAINP,$25.9,1440796588310,620,Not yet rated,NULL,N/A
GBT,$45.44,1440796588459,"73,753",100% bearish,of 1 rating,N/A
ENT,$11.77,1440796588487,"71,245",100% bearish,of 1 rating,$18
LAND,$9.16,1440796588508,"48,601",50% bullish,of 2 ratings,$13.75
GDEF,$10.53,1440796588529,600,Not yet rated,NULL,N/A
GLBZ,NULL,1440796588663,0,Not yet rated,NULL,N/A
GBLI,$26.99,1440796588700,"11,669",Not yet rated,NULL,N/A
GPACU,NULL,1440796588725,0,Not yet rated,NULL,N/A
GSOL,$8.0275,1440796588937,"18,239",100% bearish,of 1 rating,N/A
SOCL,$17.82,1440796588966,"24,218",100% bullish,of 2 ratings,N/A
ACTX,NULL,1440796588995,0,100% bullish,of 1 rating,N/A
QQQC,$19.67,1440796589020,"3,061",100% bearish,of 1 rating,N/A
SRET,$13.25,1440796589301,"1,014",Not yet rated,NULL,N/A
GAI,$5.9,1440796589432,"1,400",50% bullish,of 2 ratings,N/A
ALTY,$14.44,1440796589464,600,Not yet rated,NULL,N/A
YLCO,$11.95,1440796589491,"1,396",Not yet rated,NULL,N/A
GSM,$13.47,1440796589563,"403,698",50% bullish,of 2 ratings,$22
GLBS,NULL,1440796589626,0,67% bullish,of 3 ratings,N/A
GLUU,$4.53,1440796589701,"786,373",92% bullish,of 26 ratings,$9
GBIM,$2.29,1440796589729,"19,199",50% bullish,of 2 ratings,N/A
GOGO,$15.67,1440796589856,"431,299",80% bullish,of 5 ratings,$25
GLYC,$7.05,1440796589883,"16,674",50% bullish,of 2 ratings,$14
GMLP,$18.86,1440796589965,"223,814",50% bullish,of 4 ratings,$32.50
GLRI,$1.01,1440796590019,"23,180",100% bearish,of 1 rating,$4.25
GLDC,$4,1440796590049,"5,513",50% bullish,of 2 ratings,N/A
GLNG,$38.2739,1440796590161,"963,948",83% bullish,of 6 ratings,$58
GDEN,$8.96,1440796590294,"13,852",50% bullish,of 2 ratings,N/A
GOGL,$3.14,1440796590330,"220,227",75% bullish,of 4 ratings,$5
GTIM,$7.03,1440796590355,"31,867",Not yet rated,NULL,$11.50
GOOG,$630,1440796590379,"1,041,401",89% bullish,of 70 ratings,$825
GOOGL,$659,1440796590541,"1,023,573",88% bullish,of 1081 ratings,$749
GPRO,$48.22,1440796590677,"3,254,095",78% bullish,of 58 ratings,$72
GPIAU,NULL,1440796590865,0,Not yet rated,NULL,N/A
GPIAW,NULL,1440796590891,0,Not yet rated,NULL,N/A
GMAN,$3.73,1440796590922,"210,604",60% bullish,of 5 ratings,$8.50
LOPE,$37.48,1440796590948,"89,001",100% bearish,of 2 ratings,$50
GBDC,$16.66,1440796590973,"111,261",Not yet rated,NULL,$17.75
GPIA,$9.84,1440796591027,190,Not yet rated,NULL,N/A
GBSNU,NULL,1440796591217,0,NULL,NULL,NULL
GBSN,$0.364,1440796591278,"4,055,247",50% bullish,of 2 ratings,$8.25
GLDD,$5.42,1440796591365,"86,319",100% bearish,of 4 ratings,$7.75
GRVY,$3.16,1440796591394,125,50% bullish,of 2 ratings,N/A
GSBC,$39.87,1440796591415,"19,620",100% bullish,of 1 rating,$44
GNBC,$11.86,1440796591443,"12,906",100% bearish,of 1 rating,$16.50
GPRE,$20.55,1440796591675,"1,091,427",67% bullish,of 6 ratings,$28.50
GRBK,$11.95,1440796591750,"113,049",77% bullish,of 13 ratings,N/A
GCBC,NULL,1440796591806,0,100% bullish,of 1 rating,N/A
GRFS,$30.5748,1440796591849,"206,103",50% bullish,of 2 ratings,$35
GRIF,$32.61,1440796591892,308,100% bearish,of 1 rating,N/A
GRPN,$4.6,1440796591936,"5,949,156",61% bullish,of 71 ratings,$6.75
GPP,$13.7,1440796591962,"33,561",Not yet rated,NULL,$20.50
OMAB,$40.81,1440796592095,"12,578",100% bullish,of 1 rating,$44
GLRE,$24.99,1440796592125,"161,684",50% bullish,of 2 ratings,$41
GGAL,$19.4858,1440796592231,"118,461",80% bullish,of 5 ratings,$40
GSIT,$4.62,1440796592366,"8,389",100% bearish,of 1 rating,N/A
GSIG,$12.99,1440796592394,"26,470",100% bearish,of 2 ratings,N/A
GTXI,$0.874,1440796592493,"20,930",100% bullish,of 5 ratings,$.75
GSVC,$8.72,1440796592536,"82,010",50% bullish,of 2 ratings,$14.50
GFED,$14.67,1440796592598,779,Not yet rated,NULL,$17
GUID,$7.28,1440796592734,"42,026",100% bearish,of 3 ratings,$10
GBNK,$15.79,1440796592760,"18,291",100% bearish,of 1 rating,$18
GIFI,$12.46,1440796592784,"46,325",100% bearish,of 1 rating,$16
GURE,$1.67,1440796592819,"85,776",88% bullish,of 8 ratings,N/A
GULTU,$0.3001,1440796592923,"1,330,535",100% bearish,of 1 rating,N/A
GWPH,$109.33,1440796592965,"112,738",78% bullish,of 9 ratings,$148.50
GPOR,$35.04,1440796592996,"1,494,164",75% bullish,of 4 ratings,$55
GWGH,$7.74,1440796593099,"1,171",100% bearish,of 1 rating,$15.05
GYRO,$2.84,1440796593175,"6,150",100% bearish,of 1 rating,N/A
HEES,$18.69,1440796593258,"314,064",67% bearish,of 3 ratings,$31
HNRG,$7.69,1440796593464,"67,708",100% bearish,of 1 rating,$10
HLG,$9.5,1440796593491,"2,247",100% bearish,of 1 rating,N/A
HALO,$18.41,1440796593522,"771,518",67% bullish,of 3 ratings,$22.50
HALL,$11.41,1440796593544,"17,778",Not yet rated,NULL,N/A
HBK,$13.67,1440796593622,713,50% bullish,of 2 ratings,N/A
HBHC,$27.4,1440796593678,"558,474",50% bullish,of 2 ratings,$30
HBHCL,$24.39,1440796593704,"26,203",Not yet rated,NULL,N/A
HMPR,$1.87,1440796593840,"27,659",100% bullish,of 1 rating,N/A
HNH,$25.45,1440796593866,"17,110",100% bullish,of 1 rating,N/A
HAFC,$23.98,1440796593896,"109,880",100% bullish,of 2 ratings,$28.50
HQCL,$12.9,1440796594027,"30,828",67% bullish,of 3 ratings,$14
HDNG,$10.04,1440796594090,"11,625",50% bullish,of 4 ratings,N/A
HLIT,$5.79,1440796594238,"246,263",100% bearish,of 1 rating,$6.50
HRMNU,NULL,1440796594369,0,Not yet rated,NULL,N/A
HNSN,$0.56,1440796594436,"56,801",88% bullish,of 8 ratings,$.40
TINY,$2.48,1440796594461,"19,385",50% bullish,of 2 ratings,$5.26
HART,$1.04,1440796594522,"103,690",100% bearish,of 1 rating,N/A
HRMNW,NULL,1440796594592,0,Not yet rated,NULL,N/A
HBIO,$4.28,1440796594620,"35,954",100% bearish,of 1 rating,$10
HCAP,$12.15,1440796594650,"4,513",50% bullish,of 2 ratings,$15
HRMN,NULL,1440796594677,0,Not yet rated,NULL,N/A
HAS,$75.51,1440796594753,"715,928",63% bullish,of 8 ratings,$84.50
HWKN,$37.33,1440796594949,"28,446",Not yet rated,NULL,N/A
HCAPL,$25.7399,1440796594973,400,Not yet rated,NULL,N/A
HA,$22.91,1440796595033,"540,918",67% bullish,of 9 ratings,$27
HWBK,$13.24,1440796595108,100,100% bearish,of 1 rating,N/A
HAYN,$38.31,1440796595192,"42,900",100% bearish,of 1 rating,$59
HCOM,$21.82,1440796595239,"31,985",100% bearish,of 1 rating,$28
HIIQ,$5.17,1440796595374,"32,371",50% bullish,of 2 ratings,$7
HQY,$29.51,1440796595450,"115,451",67% bullish,of 3 ratings,$32
HDS,$32.94,1440796595476,"1,196,871",100% bearish,of 2 ratings,$39.50
HTLD,$20.55,1440796595505,"341,001",Not yet rated,NULL,$22.50
HSTM,$25.36,1440796595610,"85,370",50% bullish,of 2 ratings,$33.75
HCSG,$33.32,1440796595780,"191,852",50% bullish,of 4 ratings,$35
HTLF,$35.88,1440796595990,"18,551",100% bullish,of 1 rating,$39.50
HTWR,$86.25,1440796596015,"147,034",50% bullish,of 2 ratings,$103
HSII,$19.62,1440796596066,"52,553",100% bullish,of 3 ratings,$25
HELE,$85.56,1440796596163,"103,241",67% bearish,of 3 ratings,$100
HWAY,$11.95,1440796596233,"278,697",100% bearish,of 1 rating,$15
HTBX,$5.16,1440796596294,"3,070",50% bullish,of 2 ratings,$15.50
HMTV,$13.72,1440796596329,"12,932",100% bearish,of 1 rating,$16
HMNY,$2.19,1440796596433,300,100% bearish,of 1 rating,N/A
HNNA,$24.865,1440796596463,"10,548",Not yet rated,NULL,N/A
HSIC,$139.4,1440796596490,"342,416",83% bullish,of 6 ratings,$146
HERO,NULL,1440796596615,0,NULL,NULL,NULL
HCACU,$9.98,1440796596694,"100,000",Not yet rated,NULL,N/A
HEOP,$7.66,1440796596870,"15,820",Not yet rated,NULL,$8.50
HCCI,$11.25,1440796596895,"42,055",100% bearish,of 1 rating,$16.50
HTBK,$10.63,1440796596923,"33,812",Not yet rated,NULL,$12
HFWA,$17.59,1440796596948,"71,544",100% bullish,of 1 rating,$20
HRTX,$35.46,1440796597080,"219,447",67% bullish,of 6 ratings,$41
MLHR,$26.99,1440796597137,"310,038",50% bullish,of 2 ratings,$33.50
HFFC,$15.77,1440796597243,"5,478",Not yet rated,NULL,N/A
HPJ,$2.21,1440796597291,"29,621",75% bullish,of 4 ratings,$12.43
HIHO,$3.81,1440796597316,"6,096",Not yet rated,NULL,N/A
HIMX,$6.906,1440796597508,"915,996",86% bullish,of 21 ratings,$8.50
HSKA,$33.74,1440796597533,"20,659",100% bearish,of 1 rating,$38
HIBB,$38.87,1440796597558,"223,423",100% bearish,of 1 rating,$46.50
HSGX,$6.05,1440796597585,"3,574",100% bearish,of 1 rating,$17
HIFS,$115.91,1440796597758,"1,151",Not yet rated,NULL,N/A
HMSY,$10.47,1440796597821,"809,768",67% bullish,of 3 ratings,$19.35
HMNF,$11.32,1440796597902,"2,016",Not yet rated,NULL,N/A
HOLI,$17.78,1440796597955,"94,603",50% bullish,of 4 ratings,$27
HOMB,$37.97,1440796598100,"222,036",Not yet rated,NULL,$42
HOLX,$39.76,1440796598137,"1,449,945",67% bullish,of 3 ratings,$42
HBCP,$24.71,1440796598310,"2,436",Not yet rated,NULL,$29
HMIN,$26.7,1440796598345,"59,584",100% bearish,of 2 ratings,$35
HMST,$21.84,1440796598408,"74,855",100% bullish,of 2 ratings,$27
HFBL,$21.62,1440796598438,536,Not yet rated,NULL,N/A
AWAY,$29.19,1440796598465,"431,994",67% bullish,of 3 ratings,$36
HKTV,$4.76,1440796598539,200,100% bearish,of 1 rating,N/A
HTBI,$18.18,1440796598673,"26,626",67% bullish,of 3 ratings,$18.625
CETC,$0.76,1440796598731,"165,443",86% bullish,of 7 ratings,N/A
HFBC,$11.22,1440796598863,"3,150",Not yet rated,NULL,N/A
HOFT,$23.78,1440796598891,"18,879",100% bearish,of 1 rating,N/A
HZNP,$30.48,1440796598918,"1,069,487",85% bullish,of 20 ratings,$40
HRZN,$10.33,1440796598943,"33,944",50% bullish,of 2 ratings,$14.25
HBNC,$23.57,1440796599147,"12,027",100% bullish,of 1 rating,$27
ZINC,$7.85,1440796599254,"597,280",100% bearish,of 1 rating,$17
HWCC,$7.5,1440796599333,"82,097",100% bearish,of 1 rating,$9
HOVNP,$4.54,1440796599360,"1,000",100% bearish,of 1 rating,N/A
HSNI,$62.38,1440796599393,"170,632",Not yet rated,NULL,$80
HDP,$24.18,1440796599415,"194,225",67% bearish,of 3 ratings,$30.50
HBMD,$14.24,1440796599446,809,100% bearish,of 1 rating,N/A
HMHC,$22.7,1440796599496,"467,940",Not yet rated,NULL,$27
HTGM,$5.69,1440796599743,"4,024",100% bearish,of 1 rating,$19.50
HCBK,$9.36,1440796599805,"1,263,712",83% bullish,of 6 ratings,$8.61
HSON,$2.55,1440796599841,"22,082",100% bearish,of 1 rating,$5
HUBG,$37.06,1440796599868,"387,683",100% bearish,of 1 rating,$43
HBANP,NULL,1440796600014,0,100% bearish,of 1 rating,N/A
HDSN,$3.11,1440796600041,"27,087",100% bullish,of 1 rating,$6.25
HBAN,$10.91,1440796600066,"5,203,375",76% bullish,of 17 ratings,$12.29
HURN,$73.36,1440796600197,"75,680",50% bullish,of 2 ratings,$80
HURC,$30.35,1440796600227,"11,794",100% bearish,of 1 rating,N/A
HTCH,$1.56,1440796600329,"94,983",100% bearish,of 1 rating,$3.50
HDRAR,NULL,1440796600459,0,Not yet rated,NULL,N/A
HDRAU,NULL,1440796600493,0,Not yet rated,NULL,N/A
HBP,$3.11,1440796600519,"3,775",100% bullish,of 1 rating,N/A
HDRA,NULL,1440796600543,0,Not yet rated,NULL,N/A
HDRAW,NULL,1440796600601,0,Not yet rated,NULL,N/A
HYGS,$9.55,1440796600887,"29,871",50% bullish,of 2 ratings,$13
IKGH,$1.8,1440796600912,"10,231",75% bullish,of 4 ratings,N/A
IDSY,$3.91,1440796600975,"6,108",100% bearish,of 1 rating,$7
IACI,$71.44,1440796601109,"445,254",75% bullish,of 4 ratings,$90
IBKC,$60.36,1440796601137,"111,938",100% bullish,of 1 rating,$70
ICAD,$3.9,1440796601183,"83,344",100% bullish,of 2 ratings,$7.25
ICFI,$34.04,1440796601208,"48,356",50% bullish,of 2 ratings,$48.50
ICON,$13.52,1440796601287,"466,663",50% bullish,of 2 ratings,$18.50
ICLR,$77.9507,1440796601466,"266,641",100% bearish,of 3 ratings,$85
IEP,$74.24,1440796601499,"59,662",75% bullish,of 4 ratings,$99
IPWR,$7.28,1440796601596,"4,444",100% bullish,of 1 rating,$15
ICUI,$113.92,1440796601626,"46,176",Not yet rated,NULL,$122
IDRA,$2.92,1440796601653,"601,438",89% bullish,of 9 ratings,$6.50
INVE,$4.4,1440796601730,"78,490",75% bullish,of 4 ratings,$4
IDXX,$73.21,1440796601911,"346,348",100% bearish,of 1 rating,$77
RXDX,$13.82,1440796602066,"155,513",100% bullish,of 1 rating,$20
IRG,$4.78,1440796602093,"23,310",100% bearish,of 1 rating,$4.25
DSKY,$10.9914,1440796602118,"128,718",67% bullish,of 6 ratings,$11.50
KANG,$15.8182,1440796602156,"226,303",50% bullish,of 2 ratings,$22.55
IROQ,$16.7,1440796602250,300,100% bullish,of 1 rating,N/A
IIVI,$16.89,1440796602282,"155,141",100% bearish,of 1 rating,$22
IKAN,$2.72,1440796602382,"4,738",83% bullish,of 6 ratings,$5
ISNS,$4,1440796602489,"15,572",50% bullish,of 2 ratings,N/A
IKNX,NULL,1440796602522,0,100% bearish,of 1 rating,N/A
IMMR,$11.81,1440796602548,"72,756",80% bullish,of 5 ratings,$15.50
ILMN,$201.49,1440796602629,"782,267",80% bullish,of 5 ratings,$245
IMDZ,$16.61,1440796602679,"27,500",100% bearish,of 1 rating,$33
ICCC,$7.21,1440796602762,"13,479",100% bullish,of 1 rating,N/A
IMNP,$1.36,1440796602980,"30,681",50% bullish,of 2 ratings,$6
IMMU,$2.16,1440796603013,"703,998",86% bullish,of 7 ratings,$2
IMMY,$7.69,1440796603059,"4,471",100% bearish,of 1 rating,$11
IPXL,$42.4,1440796603114,"457,825",67% bullish,of 3 ratings,$46.50
SAAS,$7.64,1440796603244,"242,260",50% bullish,of 2 ratings,$15
IMGN,$14.28,1440796603376,"955,380",75% bullish,of 4 ratings,$17.50
INCR,$42.01,1440796603410,"221,716",50% bullish,of 2 ratings,$53
IBCP,$14.16,1440796603503,"93,148",100% bullish,of 1 rating,$14.50
IDSA,$3.6,1440796603539,"2,730",Not yet rated,NULL,N/A
INCY,$119.9,1440796603568,"1,091,692",50% bullish,of 6 ratings,$125.50
IBTX,$41.49,1440796603618,"14,876",100% bullish,of 2 ratings,$47.25
INDB,$44.5,1440796603648,"202,363",Not yet rated,NULL,$44
INFN,$22.29,1440796603747,"1,022,680",71% bullish,of 7 ratings,$28
INFI,$9.28,1440796603933,"337,361",50% bullish,of 4 ratings,$18
IFON,$1.21,1440796604001,"24,493",75% bullish,of 4 ratings,N/A
III,$3.89,1440796604027,"95,856",57% bullish,of 7 ratings,$6
IPCC,$77.31,1440796604048,"22,807",Not yet rated,NULL,$77.50
INWK,$7.09,1440796604178,"56,331",50% bullish,of 2 ratings,$10
IMKTA,$50.28,1440796604212,"51,886",100% bearish,of 1 rating,N/A
INNL,$12.78,1440796604388,"1,348",100% bearish,of 1 rating,$16.50
IOSP,$48.17,1440796604423,"185,737",100% bearish,of 1 rating,N/A
IPHS,$48.24,1440796604445,"75,518",100% bearish,of 1 rating,$60
ISSC,$2.78,1440796604524,"4,200",67% bearish,of 3 ratings,N/A
INOD,$2.38,1440796604552,"4,694",100% bearish,of 1 rating,N/A
INOV,$21.73,1440796604689,"735,420",100% bearish,of 1 rating,$33
ITEK,$12.15,1440796604743,"249,011",100% bearish,of 3 ratings,$20
INGN,$49.78,1440796604768,"219,266",100% bearish,of 1 rating,$50.50
INO,$7.73,1440796604822,"1,633,751",89% bullish,of 18 ratings,$20
NSIT,$25.8,1440796604981,"111,626",50% bullish,of 2 ratings,N/A
ISIG,$2.71,1440796605006,"10,879",100% bearish,of 1 rating,N/A
INSM,$25.69,1440796605209,"271,347",71% bullish,of 7 ratings,$31.50
NTEC,$5.75,1440796605234,"8,105",100% bearish,of 1 rating,N/A
PODD,$29.71,1440796605264,"209,947",67% bearish,of 3 ratings,$35
IIIN,$17.07,1440796605285,"16,380",100% bearish,of 2 ratings,N/A
IDTI,$19.09,1440796605513,"1,455,851",60% bullish,of 5 ratings,$25
INSY,$33.83,1440796605548,"270,702",75% bullish,of 4 ratings,$48
ISSI,$21.94,1440796605641,"133,663",67% bullish,of 3 ratings,$19.75
IART,$60.79,1440796605667,"177,967",100% bearish,of 2 ratings,$71.50
INTC,$28.42,1440796605693,"25,662,516",82% bullish,of 238 ratings,$36
IQNT,$18.59,1440796605723,"151,264",86% bullish,of 7 ratings,$20
IESC,$7.02,1440796605752,"2,580",100% bearish,of 1 rating,N/A
IPCI,$2.31,1440796605884,"76,615",67% bullish,of 6 ratings,$8
IPAR,$25.63,1440796606086,"79,920",67% bullish,of 3 ratings,$38
IBKR,$40.2881,1440796606112,"605,394",100% bullish,of 1 rating,N/A
ICPT,$189.4643,1440796606162,"96,157",70% bullish,of 10 ratings,$359.50
ICLD,$1.85,1440796606242,"103,348",75% bullish,of 4 ratings,N/A
IDCC,$47.5,1440796606375,"174,555",80% bullish,of 5 ratings,$63
ININ,$36.15,1440796606404,"85,150",67% bearish,of 3 ratings,$57
ICLDW,NULL,1440796606424,0,100% bearish,of 1 rating,N/A
TILE,$23.94,1440796606453,"431,058",100% bearish,of 3 ratings,$27
IMI,$2.13,1440796606590,"10,493",67% bullish,of 3 ratings,$2.22
INAP,$8.05,1440796606636,"239,819",75% bullish,of 4 ratings,$11
ISCA,$31.97,1440796606723,"101,605",100% bearish,of 1 rating,N/A
IIJI,$10,1440796606878,40,50% bullish,of 2 ratings,$11.50
IGLD,$6.97,1440796606910,400,50% bullish,of 2 ratings,N/A
IBOC,$25.15,1440796606931,"154,160",100% bearish,of 1 rating,N/A
PTNT,$2.91,1440796606960,"2,723",Not yet rated,NULL,N/A
INPH,$0.32,1440796607014,"162,928",50% bullish,of 2 ratings,N/A
XENT,$25.35,1440796607124,"141,556",50% bullish,of 2 ratings,$36.50
INTX,$2.03,1440796607253,"97,223",67% bullish,of 3 ratings,N/A
IILG,$19.97,1440796607298,"103,268",100% bearish,of 1 rating,$29
ISIL,$10.61,1440796607330,"483,071",50% bullish,of 6 ratings,$15
INTLL,$26.09,1440796607388,850,Not yet rated,NULL,N/A
IVAC,$4.86,1440796607427,"23,655",100% bearish,of 1 rating,$6.625
INTL,$25.81,1440796607455,"62,769",67% bearish,of 3 ratings,N/A
ITCI,$26.96,1440796607586,"275,633",75% bearish,of 4 ratings,$40
IIN,$6.39,1440796607732,"2,100",100% bearish,of 1 rating,$12
ISRG,$514.24,1440796607776,"95,903",67% bullish,of 3 ratings,$600
INTU,$86.21,1440796607804,"1,895,063",86% bullish,of 7 ratings,$107.50
INVT,$0.303,1440796607869,"213,959",67% bullish,of 3 ratings,N/A
ISBC,$11.75,1440796608004,"972,204",100% bullish,of 1 rating,$13.25
ISTR,$15.6,1440796608033,841,100% bearish,of 1 rating,$18.50
SNAK,$8.68,1440796608079,"102,749",50% bullish,of 2 ratings,$14
NVIV,$9.66,1440796608213,"133,271",50% bullish,of 4 ratings,$24.50
ITIC,$71.15,1440796608246,"1,300",100% bearish,of 2 ratings,N/A
IVTY,$14.61,1440796608272,"17,056",Not yet rated,NULL,$18
IPAS,$1.09,1440796608348,"49,183",67% bullish,of 3 ratings,N/A
DFVL,NULL,1440796608427,0,Not yet rated,NULL,N/A
DTUL,NULL,1440796608485,0,Not yet rated,NULL,N/A
IPGP,$85.88,1440796608560,"250,042",100% bearish,of 2 ratings,$109.50
IRDM,$7.18,1440796608742,"400,499",60% bullish,of 5 ratings,$11.50
IRIX,$6.89,1440796608770,"7,546",100% bearish,of 1 rating,N/A
IRMD,$25.04,1440796608791,"11,245",67% bearish,of 3 ratings,$25
IPCM,$79.44,1440796608812,"119,808",50% bullish,of 2 ratings,$80.125
IRCP,NULL,1440796608979,0,100% bullish,of 2 ratings,N/A
IRDMB,$279.5,1440796609007,320,67% bearish,of 3 ratings,N/A
IRBT,$29.29,1440796609036,"166,490",67% bullish,of 6 ratings,$37
COMT,$33.62,1440796609167,"23,140",100% bearish,of 1 rating,N/A
IFAS,NULL,1440796609192,0,NULL,NULL,NULL
GNMA,$50.32,1440796609218,"3,187",Not yet rated,NULL,N/A
IRWD,$11.27,1440796609239,"1,082,384",100% bearish,of 1 rating,$13
FCHI,NULL,1440796609264,0,NULL,NULL,NULL
IFEU,$37.74,1440796609424,"4,879",Not yet rated,NULL,N/A
IFNA,NULL,1440796609456,0,NULL,NULL,NULL
AXJS,NULL,1440796609554,0,NULL,NULL,NULL
IFGL,$28.61,1440796609586,"191,698",Not yet rated,NULL,N/A
ACWX,$41.04,1440796609615,"692,879",100% bearish,of 1 rating,N/A
AAIT,NULL,1440796609654,0,NULL,NULL,NULL
AAXJ,$53.8559,1440796609681,"3,183,887",Not yet rated,NULL,N/A
ACWI,$56.3,1440796609716,"1,578,362",Not yet rated,NULL,N/A
EEME,NULL,1440796609852,0,NULL,NULL,NULL
EMDI,NULL,1440796609876,0,NULL,NULL,NULL
EGRW,NULL,1440796610071,0,NULL,NULL,NULL
EMEY,NULL,1440796610097,0,NULL,NULL,NULL
EEMA,$50.47,1440796610119,"37,087",Not yet rated,NULL,N/A
EEML,$27.61,1440796610171,"9,700",Not yet rated,NULL,N/A
EVAL,NULL,1440796610297,0,NULL,NULL,NULL
EUFN,$21.85,1440796610325,"73,493",100% bearish,of 1 rating,N/A
IEUS,$45.4,1440796610355,"5,456",100% bearish,of 1 rating,N/A
IBB,$353.51,1440796610454,"853,434",63% bullish,of 8 ratings,N/A
QAT,$21.6,1440796610484,600,Not yet rated,NULL,N/A
UAE,$18.63,1440796610583,"11,900",Not yet rated,NULL,N/A
SOXX,$83.25,1440796610625,"380,264",50% bullish,of 2 ratings,N/A
EMIF,$28.87,1440796610717,"8,923",Not yet rated,NULL,N/A
ICLN,$9.6,1440796610769,"14,518",50% bullish,of 2 ratings,N/A
ISHG,$79.35,1440796610914,"9,098",100% bearish,of 1 rating,N/A
INDY,$27.63,1440796610943,"140,732",50% bullish,of 2 ratings,N/A
IGOV,$90.85,1440796611054,"16,643",100% bearish,of 1 rating,N/A
WOOD,$48.3,1440796611082,"23,260",50% bullish,of 2 ratings,N/A
ISIS,$51.56,1440796611187,"781,005",53% bullish,of 15 ratings,$67
ISRL,$131.04,1440796611214,465,100% bearish,of 1 rating,N/A
ISLE,$17.63,1440796611242,"140,146",50% bullish,of 4 ratings,$16
ITRI,$30.03,1440796611378,"194,687",Not yet rated,NULL,$37
ITUS,$4.03,1440796611407,"7,850",Not yet rated,NULL,N/A
ITRN,$24.11,1440796611432,"1,416",50% bullish,of 2 ratings,N/A
IXYS,$11.14,1440796611566,"103,762",50% bullish,of 4 ratings,N/A
XXIA,$15.17,1440796611635,"472,050",71% bullish,of 7 ratings,$14.625
JJSF,$114.72,1440796611706,"29,311",100% bearish,of 1 rating,N/A
MAYS,$55.95,1440796611733,100,Not yet rated,NULL,N/A
JBHT,$73.51,1440796611777,"554,190",50% bullish,of 4 ratings,$89.50
JCOM,$69.71,1440796611804,"185,842",100% bullish,of 2 ratings,$77
JASO,$7.9,1440796611969,"747,475",82% bullish,of 17 ratings,$10
JKHY,$68.7938,1440796612075,"214,469",50% bullish,of 2 ratings,$72
JACK,$81.77,1440796612109,"189,732",83% bullish,of 6 ratings,$105
JXSB,NULL,1440796612138,0,Not yet rated,NULL,N/A
JAKK,$9.42,1440796612208,"492,606",60% bearish,of 5 ratings,$11
JAXB,$13.31,1440796612236,90,100% bullish,of 1 rating,N/A
JAGX,$3.44,1440796612344,"8,574",Not yet rated,NULL,N/A
JMBA,$13.95,1440796612370,"91,223",75% bullish,of 4 ratings,$18
JRVR,$26.79,1440796612413,"37,791",Not yet rated,NULL,$32
ERW,NULL,1440796612500,0,Not yet rated,NULL,N/A
JASN,$4.93,1440796612591,"23,503",50% bullish,of 2 ratings,$9.50
JASNW,NULL,1440796612630,0,50% bullish,of 2 ratings,N/A
JBLU,$22.295,1440796612760,"2,629,129",94% bullish,of 18 ratings,$27
JTPY,$2.95,1440796612855,100,100% bearish,of 1 rating,N/A
DATE,$5.92,1440796612887,"93,636",75% bullish,of 4 ratings,$9
JCTCF,NULL,1440796612988,0,100% bullish,of 1 rating,N/A
JST,$3.98,1440796613035,"7,252",75% bullish,of 4 ratings,N/A
JAZZ,$171.501,1440796613060,"167,566",80% bullish,of 15 ratings,$206.50
JD,$26.77,1440796613087,"4,905,314",75% bullish,of 16 ratings,$36
JIVE,$4.51,1440796613215,"258,687",75% bullish,of 4 ratings,$5
WYIGU,$10.2,1440796613241,6,Not yet rated,NULL,N/A
JOEZ,$0.17,1440796613262,"97,593",92% bullish,of 12 ratings,N/A
JBSS,$54.48,1440796613420,"71,680",67% bearish,of 3 ratings,N/A
JNP,$10.93,1440796613449,"25,559",100% bullish,of 3 ratings,$15
JOUT,$23.41,1440796613550,"5,196",100% bearish,of 1 rating,$34
JUNO,$38.0565,1440796613590,"680,645",73% bullish,of 11 ratings,$71.50
KTWO,$21.65,1440796613620,"84,969",100% bearish,of 1 rating,$28.50
KALU,$83.24,1440796613646,"129,573",67% bearish,of 3 ratings,$91
KBIO,$2.01,1440796613779,"19,373",50% bullish,of 4 ratings,N/A
KNDI,$6.72,1440796613826,"254,671",86% bullish,of 22 ratings,N/A
KMDA,$3.48,1440796613956,"19,288",50% bullish,of 2 ratings,$8
KCLI,$46.85,1440796614008,"26,651",Not yet rated,NULL,N/A
