Symbol,Price,Date,Volume,Rating,RatingVoteCount,OneYearEstimate
TFSCW,$0.3,1441728902668,"4,500",100% bearish,of 1 rating,N/A
FCTY,$7.88,1441728902715,212,100% bullish,of 1 rating,$8.50
FCCY,$11.56,1441728902750,100,100% bullish,of 1 rating,$13
PIH,$7.54,1441728902776,503,100% bearish,of 1 rating,N/A
TFSC,NULL,1441728902943,0,100% bearish,of 1 rating,N/A
SRCE,$30.66,1441728903082,"6,652",100% bullish,of 3 ratings,$33
TFSCR,$0.3723,1441728903175,"1,000",Not yet rated,NULL,N/A
FLWS,$8.58,1441728903227,"59,629",80% bullish,of 5 ratings,$15
DGLD,$82.99,1441728903251,"3,137",100% bullish,of 1 rating,N/A
TFSCU,NULL,1441728903280,0,Not yet rated,NULL,N/A
DSLV,$65.4915,1441728903305,"12,547",100% bearish,of 1 rating,N/A
VNET,$18.295,1441728903434,"148,863",60% bullish,of 5 ratings,$35
TWOU,$35.75,1441728903488,"88,478",50% bullish,of 2 ratings,$39
JOBS,$26.85,1441728903631,"37,497",50% bullish,of 4 ratings,$36
UGLD,$9.0457,1441728903673,"41,658",100% bearish,of 1 rating,N/A
USLV,$13.083,1441728903762,"131,292",86% bullish,of 7 ratings,N/A
SHLM,$32.24,1441728904011,"43,119",100% bearish,of 1 rating,$47
EGHT,$7.98,1441728904040,"62,603",82% bullish,of 17 ratings,$11
AVHI,$13.83,1441728904066,"2,243",100% bearish,of 1 rating,$19
SIXD,$2.78,1441728904143,"10,201",Not yet rated,NULL,N/A
CAFD,$14.3592,1441728904362,"55,473",Not yet rated,NULL,$24.50
AAON,$19.77,1441728904443,"16,366",100% bearish,of 1 rating,$24
ABEO,$4.83,1441728904475,"16,823",50% bullish,of 4 ratings,$15.50
ABEOW,$1.7101,1441728904507,100,100% bullish,of 1 rating,N/A
ABY,$20.39,1441728904535,"1,127,029",100% bearish,of 2 ratings,$46
ABGB,$5.7,1441728904593,"51,770",67% bullish,of 3 ratings,$5.50
ABAX,$48.1,1441728904620,"17,202",100% bearish,of 1 rating,$60
ABMD,$95.16,1441728904900,"154,576",75% bullish,of 4 ratings,$100.50
ACAD,$40.19,1441728904987,"238,786",80% bullish,of 20 ratings,$48
AXAS,$1.705,1441728905031,"327,387",78% bullish,of 9 ratings,$3.50
ACTG,$9.23,1441728905088,"102,077",67% bullish,of 3 ratings,$18.50
ACHC,$73.769,1441728905164,"106,987",50% bullish,of 2 ratings,$92
ANCX,$20.215,1441728905189,"11,481",Not yet rated,NULL,$20
ACST,$0.3002,1441728905347,"10,140",100% bullish,of 2 ratings,N/A
XLRN,$30.1,1441728905374,"56,118",50% bullish,of 2 ratings,$57
ACRX,$4.04,1441728905605,"338,906",67% bearish,of 6 ratings,$7
ACET,$22.87,1441728905631,"26,546",75% bullish,of 4 ratings,$30
VXUP,$1.5,1441728905652,"23,325",100% bearish,of 1 rating,N/A
VXDN,$1.895,1441728905679,"3,969",100% bearish,of 1 rating,N/A
ARAY,$6.6,1441728905712,"117,303",100% bearish,of 1 rating,$10.50
AXDX,$18.1,1441728905817,"40,783",100% bearish,of 1 rating,N/A
AKAO,$6.98,1441728905955,"15,922",75% bullish,of 4 ratings,$15
ACHN,$8.01,1441728905986,"2,475,854",90% bullish,of 21 ratings,$16
ACOR,$32.93,1441728906085,"60,112",67% bearish,of 3 ratings,$38.50
ACIW,$21.49,1441728906182,"61,751",67% bearish,of 3 ratings,$24
ACNB,$20.12,1441728906242,300,Not yet rated,NULL,N/A
ACPW,$1.9299,1441728906446,"18,383",100% bullish,of 4 ratings,$3.25
ATVI,$28.52,1441728906480,"1,898,591",67% bullish,of 84 ratings,$31.50
ACXM,$20.74,1441728906530,"34,116",67% bullish,of 3 ratings,N/A
ACTA,$14.16,1441728906575,"25,126",67% bearish,of 3 ratings,$25
ACTS,$1.61,1441728906610,"4,101",100% bearish,of 1 rating,N/A
ADMP,$3.83,1441728906662,"6,961",50% bullish,of 2 ratings,$10
ACUR,$2.93,1441728906697,"3,400",100% bullish,of 5 ratings,$5
ADMS,$19.83,1441728906795,"34,238",100% bearish,of 2 ratings,$36
ADAP,$11.15,1441728907035,"6,645",67% bullish,of 3 ratings,$22
ADUS,$29.23,1441728907064,"14,947",100% bearish,of 1 rating,$31
AEY,$2.3205,1441728907167,450,100% bearish,of 2 ratings,N/A
ADEP,$7.777,1441728907206,"37,529",50% bullish,of 2 ratings,$10.75
AMD,$1.86,1441728907417,"1,332,968",83% bullish,of 103 ratings,$2
ADRO,$18.84,1441728907444,"80,406",80% bullish,of 5 ratings,$45.50
ADBE,$78.85,1441728907469,"523,497",61% bullish,of 18 ratings,$90
AEIS,$24.52,1441728907514,"75,979",50% bullish,of 2 ratings,$32.50
ADMA,$8.96,1441728907545,"1,806",Not yet rated,NULL,$19
ADXSW,$9.97,1441728907621,150,100% bullish,of 1 rating,N/A
ADTN,$15.69,1441728907650,"33,644",67% bullish,of 3 ratings,$17.125
MULT,NULL,1441728907840,0,100% bearish,of 1 rating,N/A
YPRO,NULL,1441728907868,0,100% bearish,of 1 rating,N/A
ADXS,$13.92,1441728908019,"205,425",64% bullish,of 14 ratings,$27
AEGR,$17.82,1441728908102,"54,340",50% bullish,of 6 ratings,$26
AEGN,$17.975,1441728908242,"37,919",100% bearish,of 2 ratings,$21
AEZS,$0.0771,1441728908273,"5,697,718",90% bullish,of 21 ratings,$1.50
AERI,$16.47,1441728908300,"219,187",75% bullish,of 4 ratings,$31.50
AEHR,NULL,1441728908320,0,50% bullish,of 2 ratings,N/A
AEPI,$61.6,1441728908350,"20,689",100% bearish,of 1 rating,N/A
AMTX,$2.922,1441728908372,"4,728",50% bullish,of 2 ratings,N/A
AFMD,$9.82,1441728908666,"28,431",50% bullish,of 4 ratings,$15
AVAV,$20.63,1441728908696,"48,199",50% bullish,of 4 ratings,$28
AGEN,$7.055,1441728908794,"139,162",85% bullish,of 13 ratings,$14
AFFX,$9.43,1441728908830,"216,288",80% bullish,of 5 ratings,$12.50
AEMD,$7.28,1441728908894,"58,164",Not yet rated,NULL,$27.50
AGRX,$8.75,1441728908967,"1,935",100% bearish,of 1 rating,$17.50
AGIO,$88.48,1441728909163,"79,767",88% bullish,of 8 ratings,$114
AGYS,$9.66,1441728909222,"2,905",100% bearish,of 1 rating,N/A
AGFSW,$2.1,1441728909249,"2,801",100% bearish,of 2 ratings,N/A
AGFS,$10.01,1441728909277,"56,799",100% bearish,of 1 rating,N/A
AIXG,$6.87,1441728909654,"7,644",67% bearish,of 3 ratings,$5.25
AIRT,$22.6,1441728909684,"2,935",100% bullish,of 1 rating,N/A
AMCN,$4.6,1441728909718,"154,360",83% bullish,of 6 ratings,N/A
AIMT,$23.74,1441728909739,"93,615",Not yet rated,NULL,$35.50
ATSG,$8.86,1441728909784,"26,981",67% bullish,of 3 ratings,$13
AKAM,$73.36,1441728909812,"244,220",63% bullish,of 8 ratings,$77.50
AIRM,$36.957,1441728909867,"44,311",80% bearish,of 5 ratings,$53
AKER,$2.7497,1441728910143,"1,520",Not yet rated,NULL,N/A
AKBA,$7.53,1441728910168,"136,248",100% bearish,of 1 rating,$18
ALRM,$16.31,1441728910396,"22,434",100% bearish,of 1 rating,$22
ALSK,$2.2699,1441728910423,"38,055",78% bullish,of 18 ratings,$2
AKRX,$39.22,1441728910444,"154,494",78% bullish,of 9 ratings,$56
ADHD,$7.87,1441728910662,"29,637",50% bullish,of 4 ratings,$18
ABDC,$12.86,1441728910693,"12,368",Not yet rated,NULL,$15
ALXA,$1.35,1441728910743,"16,534",83% bullish,of 6 ratings,$2.125
ALDX,$7.26,1441728910770,"8,877",100% bearish,of 1 rating,$14.50
AMRI,$20.48,1441728910791,"48,637",75% bearish,of 4 ratings,$24
ALDR,$42.27,1441728910920,"104,487",67% bearish,of 3 ratings,$62
ALXN,$173.9,1441728911075,"256,978",88% bullish,of 8 ratings,$223.50
ALIM,$2.99,1441728911103,"20,300",80% bullish,of 5 ratings,$10
ALCO,$42.3,1441728911165,"3,434",50% bullish,of 2 ratings,N/A
ALGN,$55.13,1441728911258,"50,625",100% bearish,of 2 ratings,$73
ALKS,$66.52,1441728911359,"155,220",67% bullish,of 3 ratings,$75
ALLB,$23.31,1441728911488,100,Not yet rated,NULL,N/A
ALGT,$207.45,1441728911571,"24,012",100% bearish,of 2 ratings,$235
AHPI,NULL,1441728911806,0,50% bullish,of 2 ratings,N/A
AMOT,$17.36,1441728911871,"16,962",100% bearish,of 1 rating,N/A
AHGP,$35.88,1441728911937,"13,609",67% bullish,of 3 ratings,N/A
ARLP,$25.03,1441728911963,"45,666",67% bearish,of 3 ratings,$32
ALLT,$5.2,1441728912027,"7,585",75% bullish,of 4 ratings,$6.25
AIQ,$14.91,1441728912097,"4,402",67% bullish,of 3 ratings,N/A
AFAM,$45.28,1441728912281,"10,971",50% bullish,of 2 ratings,$44
AFOP,$19.13,1441728912314,"24,317",75% bullish,of 8 ratings,$21
ALQA,$4.535,1441728912378,"7,677",75% bullish,of 4 ratings,$8.50
ALNY,$100.49,1441728912405,"151,086",67% bullish,of 3 ratings,$151.50
MDRX,$13.235,1441728912430,"520,578",60% bullish,of 5 ratings,$16
AOSL,$8.24,1441728912639,"7,644",67% bullish,of 3 ratings,$9
ALTR,$50.4,1441728912876,"2,162,435",67% bearish,of 6 ratings,$54
SMCP,$23.1701,1441728912923,575,Not yet rated,NULL,N/A
ATEC,$0.547,1441728912953,"70,014",100% bullish,of 1 rating,$2
AMAG,$60.74,1441728912978,"104,131",100% bullish,of 2 ratings,$75
AMRK,$10.82,1441728913058,"35,054",50% bullish,of 2 ratings,$14
AYA,$21.06,1441728913250,"8,097",100% bearish,of 1 rating,$40
ASPS,$26.63,1441728913335,"71,375",67% bullish,of 3 ratings,$46.50
AMBC,$16.5,1441728913376,"46,854",100% bearish,of 1 rating,$16.50
AMBCW,NULL,1441728913404,0,100% bearish,of 1 rating,N/A
AIMC,$23.99,1441728913425,"27,554",100% bearish,of 2 ratings,$28.50
AMRN,$2.35,1441728913446,"503,101",85% bullish,of 40 ratings,$8
AMBA,$72.41,1441728913484,"1,086,548",71% bullish,of 14 ratings,$102.50
AMZN,$511.8277,1441728913638,"1,083,851",81% bullish,of 269 ratings,$646
AMCX,$73.38,1441728913794,"144,670",67% bullish,of 3 ratings,$87.50
EPAX,$2.7,1441728913899,"16,841",100% bearish,of 1 rating,N/A
UHAL,$372.815,1441728914060,"9,655",100% bullish,of 2 ratings,$393.50
AMED,$40.739,1441728914189,"47,889",100% bearish,of 1 rating,$42
AAL,$41.01,1441728914219,"2,297,876",93% bullish,of 88 ratings,$57
AMOV,$17.79,1441728914246,760,100% bearish,of 1 rating,N/A
DOX,$56.9036,1441728914267,"179,164",67% bearish,of 3 ratings,$60
AMDA,$0.4016,1441728914321,"2,789,558",90% bullish,of 10 ratings,$1
ATAX,$5.31,1441728914402,"29,235",100% bullish,of 1 rating,$6.50
ASBI,$22.91,1441728914532,"9,732",Not yet rated,NULL,N/A
AGNCB,$24.2575,1441728914595,"4,254",Not yet rated,NULL,N/A
AGNC,$19.05,1441728914678,"685,099",71% bullish,of 28 ratings,$22
MTGE,$15.19,1441728914738,"120,857",75% bullish,of 4 ratings,$19.50
MTGEP,NULL,1441728914894,0,Not yet rated,NULL,N/A
ACSF,$12.22,1441728914922,"4,759",100% bearish,of 1 rating,$15
AGNCP,$25.36,1441728914947,"1,450",Not yet rated,NULL,N/A
AETI,$3.4594,1441728915147,"1,600",67% bearish,of 3 ratings,N/A
ANCI,$1.41,1441728915210,700,100% bearish,of 1 rating,N/A
ACAS,$13.91,1441728915232,"400,868",60% bullish,of 5 ratings,$16.75
AMNB,$23.51,1441728915318,"2,388",Not yet rated,NULL,$25.50
ARII,$40.79,1441728915433,"57,877",67% bearish,of 3 ratings,$45
APEI,$22.45,1441728915459,"11,779",100% bearish,of 1 rating,$25.50
AMIC,NULL,1441728915536,0,100% bearish,of 1 rating,N/A
AMRB,$10.3524,1441728915588,"2,699",Not yet rated,NULL,$11
AMSWA,$9.08,1441728915613,"9,863",100% bearish,of 2 ratings,$10.75
ANAT,$98.12,1441728915646,"21,522",100% bullish,of 1 rating,N/A
ASEI,$39.02,1441728915743,"10,130",100% bearish,of 1 rating,$52.50
AMSC,$5.08,1441728915925,"24,845",50% bullish,of 4 ratings,N/A
CRMT,$35.57,1441728916006,"3,402",100% bearish,of 1 rating,$38
AMWD,$68.49,1441728916134,"41,420",50% bullish,of 2 ratings,$70
ABCB,$27.64,1441728916240,"16,673",Not yet rated,NULL,$31
ASRVP,NULL,1441728916281,0,Not yet rated,NULL,N/A
ATLO,$22.94,1441728916373,694,Not yet rated,NULL,N/A
AMKR,$5.54,1441728916412,"418,566",100% bearish,of 2 ratings,$5
AMSF,$47.0699,1441728916438,"5,185",Not yet rated,NULL,$57.50
AMGN,$152.13,1441728916473,"1,156,081",89% bullish,of 19 ratings,$185
ASRV,$3.22,1441728916574,"3,600",100% bullish,of 2 ratings,N/A
FOLD,$16.89,1441728916603,"563,263",56% bullish,of 9 ratings,$21
AMSG,$80.8484,1441728916732,"109,056",100% bearish,of 1 rating,$85.50
AMPH,$14.1,1441728916770,"52,086",50% bullish,of 2 ratings,$20
AMSGP,$152.74,1441728916806,146,Not yet rated,NULL,N/A
ASYS,$5.45,1441728916863,"11,996",67% bullish,of 3 ratings,$12
AFSI,$58.335,1441728917092,"81,148",60% bullish,of 5 ratings,$72
ALOG,$82.43,1441728917270,"30,588",100% bearish,of 2 ratings,$100.50
AMRS,$1.8,1441728917299,"87,759",70% bullish,of 10 ratings,N/A
AMCF,NULL,1441728917327,0,NULL,NULL,NULL
ABCW,$42.25,1441728917403,"10,955",67% bullish,of 3 ratings,N/A
ANAD,$0.3,1441728917428,"179,914",100% bullish,of 2 ratings,$.50
ANAC,$135.18,1441728917476,"71,929",80% bullish,of 5 ratings,$180.50
ADI,$56.53,1441728917559,"756,416",75% bullish,of 4 ratings,$69
ANCB,$21.6,1441728917607,"3,169",Not yet rated,NULL,$23
ANIP,$53.2866,1441728917694,"28,670",89% bullish,of 19 ratings,$66
ANGO,$14.63,1441728917740,"12,681",67% bullish,of 3 ratings,$19
ANGI,$5.25,1441728917794,"125,113",64% bullish,of 11 ratings,$5.50
ATRS,$1.84,1441728917880,"72,520",92% bullish,of 12 ratings,$4.50
ANSS,$91.35,1441728917905,"72,919",100% bearish,of 1 rating,$100
ANIK,$36.75,1441728918039,"22,380",60% bullish,of 5 ratings,$51.25
ANTH,$7.439,1441728918092,"124,148",80% bullish,of 10 ratings,$13
APOL,$11.57,1441728918255,"306,934",87% bearish,of 68 ratings,$14
ATNY,$2.4101,1441728918280,"4,223",50% bullish,of 2 ratings,$3.75
ABAC,$0.79,1441728918338,40,100% bearish,of 1 rating,N/A
AAPL,$111.7,1441728918494,"12,837,186",86% bullish,of 2368 ratings,$150
APPF,$17.64,1441728918528,"13,065",50% bullish,of 2 ratings,$22
APIC,$7.61,1441728918564,"48,384",100% bearish,of 1 rating,$19
AINV,$6.5,1441728918628,"268,220",50% bullish,of 4 ratings,$8
APOG,$54.02,1441728918652,"26,741",50% bullish,of 2 ratings,$67
APDN,$3.54,1441728918833,"29,463",Not yet rated,NULL,$9
APDNW,$1.48,1441728918858,435,Not yet rated,NULL,N/A
AMAT,$15.79,1441728919010,"3,789,025",82% bullish,of 11 ratings,$23
ARCI,$1.16,1441728919081,"2,618",Not yet rated,NULL,N/A
AGTC,$16.92,1441728919233,"12,964",50% bullish,of 2 ratings,$33
AMCC,$5.87,1441728919311,"90,924",80% bullish,of 5 ratings,$8
AREX,$2.7,1441728919337,"261,037",50% bullish,of 2 ratings,$3
APTO,$5.25,1441728919358,154,Not yet rated,NULL,$17
AAOI,$21.675,1441728919389,"86,471",50% bullish,of 4 ratings,$26
APRI,$1.72,1441728919418,"132,517",83% bullish,of 6 ratings,$4.86
AQMS,$4.995,1441728919551,"6,216",Not yet rated,NULL,N/A
AQXP,$15.86,1441728919593,"107,472",67% bearish,of 3 ratings,$2
AUMAU,NULL,1441728919814,0,Not yet rated,NULL,N/A
AUMA,NULL,1441728919886,0,Not yet rated,NULL,N/A
ARDM,$7.33,1441728919947,200,100% bullish,of 1 rating,$26
AUMAW,NULL,1441728920018,0,Not yet rated,NULL,N/A
ARCW,$3.24,1441728920235,"13,654",100% bearish,of 2 ratings,$10.50
ABUS,$7.09,1441728920267,"52,696",86% bullish,of 14 ratings,$21.50
PETX,$17.5916,1441728920628,"34,947",100% bearish,of 2 ratings,$26
RKDA,$5.3692,1441728920689,"12,073",100% bearish,of 2 ratings,$10
ARCB,$29.39,1441728920766,"24,646",67% bearish,of 3 ratings,$39.50
ABIO,$7.4061,1441728920822,"83,941",50% bullish,of 2 ratings,$26.242
ACGL,$69.07,1441728920972,"89,952",50% bullish,of 2 ratings,$72
ACAT,$24.56,1441728921010,"66,136",100% bearish,of 3 ratings,$33
ARDX,$19.94,1441728921036,"68,182",50% bullish,of 2 ratings,$24.50
ARNA,$2.78,1441728921189,"290,482",90% bullish,of 78 ratings,$5.50
AGII,$54.76,1441728921256,"10,297",Not yet rated,NULL,$59.50
AGIIL,$25.3301,1441728921293,"4,420",Not yet rated,NULL,N/A
ARCC,$15.57,1441728921426,"274,001",67% bearish,of 3 ratings,$17.75
ARIA,$7.89,1441728921556,"1,497,360",87% bullish,of 46 ratings,$9
ARIS,$3.7353,1441728921611,"7,296",Not yet rated,NULL,$4.50
ARGS,$6.186,1441728921712,"8,306",50% bullish,of 2 ratings,$19.50
ARMH,$44.2,1441728921737,"637,401",54% bearish,of 13 ratings,$60
ARWAR,NULL,1441728921766,0,Not yet rated,NULL,N/A
ARTX,$1.37,1441728921791,"32,455",88% bullish,of 16 ratings,$4.50
ARWAU,NULL,1441728921938,0,100% bullish,of 1 rating,N/A
ARKR,$24.9,1441728922015,"2,400",50% bullish,of 2 ratings,N/A
ARWA,NULL,1441728922069,0,Not yet rated,NULL,N/A
ARRY,$5.76,1441728922122,"291,224",100% bullish,of 7 ratings,$10
ARWAW,NULL,1441728922271,0,Not yet rated,NULL,N/A
ARQL,$1.71,1441728922346,"46,276",75% bullish,of 4 ratings,$5
ARWR,$5.5,1441728922479,"259,787",75% bullish,of 4 ratings,$10.50
AROW,$27.24,1441728922536,"3,060",Not yet rated,NULL,N/A
ASBB,$25.23,1441728922636,6,Not yet rated,NULL,N/A
ARRS,$26.71,1441728922679,"148,967",50% bullish,of 2 ratings,$38
DWAT,$9.7615,1441728922744,"7,605",100% bearish,of 1 rating,N/A
ARTNA,$21.84,1441728922769,"1,583",100% bearish,of 1 rating,$29
ARTW,$4.02,1441728922809,390,75% bearish,of 4 ratings,N/A
ASCMA,$28.5,1441728922940,"20,741",100% bearish,of 1 rating,$45
ASND,$20.41,1441728922965,"9,250",50% bullish,of 2 ratings,$30
ASNA,$12.19,1441728922990,"817,439",50% bullish,of 2 ratings,$17.50
ASMI,NULL,1441728923322,0,NULL,NULL,NULL
AZPN,$39.3,1441728923379,"149,237",50% bullish,of 2 ratings,$42
ASMB,$13.35,1441728923409,"9,966",67% bullish,of 3 ratings,N/A
APWC,$1.75,1441728923430,204,100% bearish,of 1 rating,N/A
ASML,$93.2,1441728923461,"256,401",50% bullish,of 4 ratings,$127
ASTI,$0.2392,1441728923483,"2,219,294",83% bullish,of 6 ratings,$3
ASFI,$8.7,1441728923511,"1,400",100% bullish,of 1 rating,N/A
ATRO,$49.93,1441728923776,"47,475",100% bearish,of 2 ratings,$80
ATAI,$2.365,1441728923934,"13,269",100% bearish,of 1 rating,N/A
ASTC,$2.307,1441728923963,"13,307",100% bullish,of 5 ratings,N/A
ASTE,$38.07,1441728923985,"19,884",100% bearish,of 1 rating,$49
ASUR,$5.57,1441728924042,881,50% bullish,of 2 ratings,$8
ALOT,$13.95,1441728924122,522,100% bearish,of 1 rating,N/A
ATRA,$43.67,1441728924179,"69,120",50% bullish,of 2 ratings,$68
AFCB,NULL,1441728924255,0,Not yet rated,NULL,N/A
ATHN,$134.95,1441728924315,"63,699",67% bearish,of 3 ratings,$153
AAPC,$10.1,1441728924383,200,Not yet rated,NULL,N/A
ATHX,$1.15,1441728924463,"31,319",89% bullish,of 9 ratings,$5
ATLC,$3.85,1441728924568,200,67% bullish,of 3 ratings,N/A
ATNI,$73.93,1441728924781,"15,584",100% bearish,of 1 rating,$69.50
AAWW,$38.94,1441728924808,"57,526",50% bullish,of 2 ratings,$65
AAME,$3.46,1441728924852,"1,200",Not yet rated,NULL,N/A
AFH,$16.31,1441728924879,"24,399",Not yet rated,NULL,$21.50
ACFC,$5.51,1441728924939,"3,665",100% bearish,of 1 rating,$6.50
ATML,$7.9499,1441728925011,"1,306,983",78% bullish,of 9 ratings,$9.50
ATOS,$0.89,1441728925177,"25,270",100% bullish,of 7 ratings,$7
ATRC,$24.26,1441728925276,"28,259",100% bullish,of 1 rating,$30
ATRI,$384,1441728925311,536,Not yet rated,NULL,N/A
ATRM,$3.105,1441728925377,100,50% bullish,of 2 ratings,N/A
ATTU,$13.3,1441728925443,"3,675",100% bearish,of 1 rating,$20.50
LIFE,$15.21,1441728925574,"16,629",86% bullish,of 7 ratings,$43
AUBN,$26.86,1441728925603,502,Not yet rated,NULL,N/A
AUDC,$3.3,1441728925707,"3,231",80% bullish,of 5 ratings,$5
AUPH,$3.4294,1441728925912,"5,620",100% bearish,of 1 rating,$8
ADAT,$0.3302,1441728925959,"164,785",100% bullish,of 2 ratings,N/A
EARS,$4.46,1441728925991,"4,208",100% bearish,of 2 ratings,$8.49
ABTL,$19.15,1441728926012,"20,484",100% bullish,of 4 ratings,$20.25
AVGO,$126.89,1441728926091,"659,366",88% bullish,of 8 ratings,$165
ADSK,$46.26,1441728926174,"322,681",67% bullish,of 6 ratings,$66
ADP,$77.09,1441728926232,"368,090",100% bearish,of 1 rating,$88
AAVL,$10.57,1441728926389,"94,286",100% bearish,of 1 rating,$20
AVNW,$1.1986,1441728926436,"12,865",50% bullish,of 2 ratings,N/A
AVEO,$1.3799,1441728926470,"200,565",75% bullish,of 8 ratings,$3
AVNU,$13,1441728926518,"4,000",Not yet rated,NULL,$14
AVID,$8.74,1441728926666,"86,691",100% bearish,of 1 rating,$20
AVGR,$15.27,1441728926740,"8,259",100% bearish,of 1 rating,$20
CAR,$43.25,1441728926809,"252,939",67% bullish,of 6 ratings,$60
AWRE,$3.2142,1441728926871,"2,768",67% bullish,of 3 ratings,N/A
ACLS,$3.47,1441728927017,"640,101",67% bullish,of 6 ratings,$4.75
AXPW,$1.84,1441728927042,"324,213",86% bullish,of 7 ratings,N/A
AXTI,$2.16,1441728927171,"6,112",50% bullish,of 2 ratings,$2.75
AXPWW,$0.95,1441728927198,30,Not yet rated,NULL,N/A
AXGN,$4.75,1441728927223,"24,537",Not yet rated,NULL,$5
BCOM,$19.52,1441728927373,109,100% bearish,of 1 rating,N/A
BOSC,$2.2499,1441728927503,"27,954",50% bullish,of 2 ratings,N/A
BEAV,$49.78,1441728927528,"72,361",67% bearish,of 3 ratings,$59
RILY,NULL,1441728927654,0,Not yet rated,NULL,N/A
BIDU,$148.21,1441728927735,"1,087,331",81% bullish,of 88 ratings,$210
BCPC,$57.305,1441728927760,"27,949",100% bearish,of 1 rating,$75
BWINB,$22.29,1441728927842,"5,895",Not yet rated,NULL,N/A
BWINA,$22.98,1441728927888,187,Not yet rated,NULL,N/A
BLDP,$1.38,1441728927974,"90,916",91% bullish,of 22 ratings,$2.50
BANF,$60.73,1441728928155,"3,770",Not yet rated,NULL,$68
BKMU,$7.14,1441728928200,"22,145",Not yet rated,NULL,$8
BANFP,NULL,1441728928287,0,Not yet rated,NULL,N/A
BOCH,$5.7707,1441728928323,"8,691",Not yet rated,NULL,$6.50
BOTJ,$10.94,1441728928422,"1,666",Not yet rated,NULL,N/A
BKSC,$16.51,1441728928444,"4,398",Not yet rated,NULL,N/A
BMRC,$48.555,1441728928471,636,Not yet rated,NULL,$52
BFIN,$12.09,1441728928811,"5,024",Not yet rated,NULL,$13
BWFG,$18.3,1441728928914,"2,245",100% bearish,of 1 rating,N/A
OZRK,$41.88,1441728928939,"101,435",67% bullish,of 3 ratings,$49.50
BZUN,$5.33,1441728929104,"47,477",50% bullish,of 2 ratings,$11.50
TAPR,$33.44,1441728929152,265,100% bearish,of 1 rating,N/A
BANR,$44.33,1441728929178,"14,471",100% bullish,of 3 ratings,$50
BHACR,NULL,1441728929199,0,Not yet rated,NULL,N/A
BHAC,NULL,1441728929231,0,Not yet rated,NULL,N/A
BHACW,NULL,1441728929420,0,Not yet rated,NULL,N/A
BHACU,NULL,1441728929517,0,Not yet rated,NULL,N/A
BYBK,$5.03,1441728929566,"1,900",100% bearish,of 1 rating,N/A
BSET,$30.26,1441728929591,"15,641",100% bearish,of 1 rating,$35
BYLK,$12.8777,1441728929726,"6,972",Not yet rated,NULL,$14
BV,$5.12,1441728929787,"145,912",67% bullish,of 6 ratings,$8.75
BBSI,$34.7501,1441728929856,"14,674",67% bearish,of 3 ratings,$62.50
BBCN,$14.52,1441728929944,"33,786",100% bearish,of 1 rating,$16
BDCV,$4.8469,1441728929989,"2,592",100% bearish,of 1 rating,$10.19
BCBP,NULL,1441728930018,0,Not yet rated,NULL,N/A
BECN,$36.11,1441728930123,"106,076",50% bullish,of 2 ratings,$40
BSF,$8.84,1441728930328,"1,619",Not yet rated,NULL,N/A
BBBY,$62.61,1441728930397,"467,300",71% bullish,of 7 ratings,$75
BBGI,NULL,1441728930428,0,100% bearish,of 1 rating,N/A
BEBE,$1.19,1441728930485,"147,435",75% bullish,of 4 ratings,$2.125
BNCL,$12.77,1441728930530,"98,398",100% bullish,of 3 ratings,$12.50
BELFA,$15.98,1441728930591,8,100% bearish,of 1 rating,N/A
BELFB,$18.61,1441728930629,"10,605",100% bearish,of 1 rating,N/A
BLPH,$3.9201,1441728930658,"11,270",100% bearish,of 1 rating,$12.50
BLCM,$16.8,1441728930838,"87,267",50% bullish,of 4 ratings,$40
BNFT,$36.29,1441728930969,"16,322",67% bullish,of 3 ratings,$46
BGMD,$0.626,1441728930995,"139,225",100% bullish,of 10 ratings,N/A
BNTC,$6.8001,1441728931056,"3,061",100% bullish,of 1 rating,N/A
BGFV,$11.66,1441728931160,"35,733",57% bullish,of 7 ratings,$12
BGCP,$8.985,1441728931190,"248,294",88% bullish,of 8 ratings,$14
ORPN,$5.54,1441728931289,"2,500",100% bullish,of 1 rating,$28.50
BIND,$5.04,1441728931327,"50,849",75% bullish,of 4 ratings,$13.50
BCDA,NULL,1441728931470,0,Not yet rated,NULL,N/A
BIOC,$2.14,1441728931495,"278,607",83% bullish,of 6 ratings,$3.85
BASI,$1.65,1441728931567,5,Not yet rated,NULL,N/A
BIOD,$0.69,1441728931588,"6,900",80% bullish,of 5 ratings,$4
BCRX,$11.97,1441728931621,"74,276",63% bullish,of 8 ratings,$18
BDSI,$6.5,1441728931761,"247,689",88% bullish,of 8 ratings,$17
BIOL,$1.5536,1441728931863,"6,896",Not yet rated,NULL,N/A
BIIB,$304.66,1441728931888,"378,822",88% bullish,of 16 ratings,$400
BLFS,$2.3901,1441728932024,"26,163",50% bullish,of 2 ratings,$4.75
BLRX,$1.7495,1441728932079,"96,453",100% bullish,of 12 ratings,$5
BMRN,$129.59,1441728932104,"158,515",80% bullish,of 5 ratings,$160
BRLI,NULL,1441728932229,0,NULL,NULL,NULL
BVXV,$3.86,1441728932255,"13,456",Not yet rated,NULL,N/A
BVXVW,NULL,1441728932317,0,100% bearish,of 1 rating,N/A
BPTH,$1.1758,1441728932451,"14,813",100% bullish,of 2 ratings,$5
BIOS,$2.5,1441728932485,"130,071",71% bullish,of 7 ratings,$4
BBC,$32.177,1441728932626,"10,983",Not yet rated,NULL,N/A
BBP,$32.49,1441728932651,"2,335",Not yet rated,NULL,N/A
BSTC,$49.6,1441728932724,"23,028",100% bearish,of 1 rating,$76
BSPM,$0.703,1441728932750,770,50% bullish,of 2 ratings,N/A
BOTA,$2.17,1441728932828,"18,161",88% bullish,of 8 ratings,N/A
TECH,$93.6,1441728933039,"63,506",100% bullish,of 1 rating,$117
BEAT,$15.9,1441728933074,"234,689",67% bearish,of 3 ratings,$15
BDMS,$13.1,1441728933232,100,100% bearish,of 1 rating,N/A
BITI,$17.05,1441728933258,"11,545",100% bullish,of 1 rating,$28
BBOX,$14.82,1441728933388,"15,320",100% bearish,of 1 rating,N/A
BBRY,$7.355,1441728933421,"1,350,260",61% bullish,of 331 ratings,$9
BLKB,$57.785,1441728933519,"18,476",100% bearish,of 2 ratings,$66
HAWK,$39.74,1441728933545,"42,006",91% bullish,of 11 ratings,$49
BDE,$7.47,1441728933580,"16,020",50% bullish,of 2 ratings,$9
BJRI,$45.15,1441728933680,"60,885",50% bullish,of 2 ratings,$55
BKCC,$9.48,1441728933715,"93,447",50% bullish,of 2 ratings,$10
ADRD,$21.7092,1441728933810,"1,301",100% bearish,of 1 rating,N/A
ADRA,$26.76,1441728933837,"1,221",100% bearish,of 1 rating,N/A
ADRE,$29.265,1441728933891,"2,708",100% bearish,of 1 rating,N/A
ADRU,$21.55,1441728934035,"1,808",100% bearish,of 1 rating,N/A
BLMN,$20.72,1441728934167,"176,595",83% bullish,of 6 ratings,$27.50
BLBD,$11.53,1441728934293,"4,438",Not yet rated,NULL,N/A
BHBK,$14.105,1441728934346,"2,527",100% bullish,of 1 rating,$14.50
BCOR,$13.23,1441728934376,"46,888",57% bullish,of 7 ratings,$15
BBLU,$0.91,1441728934397,"27,434",100% bullish,of 2 ratings,$4.43
BUFF,$23.45,1441728934428,"374,323",77% bullish,of 13 ratings,$31.50
NILE,$33.77,1441728934575,"7,969",50% bullish,of 2 ratings,$34
BLUE,$135.52,1441728934724,"314,475",71% bullish,of 7 ratings,$217.50
BKEPP,$7.95,1441728934820,"2,120",100% bearish,of 1 rating,N/A
BPMC,$29.24,1441728934855,"17,121",50% bullish,of 2 ratings,$47.50
BOBE,$46.43,1441728934899,"88,236",75% bullish,of 4 ratings,$57
BKEP,$6.4048,1441728934950,"3,982",100% bearish,of 1 rating,$8.50
BNCN,$21.53,1441728935024,"7,790",Not yet rated,NULL,$24
BOFI,$116.812,1441728935050,"78,656",100% bullish,of 6 ratings,$144
BOJA,$21.245,1441728935262,"26,950",100% bullish,of 1 rating,$30
WIFI,$7.84,1441728935291,"50,576",50% bullish,of 2 ratings,$13.50
BNSO,$1.2699,1441728935341,563,100% bearish,of 1 rating,N/A
BOKF,$63.43,1441728935391,"16,113",100% bearish,of 1 rating,$69
BPFHP,$25.4145,1441728935646,"2,300",100% bearish,of 1 rating,N/A
BPFH,$12.02,1441728935689,"58,045",100% bearish,of 1 rating,$14
BONA,$11.28,1441728935750,"80,820",75% bullish,of 4 ratings,$8.50
BAMM,$3.21,1441728935784,"2,051",60% bullish,of 5 ratings,N/A
BDBD,$8.438,1441728935888,"115,209",60% bullish,of 5 ratings,$10
EPAY,$26.41,1441728935919,"40,737",100% bearish,of 2 ratings,$30
BPFHW,NULL,1441728935940,0,100% bearish,of 1 rating,N/A
BCLI,$3.15,1441728935971,"31,176",80% bullish,of 5 ratings,$12
BBEP,$2.85,1441728936246,"721,543",69% bullish,of 13 ratings,$5.625
BBRG,$12.485,1441728936272,"11,861",67% bullish,of 3 ratings,$14.50
BDGE,$26.54,1441728936352,"7,852",Not yet rated,NULL,$31.75
BLIN,$1.57,1441728936434,"38,681",50% bullish,of 2 ratings,$2.20
BBEPP,$14.87,1441728936461,"3,899",50% bullish,of 2 ratings,N/A
BRID,NULL,1441728936595,0,100% bearish,of 1 rating,N/A
BVSN,$5.86,1441728936697,331,60% bearish,of 5 ratings,N/A
BRCM,$51.96,1441728936728,"388,537",69% bullish,of 13 ratings,$56
BSFT,$32.73,1441728936783,"51,764",57% bullish,of 7 ratings,$40.50
BYFC,$1.43,1441728936980,200,50% bullish,of 2 ratings,N/A
BWEN,$3.2,1441728937035,"16,750",75% bullish,of 4 ratings,$8
BRKL,$10.55,1441728937063,"34,820",100% bearish,of 1 rating,$12
BCOV,$5.22,1441728937088,"8,998",67% bullish,of 3 ratings,$10.20
BRCD,$10.29,1441728937113,"659,045",92% bullish,of 13 ratings,$12
BRKR,$18.04,1441728937286,"43,252",100% bearish,of 2 ratings,$22
BRKS,$10.46,1441728937425,"18,519",67% bullish,of 3 ratings,$15.25
BLMT,$21.3,1441728937529,"5,200",Not yet rated,NULL,N/A
BWLD,$198.25,1441728937580,"74,199",82% bullish,of 11 ratings,$205
BSQR,$6.067,1441728937685,"11,424",67% bullish,of 3 ratings,N/A
BUR,$1.78,1441728937711,"6,626",100% bearish,of 1 rating,$8
BMTC,$29.81,1441728937736,"11,749",Not yet rated,NULL,$34
BLDR,$15.62,1441728937868,"281,248",67% bullish,of 3 ratings,$22
CHRW,$68.4,1441728937925,"224,799",Not yet rated,NULL,$72
CFFI,$35.7,1441728938001,100,100% bearish,of 1 rating,N/A
CA,$27.7,1441728938028,"666,569",50% bullish,of 4 ratings,$33
CDZI,$7.84,1441728938175,"6,625",100% bearish,of 1 rating,N/A
CCMP,$42.87,1441728938251,"20,148",50% bullish,of 2 ratings,$59
CDNS,$20.675,1441728938355,"413,145",75% bullish,of 4 ratings,$22.50
CACQ,$7.31,1441728938439,"108,662",100% bearish,of 1 rating,$12.25
CZR,$9.41,1441728938498,"357,053",60% bearish,of 5 ratings,$10.50
CSTE,$40,1441728938583,"96,578",50% bullish,of 2 ratings,$65
PRSS,$4.315,1441728938763,"27,702",80% bullish,of 5 ratings,$4.50
CLBS,$1.76,1441728938851,"31,657",79% bullish,of 14 ratings,$4
CLMS,$9.94,1441728938955,"26,746",Not yet rated,NULL,$10.50
CHY,$10.95,1441728938986,"129,806",Not yet rated,NULL,N/A
CHW,$7.39,1441728939012,"119,323",100% bearish,of 1 rating,N/A
CFGE,$10.52,1441728939036,12,Not yet rated,NULL,N/A
CCD,$19.33,1441728939094,"37,166",Not yet rated,NULL,N/A
CHI,$10.2899,1441728939165,"82,213",100% bearish,of 1 rating,N/A
CVGW,$49.75,1441728939422,"39,768",50% bullish,of 2 ratings,$58
CGO,$11.9405,1441728939447,"4,620",100% bearish,of 1 rating,N/A
CAMP,$16.1,1441728939523,"75,913",88% bullish,of 8 ratings,$25
CSQ,$9.6799,1441728939594,"138,718",Not yet rated,NULL,N/A
CFNB,NULL,1441728939700,0,100% bearish,of 1 rating,N/A
CALD,$16.67,1441728939736,"173,530",100% bearish,of 1 rating,$21
CLMT,$25.97,1441728939943,"47,868",75% bullish,of 8 ratings,$31
CALA,$6.17,1441728939998,"132,055",67% bullish,of 3 ratings,$19.50
ABCD,$5.18,1441728940024,"35,076",83% bullish,of 6 ratings,N/A
CAMB,$10.0101,1441728940054,"17,200",Not yet rated,NULL,N/A
CAMBW,$0.2201,1441728940154,"106,863",Not yet rated,NULL,N/A
CALM,$55.32,1441728940189,"162,133",80% bullish,of 5 ratings,$63.50
CAC,$40.35,1441728940214,"1,801",Not yet rated,NULL,N/A
CAMBU,NULL,1441728940286,0,100% bearish,of 1 rating,N/A
CAMT,$2.675,1441728940479,"22,266",73% bullish,of 11 ratings,$4
CPHC,$10.47,1441728940621,110,100% bearish,of 1 rating,N/A
CSIQ,$18.94,1441728940669,"530,247",86% bullish,of 28 ratings,$42.50
CGIX,$10.2499,1441728940694,"19,740",67% bullish,of 3 ratings,$14.375
CBF,$30.82,1441728940827,"20,966",Not yet rated,NULL,$32
CPLP,$6.93,1441728940856,"61,548",71% bullish,of 7 ratings,$11
CSWC,$44.25,1441728940962,"7,685",Not yet rated,NULL,N/A
CCBG,$15.19,1441728941011,"1,626",Not yet rated,NULL,$17.25
CPLA,$49.95,1441728941038,"21,452",67% bearish,of 3 ratings,$65
CBNJ,$11.247,1441728941065,"45,468",100% bearish,of 1 rating,N/A
CAPN,$2.61,1441728941256,"3,718,676",100% bullish,of 1 rating,$10.85
CPTA,$14.45,1441728941277,"21,691",100% bearish,of 1 rating,$18.25
CFFN,$11.895,1441728941305,"82,248",Not yet rated,NULL,$12.75
CAPNW,$0.8077,1441728941448,"14,421",Not yet rated,NULL,N/A
CAPR,$4.3,1441728941472,"5,375",Not yet rated,NULL,$12
CPST,$0.3907,1441728941715,"230,292",95% bullish,of 22 ratings,$1.25
CRDC,$0.328,1441728941747,"68,910",100% bullish,of 1 rating,$1.25
CARB,$11.09,1441728941776,"13,377",75% bullish,of 4 ratings,$12
CBYL,$5.36,1441728941883,"2,186",100% bearish,of 1 rating,$20
CARA,$19.305,1441728941908,"65,368",50% bullish,of 4 ratings,$25
CRME,$9.41,1441728941933,"1,200",89% bullish,of 9 ratings,$11.25
CSII,$23.05,1441728942068,"75,689",100% bearish,of 2 ratings,$42.125
CFNL,$22.37,1441728942166,"20,063",Not yet rated,NULL,$24
CDNA,$7.07,1441728942192,"3,690",100% bearish,of 1 rating,$9
CATM,$33.85,1441728942271,"46,314",100% bearish,of 1 rating,$44
CLBH,$12.8,1441728942400,"2,493",Not yet rated,NULL,$16.50
CECO,$3.97,1441728942427,"171,021",67% bearish,of 3 ratings,$6
CTRE,$11.06,1441728942453,"47,899",50% bullish,of 2 ratings,$13.50
CKEC,$23.01,1441728942480,"73,691",50% bullish,of 2 ratings,$35.915
CART,$5.3501,1441728942664,570,100% bearish,of 1 rating,N/A
CARV,$6.96,1441728942913,"8,616",50% bullish,of 2 ratings,N/A
TAST,$12.835,1441728942947,"61,479",Not yet rated,NULL,$14.25
CARO,$15.2999,1441728942968,600,100% bearish,of 1 rating,$19
CRZO,$36.72,1441728943004,"347,630",67% bearish,of 3 ratings,$54.50
CRTN,NULL,1441728943041,0,100% bearish,of 1 rating,N/A
CASM,$1.21,1441728943100,"5,737",100% bullish,of 1 rating,$3.50
CACB,$5.36,1441728943131,"11,613",Not yet rated,NULL,$5.50
CSCD,$15.47,1441728943169,"8,241",100% bullish,of 2 ratings,$17
CWST,$6.65,1441728943460,"74,285",50% bullish,of 2 ratings,$7.25
CASY,$107.63,1441728943497,"64,631",50% bullish,of 2 ratings,$99.50
CASI,$1.25,1441728943589,"18,343",100% bullish,of 1 rating,$3.50
CASS,$48.94,1441728943756,"2,766",100% bearish,of 1 rating,N/A
CPRX,$3.94,1441728943882,"90,904",71% bullish,of 7 ratings,$7
CATB,$11.4,1441728943907,"13,520",100% bearish,of 1 rating,$28
CATY,$29.45,1441728943977,"113,324",100% bearish,of 1 rating,$33.50
CAVM,$71.08,1441728944002,"129,483",67% bearish,of 3 ratings,$72
CATYW,NULL,1441728944079,0,100% bearish,of 1 rating,N/A
CNLM,$9.99,1441728944222,"6,700",Not yet rated,NULL,N/A
CBFV,$20.599,1441728944251,304,Not yet rated,NULL,$25
CVCO,$70.54,1441728944291,"7,264",100% bearish,of 1 rating,N/A
CNLMR,NULL,1441728944318,0,Not yet rated,NULL,N/A
CNLMU,NULL,1441728944459,0,100% bullish,of 1 rating,N/A
CNLMW,$0.3,1441728944495,"1,000",Not yet rated,NULL,N/A
CBOE,$64,1441728944539,"67,246",Not yet rated,NULL,$63
CDK,$49.277,1441728944867,"68,494",67% bearish,of 3 ratings,$50
CECE,$9.16,1441728944947,"73,312",50% bullish,of 2 ratings,$16
CELG,$120.11,1441728945002,"897,285",92% bullish,of 13 ratings,$156
CELGZ,$1.8,1441728945047,"3,431",80% bullish,of 5 ratings,N/A
CPXX,$2.5001,1441728945135,"183,242",100% bullish,of 2 ratings,$7
CDW,$40.1599,1441728945187,"345,566",75% bullish,of 4 ratings,$44
CLDN,$1.2587,1441728945316,"126,428",63% bullish,of 8 ratings,$3
CLRB,NULL,1441728945344,0,100% bearish,of 1 rating,N/A
CLDX,$14.5101,1441728945374,"154,735",89% bullish,of 9 ratings,$36
CLRBW,NULL,1441728945474,0,Not yet rated,NULL,N/A
CLLS,$32.24,1441728945503,"20,041",75% bullish,of 4 ratings,$51.50
CBMG,$23.39,1441728945604,"25,357",50% bullish,of 2 ratings,N/A
CLSN,$2.11,1441728945631,"75,167",80% bullish,of 10 ratings,$7.50
CLTX,$1.9155,1441728945783,"54,822",100% bullish,of 2 ratings,N/A
CYAD,$44.55,1441728945808,"1,527",100% bullish,of 1 rating,$87.50
CEMP,$35.21,1441728945962,"323,795",71% bullish,of 7 ratings,$52
CSFL,$14.13,1441728946058,"17,896",Not yet rated,NULL,$15
CETV,$2.115,1441728946090,"9,882",67% bullish,of 3 ratings,$2.80
CETX,$2.5,1441728946161,"5,668",Not yet rated,NULL,$5.60
CENTA,$15.44,1441728946226,"91,521",Not yet rated,NULL,N/A
CFBK,NULL,1441728946358,0,Not yet rated,NULL,N/A
CENX,$5.5,1441728946388,"510,056",67% bullish,of 6 ratings,$9
CENT,$15.045,1441728946417,"160,054",Not yet rated,NULL,$10
CNBKA,$39.826,1441728946448,"1,100",50% bullish,of 2 ratings,N/A
CVCY,$11.75,1441728946487,400,Not yet rated,NULL,$12
CNTY,$5.878,1441728946548,"4,334",80% bullish,of 5 ratings,$7.75
CPHD,$50.7,1441728946722,"147,363",67% bearish,of 3 ratings,$66
CRNT,$1.3408,1441728946791,"114,132",50% bullish,of 2 ratings,$2
CERE,$1.131,1441728946923,"43,573",88% bullish,of 8 ratings,N/A
CERU,$4.39,1441728946956,"11,282",75% bullish,of 4 ratings,$14
CEVA,$19.4,1441728947090,"9,849",100% bearish,of 1 rating,$25
CERN,$62.27,1441728947121,"406,954",67% bullish,of 3 ratings,$79
CERS,$5.35,1441728947144,"174,941",75% bullish,of 4 ratings,$7
KOOL,$0.62,1441728947221,"6,546",100% bullish,of 5 ratings,$7
CYOU,$19.13,1441728947278,"44,883",50% bullish,of 6 ratings,$24
CTHR,$1.24,1441728947410,"2,562",50% bullish,of 2 ratings,$2.50
GTLS,$23.53,1441728947546,"57,539",50% bullish,of 4 ratings,$40
HOTR,$1.34,1441728947576,"63,398",100% bullish,of 2 ratings,$5
HOTRW,$0.15,1441728947605,"9,000",Not yet rated,NULL,N/A
CHTR,$184.15,1441728947675,"165,558",67% bearish,of 3 ratings,$202
CHFN,$12.25,1441728947751,"3,681",Not yet rated,NULL,$14
CHKP,$77.41,1441728947776,"274,379",50% bullish,of 4 ratings,$92
CHEK,$2.71,1441728947958,"3,550",Not yet rated,NULL,$7.75
CEMI,$4.22,1441728948063,865,50% bullish,of 2 ratings,$7.50
CHEKW,NULL,1441728948089,0,Not yet rated,NULL,N/A
CHFC,$30.76,1441728948115,"54,892",100% bearish,of 1 rating,$36
CHMG,$26.41,1441728948244,676,Not yet rated,NULL,$30
CCXI,$6.29,1441728948325,"16,429",67% bullish,of 3 ratings,$14
CHKE,$25.68,1441728948410,"1,676",100% bearish,of 1 rating,$32.50
CHEV,$14.5,1441728948455,"1,410",Not yet rated,NULL,N/A
CBNK,$16.51,1441728948628,"1,100",100% bearish,of 1 rating,N/A
CHMA,$27.96,1441728948696,"62,412",Not yet rated,NULL,$40
CMRX,$51.36,1441728948806,"45,748",50% bullish,of 2 ratings,$57
PLCE,$58.49,1441728948831,"44,841",100% bearish,of 1 rating,$69
CADC,NULL,1441728948879,0,78% bullish,of 9 ratings,N/A
CAAS,$6.0399,1441728949011,"4,950",93% bullish,of 14 ratings,$11.50
CBAK,$2.09,1441728949195,"32,905",67% bullish,of 9 ratings,N/A
CALI,$0.82,1441728949226,6,67% bullish,of 3 ratings,N/A
JRJC,$3.62,1441728949252,"36,435",82% bullish,of 11 ratings,N/A
CBPO,$97.88,1441728949296,"39,005",75% bullish,of 8 ratings,$140.50
CCCR,NULL,1441728949325,0,67% bearish,of 3 ratings,N/A
CHOP,$1.1233,1441728949383,"1,623",50% bullish,of 2 ratings,N/A
CCCL,$0.75,1441728949410,"1,003",100% bullish,of 6 ratings,N/A
HGSH,$1.82,1441728949540,"1,410",67% bullish,of 3 ratings,N/A
CJJD,$1.86,1441728949682,"3,300",100% bullish,of 1 rating,N/A
CNIT,$1.141,1441728949707,"34,521",67% bullish,of 6 ratings,N/A
CSUN,$1.4,1441728950068,943,80% bullish,of 5 ratings,N/A
CHLN,$1.71,1441728950103,"7,807",67% bullish,of 3 ratings,N/A
CXDC,$6.06,1441728950132,"4,858",67% bearish,of 3 ratings,N/A
HTHT,$25.52,1441728950158,"22,808",50% bullish,of 2 ratings,$28.40
CNTF,$0.7863,1441728950199,"9,041",Not yet rated,NULL,N/A
CREG,$0.6364,1441728950225,"7,850",100% bullish,of 3 ratings,N/A
CHNR,$1.71,1441728950250,"2,203",100% bearish,of 1 rating,N/A
CPGI,NULL,1441728950290,0,Not yet rated,NULL,N/A
CCIH,$7.97,1441728950482,"58,627",67% bullish,of 6 ratings,$12.65
CNYD,$3.13,1441728950591,"3,600",67% bullish,of 3 ratings,N/A
CNET,$0.82,1441728950643,"3,048",50% bullish,of 2 ratings,N/A
IMOS,$19.82,1441728950692,"135,422",60% bullish,of 5 ratings,$21.50
CHSCL,$27.26,1441728950717,"16,487",Not yet rated,NULL,N/A
CHSCP,$30.2,1441728951051,"10,369",Not yet rated,NULL,N/A
CHSCN,$27.0149,1441728951076,"2,315",Not yet rated,NULL,N/A
CHSCO,$28.482,1441728951272,"4,975",Not yet rated,NULL,N/A
CHUY,$31.58,1441728951293,"30,204",50% bullish,of 2 ratings,$34
CIFC,$7.48,1441728951329,"3,419",100% bearish,of 1 rating,N/A
CDTX,$14.689,1441728951351,"10,050",Not yet rated,NULL,$22
CHDN,$136.96,1441728951380,"11,032",Not yet rated,NULL,$165
CHSCM,$26.21,1441728951430,"16,276",Not yet rated,NULL,N/A
CMCT,$17.2501,1441728951511,"7,729",100% bearish,of 1 rating,N/A
CINF,$52.675,1441728951606,"137,682",50% bullish,of 4 ratings,$50.50
CMPR,$72.48,1441728951788,"58,941",50% bullish,of 2 ratings,$72.50
CIDM,$0.5401,1441728951956,"15,877",50% bullish,of 2 ratings,$2.10
CTAS,$85.36,1441728951984,"70,631",100% bearish,of 1 rating,$91
CRUS,$30.4,1441728952012,"181,355",75% bullish,of 12 ratings,$44.50
CSCO,$26.0801,1441728952037,"5,056,285",83% bullish,of 210 ratings,$32
CPHR,$5.1317,1441728952172,"2,200",100% bearish,of 1 rating,$17
CTRN,$25.37,1441728952238,"25,332",100% bearish,of 1 rating,$31.50
CZWI,$8.92,1441728952316,700,Not yet rated,NULL,N/A
CZNC,$19.6,1441728952386,"2,632",Not yet rated,NULL,N/A
CTXS,$68.65,1441728952449,"275,095",86% bullish,of 7 ratings,$80
CZFC,$12.75,1441728952482,"5,200",Not yet rated,NULL,N/A
CHCO,$47.51,1441728952516,"9,098",Not yet rated,NULL,$46
CIZN,NULL,1441728952580,0,Not yet rated,NULL,N/A
CIVB,$10.04,1441728952785,100,Not yet rated,NULL,$11
CIVBP,NULL,1441728952825,0,Not yet rated,NULL,N/A
CDTI,$1.6,1441728952893,"16,896",75% bullish,of 4 ratings,$3.20
CLNT,$1.535,1441728953067,397,75% bullish,of 8 ratings,N/A
CLNE,$5.1,1441728953092,"260,034",80% bullish,of 15 ratings,$9
CLFD,$17.26,1441728953121,"6,773",67% bullish,of 3 ratings,$18
CLIR,$5.2,1441728953223,"42,374",100% bullish,of 3 ratings,N/A
CLRO,$11.38,1441728953462,"3,160",50% bullish,of 2 ratings,$14.25
CLVS,$83.625,1441728953534,"135,347",60% bullish,of 5 ratings,$101.50
CMFN,$11.14,1441728953565,"4,864",100% bearish,of 1 rating,$15.50
CSBK,$13.98,1441728953590,"16,308",Not yet rated,NULL,N/A
CME,$93.41,1441728953623,"248,410",67% bullish,of 3 ratings,$102
CCNE,$17.05,1441728953650,"1,563",50% bullish,of 2 ratings,$21.50
CBLI,$4.37,1441728953728,"18,050",60% bullish,of 5 ratings,N/A
CISG,$8.01,1441728953946,"32,021",100% bullish,of 5 ratings,$10
CNV,$4.34,1441728954040,"19,576",50% bullish,of 2 ratings,$7.15
CWAY,$11.2,1441728954097,"1,200",Not yet rated,NULL,N/A
COBZ,$13,1441728954230,"11,005",100% bullish,of 1 rating,$14
COKE,$163.81,1441728954257,"5,890",79% bullish,of 19 ratings,N/A
CDRB,$9.8788,1441728954305,"11,838",67% bullish,of 3 ratings,N/A
CVLY,NULL,1441728954326,0,Not yet rated,NULL,N/A
JVA,$4.6932,1441728954458,"6,544",83% bullish,of 6 ratings,$7
CCOI,$27.51,1441728954483,"99,048",50% bullish,of 4 ratings,$35
CDXS,$3.48,1441728954526,"3,786",64% bullish,of 11 ratings,$6
COHR,$56.24,1441728954670,"10,226",50% bullish,of 2 ratings,$72
CHRS,$25.86,1441728954701,"90,893",67% bearish,of 3 ratings,$37
CGNX,$36,1441728954741,"132,156",50% bullish,of 2 ratings,$47
CGNT,$1.58,1441728954768,"8,701",100% bullish,of 2 ratings,$2
CTSH,$62.64,1441728954796,"684,854",90% bullish,of 10 ratings,$75
COHU,$9.58,1441728955049,"31,206",100% bearish,of 1 rating,$14.25
COLL,$16.01,1441728955219,"20,332",100% bearish,of 1 rating,$26
CLRX,$0.6772,1441728955356,"14,539",50% bullish,of 2 ratings,N/A
CIGI,$42.28,1441728955385,"6,300",100% bearish,of 1 rating,$52
CBMX,$1.11,1441728955460,"12,802",83% bullish,of 6 ratings,$3.15
CLCT,$17.86,1441728955485,"7,589",100% bearish,of 1 rating,N/A
COLB,$29.96,1441728955514,"14,808",Not yet rated,NULL,$36
CBAN,$8.75,1441728955563,"1,200",Not yet rated,NULL,N/A
COLM,$62.415,1441728955618,"21,180",100% bearish,of 1 rating,$71
CLCD,$6.134,1441728955754,"5,212",100% bearish,of 1 rating,$20.50
CMCSA,$56.6,1441728955800,"2,565,037",66% bullish,of 35 ratings,$69.50
CMCO,$19.04,1441728955883,"19,527",60% bullish,of 5 ratings,$28
CMCSK,$57.59,1441728955929,"706,057",Not yet rated,NULL,$84
CBSH,$44.27,1441728955959,"71,263",50% bullish,of 2 ratings,$46
CBSHP,$25.3917,1441728955980,"7,371",100% bearish,of 1 rating,N/A
CUBN,$13.25,1441728956064,"4,100",Not yet rated,NULL,N/A
CVGI,$5.1,1441728956532,"72,805",50% bullish,of 2 ratings,$6
CSAL,$20.46,1441728956563,"142,802",75% bullish,of 4 ratings,$30
CYHHZ,$0.0111,1441728956587,"19,144",100% bullish,of 1 rating,N/A
COMM,$33.22,1441728956612,"275,983",67% bearish,of 3 ratings,$35
CTBI,$35.02,1441728956642,"4,327",Not yet rated,NULL,$36
ESXB,$5.04,1441728956667,"2,610",Not yet rated,NULL,N/A
JCS,$8.72,1441728956746,200,67% bullish,of 3 ratings,N/A
CVLT,$35.79,1441728956883,"38,586",75% bullish,of 4 ratings,$44.50
CIZ,$32.8799,1441728956914,220,100% bearish,of 1 rating,N/A
CIL,NULL,1441728957089,0,Not yet rated,NULL,N/A
CWBC,NULL,1441728957118,0,Not yet rated,NULL,N/A
CSA,NULL,1441728957141,0,Not yet rated,NULL,N/A
CID,NULL,1441728957170,0,Not yet rated,NULL,N/A
CDC,$34.2199,1441728957337,230,Not yet rated,NULL,N/A
COB,$10.36,1441728957391,"2,658",100% bullish,of 1 rating,$11.75
CSF,NULL,1441728957444,0,100% bearish,of 1 rating,N/A
CFO,$35.2,1441728957703,"1,305",100% bearish,of 1 rating,N/A
CFA,NULL,1441728957747,0,100% bearish,of 1 rating,N/A
CDL,NULL,1441728957809,0,Not yet rated,NULL,N/A
CSB,NULL,1441728957879,0,Not yet rated,NULL,N/A
CTG,$6.55,1441728957912,"7,356",100% bearish,of 1 rating,$8.50
CPSI,$45.4875,1441728958131,"10,189",100% bearish,of 1 rating,$45.50
SCOR,$48.13,1441728958189,"86,283",100% bearish,of 1 rating,$66
CMTL,$26.38,1441728958216,"9,147",100% bearish,of 2 ratings,$37
CHCI,$0.7,1441728958266,"17,541",50% bullish,of 2 ratings,N/A
CNAT,$3.94,1441728958291,"25,290",83% bullish,of 6 ratings,$13
CNSI,$18.785,1441728958347,"39,964",100% bearish,of 2 ratings,$29
CGEN,$5.19,1441728958515,"83,927",50% bullish,of 2 ratings,$11
CNCE,$16.4,1441728958541,"81,732",75% bullish,of 4 ratings,$22
CXRX,$76.21,1441728958611,"16,794",100% bearish,of 1 rating,$90
CDOR,$1.2998,1441728958887,"1,900",100% bullish,of 1 rating,N/A
CDORO,NULL,1441728958973,0,100% bearish,of 1 rating,N/A
CNFR,$9.916,1441728959014,"6,157",Not yet rated,NULL,N/A
CTWS,$34.45,1441728959044,"5,088",100% bearish,of 1 rating,$44
CCUR,$5.36,1441728959071,"4,883",75% bullish,of 4 ratings,N/A
CFMS,$14.6,1441728959112,"122,083",100% bearish,of 1 rating,$26.50
CNMD,$51.67,1441728959140,"10,471",Not yet rated,NULL,$59
CDORP,$6.3,1441728959210,"1,800",100% bearish,of 1 rating,N/A
CNOB,$19.28,1441728959338,"3,743",100% bullish,of 1 rating,$23.50
CNXR,$6.88,1441728959409,"15,542",100% bearish,of 1 rating,$12
CWCO,$10.58,1441728959434,"24,986",67% bullish,of 3 ratings,$14.50
CONN,$29.58,1441728959644,"212,802",67% bullish,of 3 ratings,$48.50
CNSL,$20.03,1441728959690,"25,672",100% bearish,of 1 rating,$23
CTCT,$25.18,1441728959823,"37,989",67% bullish,of 3 ratings,$37
CPSS,$5.49,1441728959878,"11,560",100% bullish,of 1 rating,$10
CFRX,$5.02,1441728959961,"10,845",Not yet rated,NULL,$14
CFRXZ,NULL,1441728959986,0,Not yet rated,NULL,N/A
CFRXW,NULL,1441728960017,0,100% bearish,of 1 rating,N/A
CTRL,$8.6,1441728960122,"47,489",50% bullish,of 2 ratings,$11
CTRV,$3.47,1441728960149,443,Not yet rated,NULL,$6.40
CPRT,$35.02,1441728960285,"77,310",67% bearish,of 3 ratings,$40
CRBP,$1.86,1441728960419,"27,811",100% bullish,of 2 ratings,$6.25
CORE,$59.23,1441728960440,"14,015",100% bearish,of 1 rating,$72
BVA,NULL,1441728960474,0,50% bullish,of 2 ratings,N/A
CORT,$5,1441728960518,"58,680",67% bullish,of 3 ratings,$12
CORI,$10.83,1441728960570,"10,298",100% bearish,of 1 rating,$18
CSOD,$37.19,1441728960662,"66,521",50% bullish,of 2 ratings,$42
CRVL,$32.71,1441728960916,"7,035",100% bearish,of 1 rating,N/A
CSGP,$177.31,1441728960945,"24,059",50% bullish,of 2 ratings,$235
CPAH,$0.4399,1441728960999,500,50% bullish,of 2 ratings,N/A
COSI,$1.08,1441728961073,"58,015",100% bullish,of 1 rating,N/A
CVTI,$23.09,1441728961137,"11,372",67% bearish,of 3 ratings,$39
ICBK,$19,1441728961174,"1,783",Not yet rated,NULL,$21
COST,$139.8804,1441728961266,"279,948",79% bullish,of 24 ratings,$154.50
COVS,$2.44,1441728961304,"63,599",67% bullish,of 3 ratings,N/A
COWN,$5.145,1441728961373,"272,910",75% bullish,of 4 ratings,$7
COWNL,NULL,1441728961479,0,Not yet rated,NULL,N/A
CRAI,$23.43,1441728961668,"14,513",100% bearish,of 1 rating,$36
CBRL,$148.07,1441728961742,"44,389",50% bullish,of 2 ratings,$155
BREW,$7.9701,1441728961770,"4,866",67% bullish,of 6 ratings,$15
CRAY,$21.515,1441728962015,"53,068",83% bullish,of 6 ratings,$38.50
CACC,$200.28,1441728962065,"30,814",50% bullish,of 2 ratings,$158.50
GLDI,$11.0499,1441728962114,"10,912",100% bearish,of 1 rating,N/A
CPSH,$2.39,1441728962139,"11,100",Not yet rated,NULL,N/A
CREE,$27.02,1441728962196,"265,528",65% bullish,of 17 ratings,$29.50
SLVO,$10.18,1441728962223,"1,703",100% bearish,of 1 rating,N/A
CRTO,$34.97,1441728962446,"258,875",67% bullish,of 6 ratings,$64
CRESY,$10.22,1441728962511,"6,568",100% bearish,of 1 rating,$19
CROX,$13.97,1441728962584,"187,650",63% bullish,of 8 ratings,$16.50
CRDS,$1.21,1441728962732,"16,937",50% bullish,of 4 ratings,$3.375
CRWN,$5.27,1441728962798,"67,638",75% bullish,of 4 ratings,N/A
CRWS,$8.147,1441728962823,"7,919",Not yet rated,NULL,$10
CCRN,$14.4,1441728962960,"68,084",100% bearish,of 1 rating,$14.25
CYRX,$3.08,1441728963064,"15,014",Not yet rated,NULL,$9
CCLP,$13.59,1441728963132,"28,951",67% bearish,of 3 ratings,$20
CTCM,$1.72,1441728963200,"78,829",80% bearish,of 5 ratings,$3.90
CYRXW,$0.78,1441728963224,"7,952",Not yet rated,NULL,N/A
CSPI,$5.78,1441728963261,200,67% bullish,of 3 ratings,N/A
CSGS,$30,1441728963287,"24,360",Not yet rated,NULL,$40
CTIB,NULL,1441728963422,0,100% bearish,of 1 rating,N/A
CTIC,$1.55,1441728963577,"286,580",84% bullish,of 76 ratings,$5.75
CTRP,$65.495,1441728963602,"486,551",75% bullish,of 8 ratings,$92.50
CUNB,$21.99,1441728963758,"2,255",Not yet rated,NULL,$24.50
CUI,$5.31,1441728963831,"3,050",50% bullish,of 2 ratings,$10
CPIX,$6.12,1441728963996,"4,986",Not yet rated,NULL,N/A
CRIS,$2.56,1441728964065,"41,140",100% bullish,of 8 ratings,$6
CMLS,$1.3,1441728964127,"45,893",50% bullish,of 4 ratings,$6
CUTR,$15.25,1441728964153,"7,698",67% bearish,of 3 ratings,$18
CVBF,$16.405,1441728964180,"134,156",Not yet rated,NULL,$18
CYBR,$46.31,1441728964206,"468,922",75% bullish,of 8 ratings,$68.50
CVV,$11.5498,1441728964239,"8,909",100% bullish,of 5 ratings,N/A
CYAN,$6.13,1441728964335,"1,026",100% bearish,of 1 rating,N/A
CYCC,$0.5899,1441728964576,"64,462",73% bullish,of 11 ratings,N/A
CYCCP,$5.5,1441728964710,564,100% bearish,of 1 rating,N/A
CYBE,$6.84,1441728964739,"3,187",100% bearish,of 1 rating,N/A
CYNA,$16.05,1441728964772,"1,420",50% bullish,of 2 ratings,$31.50
CYBX,$67.0099,1441728964798,"179,599",50% bullish,of 4 ratings,$71.50
CBAY,$2.911,1441728964838,"275,406",100% bullish,of 2 ratings,$4
CY,$10.23,1441728965198,"709,472",80% bullish,of 10 ratings,$15.50
CYRN,$1.7699,1441728965249,"2,831",67% bullish,of 3 ratings,$4
CONE,$32.5,1441728965354,"94,464",67% bearish,of 3 ratings,$35.50
CYNO,$34.57,1441728965438,"55,039",67% bearish,of 3 ratings,$45.50
CYTX,$0.3983,1441728965468,"1,208,650",83% bullish,of 12 ratings,$5.50
CYTR,$2.53,1441728965542,"230,236",67% bullish,of 6 ratings,$10
CYTK,$7.55,1441728965601,"99,976",71% bullish,of 14 ratings,$13.50
CTSO,$7.45,1441728965626,"13,763",Not yet rated,NULL,$15.625
DAEG,$0.35,1441728965685,"1,800",100% bearish,of 1 rating,N/A
TVIZ,$22.93,1441728965968,"1,107",100% bearish,of 1 rating,N/A
TVIX,$14.815,1441728966000,"4,195,787",81% bullish,of 16 ratings,N/A
ZIV,$35.97,1441728966026,"43,151",Not yet rated,NULL,N/A
XIV,$24.1801,1441728966107,"7,713,220",75% bearish,of 4 ratings,N/A
DJCO,$198.4999,1441728966277,900,Not yet rated,NULL,N/A
DAKT,$8.54,1441728966302,"32,737",50% bullish,of 2 ratings,$12
DAIO,$2.59,1441728966330,"5,511",Not yet rated,NULL,N/A
DARA,$0.835,1441728966374,"9,080",83% bullish,of 6 ratings,$1.50
DTLK,$5.59,1441728966509,"26,104",100% bearish,of 1 rating,$9
DWCH,$4.85,1441728966590,"21,562",75% bullish,of 4 ratings,$8.25
DRAM,$1.3,1441728966647,"7,436",78% bullish,of 9 ratings,N/A
PLAY,$36.815,1441728966672,"120,739",100% bullish,of 5 ratings,$42
DBVT,$36.71,1441728966891,"25,716",100% bearish,of 1 rating,$53
DWSN,$4.4,1441728967070,"1,969",67% bullish,of 3 ratings,N/A
TRAK,$62.87,1441728967099,"73,148",50% bullish,of 2 ratings,$62.50
DFRG,$14.12,1441728967129,"52,872",100% bearish,of 1 rating,$20
TACO,$14.02,1441728967207,"158,707",75% bullish,of 4 ratings,$20
DTEA,$13.22,1441728967233,"38,769",100% bearish,of 2 ratings,$24
TACOW,$4.88,1441728967287,"9,700",100% bullish,of 1 rating,N/A
DHRM,$1.6,1441728967316,"1,000",Not yet rated,NULL,N/A
DCTH,$0.525,1441728967337,"486,247",78% bullish,of 9 ratings,N/A
DGAS,$20.3,1441728967507,516,67% bearish,of 3 ratings,N/A
DELT,$2.2,1441728967597,100,Not yet rated,NULL,N/A
DENN,$11.4,1441728967686,"46,929",100% bullish,of 3 ratings,$15
DELTW,$0.17,1441728967765,"2,200",Not yet rated,NULL,N/A
DEPO,$27.33,1441728967866,"395,397",60% bullish,of 5 ratings,$29
XRAY,$52.15,1441728967974,"118,131",100% bullish,of 1 rating,$58
DEST,$10.22,1441728968043,"13,129",50% bullish,of 2 ratings,N/A
DERM,$26.96,1441728968078,"22,917",100% bearish,of 1 rating,$33.50
DSCI,$6.29,1441728968140,"16,361",50% bullish,of 2 ratings,$16
DSWL,$1.52,1441728968168,"5,333",100% bullish,of 1 rating,N/A
DXLG,$6.465,1441728968211,"31,141",100% bearish,of 1 rating,$8
DHXM,$6.16,1441728968343,"2,900",100% bearish,of 1 rating,N/A
DXM,$0.43,1441728968415,"1,018,933",50% bullish,of 2 ratings,N/A
DMND,$30.95,1441728968478,"16,710",75% bullish,of 12 ratings,$32
DXCM,$89.45,1441728968585,"95,764",57% bullish,of 7 ratings,$98
DHIL,$190.33,1441728968611,849,100% bearish,of 1 rating,N/A
FANG,$67.66,1441728968638,"158,278",50% bullish,of 2 ratings,$86
DCIX,$1.55,1441728968798,"13,500",50% bullish,of 4 ratings,$3.50
DRNA,$11.175,1441728968965,"52,046",67% bearish,of 3 ratings,$25
DGII,$10.4699,1441728969018,"24,032",100% bearish,of 1 rating,$11
DRAD,$3.82,1441728969051,"3,453",100% bullish,of 1 rating,$5.25
DMRC,$39.5,1441728969072,"18,576",100% bearish,of 1 rating,$44
APPS,$2.2,1441728969146,"32,360",100% bearish,of 1 rating,$10.25
DGLY,$7.3247,1441728969176,"31,918",50% bullish,of 6 ratings,$20
DCOM,$16.7801,1441728969416,"16,220",100% bearish,of 2 ratings,$16
DIOD,$23.1,1441728969487,"92,288",75% bearish,of 4 ratings,$28
DISCA,$27.405,1441728969516,"729,914",67% bullish,of 3 ratings,$34
DISCB,$27.35,1441728969548,200,100% bearish,of 1 rating,$35
DPRX,$14.404,1441728969574,"9,623",100% bullish,of 2 ratings,$27.75
DISCK,$25.82,1441728969595,"353,715",100% bearish,of 1 rating,$32
DSCO,$0.435,1441728969846,"36,702",83% bullish,of 6 ratings,$2.75
DISH,$60.0506,1441728969906,"185,606",69% bullish,of 13 ratings,$73
BAGR,$2.71,1441728970055,"6,900",100% bearish,of 1 rating,$6
DNBF,$26.3,1441728970083,200,Not yet rated,NULL,$27.50
DLTR,$68.005,1441728970104,"1,102,828",82% bullish,of 11 ratings,$85
DLHC,NULL,1441728970137,0,100% bearish,of 1 rating,N/A
DVCR,$10.6301,1441728970158,"2,220",100% bullish,of 1 rating,N/A
DGICA,$13.8,1441728970431,"2,835",100% bearish,of 1 rating,$17
DGICB,NULL,1441728970568,0,100% bearish,of 1 rating,N/A
DORM,$50.54,1441728970600,"26,519",100% bearish,of 1 rating,$56
DRWI,$0.1833,1441728970628,"296,957",60% bullish,of 5 ratings,$.45
DMLP,$15,1441728970671,"9,696",100% bearish,of 1 rating,N/A
HILL,$9.68,1441728970719,"504,121",60% bearish,of 5 ratings,$9.75
DWA,$21.2,1441728970756,"93,310",63% bullish,of 8 ratings,$26
DRWIW,$0.0366,1441728970958,"16,200",Not yet rated,NULL,N/A
DRYS,$0.464,1441728971018,"931,410",77% bullish,of 31 ratings,$.60
DSPG,$8.97,1441728971158,"3,386",100% bearish,of 1 rating,$13.50
CADT,$10,1441728971189,100,Not yet rated,NULL,N/A
DSKX,$3.4284,1441728971211,"32,931",100% bullish,of 1 rating,N/A
CADTR,NULL,1441728971238,0,Not yet rated,NULL,N/A
CADTW,NULL,1441728971297,0,Not yet rated,NULL,N/A
CADTU,$10.26,1441728971401,201,Not yet rated,NULL,N/A
DTSI,$27.3501,1441728971474,"31,488",100% bearish,of 2 ratings,$39.50
DNKN,$49.26,1441728971538,"124,936",67% bullish,of 15 ratings,$56.50
DXPE,$31.1399,1441728971568,"33,637",50% bullish,of 2 ratings,N/A
DRRX,$2.175,1441728971601,"27,687",50% bullish,of 6 ratings,$3
DYAX,$22.57,1441728971671,"125,700",89% bullish,of 9 ratings,$30
BOOM,$10.11,1441728971700,"53,595",67% bullish,of 3 ratings,$12
DYSL,$1.4903,1441728971918,"2,408",100% bullish,of 2 ratings,N/A
DYNT,NULL,1441728971974,0,75% bullish,of 4 ratings,N/A
DVAX,$29,1441728972051,"49,470",70% bullish,of 10 ratings,$40
ETFC,$27.47,1441728972177,"1,814,733",57% bullish,of 14 ratings,$32.50
EGLE,$6.57,1441728972203,"2,918",60% bullish,of 5 ratings,N/A
EGBN,$41.86,1441728972224,"9,365",Not yet rated,NULL,$48
EBMT,$11.46,1441728972277,"4,513",Not yet rated,NULL,$13.50
EROC,$1.5,1441728972373,"43,591",50% bullish,of 2 ratings,$3
EGRX,$83.29,1441728972431,"100,909",67% bullish,of 3 ratings,$97
ELNK,$8.54,1441728972620,"81,955",60% bullish,of 5 ratings,$9.50
EACQU,$10.15,1441728972670,"1,100",Not yet rated,NULL,N/A
EWBC,$39.52,1441728972699,"137,062",100% bearish,of 1 rating,$50
EML,$16.4,1441728972805,20,Not yet rated,NULL,N/A
EBIX,$28.01,1441728972859,"43,413",69% bullish,of 13 ratings,$40
EVBS,$6.8,1441728972937,"12,207",Not yet rated,NULL,$7
EBAY,$26.355,1441728972999,"4,034,624",81% bullish,of 117 ratings,$33
ELON,$0.6002,1441728973137,"45,647",50% bullish,of 2 ratings,N/A
SATS,$44.09,1441728973268,"10,760",50% bullish,of 2 ratings,$60
ECHO,$23.19,1441728973296,"54,986",67% bearish,of 3 ratings,$34.50
ECTE,$1.48,1441728973396,"1,000",75% bullish,of 4 ratings,N/A
ECACU,$10.1,1441728973424,"7,500",Not yet rated,NULL,N/A
EEI,$11.9399,1441728973576,"1,900",67% bearish,of 3 ratings,N/A
EDAP,$3.62,1441728973635,"10,244",60% bullish,of 5 ratings,$4.50
ESES,$3.44,1441728973769,500,100% bearish,of 1 rating,$7
EGAN,$3.81,1441728973803,"8,293",50% bullish,of 2 ratings,$6.25
EDGW,$7.22,1441728973824,875,100% bearish,of 1 rating,N/A
EDUC,$7.0499,1441728973853,"19,313",100% bearish,of 1 rating,N/A
EFUT,$4.66,1441728973903,"1,159",Not yet rated,NULL,N/A
EGLT,$13.4,1441728974055,"25,491",50% bullish,of 2 ratings,$21
EHTH,$14.43,1441728974151,"35,825",50% bullish,of 4 ratings,$17
LOCO,$12.425,1441728974283,"191,324",69% bullish,of 13 ratings,$19.50
ERI,$9.45,1441728974427,"22,432",100% bearish,of 1 rating,$10
EA,$67.33,1441728974456,"766,077",78% bullish,of 36 ratings,$80
ESLT,$79.66,1441728974489,"2,223",67% bullish,of 3 ratings,N/A
EMITF,$1.26,1441728974559,"63,202",75% bullish,of 4 ratings,N/A
ELRC,$10.53,1441728974584,"6,582",100% bearish,of 1 rating,N/A
ESIO,$4.8,1441728974611,"19,845",50% bullish,of 2 ratings,$10
EFII,$43.91,1441728974763,"25,707",80% bullish,of 5 ratings,$55
ELEC,NULL,1441728974823,0,Not yet rated,NULL,N/A
ELECW,NULL,1441728975005,0,Not yet rated,NULL,N/A
ELECU,$10.09,1441728975090,700,Not yet rated,NULL,N/A
EBIO,$3.35,1441728975119,"62,379",100% bearish,of 2 ratings,$8.35
RDEN,$11.7,1441728975147,"15,189",100% bearish,of 4 ratings,$15
ELSE,NULL,1441728975219,0,60% bullish,of 5 ratings,N/A
CAPX,NULL,1441728975392,0,Not yet rated,NULL,N/A
ESBK,$19.63,1441728975456,795,Not yet rated,NULL,N/A
EMKR,$6.92,1441728975588,"22,944",75% bullish,of 4 ratings,$8.50
ELTK,$1.2806,1441728975616,"17,367",67% bearish,of 3 ratings,N/A
EMCF,$22.9,1441728975743,200,100% bearish,of 1 rating,N/A
LONG,$16.91,1441728975769,"4,000",67% bullish,of 3 ratings,$15.75
EMMSP,NULL,1441728975842,0,100% bearish,of 1 rating,N/A
EMMS,$1.25,1441728975900,"10,500",67% bullish,of 6 ratings,N/A
EMCI,$22.34,1441728975980,"1,890",Not yet rated,NULL,N/A
ERS,NULL,1441728976033,0,Not yet rated,NULL,N/A
NYNY,$4.79,1441728976116,"23,606",50% bullish,of 2 ratings,N/A
WIRE,$33.61,1441728976219,"24,643",100% bearish,of 1 rating,$37
ECPG,$37.035,1441728976276,"58,371",100% bullish,of 2 ratings,$52
ENTA,$39.55,1441728976301,"44,489",50% bullish,of 2 ratings,$42
ENDP,$75.41,1441728976432,"298,731",50% bullish,of 6 ratings,$101.50
ELGX,$13.3,1441728976539,"111,325",75% bullish,of 4 ratings,$17
ECYT,$5.09,1441728976566,"102,743",83% bullish,of 6 ratings,$12
WATT,$6.8008,1441728976696,"24,101",50% bullish,of 2 ratings,$13
EFOI,$27.9,1441728976725,"590,502",67% bullish,of 3 ratings,$24.50
EXXI,$1.77,1441728976764,"510,677",86% bullish,of 7 ratings,$3.50
EIGI,$14.97,1441728976829,"60,940",67% bearish,of 3 ratings,$22.50
ERII,$2.615,1441728976857,"12,810",80% bullish,of 5 ratings,$2.50
ENOC,$9.25,1441728976989,"71,575",75% bullish,of 4 ratings,$18
ENG,$1.01,1441728977067,"1,345",100% bullish,of 3 ratings,N/A
ENPH,$4.67,1441728977210,"196,378",75% bullish,of 4 ratings,$10
ENFC,$17.58,1441728977368,100,Not yet rated,NULL,N/A
ESGR,$150,1441728977413,"14,840",100% bearish,of 1 rating,$185
ENTG,$13.67,1441728977494,"148,755",100% bearish,of 1 rating,$18
ENTL,$22.66,1441728977585,"7,490",Not yet rated,NULL,$28
EBTC,$21.25,1441728977611,800,Not yet rated,NULL,N/A
ETRM,$0.2751,1441728977632,"281,748",69% bearish,of 35 ratings,$1.625
EFSC,$24.04,1441728977666,"6,308",Not yet rated,NULL,$27
EGT,$2.0001,1441728977687,"8,721",100% bullish,of 1 rating,N/A
ENZN,$1.0142,1441728978048,"58,532",100% bullish,of 9 ratings,N/A
EPRS,$5.3444,1441728978073,"9,675",82% bullish,of 11 ratings,$15
ENVI,$1.97,1441728978103,"62,522",67% bullish,of 3 ratings,N/A
EPIQ,$12.46,1441728978128,"8,512",100% bearish,of 1 rating,$18
ENZY,$10.44,1441728978154,"22,301",67% bullish,of 3 ratings,$9.50
EPZM,$20.02,1441728978206,"52,085",60% bullish,of 5 ratings,$34
PLUS,$76.06,1441728978433,"6,716",50% bullish,of 2 ratings,$88
ESCA,$18.378,1441728978562,"2,804",100% bearish,of 1 rating,$22
ERIC,$9.78,1441728978591,"700,888",67% bullish,of 9 ratings,$12.20
EQIX,$275.89,1441728978626,"108,521",75% bullish,of 4 ratings,$312.50
EAC,$3.5,1441728978696,"4,208",100% bearish,of 1 rating,$8
ESCR,$0.37,1441728978757,"396,625",50% bullish,of 2 ratings,N/A
EQFN,$8.12,1441728978778,500,100% bearish,of 1 rating,N/A
ERIE,$79.98,1441728978862,"5,188",Not yet rated,NULL,$73
ESMC,$1.29,1441728978950,"1,100",Not yet rated,NULL,N/A
ESCRP,$1.32,1441728979168,"13,536",100% bearish,of 1 rating,N/A
ESSA,$12.92,1441728979347,"1,600",100% bearish,of 1 rating,N/A
ESPR,$46.01,1441728979372,"115,469",70% bearish,of 10 ratings,$115
EEFT,$67.64,1441728979504,"35,318",100% bearish,of 1 rating,$67.50
EPIX,$6.07,1441728979535,"1,250",Not yet rated,NULL,N/A
ESND,$34.18,1441728979562,"16,655",100% bearish,of 2 ratings,$40
ETSY,$14.3298,1441728979593,"64,791",80% bullish,of 5 ratings,$16
ESEA,$4.457,1441728979701,599,100% bullish,of 1 rating,$15
ESSX,$0.48,1441728979773,"2,450",50% bullish,of 2 ratings,N/A
EVEP,$8.55,1441728979841,"74,610",50% bullish,of 2 ratings,$14
CLWT,NULL,1441728979875,0,100% bearish,of 1 rating,N/A
EVOK,$3.5201,1441728979972,"3,139",100% bearish,of 1 rating,$13.375
EVK,NULL,1441728980031,0,75% bearish,of 4 ratings,N/A
EVLV,$2.57,1441728980164,"47,614",60% bullish,of 5 ratings,$4.625
EVOL,$5.54,1441728980200,"10,704",75% bullish,of 4 ratings,$10
EXA,$10.65,1441728980446,666,100% bearish,of 1 rating,$13
EXAC,$19.25,1441728980496,"7,892",100% bearish,of 1 rating,$22.50
EXAS,$20.54,1441728980522,"357,084",78% bullish,of 9 ratings,$31
EXEL,$5.92,1441728980544,"1,262,967",81% bullish,of 16 ratings,$6
EXLS,$37.315,1441728980674,"20,126",50% bullish,of 2 ratings,$41
EXPE,$113.5,1441728980699,"213,012",64% bullish,of 11 ratings,$130
EXFO,$2.99,1441728980746,"2,765",67% bearish,of 3 ratings,$3.95
EXPD,$48.005,1441728980776,"770,220",80% bullish,of 5 ratings,$52
ESRX,$83.8,1441728980928,"1,094,743",67% bearish,of 6 ratings,$101
EXPO,$43.2,1441728980953,"12,534",100% bearish,of 1 rating,$45.50
EXTR,$3.195,1441728980978,"158,848",80% bullish,of 5 ratings,$3
EXLP,$18.35,1441728981117,"21,911",100% bearish,of 1 rating,$25
EYEGW,$0.998,1441728981349,200,Not yet rated,NULL,N/A
FFIV,$120.15,1441728981508,"116,801",63% bullish,of 8 ratings,$132
EZCH,$22.97,1441728981533,"36,880",75% bullish,of 8 ratings,$19
FCS,$13.94,1441728981559,"605,945",67% bearish,of 3 ratings,$17
EYEG,$4.1,1441728981691,"26,567",Not yet rated,NULL,N/A
EZPW,$6.15,1441728981738,"39,767",50% bullish,of 4 ratings,$7
FRP,$15.71,1441728981795,"33,354",100% bearish,of 1 rating,$18
FB,$89.31,1441728981871,"7,524,191",74% bullish,of 1078 ratings,$111
FWM,$2.28,1441728981903,"72,528",100% bearish,of 2 ratings,$3.20
DAVE,$15.21,1441728981977,"8,279",100% bearish,of 1 rating,$15.50
FALC,$1.77,1441728982004,"15,159",63% bearish,of 8 ratings,N/A
FARM,$22.065,1441728982079,"8,498",100% bearish,of 1 rating,$35
FMNB,$8.31,1441728982180,"2,200",Not yet rated,NULL,N/A
FFKT,$25.7,1441728982311,"1,077",Not yet rated,NULL,$29
FARO,$37.495,1441728982490,"24,245",50% bullish,of 2 ratings,$48
FAST,$38.44,1441728982519,"597,421",80% bullish,of 5 ratings,$43
FDML,$8.29,1441728982575,"66,637",50% bullish,of 4 ratings,$14
FATE,$6.33,1441728982605,"2,655",50% bullish,of 2 ratings,$11
FBRC,$22.29,1441728982626,"4,011",100% bearish,of 1 rating,$29
FBSS,NULL,1441728982661,0,Not yet rated,NULL,N/A
FEIC,$75.56,1441728982682,"54,580",50% bullish,of 2 ratings,$95.50
FNHC,$21.77,1441728982815,"8,742",100% bearish,of 1 rating,$35
FHCO,$1.4,1441728983038,"5,532",50% bullish,of 4 ratings,N/A
FENX,$9.69,1441728983076,"19,300",100% bullish,of 1 rating,$14.25
FCSC,$5.98,1441728983140,"46,509",100% bearish,of 1 rating,$8.125
ONEQ,$187.662,1441728983166,"5,325",100% bullish,of 1 rating,N/A
FGEN,$25.36,1441728983210,"223,179",100% bearish,of 1 rating,$39
LION,$19.96,1441728983422,"16,158",100% bullish,of 1 rating,$20
FRGI,$52.15,1441728983523,"10,292",50% bullish,of 2 ratings,$70
FSAM,$7.7,1441728983566,"10,457",100% bearish,of 1 rating,$10.25
FSCFL,$24.6875,1441728983663,600,Not yet rated,NULL,N/A
FITB,$19.61,1441728983694,"807,888",54% bullish,of 13 ratings,$22
FSFR,$8.8055,1441728983796,"26,093",100% bearish,of 1 rating,$11.50
FSC,$6.54,1441728983851,"203,932",60% bullish,of 5 ratings,$8
FITBI,$27.5,1441728983876,"26,422",Not yet rated,NULL,N/A
FDUS,$14.58,1441728983904,"5,144",50% bullish,of 2 ratings,$18
FNGN,$29.78,1441728984042,"77,685",67% bullish,of 3 ratings,$47
FISI,$24.39,1441728984246,"2,478",100% bullish,of 2 ratings,$24.50
FNTC,NULL,1441728984303,0,Not yet rated,NULL,N/A
FNTCU,NULL,1441728984348,0,Not yet rated,NULL,N/A
FNTCW,NULL,1441728984435,0,Not yet rated,NULL,N/A
FNSR,$15.35,1441728984465,"166,206",71% bullish,of 7 ratings,$24
FEYE,$37.93,1441728984501,"1,117,913",88% bullish,of 16 ratings,$55.50
FRBA,$6.11,1441728984564,900,Not yet rated,NULL,$8
FBNC,$16.99,1441728984698,"1,143",100% bullish,of 1 rating,$20
FNJN,$1.69,1441728984726,"2,272",100% bearish,of 1 rating,$5
BUSE,$19.49,1441728984866,"16,561",Not yet rated,NULL,$6.875
FBIZ,$23.04,1441728984899,"8,975",100% bearish,of 2 ratings,$26
FCVA,$4.63,1441728984931,200,Not yet rated,NULL,N/A
FNLC,$18.9499,1441728984960,"1,390",100% bullish,of 1 rating,N/A
FCAP,$26.1,1441728985060,680,Not yet rated,NULL,N/A
FCFS,$39.29,1441728985094,"6,255",100% bearish,of 3 ratings,$47
FCNCA,$233.27,1441728985393,"1,127",Not yet rated,NULL,N/A
FCBC,$17.62,1441728985426,"3,711",Not yet rated,NULL,$18
FBNK,$17.01,1441728985489,"29,119",100% bearish,of 1 rating,$17.50
FCCO,$12.39,1441728985521,200,Not yet rated,NULL,$13.25
FCLF,$9.19,1441728985546,200,Not yet rated,NULL,N/A
FFBC,$18.38,1441728985737,"12,377",67% bearish,of 3 ratings,$20.25
FDEF,$37.19,1441728985790,"5,116",Not yet rated,NULL,$38
FCFP,$6.88,1441728985837,600,Not yet rated,NULL,N/A
FFNM,$6.49,1441728985919,"1,000",Not yet rated,NULL,N/A
FFBCW,NULL,1441728985966,0,100% bearish,of 1 rating,N/A
FFIN,$30.385,1441728985997,"17,234",50% bullish,of 2 ratings,$31.75
THFF,$32.735,1441728986023,"6,572",Not yet rated,NULL,$35
FFWM,$21.93,1441728986378,"10,602",Not yet rated,NULL,$24
INBK,$29.49,1441728986406,"8,644",50% bullish,of 2 ratings,$37
FFNW,$12.24,1441728986431,"1,378",Not yet rated,NULL,$14
FMBH,NULL,1441728986574,0,Not yet rated,NULL,N/A
FIBK,$26.51,1441728986599,"11,733",Not yet rated,NULL,$32
FRME,$26.3,1441728986624,"16,566",Not yet rated,NULL,$26.50
FMBI,$17.63,1441728986665,"28,592",Not yet rated,NULL,$20
FNFG,$9.2,1441728986860,"352,099",80% bullish,of 5 ratings,$9
FNBC,$34.95,1441728986921,"16,704",Not yet rated,NULL,$40
FNWB,$12.15,1441728986977,"4,548",Not yet rated,NULL,N/A
FSGI,$2.46,1441728987007,"5,370",Not yet rated,NULL,N/A
BICK,NULL,1441728987056,0,100% bullish,of 1 rating,N/A
FSBK,$7.77,1441728987109,100,100% bullish,of 1 rating,N/A
FSFG,$30.48,1441728987142,787,Not yet rated,NULL,N/A
FSLR,$48.89,1441728987191,"332,583",72% bullish,of 39 ratings,$65
FBZ,NULL,1441728987378,0,Not yet rated,NULL,N/A
FCAN,NULL,1441728987552,0,Not yet rated,NULL,N/A
FTCS,$36.0401,1441728987654,"5,148",100% bearish,of 1 rating,N/A
FV,$23.32,1441728987722,"456,198",100% bearish,of 1 rating,N/A
FCA,$19.77,1441728987747,415,Not yet rated,NULL,N/A
IFV,$17.675,1441728987782,"96,169",100% bearish,of 1 rating,N/A
FEUZ,$30.89,1441728987882,100,Not yet rated,NULL,N/A
FEMB,$41.09,1441728988011,"3,600",Not yet rated,NULL,N/A
MDIV,$19.016,1441728988041,"45,535",Not yet rated,NULL,N/A
FTSM,$59.95,1441728988062,"20,361",100% bearish,of 1 rating,N/A
TDIV,$24.7999,1441728988095,"26,335",100% bearish,of 1 rating,N/A
FGM,$35.862,1441728988141,"6,810",Not yet rated,NULL,N/A
FTHI,$19.27,1441728988288,100,Not yet rated,NULL,N/A
HYLS,$49.73,1441728988361,"8,540",100% bearish,of 1 rating,N/A
FTGC,$22.47,1441728988391,"16,807",Not yet rated,NULL,N/A
FHK,$33.68,1441728988537,"1,300",Not yet rated,NULL,N/A
FPXI,$26.86,1441728988562,200,Not yet rated,NULL,N/A
CU,$13,1441728988841,"3,078",100% bearish,of 1 rating,N/A
SKYY,$28.5299,1441728988869,"13,498",100% bullish,of 1 rating,N/A
FJP,$45.08,1441728988898,"53,456",Not yet rated,NULL,N/A
YDIV,NULL,1441728988919,0,Not yet rated,NULL,N/A
PLTM,$6.18,1441728988949,220,100% bearish,of 1 rating,N/A
LMBS,NULL,1441728988979,0,Not yet rated,NULL,N/A
FTLB,NULL,1441728989083,0,100% bearish,of 1 rating,N/A
FMB,$50.97,1441728989112,"4,888",Not yet rated,NULL,N/A
CIBR,$17.5,1441728989271,"9,069",Not yet rated,NULL,N/A
QABA,$37.47,1441728989306,"1,692",100% bearish,of 1 rating,N/A
FONE,$35.21,1441728989439,137,Not yet rated,NULL,N/A
GRID,$31.11,1441728989571,35,100% bearish,of 1 rating,N/A
CARZ,$34.95,1441728989633,"3,139",100% bearish,of 1 rating,N/A
RDVY,$20.8765,1441728989702,"2,290",Not yet rated,NULL,N/A
QCLN,$15.411,1441728989735,"10,071",Not yet rated,NULL,N/A
QQEW,$41.6299,1441728989781,"11,668",Not yet rated,NULL,N/A
QQXT,$40.15,1441728989920,892,Not yet rated,NULL,N/A
QINC,NULL,1441728990024,0,Not yet rated,NULL,N/A
QTEC,$40.1,1441728990049,"4,230",Not yet rated,NULL,N/A
FTSL,$48.8804,1441728990210,"9,379",100% bearish,of 1 rating,N/A
FKO,NULL,1441728990235,0,Not yet rated,NULL,N/A
AIRR,$16.55,1441728990267,"1,120",100% bearish,of 1 rating,N/A
FDIV,$47.4,1441728990315,300,100% bearish,of 1 rating,N/A
FSZ,$38.46,1441728990398,916,Not yet rated,NULL,N/A
TUSA,$24.83,1441728991119,508,Not yet rated,NULL,N/A
FTW,NULL,1441728991249,0,Not yet rated,NULL,N/A
FKU,$41.68,1441728991321,"2,073",Not yet rated,NULL,N/A
SVVC,$9.17,1441728991492,"4,650",50% bullish,of 2 ratings,$26
FMER,$17.575,1441728991761,"98,401",50% bullish,of 2 ratings,$20
FUNC,$8.06,1441728991920,"1,800",Not yet rated,NULL,N/A
FSV,$32.05,1441728991966,"2,000",Not yet rated,NULL,$33.60
FIVE,$34.025,1441728992069,"374,511",75% bearish,of 4 ratings,$43.50
FIVN,$3.76,1441728992095,"26,042",100% bullish,of 1 rating,$8.50
FPRX,$19.94,1441728992174,"38,844",50% bullish,of 2 ratings,$35
FISV,$85.555,1441728992201,"235,502",100% bearish,of 3 ratings,$90
FLML,$22.68,1441728992328,"64,242",50% bullish,of 2 ratings,$30
FLKS,$11.77,1441728992430,"22,229",50% bullish,of 2 ratings,$27
SKOR,$50.44,1441728992560,"4,600",Not yet rated,NULL,N/A
FLXN,$28.28,1441728992605,"28,725",100% bearish,of 1 rating,$40
MBSD,$24.93,1441728992658,"2,400",Not yet rated,NULL,N/A
FLEX,$10.505,1441728992691,"560,833",63% bullish,of 8 ratings,$12
FLXS,$30.8,1441728992734,"1,570",100% bearish,of 2 ratings,N/A
FLDM,$11.29,1441728992792,"57,934",67% bearish,of 3 ratings,$15
FLIR,$28.8299,1441728992864,"155,793",100% bearish,of 2 ratings,$38.50
FFIC,$19.57,1441728992966,"6,358",Not yet rated,NULL,$20.50
FOMX,$9.95,1441728993108,"16,678",50% bullish,of 2 ratings,$23.50
FOGO,$19.37,1441728993133,"10,578",50% bullish,of 2 ratings,$25.50
FONR,$10.8,1441728993159,"20,300",100% bullish,of 1 rating,N/A
FES,$0.8601,1441728993396,"33,600",50% bullish,of 2 ratings,$1
FORTY,NULL,1441728993423,0,100% bearish,of 1 rating,N/A
FORM,$6.83,1441728993449,"27,488",67% bullish,of 3 ratings,$10.50
FORR,$30.85,1441728993497,"5,987",Not yet rated,NULL,N/A
FORD,$1.6401,1441728993578,"786,963",67% bullish,of 3 ratings,N/A
FWRD,$44.8,1441728993603,"21,554",100% bearish,of 1 rating,$50
FTNT,$42.64,1441728993635,"274,216",80% bullish,of 10 ratings,$52
FBIO,$2.54,1441728993670,"34,740",83% bullish,of 6 ratings,N/A
FOSL,$60.94,1441728993913,"180,382",60% bearish,of 5 ratings,$80
FWP,$25.89,1441728993970,"18,300",100% bearish,of 1 rating,$45
FXCB,$17.14,1441728993995,735,Not yet rated,NULL,$19
FMI,$23.2,1441728994045,"28,507",100% bearish,of 2 ratings,$27.50
FOXF,$15.29,1441728994070,"5,097",100% bearish,of 1 rating,$19
FELE,$27.86,1441728994131,"30,928",50% bullish,of 4 ratings,$33
FRAN,$12.46,1441728994202,"433,420",50% bullish,of 4 ratings,$15
FREE,$0.3403,1441728994354,"302,093",92% bullish,of 12 ratings,N/A
FEIM,$10.76,1441728994485,"1,400",100% bearish,of 1 rating,N/A
FRED,$12.93,1441728994520,"25,685",50% bullish,of 2 ratings,$15.50
FTR,$5.37,1441728994553,"4,383,438",78% bullish,of 27 ratings,$6.25
FRPT,$12.52,1441728994574,"63,504",67% bearish,of 3 ratings,$23.50
RAIL,$20.45,1441728994606,"25,010",100% bearish,of 1 rating,$24.50
FTRPR,$104.7,1441728994665,"20,514",100% bearish,of 1 rating,N/A
FRPH,$30.505,1441728994807,"4,424",100% bearish,of 1 rating,N/A
FSBW,$23.29,1441728994936,300,Not yet rated,NULL,N/A
FTD,$29.18,1441728994964,"6,318",100% bearish,of 1 rating,$40
FSYS,$6.3,1441728995101,"70,100",67% bullish,of 3 ratings,$8.50
FTEK,$2.0199,1441728995147,"7,877",75% bullish,of 4 ratings,N/A
FULLL,$25.2999,1441728995234,900,Not yet rated,NULL,N/A
FCEL,$0.9133,1441728995259,"613,235",88% bullish,of 41 ratings,$2.65
FLL,$1.485,1441728995416,"2,937",75% bullish,of 4 ratings,$3.50
FULL,$3.11,1441728995470,"16,068",67% bearish,of 3 ratings,$4.25
FFHL,NULL,1441728995542,0,50% bullish,of 4 ratings,N/A
FULT,$11.96,1441728995605,"104,375",100% bearish,of 1 rating,$13
FXEN,$0.986,1441728995634,"11,805",75% bullish,of 4 ratings,$1.10
FXENP,$15.13,1441728995691,700,100% bearish,of 1 rating,N/A
FSNN,$2.28,1441728995712,"8,100",67% bullish,of 3 ratings,$6
GK,$67.68,1441728995800,"7,228",Not yet rated,NULL,$78
WILC,NULL,1441728996039,0,100% bullish,of 2 ratings,N/A
GALT,$2.12,1441728996085,"49,106",80% bullish,of 5 ratings,N/A
GAIA,$5.97,1441728996219,"6,943",50% bullish,of 2 ratings,$8.50
GALTU,NULL,1441728996351,0,100% bearish,of 1 rating,N/A
GLMD,$8.56,1441728996383,"2,563",67% bullish,of 3 ratings,$20.50
GALE,$1.58,1441728996409,"149,048",89% bullish,of 47 ratings,$4
GALTW,NULL,1441728996434,0,100% bullish,of 1 rating,N/A
GLPI,$30.52,1441728996487,"69,768",100% bearish,of 1 rating,$37.50
GLPG,$59.17,1441728996516,"3,133",100% bullish,of 1 rating,$75
GPIC,$9.77,1441728996591,"2,500",100% bearish,of 1 rating,N/A
GRMN,$37.265,1441728996766,"209,957",50% bullish,of 6 ratings,$46.50
GGAC,$9.92,1441728996803,81,100% bearish,of 1 rating,N/A
GGACR,$0.24,1441728996906,"9,000",100% bullish,of 1 rating,N/A
GGACU,NULL,1441728996930,0,Not yet rated,NULL,N/A
GGACW,$0.1469,1441728996954,480,Not yet rated,NULL,N/A
GARS,$14.562,1441728997280,"15,624",Not yet rated,NULL,$16
GNCMA,$17.355,1441728997306,"25,631",100% bearish,of 1 rating,$12
GENC,$9.04,1441728997341,200,100% bearish,of 1 rating,N/A
GFNCP,$88.5,1441728997382,70,Not yet rated,NULL,N/A
GENE,$2.39,1441728997441,"39,491",100% bullish,of 12 ratings,N/A
GFNSL,$25.5,1441728997472,600,Not yet rated,NULL,N/A
GFN,$3.76,1441728997511,"5,975",100% bearish,of 2 ratings,$8
GNMK,$9.95,1441728997572,"10,017",67% bullish,of 6 ratings,$14
GHDX,$25.21,1441728997731,"16,137",50% bullish,of 2 ratings,$30
GNCA,$11.17,1441728997897,"13,300",100% bearish,of 1 rating,$20
THRM,$45.73,1441728997924,"60,037",75% bearish,of 4 ratings,$55.50
GNTX,$15.985,1441728997966,"694,460",Not yet rated,NULL,$20
GNVC,$2.59,1441728998053,"12,831",90% bullish,of 10 ratings,$8.50
GABC,$28.81,1441728998138,"1,849",Not yet rated,NULL,$31.50
GTWN,NULL,1441728998181,0,Not yet rated,NULL,N/A
GEOS,$16.91,1441728998264,"14,483",100% bearish,of 3 ratings,$21
GERN,$3.36,1441728998292,"728,400",88% bullish,of 17 ratings,$5.25
GIGM,$0.53,1441728998323,"25,170",100% bullish,of 2 ratings,N/A
ROCK,$16.745,1441728998364,"20,389",80% bullish,of 5 ratings,$24
GEVO,$2.3758,1441728998422,"250,931",75% bullish,of 12 ratings,$5
GIII,$69.66,1441728998525,"63,161",67% bullish,of 3 ratings,$79
GIGA,$1.31,1441728998717,"108,860",100% bearish,of 1 rating,N/A
GILT,$4.13,1441728998742,"2,780",50% bullish,of 2 ratings,N/A
GILD,$103.36,1441728998785,"2,089,552",91% bullish,of 89 ratings,$129
GLAD,$8.9601,1441728998919,"72,553",50% bullish,of 2 ratings,$8.75
GLADO,$25.59,1441728998946,800,Not yet rated,NULL,N/A
GOOD,$14,1441728998973,"16,364",Not yet rated,NULL,$19
GBCI,$26.03,1441728998998,"18,967",50% bullish,of 2 ratings,$31
GOODN,$25.61,1441728999176,39,Not yet rated,NULL,N/A
GOODO,NULL,1441728999282,0,Not yet rated,NULL,N/A
GAIN,$7.483,1441728999311,"37,995",100% bullish,of 2 ratings,$8.25
GOODP,$25.2,1441728999342,400,Not yet rated,NULL,N/A
GAINN,$25.21,1441728999385,"32,701",Not yet rated,NULL,N/A
GAINO,NULL,1441728999446,0,Not yet rated,NULL,N/A
LAND,$9.18,1441728999520,"6,364",50% bullish,of 2 ratings,$13.75
GAINP,$25.65,1441728999578,"1,900",Not yet rated,NULL,N/A
GLBZ,NULL,1441728999825,0,Not yet rated,NULL,N/A
GBT,$50.9,1441728999864,"80,168",100% bearish,of 1 rating,N/A
GDEF,$10.65,1441728999927,400,Not yet rated,NULL,N/A
GPACU,NULL,1441729000158,0,Not yet rated,NULL,N/A
GBLI,$27.34,1441729000222,"1,432",Not yet rated,NULL,N/A
ENT,$11.25,1441729000248,"26,853",100% bearish,of 1 rating,$18
SOCL,$17.4999,1441729000322,"9,204",100% bullish,of 2 ratings,N/A
ACTX,NULL,1441729000355,0,100% bullish,of 1 rating,N/A
GSOL,$8.35,1441729000376,"1,898",100% bearish,of 1 rating,N/A
QQQC,$18.65,1441729000405,505,100% bearish,of 1 rating,N/A
SRET,$12.96,1441729000462,11,Not yet rated,NULL,N/A
ALTY,$14.43,1441729000566,1,Not yet rated,NULL,N/A
GAI,$6.16,1441729000636,500,50% bullish,of 2 ratings,N/A
YLCO,$11.6412,1441729000880,200,Not yet rated,NULL,N/A
GSM,$14.53,1441729000943,"117,865",50% bullish,of 2 ratings,$22
GBIM,$2.71,1441729000980,844,50% bullish,of 2 ratings,N/A
GLUU,$4.6,1441729001029,"600,058",92% bullish,of 26 ratings,$9
GLBS,$1.25,1441729001068,"9,338",67% bullish,of 3 ratings,N/A
GLRI,$1.01,1441729001161,"16,986",100% bearish,of 1 rating,$4.25
GLYC,$6.91,1441729001192,"25,167",50% bullish,of 2 ratings,$14
GOGO,$15.925,1441729001218,"110,154",80% bullish,of 5 ratings,$25
GLNG,$38.96,1441729001296,"234,988",83% bullish,of 6 ratings,$55.50
GLDC,$3.97,1441729001429,912,50% bullish,of 2 ratings,N/A
GDEN,$9.07,1441729001456,"1,800",50% bullish,of 2 ratings,N/A
GMLP,$21.21,1441729001590,"28,494",50% bullish,of 4 ratings,$29
GOGL,$2.94,1441729001794,"37,613",75% bullish,of 4 ratings,$5
GBDC,$17.04,1441729001829,"77,049",Not yet rated,NULL,$17.75
GTIM,$7.065,1441729001859,"8,883",Not yet rated,NULL,$11.50
GOOG,$611.9,1441729001888,"395,256",87% bullish,of 75 ratings,$787.50
GPRO,$36.8,1441729001914,"3,572,285",78% bullish,of 59 ratings,$71
GOOGL,$640.12,1441729001960,"459,226",88% bullish,of 1083 ratings,$749
GPIA,NULL,1441729001988,0,100% bearish,of 1 rating,N/A
GMAN,$3.6501,1441729002098,"10,737",60% bullish,of 5 ratings,$8.50
GPIAU,$9.96,1441729002367,700,Not yet rated,NULL,N/A
LOPE,$37.66,1441729002395,"19,448",100% bearish,of 2 ratings,$50
GRVY,$3.632,1441729002430,761,50% bullish,of 2 ratings,N/A
GPIAW,NULL,1441729002456,0,Not yet rated,NULL,N/A
GBSN,$0.1582,1441729002477,"4,187,803",50% bullish,of 2 ratings,$8.25
GBSNU,NULL,1441729002615,0,NULL,NULL,NULL
GLDD,$5.487,1441729002673,"26,956",100% bearish,of 4 ratings,$7.75
GCBC,$29,1441729002859,27,100% bullish,of 1 rating,N/A
GSBC,$41.28,1441729002894,"3,941",100% bullish,of 1 rating,$44
GPP,$14.29,1441729002921,"6,885",Not yet rated,NULL,$20.50
GNBC,$11.99,1441729002942,"16,250",100% bearish,of 1 rating,$16.50
GPRE,$20.71,1441729002975,"145,869",67% bullish,of 6 ratings,$28.50
GRBK,$11.95,1441729003003,"30,956",77% bullish,of 13 ratings,N/A
GLRE,$24.76,1441729003203,"32,860",50% bullish,of 2 ratings,$34
GRIF,$32.49,1441729003347,"3,900",100% bearish,of 1 rating,N/A
GRFS,$31.85,1441729003473,"158,570",50% bullish,of 2 ratings,$35
GRPN,$4.2998,1441729003498,"1,995,979",61% bullish,of 71 ratings,$6.75
GGAL,$20.27,1441729003573,"81,409",80% bullish,of 5 ratings,$40
GSVC,$8.98,1441729003736,"11,487",50% bullish,of 2 ratings,$15.75
GSIG,$12.97,1441729003765,"4,044",100% bearish,of 2 ratings,N/A
OMAB,$41.15,1441729003803,"17,748",100% bullish,of 1 rating,$44
GTXI,$0.87,1441729003869,"3,000",100% bullish,of 5 ratings,$.75
GUID,$6.75,1441729003900,"17,602",100% bearish,of 3 ratings,$10
GSIT,$4.58,1441729003932,"1,788",100% bearish,of 1 rating,N/A
GBNK,$15.61,1441729003955,"2,808",100% bearish,of 1 rating,$18
GFED,$14.5,1441729004033,532,Not yet rated,NULL,$17
GULTU,$0.3398,1441729004167,"104,951",100% bearish,of 1 rating,N/A
GIFI,$12.15,1441729004205,"16,997",100% bearish,of 1 rating,$16
GURE,$1.62,1441729004271,"16,662",88% bullish,of 8 ratings,N/A
GPOR,$32.97,1441729004502,"519,465",75% bullish,of 4 ratings,$54
HEES,$20.23,1441729004547,"93,811",67% bearish,of 3 ratings,$31
GWPH,$105.678,1441729004576,"32,176",78% bullish,of 9 ratings,$148.50
GYRO,$33.3,1441729004601,"4,746",100% bearish,of 1 rating,N/A
HALL,$11.4414,1441729004774,"21,753",Not yet rated,NULL,N/A
HLG,$9,1441729004802,500,100% bearish,of 1 rating,N/A
GWGH,$7.97,1441729004846,164,100% bearish,of 1 rating,$15.05
HALO,$17.1879,1441729004975,"87,740",67% bullish,of 3 ratings,$22.50
HBK,NULL,1441729005006,0,50% bullish,of 2 ratings,N/A
HMPR,$1.9,1441729005035,"3,054",100% bullish,of 1 rating,N/A
HNRG,$7.22,1441729005056,"18,456",100% bearish,of 1 rating,$10
HBHC,$27.79,1441729005110,"96,984",50% bullish,of 2 ratings,$30
HBHCL,$24.1745,1441729005267,"27,100",Not yet rated,NULL,N/A
HNH,$25.05,1441729005423,"2,678",100% bullish,of 1 rating,N/A
HDNG,$10.46,1441729005552,"6,651",50% bullish,of 4 ratings,N/A
HAFC,$24.44,1441729005577,"70,537",100% bullish,of 2 ratings,$28.50
HQCL,$12.58,1441729005602,"2,483",67% bullish,of 3 ratings,$14
HNSN,$0.5692,1441729005644,"41,297",88% bullish,of 8 ratings,$.40
HRMNU,NULL,1441729005784,0,Not yet rated,NULL,N/A
HLIT,$5.75,1441729005810,"54,644",100% bearish,of 1 rating,$6.50
HRMN,NULL,1441729005839,0,Not yet rated,NULL,N/A
HRMNW,NULL,1441729005863,0,Not yet rated,NULL,N/A
HART,$1.32,1441729006136,"52,500",100% bearish,of 1 rating,N/A
HBIO,$4.43,1441729006263,"28,249",100% bearish,of 1 rating,$10
TINY,$2.46,1441729006297,"7,408",50% bullish,of 2 ratings,$5.26
HAS,$75.85,1441729006350,"240,558",63% bullish,of 8 ratings,$84.50
HCAP,$12,1441729006375,"3,974",50% bullish,of 2 ratings,$15
HCAPL,$25.41,1441729006402,772,Not yet rated,NULL,N/A
HA,$24.515,1441729006427,"133,519",67% bullish,of 9 ratings,$27
HCOM,$21.67,1441729006672,383,100% bearish,of 1 rating,$28
HWKN,$38.42,1441729006701,"3,595",Not yet rated,NULL,N/A
HAYN,$37.75,1441729006803,"10,872",100% bearish,of 1 rating,$59
HDS,$33.085,1441729006832,"819,006",100% bearish,of 2 ratings,$39.50
HCSG,$32.81,1441729006876,"38,764",50% bullish,of 4 ratings,$35
HWBK,$13.987,1441729006982,235,100% bearish,of 1 rating,N/A
HSTM,$24.555,1441729007023,"17,757",50% bullish,of 2 ratings,$33.75
HIIQ,$4.89,1441729007169,"1,488",50% bullish,of 2 ratings,$7
HQY,$29.95,1441729007222,"42,265",67% bullish,of 3 ratings,$35
HWAY,$11.725,1441729007307,"105,274",100% bearish,of 1 rating,$15
HTLF,$36.23,1441729007452,"12,399",100% bullish,of 1 rating,$39.50
HSII,$20.36,1441729007500,"6,035",100% bullish,of 3 ratings,$25
HTBX,$3.875,1441729007526,"11,495",50% bullish,of 2 ratings,$15.50
HTLD,$20.7,1441729007656,"51,898",Not yet rated,NULL,$22.50
HELE,$85.475,1441729007752,"23,126",67% bearish,of 3 ratings,$100
HMTV,$13.26,1441729007782,"1,853",100% bearish,of 1 rating,$16
HMNY,$2.1475,1441729007854,"8,687",100% bearish,of 1 rating,N/A
HTWR,$66.67,1441729007915,"89,252",50% bullish,of 2 ratings,$97.50
HCACU,$9.95,1441729007947,"106,018",Not yet rated,NULL,N/A
HSIC,$134.9,1441729007986,"61,203",83% bullish,of 6 ratings,$146
HNNA,$24.541,1441729008050,"10,523",100% bearish,of 1 rating,N/A
HERO,NULL,1441729008182,0,NULL,NULL,NULL
HTBK,$10.7204,1441729008385,"15,947",Not yet rated,NULL,$12
HFWA,$18.13,1441729008420,"5,517",100% bullish,of 1 rating,$20
HCCI,$11.93,1441729008468,"1,357",100% bearish,of 1 rating,$16.50
MLHR,$27.62,1441729008559,"37,278",50% bullish,of 2 ratings,$33.50
HRTX,$38.22,1441729008584,"249,081",57% bullish,of 7 ratings,$41
HEOP,$7.88,1441729008612,"4,686",Not yet rated,NULL,$8.50
HFFC,$16.05,1441729008666,"3,400",Not yet rated,NULL,N/A
HSKA,$33.19,1441729008746,"14,276",100% bearish,of 1 rating,$38
HPJ,$2.2,1441729008875,"14,172",75% bullish,of 4 ratings,$12.43
HIHO,$4.83,1441729008970,"51,363",Not yet rated,NULL,N/A
HIMX,$7.3969,1441729009000,"364,157",86% bullish,of 21 ratings,$8.25
HIBB,$39.4,1441729009025,"47,928",100% bearish,of 1 rating,$46.50
HIFS,$113.65,1441729009069,"3,237",Not yet rated,NULL,N/A
HSGX,$6.15,1441729009215,"1,415",100% bearish,of 1 rating,$17
HOLI,$16.655,1441729009515,"115,860",50% bullish,of 4 ratings,$27
HMSY,$10.17,1441729009545,"117,966",67% bullish,of 3 ratings,$19.35
HMNF,$11.42,1441729009566,418,Not yet rated,NULL,N/A
HBCP,$24.48,1441729009596,"1,166",Not yet rated,NULL,$29
HFBL,$21.88,1441729009656,"7,300",Not yet rated,NULL,N/A
AWAY,$28.3,1441729009730,"129,447",75% bullish,of 4 ratings,$36
HOLX,$39.24,1441729009754,"394,160",50% bullish,of 4 ratings,$42
HOMB,$38.35,1441729009799,"17,449",Not yet rated,NULL,$42
HMST,$22.45,1441729009942,"13,627",100% bullish,of 2 ratings,$27
HMIN,$25.6,1441729010008,"29,576",100% bearish,of 2 ratings,$35
HTBI,$18.1,1441729010042,"6,769",67% bullish,of 3 ratings,$18.625
HKTV,$4.18,1441729010155,"42,592",100% bearish,of 1 rating,N/A
CETC,$0.7598,1441729010253,"14,332",86% bullish,of 7 ratings,N/A
HOFT,$25,1441729010282,"14,240",100% bearish,of 1 rating,N/A
HFBC,$10.98,1441729010381,"3,715",Not yet rated,NULL,N/A
HBNC,$23.4,1441729010488,"7,357",100% bullish,of 1 rating,$27
HRZN,$10.4,1441729010536,"8,733",50% bullish,of 2 ratings,$14.25
HZNP,$29.66,1441729010634,"452,815",85% bullish,of 20 ratings,$40
HMHC,$22.9,1441729010703,"129,452",Not yet rated,NULL,$27
HOVNP,$4.38,1441729010769,200,100% bearish,of 1 rating,N/A
ZINC,$7.63,1441729010926,"115,187",100% bearish,of 1 rating,$17
HWCC,$7.57,1441729010965,"6,809",100% bearish,of 1 rating,$9
HDP,$24.545,1441729011024,"143,915",67% bearish,of 3 ratings,$30.50
HBMD,$13.98,1441729011051,"4,951",100% bearish,of 1 rating,N/A
HSNI,$60.1,1441729011097,"31,032",Not yet rated,NULL,$80
HTGM,$6.08,1441729011126,"2,739",100% bearish,of 1 rating,$19.50
HUBG,$38.38,1441729011286,"69,144",100% bearish,of 1 rating,$43
HSON,$2.83,1441729011388,"45,144",100% bearish,of 1 rating,$5
HDSN,$2.99,1441729011519,"6,702",100% bullish,of 1 rating,$6.25
HBAN,$10.725,1441729011546,"1,750,777",76% bullish,of 17 ratings,$12.29
HCBK,$9.485,1441729011603,"482,593",83% bullish,of 6 ratings,$8.61
HBANP,NULL,1441729011675,0,100% bearish,of 1 rating,N/A
HURC,$29.42,1441729011702,"1,700",100% bearish,of 1 rating,N/A
HTCH,$1.51,1441729011892,"31,506",100% bearish,of 1 rating,$3.50
HBP,$3.06,1441729011924,200,100% bullish,of 1 rating,N/A
HDRA,NULL,1441729012027,0,Not yet rated,NULL,N/A
HURN,$73.68,1441729012060,"21,753",50% bullish,of 2 ratings,$80
HDRAR,NULL,1441729012155,0,Not yet rated,NULL,N/A
HDRAU,NULL,1441729012183,0,Not yet rated,NULL,N/A
HDRAW,NULL,1441729012335,0,Not yet rated,NULL,N/A
IDSY,$3.81,1441729012360,"8,418",100% bearish,of 1 rating,$7
HYGS,$8.55,1441729012390,"6,308",50% bullish,of 2 ratings,$13
IACI,$69.76,1441729012602,"188,445",80% bullish,of 5 ratings,$90
IKGH,$1.55,1441729012671,"37,823",75% bullish,of 4 ratings,N/A
IBKC,$61.27,1441729012705,"15,382",100% bullish,of 1 rating,$70
ICFI,$33.79,1441729012732,"4,058",50% bullish,of 2 ratings,$48.50
ICAD,$3.93,1441729012759,"13,249",50% bullish,of 2 ratings,$7.25
ICON,$13.285,1441729012902,"216,950",50% bullish,of 2 ratings,$18.50
ICLR,$77.479,1441729012928,"74,533",100% bearish,of 3 ratings,$85
IEP,$68.1076,1441729012957,"47,790",75% bullish,of 4 ratings,$99
ICUI,$110.7101,1441729013125,"22,218",Not yet rated,NULL,$122
IPWR,$7.81,1441729013218,"3,605",100% bullish,of 1 rating,$15
INVE,$4.46,1441729013259,"9,570",75% bullish,of 4 ratings,$4
IDRA,$2.89,1441729013319,"145,911",89% bullish,of 9 ratings,$6.50
IDXX,$74.32,1441729013391,"103,191",100% bearish,of 1 rating,$76
IROQ,$16.725,1441729013454,200,100% bullish,of 1 rating,N/A
IRG,$5.26,1441729013584,"7,055",100% bearish,of 1 rating,$4.25
DSKY,$10.845,1441729013610,"50,191",67% bullish,of 6 ratings,$11.50
RXDX,$16.07,1441729013740,"80,578",100% bullish,of 1 rating,$20
IIVI,$16.97,1441729013766,"31,825",100% bearish,of 1 rating,$22
KANG,$15.46,1441729013787,"149,256",50% bullish,of 2 ratings,$23.10
IKAN,$2.74,1441729013819,"14,772",83% bullish,of 6 ratings,$5
IKNX,NULL,1441729013949,0,100% bearish,of 1 rating,N/A
IMMR,$12.8,1441729013976,"65,379",80% bullish,of 5 ratings,$15.50
ILMN,$195.97,1441729014027,"165,696",80% bullish,of 5 ratings,$245
ISNS,$4.1388,1441729014109,"3,454",50% bullish,of 2 ratings,N/A
ICCC,$7.01,1441729014243,"4,363",100% bullish,of 1 rating,N/A
IMDZ,$15.45,1441729014271,"63,756",100% bearish,of 1 rating,$33
IMNP,$1.39,1441729014300,"97,772",50% bullish,of 2 ratings,$6
IMGN,$13.26,1441729014400,"250,567",75% bullish,of 4 ratings,$17.50
IPXL,$44.9,1441729014535,"692,695",67% bullish,of 3 ratings,$46.50
IMMU,$2.321,1441729014629,"1,786,019",86% bullish,of 7 ratings,$2
SAAS,$7.33,1441729014674,"60,921",50% bullish,of 2 ratings,$15
INCY,$117.78,1441729014872,"141,369",50% bullish,of 6 ratings,$125.50
IMMY,$7.5501,1441729014922,"2,501",100% bearish,of 1 rating,$11
INDB,$44.535,1441729014952,"11,355",Not yet rated,NULL,$44
IBCP,$14.3,1441729014973,"18,323",100% bullish,of 1 rating,$14.50
INCR,$42.7499,1441729015002,"67,107",50% bullish,of 2 ratings,$53
IDSA,NULL,1441729015130,0,Not yet rated,NULL,N/A
INFN,$20.57,1441729015202,"1,395,669",71% bullish,of 7 ratings,$28
IBTX,$41.99,1441729015231,"3,559",100% bullish,of 2 ratings,$47.25
INFI,$8.78,1441729015332,"65,697",50% bullish,of 4 ratings,$16.50
IPCC,$75.87,1441729015432,"4,406",Not yet rated,NULL,$77.50
IFON,$1.26,1441729015463,"7,886",75% bullish,of 4 ratings,N/A
III,$3.75,1441729015564,"12,876",57% bullish,of 7 ratings,$6
IMKTA,$49.92,1441729015671,"19,441",100% bearish,of 1 rating,N/A
INNL,$13,1441729015717,"43,834",100% bearish,of 1 rating,$16.50
INWK,$7.03,1441729015744,"16,230",50% bullish,of 2 ratings,$10
INOD,$2.32,1441729015772,"4,610",100% bearish,of 1 rating,N/A
IOSP,$49.6,1441729015902,"43,167",100% bearish,of 1 rating,N/A
IPHS,$45.845,1441729015955,"11,744",100% bearish,of 1 rating,$60
ITEK,$12.9,1441729016052,"85,554",100% bearish,of 3 ratings,$20
INGN,$52.32,1441729016152,"61,227",100% bearish,of 1 rating,$50.50
ISSC,$2.83,1441729016216,10,67% bearish,of 3 ratings,N/A
INOV,$21.23,1441729016250,"88,622",100% bearish,of 1 rating,$33
NSIT,$24.84,1441729016345,"24,305",50% bullish,of 2 ratings,N/A
INO,$7.13,1441729016370,"216,440",89% bullish,of 18 ratings,$20
ISIG,$2.65,1441729016518,167,100% bearish,of 1 rating,N/A
INSM,$24.73,1441729016547,"84,806",71% bullish,of 7 ratings,$31.50
PODD,$28.82,1441729016624,"33,951",67% bearish,of 3 ratings,$35
IIIN,$17.93,1441729016649,"11,863",100% bearish,of 2 ratings,N/A
NTEC,NULL,1441729016798,0,100% bearish,of 1 rating,N/A
INSY,$33.93,1441729016826,"217,157",75% bullish,of 4 ratings,$48
IART,$63.1,1441729016851,"36,729",100% bearish,of 2 ratings,$71.50
ISSI,$21.98,1441729016991,"48,762",67% bullish,of 3 ratings,$19.75
IESC,$7.03,1441729017120,548,100% bearish,of 1 rating,N/A
IDTI,$19.69,1441729017180,"542,866",60% bullish,of 5 ratings,$25
INTC,$29.425,1441729017205,"6,852,279",82% bullish,of 238 ratings,$36
IQNT,$19.52,1441729017283,"140,808",86% bullish,of 7 ratings,$20
IPCI,$2.2101,1441729017350,"5,027",67% bullish,of 6 ratings,$8
IPAR,$25.39,1441729017384,"14,165",67% bullish,of 3 ratings,$38
ININ,$36.445,1441729017518,"7,321",67% bearish,of 3 ratings,$57
IBKR,$38.06,1441729017556,"79,888",100% bullish,of 1 rating,N/A
ICLD,$2.047,1441729017593,"159,201",75% bullish,of 4 ratings,N/A
ICPT,$192.83,1441729017650,"55,088",70% bullish,of 10 ratings,$359.50
ICLDW,NULL,1441729017676,0,100% bearish,of 1 rating,N/A
IDCC,$48.55,1441729017808,"36,004",80% bullish,of 5 ratings,$63
TILE,$24.4275,1441729017882,"48,099",100% bearish,of 3 ratings,$27
INAP,$9.27,1441729018012,"35,225",75% bullish,of 4 ratings,$11
IMI,$2,1441729018076,"8,013",67% bullish,of 3 ratings,$2.22
IBOC,$25.47,1441729018137,"36,708",100% bearish,of 1 rating,N/A
IIJI,$8.24,1441729018236,20,50% bullish,of 2 ratings,$12.50
ISCA,$32.57,1441729018301,"6,601",100% bearish,of 1 rating,N/A
IGLD,$7.38,1441729018330,"1,075",50% bullish,of 2 ratings,N/A
PTNT,$2.98,1441729018407,200,Not yet rated,NULL,N/A
ISIL,$10.705,1441729018539,"199,943",50% bullish,of 6 ratings,$15
XENT,$25.69,1441729018572,"38,571",50% bullish,of 2 ratings,$36.50
INPH,$0.29,1441729018606,145,50% bullish,of 2 ratings,N/A
INTX,$2.02,1441729018669,"1,990",67% bullish,of 3 ratings,N/A
IILG,$19.6,1441729018802,"18,246",100% bearish,of 1 rating,$29
IVAC,$4.9,1441729018829,"6,784",100% bearish,of 1 rating,$6.625
INTL,$25.8317,1441729018858,"4,915",67% bearish,of 3 ratings,N/A
INTU,$86.7,1441729019094,"406,138",86% bullish,of 7 ratings,$107.50
IIN,$6.75,1441729019223,"2,100",100% bearish,of 1 rating,$12
ISRG,$515.53,1441729019280,"17,805",67% bullish,of 3 ratings,$600
INTLL,$26.09,1441729019304,100,Not yet rated,NULL,N/A
ITCI,$27.41,1441729019334,"103,667",75% bearish,of 4 ratings,$40
INVT,$0.3305,1441729019355,"36,393",67% bullish,of 3 ratings,N/A
SNAK,$8.42,1441729019384,"13,918",50% bullish,of 2 ratings,$14
ISTR,$15.8,1441729019547,"1,502",100% bearish,of 1 rating,$18.50
ITIC,$70.95,1441729019676,100,100% bearish,of 2 ratings,N/A
IVTY,$14.325,1441729019776,"9,960",Not yet rated,NULL,$18
ISBC,$11.925,1441729019817,"413,999",100% bullish,of 1 rating,$13.25
NVIV,$11.09,1441729019846,"213,604",50% bullish,of 4 ratings,$24.50
IPAS,$1.07,1441729019953,"2,550",67% bullish,of 3 ratings,N/A
DFVL,NULL,1441729019982,0,Not yet rated,NULL,N/A
DTUL,NULL,1441729020086,0,Not yet rated,NULL,N/A
IPCM,$79.255,1441729020147,"43,252",50% bullish,of 2 ratings,$80.125
IRIX,$7.12,1441729020171,653,100% bearish,of 1 rating,N/A
IPGP,$83.185,1441729020345,"92,936",67% bearish,of 3 ratings,$109.50
IRMD,$24.75,1441729020381,"6,912",67% bearish,of 3 ratings,$25
IRDM,$7.0401,1441729020446,"125,330",60% bullish,of 5 ratings,$11.50
IRBT,$30.465,1441729020473,"46,426",67% bullish,of 6 ratings,$37
IRDMB,NULL,1441729020523,0,67% bearish,of 3 ratings,N/A
IRWD,$11.29,1441729020550,"346,999",100% bearish,of 1 rating,$13
IRCP,NULL,1441729020784,0,100% bullish,of 2 ratings,N/A
FCHI,NULL,1441729020836,0,NULL,NULL,NULL
IFNA,NULL,1441729020939,0,NULL,NULL,NULL
GNMA,$50.03,1441729021075,"2,416",Not yet rated,NULL,N/A
IFGL,$27.98,1441729021097,"38,038",Not yet rated,NULL,N/A
IFAS,NULL,1441729021127,0,NULL,NULL,NULL
COMT,$33.29,1441729021177,"2,148",100% bearish,of 1 rating,N/A
ACWX,$40.05,1441729021204,"331,888",100% bearish,of 1 rating,N/A
IFEU,$38.06,1441729021232,100,Not yet rated,NULL,N/A
ACWI,$55.075,1441729021365,"631,624",Not yet rated,NULL,N/A
AXJS,NULL,1441729021391,0,NULL,NULL,NULL
AAXJ,$52.69,1441729021417,"320,051",Not yet rated,NULL,N/A
AAIT,NULL,1441729021443,0,NULL,NULL,NULL
EEMA,$49.4152,1441729021623,"9,963",Not yet rated,NULL,N/A
EMDI,NULL,1441729021667,0,NULL,NULL,NULL
EEME,NULL,1441729021693,0,NULL,NULL,NULL
EMEY,NULL,1441729021748,0,NULL,NULL,NULL
EGRW,NULL,1441729021803,0,NULL,NULL,NULL
EVAL,NULL,1441729021931,0,NULL,NULL,NULL
EUFN,$21.4874,1441729022066,"36,251",100% bearish,of 1 rating,N/A
QAT,$21.16,1441729022127,"1,500",Not yet rated,NULL,N/A
UAE,$17.64,1441729022165,"1,100",Not yet rated,NULL,N/A
EEML,NULL,1441729022193,0,Not yet rated,NULL,N/A
IBB,$346.47,1441729022258,"383,395",67% bullish,of 9 ratings,N/A
SOXX,$83.92,1441729022286,"158,342",50% bullish,of 2 ratings,N/A
IEUS,$45.53,1441729022311,"1,015",100% bearish,of 1 rating,N/A
ICLN,$9.36,1441729022507,"12,009",50% bullish,of 2 ratings,N/A
EMIF,$28.095,1441729022641,"1,567",Not yet rated,NULL,N/A
WOOD,$47.93,1441729022666,"3,255",50% bullish,of 2 ratings,N/A
INDY,$26.47,1441729022709,"603,980",50% bullish,of 2 ratings,N/A
ISHG,$79.755,1441729022885,459,100% bearish,of 1 rating,N/A
ISIS,$53.5172,1441729022957,"260,902",53% bullish,of 15 ratings,$67
IGOV,$91.2,1441729022982,"10,202",100% bearish,of 1 rating,N/A
ISRL,$125.71,1441729023055,103,100% bearish,of 1 rating,N/A
ITRI,$29.0925,1441729023112,"17,179",100% bearish,of 1 rating,$37
ITRN,$23.65,1441729023137,557,50% bullish,of 2 ratings,N/A
ITUS,$4.08,1441729023172,"5,174",Not yet rated,NULL,N/A
ISLE,$19.8,1441729023269,"129,188",50% bullish,of 4 ratings,$17
XXIA,$15.15,1441729023316,"115,564",71% bullish,of 7 ratings,$14.625
JJSF,$116.17,1441729023443,"11,274",100% bearish,of 1 rating,N/A
IXYS,$11.71,1441729023468,"17,254",50% bullish,of 4 ratings,N/A
MAYS,$58.8,1441729023493,121,Not yet rated,NULL,N/A
JBHT,$76.095,1441729023686,"183,455",50% bullish,of 4 ratings,$89.50
JCOM,$67.775,1441729023769,"38,743",100% bullish,of 2 ratings,$77
JXSB,NULL,1441729023795,0,Not yet rated,NULL,N/A
JAKK,$9.88,1441729023924,"254,431",60% bearish,of 5 ratings,$11
JACK,$78.97,1441729023952,"62,783",71% bullish,of 7 ratings,$105
JASO,$7.99,1441729023997,"301,986",82% bullish,of 17 ratings,$10
JKHY,$67.53,1441729024026,"51,469",67% bearish,of 3 ratings,$72
JAXB,$13.15,1441729024083,222,100% bullish,of 1 rating,N/A
JMBA,$14.25,1441729024176,"28,243",75% bullish,of 4 ratings,$18
JAGX,$3.4001,1441729024204,"3,800",Not yet rated,NULL,$10.50
JRVR,$28.09,1441729024339,"11,010",Not yet rated,NULL,$32
JASN,$4.89,1441729024478,"4,554",50% bullish,of 2 ratings,$9.50
ERW,NULL,1441729024653,0,Not yet rated,NULL,N/A
JAZZ,$166.32,1441729024678,"55,073",80% bullish,of 15 ratings,$206.50
JTPY,$2.97,1441729024718,"10,800",100% bearish,of 1 rating,N/A
JD,$23.97,1441729024820,"7,083,956",75% bullish,of 16 ratings,$36
JASNW,NULL,1441729024886,0,50% bullish,of 2 ratings,N/A
DATE,$5.94,1441729024957,"28,421",75% bullish,of 4 ratings,$9
JBLU,$24.31,1441729024991,"2,191,681",94% bullish,of 18 ratings,$27
JCTCF,NULL,1441729025013,0,100% bullish,of 1 rating,N/A
JIVE,$4.68,1441729025089,"820,379",75% bullish,of 4 ratings,$5
WYIGU,NULL,1441729025175,0,100% bearish,of 1 rating,N/A
JST,$3.64,1441729025218,"3,806",75% bullish,of 4 ratings,N/A
JOEZ,$0.16,1441729025380,"61,079",92% bullish,of 12 ratings,N/A
JOUT,$25.61,1441729025472,"3,807",100% bearish,of 1 rating,$34
JBSS,$51.51,1441729025558,"11,029",67% bearish,of 3 ratings,N/A
KALU,$82.965,1441729025687,"39,834",67% bearish,of 3 ratings,$91
KTWO,$20.95,1441729025715,"24,249",100% bearish,of 1 rating,$28.50
JUNO,$37.78,1441729025736,"300,365",73% bullish,of 11 ratings,$67
JNP,$13.4607,1441729025767,"76,438",100% bullish,of 3 ratings,$15
KBIO,$3.4001,1441729025923,"713,901",50% bullish,of 4 ratings,N/A
KMDA,$3.53,1441729025955,"2,340",50% bullish,of 2 ratings,$8
KPTI,$14.49,1441729026055,"29,393",67% bearish,of 3 ratings,$35.50
KNDI,$6.44,1441729026090,"99,919",86% bullish,of 22 ratings,N/A
KCLI,$46.35,1441729026189,"2,969",Not yet rated,NULL,N/A
KBSF,NULL,1441729026209,0,100% bullish,of 1 rating,N/A
KCAP,$4.79,1441729026242,"23,936",75% bullish,of 4 ratings,$6
KRNY,$11.15,1441729026444,"285,582",100% bearish,of 1 rating,$12.50
KELYA,$14.28,1441729026472,"21,614",67% bullish,of 6 ratings,$20
GMCR,$57.8,1441729026731,"833,309",71% bullish,of 42 ratings,$64
KELYB,NULL,1441729026763,0,50% bullish,of 2 ratings,N/A
KFFB,$8.61,1441729026802,"1,861",100% bearish,of 1 rating,N/A
KEQU,$16.77,1441729026866,610,100% bullish,of 1 rating,N/A
KMPH,$21.455,1441729026894,"7,741",100% bearish,of 2 ratings,$22
KERX,$4.76,1441729026930,"659,590",82% bullish,of 11 ratings,$12
KFRC,$26.86,1441729027025,"38,246",100% bullish,of 2 ratings,$29
