Symbol,Price,Date,Volume,Rating,RatingVoteCount,OneYearEstimate
FCTY,$7.89,1441394402696,550,100% bullish,of 1 rating,$8.50
TFSCR,NULL,1441394402728,0,Not yet rated,NULL,N/A
TFSC,$9.7989,1441394402755,300,100% bearish,of 1 rating,N/A
FLWS,$8.63,1441394402786,"170,608",80% bullish,of 5 ratings,$15
SRCE,$29.72,1441394402823,"20,251",100% bullish,of 3 ratings,$33
PIH,$7.44,1441394402848,"3,500",100% bearish,of 1 rating,N/A
TFSCW,$0.28,1441394402884,920,100% bearish,of 1 rating,N/A
TFSCU,$10.32,1441394402911,400,Not yet rated,NULL,N/A
TWOU,$34.83,1441394403072,"96,681",50% bullish,of 2 ratings,$39
VNET,$17.99,1441394403179,"168,812",60% bullish,of 5 ratings,$35
USLV,$12.2901,1441394403245,"184,171",86% bullish,of 7 ratings,N/A
UGLD,$8.96,1441394403282,"117,022",100% bearish,of 1 rating,N/A
DGLD,$83.96,1441394403375,"8,322",100% bullish,of 1 rating,N/A
JOBS,$25.83,1441394403403,"75,970",50% bullish,of 4 ratings,$36
DSLV,$70.37,1441394403428,"7,350",100% bearish,of 1 rating,N/A
FCCY,NULL,1441394403453,0,100% bullish,of 1 rating,$13
CAFD,$14.7,1441394403783,"172,977",Not yet rated,NULL,$24.50
EGHT,$7.74,1441394403867,"157,921",82% bullish,of 17 ratings,$11
ABAX,$46.97,1441394403893,"44,644",100% bearish,of 1 rating,$60
SIXD,$2.57,1441394403914,"23,010",Not yet rated,NULL,N/A
SHLM,$32.42,1441394403947,"40,874",100% bearish,of 1 rating,$47
AVHI,$13.84,1441394403996,"189,528",100% bearish,of 1 rating,$19
AAON,$19.7,1441394404054,"55,212",100% bearish,of 1 rating,$24
ABY,$21.21,1441394404129,"737,397",100% bearish,of 2 ratings,$46
ABEO,$4.78,1441394405003,"14,736",50% bullish,of 4 ratings,$15.50
ABGB,$4.8896,1441394405540,"23,208",67% bullish,of 3 ratings,$5.50
ABMD,$93.53,1441394405565,"188,818",75% bullish,of 4 ratings,$100.50
ABEOW,$1.87,1441394405864,785,100% bullish,of 1 rating,N/A
AXAS,$1.69,1441394406690,"979,375",78% bullish,of 9 ratings,$3.50
ACAD,$39.38,1441394406967,"750,173",80% bullish,of 20 ratings,$48
ACST,$0.31,1441394407520,"4,200",100% bullish,of 2 ratings,N/A
ACHC,$72.21,1441394407545,"138,679",50% bullish,of 2 ratings,$92
ACTG,$9.24,1441394407572,"67,754",67% bullish,of 3 ratings,$18.50
AXDX,$18.63,1441394407713,"30,974",100% bearish,of 1 rating,N/A
XLRN,$28.87,1441394407738,"49,656",50% bullish,of 2 ratings,$57
ARAY,$6.59,1441394407878,"159,062",100% bearish,of 1 rating,$10.50
ACRX,$4.29,1441394407925,"125,851",67% bearish,of 6 ratings,$7
ANCX,$19.75,1441394407959,"11,615",Not yet rated,NULL,$20
VXDN,$1.75,1441394408010,"7,478",100% bearish,of 1 rating,N/A
VXUP,$1.73,1441394408056,"25,013",100% bearish,of 1 rating,N/A
ACET,$22.28,1441394408086,"50,329",75% bullish,of 4 ratings,$30
AKAO,$6.98,1441394408301,"20,299",75% bullish,of 4 ratings,$15
ACHN,$7.71,1441394408373,"1,320,719",90% bullish,of 21 ratings,$16
ACIW,$21.11,1441394408455,"79,911",67% bearish,of 3 ratings,$24
ACNB,NULL,1441394408480,0,Not yet rated,NULL,N/A
ACOR,$31.49,1441394408647,"183,035",67% bearish,of 3 ratings,$38.50
ACPW,$1.9,1441394408692,"17,407",100% bullish,of 4 ratings,$3.25
ACTS,$1.59,1441394408717,"17,000",100% bearish,of 1 rating,N/A
ACUR,$2.87,1441394408793,"3,400",100% bullish,of 5 ratings,$5
ATVI,$28.15,1441394408887,"2,905,571",67% bullish,of 84 ratings,$31.50
ACTA,$13.84,1441394408921,"19,720",67% bearish,of 3 ratings,$25
ADMS,$19.02,1441394409123,"19,314",100% bearish,of 2 ratings,$36
ADUS,$29.11,1441394409222,"13,001",100% bearish,of 1 rating,$31
ADMP,$3.54,1441394409248,"12,072",50% bullish,of 2 ratings,$10
ACXM,$20.4,1441394409273,"91,314",67% bullish,of 3 ratings,N/A
AEY,$2.32,1441394409318,"3,778",100% bearish,of 2 ratings,N/A
ADAP,$10.86,1441394409343,"27,917",67% bullish,of 3 ratings,$22
ADEP,$7.411,1441394409475,"32,432",50% bullish,of 2 ratings,$10.75
AMD,$1.8128,1441394409687,"2,946,323",83% bullish,of 103 ratings,$2
ADMA,$8.6,1441394409715,"11,222",Not yet rated,NULL,$19
ADTN,$15.52,1441394409759,"116,585",67% bullish,of 3 ratings,$17.125
ADRO,$19.385,1441394409789,"46,973",80% bullish,of 5 ratings,$45.50
AEIS,$23.83,1441394409810,"70,051",50% bullish,of 2 ratings,$32.50
ADBE,$76.76,1441394409841,"737,562",65% bullish,of 17 ratings,$90
ADXS,$13.45,1441394409893,"226,663",64% bullish,of 14 ratings,$27
MULT,NULL,1441394410074,0,100% bearish,of 1 rating,N/A
AEGR,$17.6,1441394410233,"68,547",50% bullish,of 6 ratings,$26
YPRO,$23.0904,1441394410258,"1,558",100% bearish,of 1 rating,N/A
AEGN,$17.72,1441394410279,"25,047",100% bearish,of 2 ratings,$21
ADXSW,$9.72,1441394410322,"1,500",100% bullish,of 1 rating,N/A
AEHR,$2.27,1441394410420,216,50% bullish,of 2 ratings,N/A
AMTX,$3.002,1441394410445,"12,250",50% bullish,of 2 ratings,$26.11
AEPI,$58.63,1441394410576,"9,320",100% bearish,of 1 rating,N/A
AEZS,$0.0781,1441394410602,"12,893,518",90% bullish,of 21 ratings,$1.50
AERI,$16.14,1441394410631,"153,848",75% bullish,of 4 ratings,$31.50
AVAV,$20.37,1441394410855,"120,096",50% bullish,of 4 ratings,$28
AEMD,$7.6542,1441394410905,"19,955",Not yet rated,NULL,$27.50
AGEN,$6.8,1441394410936,"187,179",85% bullish,of 13 ratings,$14
AFFX,$9.03,1441394410963,"265,479",80% bullish,of 5 ratings,$12.50
AFMD,$9.34,1441394410984,"31,675",50% bullish,of 4 ratings,$15
AGRX,$8.14,1441394411125,"12,943",100% bearish,of 1 rating,$17.50
AGYS,$9.46,1441394411190,"13,044",100% bearish,of 1 rating,N/A
AGFS,$9.95,1441394411326,"106,376",100% bearish,of 1 rating,N/A
AGFSW,$1.9,1441394411353,"9,000",100% bearish,of 2 ratings,N/A
AGIO,$84.545,1441394411381,"98,167",88% bullish,of 8 ratings,$114
AIMT,$22.52,1441394411402,"91,363",Not yet rated,NULL,$35.50
AIRM,$36.08,1441394411545,"56,122",80% bearish,of 5 ratings,$53
ATSG,$8.83,1441394411575,"60,988",67% bullish,of 3 ratings,$13
AIRT,NULL,1441394411602,0,100% bullish,of 1 rating,N/A
AIXG,$6.44,1441394411680,"15,575",67% bearish,of 3 ratings,$5.25
AMCN,$4.455,1441394411822,"86,027",83% bullish,of 6 ratings,N/A
AKAM,$72.725,1441394411851,"655,760",63% bullish,of 8 ratings,$77.50
AKBA,$7.1455,1441394411983,"108,496",100% bearish,of 1 rating,$18
ALRM,$16.1,1441394412009,"63,484",100% bearish,of 1 rating,$22
ALSK,$2.25,1441394412138,"63,478",78% bullish,of 18 ratings,$2
AKRX,$38.394,1441394412167,"198,990",78% bullish,of 9 ratings,$56
AMRI,$19.85,1441394412275,"42,008",75% bearish,of 4 ratings,$24
AKER,$2.71,1441394412345,"4,701",Not yet rated,NULL,N/A
ADHD,$7.55,1441394412373,"58,052",50% bullish,of 4 ratings,$18
ALDR,$40.43,1441394412400,"107,433",67% bearish,of 3 ratings,$62
ABDC,$12.79,1441394412429,"3,903",Not yet rated,NULL,$15
ALDX,$7.08,1441394412613,337,100% bearish,of 1 rating,$14.50
ALXA,$1.3,1441394412666,"113,473",83% bullish,of 6 ratings,$2.125
ALXN,$171.51,1441394412800,"757,193",88% bullish,of 8 ratings,$223.50
ALCO,$41.7,1441394412834,"5,681",50% bullish,of 2 ratings,N/A
ALGN,$54.24,1441394412934,"177,942",100% bearish,of 2 ratings,$73
ALIM,$2.91,1441394412960,"88,033",80% bullish,of 5 ratings,$10
ALKS,$64.25,1441394413038,"363,899",67% bullish,of 3 ratings,$75
ALGT,$200.7,1441394413397,"95,537",100% bearish,of 2 ratings,$235
ALLB,$22.9,1441394413433,204,Not yet rated,NULL,N/A
ARLP,$25,1441394413454,"34,146",67% bearish,of 3 ratings,$32
AIQ,$14.3,1441394413484,"5,146",67% bullish,of 3 ratings,N/A
AFOP,$19.06,1441394413517,"110,096",75% bullish,of 8 ratings,$21
AHPI,$1.47,1441394413546,500,50% bullish,of 2 ratings,N/A
AMOT,$17.58,1441394413616,"95,387",100% bearish,of 1 rating,N/A
AHGP,$35.7301,1441394413674,"26,819",67% bullish,of 3 ratings,N/A
ALQA,$4.55,1441394413760,"46,702",75% bullish,of 4 ratings,$8.50
ALLT,$5.07,1441394413892,"12,176",75% bullish,of 4 ratings,$6.25
MDRX,$13.01,1441394414024,"588,452",60% bullish,of 5 ratings,$16
ALNY,$97.89,1441394414074,"133,373",67% bullish,of 3 ratings,$151.50
AFAM,$45.3,1441394414154,"20,565",50% bullish,of 2 ratings,$44
AOSL,$8.14,1441394414249,"16,912",67% bullish,of 3 ratings,$9
ATEC,$0.58,1441394414276,"96,168",100% bullish,of 1 rating,$2
ALTR,$49.1,1441394414297,"985,931",80% bearish,of 5 ratings,$54
SMCP,NULL,1441394414329,0,Not yet rated,NULL,N/A
ASPS,$25.935,1441394414436,"53,109",67% bullish,of 3 ratings,$46.50
AIMC,$23.57,1441394414528,"36,676",100% bearish,of 2 ratings,$28.50
AMRN,$2.32,1441394414584,"621,442",85% bullish,of 40 ratings,$8
AMAG,$60.58,1441394414611,"209,915",100% bullish,of 2 ratings,$75
AMRK,$10.56,1441394414687,"10,900",50% bullish,of 2 ratings,$14
AMZN,$498.15,1441394414767,"894,122",81% bullish,of 268 ratings,$646
AYA,$20.76,1441394414794,"7,327",100% bearish,of 1 rating,$40
AMBC,$16.26,1441394415023,"73,917",100% bearish,of 1 rating,$16.50
AMBA,$73.78,1441394415044,"2,562,070",77% bullish,of 13 ratings,$102.50
EPAX,$2.7,1441394415077,"81,711",100% bearish,of 1 rating,N/A
DOX,$56.21,1441394415123,"223,383",67% bearish,of 3 ratings,$60
AMBCW,$7.99,1441394415172,"1,500",100% bearish,of 1 rating,N/A
AMCX,$71.57,1441394415375,"251,251",67% bullish,of 3 ratings,$87.50
AMDA,$0.4766,1441394415400,"217,959",90% bullish,of 10 ratings,$1
AMED,$39.63,1441394415475,"74,658",100% bearish,of 1 rating,$42
ASBI,$22.62,1441394416255,"5,003",Not yet rated,NULL,N/A
ATAX,$5.3,1441394416422,"20,658",100% bullish,of 1 rating,$6.50
UHAL,$367.39,1441394416477,"12,752",100% bullish,of 2 ratings,$393.50
AMOV,$17.5401,1441394416502,280,100% bearish,of 1 rating,N/A
AGNCB,$24.2292,1441394417539,"7,328",Not yet rated,NULL,N/A
AAL,$40.585,1441394417575,"3,951,450",93% bullish,of 88 ratings,$57
AGNC,$18.975,1441394417600,"861,268",71% bullish,of 28 ratings,$22
AGNCP,$25.4,1441394417731,"1,375",Not yet rated,NULL,N/A
MTGE,$15.085,1441394417923,"182,370",75% bullish,of 4 ratings,$19.50
ACSF,$12.25,1441394418091,"9,625",100% bearish,of 1 rating,$15
ACAS,$13.62,1441394418152,"521,537",60% bullish,of 5 ratings,$16.75
AMNB,$23.07,1441394418185,"3,869",Not yet rated,NULL,$25.50
MTGEP,$24.25,1441394418206,1,Not yet rated,NULL,N/A
ANCI,NULL,1441394418237,0,100% bearish,of 1 rating,N/A
AETI,$3.1,1441394418265,"2,162",67% bearish,of 3 ratings,N/A
AMIC,NULL,1441394418291,0,100% bearish,of 1 rating,N/A
ANAT,$97.8,1441394418455,"30,664",100% bullish,of 1 rating,N/A
AMRB,$10.33,1441394418633,"2,000",Not yet rated,NULL,$11
APEI,$21.83,1441394418664,"16,358",100% bearish,of 1 rating,$25.50
ARII,$40.01,1441394418742,"66,082",67% bearish,of 3 ratings,$45
AMSC,$4.87,1441394418877,"17,155",50% bullish,of 4 ratings,N/A
ASEI,$38.8,1441394418902,"9,180",100% bearish,of 1 rating,$52.50
AMWD,$66.48,1441394418928,"42,228",50% bullish,of 2 ratings,$70
AMSWA,$9.02,1441394418957,"9,207",100% bearish,of 2 ratings,$10.75
ABCB,$27.28,1441394419058,"40,912",Not yet rated,NULL,$31
CRMT,$35.37,1441394419149,"14,919",100% bearish,of 1 rating,$38
ASRV,$3.2101,1441394419189,"1,704",100% bullish,of 2 ratings,N/A
AMSF,$46.02,1441394419241,"10,122",Not yet rated,NULL,$57.50
ASRVP,NULL,1441394419288,0,Not yet rated,NULL,N/A
AMGN,$146.93,1441394419375,"1,188,185",89% bullish,of 19 ratings,$185
FOLD,$15.47,1441394419419,"648,729",56% bullish,of 9 ratings,$21
ATLO,$22.3,1441394419444,"3,636",Not yet rated,NULL,N/A
AMKR,$5.3,1441394419794,"317,734",100% bearish,of 2 ratings,$5
AMRS,$1.7482,1441394419930,"33,018",70% bullish,of 10 ratings,N/A
AMPH,$13.41,1441394419958,"91,028",50% bullish,of 2 ratings,$20
AMSG,$77.99,1441394419979,"79,751",100% bearish,of 1 rating,$85.50
ADI,$53.99,1441394420011,"519,926",75% bullish,of 4 ratings,$69
ASYS,$5.37,1441394420041,"8,021",67% bullish,of 3 ratings,$12
AFSI,$57.35,1441394420062,"157,403",60% bullish,of 5 ratings,$72
AMSGP,NULL,1441394420143,0,Not yet rated,NULL,N/A
ANAD,$0.3059,1441394420215,"114,134",100% bullish,of 2 ratings,$.50
ANAC,$133.11,1441394420515,"132,018",80% bullish,of 5 ratings,$180.50
ALOG,$80.56,1441394420542,"26,613",100% bearish,of 2 ratings,$100.50
ABCW,$41,1441394420568,"3,822",67% bullish,of 3 ratings,N/A
ANCB,$21.62,1441394420593,"3,852",Not yet rated,NULL,$23
ANGI,$5.03,1441394420725,"112,723",64% bullish,of 11 ratings,$5.50
AMCF,NULL,1441394420825,0,NULL,NULL,NULL
ANGO,$14.45,1441394420852,"20,162",67% bullish,of 3 ratings,$19
ANIP,$51.25,1441394420986,"57,834",89% bullish,of 19 ratings,$66
ANIK,$35.7,1441394421012,"33,548",60% bullish,of 5 ratings,$51.25
ANSS,$89.67,1441394421038,"201,279",100% bearish,of 1 rating,$100
ANTH,$7.24,1441394421068,"258,973",80% bullish,of 10 ratings,$13
ATRS,$1.8299,1441394421224,"167,128",92% bullish,of 12 ratings,$4.50
ABAC,$0.7501,1441394421286,"3,118",100% bearish,of 1 rating,N/A
ATNY,$2.44,1441394421312,"2,500",50% bullish,of 2 ratings,$3.75
APIC,$6.8,1441394421387,"31,761",100% bearish,of 1 rating,$19
APOG,$51.68,1441394421487,"49,621",50% bullish,of 2 ratings,$67
APOL,$10.895,1441394421715,"297,606",87% bearish,of 68 ratings,$14
APPF,$17.07,1441394421751,"20,987",50% bullish,of 2 ratings,$22
APDN,$3.39,1441394421772,"13,052",Not yet rated,NULL,$9
AINV,$6.445,1441394421793,"320,977",50% bullish,of 4 ratings,$8
ARCI,$1.2399,1441394421837,"3,100",Not yet rated,NULL,N/A
AGTC,$16.33,1441394421864,"10,488",50% bullish,of 2 ratings,$33
AMAT,$15.38,1441394421925,"5,847,575",82% bullish,of 11 ratings,$23
AAPL,$109.21,1441394421954,"20,067,312",86% bullish,of 2364 ratings,$150
APDNW,$1.4404,1441394422093,100,Not yet rated,NULL,N/A
AAOI,$20.32,1441394422221,"81,372",50% bullish,of 4 ratings,$26
AREX,$2.47,1441394422278,"346,214",50% bullish,of 2 ratings,$3
AMCC,$5.68,1441394422321,"130,999",80% bullish,of 5 ratings,$8
AQMS,$4.97,1441394422474,"8,084",Not yet rated,NULL,N/A
APTO,$5.171,1441394422553,302,Not yet rated,NULL,$17
APRI,$1.6599,1441394422585,"116,033",83% bullish,of 6 ratings,$4.86
AUMA,$9.85,1441394422685,200,Not yet rated,NULL,N/A
AQXP,$16.15,1441394422717,"202,121",50% bullish,of 2 ratings,$2
AUMAU,NULL,1441394422740,0,Not yet rated,NULL,N/A
ARDM,NULL,1441394422817,0,100% bullish,of 1 rating,$26
AUMAW,NULL,1441394422885,0,Not yet rated,NULL,N/A
PETX,$17.26,1441394423037,"74,465",100% bearish,of 2 ratings,$26
ABUS,$6.995,1441394423107,"218,277",86% bullish,of 14 ratings,$21.50
ARCW,$3.25,1441394423167,"242,616",100% bearish,of 2 ratings,$10.50
ABIO,$6.1,1441394423239,"29,996",50% bullish,of 2 ratings,$3.75
RKDA,$5.47,1441394423310,"2,588",100% bearish,of 2 ratings,$10
ACAT,$25.1,1441394423485,"54,736",100% bearish,of 3 ratings,$33
ARCB,$28.46,1441394423511,"88,487",67% bearish,of 3 ratings,$39.50
ACGL,$68.34,1441394423553,"82,794",50% bullish,of 2 ratings,$72
ARCC,$15.39,1441394423648,"547,011",67% bearish,of 3 ratings,$17.75
AGII,$54.51,1441394423679,"23,180",Not yet rated,NULL,$59.50
ARNA,$2.705,1441394423742,"405,657",90% bullish,of 78 ratings,$5.50
ARDX,$18.95,1441394423768,"59,642",50% bullish,of 2 ratings,$24.50
AGIIL,$25.14,1441394423836,"2,857",Not yet rated,NULL,N/A
ARIS,$3.6547,1441394423962,"2,100",Not yet rated,NULL,$4.50
ARGS,$6.24,1441394424114,"3,202",50% bullish,of 2 ratings,$19.50
ARIA,$7.99,1441394424258,"3,737,853",87% bullish,of 46 ratings,$9
ARMH,$42.63,1441394424392,"627,221",54% bearish,of 13 ratings,$60
ARWA,NULL,1441394424460,0,Not yet rated,NULL,N/A
ARTX,$1.3301,1441394424489,"87,078",88% bullish,of 16 ratings,$4.50
ARWAU,$10.2,1441394424558,100,100% bullish,of 1 rating,N/A
ARWAR,NULL,1441394424585,0,Not yet rated,NULL,N/A
ARKR,$24.835,1441394424616,"1,860",50% bullish,of 2 ratings,N/A
ARWAW,NULL,1441394424750,0,Not yet rated,NULL,N/A
ARRS,$25.93,1441394424780,"308,894",50% bullish,of 2 ratings,$38
ARQL,$1.6915,1441394424886,"17,133",75% bullish,of 4 ratings,$5
ARRY,$5.55,1441394425015,"870,573",100% bullish,of 7 ratings,$10
ARWR,$5.485,1441394425045,"544,263",75% bullish,of 4 ratings,$10.50
AROW,$27.01,1441394425074,"2,554",Not yet rated,NULL,N/A
DWAT,$9.64,1441394425099,"3,600",100% bearish,of 1 rating,N/A
ARTNA,$21.82,1441394425173,"3,772",100% bearish,of 1 rating,$29
ARTW,$4,1441394425306,"1,100",75% bearish,of 4 ratings,N/A
ASBB,$25.23,1441394425411,501,Not yet rated,NULL,N/A
ASNA,$12.13,1441394425437,"1,289,552",50% bullish,of 2 ratings,$18
ASCMA,$26.48,1441394425480,"17,774",100% bearish,of 1 rating,$45
ASND,$19.78,1441394425568,"25,372",50% bullish,of 2 ratings,$30
ASMI,NULL,1441394425625,0,NULL,NULL,NULL
ASTI,$0.19,1441394425699,"3,094,737",83% bullish,of 6 ratings,$3
APWC,$1.64,1441394425770,404,100% bearish,of 1 rating,N/A
ASMB,$13.04,1441394425993,"28,603",67% bullish,of 3 ratings,N/A
AZPN,$38.07,1441394426078,"225,924",50% bullish,of 2 ratings,$42
ASML,$91.37,1441394426108,"269,378",50% bullish,of 4 ratings,$127
ASFI,$8.73,1441394426129,"1,400",100% bullish,of 1 rating,N/A
ASTE,$37.88,1441394426212,"27,411",100% bearish,of 1 rating,$49
ATRO,$49.4,1441394426356,"90,651",100% bearish,of 2 ratings,$80
ALOT,NULL,1441394426383,0,100% bearish,of 1 rating,N/A
ASTC,$2.256,1441394426416,"7,357",100% bullish,of 5 ratings,N/A
ATAI,$2.3,1441394426564,"3,230",100% bearish,of 1 rating,N/A
ATHN,$132.06,1441394426623,"77,385",67% bearish,of 3 ratings,$153
ASUR,$5.49,1441394426649,"11,459",50% bullish,of 2 ratings,$8
ATRA,$42.11,1441394426815,"35,053",50% bullish,of 2 ratings,$68
AFCB,NULL,1441394426841,0,Not yet rated,NULL,N/A
ATHX,$1.125,1441394426872,"53,748",89% bullish,of 9 ratings,$5
AAPC,$10.1,1441394426981,7,Not yet rated,NULL,N/A
AAME,$3.4899,1441394427008,"1,203",Not yet rated,NULL,N/A
ACFC,$5.56,1441394427049,"8,028",100% bearish,of 1 rating,$6.50
AAWW,$37.94,1441394427152,"107,777",50% bullish,of 2 ratings,$65
ATNI,$73.75,1441394427178,"17,844",100% bearish,of 1 rating,$69.50
ATLC,$3.9389,1441394427253,811,67% bullish,of 3 ratings,N/A
AFH,$16.12,1441394427440,"118,831",Not yet rated,NULL,$21.50
ATML,$7.84,1441394427465,"2,854,299",78% bullish,of 9 ratings,$9.50
ATRC,$23.28,1441394427493,"70,685",100% bullish,of 1 rating,$30
ATOS,$0.8531,1441394427519,"91,359",100% bullish,of 7 ratings,$7
ATRI,$371,1441394427654,"2,065",Not yet rated,NULL,N/A
ATTU,$12.97,1441394427702,"10,885",100% bearish,of 1 rating,$20.50
ATRM,NULL,1441394427835,0,50% bullish,of 2 ratings,N/A
LIFE,$14.188,1441394427860,"23,944",86% bullish,of 7 ratings,$43
EARS,$4.35,1441394427994,"3,200",100% bearish,of 2 ratings,$11
AUPH,$3.32,1441394428022,"6,899",100% bearish,of 1 rating,$8
AUBN,$26.553,1441394428043,"2,700",Not yet rated,NULL,N/A
ADAT,$0.319,1441394428174,"718,929",100% bullish,of 2 ratings,N/A
AUDC,$3.1993,1441394428199,"16,839",80% bullish,of 5 ratings,$5
ABTL,$18.9,1441394428272,"52,113",100% bullish,of 4 ratings,$20.25
ADSK,$45.43,1441394428407,"795,782",67% bullish,of 6 ratings,$66
AVGO,$121.25,1441394428432,"895,665",88% bullish,of 8 ratings,$165
ADP,$76.08,1441394428483,"744,285",100% bearish,of 1 rating,$88
AAVL,$10.22,1441394428579,"130,375",100% bearish,of 1 rating,$20
AVNU,$12.73,1441394428608,"1,700",Not yet rated,NULL,$14
AVEO,$1.34,1441394428634,"246,703",75% bullish,of 8 ratings,$3
AVNW,$1.22,1441394428765,"54,679",50% bullish,of 2 ratings,N/A
CAR,$42.22,1441394428831,"1,010,855",80% bullish,of 5 ratings,$60
AVID,$8.52,1441394428860,"158,613",100% bearish,of 1 rating,$20
AVGR,$14.92,1441394428966,"25,022",100% bearish,of 1 rating,$20
AXPW,$1.8834,1441394429010,"301,540",86% bullish,of 7 ratings,N/A
AWRE,$3.2256,1441394429070,"7,229",67% bullish,of 3 ratings,N/A
ACLS,$3.21,1441394429116,"114,926",67% bullish,of 6 ratings,$4.75
AXPWW,NULL,1441394429250,0,Not yet rated,NULL,N/A
AXGN,$4.71,1441394429314,"12,450",Not yet rated,NULL,$5
AXTI,$2.1301,1441394429383,"4,597",50% bullish,of 2 ratings,$2.75
RILY,NULL,1441394429490,0,Not yet rated,NULL,N/A
BEAV,$48.75,1441394429620,"249,635",67% bearish,of 3 ratings,$59
BCOM,NULL,1441394429651,0,100% bearish,of 1 rating,N/A
BIDU,$145.15,1441394429683,"1,383,768",81% bullish,of 88 ratings,$210
BOSC,$2.07,1441394429708,"2,900",50% bullish,of 2 ratings,N/A
BCPC,$57.43,1441394429758,"81,576",100% bearish,of 1 rating,$75
BWINB,$22.29,1441394429783,"1,865",Not yet rated,NULL,N/A
BWINA,NULL,1441394430034,0,Not yet rated,NULL,N/A
BANFP,$26.8,1441394430190,266,Not yet rated,NULL,N/A
BLDP,$1.31,1441394430219,"92,069",91% bullish,of 22 ratings,$2.50
BKMU,$6.87,1441394430242,"13,935",Not yet rated,NULL,$8
BANF,$59,1441394430263,"7,801",Not yet rated,NULL,$68
BOCH,$5.72,1441394430299,95,Not yet rated,NULL,$6.50
BMRC,$48.57,1441394430401,"2,284",Not yet rated,NULL,$52
BKSC,$16.76,1441394430544,"2,800",Not yet rated,NULL,N/A
BOTJ,$10.8,1441394430569,"1,046",Not yet rated,NULL,N/A
BZUN,$5.14,1441394430712,"124,862",50% bullish,of 2 ratings,$11.50
BFIN,$12.05,1441394430765,"4,624",Not yet rated,NULL,$13
BANR,$43.63,1441394430786,"21,978",100% bullish,of 3 ratings,$50
BWFG,$18.34,1441394430819,"3,513",100% bearish,of 1 rating,N/A
OZRK,$40.47,1441394430918,"76,259",67% bullish,of 3 ratings,$49.50
TAPR,$31.994,1441394431086,700,100% bearish,of 1 rating,N/A
BHAC,NULL,1441394431213,0,Not yet rated,NULL,N/A
BHACR,$0.21,1441394431255,"2,098",Not yet rated,NULL,N/A
BHACU,NULL,1441394431311,0,Not yet rated,NULL,N/A
BHACW,NULL,1441394431346,0,Not yet rated,NULL,N/A
BBSI,$34.67,1441394431415,"23,463",67% bearish,of 3 ratings,$62.50
BYBK,$4.99,1441394431493,300,100% bearish,of 1 rating,N/A
BSET,$28.92,1441394431547,"35,237",100% bearish,of 1 rating,$35
BYLK,$12.84,1441394431627,"2,896",Not yet rated,NULL,$14
BBCN,$14.17,1441394431692,"59,151",100% bearish,of 1 rating,$16
BCBP,$11.31,1441394431793,42,Not yet rated,NULL,N/A
BDCV,$4.83,1441394431853,"8,722",100% bearish,of 1 rating,$10.19
BV,$5.025,1441394431880,"125,179",67% bullish,of 6 ratings,$8.75
BECN,$35.56,1441394432047,"68,213",50% bullish,of 2 ratings,$40
BSF,$8.52,1441394432074,"15,371",Not yet rated,NULL,N/A
BBGI,$3.95,1441394432202,"1,019",100% bearish,of 1 rating,N/A
BEBE,$1.18,1441394432228,"392,711",75% bullish,of 4 ratings,$2.125
BBBY,$62.06,1441394432358,"419,148",71% bullish,of 7 ratings,$75
BLPH,$4.02,1441394432384,"8,793",100% bearish,of 1 rating,$12.50
BELFA,$15,1441394432412,12,100% bearish,of 1 rating,N/A
BELFB,$18.57,1441394432433,"6,520",100% bearish,of 1 rating,N/A
BLCM,$16.03,1441394432564,"64,293",50% bullish,of 4 ratings,$40
BNCL,$12.38,1441394432592,"112,556",100% bullish,of 3 ratings,$12.50
BNFT,$36.01,1441394432613,"31,481",67% bullish,of 3 ratings,$46
BNTC,$7.1,1441394432748,"1,400",100% bullish,of 1 rating,N/A
BGCP,$8.81,1441394432885,"302,532",88% bullish,of 8 ratings,$14
BGMD,$0.6125,1441394432914,"62,627",100% bullish,of 10 ratings,N/A
BIND,$4.85,1441394433128,"19,067",75% bullish,of 4 ratings,$13.50
BASI,$1.6358,1441394433210,200,Not yet rated,NULL,N/A
BGFV,$11.31,1441394433239,"65,129",57% bullish,of 7 ratings,$12
BCDA,NULL,1441394433267,0,Not yet rated,NULL,N/A
BIOC,$2.02,1441394433288,"115,152",83% bullish,of 6 ratings,$3.85
ORPN,$5.51,1441394433319,"4,603",100% bullish,of 1 rating,$28.50
BIOD,$0.6923,1441394433492,"12,050",80% bullish,of 5 ratings,$4
BCRX,$11.47,1441394433520,"162,119",63% bullish,of 8 ratings,$18
BDSI,$6.375,1441394433557,"385,080",88% bullish,of 8 ratings,$17
BIOL,$1.55,1441394433697,"8,761",Not yet rated,NULL,N/A
BLRX,$1.6999,1441394433724,"144,993",100% bullish,of 12 ratings,$5
BIIB,$302.0225,1441394433796,"581,852",88% bullish,of 16 ratings,$400
BLFS,$2.34,1441394433864,"82,222",100% bearish,of 1 rating,$4.75
BMRN,$126.34,1441394433962,"231,066",80% bullish,of 5 ratings,$160
BVXV,$3.85,1441394434008,"22,447",Not yet rated,NULL,N/A
BVXVW,$0.82,1441394434037,"1,200",100% bearish,of 1 rating,N/A
BRLI,NULL,1441394434062,0,NULL,NULL,NULL
BPTH,$1.15,1441394434138,"17,754",100% bullish,of 2 ratings,$5
BBC,$31.05,1441394434232,"8,118",Not yet rated,NULL,N/A
BBP,$31.9234,1441394434386,"9,963",Not yet rated,NULL,N/A
BSTC,$48.43,1441394434415,"13,271",100% bearish,of 1 rating,$76
BSPM,$0.67,1441394434441,"64,991",50% bullish,of 2 ratings,N/A
BIOS,$2.49,1441394434466,"254,591",71% bullish,of 7 ratings,$4
TECH,$92.3625,1441394434639,"111,195",100% bullish,of 1 rating,$117
BEAT,$15.96,1441394434786,"263,878",67% bearish,of 3 ratings,$15
BOTA,$2.09,1441394434818,"22,844",88% bullish,of 8 ratings,N/A
BITI,$16.48,1441394434840,"9,979",100% bullish,of 1 rating,$28
BJRI,$44.652,1441394434871,"79,620",50% bullish,of 2 ratings,$55
BDMS,NULL,1441394434918,0,100% bearish,of 1 rating,N/A
BDE,$7.37,1441394435055,"32,077",50% bullish,of 2 ratings,$9
BLKB,$56.87,1441394435136,"45,176",100% bearish,of 2 ratings,$66
BBOX,$14.75,1441394435161,"17,595",100% bearish,of 1 rating,N/A
BBRY,$7.255,1441394435238,"6,268,690",61% bullish,of 331 ratings,$9
BKCC,$9.41,1441394435423,"120,600",50% bullish,of 2 ratings,$10
ADRA,$25.9001,1441394435513,"1,578",100% bearish,of 1 rating,N/A
HAWK,$38.827,1441394435552,"57,606",91% bullish,of 11 ratings,$49
ADRD,$21.16,1441394435599,"2,013",100% bearish,of 1 rating,N/A
ADRU,$20.95,1441394435645,"3,800",100% bearish,of 1 rating,N/A
ADRE,$28.4201,1441394435677,"12,981",100% bearish,of 1 rating,N/A
BCOR,$13.21,1441394435779,"61,702",57% bullish,of 7 ratings,$15
BLMN,$20.45,1441394435806,"173,898",83% bullish,of 6 ratings,$27.50
BUFF,$23.39,1441394435970,"329,732",77% bullish,of 13 ratings,$31.50
BHBK,$13.95,1441394436124,"35,469",100% bullish,of 1 rating,$14.50
BBLU,$0.89,1441394436151,"378,545",100% bullish,of 2 ratings,$4.43
BLBD,$11.6,1441394436200,"2,090",Not yet rated,NULL,N/A
NILE,$33.48,1441394436224,"12,206",50% bullish,of 2 ratings,$34
BLUE,$129.27,1441394436296,"170,395",71% bullish,of 7 ratings,$217.50
BPMC,$28.11,1441394436428,"18,529",50% bullish,of 2 ratings,$47.50
BKEP,$6.4299,1441394436498,"9,598",100% bearish,of 1 rating,$8.50
BKEPP,NULL,1441394436559,0,100% bearish,of 1 rating,N/A
BNCN,$20.78,1441394436585,"35,222",Not yet rated,NULL,$24
BOBE,$44.9509,1441394436716,"159,857",75% bullish,of 4 ratings,$57
WIFI,$7.56,1441394436780,"83,709",50% bullish,of 2 ratings,$13.50
BOFI,$113.31,1441394436847,"188,484",100% bullish,of 6 ratings,$144
BOKF,$61.85,1441394437003,"48,907",100% bearish,of 1 rating,$69
BOJA,$20.77,1441394437033,"78,377",100% bullish,of 1 rating,$30
BONA,$11.235,1441394437135,"47,826",75% bullish,of 4 ratings,$8.50
BAMM,$3.21,1441394437208,"1,757",60% bullish,of 5 ratings,N/A
BNSO,$1.2301,1441394437276,900,100% bearish,of 1 rating,N/A
BPFH,$11.76,1441394437410,"122,218",100% bearish,of 1 rating,$14
BPFHW,NULL,1441394437443,0,100% bearish,of 1 rating,N/A
BPFHP,$24.4601,1441394437540,200,100% bearish,of 1 rating,N/A
BDBD,$8.24,1441394437567,"162,564",60% bullish,of 5 ratings,$10
EPAY,$26.37,1441394437594,"47,486",100% bearish,of 2 ratings,$30
BCLI,$3.11,1441394437637,"50,845",80% bullish,of 5 ratings,$12
BBEP,$2.6701,1441394437724,"558,845",69% bullish,of 13 ratings,$5.625
BBRG,$12.45,1441394437976,"12,792",67% bullish,of 3 ratings,$14.50
BDGE,$25.78,1441394438004,"6,177",Not yet rated,NULL,$31.75
BLIN,$1.53,1441394438107,"351,890",50% bullish,of 2 ratings,$2.20
BBEPP,$14.4927,1441394438146,"8,093",50% bullish,of 2 ratings,N/A
BRCM,$50.5901,1441394438239,"1,316,636",69% bullish,of 13 ratings,$56
BRID,$8.1,1441394438291,2,100% bearish,of 1 rating,N/A
BCOV,$5.2,1441394438317,"28,769",67% bullish,of 3 ratings,$10.20
BSFT,$31.95,1441394438386,"65,794",57% bullish,of 7 ratings,$40.50
BYFC,NULL,1441394438448,0,50% bullish,of 2 ratings,N/A
BVSN,$5.97,1441394438501,"1,200",60% bearish,of 5 ratings,N/A
BRKL,$10.42,1441394438610,"110,991",100% bearish,of 1 rating,$12
BRCD,$10.1201,1441394438641,"707,346",92% bullish,of 13 ratings,$12
BWEN,$3.15,1441394438679,"55,184",75% bullish,of 4 ratings,$8
BRKS,$10.23,1441394438819,"96,628",67% bullish,of 3 ratings,$15.25
BRKR,$17.76,1441394438848,"170,337",100% bearish,of 2 ratings,$22
BMTC,$29.25,1441394438982,"18,040",Not yet rated,NULL,$34
BLMT,$20.98,1441394439115,"2,780",Not yet rated,NULL,N/A
BLDR,$15.25,1441394439247,"575,611",67% bullish,of 3 ratings,$22
BSQR,$6.1188,1441394439275,"12,237",67% bullish,of 3 ratings,N/A
BWLD,$196.52,1441394439300,"95,683",82% bullish,of 11 ratings,$205
CFFI,$35.5001,1441394439412,302,100% bearish,of 1 rating,N/A
BUR,$1.7178,1441394439466,200,100% bearish,of 1 rating,$8
CCMP,$42.24,1441394439516,"14,854",50% bullish,of 2 ratings,$59
CHRW,$67.48,1441394439542,"438,298",Not yet rated,NULL,$72
CA,$27.05,1441394439572,"1,061,955",50% bullish,of 4 ratings,$33
CDNS,$20.26,1441394439673,"722,499",75% bullish,of 4 ratings,$22.50
CDZI,$7.38,1441394439764,"18,378",100% bearish,of 1 rating,N/A
CZR,$9.26,1441394439894,"219,928",60% bearish,of 5 ratings,$10.50
CACQ,$7.16,1441394439925,"70,494",100% bearish,of 1 rating,$12.25
CLBS,$1.7134,1441394440025,"54,967",79% bullish,of 14 ratings,$4
CSTE,$38.49,1441394440051,"107,206",50% bullish,of 2 ratings,$65
PRSS,$4.45,1441394440075,"5,175",80% bullish,of 5 ratings,$4.50
CCD,$19.36,1441394440334,"33,952",Not yet rated,NULL,N/A
CLMS,$9.7,1441394440365,"67,083",Not yet rated,NULL,$10.50
CHW,$7.3615,1441394440422,"162,809",100% bearish,of 1 rating,N/A
CHI,$10.305,1441394440454,"121,303",100% bearish,of 1 rating,N/A
CFGE,NULL,1441394440474,0,Not yet rated,NULL,N/A
CGO,$11.9,1441394440508,"6,645",100% bearish,of 1 rating,N/A
CHY,$11.012,1441394440529,"109,426",Not yet rated,NULL,N/A
CSQ,$9.67,1441394440659,"204,584",Not yet rated,NULL,N/A
CVGW,$49.47,1441394440908,"185,410",50% bullish,of 2 ratings,$62
CAMP,$15.83,1441394440944,"174,849",88% bullish,of 8 ratings,$25
CFNB,$13.0601,1441394440970,300,100% bearish,of 1 rating,N/A
CALA,$6.06,1441394441044,"118,895",67% bullish,of 3 ratings,$19.50
CALD,$15.9,1441394441185,"101,805",100% bearish,of 1 rating,$21
CALM,$52.71,1441394441210,"90,972",80% bullish,of 5 ratings,$63.50
ABCD,$5.09,1441394441256,"25,716",83% bullish,of 6 ratings,N/A
CLMT,$25.5262,1441394441285,"54,114",75% bullish,of 8 ratings,$31
CAMBU,NULL,1441394441389,0,100% bearish,of 1 rating,N/A
CAMB,NULL,1441394441422,0,Not yet rated,NULL,N/A
CAC,$39.62,1441394441517,"6,554",Not yet rated,NULL,N/A
CAMBW,NULL,1441394441543,0,Not yet rated,NULL,N/A
CAMT,$2.62,1441394441588,"16,829",73% bullish,of 11 ratings,$4
CSIQ,$18.28,1441394441680,"513,731",86% bullish,of 28 ratings,$42.50
CGIX,$9.87,1441394441705,"3,212",67% bullish,of 3 ratings,$14.375
CBNJ,$11.15,1441394442023,"8,041",100% bearish,of 1 rating,N/A
CBF,$30.08,1441394442049,"10,545",Not yet rated,NULL,$32
CPHC,NULL,1441394442083,0,100% bearish,of 1 rating,N/A
CPLA,$48.88,1441394442130,"26,221",67% bearish,of 3 ratings,$65
CPTA,$14.12,1441394442184,"13,127",100% bearish,of 1 rating,$18.25
CSWC,$43.31,1441394442211,"19,647",Not yet rated,NULL,N/A
CCBG,$14.89,1441394442237,"2,835",Not yet rated,NULL,$17.25
CPLP,$7.01,1441394442260,"105,382",71% bullish,of 7 ratings,$11
CFFN,$11.7999,1441394442478,"144,545",Not yet rated,NULL,$12.75
CAPN,$2,1441394442534,"55,776",100% bullish,of 1 rating,$10.85
CAPNW,NULL,1441394442625,0,Not yet rated,NULL,N/A
CPST,$0.3859,1441394442664,"243,368",95% bullish,of 22 ratings,$1.25
CAPR,$4.3,1441394442697,"6,441",Not yet rated,NULL,$12
CARA,$19.05,1441394442931,"91,001",50% bullish,of 4 ratings,$25
CBYL,$5.355,1441394442957,"27,032",100% bearish,of 1 rating,$20
CARB,$11.1,1441394442978,"35,340",75% bullish,of 4 ratings,$12
CRDC,$0.34,1441394443025,"146,590",100% bullish,of 1 rating,$1.25
CSII,$22.64,1441394443207,"72,528",100% bearish,of 2 ratings,$42.125
CRME,$9.48,1441394443233,"11,307",89% bullish,of 9 ratings,$11.25
CDNA,$6.96,1441394443259,"19,483",100% bearish,of 1 rating,$9
CFNL,$22.02,1441394443289,"21,639",Not yet rated,NULL,$24
CTRE,$10.9,1441394443361,"137,711",50% bullish,of 2 ratings,$13.50
CATM,$33.753,1441394443423,"97,728",100% bearish,of 1 rating,$44
CECO,$3.57,1441394443449,"108,997",67% bearish,of 3 ratings,$6
CLBH,$12.65,1441394443711,"1,411",Not yet rated,NULL,$16.50
CART,NULL,1441394443738,0,100% bearish,of 1 rating,N/A
CARO,$15.09,1441394443763,704,100% bearish,of 1 rating,$19
CKEC,$22.64,1441394443816,"87,440",50% bullish,of 2 ratings,$35.915
TAST,$12.68,1441394444030,"110,920",Not yet rated,NULL,$14.25
CRZO,$35.4,1441394444060,"543,352",67% bearish,of 3 ratings,$54.50
CARV,$6.8222,1441394444089,"6,640",50% bullish,of 2 ratings,N/A
CRTN,$2.44,1441394444117,768,100% bearish,of 1 rating,N/A
CASM,$1.19,1441394444189,"7,364",100% bullish,of 1 rating,$3.50
CSCD,$15.16,1441394444252,"6,534",100% bullish,of 2 ratings,$17
CACB,$5.31,1441394444286,"35,777",Not yet rated,NULL,$5.50
CASY,$105.55,1441394444431,"99,006",50% bullish,of 2 ratings,$99.50
CWST,$6.295,1441394444456,"26,236",50% bullish,of 2 ratings,$7.25
CASS,$48.8,1441394444785,"6,751",100% bearish,of 1 rating,N/A
CPRX,$3.67,1441394444854,"300,641",71% bullish,of 7 ratings,$7
CATB,$10.97,1441394444883,"8,315",100% bearish,of 1 rating,$28
CATY,$29.03,1441394444908,"217,454",100% bearish,of 1 rating,$33.50
CASI,$1.3526,1441394444940,"1,684",100% bullish,of 1 rating,$3.50
CVCO,$70.87,1441394444966,"3,045",100% bearish,of 1 rating,N/A
CATYW,NULL,1441394445013,0,100% bearish,of 1 rating,N/A
CAVM,$68.34,1441394445242,"226,977",67% bearish,of 3 ratings,$72
CNLM,NULL,1441394445282,0,Not yet rated,NULL,N/A
CNLMU,NULL,1441394445377,0,100% bullish,of 1 rating,N/A
CNLMR,NULL,1441394445407,0,Not yet rated,NULL,N/A
CNLMW,NULL,1441394445438,0,Not yet rated,NULL,N/A
CBOE,$63.52,1441394445465,"123,747",Not yet rated,NULL,$63
CBFV,$21.4599,1441394445536,421,Not yet rated,NULL,$25
CDK,$48.25,1441394445698,"62,156",67% bearish,of 3 ratings,$50
CDW,$38.69,1441394445882,"265,470",75% bullish,of 4 ratings,$44
CPXX,$2.3,1441394445917,"24,497",100% bullish,of 2 ratings,$7
CELGZ,$1.7935,1441394446015,373,80% bullish,of 5 ratings,N/A
CLDN,$1.1936,1441394446040,"32,332",63% bullish,of 8 ratings,$3
CELG,$117.355,1441394446072,"1,502,102",100% bullish,of 13 ratings,$156
CECE,$9.61,1441394446170,"140,040",50% bullish,of 2 ratings,$16
CLDX,$14.07,1441394446272,"336,758",89% bullish,of 9 ratings,$36
CLRBW,NULL,1441394446301,0,Not yet rated,NULL,N/A
CLRB,$2.89,1441394446326,"2,270",100% bearish,of 1 rating,N/A
CBMG,$23.12,1441394446584,"26,913",50% bullish,of 2 ratings,N/A
CLLS,$31.86,1441394446612,"38,444",75% bullish,of 4 ratings,$51.50
CLSN,$1.96,1441394446644,"40,614",80% bullish,of 10 ratings,$7.50
CLTX,$1.99,1441394446666,"83,030",100% bullish,of 2 ratings,N/A
CYAD,$47.01,1441394446697,100,100% bullish,of 1 rating,$87.50
CEMP,$33.46,1441394446745,"188,234",71% bullish,of 7 ratings,$52
CETX,$2.443,1441394446902,"17,100",Not yet rated,NULL,$5.60
CSFL,$13.58,1441394446975,"34,898",Not yet rated,NULL,$15
CFBK,$1.34,1441394447215,896,Not yet rated,NULL,N/A
CENT,$14.1993,1441394447268,"90,969",Not yet rated,NULL,$10
CENTA,$14.57,1441394447294,"69,553",Not yet rated,NULL,N/A
CVCY,$11.54,1441394447344,198,Not yet rated,NULL,$12
CNBKA,$39.12,1441394447370,198,50% bullish,of 2 ratings,N/A
CETV,$2.0599,1441394447391,"18,338",67% bullish,of 3 ratings,$2.80
CENX,$5.265,1441394447440,"727,466",67% bullish,of 6 ratings,$9
CNTY,$5.91,1441394447612,"7,048",80% bullish,of 5 ratings,$7.75
CRNT,$1.39,1441394447637,"25,141",50% bullish,of 2 ratings,$2
CPHD,$49.23,1441394447777,"256,961",67% bearish,of 3 ratings,$66
CERU,$4.2045,1441394447804,"15,381",75% bullish,of 4 ratings,$14
CERN,$59.8445,1441394447876,"313,150",67% bullish,of 3 ratings,$79
CERS,$5.2036,1441394447958,"424,376",75% bullish,of 4 ratings,$7
CERE,$1.115,1441394448007,"188,772",88% bullish,of 8 ratings,N/A
KOOL,$0.6424,1441394448151,"27,035",100% bullish,of 5 ratings,$7
HOTR,$1.3099,1441394448294,"41,356",100% bullish,of 2 ratings,$5
HOTRW,$0.15,1441394448322,"10,650",Not yet rated,NULL,N/A
GTLS,$23.01,1441394448451,"78,841",50% bullish,of 4 ratings,$40
CEVA,$19,1441394448482,"9,780",100% bearish,of 1 rating,$25
CHTR,$182.72,1441394448503,"267,398",67% bearish,of 3 ratings,$202
CTHR,$1.2396,1441394448534,"32,247",50% bullish,of 2 ratings,$2.50
CYOU,$18.79,1441394448562,"44,397",50% bullish,of 6 ratings,$24
CHFN,$12.1,1441394448733,"6,408",Not yet rated,NULL,$14
CHKP,$77.795,1441394448810,"592,446",50% bullish,of 4 ratings,$92
CHEK,NULL,1441394448876,0,Not yet rated,NULL,$7.75
CHEKW,NULL,1441394448941,0,Not yet rated,NULL,N/A
CEMI,$4.21,1441394448981,"3,148",50% bullish,of 2 ratings,$7.50
CHFC,$30.34,1441394449152,"39,150",100% bearish,of 1 rating,$36
CHMG,$26.15,1441394449177,400,Not yet rated,NULL,$30
CCXI,$6.18,1441394449224,"10,802",67% bullish,of 3 ratings,$14
CHKE,$25.57,1441394449252,"6,115",100% bearish,of 1 rating,$32.50
CHEV,$14.5,1441394449312,"3,750",Not yet rated,NULL,N/A
CHMA,$28.39,1441394449344,"45,081",Not yet rated,NULL,$40
CBNK,$16.78,1441394449444,200,100% bearish,of 1 rating,N/A
CADC,$3.34,1441394449591,400,78% bullish,of 9 ratings,N/A
CMRX,$49.02,1441394449626,"87,145",50% bullish,of 2 ratings,$57
PLCE,$58.29,1441394449723,"54,822",100% bearish,of 1 rating,$69
CALI,NULL,1441394449748,0,67% bullish,of 3 ratings,N/A
CAAS,$6.05,1441394449879,"4,779",93% bullish,of 14 ratings,$11.50
CHOP,$1.08,1441394450125,"7,397",50% bullish,of 2 ratings,N/A
CHLN,$1.8,1441394450156,300,67% bullish,of 3 ratings,N/A
CBAK,$2.0299,1441394450177,"85,217",67% bullish,of 9 ratings,N/A
CCCL,NULL,1441394450198,0,100% bullish,of 6 ratings,N/A
CBPO,$94.265,1441394450240,"56,109",75% bullish,of 8 ratings,$140.50
JRJC,$3.48,1441394450261,"21,910",82% bullish,of 11 ratings,N/A
CCCR,$0.7152,1441394450334,700,67% bearish,of 3 ratings,N/A
CNIT,$1.14,1441394450397,"59,359",67% bullish,of 6 ratings,N/A
HGSH,$1.8,1441394450528,"2,201",67% bullish,of 3 ratings,N/A
CJJD,$1.763,1441394450616,"2,790",100% bullish,of 1 rating,N/A
HTHT,$25.5,1441394450720,"39,348",50% bullish,of 2 ratings,$28.40
CREG,$0.6301,1441394450826,"31,892",100% bullish,of 3 ratings,N/A
CNTF,$0.7807,1441394450853,"23,386",Not yet rated,NULL,N/A
CHNR,$1.72,1441394450883,"21,018",100% bearish,of 1 rating,N/A
CXDC,$6.05,1441394450983,"17,268",67% bearish,of 3 ratings,N/A
CPGI,$6.905,1441394451008,"1,900",Not yet rated,NULL,N/A
CSUN,$1.331,1441394451065,"8,275",80% bullish,of 5 ratings,N/A
CCIH,$7.27,1441394451148,"78,810",67% bullish,of 6 ratings,$12.65
CNYD,$3.21,1441394451283,300,67% bullish,of 3 ratings,N/A
CHSCL,$27.3,1441394451309,"12,442",Not yet rated,NULL,N/A
IMOS,$19.37,1441394451335,"103,383",60% bullish,of 5 ratings,$21.50
CNET,$0.84,1441394451356,"12,960",50% bullish,of 2 ratings,N/A
CHSCM,$26.261,1441394451546,"7,549",Not yet rated,NULL,N/A
CHSCN,$27.053,1441394451709,"1,652",Not yet rated,NULL,N/A
CHSCO,$28.42,1441394451735,"1,068",Not yet rated,NULL,N/A
CHDN,$133.69,1441394451770,"26,111",Not yet rated,NULL,$165
CHSCP,$30.69,1441394451791,"2,821",Not yet rated,NULL,N/A
CHUY,$31.34,1441394451820,"38,236",50% bullish,of 2 ratings,$34
CIFC,$6.85,1441394451866,"7,435",100% bearish,of 1 rating,N/A
CDTX,$14.23,1441394451959,"9,585",Not yet rated,NULL,$22
CINF,$51.84,1441394452188,"220,673",50% bullish,of 4 ratings,$50.50
CMCT,NULL,1441394452231,0,100% bearish,of 1 rating,N/A
CMPR,$71.2,1441394452258,"60,584",50% bullish,of 2 ratings,$72.50
CIDM,$0.5894,1441394452333,"7,015",50% bullish,of 2 ratings,$2.10
CTAS,$83.85,1441394452477,"136,857",100% bearish,of 1 rating,$91
CRUS,$29.46,1441394452530,"218,255",75% bullish,of 12 ratings,$44.50
CSCO,$25.4855,1441394452569,"9,104,704",83% bullish,of 210 ratings,$32
CTRN,$25.79,1441394452712,"32,518",100% bearish,of 1 rating,$31.50
CZWI,$9,1441394452762,316,Not yet rated,NULL,N/A
CPHR,$5.05,1441394452855,"1,710",100% bearish,of 1 rating,$17
CZNC,$19.49,1441394452883,"4,730",Not yet rated,NULL,N/A
CZFC,NULL,1441394452909,0,Not yet rated,NULL,N/A
CIZN,NULL,1441394452960,0,Not yet rated,NULL,N/A
CTXS,$67.89,1441394452986,"686,519",86% bullish,of 7 ratings,$80
CIVB,$10.07,1441394453179,"1,650",Not yet rated,NULL,$11
CHCO,$47,1441394453238,"14,118",Not yet rated,NULL,$46
CIVBP,NULL,1441394453278,0,Not yet rated,NULL,N/A
CDTI,$1.56,1441394453382,"18,150",75% bullish,of 4 ratings,$3.20
CLNE,$5.0885,1441394453543,"320,380",80% bullish,of 15 ratings,$9
CLFD,$16.81,1441394453575,"9,744",67% bullish,of 3 ratings,$18
CSBK,$13.82,1441394453674,"18,307",Not yet rated,NULL,N/A
CLIR,$5.04,1441394453699,"34,770",100% bullish,of 3 ratings,N/A
CBLI,$4.14,1441394453726,"11,556",60% bullish,of 5 ratings,N/A
CLRO,$11.43,1441394453762,600,50% bullish,of 2 ratings,$14.25
CLVS,$82.7,1441394453861,"136,412",60% bullish,of 5 ratings,$101.50
CLNT,$1.55,1441394453890,"5,200",75% bullish,of 8 ratings,N/A
CMFN,$11.257,1441394453958,"7,762",100% bearish,of 1 rating,$15.50
CCNE,$16.989,1441394454090,"4,343",50% bullish,of 2 ratings,$21.50
CME,$92.37,1441394454164,"655,457",67% bullish,of 3 ratings,$102
CISG,$7.65,1441394454307,"13,757",100% bullish,of 5 ratings,$10
CWAY,$11.28,1441394454366,"1,600",Not yet rated,NULL,N/A
CNV,$4.36,1441394454392,"20,784",50% bullish,of 2 ratings,$7.15
COBZ,$12.65,1441394454413,"17,571",100% bullish,of 1 rating,$14
CDRB,$9.18,1441394454444,"17,139",67% bullish,of 3 ratings,N/A
CVLY,$20.4001,1441394454655,300,Not yet rated,NULL,N/A
JVA,$4.7,1441394454683,"7,400",83% bullish,of 6 ratings,$7
COKE,$157.09,1441394454704,"9,933",79% bullish,of 19 ratings,N/A
CCOI,$27.23,1441394454854,"119,999",50% bullish,of 4 ratings,$35
CGNT,$1.54,1441394454914,800,100% bullish,of 2 ratings,$2
CDXS,$3.5006,1441394454993,"21,472",64% bullish,of 11 ratings,$6
CGNX,$34.435,1441394455062,"153,008",50% bullish,of 2 ratings,$47
CTSH,$61.58,1441394455095,"1,407,653",90% bullish,of 10 ratings,$75
CHRS,$26.4576,1441394455228,"98,235",67% bearish,of 3 ratings,$37
COHU,$9.5,1441394455255,"20,531",100% bearish,of 1 rating,$14.25
COHR,$54.69,1441394455276,"27,460",50% bullish,of 2 ratings,$72
CLCT,$17.94,1441394455446,"7,266",100% bearish,of 1 rating,N/A
CIGI,$41.89,1441394455478,"16,735",100% bearish,of 1 rating,$52
CBAN,$8.76,1441394455579,300,Not yet rated,NULL,N/A
COLL,$16.01,1441394455652,"23,692",100% bearish,of 1 rating,$26
COLB,$29.26,1441394455678,"63,050",Not yet rated,NULL,$36
CLRX,$0.6704,1441394455707,"15,004",50% bullish,of 2 ratings,N/A
CLCD,$5.97,1441394455735,"33,504",100% bearish,of 1 rating,$20.50
COLM,$61.24,1441394455807,"28,477",100% bearish,of 1 rating,$71
CBSH,$43.4,1441394456115,"100,843",50% bullish,of 2 ratings,$46
CBSHP,$25.43,1441394456140,"3,471",100% bearish,of 1 rating,N/A
CBMX,$1.11,1441394456171,"10,301",83% bullish,of 6 ratings,$3.15
CMCSA,$55.655,1441394456192,"4,148,659",66% bullish,of 35 ratings,$69.50
CUBN,NULL,1441394456326,0,Not yet rated,NULL,N/A
CMCO,$18.91,1441394456356,"14,824",60% bullish,of 5 ratings,$28
CMCSK,$56.63,1441394456387,"1,552,642",Not yet rated,NULL,$84
CVGI,$4.83,1441394456456,"17,943",50% bullish,of 2 ratings,$6
CSAL,$20.17,1441394456516,"222,930",75% bullish,of 4 ratings,$30
COMM,$32.61,1441394456604,"195,354",67% bearish,of 3 ratings,$35
ESXB,$5.0201,1441394456753,426,Not yet rated,NULL,N/A
JCS,$8.66,1441394456843,"6,975",67% bullish,of 3 ratings,N/A
CTBI,$34.46,1441394456924,"6,004",Not yet rated,NULL,$36
CVLT,$35.28,1441394456971,"194,169",75% bullish,of 4 ratings,$44.50
CWBC,$6.826,1441394457000,200,Not yet rated,NULL,N/A
CYHHZ,$0.012,1441394457028,"8,982",100% bullish,of 1 rating,N/A
COB,$10.15,1441394457077,"2,700",100% bullish,of 1 rating,$11.75
CIZ,$31.99,1441394457105,"14,323",100% bearish,of 1 rating,N/A
CIL,NULL,1441394457241,0,Not yet rated,NULL,N/A
CSA,NULL,1441394457439,0,Not yet rated,NULL,N/A
CSF,$36.06,1441394457465,"3,017",100% bearish,of 1 rating,N/A
CID,$32.38,1441394457505,"1,305",Not yet rated,NULL,N/A
CFO,$34.7,1441394457595,"45,444",100% bearish,of 1 rating,N/A
CFA,$34.65,1441394457647,900,100% bearish,of 1 rating,N/A
CDL,$32.826,1441394457750,"1,157",Not yet rated,NULL,N/A
CSB,NULL,1441394457883,0,Not yet rated,NULL,N/A
CTG,$6.59,1441394457914,"10,195",100% bearish,of 1 rating,$8.50
CGEN,$5.07,1441394457954,"33,276",50% bullish,of 2 ratings,$11
CDC,$33.748,1441394457982,"50,166",Not yet rated,NULL,N/A
CPSI,$45.1,1441394458013,"24,452",100% bearish,of 1 rating,$45.50
SCOR,$47.42,1441394458044,"227,737",100% bearish,of 1 rating,$66
CHCI,$0.721,1441394458147,"5,769",50% bullish,of 2 ratings,N/A
CMTL,$25.99,1441394458173,"9,436",100% bearish,of 2 ratings,$37
CNSI,$18.12,1441394458423,"34,139",100% bearish,of 2 ratings,$29
CNAT,$3.83,1441394458449,"38,064",83% bullish,of 6 ratings,$13
CDORO,NULL,1441394458580,0,100% bearish,of 1 rating,N/A
CXRX,$82.95,1441394458605,300,100% bearish,of 1 rating,$90
CNCE,$15.91,1441394458635,"57,815",75% bullish,of 4 ratings,$22
CDORP,$6.25,1441394458662,300,100% bearish,of 1 rating,N/A
CCUR,$5.34,1441394458682,"2,513",75% bullish,of 4 ratings,N/A
CDOR,$1.2201,1441394458844,"7,700",100% bullish,of 1 rating,N/A
CNFR,$10.06,1441394458869,12,Not yet rated,NULL,N/A
CFMS,$14.29,1441394458900,"238,332",100% bearish,of 1 rating,$26.50
CNOB,$18.88,1441394459060,"42,799",100% bullish,of 1 rating,$23.50
CNXR,$6.78,1441394459085,"71,708",100% bearish,of 1 rating,$12
CTWS,$34.35,1441394459110,"4,922",100% bearish,of 1 rating,$44
CNMD,$50.44,1441394459134,"50,149",Not yet rated,NULL,$59
CONN,$28.92,1441394459420,"212,814",67% bullish,of 3 ratings,$48.50
CNSL,$19.53,1441394459454,"63,346",100% bearish,of 1 rating,$23
CWCO,$10.41,1441394459476,"44,489",67% bullish,of 3 ratings,$14.50
CTCT,$24.26,1441394459559,"63,670",67% bullish,of 3 ratings,$37
CPSS,$5.53,1441394459580,"5,037",100% bullish,of 1 rating,$10
CFRXZ,NULL,1441394459611,0,Not yet rated,NULL,N/A
CFRX,$4.9,1441394459639,"3,200",Not yet rated,NULL,$14
CFRXW,$1.68,1441394459666,700,100% bearish,of 1 rating,N/A
CTRV,$3.44,1441394459856,"6,050",Not yet rated,NULL,$6.40
CTRL,$8.3,1441394459912,"67,215",50% bullish,of 2 ratings,$11
CPRT,$34.795,1441394459960,"138,208",67% bearish,of 3 ratings,$40
BVA,$3.75,1441394460092,100,50% bullish,of 2 ratings,N/A
CORT,$4.92,1441394460161,"118,038",67% bullish,of 3 ratings,$12
CRBP,$1.87,1441394460223,"70,865",100% bullish,of 2 ratings,$6.25
CORE,$58.87,1441394460248,"47,720",100% bearish,of 1 rating,$72
CSOD,$36.44,1441394460391,"115,712",50% bullish,of 2 ratings,$42
CORI,$10.32,1441394460423,"45,893",100% bearish,of 1 rating,$18
COSI,$1.09,1441394460524,"3,059",100% bullish,of 1 rating,N/A
CRVL,$30.42,1441394460549,"4,816",100% bearish,of 1 rating,N/A
CSGP,$175.06,1441394460575,"36,908",50% bullish,of 2 ratings,$235
COST,$138.3715,1441394460605,"721,320",79% bullish,of 24 ratings,$154.50
CPAH,$0.43,1441394460735,300,50% bullish,of 2 ratings,N/A
CVTI,$22.69,1441394460769,"21,047",67% bearish,of 3 ratings,$39
ICBK,NULL,1441394460822,0,Not yet rated,NULL,$21
COWN,$5.035,1441394461011,"294,860",75% bullish,of 4 ratings,$7
COVS,$2.49,1441394461039,"19,400",67% bullish,of 3 ratings,N/A
COWNL,$26.62,1441394461064,113,Not yet rated,NULL,N/A
CPSH,$2.41,1441394461116,702,Not yet rated,NULL,N/A
CRAI,$23,1441394461195,"9,466",100% bearish,of 1 rating,$36
CBRL,$146.69,1441394461353,"65,487",50% bullish,of 2 ratings,$155
BREW,$7.64,1441394461379,"9,953",67% bullish,of 6 ratings,$15
CRAY,$20.48,1441394461523,"80,737",83% bullish,of 6 ratings,$38.50
SLVO,$10.0319,1441394461549,337,100% bearish,of 1 rating,N/A
CACC,$196.09,1441394461586,"49,972",50% bullish,of 2 ratings,$158.50
GLDI,$11.01,1441394461686,"27,820",100% bearish,of 1 rating,N/A
CRESY,$10.25,1441394461713,"8,383",100% bearish,of 1 rating,$19
CROX,$13.8192,1441394461853,"390,751",63% bullish,of 8 ratings,$16.50
CRTO,$36.35,1441394461939,"248,159",67% bullish,of 6 ratings,$64
CCRN,$14.19,1441394462046,"142,191",100% bearish,of 1 rating,$14.25
CRDS,$1.2,1441394462094,"86,482",50% bullish,of 4 ratings,$3.375
CREE,$25.85,1441394462124,"316,138",65% bullish,of 17 ratings,$29.50
CRWS,$8.07,1441394462254,"5,500",Not yet rated,NULL,$10
CRWN,$5.24,1441394462284,"92,600",75% bullish,of 4 ratings,N/A
CYRX,$2.98,1441394462314,"22,950",Not yet rated,NULL,$9
CYRXW,$0.745,1441394462336,"8,500",Not yet rated,NULL,N/A
CSGS,$29.606,1441394462364,"72,065",Not yet rated,NULL,$40
CCLP,$13.55,1441394462588,"65,007",67% bearish,of 3 ratings,$20
CSPI,$5.6201,1441394462614,"3,718",67% bullish,of 3 ratings,N/A
CTCM,$1.7,1441394462781,"53,047",80% bearish,of 5 ratings,$3.90
CTIB,NULL,1441394462809,0,100% bearish,of 1 rating,N/A
CTRP,$63.56,1441394462830,"719,872",75% bullish,of 8 ratings,$92.50
CTIC,$1.5225,1441394462859,"193,470",84% bullish,of 76 ratings,$5.75
CPIX,$6.19,1441394463006,"10,003",Not yet rated,NULL,N/A
CUNB,$21.8,1441394463087,"5,664",Not yet rated,NULL,$24.50
CRIS,$2.515,1441394463166,"51,165",100% bullish,of 8 ratings,$6
CUI,$5.19,1441394463195,"11,709",50% bullish,of 2 ratings,$10
CVBF,$15.91,1441394463217,"82,794",Not yet rated,NULL,$18
CUTR,$14.96,1441394463238,"43,751",67% bearish,of 3 ratings,$18
CMLS,$1.28,1441394463274,"84,224",50% bullish,of 4 ratings,$6
CYAN,$6.2001,1441394463416,"1,050",100% bearish,of 1 rating,N/A
CYBR,$46.272,1441394463462,"1,516,790",75% bullish,of 8 ratings,$68.50
CVV,$11.16,1441394463487,"1,912",100% bullish,of 5 ratings,N/A
CYBE,$6.9,1441394463715,"5,218",100% bearish,of 1 rating,N/A
CYBX,$64.66,1441394463741,"56,379",50% bullish,of 4 ratings,$71.50
CYCC,$0.5534,1441394463910,"28,949",73% bullish,of 11 ratings,N/A
CYNO,$33.13,1441394463939,"89,197",67% bearish,of 3 ratings,$45.50
CYCCP,$5.51,1441394463971,"1,504",100% bearish,of 1 rating,N/A
CBAY,$2.69,1441394463992,"5,500",100% bullish,of 1 rating,$4
CYNA,$16.01,1441394464021,"4,602",50% bullish,of 2 ratings,$31.50
CYRN,$1.74,1441394464073,"12,520",67% bullish,of 3 ratings,$4
CY,$9.91,1441394464355,"1,274,678",80% bullish,of 10 ratings,$15.50
CYTX,$0.3678,1441394464421,"904,156",83% bullish,of 12 ratings,$5.50
CYTK,$7.21,1441394464451,"62,431",71% bullish,of 14 ratings,$13.50
CONE,$31.748,1441394464484,"249,646",67% bearish,of 3 ratings,$35.50
CTSO,$7.32,1441394464521,"29,195",Not yet rated,NULL,$15.625
CYTR,$2.47,1441394464547,"159,352",67% bullish,of 6 ratings,$10
TVIZ,$24.51,1441394464777,"1,900",100% bearish,of 1 rating,N/A
DAEG,$0.3501,1441394464809,770,100% bearish,of 1 rating,N/A
XIV,$22.7566,1441394464839,"16,990,779",75% bearish,of 4 ratings,N/A
DAKT,$8.45,1441394464880,"123,998",50% bullish,of 2 ratings,$12
ZIV,$35.06,1441394464905,"33,319",Not yet rated,NULL,N/A
TVIX,$17.01,1441394464945,"10,461,018",81% bullish,of 16 ratings,N/A
DJCO,$196.76,1441394465034,64,Not yet rated,NULL,N/A
DARA,$0.8301,1441394465067,"32,427",83% bullish,of 6 ratings,$1.50
DAIO,$2.51,1441394465163,200,Not yet rated,NULL,N/A
DTLK,$5.57,1441394465262,"43,057",100% bearish,of 1 rating,$9
DWCH,$4.87,1441394465431,"7,727",75% bullish,of 4 ratings,$8.25
DRAM,$1.28,1441394465565,"7,700",78% bullish,of 9 ratings,N/A
DBVT,$36.69,1441394465609,"46,940",100% bearish,of 1 rating,$53
DWSN,$4.35,1441394465637,"25,101",67% bullish,of 3 ratings,N/A
PLAY,$36.56,1441394465658,"192,553",100% bullish,of 5 ratings,$42
DFRG,$14.25,1441394465694,"66,469",100% bearish,of 1 rating,$20
TRAK,$62.76,1441394465726,"568,472",50% bullish,of 2 ratings,$62.50
DTEA,$13.02,1441394465747,"12,440",100% bearish,of 2 ratings,$24
DHRM,$1.59,1441394465827,"1,394",Not yet rated,NULL,N/A
DCTH,$0.4874,1441394466068,"612,948",78% bullish,of 9 ratings,N/A
TACO,$13.01,1441394466094,"20,036",75% bullish,of 4 ratings,$20
TACOW,$4.05,1441394466118,"3,400",100% bullish,of 1 rating,N/A
DEPO,$26.78,1441394466269,"172,246",60% bullish,of 5 ratings,$29
DGAS,$20.36,1441394466300,"1,044",67% bearish,of 3 ratings,N/A
DELT,$2.05,1441394466402,860,Not yet rated,NULL,N/A
DENN,$11.2958,1441394466427,"144,428",100% bullish,of 3 ratings,$15
DELTW,NULL,1441394466473,0,Not yet rated,NULL,N/A
DEST,$10.3199,1441394466618,"13,633",50% bullish,of 2 ratings,N/A
XRAY,$51.22,1441394466679,"268,588",100% bullish,of 1 rating,$58
DXLG,$6.44,1441394466709,"89,137",100% bearish,of 1 rating,$8
DERM,$25.405,1441394466811,"17,675",100% bearish,of 1 rating,$33.50
DSCI,$6.17,1441394466946,"54,084",50% bullish,of 2 ratings,$16
DXM,$0.29,1441394467099,"49,428",50% bullish,of 2 ratings,N/A
DSWL,$1.4501,1441394467278,"4,805",100% bullish,of 1 rating,N/A
DXCM,$88.61,1441394467430,"148,145",57% bullish,of 7 ratings,$98
FANG,$65.84,1441394467970,"275,128",50% bullish,of 2 ratings,$86
DCIX,$1.53,1441394468013,"126,313",50% bullish,of 4 ratings,$3.50
DGII,$10.22,1441394468069,"7,406",100% bearish,of 1 rating,$11
DHIL,$188.95,1441394468096,500,Not yet rated,NULL,N/A
DHXM,$6.57,1441394468143,613,100% bearish,of 1 rating,N/A
DRNA,$10.94,1441394468171,"62,408",67% bearish,of 3 ratings,$25
DMND,$30.52,1441394468192,"29,046",75% bullish,of 12 ratings,$32
DMRC,$37.53,1441394468222,"13,870",100% bearish,of 1 rating,$44
DRAD,$3.7201,1441394468356,"10,254",100% bullish,of 1 rating,$5.25
DGLY,$7.37,1441394468386,"29,605",50% bullish,of 6 ratings,$20
APPS,$2.11,1441394468484,"33,331",100% bearish,of 1 rating,$10.25
DISCA,$26.71,1441394468523,"653,778",67% bullish,of 3 ratings,$34
DCOM,$16.59,1441394468569,"23,183",100% bearish,of 2 ratings,$16
DPRX,$14.49,1441394468629,"11,205",100% bullish,of 2 ratings,$27.75
DISCB,NULL,1441394468666,0,100% bearish,of 1 rating,$35
DIOD,$22.8,1441394468731,"225,135",75% bearish,of 4 ratings,$24
DISCK,$25.3,1441394468970,"498,317",100% bearish,of 1 rating,$32
DSCO,$0.4322,1441394469002,"203,405",83% bullish,of 6 ratings,$2.75
DISH,$58.75,1441394469103,"500,296",69% bullish,of 13 ratings,$73
DVCR,NULL,1441394469149,0,100% bullish,of 1 rating,N/A
DNBF,$26,1441394469178,600,Not yet rated,NULL,$27.50
DLHC,$2.4928,1441394469206,100,100% bearish,of 1 rating,N/A
DLTR,$67.88,1441394469275,"2,942,985",82% bullish,of 11 ratings,$85
BAGR,$2.5899,1441394469348,"9,908",100% bearish,of 1 rating,$6
DGICA,$13.71,1441394469376,"5,775",100% bearish,of 1 rating,$17
DMLP,$14.7999,1441394469503,"7,961",100% bearish,of 1 rating,N/A
HILL,$9.69,1441394469607,"317,283",60% bearish,of 5 ratings,$9.75
DORM,$49.98,1441394469656,"116,857",100% bearish,of 1 rating,$56
DGICB,NULL,1441394469681,0,100% bearish,of 1 rating,N/A
DRWI,$0.2034,1441394469707,"120,423",60% bullish,of 5 ratings,$.45
DRWIW,$0.0445,1441394469836,"7,100",Not yet rated,NULL,N/A
DWA,$20.58,1441394469891,"346,905",63% bullish,of 8 ratings,$26
DRYS,$0.4477,1441394469993,"808,520",77% bullish,of 31 ratings,$.60
DSKX,$3.271,1441394470019,"30,394",100% bullish,of 1 rating,N/A
DSPG,$8.83,1441394470059,"10,466",100% bearish,of 1 rating,$13.50
CADTR,NULL,1441394470087,0,Not yet rated,NULL,N/A
CADT,$10,1441394470115,600,Not yet rated,NULL,N/A
CADTU,NULL,1441394470267,0,Not yet rated,NULL,N/A
CADTW,NULL,1441394470298,0,Not yet rated,NULL,N/A
DNKN,$48.87,1441394470366,"243,491",67% bullish,of 15 ratings,$56.50
DTSI,$27.02,1441394470399,"28,793",100% bearish,of 2 ratings,$39.50
DRRX,$2.07,1441394470495,"236,702",50% bullish,of 6 ratings,$3
DXPE,$29.58,1441394470664,"43,934",50% bullish,of 2 ratings,N/A
DYAX,$21.88,1441394470693,"188,144",89% bullish,of 9 ratings,$30
BOOM,$10.14,1441394470721,"55,909",67% bullish,of 3 ratings,$12
DYNT,$3.0601,1441394470746,400,75% bullish,of 4 ratings,N/A
DYSL,$1.5205,1441394470799,"3,188",100% bullish,of 2 ratings,N/A
EBMT,$11.5,1441394470898,300,Not yet rated,NULL,$13.50
DVAX,$28.2,1441394470927,"72,142",70% bullish,of 10 ratings,$40
ETFC,$25.26,1441394471004,"1,345,106",57% bullish,of 14 ratings,$32.50
EGLE,$6.38,1441394471035,"21,056",60% bullish,of 5 ratings,N/A
EGBN,$41.09,1441394471106,"16,406",Not yet rated,NULL,$48
EGRX,$77.83,1441394471167,"70,216",67% bullish,of 3 ratings,$97
ELNK,$8.51,1441394471274,"207,918",60% bullish,of 5 ratings,$9.50
EROC,$1.4599,1441394471440,"116,223",50% bullish,of 2 ratings,$3
EML,$16.22,1441394471541,"1,112",Not yet rated,NULL,N/A
EACQU,$10.14,1441394471596,500,Not yet rated,NULL,N/A
EVBS,$6.5001,1441394471641,"2,302",Not yet rated,NULL,$7
EWBC,$38.7,1441394471817,"283,321",100% bearish,of 1 rating,$50
ELON,$0.5801,1441394471842,"21,155",50% bullish,of 2 ratings,N/A
EBIX,$27.5678,1441394472054,"123,983",69% bullish,of 13 ratings,$40
EBAY,$26.445,1441394472082,"3,587,392",81% bullish,of 117 ratings,$34
ECHO,$22.63,1441394472137,"104,008",67% bearish,of 3 ratings,$34.50
ECACU,$10.06,1441394472270,505,Not yet rated,NULL,N/A
ESES,$3.11,1441394472487,300,100% bearish,of 1 rating,$7
EEI,$11.88,1441394472621,"1,351",67% bearish,of 3 ratings,N/A
EDAP,$3.5301,1441394472648,"7,358",60% bullish,of 5 ratings,$4.50
ECTE,$1.57,1441394472694,"28,726",75% bullish,of 4 ratings,N/A
EDUC,$6.4359,1441394472722,"14,831",100% bearish,of 1 rating,N/A
EDGW,$7.201,1441394472918,"2,412",100% bearish,of 1 rating,N/A
EFUT,$4.63,1441394472947,"2,000",Not yet rated,NULL,N/A
EGAN,$3.6607,1441394473016,"1,300",50% bullish,of 2 ratings,$6.25
EHTH,$14.72,1441394473232,"28,910",50% bullish,of 4 ratings,$17
EGLT,$13.14,1441394473260,"20,454",50% bullish,of 2 ratings,$21
LOCO,$12.55,1441394473286,"236,101",69% bullish,of 13 ratings,$19.50
ERI,$9.23,1441394473414,"19,568",100% bearish,of 1 rating,$10
EMITF,$1.228,1441394473444,"5,254",75% bullish,of 4 ratings,N/A
ESIO,$4.48,1441394473472,"139,540",50% bullish,of 2 ratings,$10
ELRC,$10.5,1441394473518,"7,271",100% bearish,of 1 rating,N/A
ESLT,$77.77,1441394473542,"1,277",67% bullish,of 3 ratings,N/A
SATS,$43.26,1441394473715,"44,779",50% bullish,of 2 ratings,$60
EFII,$42.66,1441394473748,"28,624",80% bullish,of 5 ratings,$55
EA,$66.3,1441394473778,"1,396,788",78% bullish,of 36 ratings,$80
ELEC,NULL,1441394473850,0,Not yet rated,NULL,N/A
ELSE,NULL,1441394473880,0,60% bullish,of 5 ratings,N/A
ELECU,NULL,1441394473985,0,Not yet rated,NULL,N/A
ELECW,NULL,1441394474011,0,Not yet rated,NULL,N/A
EBIO,$3.3388,1441394474190,"98,057",100% bearish,of 2 ratings,$8.35
RDEN,$11.4,1441394474218,"31,311",100% bearish,of 4 ratings,$15
CAPX,NULL,1441394474245,0,Not yet rated,NULL,N/A
EMCI,$21.56,1441394474385,"8,569",Not yet rated,NULL,N/A
ESBK,$19.16,1441394474406,627,Not yet rated,NULL,N/A
EMKR,$6.79,1441394474440,"44,603",75% bullish,of 4 ratings,$8.50
LONG,$16.85,1441394474481,"13,216",67% bullish,of 3 ratings,$15.75
ELTK,$1.2739,1441394474515,"8,482",67% bearish,of 3 ratings,N/A
EMCF,NULL,1441394474619,0,100% bearish,of 1 rating,N/A
EMMS,$1.306,1441394474710,"33,087",67% bullish,of 6 ratings,N/A
EMMSP,NULL,1441394474773,0,100% bearish,of 1 rating,N/A
NYNY,$4.3701,1441394474814,"15,777",50% bullish,of 2 ratings,N/A
ENTA,$39.015,1441394475009,"71,623",50% bullish,of 2 ratings,$42
ERS,$3.48,1441394475139,"5,330",Not yet rated,NULL,N/A
WIRE,$32.13,1441394475168,"54,707",100% bearish,of 1 rating,$37
ELGX,$12.91,1441394475189,"166,767",75% bullish,of 4 ratings,$17
ENDP,$72.7999,1441394475245,"654,822",50% bullish,of 6 ratings,$101.50
ECPG,$37.715,1441394475268,"104,151",100% bullish,of 2 ratings,$52
ECYT,$5.07,1441394475403,"113,912",83% bullish,of 6 ratings,$12
EFOI,$24.54,1441394475461,"262,938",50% bullish,of 2 ratings,$24.50
EIGI,$14.755,1441394475490,"55,889",67% bearish,of 3 ratings,$22.50
ERII,$2.5554,1441394475547,"3,883",80% bullish,of 5 ratings,$2.50
WATT,$6.86,1441394475591,"38,865",50% bullish,of 2 ratings,$13
EXXI,$1.75,1441394475679,"508,435",86% bullish,of 7 ratings,$3.50
ENOC,$8.88,1441394475726,"77,523",75% bullish,of 4 ratings,$18
ESGR,$149.9,1441394475955,"47,511",100% bearish,of 1 rating,$185
ENPH,$4.49,1441394475985,"374,239",75% bullish,of 4 ratings,$10
ENG,$1.02,1441394476007,"9,043",100% bullish,of 3 ratings,N/A
ENFC,$17.4,1441394476045,100,Not yet rated,NULL,N/A
ETRM,$0.2826,1441394476136,"321,005",69% bearish,of 35 ratings,$1.625
EBTC,$20.9,1441394476163,311,Not yet rated,NULL,N/A
ENTL,$21.44,1441394476191,"220,217",Not yet rated,NULL,$28
ENTG,$13.36,1441394476218,"91,870",100% bearish,of 1 rating,$18
EGT,$2.0201,1441394476409,578,100% bullish,of 1 rating,N/A
EFSC,$23.7,1441394476438,"21,347",Not yet rated,NULL,$27
ENZN,$1.0101,1441394476482,"68,964",100% bullish,of 9 ratings,N/A
ENVI,$1.8701,1441394476508,"620,285",67% bullish,of 3 ratings,N/A
ENZY,$10.35,1441394476638,"15,598",67% bullish,of 3 ratings,$9.50
EPRS,$5.11,1441394476746,"13,720",82% bullish,of 11 ratings,$15
EPIQ,$12.525,1441394476796,"13,156",100% bearish,of 1 rating,$18
EQFN,$7.75,1441394476879,"16,735",100% bearish,of 1 rating,N/A
EQIX,$269.51,1441394476925,"310,936",75% bullish,of 4 ratings,$312.50
PLUS,$74.4,1441394476951,"43,134",50% bullish,of 2 ratings,$88
EPZM,$19.7,1441394476972,"196,680",60% bullish,of 5 ratings,$34
EAC,$3.47,1441394477020,"3,127",100% bearish,of 1 rating,$8
ERIC,$9.54,1441394477119,"717,000",67% bullish,of 9 ratings,$12.20
ESCA,$17.72,1441394477255,"2,868",100% bearish,of 1 rating,$22
ERIE,$79.53,1441394477280,"4,751",Not yet rated,NULL,$73
ESCR,$0.24,1441394477305,"247,381",50% bullish,of 2 ratings,N/A
ESCRP,$1.15,1441394477554,"5,948",100% bearish,of 1 rating,N/A
ESMC,$1.29,1441394477618,609,Not yet rated,NULL,N/A
ESPR,$44.56,1441394477659,"421,777",70% bearish,of 10 ratings,$115
ESSA,$12.85,1441394477750,"1,780",100% bearish,of 1 rating,N/A
ESSX,NULL,1441394477818,0,50% bullish,of 2 ratings,N/A
ETSY,$14.13,1441394477885,"157,829",80% bullish,of 5 ratings,$16
EPIX,NULL,1441394477912,0,Not yet rated,NULL,N/A
ESND,$33.48,1441394477948,"36,535",100% bearish,of 2 ratings,$40
EEFT,$65.11,1441394478094,"62,588",100% bearish,of 1 rating,$67.50
CLWT,$2.4692,1441394478161,500,100% bearish,of 1 rating,N/A
ESEA,$4.5901,1441394478191,"2,849",100% bullish,of 1 rating,$15
EVEP,$7.91,1441394478216,"245,742",50% bullish,of 2 ratings,$15
EVK,$3.57,1441394478241,201,75% bearish,of 4 ratings,N/A
EVOL,$5.51,1441394478520,"20,976",75% bullish,of 4 ratings,$10
EVOK,$3.59,1441394478604,"23,152",100% bearish,of 1 rating,$13.375
EVLV,$2.57,1441394478656,"41,852",60% bullish,of 5 ratings,$4.625
EXA,$10.73,1441394478687,"15,517",100% bearish,of 1 rating,$13
EXAS,$20.82,1441394478789,"204,340",78% bullish,of 9 ratings,$31
EXEL,$5.555,1441394478885,"1,479,548",81% bullish,of 16 ratings,$6
EXPD,$47.6,1441394478991,"1,134,932",80% bullish,of 5 ratings,$52
EXPE,$111.04,1441394479039,"371,026",64% bullish,of 11 ratings,$130
EXFO,$2.83,1441394479231,180,67% bearish,of 3 ratings,$3.95
EXLS,$35.985,1441394479268,"15,136",50% bullish,of 2 ratings,$41
ESRX,$82.9099,1441394479299,"1,033,224",67% bearish,of 6 ratings,$101
EXAC,$19.05,1441394479364,"18,670",100% bearish,of 1 rating,$22.50
EYEG,$3.76,1441394479390,"3,200",Not yet rated,NULL,N/A
EXTR,$3.15,1441394479419,"148,605",80% bullish,of 5 ratings,$3
EXPO,$42.27,1441394479454,"13,960",100% bearish,of 1 rating,$45.50
EXLP,$18.33,1441394479483,"40,608",100% bearish,of 1 rating,$25
EYEGW,NULL,1441394479625,0,Not yet rated,NULL,N/A
EZPW,$5.91,1441394479938,"48,055",50% bullish,of 4 ratings,$7
FB,$87.44,1441394479967,"11,690,790",73% bullish,of 1075 ratings,$111
FFIV,$118.855,1441394479988,"248,714",63% bullish,of 8 ratings,$132
FCS,$13.42,1441394480009,"364,664",67% bearish,of 3 ratings,$17
EZCH,$22.75,1441394480049,"59,868",75% bullish,of 8 ratings,$19
FRP,$15.49,1441394480143,"20,497",100% bearish,of 1 rating,$18
FWM,$2.24,1441394480172,"25,034",100% bearish,of 2 ratings,$3.20
FALC,$1.73,1441394480278,"16,030",63% bearish,of 8 ratings,N/A
FARM,$22.9,1441394480329,"16,419",100% bearish,of 1 rating,$35
FMNB,$8.27,1441394480427,"4,700",Not yet rated,NULL,N/A
DAVE,$14.55,1441394480469,"11,450",100% bearish,of 1 rating,$15.50
FARO,$36.65,1441394480511,"32,910",50% bullish,of 2 ratings,$48
FFKT,$25.72,1441394480611,"9,461",Not yet rated,NULL,$29
FAST,$37.46,1441394480638,"709,056",80% bullish,of 5 ratings,$43
FATE,$6.01,1441394480664,"3,166",50% bullish,of 2 ratings,$11
FBSS,NULL,1441394480903,0,Not yet rated,NULL,N/A
FDML,$8.24,1441394480934,"131,836",50% bullish,of 4 ratings,$14
FNHC,$21.68,1441394480963,"28,102",100% bearish,of 1 rating,$35
FENX,$9.5,1441394480992,"29,138",100% bullish,of 1 rating,$14.25
FBRC,$21.8701,1441394481023,"6,951",100% bearish,of 1 rating,$29
FEIC,$74.75,1441394481063,"76,763",50% bullish,of 2 ratings,$95.50
FHCO,$1.4,1441394481127,"6,485",50% bullish,of 4 ratings,N/A
FCSC,$5.66,1441394481210,"29,230",100% bearish,of 1 rating,$8.125
FGEN,$23,1441394481289,"78,237",100% bearish,of 1 rating,$39
ONEQ,$184.109,1441394481354,"13,409",100% bullish,of 1 rating,N/A
LION,$19.3,1441394481383,"25,191",100% bullish,of 1 rating,$20
FDUS,$14.499,1441394481487,"22,374",50% bullish,of 2 ratings,$18
FRGI,$51.14,1441394481619,"24,755",50% bullish,of 2 ratings,$70
FITB,$19.205,1441394481752,"1,708,146",54% bullish,of 13 ratings,$22
FSCFL,$24.6874,1441394481883,"1,400",Not yet rated,NULL,N/A
FSFR,$8.81,1441394481910,"34,874",100% bearish,of 1 rating,$11.50
FSAM,$7.04,1441394481934,"31,306",100% bearish,of 1 rating,$10.25
FSC,$6.49,1441394481964,"280,000",60% bullish,of 5 ratings,$8
FISI,$24.29,1441394482093,"7,655",100% bullish,of 2 ratings,$24.50
FITBI,$27.5,1441394482118,"6,083",Not yet rated,NULL,N/A
FNGN,$29.855,1441394482149,"104,557",67% bullish,of 3 ratings,$47
FNSR,$15.0975,1441394482255,"325,374",71% bullish,of 7 ratings,$24
FNJN,$1.69,1441394482321,"5,280",100% bearish,of 1 rating,$5
FNTCU,NULL,1441394482392,0,Not yet rated,NULL,N/A
FNTC,NULL,1441394482452,0,Not yet rated,NULL,N/A
FEYE,$36.46,1441394482575,"2,619,589",88% bullish,of 16 ratings,$55.50
FNTCW,NULL,1441394482601,0,Not yet rated,NULL,N/A
FBNC,$16.85,1441394482680,"11,506",100% bullish,of 1 rating,$20
FNLC,$18.56,1441394482770,"6,667",100% bullish,of 1 rating,N/A
FRBA,$6.09,1441394482812,"1,700",Not yet rated,NULL,$8
FBIZ,$22.52,1441394482915,"12,688",100% bearish,of 2 ratings,$26
BUSE,$6.1802,1441394482986,"33,475",Not yet rated,NULL,$6.875
FCVA,$4.758,1441394483049,100,Not yet rated,NULL,N/A
FCAP,$26.2001,1441394483122,314,Not yet rated,NULL,N/A
FCNCA,$226.89,1441394483178,"1,593",Not yet rated,NULL,N/A
FCFS,$38.66,1441394483203,"29,882",100% bearish,of 3 ratings,$47
FCLF,$9.2,1441394483228,200,Not yet rated,NULL,N/A
FCCO,$12.35,1441394483479,200,Not yet rated,NULL,$13.25
FCBC,$17.06,1441394483504,"4,694",Not yet rated,NULL,$18
FCFP,$6.7,1441394483530,"2,216",Not yet rated,NULL,N/A
FBNK,$16.695,1441394483663,"35,710",100% bearish,of 1 rating,$17.50
FDEF,$36.06,1441394483690,"2,470",Not yet rated,NULL,$38
FFNM,$6.3188,1441394483720,130,Not yet rated,NULL,N/A
FFBC,$18.11,1441394483746,"61,022",67% bearish,of 3 ratings,$20.25
FFBCW,NULL,1441394483919,0,100% bearish,of 1 rating,N/A
THFF,$32.28,1441394484026,"10,432",Not yet rated,NULL,$35
FFNW,$12.18,1441394484056,"11,921",Not yet rated,NULL,$14
FFIN,$29.69,1441394484083,"33,718",50% bullish,of 2 ratings,$31.75
FFWM,$21.3,1441394484104,"12,350",Not yet rated,NULL,$24
INBK,$28.51,1441394484233,"7,725",50% bullish,of 2 ratings,$37
FIBK,$26.26,1441394484325,"50,116",Not yet rated,NULL,$32
FRME,$25.9,1441394484462,"45,900",Not yet rated,NULL,$26.50
FMBH,$22.28,1441394484493,329,Not yet rated,NULL,N/A
FNBC,$34.07,1441394484519,"25,519",Not yet rated,NULL,$40
FMBI,$17.24,1441394484599,"122,129",Not yet rated,NULL,$20
FNFG,$9.04,1441394484686,"506,737",80% bullish,of 5 ratings,$9
FNWB,$12.11,1441394484731,"9,860",Not yet rated,NULL,N/A
FSFG,$31.18,1441394484758,800,Not yet rated,NULL,N/A
FSGI,$2.48,1441394484789,"14,880",Not yet rated,NULL,N/A
FSLR,$46.88,1441394484893,"486,501",72% bullish,of 39 ratings,$65
FSBK,$7.8,1441394484935,"2,214",100% bullish,of 1 rating,N/A
FBZ,$9.416,1441394484989,100,Not yet rated,NULL,N/A
FCAN,$24.0579,1441394485071,"1,066",Not yet rated,NULL,N/A
BICK,$18.7,1441394485267,"2,800",100% bullish,of 1 rating,N/A
FCA,$18.76,1441394485305,15,Not yet rated,NULL,N/A
FV,$22.8799,1441394485345,"1,455,688",100% bearish,of 1 rating,N/A
FTCS,$35.518,1441394485375,"5,128",100% bearish,of 1 rating,N/A
IFV,$17.18,1441394485445,"207,274",100% bearish,of 1 rating,N/A
FTSM,$59.99,1441394485470,"192,161",100% bearish,of 1 rating,N/A
FEUZ,$30.3499,1441394485641,250,Not yet rated,NULL,N/A
FEMB,NULL,1441394485675,0,Not yet rated,NULL,N/A
FGM,$34.73,1441394485769,"2,534",Not yet rated,NULL,N/A
MDIV,$18.856,1441394485821,"112,992",Not yet rated,NULL,N/A
FTHI,$19.16,1441394485855,"1,761",Not yet rated,NULL,N/A
HYLS,$49.6499,1441394485950,"8,514",100% bearish,of 1 rating,N/A
FTGC,$22.27,1441394485975,"35,309",Not yet rated,NULL,N/A
TDIV,$24.295,1441394486032,"36,046",100% bearish,of 1 rating,N/A
FHK,$31.91,1441394486160,"1,572",Not yet rated,NULL,N/A
FPXI,$25.93,1441394486224,600,Not yet rated,NULL,N/A
YDIV,$16.0699,1441394486254,"3,642",Not yet rated,NULL,N/A
SKYY,$28.1399,1441394486329,"38,928",100% bullish,of 1 rating,N/A
CU,$12.25,1441394486398,"6,704",100% bearish,of 1 rating,N/A
PLTM,$6.0962,1441394486472,"1,354",100% bearish,of 1 rating,N/A
LMBS,$50.35,1441394486633,600,Not yet rated,NULL,N/A
FTLB,$19.06,1441394486687,1,100% bearish,of 1 rating,N/A
FJP,$44.55,1441394486714,"41,579",Not yet rated,NULL,N/A
QABA,$36.7108,1441394486742,"6,264",100% bearish,of 1 rating,N/A
FMB,$51.3173,1441394486794,"1,149",Not yet rated,NULL,N/A
FONE,$34.34,1441394486901,410,Not yet rated,NULL,N/A
CIBR,$17.2645,1441394486941,"34,997",Not yet rated,NULL,N/A
QCLN,$14.96,1441394487079,"41,970",Not yet rated,NULL,N/A
GRID,$30.99,1441394487105,"1,600",100% bearish,of 1 rating,N/A
CARZ,$33.5099,1441394487133,"4,770",100% bearish,of 1 rating,N/A
RDVY,$20.5069,1441394487269,"2,153",Not yet rated,NULL,N/A
QQXT,$39.6344,1441394487435,"12,052",Not yet rated,NULL,N/A
QTEC,$39.2057,1441394487457,"27,159",Not yet rated,NULL,N/A
AIRR,$16.2699,1441394487493,"3,716",100% bearish,of 1 rating,N/A
QINC,NULL,1441394487514,0,Not yet rated,NULL,N/A
FTSL,$48.857,1441394487543,"11,569",100% bearish,of 1 rating,N/A
QQEW,$40.858,1441394487567,"20,914",Not yet rated,NULL,N/A
FKO,NULL,1441394487603,0,Not yet rated,NULL,N/A
FSZ,$37.98,1441394487702,"3,097",Not yet rated,NULL,N/A
FTW,$31.155,1441394487846,140,Not yet rated,NULL,N/A
TUSA,$24.46,1441394487979,"16,624",Not yet rated,NULL,N/A
FKU,$40.48,1441394488004,"53,791",Not yet rated,NULL,N/A
FDIV,$47.03,1441394488037,"1,159",100% bearish,of 1 rating,N/A
FMER,$17.29,1441394488133,"295,071",50% bullish,of 2 ratings,$20
SVVC,$9.14,1441394488162,"11,719",50% bullish,of 2 ratings,$26
FUNC,NULL,1441394488228,0,Not yet rated,NULL,N/A
FISV,$84.06,1441394488261,"384,237",100% bearish,of 3 ratings,$90
FIVE,$34.13,1441394488333,"700,264",75% bearish,of 4 ratings,$43.50
FSV,$32.125,1441394488389,"14,413",Not yet rated,NULL,$33.60
FIVN,$3.68,1441394488469,"42,126",100% bullish,of 1 rating,$8.50
FPRX,$19.22,1441394488518,"77,446",50% bullish,of 2 ratings,$35
FLML,$22.32,1441394488543,"74,422",50% bullish,of 2 ratings,$30
FLKS,$11.485,1441394488673,"21,866",50% bullish,of 2 ratings,$27
FLXN,$27.5,1441394488700,"59,218",100% bearish,of 1 rating,$40
MBSD,$24.94,1441394488843,"1,399",Not yet rated,NULL,N/A
SKOR,$50.52,1441394488875,"1,500",Not yet rated,NULL,N/A
FLEX,$10.32,1441394489069,"591,389",63% bullish,of 8 ratings,$12
FLIR,$27.88,1441394489094,"393,392",100% bearish,of 2 ratings,$38.50
FLDM,$10.88,1441394489157,"78,602",67% bearish,of 3 ratings,$15
FOGO,$18.9,1441394489226,"85,310",50% bullish,of 2 ratings,$25.50
FFIC,$19.39,1441394489254,"15,294",Not yet rated,NULL,$20.50
FLXS,$30.7488,1441394489296,"6,416",100% bearish,of 2 ratings,N/A
FONR,$9.8245,1441394489321,"15,673",100% bullish,of 1 rating,N/A
FES,$0.91,1441394489350,"4,862",50% bullish,of 2 ratings,$1
FOMX,$9.64,1441394489535,"64,770",50% bullish,of 2 ratings,$23.50
FORTY,NULL,1441394489602,0,100% bearish,of 1 rating,N/A
FORM,$6.6022,1441394489631,"111,699",67% bullish,of 3 ratings,$10.50
FTNT,$41.72,1441394489737,"335,933",80% bullish,of 10 ratings,$52
FBIO,$2.57,1441394489812,"64,283",83% bullish,of 6 ratings,N/A
FORR,$30.91,1441394489838,"21,487",Not yet rated,NULL,N/A
FORD,$1.6002,1441394489967,"961,841",67% bullish,of 3 ratings,N/A
FWP,$25.71,1441394490045,"28,667",100% bearish,of 1 rating,$45
FWRD,$43.72,1441394490075,"65,550",100% bearish,of 1 rating,$50
FXCB,$17.0001,1441394490104,"3,926",Not yet rated,NULL,$19
FOSL,$59.84,1441394490129,"194,498",60% bearish,of 5 ratings,$80
FMI,$23.32,1441394490157,"34,610",100% bearish,of 2 ratings,$27.50
FOXF,$15.29,1441394490304,"40,321",100% bearish,of 1 rating,$19
FRAN,$12.44,1441394490331,"291,133",50% bullish,of 4 ratings,$15
FRED,$12.7,1441394490397,"37,527",50% bullish,of 2 ratings,$15.50
FELE,$27.6,1441394490631,"49,045",50% bullish,of 4 ratings,$33
FREE,$0.347,1441394490659,"418,990",92% bullish,of 12 ratings,N/A
RAIL,$20.2075,1441394490688,"41,592",100% bearish,of 1 rating,$24.50
FRPT,$12.44,1441394490787,"111,970",67% bearish,of 3 ratings,$23.50
FEIM,$11.16,1441394490870,"13,883",100% bearish,of 1 rating,N/A
FTR,$5.3867,1441394490937,"5,981,254",78% bullish,of 27 ratings,$6.25
FRPH,$30.66,1441394491002,"3,282",100% bearish,of 1 rating,N/A
FTRPR,$105.96,1441394491032,"1,700",100% bearish,of 1 rating,N/A
FSBW,$22.97,1441394491160,200,Not yet rated,NULL,N/A
FTD,$29.35,1441394491192,"15,958",100% bearish,of 1 rating,$40
FSYS,$6.4,1441394491293,"201,204",67% bullish,of 3 ratings,$8.50
FCEL,$0.88,1441394491391,"411,080",88% bullish,of 41 ratings,$2.65
FTEK,$2.0579,1441394491493,"8,764",75% bullish,of 4 ratings,N/A
FULL,$3.11,1441394491593,"12,089",67% bearish,of 3 ratings,$4.25
FLL,$1.49,1441394491621,"4,758",75% bullish,of 4 ratings,$3.50
FULLL,$25.25,1441394491650,"2,500",Not yet rated,NULL,N/A
FULT,$11.73,1441394491680,"215,128",100% bearish,of 1 rating,$13
FSNN,$2.19,1441394491753,"1,100",67% bullish,of 3 ratings,$6
FXEN,$0.9872,1441394491818,"25,746",75% bullish,of 4 ratings,$1.10
FXENP,$15.6,1441394491966,100,100% bearish,of 1 rating,N/A
FFHL,$1.03,1441394492020,"2,009",50% bullish,of 4 ratings,N/A
GK,$66.88,1441394492055,"16,438",Not yet rated,NULL,$78
WILC,$4.85,1441394492116,"4,360",100% bullish,of 2 ratings,N/A
GAIA,$5.99,1441394492146,"8,957",50% bullish,of 2 ratings,$8.50
GLPG,$57.402,1441394492282,"6,440",100% bullish,of 1 rating,$75
GALTW,NULL,1441394492467,0,100% bullish,of 1 rating,N/A
GALTU,NULL,1441394492496,0,100% bearish,of 1 rating,N/A
GALT,$2.125,1441394492522,"48,164",80% bullish,of 5 ratings,N/A
GALE,$1.54,1441394492599,"578,535",89% bullish,of 47 ratings,$4
GLMD,$8.05,1441394492744,"10,470",67% bullish,of 3 ratings,$20.50
GLPI,$30.55,1441394492775,"265,520",100% bearish,of 1 rating,$37.50
GRMN,$36.5015,1441394492875,"397,614",50% bullish,of 6 ratings,$46.50
GPIC,$9.59,1441394492936,500,100% bearish,of 1 rating,N/A
GGAC,$9.85,1441394492961,200,100% bearish,of 1 rating,N/A
GGACR,$0.25,1441394493091,"24,800",100% bullish,of 1 rating,N/A
GGACU,$10.27,1441394493122,300,Not yet rated,NULL,N/A
GARS,$14.59,1441394493143,"21,921",Not yet rated,NULL,$16
GGACW,$0.13,1441394493227,"2,900",Not yet rated,NULL,N/A
GNCMA,$16.85,1441394493329,"73,378",100% bearish,of 1 rating,$12
GENC,$9,1441394493370,200,100% bearish,of 1 rating,N/A
GFN,$3.9001,1441394493502,"6,777",100% bearish,of 2 ratings,$8
GFNSL,$25.6,1441394493570,"1,762",Not yet rated,NULL,N/A
GFNCP,NULL,1441394493645,0,Not yet rated,NULL,N/A
GNMK,$9.5811,1441394493746,"31,645",67% bullish,of 6 ratings,$14
GENE,$2.3401,1441394493771,"30,924",100% bullish,of 12 ratings,N/A
GNCA,$11.0299,1441394493845,"56,437",100% bearish,of 1 rating,$20
GNTX,$15.74,1441394493918,"1,491,909",Not yet rated,NULL,$20
GHDX,$25.37,1441394493949,"56,950",50% bullish,of 2 ratings,$30
THRM,$44.58,1441394493970,"176,769",75% bearish,of 4 ratings,$55.50
GEOS,$16.36,1441394494166,"71,419",100% bearish,of 3 ratings,$21
GABC,$28.55,1441394494195,"7,941",Not yet rated,NULL,$31.50
GNVC,$2.5,1441394494216,"1,819",90% bullish,of 10 ratings,$8.50
GTWN,$17.85,1441394494256,277,Not yet rated,NULL,N/A
GERN,$3.32,1441394494362,"1,542,176",88% bullish,of 17 ratings,$5.25
GEVO,$2.26,1441394494445,"164,796",75% bullish,of 12 ratings,$5
GIGM,$0.5221,1441394494605,"11,595",100% bullish,of 2 ratings,N/A
ROCK,$16.35,1441394494705,"54,211",80% bullish,of 5 ratings,$24
GILT,$4.18,1441394494733,"3,400",50% bullish,of 2 ratings,N/A
GIII,$69.42,1441394494766,"186,481",67% bullish,of 3 ratings,$79
GILD,$102.007,1441394494787,"3,932,081",91% bullish,of 89 ratings,$129
GIGA,$1.45,1441394494820,"198,938",100% bearish,of 1 rating,N/A
GLAD,$8.6918,1441394494871,"44,304",50% bullish,of 2 ratings,$8.75
GBCI,$25.59,1441394494927,"62,330",50% bullish,of 2 ratings,$31
GLADO,$25.5016,1441394495060,"2,300",Not yet rated,NULL,N/A
GOODO,NULL,1441394495147,0,Not yet rated,NULL,N/A
GOOD,$13.8499,1441394495289,"45,502",Not yet rated,NULL,$19
GOODN,$25.61,1441394495315,200,Not yet rated,NULL,N/A
GAIN,$7.43,1441394495336,"47,543",100% bullish,of 2 ratings,$8.25
GOODP,$25.14,1441394495366,"1,600",Not yet rated,NULL,N/A
GAINN,$25.24,1441394495503,"41,110",Not yet rated,NULL,N/A
GAINO,$25.325,1441394495584,"1,704",Not yet rated,NULL,N/A
GAINP,$25.65,1441394495613,"5,239",Not yet rated,NULL,N/A
GLBZ,NULL,1441394495743,0,Not yet rated,NULL,N/A
GBT,$52.44,1441394495774,"23,392",100% bearish,of 1 rating,N/A
GDEF,NULL,1441394495799,0,Not yet rated,NULL,N/A
LAND,$9.17,1441394495830,"9,441",50% bullish,of 2 ratings,$13.75
ENT,$11.03,1441394495934,"72,303",100% bearish,of 1 rating,$18
GBLI,$26.75,1441394495962,"7,433",Not yet rated,NULL,N/A
GPACU,NULL,1441394496091,0,Not yet rated,NULL,N/A
GSOL,$8.2501,1441394496499,"4,516",100% bearish,of 1 rating,N/A
ACTX,NULL,1441394496541,0,100% bullish,of 1 rating,N/A
QQQC,$18.0749,1441394496638,"1,405",100% bearish,of 1 rating,N/A
SOCL,$16.992,1441394496690,"16,688",100% bullish,of 2 ratings,N/A
SRET,$12.77,1441394496728,751,Not yet rated,NULL,N/A
ALTY,NULL,1441394496772,0,Not yet rated,NULL,N/A
YLCO,$11.62,1441394496952,300,Not yet rated,NULL,N/A
GLBS,NULL,1441394497040,0,67% bullish,of 3 ratings,N/A
GLUU,$4.395,1441394497073,"449,782",92% bullish,of 26 ratings,$9
GBIM,$2.7,1441394497104,"30,124",50% bullish,of 2 ratings,N/A
GSM,$13.75,1441394497126,"184,881",50% bullish,of 2 ratings,$22
GLRI,$1.05,1441394497167,"20,050",100% bearish,of 1 rating,$4.25
GLYC,$7,1441394497221,"3,361",50% bullish,of 2 ratings,$14
GAI,$6.15,1441394497251,"4,314",50% bullish,of 2 ratings,N/A
GOGO,$15.74,1441394497574,"183,258",80% bullish,of 5 ratings,$25
GLNG,$39.35,1441394497638,"511,438",83% bullish,of 6 ratings,$55.50
GMLP,$21.155,1441394497723,"66,612",50% bullish,of 4 ratings,$29
GOGL,$2.89,1441394497882,"256,025",75% bullish,of 4 ratings,$5
GLDC,$4.022,1441394497915,"4,332",50% bullish,of 2 ratings,N/A
GDEN,$8.95,1441394497967,"1,101",50% bullish,of 2 ratings,N/A
GTIM,$6.66,1441394497993,"5,370",Not yet rated,NULL,$11.50
GOOG,$599.16,1441394498025,"635,423",86% bullish,of 74 ratings,$787.50
GOOGL,$628.61,1441394498046,"648,952",88% bullish,of 1083 ratings,$749
GBDC,$17.035,1441394498077,"93,606",Not yet rated,NULL,$17.75
GPRO,$36.91,1441394498098,"7,510,899",78% bullish,of 59 ratings,$72
GPIAU,NULL,1441394498259,0,Not yet rated,NULL,N/A
GMAN,$3.68,1441394498289,"6,994",60% bullish,of 5 ratings,$8.50
GPIAW,NULL,1441394498394,0,Not yet rated,NULL,N/A
LOPE,$37.08,1441394498526,"106,603",100% bearish,of 2 ratings,$50
GPIA,NULL,1441394498551,0,100% bearish,of 1 rating,N/A
GBSN,$0.1636,1441394498722,"5,330,119",50% bullish,of 2 ratings,$8.25
GBSNU,NULL,1441394498745,0,NULL,NULL,NULL
GRVY,NULL,1441394498827,0,50% bullish,of 2 ratings,N/A
GLDD,$5.33,1441394498873,"63,391",100% bearish,of 4 ratings,$7.75
GSBC,$40.56,1441394498926,"13,917",100% bullish,of 1 rating,$44
GNBC,$11.24,1441394498970,"6,368",100% bearish,of 1 rating,$16.50
GCBC,$28.85,1441394499070,"2,399",100% bullish,of 1 rating,N/A
GRBK,$11.69,1441394499107,"98,300",77% bullish,of 13 ratings,N/A
GPRE,$19.68,1441394499133,"182,454",67% bullish,of 6 ratings,$28.50
GLRE,$24.26,1441394499200,"91,832",50% bullish,of 2 ratings,$34
GPP,$14.0601,1441394499225,"10,110",Not yet rated,NULL,$20.50
GRIF,$32,1441394499379,"52,862",100% bearish,of 1 rating,N/A
GRFS,$30.67,1441394499547,"330,355",50% bullish,of 2 ratings,$35
GRPN,$4.29,1441394499573,"4,212,626",61% bullish,of 71 ratings,$6.75
OMAB,$41.55,1441394499638,"16,255",100% bullish,of 1 rating,$44
GSIG,$12.7,1441394499702,"13,468",100% bearish,of 2 ratings,N/A
GGAL,$19.31,1441394499732,"51,370",80% bullish,of 5 ratings,$40
GSIT,$4.59,1441394499764,"9,467",100% bearish,of 1 rating,N/A
GBNK,$15.71,1441394499789,"6,974",100% bearish,of 1 rating,$18
GSVC,$8.75,1441394499865,"13,102",50% bullish,of 2 ratings,$15.75
GTXI,$0.9,1441394500009,"31,024",100% bullish,of 5 ratings,$.75
GUID,$6.72,1441394500042,"22,010",100% bearish,of 3 ratings,$10
GFED,NULL,1441394500093,0,Not yet rated,NULL,$17
GIFI,$12.11,1441394500140,"55,450",100% bearish,of 1 rating,$16
GULTU,$0.3327,1441394500185,"6,913",100% bearish,of 1 rating,N/A
GURE,$1.65,1441394500268,"38,300",88% bullish,of 8 ratings,N/A
GPOR,$32.575,1441394500294,"747,911",75% bullish,of 4 ratings,$54
GWPH,$101.5,1441394500509,"71,122",78% bullish,of 9 ratings,$148.50
HEES,$18.73,1441394500613,"172,949",67% bearish,of 3 ratings,$31
GYRO,$30.51,1441394500659,970,100% bearish,of 1 rating,N/A
HALO,$16.855,1441394500712,"270,051",67% bullish,of 3 ratings,$22.50
HNRG,$7.23,1441394500754,"38,373",100% bearish,of 1 rating,$10
GWGH,$7.88,1441394500779,207,100% bearish,of 1 rating,$15.05
HALL,$11.5199,1441394500841,"9,689",Not yet rated,NULL,N/A
HLG,NULL,1441394500938,0,100% bearish,of 1 rating,N/A
HBK,NULL,1441394500983,0,50% bullish,of 2 ratings,N/A
HMPR,$1.85,1441394501081,"9,651",100% bullish,of 1 rating,N/A
HBHC,$27.2,1441394501184,"229,101",50% bullish,of 2 ratings,$30
HNH,$26.02,1441394501218,"9,577",100% bullish,of 1 rating,N/A
HAFC,$23.75,1441394501246,"40,945",100% bullish,of 2 ratings,$28.50
HBHCL,$24.4361,1441394501291,"10,163",Not yet rated,NULL,N/A
HNSN,$0.549,1441394501519,"38,225",88% bullish,of 8 ratings,$.40
HQCL,$12.3612,1441394501585,"5,594",67% bullish,of 3 ratings,$14
HDNG,$10.385,1441394501689,"11,322",50% bullish,of 4 ratings,N/A
HRMNU,$10.209,1441394501718,100,Not yet rated,NULL,N/A
HRMNW,NULL,1441394501743,0,Not yet rated,NULL,N/A
HRMN,NULL,1441394501768,0,Not yet rated,NULL,N/A
TINY,$2.45,1441394501824,"15,101",50% bullish,of 2 ratings,$5.26
HCAP,$11.98,1441394501966,"5,039",50% bullish,of 2 ratings,$15
HLIT,$5.6,1441394502070,"102,979",100% bearish,of 1 rating,$6.50
HCAPL,$25.11,1441394502105,"3,800",Not yet rated,NULL,N/A
HART,$1.23,1441394502139,"84,674",100% bearish,of 1 rating,N/A
HAS,$75.85,1441394502169,"524,081",63% bullish,of 8 ratings,$84.50
HBIO,$4.3,1441394502200,"19,149",100% bearish,of 1 rating,$10
HCOM,$21.36,1441394502231,"2,931",100% bearish,of 1 rating,$28
HA,$23.435,1441394502304,"193,412",67% bullish,of 9 ratings,$27
HWKN,$38.15,1441394502493,"12,452",Not yet rated,NULL,N/A
HWBK,$13.7,1441394502563,"1,722",100% bearish,of 1 rating,N/A
HDS,$32.16,1441394502715,"1,092,501",100% bearish,of 2 ratings,$39.50
HAYN,$37.675,1441394502744,"19,256",100% bearish,of 1 rating,$59
HCSG,$32.56,1441394502850,"63,448",50% bullish,of 4 ratings,$35
HSTM,$24.12,1441394502883,"19,501",50% bullish,of 2 ratings,$33.75
HIIQ,$4.73,1441394502908,"1,100",50% bullish,of 2 ratings,$7
HQY,$29.33,1441394502980,"64,887",67% bullish,of 3 ratings,$35
HTLD,$20.34,1441394503039,"146,174",Not yet rated,NULL,$22.50
HTWR,$64.985,1441394503068,"198,532",50% bullish,of 2 ratings,$102.50
HTLF,$35.67,1441394503137,"15,567",100% bullish,of 1 rating,$39.50
HWAY,$11.63,1441394503214,"165,694",100% bearish,of 1 rating,$15
HTBX,$3.8595,1441394503241,"52,493",50% bullish,of 2 ratings,$15.50
HMNY,NULL,1441394503434,0,100% bearish,of 1 rating,N/A
HELE,$83.9,1441394503459,"49,042",67% bearish,of 3 ratings,$100
HSII,$20.18,1441394503504,"8,942",100% bullish,of 3 ratings,$25
HNNA,$24.6,1441394503688,"2,211",Not yet rated,NULL,N/A
HMTV,$13.4,1441394503714,"1,613",100% bearish,of 1 rating,$16
HSIC,$133.31,1441394503844,"75,165",83% bullish,of 6 ratings,$146
HCACU,$9.98,1441394503898,"2,790",Not yet rated,NULL,N/A
HTBK,$10.6,1441394503925,"19,994",Not yet rated,NULL,$12
HERO,NULL,1441394503944,0,NULL,NULL,NULL
HEOP,$7.93,1441394503989,"19,883",Not yet rated,NULL,$8.50
HFWA,$17.87,1441394504015,"146,323",100% bullish,of 1 rating,$20
HCCI,$11.59,1441394504075,"2,455",100% bearish,of 1 rating,$16.50
MLHR,$27.02,1441394504144,"104,966",50% bullish,of 2 ratings,$33.50
HRTX,$37.265,1441394504301,"368,387",57% bullish,of 7 ratings,$41
HSKA,$32.38,1441394504327,"15,888",100% bearish,of 1 rating,$38
HFFC,$15.91,1441394504483,"2,868",Not yet rated,NULL,N/A
HPJ,$2.135,1441394504512,"18,929",75% bullish,of 4 ratings,$12.43
HIBB,$38.605,1441394504562,"81,176",100% bearish,of 1 rating,$46.50
HIHO,$4.358,1441394504620,"36,240",Not yet rated,NULL,N/A
HMNF,$11.3,1441394504719,300,Not yet rated,NULL,N/A
HIFS,$110.32,1441394504744,"1,584",Not yet rated,NULL,N/A
HIMX,$7.21,1441394504776,"735,552",86% bullish,of 21 ratings,$8.25
HOLI,$16.43,1441394504908,"84,157",50% bullish,of 4 ratings,$27
HSGX,$5.85,1441394504941,"2,125",100% bearish,of 1 rating,$17
HMSY,$10,1441394504967,"418,358",67% bullish,of 3 ratings,$19.35
HBCP,$24.8,1441394505042,"2,375",Not yet rated,NULL,$29
HOLX,$38.49,1441394505102,"1,208,395",50% bullish,of 4 ratings,$42
HOMB,$37.3,1441394505167,"36,115",Not yet rated,NULL,$42
HFBL,$23.04,1441394505267,"5,130",Not yet rated,NULL,N/A
AWAY,$27.67,1441394505372,"282,453",67% bullish,of 3 ratings,$36
HMST,$21.98,1441394505428,"29,616",100% bullish,of 2 ratings,$27
HMIN,$25,1441394505478,"88,673",100% bearish,of 2 ratings,$35
HTBI,$18.01,1441394505561,"11,295",67% bullish,of 3 ratings,$18.625
HBNC,$23.52,1441394505620,"6,545",100% bullish,of 1 rating,$27
HOFT,$23.07,1441394505649,"20,106",100% bearish,of 1 rating,N/A
HKTV,$4.18,1441394505670,"89,336",100% bearish,of 1 rating,N/A
CETC,$0.7594,1441394505701,"53,472",86% bullish,of 7 ratings,N/A
HFBC,$10.99,1441394505836,"9,170",Not yet rated,NULL,N/A
HRZN,$10.2931,1441394506010,"16,717",50% bullish,of 2 ratings,$14.25
ZINC,$7.18,1441394506035,"235,873",100% bearish,of 1 rating,$17
HZNP,$29.27,1441394506086,"892,933",85% bullish,of 20 ratings,$40
HDP,$23.41,1441394506289,"158,246",67% bearish,of 3 ratings,$30.50
HMHC,$22.55,1441394506318,"129,810",Not yet rated,NULL,$27
HOVNP,$3.89,1441394506374,"21,270",100% bearish,of 1 rating,N/A
HBMD,$13.6026,1441394506424,"6,889",100% bearish,of 1 rating,N/A
HTGM,$5.83,1441394506531,"4,449",100% bearish,of 1 rating,$19.50
HSNI,$58.8325,1441394506581,"76,333",Not yet rated,NULL,$80
HWCC,$7.56,1441394506607,"36,403",100% bearish,of 1 rating,$9
HSON,$2.75,1441394506749,"4,100",100% bearish,of 1 rating,$5
HCBK,$9.25,1441394506827,"552,630",83% bullish,of 6 ratings,$8.61
HBAN,$10.535,1441394506854,"2,160,969",76% bullish,of 17 ratings,$12.29
HDSN,$2.99,1441394506879,"17,630",100% bullish,of 1 rating,$6.25
HUBG,$37.77,1441394506918,"153,977",100% bearish,of 1 rating,$43
HBANP,$1328.8999,1441394507047,54,100% bearish,of 1 rating,N/A
HTCH,$1.48,1441394507286,"8,025",100% bearish,of 1 rating,$3.50
HURN,$72.26,1441394507313,"40,807",50% bullish,of 2 ratings,$80
HURC,$29.25,1441394507334,"7,048",100% bearish,of 1 rating,N/A
HBP,$3.1499,1441394507369,"5,384",100% bullish,of 1 rating,N/A
HDRAR,NULL,1441394507465,0,Not yet rated,NULL,N/A
HDRAU,NULL,1441394507596,0,Not yet rated,NULL,N/A
HDRA,NULL,1441394507620,0,Not yet rated,NULL,N/A
HYGS,$8.56,1441394507689,"10,205",50% bullish,of 2 ratings,$13
HDRAW,NULL,1441394507819,0,Not yet rated,NULL,N/A
IDSY,$3.79,1441394507848,"32,959",100% bearish,of 1 rating,$7
IKGH,$1.54,1441394507916,"9,600",75% bullish,of 4 ratings,N/A
IACI,$68.8056,1441394507947,"211,764",80% bullish,of 5 ratings,$90
IBKC,$59.55,1441394508080,"34,439",100% bullish,of 1 rating,$70
ICAD,$3.82,1441394508109,"4,433",50% bullish,of 2 ratings,$7.25
IEP,$67.758,1441394508214,"51,491",75% bullish,of 4 ratings,$99
ICFI,$33.35,1441394508346,"14,104",50% bullish,of 2 ratings,$48.50
ICLR,$75.89,1441394508375,"125,472",100% bearish,of 3 ratings,$85
ICON,$13.3235,1441394508475,"235,764",50% bullish,of 2 ratings,$18.50
ICUI,$109.15,1441394508552,"35,517",Not yet rated,NULL,$122
IPWR,$7.39,1441394508683,"3,524",100% bullish,of 1 rating,$15
IDRA,$2.7695,1441394508711,"368,199",89% bullish,of 9 ratings,$6.50
IDXX,$72.59,1441394508743,"161,548",100% bearish,of 1 rating,$76
INVE,$4.49,1441394508765,"19,215",75% bullish,of 4 ratings,$4
DSKY,$10.28,1441394508845,"82,394",67% bullish,of 6 ratings,$11.50
RXDX,$15.125,1441394509026,"121,271",100% bullish,of 1 rating,$20
IRG,$5.25,1441394509086,"27,515",100% bearish,of 1 rating,$4.25
IROQ,$16.8,1441394509113,231,100% bullish,of 1 rating,N/A
IIVI,$16.7,1441394509258,"60,951",100% bearish,of 1 rating,$22
KANG,$14.7101,1441394509317,"241,251",50% bullish,of 2 ratings,$23.10
IKAN,$2.73,1441394509387,"9,196",83% bullish,of 6 ratings,$5
IKNX,$12,1441394509413,"1,050",100% bearish,of 1 rating,N/A
ILMN,$193.22,1441394509459,"308,266",80% bullish,of 5 ratings,$245
ISNS,$4.15,1441394509588,"6,545",50% bullish,of 2 ratings,N/A
IMMR,$12.05,1441394509650,"63,966",80% bullish,of 5 ratings,$15.50
IMNP,$1.29,1441394509791,"23,074",50% bullish,of 2 ratings,$6
IMDZ,$14.8,1441394509822,"22,087",100% bearish,of 1 rating,$33
IMMU,$2.13,1441394509855,"236,950",86% bullish,of 7 ratings,$2
ICCC,$7.03,1441394509882,"4,652",100% bullish,of 1 rating,N/A
IPXL,$40.15,1441394509925,"123,736",67% bullish,of 3 ratings,$46.50
IMGN,$13.295,1441394509949,"328,048",75% bullish,of 4 ratings,$17.50
IMMY,$7.59,1441394510118,"2,603",100% bearish,of 1 rating,$11
INCY,$115.57,1441394510283,"446,667",50% bullish,of 6 ratings,$125.50
INCR,$41.85,1441394510308,"149,485",50% bullish,of 2 ratings,$53
SAAS,$7.06,1441394510334,"100,644",50% bullish,of 2 ratings,$15
INDB,$43.85,1441394510376,"15,703",Not yet rated,NULL,$44
IBCP,$14,1441394510481,"29,315",100% bullish,of 1 rating,$14.50
IBTX,$39.565,1441394510522,"10,594",100% bullish,of 2 ratings,$47.25
IDSA,$3.49,1441394510610,"1,561",Not yet rated,NULL,N/A
INFI,$8.65,1441394510694,"117,792",50% bullish,of 4 ratings,$16.50
INFN,$21.49,1441394510827,"441,526",71% bullish,of 7 ratings,$28
IPCC,$74.87,1441394510864,"5,825",Not yet rated,NULL,$77.50
IFON,$1.28,1441394511068,"14,520",75% bullish,of 4 ratings,N/A
IMKTA,$49.46,1441394511126,"29,200",100% bearish,of 1 rating,N/A
INWK,$6.85,1441394511208,"22,522",50% bullish,of 2 ratings,$10
III,$3.75,1441394511236,"11,154",57% bullish,of 7 ratings,$6
INNL,NULL,1441394511278,0,100% bearish,of 1 rating,$16.50
IPHS,$46.02,1441394511304,"37,333",100% bearish,of 1 rating,$60
INOD,$2.3672,1441394511436,"1,540",100% bearish,of 1 rating,N/A
IOSP,$48.8,1441394511698,"96,580",100% bearish,of 1 rating,N/A
INGN,$51.27,1441394511724,"59,638",100% bearish,of 1 rating,$50.50
ITEK,$12.38,1441394511795,"159,368",100% bearish,of 3 ratings,$20
ISSC,$2.79,1441394511858,"3,293",67% bearish,of 3 ratings,N/A
INOV,$20.98,1441394511884,"239,816",100% bearish,of 1 rating,$33
INO,$7.06,1441394511939,"344,928",89% bullish,of 18 ratings,$20
NSIT,$24.57,1441394511965,"44,057",50% bullish,of 2 ratings,N/A
ISIG,$2.64,1441394512125,"4,871",100% bearish,of 1 rating,N/A
INSM,$24.01,1441394512182,"127,630",71% bullish,of 7 ratings,$31.50
IIIN,$17.23,1441394512217,"10,216",100% bearish,of 2 ratings,N/A
NTEC,$5.54,1441394512282,"2,250",100% bearish,of 1 rating,N/A
PODD,$28.07,1441394512313,"88,619",67% bearish,of 3 ratings,$35
IDTI,$18.81,1441394512342,"618,772",60% bullish,of 5 ratings,$25
INSY,$34.4,1441394512373,"238,572",75% bullish,of 4 ratings,$48
IART,$61.95,1441394512438,"135,692",100% bearish,of 2 ratings,$71.50
IESC,$7.11,1441394512754,200,100% bearish,of 1 rating,N/A
ISSI,$21.89,1441394512781,"40,938",67% bullish,of 3 ratings,$19.75
ININ,$35.42,1441394512915,"18,382",67% bearish,of 3 ratings,$57
IQNT,$19.01,1441394512946,"124,650",86% bullish,of 7 ratings,$20
IBKR,$37.5,1441394512968,"264,059",100% bullish,of 1 rating,N/A
INTC,$28.57,1441394512989,"10,908,174",82% bullish,of 238 ratings,$36
IPCI,$2.225,1441394513021,"9,400",67% bullish,of 6 ratings,$8
IPAR,$24.82,1441394513047,"24,219",67% bullish,of 3 ratings,$38
ICLDW,$1.05,1441394513237,425,100% bearish,of 1 rating,N/A
ICLD,$1.9799,1441394513265,"840,555",75% bullish,of 4 ratings,N/A
IDCC,$48.44,1441394513415,"76,819",80% bullish,of 5 ratings,$63
IMI,$1.99,1441394513445,"4,927",67% bullish,of 3 ratings,$2.22
ICPT,$184.17,1441394513466,"47,894",70% bullish,of 10 ratings,$359.50
TILE,$24.1,1441394513496,"100,847",100% bearish,of 3 ratings,$27
INAP,$9.27,1441394513631,"93,770",75% bullish,of 4 ratings,$11
IBOC,$24.74,1441394513656,"68,532",100% bearish,of 1 rating,N/A
ISCA,$32.15,1441394513803,"38,802",100% bearish,of 1 rating,N/A
IGLD,$7.26,1441394513863,974,50% bullish,of 2 ratings,N/A
IIJI,$8.6996,1441394513889,100,50% bullish,of 2 ratings,$12.50
PTNT,$2.91,1441394513944,300,Not yet rated,NULL,N/A
INTX,$1.9501,1441394514087,"15,518",67% bullish,of 3 ratings,N/A
XENT,$25.02,1441394514117,"46,749",50% bullish,of 2 ratings,$36.50
ISIL,$10.35,1441394514139,"392,054",50% bullish,of 6 ratings,$15
INPH,$0.2902,1441394514173,"5,471",50% bullish,of 2 ratings,N/A
IILG,$19.38,1441394514204,"48,260",100% bearish,of 1 rating,$29
IVAC,$4.76,1441394514232,"24,498",100% bearish,of 1 rating,$6.625
INTL,$25.5,1441394514306,"27,739",67% bearish,of 3 ratings,N/A
INTLL,$25.6544,1441394514488,"1,735",Not yet rated,NULL,N/A
ITCI,$27.21,1441394514642,"178,342",75% bearish,of 4 ratings,$40
ISRG,$508.52,1441394514742,"59,426",67% bullish,of 3 ratings,$600
IIN,$6.88,1441394514767,"1,050",100% bearish,of 1 rating,$12
SNAK,$8.27,1441394514792,"35,216",50% bullish,of 2 ratings,$14
INTU,$85.445,1441394514943,"1,006,150",86% bullish,of 7 ratings,$107.50
ISTR,$15.74,1441394514971,504,100% bearish,of 1 rating,$18.50
NVIV,$9.6,1441394515000,"42,262",50% bullish,of 4 ratings,$24.50
INVT,$0.339,1441394515032,"99,070",67% bullish,of 3 ratings,N/A
ISBC,$11.68,1441394515068,"916,211",100% bullish,of 1 rating,$13.25
ITIC,$70.11,1441394515136,402,100% bearish,of 2 ratings,N/A
IPAS,$1.07,1441394515164,"17,747",67% bullish,of 3 ratings,N/A
IVTY,$14.48,1441394515193,"15,901",Not yet rated,NULL,$18
DTUL,$64.7,1441394515401,802,Not yet rated,NULL,N/A
DFVL,$66.28,1441394515428,600,Not yet rated,NULL,N/A
IPCM,$79.11,1441394515557,"122,123",50% bullish,of 2 ratings,$80.125
IPGP,$80.73,1441394515639,"105,040",67% bearish,of 3 ratings,$109.50
IRMD,$24.25,1441394515664,"14,450",67% bearish,of 3 ratings,$25
IRDM,$6.885,1441394515721,"202,985",60% bullish,of 5 ratings,$11.50
IRDMB,$269.01,1441394515866,100,67% bearish,of 3 ratings,N/A
IRIX,$6.84,1441394515901,"5,474",100% bearish,of 1 rating,N/A
IRBT,$29.65,1441394515922,"86,876",67% bullish,of 6 ratings,$37
IRWD,$11.04,1441394515955,"576,032",100% bearish,of 1 rating,$13
GNMA,$50.2999,1441394515996,"1,425",Not yet rated,NULL,N/A
COMT,$32.95,1441394516025,"4,460",100% bearish,of 1 rating,N/A
IRCP,NULL,1441394516085,0,100% bullish,of 2 ratings,N/A
FCHI,NULL,1441394516287,0,NULL,NULL,NULL
IFAS,NULL,1441394516356,0,NULL,NULL,NULL
IFEU,$37.15,1441394516388,"70,573",Not yet rated,NULL,N/A
IFGL,$27.33,1441394516539,"66,246",Not yet rated,NULL,N/A
AXJS,NULL,1441394516607,0,NULL,NULL,NULL
ACWI,$54,1441394516708,"854,222",Not yet rated,NULL,N/A
AAIT,NULL,1441394516734,0,NULL,NULL,NULL
AAXJ,$50.925,1441394516755,"488,950",Not yet rated,NULL,N/A
ACWX,$39.089,1441394516784,"455,095",100% bearish,of 1 rating,N/A
IFNA,NULL,1441394516814,0,NULL,NULL,NULL
EEMA,$48.0999,1441394516917,"47,137",Not yet rated,NULL,N/A
EMDI,NULL,1441394516947,0,NULL,NULL,NULL
EEME,NULL,1441394516976,0,NULL,NULL,NULL
EMEY,NULL,1441394517109,0,NULL,NULL,NULL
EGRW,NULL,1441394517128,0,NULL,NULL,NULL
EEML,$26.5684,1441394517214,460,Not yet rated,NULL,N/A
EUFN,$20.9299,1441394517440,"60,598",100% bearish,of 1 rating,N/A
IEUS,$44.32,1441394517468,"1,222",100% bearish,of 1 rating,N/A
EVAL,NULL,1441394517487,0,NULL,NULL,NULL
IBB,$337.2,1441394517515,"642,956",63% bullish,of 8 ratings,N/A
QAT,$20.9,1441394517714,"2,582",Not yet rated,NULL,N/A
EMIF,$27.36,1441394517775,"2,522",Not yet rated,NULL,N/A
WOOD,$47.05,1441394517847,"2,073",50% bullish,of 2 ratings,N/A
SOXX,$81.27,1441394517879,"202,912",50% bullish,of 2 ratings,N/A
ICLN,$9.1012,1441394517899,"12,476",50% bullish,of 2 ratings,N/A
UAE,$17.361,1441394517931,"1,300",Not yet rated,NULL,N/A
ISHG,$79.57,1441394517979,"21,200",100% bearish,of 1 rating,N/A
INDY,$26.0397,1441394518072,"162,641",50% bullish,of 2 ratings,N/A
ISLE,$19.25,1441394518270,"187,860",50% bullish,of 4 ratings,$17
ISIS,$52.24,1441394518300,"429,565",53% bullish,of 15 ratings,$67
ISRL,$122.2,1441394518398,72,100% bearish,of 1 rating,N/A
IGOV,$91.0129,1441394518425,"33,668",100% bearish,of 1 rating,N/A
ITRI,$28.66,1441394518495,"66,210",100% bearish,of 1 rating,$37
ITUS,$3.9,1441394518567,"2,100",Not yet rated,NULL,N/A
ITRN,$23.87,1441394518595,"3,196",50% bullish,of 2 ratings,N/A
XXIA,$15.06,1441394518616,"115,984",71% bullish,of 7 ratings,$14.625
IXYS,$11.35,1441394518765,"74,076",50% bullish,of 4 ratings,N/A
JJSF,$114.775,1441394518822,"15,634",100% bearish,of 1 rating,N/A
JBHT,$74.59,1441394518900,"678,212",50% bullish,of 4 ratings,$89.50
MAYS,NULL,1441394518956,0,Not yet rated,NULL,N/A
JCOM,$66.9299,1441394519005,"34,453",100% bullish,of 2 ratings,$77
JKHY,$66.41,1441394519177,"64,783",67% bearish,of 3 ratings,$72
JASO,$8.01,1441394519247,"208,565",82% bullish,of 17 ratings,$10
JACK,$78.04,1441394519322,"95,106",71% bullish,of 7 ratings,$105
JXSB,$24.23,1441394519352,100,Not yet rated,NULL,N/A
JAGX,$3.25,1441394519379,"1,020",Not yet rated,NULL,$10.50
JAKK,$9.79,1441394519455,"305,496",60% bearish,of 5 ratings,$11
JMBA,$14.26,1441394519514,"52,661",75% bullish,of 4 ratings,$18
JAXB,NULL,1441394519540,0,100% bullish,of 1 rating,N/A
JASNW,NULL,1441394519759,0,50% bullish,of 2 ratings,N/A
JASN,$4.9,1441394519790,"1,473",50% bullish,of 2 ratings,$9.50
ERW,NULL,1441394519839,0,Not yet rated,NULL,N/A
JAZZ,$161.88,1441394519887,"176,526",80% bullish,of 15 ratings,$206.50
JRVR,$27.72,1441394519915,"22,313",Not yet rated,NULL,$32
JD,$22.785,1441394520047,"5,650,172",75% bullish,of 16 ratings,$36
JBLU,$23.68,1441394520075,"2,862,995",94% bullish,of 18 ratings,$27
JTPY,$3,1441394520178,367,100% bearish,of 1 rating,N/A
JST,$3.5732,1441394520282,"7,261",75% bullish,of 4 ratings,N/A
JCTCF,NULL,1441394520311,0,100% bullish,of 1 rating,N/A
DATE,$6.03,1441394520337,"56,464",75% bullish,of 4 ratings,$9
WYIGU,$9.98,1441394520383,"4,000",100% bearish,of 1 rating,N/A
JIVE,$4.63,1441394520469,"259,669",75% bullish,of 4 ratings,$5
JOEZ,$0.1729,1441394520523,"127,692",92% bullish,of 12 ratings,N/A
JBSS,$51.63,1441394520608,"15,260",67% bearish,of 3 ratings,N/A
JOUT,$23.39,1441394520787,685,100% bearish,of 1 rating,$34
JUNO,$35.42,1441394520849,"331,910",73% bullish,of 11 ratings,$67
JNP,$13.3,1441394520878,"81,441",100% bullish,of 3 ratings,$15
KTWO,$20.55,1441394520946,"16,312",100% bearish,of 1 rating,$28.50
KALU,$82.02,1441394521013,"53,043",67% bearish,of 3 ratings,$91
KMDA,$3.53,1441394521039,"1,700",50% bullish,of 2 ratings,$8
KNDI,$6.14,1441394521064,"93,214",86% bullish,of 22 ratings,N/A
KBIO,$3.8301,1441394521092,"7,811,082",50% bullish,of 4 ratings,N/A
KCLI,$46.4,1441394521279,"8,759",Not yet rated,NULL,N/A
KBSF,NULL,1441394521308,0,100% bullish,of 1 rating,N/A
KPTI,$13.895,1441394521457,"110,882",67% bearish,of 3 ratings,$39
KRNY,$11.29,1441394521523,"127,298",100% bearish,of 1 rating,$12.50
KCAP,$4.69,1441394521627,"36,280",75% bullish,of 4 ratings,$6
KELYA,$14.17,1441394521690,"31,136",67% bullish,of 6 ratings,$20
KELYB,NULL,1441394521729,0,50% bullish,of 2 ratings,N/A
KFFB,NULL,1441394521822,0,100% bearish,of 1 rating,N/A
