Symbol,Price,Date,Volume,Rating,RatingVoteCount,OneYearEstimate
TFSCW,$0.2,1440526502582,"3,500",100% bearish,of 1 rating,N/A
TFSC,NULL,1440526502652,0,100% bearish,of 1 rating,N/A
FCTY,$7.7,1440526502677,"7,690",100% bullish,of 1 rating,$8.50
FLWS,$9.26,1440526502705,"100,179",100% bullish,of 5 ratings,$15
TFSCU,$10.14,1440526502726,907,Not yet rated,NULL,N/A
PIH,$7.13,1440526502760,"1,207",100% bearish,of 1 rating,N/A
FCCY,$11.538,1440526502782,"1,069",100% bullish,of 1 rating,$13
TFSCR,NULL,1440526502862,0,Not yet rated,NULL,N/A
SRCE,$28.75,1440526502947,"11,468",100% bullish,of 3 ratings,$33
TWOU,$34.18,1440526503024,"120,674",50% bullish,of 2 ratings,$39
USLV,$12.8099,1440526503130,"247,401",86% bullish,of 7 ratings,N/A
UGLD,$9.373,1440526503162,"197,771",100% bearish,of 1 rating,N/A
VNET,$18,1440526503200,"279,230",60% bullish,of 5 ratings,$29.50
DGLD,$80.6016,1440526503230,"21,969",100% bullish,of 1 rating,N/A
DSLV,$69.0201,1440526503402,"11,607",100% bearish,of 1 rating,N/A
JOBS,$27.7,1440526503461,"94,990",50% bullish,of 4 ratings,$36
SIXD,$2.94,1440526503535,"1,299,301",Not yet rated,NULL,N/A
CAFD,$14.61,1440526503746,"1,267,064",Not yet rated,NULL,$25
EGHT,$7.76,1440526503783,"322,673",82% bullish,of 17 ratings,$11
ABGB,$4.99,1440526503848,"124,164",67% bullish,of 3 ratings,$5.50
ABY,$20.2,1440526503881,"612,027",100% bearish,of 2 ratings,$46
ABEO,$4.53,1440526503902,"64,975",50% bullish,of 4 ratings,$15.50
ABAX,$46.78,1440526503956,"73,402",100% bearish,of 1 rating,$60
SHLM,$32.9,1440526503977,"52,455",100% bearish,of 1 rating,$50
AAON,$20.3434,1440526503999,"35,479",100% bearish,of 1 rating,$24
ABMD,$95.6286,1440526504138,"312,651",75% bullish,of 4 ratings,$100.50
ABEOW,$1.85,1440526504164,"13,888",100% bullish,of 1 rating,N/A
AXAS,$1.539,1440526504302,"500,803",78% bullish,of 9 ratings,$3.50
ACTG,$8.85,1440526504335,"139,727",67% bullish,of 3 ratings,$18.50
AVHI,$13.844,1440526504437,"21,665",100% bearish,of 1 rating,$19
ANCX,$19.42,1440526504594,"35,148",Not yet rated,NULL,$19
AXDX,$18.91,1440526504615,"91,997",100% bearish,of 1 rating,N/A
ACAD,$35.05,1440526504648,"462,493",80% bullish,of 20 ratings,$48
ACST,$0.3634,1440526504674,"29,249",100% bullish,of 2 ratings,N/A
XLRN,$27.94,1440526504700,"63,464",50% bullish,of 2 ratings,$57
ACHC,$71.11,1440526504721,"407,647",50% bullish,of 2 ratings,$92
VXDN,$1.91,1440526504855,"213,734",100% bearish,of 1 rating,N/A
VXUP,$1.58,1440526504997,"286,445",100% bearish,of 1 rating,N/A
ARAY,$6.57,1440526505023,"480,837",100% bearish,of 1 rating,$10.50
ACRX,$4.14,1440526505049,"213,540",67% bearish,of 6 ratings,$5.50
AKAO,$6.39,1440526505081,"32,473",75% bullish,of 4 ratings,$15
ACET,$22.645,1440526505102,"36,920",75% bullish,of 4 ratings,$30
ACHN,$7.53,1440526505133,"911,797",90% bullish,of 21 ratings,$16
ACNB,$20.05,1440526505430,720,Not yet rated,NULL,N/A
ACTS,$1.59,1440526505490,"68,468",100% bearish,of 1 rating,N/A
ACIW,$20.97,1440526505523,"202,855",50% bullish,of 2 ratings,$24
ACOR,$32.47,1440526505558,"1,809,701",67% bearish,of 3 ratings,$38.50
ACTA,$13.34,1440526505588,"77,387",67% bearish,of 3 ratings,$25
ATVI,$26.72,1440526505726,"2,317,475",68% bullish,of 84 ratings,$31.50
ACPW,$1.82,1440526505800,"39,921",100% bullish,of 4 ratings,$3.50
ACXM,$19.89,1440526505837,"200,386",67% bullish,of 3 ratings,N/A
ADMS,$19.78,1440526505858,"41,554",100% bearish,of 2 ratings,$36
ADAP,$11.5,1440526505940,"82,308",67% bullish,of 3 ratings,$22
ADMP,$3.56,1440526505961,"36,675",50% bullish,of 2 ratings,$10
ACUR,$0.53,1440526506044,"159,897",100% bullish,of 5 ratings,$1
ADUS,$28.52,1440526506093,"25,216",100% bearish,of 1 rating,$31
AEY,$2.36,1440526506188,"16,511",100% bearish,of 2 ratings,N/A
ADMA,$9.1,1440526506213,"16,185",Not yet rated,NULL,$19
ADEP,$6.72,1440526506253,"15,787",50% bullish,of 2 ratings,$10.75
ADBE,$75.94,1440526506518,"2,156,987",65% bullish,of 17 ratings,$90
ADRO,$18.76,1440526506620,"202,798",80% bullish,of 5 ratings,$45.50
AMD,$1.71,1440526506652,"4,674,705",83% bullish,of 103 ratings,$2
ADXSW,$9.2,1440526506681,"2,100",100% bullish,of 1 rating,N/A
AEIS,$23.89,1440526506708,"68,144",50% bullish,of 2 ratings,$32.50
ADTN,$15.03,1440526506729,"124,878",67% bullish,of 3 ratings,$17.125
ADXS,$13.375,1440526506769,"497,183",64% bullish,of 14 ratings,$27
MULT,NULL,1440526506810,0,100% bearish,of 1 rating,N/A
AEGR,$17.42,1440526506877,"137,703",50% bullish,of 6 ratings,$26
YPRO,$22.93,1440526507040,"3,718",100% bearish,of 1 rating,N/A
AEGN,$17.98,1440526507141,"94,060",100% bearish,of 2 ratings,$21
AMTX,$2.6499,1440526507198,"18,227",50% bullish,of 2 ratings,$26.11
AEHR,$2.251,1440526507231,"7,766",50% bullish,of 2 ratings,N/A
AERI,$15.72,1440526507328,"158,231",75% bullish,of 4 ratings,$31.50
AEPI,$53.3,1440526507354,"4,665",100% bearish,of 1 rating,N/A
AVAV,$23.34,1440526507485,"58,017",50% bullish,of 4 ratings,$31
AEZS,$0.0901,1440526507527,"6,208,785",90% bullish,of 21 ratings,$1.50
AFMD,$9.74,1440526507576,"97,960",50% bullish,of 4 ratings,$15
AGEN,$6.73,1440526507621,"438,919",85% bullish,of 13 ratings,$14
AEMD,$7.1611,1440526507713,"8,180",Not yet rated,NULL,$27.50
AFFX,$9.007,1440526507748,"136,783",80% bullish,of 5 ratings,$12
AGRX,$8.11,1440526507844,"5,750",100% bearish,of 1 rating,$17.50
AGYS,$9.42,1440526507878,"11,960",100% bearish,of 1 rating,N/A
AGIO,$85.03,1440526507982,"179,197",88% bullish,of 8 ratings,$114
AGFS,$9.85,1440526508007,"126,638",100% bearish,of 1 rating,N/A
AGFSW,$1.85,1440526508032,"5,743",100% bearish,of 2 ratings,N/A
AIMT,$20.665,1440526508240,"60,825",Not yet rated,NULL,N/A
AIRM,$35.61,1440526508270,"102,492",80% bearish,of 5 ratings,$53
ATSG,$8.62,1440526508373,"84,382",67% bullish,of 3 ratings,$13
AMCN,$4.42,1440526508406,"480,542",83% bullish,of 6 ratings,N/A
AIXG,$5.72,1440526508429,"23,442",67% bearish,of 3 ratings,$5.25
AIRT,$21.27,1440526508459,800,100% bullish,of 1 rating,N/A
AKAM,$67.05,1440526508505,"1,160,509",63% bullish,of 8 ratings,$77
AKBA,$6.26,1440526508588,"136,768",100% bearish,of 1 rating,$18
AKRX,$39.53,1440526508663,"324,300",78% bullish,of 9 ratings,$56
AKER,$2.53,1440526508725,"6,825",Not yet rated,NULL,N/A
ALRM,$16.371,1440526508771,"138,279",100% bearish,of 1 rating,$22
ALSK,$1.99,1440526508948,"63,158",78% bullish,of 18 ratings,$2
ADHD,$8.14,1440526509091,"104,327",50% bullish,of 4 ratings,$18
AMRI,$19.43,1440526509122,"149,076",75% bearish,of 4 ratings,$24
ALDR,$38,1440526509172,"266,756",67% bearish,of 3 ratings,$62
ABDC,$11.8072,1440526509226,"31,211",Not yet rated,NULL,$15
ALDX,$6.915,1440526509306,"16,958",100% bearish,of 1 rating,$14.50
ALXN,$170,1440526509356,"717,294",88% bullish,of 8 ratings,$223
ALGN,$55.06,1440526509382,"262,800",100% bearish,of 2 ratings,$73
ALCO,$40.85,1440526509405,"5,962",50% bullish,of 2 ratings,N/A
ALIM,$3.16,1440526509597,"36,191",80% bullish,of 5 ratings,$10
ALXA,$1.0901,1440526509627,"8,881",83% bullish,of 6 ratings,$2.125
ALKS,$59.54,1440526509653,"271,035",67% bullish,of 3 ratings,$75
ALGT,$216.46,1440526509728,"54,427",100% bearish,of 2 ratings,$235
ALLB,$22.87,1440526509786,400,Not yet rated,NULL,N/A
AIQ,$13.62,1440526509856,"5,127",67% bullish,of 3 ratings,N/A
AFOP,$17.9603,1440526509945,"150,409",75% bullish,of 8 ratings,$21
AHGP,$35.5,1440526510026,"26,400",67% bullish,of 3 ratings,N/A
ARLP,$24.2039,1440526510117,"64,369",67% bearish,of 3 ratings,$32
AHPI,$1.4454,1440526510160,415,50% bullish,of 2 ratings,N/A
AMOT,$17.78,1440526510187,"51,673",100% bearish,of 1 rating,N/A
ALQA,$4.2544,1440526510252,"30,994",75% bullish,of 4 ratings,$8.50
ALLT,$4.9201,1440526510356,"61,300",75% bullish,of 4 ratings,$6.25
MDRX,$13.23,1440526510450,"823,067",60% bullish,of 5 ratings,$16
AFAM,$44.13,1440526510486,"10,563",50% bullish,of 2 ratings,$44
ALNY,$97.95,1440526510552,"235,322",67% bullish,of 3 ratings,$148.50
AOSL,$7.15,1440526510651,"51,493",67% bullish,of 3 ratings,$9
ATEC,$0.554,1440526510726,"72,535",100% bullish,of 1 rating,$2
SMCP,$22.69,1440526511092,"1,609",Not yet rated,NULL,N/A
ALTR,$47.02,1440526511126,"1,209,636",80% bearish,of 5 ratings,$54
AMRK,$10.5,1440526511162,"2,103",50% bullish,of 2 ratings,$14
AMRN,$2.005,1440526511184,"2,614,237",85% bullish,of 39 ratings,$8
AIMC,$24.33,1440526511206,"37,914",100% bearish,of 2 ratings,$28.50
ASPS,$25.57,1440526511249,"105,235",67% bullish,of 3 ratings,$46.50
AYA,$20.47,1440526511270,"33,393",100% bearish,of 1 rating,$40
AMAG,$60.5,1440526511299,"207,168",100% bullish,of 2 ratings,$77.50
AMZN,$478.2324,1440526511530,"1,702,649",81% bullish,of 263 ratings,$646
AMBC,$15.36,1440526511634,"97,109",100% bearish,of 1 rating,$16.50
AMBCW,$7.47,1440526511660,"4,376",100% bearish,of 1 rating,N/A
AMBA,$88.44,1440526511689,"1,414,197",83% bullish,of 12 ratings,$102.50
DOX,$56.17,1440526511801,"283,668",50% bullish,of 2 ratings,$60
AMCX,$69.49,1440526511828,"600,202",67% bullish,of 3 ratings,$87.50
EPAX,$2.66,1440526511960,"32,125",100% bearish,of 1 rating,N/A
AMDA,$0.44,1440526512007,"839,216",90% bullish,of 10 ratings,$1
UHAL,$362.86,1440526512091,"11,873",100% bullish,of 2 ratings,$393.50
AMED,$38.22,1440526512120,"116,351",100% bearish,of 1 rating,$42
ASBI,$22.26,1440526512156,100,Not yet rated,NULL,N/A
AMOV,$17.52,1440526512251,"9,955",100% bearish,of 1 rating,N/A
AAL,$38.09,1440526512278,"5,135,890",93% bullish,of 88 ratings,$57
ATAX,$5.15,1440526512308,"238,136",100% bullish,of 1 rating,$6.50
AGNC,$19.365,1440526512410,"1,403,898",71% bullish,of 28 ratings,$22
AGNCB,$24.28,1440526512584,"4,393",Not yet rated,NULL,N/A
AGNCP,$25.2099,1440526512775,"12,424",Not yet rated,NULL,N/A
ACAS,$13.405,1440526512805,"319,590",60% bullish,of 5 ratings,$16.75
MTGEP,$24.4015,1440526512830,"6,300",Not yet rated,NULL,N/A
ACSF,$12.05,1440526512881,"39,470",100% bearish,of 1 rating,$15
MTGE,$15.33,1440526512906,"199,695",75% bullish,of 4 ratings,$19.50
ANCI,$1.43,1440526513078,400,100% bearish,of 1 rating,N/A
AMIC,NULL,1440526513107,0,Not yet rated,NULL,N/A
AETI,NULL,1440526513131,0,67% bearish,of 3 ratings,N/A
AMNB,$22.69,1440526513301,"5,355",Not yet rated,NULL,$25.50
ANAT,$97.39,1440526513329,"32,981",100% bullish,of 1 rating,N/A
AMRB,$10.0389,1440526513356,"2,200",Not yet rated,NULL,$11
ARII,$37.98,1440526513397,"133,237",67% bearish,of 3 ratings,$45
APEI,$20.88,1440526513487,"23,243",100% bearish,of 1 rating,$25.50
ASEI,$36.8,1440526513580,"24,100",100% bearish,of 1 rating,$52.50
AMSWA,$8.58,1440526513717,"15,156",100% bearish,of 2 ratings,$10.75
AMWD,$65.17,1440526513785,"102,505",50% bullish,of 2 ratings,$70
AMSC,$4.04,1440526513870,"159,087",50% bullish,of 4 ratings,N/A
CRMT,$37.24,1440526513898,"35,690",100% bearish,of 1 rating,$39
ABCB,$26.27,1440526513974,"44,067",Not yet rated,NULL,$31
ASRV,$3.29,1440526514032,301,100% bullish,of 2 ratings,N/A
AMSF,$47.22,1440526514060,"27,338",Not yet rated,NULL,$57.50
ASRVP,$28.17,1440526514090,394,Not yet rated,NULL,N/A
ATLO,$22.22,1440526514192,"4,693",Not yet rated,NULL,N/A
FOLD,$13.99,1440526514325,"877,207",56% bullish,of 9 ratings,$21
AMKR,$4.625,1440526514350,"1,323,071",100% bearish,of 2 ratings,$5
AMGN,$150.94,1440526514503,"2,214,219",89% bullish,of 19 ratings,$185
AMSG,$79.48,1440526514533,"183,611",100% bearish,of 1 rating,$85.50
AMSGP,NULL,1440526514632,0,Not yet rated,NULL,N/A
ASYS,$5.07,1440526514734,"13,012",67% bullish,of 3 ratings,$12
ANAC,$129.19,1440526514763,"393,830",80% bullish,of 5 ratings,$180.50
AMRS,$1.58,1440526514784,"31,986",70% bullish,of 10 ratings,N/A
AMPH,$13.16,1440526514815,"82,529",50% bullish,of 2 ratings,$20
AFSI,$58.72,1440526514847,"156,235",60% bullish,of 5 ratings,$72
ADI,$51.89,1440526514948,"1,122,636",67% bullish,of 3 ratings,$69
ANAD,$0.3203,1440526514973,"166,815",100% bullish,of 2 ratings,$.50
ALOG,$78.48,1440526515114,"34,200",100% bearish,of 2 ratings,$100.50
AMCF,$0.22,1440526515316,"6,000",100% bullish,of 7 ratings,N/A
ABCW,$39.395,1440526515347,"4,904",67% bullish,of 3 ratings,N/A
ANCB,NULL,1440526515368,0,Not yet rated,NULL,$23
ANGI,$4.72,1440526515420,"323,126",64% bullish,of 11 ratings,$5.50
ANGO,$14.41,1440526515456,"19,438",67% bullish,of 3 ratings,$19
ANIP,$49.41,1440526515549,"40,700",89% bullish,of 19 ratings,$66
ANSS,$87.29,1440526515577,"299,964",100% bearish,of 1 rating,$100
ANIK,$33.4,1440526515600,"26,695",60% bullish,of 5 ratings,$51.25
ATRS,$1.68,1440526515848,"396,517",92% bullish,of 12 ratings,$4.50
ANTH,$7.16,1440526515881,"343,820",80% bullish,of 10 ratings,$13
ATNY,$2.32,1440526515902,"2,808",50% bullish,of 2 ratings,$3.75
ABAC,$0.6999,1440526515923,"28,393",100% bearish,of 1 rating,N/A
APIC,$6.1675,1440526515977,"157,279",100% bearish,of 1 rating,$19
APOG,$50.835,1440526516134,"136,349",100% bullish,of 1 rating,$67
AINV,$6.395,1440526516300,"587,446",50% bullish,of 4 ratings,$8
APOL,$10.58,1440526516325,"471,568",87% bearish,of 68 ratings,$14
APPF,$15.86,1440526516392,"10,500",50% bullish,of 2 ratings,$22
AAPL,$107.36,1440526516418,"42,096,730",86% bullish,of 2345 ratings,$150
ARCI,$1.11,1440526516454,"1,000",Not yet rated,NULL,N/A
APDN,$3.15,1440526516482,"46,498",Not yet rated,NULL,$9
AMCC,$5.345,1440526516583,"349,926",80% bullish,of 5 ratings,$8
AGTC,$15.38,1440526516610,"71,886",50% bullish,of 2 ratings,$33
APDNW,$1.02,1440526516750,"13,896",Not yet rated,NULL,N/A
AMAT,$15.175,1440526516779,"8,254,589",82% bullish,of 11 ratings,$23
AAOI,$19.378,1440526516913,"147,288",50% bullish,of 4 ratings,$26
APRI,$1.26,1440526517015,"139,738",83% bullish,of 6 ratings,$4.86
APTO,$4.55,1440526517040,"1,120",Not yet rated,NULL,$17
AQXP,$18.7816,1440526517241,"1,270,827",50% bullish,of 2 ratings,$2
AQMS,$4.79,1440526517273,"33,260",Not yet rated,NULL,N/A
AREX,$1.805,1440526517306,"549,204",100% bearish,of 1 rating,$3
AUMAW,NULL,1440526517327,0,Not yet rated,NULL,N/A
AUMAU,NULL,1440526517368,0,Not yet rated,NULL,N/A
AUMA,NULL,1440526517393,0,Not yet rated,NULL,N/A
ARDM,$6.97,1440526517420,527,100% bullish,of 1 rating,$26
PETX,$17.425,1440526517682,"204,492",100% bearish,of 2 ratings,$26
ARCW,$3.22,1440526517708,"8,996",100% bearish,of 2 ratings,$10.50
ABUS,$6.79,1440526517730,"227,698",86% bullish,of 14 ratings,$23
ABIO,$0.8687,1440526517758,"51,486",50% bullish,of 2 ratings,$3.75
ARCB,$27.65,1440526517911,"122,113",67% bearish,of 3 ratings,$39.50
RKDA,$5.88,1440526517958,"18,573",100% bearish,of 2 ratings,$10
ACGL,$67.98,1440526518105,"110,384",50% bullish,of 2 ratings,$72
ARCC,$15.0599,1440526518137,"1,344,300",67% bearish,of 3 ratings,$17.875
AGII,$55.21,1440526518159,"62,473",Not yet rated,NULL,$59.50
ARNA,$2.75,1440526518189,"1,096,234",90% bullish,of 77 ratings,$5.50
ARDX,$17.6,1440526518212,"30,945",50% bullish,of 2 ratings,$24.50
ACAT,$25.38,1440526518241,"48,340",100% bearish,of 3 ratings,$33
ARGS,$6.1273,1440526518386,"31,089",50% bullish,of 2 ratings,$19.50
ARIA,$6.5599,1440526518547,"1,317,219",87% bullish,of 46 ratings,$9
ARIS,$3.32,1440526518581,"21,131",Not yet rated,NULL,$4.50
AGIIL,$25.1901,1440526518606,"7,875",Not yet rated,NULL,N/A
ARKR,$24.995,1440526518633,"1,497",50% bullish,of 2 ratings,N/A
ARMH,$41.06,1440526518654,"1,294,787",54% bearish,of 13 ratings,$61
ARTX,$1.4,1440526518942,"111,274",88% bullish,of 16 ratings,$4.50
ARWAR,$0.27,1440526518977,"1,000",Not yet rated,NULL,N/A
ARWAW,NULL,1440526519069,0,Not yet rated,NULL,N/A
ARQL,$1.64,1440526519100,"70,269",75% bullish,of 4 ratings,$5
ARWAU,NULL,1440526519135,0,100% bullish,of 1 rating,N/A
ARRS,$25.41,1440526519157,"648,774",50% bullish,of 2 ratings,$38
ARWA,NULL,1440526519198,0,Not yet rated,NULL,N/A
ARRY,$5.52,1440526519228,"738,967",100% bullish,of 7 ratings,$10
DWAT,$9.74,1440526519374,"4,254",100% bearish,of 1 rating,N/A
AROW,$27.14,1440526519519,"5,016",Not yet rated,NULL,N/A
ARWR,$5.29,1440526519574,"413,308",75% bullish,of 4 ratings,$10.50
ARTNA,$21.935,1440526519603,"8,465",100% bearish,of 1 rating,$29
ARTW,$4.33,1440526519705,200,75% bearish,of 4 ratings,N/A
ASNA,$10.96,1440526519880,"1,131,422",50% bullish,of 2 ratings,$18
ASBB,NULL,1440526519932,0,Not yet rated,NULL,N/A
ASND,$19.2,1440526520011,"34,367",100% bullish,of 1 rating,$30
ASCMA,$26.61,1440526520040,"54,492",100% bearish,of 1 rating,$45
ASMI,NULL,1440526520072,0,NULL,NULL,NULL
ASTI,$0.1121,1440526520173,"1,301,366",83% bullish,of 6 ratings,$3
APWC,$1.9,1440526520202,100,100% bearish,of 1 rating,N/A
ASML,$87.95,1440526520227,"485,715",50% bullish,of 4 ratings,$127
ASMB,$12.91,1440526520395,"27,535",67% bullish,of 3 ratings,N/A
AZPN,$36.805,1440526520483,"375,240",50% bullish,of 2 ratings,$42
ASFI,$8.88,1440526520527,"5,410",100% bullish,of 1 rating,N/A
ASTE,$35.68,1440526520553,"34,491",100% bearish,of 1 rating,$48
ATRO,$50.77,1440526520692,"81,232",100% bearish,of 2 ratings,$80
ASTC,$2.1087,1440526520717,"25,410",100% bullish,of 5 ratings,N/A
ALOT,NULL,1440526520747,0,100% bearish,of 1 rating,N/A
ASUR,$5.48,1440526520769,"2,089",50% bullish,of 2 ratings,$8
ATAI,$2.42,1440526520935,"8,052",100% bearish,of 1 rating,N/A
ATRA,$39.87,1440526520992,"117,536",50% bullish,of 2 ratings,$68
ATHN,$130.719,1440526521026,"114,183",67% bearish,of 3 ratings,$153
ATHX,$1.12,1440526521126,"146,580",89% bullish,of 9 ratings,$5
AAME,$3.53,1440526521260,100,Not yet rated,NULL,N/A
AFCB,$27.6,1440526521285,700,Not yet rated,NULL,N/A
ACFC,$5.87,1440526521316,"29,444",Not yet rated,NULL,$6.50
AAPC,$10.2,1440526521342,583,Not yet rated,NULL,N/A
ATNI,$70.3,1440526521553,"31,383",100% bearish,of 1 rating,$69.50
AFH,$16.35,1440526521587,"17,226",Not yet rated,NULL,$21.50
AAWW,$40.07,1440526521608,"127,200",50% bullish,of 2 ratings,$65
ATLC,$3.7,1440526521641,"8,731",67% bullish,of 3 ratings,N/A
ATRC,$24.85,1440526521738,"76,188",100% bullish,of 1 rating,$30
ATML,$7.505,1440526521771,"5,471,425",78% bullish,of 9 ratings,$9.50
ATOS,$0.8199,1440526521842,"91,509",100% bullish,of 7 ratings,$7
ATRM,NULL,1440526521973,0,50% bullish,of 2 ratings,N/A
ATRI,$375,1440526522041,783,Not yet rated,NULL,N/A
LIFE,$13.39,1440526522113,"19,787",86% bullish,of 7 ratings,$43
ATTU,$13,1440526522145,"48,925",100% bearish,of 1 rating,$20.50
AUBN,$26.43,1440526522215,100,Not yet rated,NULL,N/A
AUPH,$3,1440526522241,"22,058",100% bearish,of 1 rating,$8
AUDC,$3.09,1440526522321,"24,958",80% bullish,of 5 ratings,$5
EARS,$4.48,1440526522402,"5,143",100% bearish,of 2 ratings,$11.50
ADAT,$0.36,1440526522432,"2,412,388",100% bullish,of 2 ratings,N/A
ADSK,$49.39,1440526522462,"1,118,607",67% bullish,of 6 ratings,$69.50
ABTL,$16.88,1440526522568,"159,425",100% bullish,of 4 ratings,$20.25
AVGO,$110.095,1440526522721,"1,640,522",88% bullish,of 8 ratings,$165
ADP,$75.3799,1440526522754,"1,051,855",100% bearish,of 1 rating,$88
AAVL,$10.255,1440526522775,"166,138",100% bearish,of 1 rating,$20
AVEO,$1.29,1440526522805,"355,444",75% bullish,of 8 ratings,$3
AVNU,$12.16,1440526522854,581,Not yet rated,NULL,$14
AVID,$8.1,1440526523084,"234,358",100% bearish,of 1 rating,$20
AVNW,$1.13,1440526523161,"91,359",50% bullish,of 2 ratings,$2.20
CAR,$41.16,1440526523192,"1,129,665",80% bullish,of 5 ratings,$60
AXPW,$1.15,1440526523222,"23,423",83% bullish,of 6 ratings,N/A
ACLS,$3.075,1440526523253,"233,766",67% bullish,of 6 ratings,$4.75
AVGR,$14.39,1440526523278,"12,700",100% bearish,of 1 rating,$20
AXPWW,$1.1027,1440526523310,100,Not yet rated,NULL,N/A
AWRE,$3.1,1440526523358,"37,403",67% bullish,of 3 ratings,N/A
AXTI,$2.15,1440526523695,"58,203",50% bullish,of 2 ratings,$2.75
AXGN,$3.81,1440526523725,"13,278",Not yet rated,NULL,$5
BCOM,NULL,1440526523835,0,100% bearish,of 1 rating,N/A
BEAV,$47.15,1440526523867,"564,700",67% bearish,of 3 ratings,$59
RILY,$9.97,1440526523895,200,Not yet rated,NULL,N/A
BCPC,$56.285,1440526523916,"103,043",100% bearish,of 1 rating,$75
BIDU,$142.3,1440526523947,"2,911,203",81% bullish,of 88 ratings,$210
BOSC,$2.29,1440526523968,"7,616",50% bullish,of 2 ratings,N/A
BWINA,NULL,1440526524103,0,Not yet rated,NULL,N/A
BWINB,$22.75,1440526524138,"7,493",Not yet rated,NULL,N/A
BANF,$59.07,1440526524269,"6,625",Not yet rated,NULL,$68
BLDP,$1.185,1440526524321,"284,650",91% bullish,of 22 ratings,$2.50
BKMU,$6.8693,1440526524350,"19,109",Not yet rated,NULL,$8
BOCH,$5.73,1440526524426,"8,937",Not yet rated,NULL,$6.50
BANFP,NULL,1440526524451,0,Not yet rated,NULL,N/A
BKSC,$15.3,1440526524701,"4,688",Not yet rated,NULL,N/A
BOTJ,$10.9001,1440526524752,"1,500",Not yet rated,NULL,N/A
BMRC,$47.97,1440526524787,"1,800",Not yet rated,NULL,$52
OZRK,$40.26,1440526524808,"279,997",67% bullish,of 3 ratings,$49.50
BWFG,$17.9525,1440526524842,"1,453",100% bearish,of 1 rating,N/A
BFIN,$11.85,1440526524889,"16,180",Not yet rated,NULL,$13
BANR,$43.1475,1440526524919,"30,279",100% bullish,of 3 ratings,$50
BZUN,$4.56,1440526525128,"453,407",50% bullish,of 2 ratings,$12.60
BHACR,NULL,1440526525193,0,Not yet rated,NULL,N/A
BHACW,NULL,1440526525349,0,Not yet rated,NULL,N/A
BHACU,NULL,1440526525398,0,Not yet rated,NULL,N/A
BHAC,$9.78,1440526525426,"1,000",Not yet rated,NULL,N/A
TAPR,$31.2,1440526525452,"1,200",100% bearish,of 1 rating,N/A
BSET,$28.4,1440526525581,"22,566",100% bearish,of 1 rating,$35
BBSI,$33.94,1440526525607,"18,300",67% bearish,of 3 ratings,$62.50
BYBK,$4.93,1440526525647,600,100% bearish,of 1 rating,N/A
BV,$5.1,1440526525744,"223,119",67% bullish,of 6 ratings,$9
BYLK,$12.715,1440526525773,"2,400",Not yet rated,NULL,$14
BCBP,$11.6,1440526525843,"1,588",Not yet rated,NULL,N/A
BBCN,$14.15,1440526525871,"99,510",100% bearish,of 1 rating,$16
BDCV,$4.867,1440526526002,"6,381",100% bearish,of 1 rating,$10.19
BSF,$8.29,1440526526029,"9,433",Not yet rated,NULL,N/A
BECN,$34.49,1440526526165,"238,810",50% bullish,of 2 ratings,$40
BBGI,$4.24,1440526526338,"2,361",100% bearish,of 1 rating,N/A
BEBE,$1.71,1440526526366,"84,788",75% bullish,of 4 ratings,$3.075
BBBY,$60.79,1440526526435,"1,206,154",71% bullish,of 7 ratings,$75
BELFB,$17.56,1440526526460,"7,000",100% bearish,of 1 rating,N/A
BELFA,$15.3,1440526526487,839,100% bearish,of 1 rating,N/A
BNCL,$12.255,1440526526622,"186,794",100% bullish,of 3 ratings,$12.50
BLCM,$16.83,1440526526671,"145,440",50% bullish,of 4 ratings,$40
BNFT,$34.795,1440526526761,"64,560",67% bullish,of 3 ratings,$46
BLPH,$5.02,1440526526789,"23,696",100% bearish,of 1 rating,$12.50
BNTC,$8.015,1440526526819,"22,998",100% bullish,of 1 rating,N/A
BGMD,$0.7701,1440526526924,"95,917",100% bullish,of 10 ratings,N/A
BGCP,$8.635,1440526526949,"472,434",88% bullish,of 8 ratings,$14
BIND,$4.3,1440526527176,"18,423",75% bullish,of 4 ratings,$13.50
ORPN,$5.37,1440526527206,"6,463",100% bullish,of 1 rating,$28.50
BGFV,$10.45,1440526527251,"24,931",57% bullish,of 7 ratings,$12
BIOC,$1.915,1440526527305,"252,836",83% bullish,of 6 ratings,$3.85
BCDA,NULL,1440526527384,0,Not yet rated,NULL,N/A
BIOD,$0.67,1440526527416,"46,371",80% bullish,of 5 ratings,$4
BCRX,$11.15,1440526527519,"418,268",63% bullish,of 8 ratings,$18
BASI,$1.4764,1440526527552,"1,592",Not yet rated,NULL,N/A
BIIB,$291.07,1440526527654,"1,191,230",88% bullish,of 16 ratings,$400
BDSI,$6.44,1440526527679,"500,563",88% bullish,of 8 ratings,$17
BIOL,$1.3799,1440526527813,"23,624",Not yet rated,NULL,N/A
BLRX,$1.27,1440526527872,"141,159",100% bullish,of 12 ratings,$5
BLFS,$2.0101,1440526527970,"31,394",100% bearish,of 1 rating,$4.75
BVXV,$3.5901,1440526528074,"1,550",Not yet rated,NULL,N/A
BPTH,$1.07,1440526528135,"31,650",100% bullish,of 2 ratings,$5
BVXVW,NULL,1440526528166,0,100% bearish,of 1 rating,N/A
BMRN,$124.51,1440526528187,"501,536",80% bullish,of 5 ratings,$160
BRLI,NULL,1440526528266,0,NULL,NULL,NULL
BIOS,$2.2399,1440526528335,"816,443",71% bullish,of 7 ratings,$4
BBC,$29.8701,1440526528367,"14,211",Not yet rated,NULL,N/A
BSPM,$0.65,1440526528542,"36,747",50% bullish,of 2 ratings,N/A
BBP,$31.405,1440526528571,"25,915",Not yet rated,NULL,N/A
BOTA,$2.161,1440526528610,"30,966",88% bullish,of 8 ratings,N/A
TECH,$94.91,1440526528708,"88,454",100% bullish,of 1 rating,$117
BEAT,$14.36,1440526528812,"360,684",67% bearish,of 3 ratings,$15
BSTC,$47.03,1440526528879,"22,270",100% bearish,of 1 rating,$76
BITI,$17.3,1440526529024,"25,333",100% bullish,of 1 rating,$28
BJRI,$43.96,1440526529055,"118,348",50% bullish,of 2 ratings,$55
BDMS,$13.13,1440526529080,200,100% bearish,of 1 rating,N/A
BBOX,$14.64,1440526529111,"27,265",100% bearish,of 1 rating,N/A
BDE,$7.14,1440526529138,"42,160",50% bullish,of 2 ratings,$9
BBRY,$6.79,1440526529215,"2,666,995",61% bullish,of 330 ratings,$9
BLKB,$57.8,1440526529297,"75,895",100% bearish,of 2 ratings,$66
BKCC,$9.02,1440526529390,"211,036",100% bullish,of 2 ratings,$10
ADRA,$26.205,1440526529458,"1,201",100% bearish,of 1 rating,N/A
HAWK,$40.235,1440526529563,"215,623",91% bullish,of 11 ratings,$49
ADRE,$28.91,1440526529634,"9,296",100% bearish,of 1 rating,N/A
ADRD,$21.6956,1440526529718,"4,831",100% bearish,of 1 rating,N/A
ADRU,$21.6301,1440526529850,"1,676",100% bearish,of 1 rating,N/A
BLMN,$19.375,1440526529875,"717,590",83% bullish,of 6 ratings,$27.50
BLBD,$11.84,1440526529905,"5,957",Not yet rated,NULL,N/A
BCOR,$13.26,1440526529927,"61,122",57% bullish,of 7 ratings,$15
BBLU,$0.78,1440526530059,"64,203",100% bullish,of 2 ratings,$4.43
BHBK,$13.9401,1440526530099,"48,866",100% bullish,of 1 rating,$14.50
BUFF,$26.59,1440526530123,"159,323",83% bullish,of 12 ratings,$31.50
NILE,$32.825,1440526530281,"60,159",50% bullish,of 2 ratings,$34
BKEP,$6.24,1440526530322,"74,328",100% bearish,of 1 rating,$8.50
BLUE,$125.04,1440526530363,"275,604",71% bullish,of 7 ratings,$217.50
BKEPP,$7.45,1440526530460,"3,565",100% bearish,of 1 rating,N/A
BPMC,$27.255,1440526530538,"44,725",50% bullish,of 2 ratings,$47.50
BNCN,$20.34,1440526530644,"64,228",Not yet rated,NULL,$23
BOJA,$20.84,1440526530845,"137,504",100% bullish,of 1 rating,$30
BOBE,$42.98,1440526530877,"71,659",75% bullish,of 4 ratings,$57
WIFI,$7.44,1440526530898,"159,695",50% bullish,of 2 ratings,$13.50
BOFI,$122.43,1440526530946,"96,654",100% bullish,of 6 ratings,$144
BNSO,$1.317,1440526530975,"1,900",100% bearish,of 1 rating,N/A
BOKF,$59.28,1440526531028,"153,819",100% bearish,of 1 rating,$70.50
BONA,$11.62,1440526531082,"208,667",75% bullish,of 4 ratings,$8.50
BPFH,$11.54,1440526531306,"136,199",100% bearish,of 1 rating,$14
BAMM,$3.157,1440526531338,"8,473",60% bullish,of 5 ratings,N/A
BPFHP,$25.64,1440526531412,608,100% bearish,of 1 rating,N/A
BPFHW,NULL,1440526531459,0,100% bearish,of 1 rating,N/A
EPAY,$24.94,1440526531486,"43,543",100% bearish,of 2 ratings,$30
BDBD,$8.14,1440526531617,"422,009",60% bullish,of 5 ratings,$10
BCLI,$2.8699,1440526531643,"43,886",80% bullish,of 5 ratings,$12
BBRG,$12.13,1440526531709,"67,148",67% bullish,of 3 ratings,$14.50
BBEP,$2.425,1440526531737,"1,112,676",69% bullish,of 13 ratings,$5.625
BLIN,$1.3,1440526531872,800,50% bullish,of 2 ratings,$2.20
BBEPP,$12.5799,1440526531898,"52,367",100% bearish,of 1 rating,N/A
BDGE,$26.605,1440526531926,"3,555",Not yet rated,NULL,$31.75
BRID,NULL,1440526531968,0,100% bearish,of 1 rating,N/A
BCOV,$5.16,1440526532071,"33,038",67% bullish,of 3 ratings,$10.20
BSFT,$29.77,1440526532167,"77,760",57% bullish,of 7 ratings,$40.50
BRCM,$48.35,1440526532193,"1,591,324",75% bullish,of 12 ratings,$56
BYFC,$1.49,1440526532537,"3,026",50% bullish,of 2 ratings,N/A
BRCD,$10.265,1440526532590,"2,114,030",92% bullish,of 13 ratings,$11.50
BWEN,$3.16,1440526532617,"36,280",100% bullish,of 3 ratings,$8
BRKR,$18.41,1440526532645,"139,971",100% bearish,of 2 ratings,$22
BVSN,$5.9699,1440526532673,905,60% bearish,of 5 ratings,N/A
BRKL,$10.42,1440526532699,"99,666",100% bearish,of 1 rating,$10.75
BMTC,$28.38,1440526532842,"13,418",Not yet rated,NULL,$34
BRKS,$10.11,1440526532903,"32,137",67% bullish,of 3 ratings,$15.25
BSQR,$5.94,1440526532942,"57,908",67% bullish,of 3 ratings,N/A
BWLD,$189.62,1440526533046,"141,041",82% bullish,of 11 ratings,$205
BLMT,$20.855,1440526533073,"7,701",Not yet rated,NULL,N/A
BLDR,$13.98,1440526533105,"398,703",50% bullish,of 2 ratings,$22
BUR,$1.81,1440526533209,406,100% bearish,of 1 rating,$8
CFFI,$34.83,1440526533497,"5,869",100% bearish,of 1 rating,N/A
CDNS,$19.13,1440526533590,"731,063",75% bullish,of 4 ratings,$22.50
CHRW,$65.45,1440526533623,"670,091",Not yet rated,NULL,$72
CCMP,$42.367,1440526533680,"57,699",50% bullish,of 2 ratings,$59
CA,$26.24,1440526533713,"1,152,875",50% bullish,of 4 ratings,$33
CDZI,$7.53,1440526533734,"14,214",100% bearish,of 1 rating,N/A
CACQ,$7.13,1440526533764,"33,067",100% bearish,of 1 rating,$12.25
CZR,$8.8,1440526533794,"774,168",60% bearish,of 5 ratings,$10.50
CSTE,$42.33,1440526533929,"273,321",100% bearish,of 1 rating,$65
CLBS,$1.295,1440526534124,"59,776",79% bullish,of 14 ratings,$4
CLMS,$10.2,1440526534267,"49,358",Not yet rated,NULL,$10.50
PRSS,$4.3165,1440526534325,"12,287",80% bullish,of 5 ratings,$4.50
CHY,$11.1,1440526534461,"166,033",Not yet rated,NULL,N/A
CGO,$11.66,1440526534515,"58,506",100% bearish,of 1 rating,N/A
CCD,$19.03,1440526534543,"78,339",Not yet rated,NULL,N/A
CHW,$7.3191,1440526534564,"179,738",100% bearish,of 1 rating,N/A
CHI,$10.4801,1440526534597,"230,498",100% bearish,of 1 rating,N/A
CFGE,$10.345,1440526534626,253,Not yet rated,NULL,N/A
CVGW,$55.48,1440526534731,"72,820",50% bullish,of 2 ratings,$58.50
CAMP,$15.59,1440526534806,"120,613",88% bullish,of 8 ratings,$25
CALA,$4.6286,1440526534938,"182,075",100% bullish,of 3 ratings,$19.50
CFNB,NULL,1440526534965,0,100% bearish,of 1 rating,N/A
CSQ,$9.5899,1440526534986,"310,415",Not yet rated,NULL,N/A
CALD,$14.92,1440526535014,"128,532",100% bearish,of 1 rating,$20.50
CALM,$47.705,1440526535344,"365,351",80% bullish,of 5 ratings,$65
ABCD,$4.86,1440526535371,"31,772",83% bullish,of 6 ratings,N/A
CLMT,$25.13,1440526535440,"201,754",75% bullish,of 8 ratings,$31
CAMB,$10.05,1440526535497,400,Not yet rated,NULL,N/A
CAMT,$2.68,1440526535537,"25,190",73% bullish,of 11 ratings,$4
CAMBU,NULL,1440526535564,0,100% bearish,of 1 rating,N/A
CGIX,$9.22,1440526535594,"9,228",67% bullish,of 3 ratings,$14.375
CAMBW,NULL,1440526535622,0,Not yet rated,NULL,N/A
CSIQ,$18.0601,1440526535753,"2,446,696",86% bullish,of 28 ratings,$45
CAC,$39.89,1440526535899,"3,119",Not yet rated,NULL,N/A
CPHC,$10.24,1440526536031,400,100% bearish,of 1 rating,N/A
CBNJ,$10.78,1440526536065,"6,192",100% bullish,of 1 rating,N/A
CBF,$28.89,1440526536163,"45,757",Not yet rated,NULL,$32
CPLA,$46.916,1440526536188,"66,136",67% bearish,of 3 ratings,$65
CPLP,$6.64,1440526536215,"236,913",71% bullish,of 7 ratings,$11
CCBG,$14.6,1440526536243,"1,917",Not yet rated,NULL,$17.25
CSWC,$44.63,1440526536342,"3,728",Not yet rated,NULL,N/A
CFFN,$11.81,1440526536440,"341,260",Not yet rated,NULL,$12.75
CPTA,$13.48,1440526536483,"48,860",100% bearish,of 1 rating,$18.50
CAPN,$1.7999,1440526536581,"83,852",100% bullish,of 1 rating,$10.85
CAPR,$4.21,1440526536612,"11,904",Not yet rated,NULL,$12
CPST,$0.3603,1440526536640,"380,639",95% bullish,of 22 ratings,$1.25
CARA,$19.33,1440526536670,"197,811",50% bullish,of 4 ratings,$25
CAPNW,NULL,1440526536770,0,Not yet rated,NULL,N/A
CBYL,$5.24,1440526537112,"15,368",100% bearish,of 1 rating,$20
CARB,$11.01,1440526537142,"136,686",75% bullish,of 4 ratings,$12
CSII,$23.19,1440526537176,"80,889",100% bearish,of 2 ratings,$42.125
CRDC,$0.36,1440526537245,"123,633",100% bullish,of 1 rating,$1.25
CFNL,$21.54,1440526537276,"26,458",Not yet rated,NULL,$24
CRME,$8.74,1440526537301,"15,880",89% bullish,of 9 ratings,$11.25
CDNA,$6.36,1440526537349,"6,095",100% bearish,of 1 rating,$9
CTRE,$11.62,1440526537374,"299,313",50% bullish,of 2 ratings,N/A
CATM,$33.58,1440526537568,"89,763",100% bearish,of 1 rating,$44
CKEC,$22.07,1440526537639,"109,514",50% bullish,of 2 ratings,$35.915
CARO,$15.25,1440526537771,"3,411",100% bearish,of 1 rating,$19
CLBH,$12.5196,1440526537797,839,Not yet rated,NULL,$16.50
CART,$5.3,1440526537928,830,100% bearish,of 1 rating,N/A
CECO,$3.365,1440526537976,"251,484",67% bearish,of 3 ratings,$6
CRZO,$28.55,1440526538059,"602,408",67% bearish,of 3 ratings,$57
CRTN,$2.52,1440526538107,"3,102",100% bearish,of 1 rating,N/A
CARV,$6.7,1440526538191,"24,083",50% bullish,of 2 ratings,N/A
CACB,$5.29,1440526538270,"18,042",Not yet rated,NULL,$5.50
CASM,$1.13,1440526538338,"6,182",100% bullish,of 1 rating,$3.50
TAST,$11.91,1440526538403,"156,470",Not yet rated,NULL,$14.25
CSCD,$14.875,1440526538492,"35,286",100% bullish,of 2 ratings,$17
CASI,$1.4648,1440526538525,"7,107",100% bullish,of 1 rating,$3.50
CASY,$103.44,1440526538551,"83,544",50% bullish,of 2 ratings,$99.50
CWST,$5.99,1440526538626,"40,736",50% bullish,of 2 ratings,$7.25
CASS,$46.07,1440526538730,"19,711",100% bearish,of 1 rating,N/A
CPRX,$3.3601,1440526539008,"440,741",71% bullish,of 7 ratings,$7
CATY,$28.34,1440526539039,"322,211",100% bearish,of 1 rating,$33.50
CATYW,$8.26,1440526539138,"1,500",100% bearish,of 1 rating,N/A
CVCO,$70.3,1440526539189,"14,921",100% bearish,of 1 rating,N/A
CATB,$11.26,1440526539240,"3,882",100% bearish,of 1 rating,$28
CAVM,$64.19,1440526539269,"255,931",67% bearish,of 3 ratings,$72
CNLM,NULL,1440526539342,0,Not yet rated,NULL,N/A
CBFV,$20.88,1440526539370,"2,990",Not yet rated,NULL,N/A
CNLMW,NULL,1440526539547,0,Not yet rated,NULL,N/A
CNLMU,$10.37,1440526539574,298,100% bullish,of 1 rating,N/A
CNLMR,NULL,1440526539595,0,Not yet rated,NULL,N/A
CDK,$45.87,1440526539754,"258,146",67% bearish,of 3 ratings,$50
CDW,$38.3325,1440526539852,"416,099",75% bullish,of 4 ratings,$44
CBOE,$61.225,1440526539880,"145,563",Not yet rated,NULL,$60
CECE,$9.105,1440526540015,"40,144",50% bullish,of 2 ratings,$16
CELGZ,$1.55,1440526540144,"29,266",80% bullish,of 5 ratings,N/A
CELG,$115.72,1440526540174,"2,889,990",92% bullish,of 13 ratings,$155.50
CPXX,$2.07,1440526540195,"140,085",100% bullish,of 2 ratings,$7
CLDN,$1.0293,1440526540216,"86,249",71% bullish,of 7 ratings,$3
CLLS,$29.28,1440526540381,"38,665",75% bullish,of 4 ratings,$51.50
CLRBW,NULL,1440526540410,0,Not yet rated,NULL,N/A
CLDX,$14.27,1440526540450,"1,888,568",89% bullish,of 9 ratings,$36
CBMG,$22.14,1440526540632,"27,146",50% bullish,of 2 ratings,N/A
CLRB,$3.11,1440526540660,"1,800",100% bearish,of 1 rating,N/A
CLSN,$1.93,1440526540711,"67,384",80% bullish,of 10 ratings,$7.50
CLTX,$2.82,1440526540792,"412,045",100% bullish,of 2 ratings,N/A
CYAD,$51.44,1440526540878,"1,341",100% bullish,of 1 rating,$87.50
CEMP,$34.325,1440526541008,"271,170",71% bullish,of 7 ratings,$52
CETX,$2.39,1440526541035,"7,323",Not yet rated,NULL,$5.60
CSFL,$13.73,1440526541220,"46,111",Not yet rated,NULL,$15
CENTA,$12.27,1440526541265,"177,765",Not yet rated,NULL,N/A
CENT,$11.58,1440526541291,"26,784",Not yet rated,NULL,$10
CENX,$4.78,1440526541576,"800,642",67% bullish,of 6 ratings,$9
CETV,$2.01,1440526541605,"24,338",67% bullish,of 3 ratings,$2.80
CFBK,NULL,1440526541659,0,Not yet rated,NULL,N/A
CNTY,$6.0396,1440526541710,"11,011",80% bullish,of 5 ratings,$7.75
CVCY,$11.25,1440526541838,6,Not yet rated,NULL,$12
CPHD,$47.185,1440526541928,"284,789",50% bullish,of 2 ratings,$66.50
CRNT,$1.365,1440526541964,"243,072",50% bullish,of 2 ratings,$2
CERE,$1.0411,1440526542005,"165,639",88% bullish,of 8 ratings,N/A
CNBKA,NULL,1440526542064,0,50% bullish,of 2 ratings,N/A
CERN,$61.4227,1440526542211,"763,274",67% bullish,of 3 ratings,$79
CERU,$3.325,1440526542243,"45,555",75% bullish,of 4 ratings,$15
CERS,$4.73,1440526542344,"378,796",75% bullish,of 4 ratings,$7
HOTR,$1.444,1440526542520,"205,628",100% bullish,of 2 ratings,$5
CYOU,$20.14,1440526542609,"66,155",50% bullish,of 6 ratings,$24
HOTRW,NULL,1440526542715,0,Not yet rated,NULL,N/A
CTHR,$1.2101,1440526542742,"1,424",50% bullish,of 2 ratings,$2.50
GTLS,$21.7,1440526542767,"96,469",50% bullish,of 4 ratings,$40
KOOL,$0.6683,1440526542792,"5,954",100% bullish,of 5 ratings,$7
CEVA,$17.67,1440526543005,"42,440",100% bearish,of 1 rating,$25
CHFN,$12.23,1440526543107,"10,237",Not yet rated,NULL,$14
CHTR,$174.94,1440526543143,"476,017",100% bearish,of 2 ratings,$196
CHEKW,NULL,1440526543171,0,Not yet rated,NULL,N/A
CHKP,$77.681,1440526543197,"750,968",50% bullish,of 4 ratings,$92
CHEK,$2.66,1440526543330,"6,270",Not yet rated,NULL,$7.75
CEMI,$3.8967,1440526543436,"5,050",50% bullish,of 2 ratings,$7.50
CHFC,$30.57,1440526543568,"60,992",100% bearish,of 1 rating,$36
CCXI,$6.65,1440526543747,"23,247",67% bullish,of 3 ratings,$14
CHMG,$26.275,1440526544058,"2,700",Not yet rated,NULL,$30
CHKE,$25.38,1440526544130,"10,917",100% bearish,of 1 rating,$32.50
CHEV,$14.49,1440526544275,"1,100",Not yet rated,NULL,N/A
PLCE,$58.5,1440526544446,"420,706",100% bearish,of 1 rating,$71
CMRX,$46.77,1440526544512,"125,345",50% bullish,of 2 ratings,$57
CBNK,$16.49,1440526544716,500,100% bearish,of 1 rating,N/A
CHMA,$23.49,1440526544774,"64,822",Not yet rated,NULL,$40
CADC,$3.1562,1440526544916,200,78% bullish,of 9 ratings,N/A
CAAS,$5.86,1440526545048,"24,973",93% bullish,of 14 ratings,$11.50
CALI,$0.959,1440526545076,"5,550",67% bullish,of 3 ratings,N/A
CBPO,$96.59,1440526545133,"133,800",75% bullish,of 8 ratings,$140.50
CCCL,$0.784,1440526545210,"5,845",100% bullish,of 6 ratings,N/A
CBAK,$1.7099,1440526545239,"50,308",67% bullish,of 9 ratings,N/A
CCCR,$0.83,1440526545344,"12,500",67% bearish,of 3 ratings,N/A
JRJC,$3.1001,1440526545518,"140,962",82% bullish,of 11 ratings,N/A
CHOP,$1.22,1440526545546,"2,800",50% bullish,of 2 ratings,N/A
CHLN,$2.1101,1440526545573,"25,690",67% bullish,of 3 ratings,N/A
CNIT,$1.36,1440526545610,"73,055",67% bullish,of 6 ratings,N/A
HGSH,$1.68,1440526545738,"14,905",67% bullish,of 3 ratings,N/A
CJJD,$1.74,1440526545815,"82,071",100% bullish,of 1 rating,N/A
HTHT,$24.23,1440526545883,"34,043",50% bullish,of 2 ratings,$28.40
CHNR,$1.74,1440526545909,"4,104",100% bearish,of 1 rating,N/A
CREG,$0.6799,1440526546051,"31,363",100% bullish,of 3 ratings,N/A
CPGI,$6.8649,1440526546214,206,Not yet rated,NULL,N/A
CCIH,$6.39,1440526546318,"162,062",67% bullish,of 6 ratings,$12.65
CSUN,$1.442,1440526546368,"16,203",80% bullish,of 5 ratings,N/A
CNTF,$0.8399,1440526546447,"41,234",Not yet rated,NULL,N/A
CNET,$0.8259,1440526546497,"15,953",50% bullish,of 2 ratings,N/A
CNYD,$3,1440526546529,"10,200",67% bullish,of 3 ratings,N/A
CXDC,$5.98,1440526546597,"15,361",67% bullish,of 3 ratings,N/A
IMOS,$16.44,1440526546624,"135,260",60% bullish,of 5 ratings,$21.50
CHSCL,$26.88,1440526546771,"11,466",Not yet rated,NULL,N/A
CHSCO,$28,1440526546976,"6,800",Not yet rated,NULL,N/A
CHSCN,$26.31,1440526547029,"11,422",Not yet rated,NULL,N/A
CHSCP,$30.39,1440526547085,"2,698",Not yet rated,NULL,N/A
CHSCM,$25.63,1440526547129,"18,975",Not yet rated,NULL,N/A
CHDN,$132.96,1440526547274,"17,338",Not yet rated,NULL,$165
CHUY,$30.8,1440526547307,"112,496",50% bullish,of 2 ratings,$34
CIFC,$7.1,1440526547407,200,100% bearish,of 1 rating,N/A
CDTX,$14.15,1440526547437,"6,904",Not yet rated,NULL,$22
CMPR,$67.83,1440526547537,"186,803",50% bullish,of 2 ratings,$72.50
CINF,$51.98,1440526547804,"364,361",50% bullish,of 4 ratings,$50.50
CRUS,$27.35,1440526547830,"465,743",75% bullish,of 12 ratings,$44.50
CPHR,$5.81,1440526547958,"4,658",100% bearish,of 1 rating,$17
CMCT,$15.33,1440526547983,714,100% bearish,of 1 rating,N/A
CTAS,$82.91,1440526548020,"185,326",100% bearish,of 1 rating,$91
CSCO,$25.187,1440526548053,"11,502,495",84% bullish,of 208 ratings,$32
CIDM,$0.59,1440526548188,"80,256",50% bullish,of 2 ratings,$2.10
CTRN,$27.185,1440526548355,"69,508",100% bearish,of 1 rating,$31.50
CZNC,$19.5772,1440526548384,"23,697",Not yet rated,NULL,N/A
CTXS,$67.865,1440526548581,"837,576",86% bullish,of 7 ratings,$80
CZFC,NULL,1440526548609,0,Not yet rated,NULL,N/A
CZWI,$8.89,1440526548709,301,Not yet rated,NULL,N/A
CIZN,$19.54,1440526548809,"1,060",Not yet rated,NULL,N/A
CIVB,$10.04,1440526548839,"2,295",Not yet rated,NULL,$11
CHCO,$46.19,1440526548943,"26,221",Not yet rated,NULL,$46
CIVBP,NULL,1440526548969,0,Not yet rated,NULL,N/A
CLNT,$1.39,1440526549170,"48,571",75% bullish,of 8 ratings,N/A
CLRO,$11.4,1440526549352,"4,651",50% bullish,of 2 ratings,$14.25
CDTI,$1.555,1440526549404,"85,168",75% bullish,of 4 ratings,$3.20
CLNE,$4.2052,1440526549484,"609,674",80% bullish,of 15 ratings,$9
CLFD,$16.78,1440526549536,"17,875",67% bullish,of 3 ratings,$18
CLIR,$4.7314,1440526549565,"8,600",100% bullish,of 3 ratings,N/A
CSBK,$13.64,1440526549626,"58,699",Not yet rated,NULL,N/A
CLVS,$69.55,1440526549666,"426,680",60% bullish,of 5 ratings,$101.50
CBLI,$3.705,1440526549692,"19,828",60% bullish,of 5 ratings,N/A
CMFN,$11.34,1440526549878,"8,350",100% bearish,of 1 rating,$15.50
CCNE,$16.48,1440526549950,"2,800",50% bullish,of 2 ratings,$21.50
CME,$90.835,1440526550132,"745,788",67% bullish,of 3 ratings,$102
CNV,$4.45,1440526550168,"14,742",50% bullish,of 2 ratings,$7.15
CISG,$7.35,1440526550193,"122,316",100% bullish,of 5 ratings,$10
COBZ,$12.67,1440526550324,"74,352",100% bullish,of 1 rating,$14
COKE,$161.07,1440526550386,"9,199",79% bullish,of 19 ratings,N/A
CWAY,$11.21,1440526550415,700,Not yet rated,NULL,N/A
CDRB,$10.24,1440526550459,"8,755",67% bullish,of 3 ratings,N/A
CDXS,$3.57,1440526550519,"25,402",64% bullish,of 11 ratings,$6
CCOI,$27.61,1440526550650,"131,495",50% bullish,of 4 ratings,$35
JVA,$4.46,1440526550741,"10,182",83% bullish,of 6 ratings,$7
CGNT,$1.5801,1440526550806,"33,670",100% bullish,of 2 ratings,$2
CVLY,$20.35,1440526550840,"3,402",Not yet rated,NULL,N/A
CTSH,$60.83,1440526550874,"1,901,276",90% bullish,of 10 ratings,$75
CGNX,$34.06,1440526550906,"696,067",50% bullish,of 2 ratings,$47
COHR,$55.54,1440526550982,"63,354",50% bullish,of 2 ratings,$72
CHRS,$28,1440526551212,"112,178",67% bearish,of 3 ratings,$37
COHU,$9.45,1440526551355,"46,825",100% bearish,of 1 rating,$14.25
CLRX,$0.545,1440526551394,"40,123",50% bullish,of 2 ratings,N/A
CLCT,$18.415,1440526551423,"9,277",100% bearish,of 1 rating,N/A
CBAN,$8.89,1440526551491,"1,000",Not yet rated,NULL,N/A
COLL,$14.5,1440526551520,"31,950",100% bearish,of 1 rating,$26
CLCD,$6.6,1440526551621,"61,970",100% bearish,of 1 rating,$20.50
CIGI,$42.39,1440526551667,"7,514",100% bearish,of 1 rating,$52
CMCO,$18.18,1440526551812,"15,677",60% bullish,of 5 ratings,$28
COLB,$29.3,1440526551844,"71,895",Not yet rated,NULL,$36
CMCSA,$55.01,1440526551942,"4,998,661",66% bullish,of 35 ratings,$69.50
COLM,$59.75,1440526552087,"40,760",100% bearish,of 1 rating,$71
CBSH,$43.47,1440526552216,"195,799",50% bullish,of 2 ratings,$46
CBMX,$1.15,1440526552248,"33,289",83% bullish,of 6 ratings,$3.15
CBSHP,$25.2129,1440526552274,"1,285",100% bearish,of 1 rating,N/A
CMCSK,$55.49,1440526552309,"1,478,159",Not yet rated,NULL,$84
CUBN,NULL,1440526552346,0,Not yet rated,NULL,N/A
CVGI,$4.55,1440526552482,"47,078",50% bullish,of 2 ratings,$6
COMM,$28.41,1440526552611,"338,368",67% bearish,of 3 ratings,$35
JCS,$8.5,1440526552695,"6,626",67% bullish,of 3 ratings,N/A
CSAL,$19.93,1440526552724,"212,654",75% bullish,of 4 ratings,$30
ESXB,$5.06,1440526552782,"69,300",Not yet rated,NULL,N/A
CTBI,$34.39,1440526552826,"17,072",Not yet rated,NULL,$36
CWBC,NULL,1440526552955,0,Not yet rated,NULL,N/A
CYHHZ,$0.01,1440526553058,"302,433",100% bullish,of 1 rating,N/A
COB,$10.26,1440526553104,"2,932",100% bullish,of 1 rating,$11.75
CIZ,$33.05,1440526553300,"3,061",100% bearish,of 1 rating,N/A
CSA,$32.64,1440526553556,400,Not yet rated,NULL,N/A
CID,$33.19,1440526553580,200,Not yet rated,NULL,N/A
CVLT,$35,1440526553638,"189,759",75% bullish,of 4 ratings,$44.50
CFO,$34.6521,1440526553742,"28,372",100% bearish,of 1 rating,N/A
CDL,NULL,1440526553776,0,Not yet rated,NULL,N/A
CSF,$35.86,1440526553872,"2,548",100% bearish,of 1 rating,N/A
CIL,$33.3,1440526553903,200,Not yet rated,NULL,N/A
CDC,$33.85,1440526553932,"43,774",Not yet rated,NULL,N/A
CSB,$32.18,1440526554006,525,Not yet rated,NULL,N/A
CFA,$34.7801,1440526554033,589,100% bearish,of 1 rating,N/A
CGEN,$4.9514,1440526554298,"125,349",50% bullish,of 2 ratings,$11
CTG,$6.41,1440526554325,"14,441",100% bearish,of 1 rating,$8.50
CMTL,$26.01,1440526554596,"15,104",100% bearish,of 2 ratings,$37
CHCI,$0.6542,1440526554628,"5,658",50% bullish,of 2 ratings,N/A
CNSI,$18.5,1440526554732,"68,296",100% bearish,of 2 ratings,$29
CPSI,$44.94,1440526554753,"50,174",100% bearish,of 1 rating,$45.50
SCOR,$54.69,1440526554836,"221,822",100% bearish,of 1 rating,$66
CNCE,$15.36,1440526554881,"101,847",75% bullish,of 4 ratings,$22
CXRX,$69.3,1440526554907,400,100% bearish,of 1 rating,$90
CDORP,$6.3,1440526554977,"2,008",100% bearish,of 1 rating,N/A
CNAT,$3.6,1440526555008,"37,644",83% bullish,of 6 ratings,$13
CCUR,$5.18,1440526555036,"9,756",75% bullish,of 4 ratings,N/A
CDORO,$16.6,1440526555232,150,100% bearish,of 1 rating,N/A
CNFR,$10.35,1440526555519,"17,100",Not yet rated,NULL,N/A
CNMD,$52.67,1440526555561,"47,722",Not yet rated,NULL,$59
CTWS,$34.3703,1440526555651,"11,315",100% bearish,of 1 rating,$44
CDOR,$1.3,1440526555692,"1,650",100% bullish,of 1 rating,N/A
CNOB,$19.035,1440526555783,"42,837",100% bullish,of 1 rating,$23.50
CNXR,$6.54,1440526555810,"25,324",100% bearish,of 1 rating,$12
CFMS,$20.01,1440526555832,"118,332",Not yet rated,NULL,$27
CNSL,$18.94,1440526555999,"101,176",100% bearish,of 1 rating,$23
CTCT,$23.855,1440526556070,"186,202",67% bullish,of 3 ratings,$37
CWCO,$10.11,1440526556131,"34,800",67% bullish,of 3 ratings,$14.50
CPSS,$5.48,1440526556196,"56,538",100% bullish,of 1 rating,$10
CFRX,$5.1148,1440526556221,"6,139",Not yet rated,NULL,$14
CFRXW,$1.9,1440526556296,"6,066",100% bearish,of 1 rating,N/A
CONN,$30.65,1440526556504,"127,224",67% bullish,of 3 ratings,$48.50
CTRV,$3.85,1440526556581,"6,899",Not yet rated,NULL,$6.40
CFRXZ,$0.46,1440526556606,550,Not yet rated,NULL,N/A
CTRL,$7.895,1440526556638,"53,217",50% bullish,of 2 ratings,$11
CRBP,$1.8758,1440526556772,"251,690",100% bullish,of 2 ratings,$6.25
CPRT,$33.99,1440526556863,"137,432",67% bearish,of 3 ratings,$40
BVA,$3.51,1440526556902,100,50% bullish,of 2 ratings,N/A
CSOD,$34.66,1440526557001,"274,805",50% bullish,of 2 ratings,$42
CRVL,$31.3,1440526557077,"26,387",100% bearish,of 1 rating,N/A
COSI,$1.0399,1440526557106,"140,655",100% bullish,of 1 rating,N/A
CORE,$60.39,1440526557136,"34,952",100% bearish,of 1 rating,$72
CORT,$4.55,1440526557161,"132,327",67% bullish,of 3 ratings,$12
CORI,$10.36,1440526557189,"39,032",100% bearish,of 1 rating,$18
COST,$136.11,1440526557354,"1,678,450",79% bullish,of 24 ratings,$154.50
CPAH,$0.4501,1440526557607,"1,500",50% bullish,of 2 ratings,N/A
CVTI,$21.985,1440526557667,"90,112",67% bearish,of 3 ratings,$39
ICBK,$17.99,1440526557712,400,Not yet rated,NULL,$21
CSGP,$172.75,1440526557741,"62,987",50% bullish,of 2 ratings,$235
COVS,$2.605,1440526557809,"42,001",67% bullish,of 3 ratings,N/A
CPSH,$2.0501,1440526557842,"5,800",Not yet rated,NULL,N/A
CRAI,$21.66,1440526557907,"11,453",100% bearish,of 1 rating,$36
COWNL,$27.0999,1440526558039,"1,930",Not yet rated,NULL,N/A
CBRL,$139.99,1440526558070,"244,311",50% bullish,of 2 ratings,$155
COWN,$5.095,1440526558204,"367,559",75% bullish,of 4 ratings,$7
CACC,$191.7,1440526558363,"47,128",50% bullish,of 2 ratings,$158.50
CRAY,$19.95,1440526558520,"100,399",83% bullish,of 6 ratings,$38.50
BREW,$7.24,1440526558550,"60,278",67% bullish,of 6 ratings,$15
GLDI,$11.05,1440526558624,"14,747",100% bearish,of 1 rating,N/A
SLVO,$10.045,1440526558650,"8,182",100% bearish,of 1 rating,N/A
CREE,$26.1536,1440526558726,"726,986",65% bullish,of 17 ratings,$29.50
CRESY,$9.6901,1440526558831,"28,083",100% bearish,of 1 rating,$19
CRTO,$42.905,1440526558859,"192,264",67% bullish,of 6 ratings,$64
CRDS,$1.03,1440526559116,"36,197",50% bullish,of 4 ratings,$4.50
CROX,$13.61,1440526559213,"217,487",63% bullish,of 8 ratings,$16.50
CYRXW,$0.9001,1440526559265,500,Not yet rated,NULL,N/A
CRWN,$4.495,1440526559294,"35,857",75% bullish,of 4 ratings,N/A
CRWS,$7.89,1440526559327,"15,240",Not yet rated,NULL,$10
CYRX,$2.84,1440526559353,"14,742",Not yet rated,NULL,$9
CCRN,$13.63,1440526559393,"113,655",100% bearish,of 1 rating,$14.25
CSGS,$30.32,1440526559432,"65,957",Not yet rated,NULL,$40
CTIC,$1.64,1440526559748,"447,800",84% bullish,of 76 ratings,$5.75
CTCM,$1.7001,1440526559776,"154,269",80% bearish,of 5 ratings,$3.90
CSPI,$5.87,1440526559803,317,67% bullish,of 3 ratings,N/A
CCLP,$13.21,1440526559824,"92,814",67% bearish,of 3 ratings,$20
CUNB,$21.07,1440526559962,"5,969",Not yet rated,NULL,$24.50
CTIB,$3.55,1440526559991,400,100% bearish,of 1 rating,N/A
CUI,$5.12,1440526560092,"70,600",50% bullish,of 2 ratings,$10
CTRP,$64.7301,1440526560151,"1,645,595",75% bullish,of 8 ratings,$92
CPIX,$5.88,1440526560313,"3,933",Not yet rated,NULL,N/A
CMLS,$1.3,1440526560345,"302,321",50% bullish,of 4 ratings,$6
CRIS,$2.4301,1440526560367,"184,589",100% bullish,of 8 ratings,$6
CUTR,$14.21,1440526560396,"25,435",67% bearish,of 3 ratings,$18
CVBF,$15.7,1440526560421,"202,894",Not yet rated,NULL,$18
CYAN,$6.92,1440526560657,200,100% bearish,of 1 rating,N/A
CYBR,$49.0142,1440526560743,"984,621",86% bullish,of 7 ratings,$66
CYBX,$64.96,1440526560788,"111,109",50% bullish,of 4 ratings,$71.50
CVV,$10.8601,1440526560853,"5,893",100% bullish,of 5 ratings,N/A
CYCC,$0.56,1440526560919,"26,823",73% bullish,of 11 ratings,N/A
CYBE,$5.82,1440526560944,"4,556",100% bearish,of 1 rating,N/A
CYCCP,NULL,1440526561162,0,100% bearish,of 1 rating,N/A
CBAY,$2.69,1440526561188,"36,844",100% bullish,of 1 rating,$4
CYNA,$16.25,1440526561315,"11,851",100% bullish,of 1 rating,$31.50
CONE,$31.51,1440526561411,"209,168",67% bearish,of 3 ratings,$35
CYRN,$1.71,1440526561441,"52,276",67% bullish,of 3 ratings,$4
CYTK,$6.68,1440526561471,"90,483",71% bullish,of 14 ratings,$13.50
CYNO,$31.6775,1440526561493,"77,253",67% bearish,of 3 ratings,$45.50
CY,$8.995,1440526561578,"2,985,899",80% bullish,of 10 ratings,$15.50
CYTX,$0.3553,1440526561711,"522,876",83% bullish,of 12 ratings,$5.50
CTSO,$6.5204,1440526561769,"32,990",Not yet rated,NULL,$15.625
CYTR,$2.1099,1440526561900,"517,889",67% bullish,of 6 ratings,$10
DAEG,$0.3101,1440526561926,"5,841",100% bearish,of 1 rating,N/A
TVIZ,$17.55,1440526562126,"10,340",100% bearish,of 1 rating,N/A
XIV,$29.03,1440526562235,"19,497,827",75% bearish,of 4 ratings,N/A
ZIV,$41.52,1440526562335,"72,366",Not yet rated,NULL,N/A
DJCO,NULL,1440526562478,0,Not yet rated,NULL,N/A
TVIX,$11.6356,1440526562611,"13,059,591",81% bullish,of 16 ratings,N/A
DTLK,$5.37,1440526562814,"31,481",100% bearish,of 1 rating,$9
DAKT,$9.165,1440526562848,"457,756",50% bullish,of 2 ratings,$14
DARA,$0.8417,1440526562877,"49,927",83% bullish,of 6 ratings,$1.50
DRAM,$1.149,1440526562944,"37,104",78% bullish,of 9 ratings,N/A
DAIO,$2.6064,1440526562976,"8,624",Not yet rated,NULL,N/A
DWCH,$4.84,1440526563080,"7,332",75% bullish,of 4 ratings,$8.25
PLAY,$32.9,1440526563258,"107,183",100% bullish,of 5 ratings,$42
DTEA,$13.08,1440526563413,"54,326",100% bearish,of 2 ratings,$24
DBVT,$37.78,1440526563559,"52,472",100% bearish,of 1 rating,$53
TRAK,$62.8,1440526563627,"419,026",50% bullish,of 2 ratings,$62.50
DWSN,$4.315,1440526563690,"8,950",67% bullish,of 3 ratings,$6
DHRM,$1.48,1440526563718,"29,873",Not yet rated,NULL,N/A
TACO,$12.79,1440526563761,"137,321",75% bullish,of 4 ratings,$20
DFRG,$14.27,1440526563788,"123,690",100% bearish,of 1 rating,$20
TACOW,$3.9,1440526564016,"1,825",100% bullish,of 1 rating,N/A
DCTH,$0.4383,1440526564061,"57,930",78% bullish,of 9 ratings,N/A
DGAS,$20.23,1440526564614,"22,686",67% bearish,of 3 ratings,N/A
DELTW,NULL,1440526564684,0,Not yet rated,NULL,N/A
DELT,$2.59,1440526564709,750,Not yet rated,NULL,N/A
XRAY,$52.11,1440526564770,"202,276",100% bullish,of 1 rating,$58
DEPO,$28.32,1440526564795,"437,191",60% bullish,of 5 ratings,$29
DENN,$11.36,1440526564866,"117,872",100% bullish,of 3 ratings,$15
DSCI,$6.06,1440526564950,"17,474",50% bullish,of 2 ratings,$16
DERM,$24.65,1440526564998,"61,530",100% bearish,of 1 rating,$33.50
DEST,$11.36,1440526565185,"35,689",50% bullish,of 2 ratings,N/A
DXCM,$90.55,1440526565321,"530,327",57% bullish,of 7 ratings,$98
DXM,$0.29,1440526565353,"92,024",50% bullish,of 2 ratings,N/A
DSWL,$1.75,1440526565374,"1,000",100% bullish,of 1 rating,N/A
DXLG,$4.39,1440526565454,"44,741",100% bearish,of 1 rating,$8
DMND,$28.915,1440526565505,"67,717",75% bullish,of 12 ratings,$32
DHXM,NULL,1440526565530,0,Not yet rated,NULL,N/A
DHIL,$189.3379,1440526565695,500,Not yet rated,NULL,N/A
DRNA,$10.355,1440526565863,"34,305",67% bearish,of 3 ratings,$25
FANG,$61.89,1440526565895,"420,572",50% bullish,of 2 ratings,$86.50
DGII,$9.55,1440526565924,"11,987",100% bearish,of 1 rating,$10
DCIX,$1.6401,1440526565996,"23,958",50% bullish,of 4 ratings,$3.50
DMRC,$34.42,1440526566123,"49,088",100% bearish,of 1 rating,$44
DGLY,$6.7624,1440526566154,"114,432",50% bullish,of 6 ratings,$20
APPS,$2.28,1440526566217,"36,076",100% bearish,of 1 rating,$10.25
DRAD,$3.65,1440526566260,"13,267",100% bullish,of 1 rating,$5.25
DISCA,$26.11,1440526566464,"2,513,225",67% bullish,of 3 ratings,$34
DCOM,$16.32,1440526566513,"36,456",100% bearish,of 2 ratings,$16.50
DIOD,$19.21,1440526566535,"93,165",75% bearish,of 4 ratings,$24
DPRX,$12.735,1440526566669,"12,644",100% bullish,of 2 ratings,$27.75
DISCB,$26,1440526566710,200,100% bearish,of 1 rating,$35
DSCO,$0.4,1440526566800,"154,995",83% bullish,of 6 ratings,$2.75
DISCK,$24.57,1440526566829,"1,024,157",100% bearish,of 1 rating,$32
DISH,$59.38,1440526566932,"397,689",69% bullish,of 13 ratings,$73
DLHC,$2.3593,1440526566992,"2,130",100% bearish,of 1 rating,N/A
DVCR,$10.5,1440526567064,"6,600",100% bullish,of 1 rating,N/A
DNBF,$26.3,1440526567202,"2,745",Not yet rated,NULL,$27.50
BAGR,$2.76,1440526567233,"26,404",100% bearish,of 1 rating,$6
DLTR,$74.85,1440526567293,"738,838",82% bullish,of 11 ratings,$88
DGICA,$14.085,1440526567333,"4,771",100% bearish,of 1 rating,$17
DGICB,NULL,1440526567423,0,100% bearish,of 1 rating,N/A
DMLP,$13.66,1440526567468,"17,583",100% bearish,of 1 rating,N/A
HILL,$9.655,1440526567656,"1,043,147",60% bearish,of 5 ratings,$9.75
DRWI,$0.2371,1440526567788,"215,661",60% bullish,of 5 ratings,$.45
DRWIW,$0.0474,1440526567846,117,Not yet rated,NULL,N/A
DORM,$50.0404,1440526567876,"97,707",100% bearish,of 1 rating,$56
DWA,$19.52,1440526567903,"481,988",63% bullish,of 8 ratings,$26
DRYS,$0.3574,1440526567949,"2,874,256",77% bullish,of 31 ratings,$.60
DSKX,$2.8901,1440526567977,"161,196",100% bullish,of 1 rating,N/A
DSPG,$8.2999,1440526568161,"65,568",100% bearish,of 1 rating,$13.50
CADTR,NULL,1440526568300,0,Not yet rated,NULL,N/A
CADT,NULL,1440526568363,0,Not yet rated,NULL,N/A
CADTU,NULL,1440526568388,0,Not yet rated,NULL,N/A
DNKN,$50.66,1440526568416,"586,913",67% bullish,of 15 ratings,$56.50
CADTW,NULL,1440526568436,0,Not yet rated,NULL,N/A
DTSI,$25.794,1440526568573,"88,858",100% bearish,of 2 ratings,$39.50
DXPE,$27.7566,1440526568813,"73,700",50% bullish,of 2 ratings,N/A
DRRX,$1.95,1440526568844,"73,859",50% bullish,of 6 ratings,$3
DYAX,$22.2,1440526568975,"316,769",89% bullish,of 9 ratings,$30
DYSL,$1.46,1440526569105,"19,400",100% bullish,of 2 ratings,N/A
DYNT,$2.9035,1440526569130,"5,209",75% bullish,of 4 ratings,N/A
DVAX,$26.3,1440526569157,"186,965",70% bullish,of 10 ratings,$40
BOOM,$9.38,1440526569178,"31,105",67% bullish,of 3 ratings,$12
EGBN,$41.33,1440526569479,"80,634",Not yet rated,NULL,$48
EGLE,$6.03,1440526569506,"6,511",60% bullish,of 5 ratings,N/A
ETFC,$25.2,1440526569533,"1,509,962",57% bullish,of 14 ratings,$33
EBMT,$11.34,1440526569580,"10,614",Not yet rated,NULL,$13.50
EGRX,$71.74,1440526569658,"213,960",67% bullish,of 3 ratings,$97
EWBC,$38.38,1440526569793,"873,586",100% bearish,of 1 rating,$50
ELNK,$8.175,1440526569824,"306,527",60% bullish,of 5 ratings,$9.50
EROC,$1.2,1440526569929,"232,570",50% bullish,of 2 ratings,$3
EML,$16.2301,1440526570326,"6,936",Not yet rated,NULL,N/A
EACQU,$10.2,1440526570352,400,Not yet rated,NULL,N/A
EVBS,$6.4501,1440526570398,"6,603",Not yet rated,NULL,$7
EBAY,$25.665,1440526570638,"6,613,507",81% bullish,of 117 ratings,$48
EBIX,$26.3,1440526570677,"161,251",69% bullish,of 13 ratings,$40
ELON,$0.54,1440526570703,"76,298",50% bullish,of 2 ratings,N/A
EEI,$11.0001,1440526570835,"7,708",67% bearish,of 3 ratings,N/A
ECTE,$1.45,1440526570868,"14,954",75% bullish,of 4 ratings,N/A
ECACU,NULL,1440526570889,0,Not yet rated,NULL,N/A
ECHO,$23.68,1440526570910,"211,401",67% bearish,of 3 ratings,$35.50
SATS,$42.17,1440526570946,"69,065",50% bullish,of 2 ratings,$60
ESES,$3.2,1440526571290,"27,811",100% bearish,of 1 rating,$7
EDAP,$3.35,1440526571348,"48,402",60% bullish,of 5 ratings,$4.50
EDGW,$6.79,1440526571477,"2,704",100% bearish,of 1 rating,N/A
EDUC,$4.988,1440526571502,"7,748",100% bearish,of 1 rating,N/A
EFUT,$3.9248,1440526571560,750,Not yet rated,NULL,N/A
EHTH,$13.47,1440526571780,"36,724",50% bullish,of 4 ratings,$16.50
EGAN,$3.3,1440526571806,"29,100",50% bullish,of 2 ratings,$6.25
EGLT,$11,1440526571833,"45,689",50% bullish,of 2 ratings,$21
LOCO,$12.5443,1440526571854,"896,622",69% bullish,of 13 ratings,$20
EMITF,$1.25,1440526571983,"12,918",75% bullish,of 4 ratings,N/A
ELRC,$10.3,1440526572070,"20,144",100% bearish,of 1 rating,N/A
ESLT,$77.7,1440526572114,"8,068",67% bullish,of 3 ratings,N/A
ESIO,$4.41,1440526572216,"41,600",50% bullish,of 2 ratings,$10
EFII,$43.6,1440526572357,"144,431",80% bullish,of 5 ratings,$55
ERI,$9.26,1440526572488,"24,455",100% bearish,of 1 rating,$10
EA,$64.93,1440526572619,"2,095,016",77% bullish,of 35 ratings,$80
ELSE,$3.8801,1440526572677,200,60% bullish,of 5 ratings,N/A
ELECU,NULL,1440526572705,0,Not yet rated,NULL,N/A
CAPX,$22.15,1440526572835,200,Not yet rated,NULL,N/A
ELEC,NULL,1440526572861,0,Not yet rated,NULL,N/A
RDEN,$10.11,1440526572883,"27,110",100% bearish,of 4 ratings,$15
EBIO,$3.3799,1440526572911,"77,149",100% bearish,of 2 ratings,$8.35
ELECW,NULL,1440526573169,0,Not yet rated,NULL,N/A
LONG,$16.12,1440526573770,"151,659",67% bullish,of 3 ratings,$15.75
ESBK,$19.515,1440526573799,600,Not yet rated,NULL,N/A
EMCI,$22.18,1440526573855,"5,421",Not yet rated,NULL,N/A
EMCF,NULL,1440526573903,0,100% bearish,of 1 rating,N/A
ELTK,$1.08,1440526574191,"1,230",67% bearish,of 3 ratings,N/A
EMKR,$6.91,1440526574398,"50,999",75% bullish,of 4 ratings,$8.50
ENTA,$40.5989,1440526574504,"65,077",50% bullish,of 2 ratings,$42
ERS,$2.8101,1440526574574,"3,758",Not yet rated,NULL,N/A
NYNY,$4.05,1440526574601,"22,778",50% bullish,of 2 ratings,N/A
EMMS,$1.109,1440526574632,"26,294",67% bullish,of 6 ratings,N/A
EMMSP,NULL,1440526574658,0,100% bearish,of 1 rating,N/A
ELGX,$12.51,1440526574791,"351,900",75% bullish,of 4 ratings,$17
ECYT,$4.91,1440526574841,"137,669",83% bullish,of 6 ratings,$12
ECPG,$38.58,1440526574940,"79,186",100% bullish,of 2 ratings,$52
WIRE,$31.2,1440526575092,"68,531",100% bearish,of 1 rating,$37
ENDP,$75.45,1440526575122,"988,786",50% bullish,of 6 ratings,$104
EIGI,$15.31,1440526575176,"413,604",67% bearish,of 3 ratings,$22.50
WATT,$5.98,1440526575208,"132,677",50% bullish,of 2 ratings,$13
ERII,$2.9,1440526575305,"36,613",80% bullish,of 5 ratings,$2.50
EFOI,$16.985,1440526575331,"428,581",50% bullish,of 2 ratings,$20.50
EXXI,$1.325,1440526575610,"702,878",86% bullish,of 7 ratings,$3.50
ENOC,$8.26,1440526575678,"140,634",75% bullish,of 4 ratings,$18
ENG,$0.98,1440526575705,"46,578",100% bullish,of 3 ratings,N/A
ENFC,$17.99,1440526575732,"3,800",Not yet rated,NULL,N/A
ENPH,$4.458,1440526575761,"452,045",75% bullish,of 4 ratings,$11
ESGR,$147,1440526575787,"14,308",100% bearish,of 1 rating,$185
ENTG,$13.29,1440526575865,"204,979",100% bearish,of 1 rating,$18
ENTL,$21,1440526576038,"9,074",Not yet rated,NULL,$28
ETRM,$0.2795,1440526576065,"2,170,615",69% bearish,of 35 ratings,$1.625
EBTC,$20.91,1440526576127,600,Not yet rated,NULL,N/A
EFSC,$23.82,1440526576198,"25,862",Not yet rated,NULL,$27
EGT,$1.82,1440526576227,"4,343",100% bullish,of 1 rating,N/A
ENVI,$1.82,1440526576327,"7,429",67% bullish,of 3 ratings,N/A
ENZN,$0.9639,1440526576412,"438,228",100% bullish,of 9 ratings,N/A
ENZY,$9.15,1440526576460,"8,670",67% bullish,of 3 ratings,$9.50
EPIQ,$12.88,1440526576497,"23,047",100% bearish,of 1 rating,$18
EPRS,$4.98,1440526576638,"29,238",82% bullish,of 11 ratings,$15
EPZM,$17.72,1440526576673,"189,027",60% bullish,of 5 ratings,$34
PLUS,$74.01,1440526576770,"51,918",50% bullish,of 2 ratings,$88
EQIX,$259.31,1440526576796,"280,934",75% bullish,of 4 ratings,$312.50
ERIE,$81.95,1440526576928,"31,246",Not yet rated,NULL,$73
EAC,$3.27,1440526576996,"16,407",100% bearish,of 1 rating,$8
EQFN,NULL,1440526577094,0,100% bearish,of 1 rating,N/A
ESCA,$17.04,1440526577164,"3,984",100% bearish,of 1 rating,$22
ERIC,$9.555,1440526577192,"1,203,011",63% bullish,of 8 ratings,$12.20
ESCR,$0.1799,1440526577229,"36,657",50% bullish,of 2 ratings,N/A
ESCRP,$1.22,1440526577270,400,100% bearish,of 1 rating,N/A
ESMC,NULL,1440526577367,0,Not yet rated,NULL,N/A
ESSA,$12.65,1440526577463,"2,450",100% bearish,of 1 rating,N/A
ESPR,$52.24,1440526577564,"352,381",70% bearish,of 10 ratings,$123
EPIX,NULL,1440526577643,0,Not yet rated,NULL,N/A
ESND,$33.61,1440526577742,"42,934",100% bearish,of 2 ratings,$40
ETSY,$13.035,1440526577874,"311,438",80% bullish,of 5 ratings,$16
CLWT,$2.5,1440526577901,306,100% bearish,of 1 rating,N/A
ESSX,$0.412,1440526577923,"53,981",50% bullish,of 2 ratings,N/A
EEFT,$63.46,1440526577960,"92,107",100% bearish,of 1 rating,$67.50
EVEP,$7.125,1440526578052,"183,832",50% bullish,of 2 ratings,$15
ESEA,$5.5501,1440526578077,"1,500",100% bullish,of 1 rating,$15
EVK,NULL,1440526578150,0,75% bearish,of 4 ratings,N/A
EXA,$10.74,1440526578351,"3,900",100% bearish,of 1 rating,$13
EVOK,$3.79,1440526578377,"34,136",100% bearish,of 1 rating,$13.375
EVLV,$2.02,1440526578399,"118,812",60% bullish,of 5 ratings,$6.50
EVOL,$5.94,1440526578432,"12,837",75% bullish,of 4 ratings,$10
EXAS,$20.315,1440526578538,"589,544",78% bullish,of 9 ratings,$31
EXAC,$17.9,1440526578648,"26,004",100% bearish,of 1 rating,$22.50
EXEL,$5.285,1440526578754,"2,508,046",81% bullish,of 16 ratings,$6
EXFO,$2.56,1440526578838,"14,952",67% bearish,of 3 ratings,$3.95
EXPD,$47.77,1440526578871,"721,838",80% bullish,of 5 ratings,$51.50
EXLS,$35.27,1440526578898,"63,902",50% bullish,of 2 ratings,$41
EXPE,$111.9325,1440526578970,"519,742",64% bullish,of 11 ratings,$130
EXPO,$41.16,1440526579159,"20,555",100% bearish,of 1 rating,$45.50
ESRX,$82.89,1440526579185,"1,861,257",67% bearish,of 6 ratings,$101
EXLP,$18.33,1440526579314,"111,064",100% bearish,of 1 rating,$25
EXTR,$2.74,1440526579340,"233,713",80% bullish,of 5 ratings,$3
EYEG,$3.96,1440526579361,"21,900",Not yet rated,NULL,N/A
EZCH,$21.25,1440526579542,"30,269",75% bullish,of 8 ratings,$19.50
EZPW,$5.8476,1440526579569,"168,890",50% bullish,of 4 ratings,$7.50
FFIV,$119.995,1440526579628,"345,378",63% bullish,of 8 ratings,$132
EYEGW,NULL,1440526579702,0,Not yet rated,NULL,N/A
FB,$84.96,1440526579728,"22,239,587",73% bullish,of 1066 ratings,$111
FALC,$1.51,1440526579928,"29,979",63% bearish,of 8 ratings,N/A
FWM,$2.43,1440526579960,"206,119",100% bearish,of 2 ratings,$3.20
FRP,$15.51,1440526579985,"29,851",100% bearish,of 1 rating,$18
FCS,$12.839,1440526580011,"271,203",67% bearish,of 3 ratings,$17
DAVE,$13.98,1440526580066,"7,607",100% bearish,of 1 rating,$15.50
FARM,$21.64,1440526580300,"17,535",100% bearish,of 1 rating,$35
FFKT,$25.79,1440526580325,"5,529",Not yet rated,NULL,$29
FMNB,$8,1440526580475,"5,100",Not yet rated,NULL,N/A
FBRC,$21.53,1440526580513,"10,338",100% bearish,of 1 rating,$29
FATE,$6.1562,1440526580548,"21,797",50% bullish,of 2 ratings,$11
FARO,$37.5,1440526580575,"52,754",50% bullish,of 2 ratings,$48
FAST,$37.43,1440526580646,"1,985,102",80% bullish,of 5 ratings,$45.50
FBSS,$15.92,1440526580674,"1,615",Not yet rated,NULL,N/A
FDML,$8.59,1440526580829,"113,986",50% bullish,of 4 ratings,$14
FEIC,$73.64,1440526580856,"116,682",50% bullish,of 2 ratings,$95.50
FNHC,$21.62,1440526580988,"27,336",100% bearish,of 1 rating,$35
FENX,$9.5,1440526581049,"43,567",100% bullish,of 1 rating,$14.25
FHCO,$1.3502,1440526581093,"37,493",50% bullish,of 4 ratings,N/A
FCSC,$5.52,1440526581185,"129,743",100% bearish,of 1 rating,$8.125
FGEN,$22.87,1440526581238,"136,973",100% bearish,of 1 rating,$39
ONEQ,$181.28,1440526581315,"37,763",100% bullish,of 1 rating,N/A
LION,$18.25,1440526581501,"53,099",100% bullish,of 1 rating,$20
FDUS,$13.5899,1440526581534,"28,409",50% bullish,of 2 ratings,$18
FRGI,$51.3,1440526581566,"66,228",50% bullish,of 2 ratings,$70
FSC,$6.2199,1440526581587,"624,292",75% bullish,of 4 ratings,$8
FSAM,$8.56,1440526581631,"4,716",100% bearish,of 1 rating,$11
FSFR,$8.8901,1440526581660,"112,967",100% bearish,of 1 rating,$11.50
FITB,$18.72,1440526581793,"3,208,267",54% bullish,of 13 ratings,$22
FSCFL,$24.7999,1440526581821,"2,821",Not yet rated,NULL,N/A
FITBI,$27.45,1440526582072,"17,770",Not yet rated,NULL,N/A
FNGN,$31.88,1440526582114,"131,168",67% bullish,of 3 ratings,$47
FNJN,$1.6018,1440526582252,"24,133",100% bearish,of 1 rating,$5
FNTC,NULL,1440526582302,0,Not yet rated,NULL,N/A
FISI,$24.4,1440526582333,"27,785",100% bullish,of 2 ratings,$24.50
FNSR,$14.97,1440526582358,"338,121",71% bullish,of 7 ratings,$24.50
FNTCU,$10.42,1440526582436,186,Not yet rated,NULL,N/A
FNTCW,$0.3111,1440526582494,514,Not yet rated,NULL,N/A
FBNC,$16.54,1440526582567,"13,787",100% bullish,of 1 rating,$20
FEYE,$37.3899,1440526582595,"2,430,902",87% bullish,of 15 ratings,$55.50
FNLC,$18,1440526582756,"6,738",100% bullish,of 1 rating,N/A
FRBA,$6.016,1440526582781,"1,102",Not yet rated,NULL,$8
BUSE,$6.29,1440526582814,"257,289",Not yet rated,NULL,$6.875
FBIZ,$43.5,1440526582952,"2,695",100% bearish,of 2 ratings,$52
FCVA,NULL,1440526583003,0,Not yet rated,NULL,N/A
FCAP,$26.5,1440526583111,937,Not yet rated,NULL,N/A
FCNCA,$229.98,1440526583167,"2,444",Not yet rated,NULL,N/A
FCFS,$38.175,1440526583298,"80,143",100% bearish,of 3 ratings,$48
FCBC,$17.18,1440526583382,"4,655",Not yet rated,NULL,$18
FCCO,$11.73,1440526583409,100,Not yet rated,NULL,$13.25
FCFP,$6.82,1440526583430,"2,300",Not yet rated,NULL,N/A
FCLF,$9.08,1440526583464,100,Not yet rated,NULL,N/A
FBNK,$16.61,1440526583590,"5,701",100% bearish,of 1 rating,$17.50
FDEF,$36.83,1440526583617,"16,084",Not yet rated,NULL,$38
FFNM,$6.3699,1440526583749,500,Not yet rated,NULL,N/A
FFBC,$17.985,1440526583775,"59,881",67% bearish,of 3 ratings,$20.25
FFBCW,$6.3,1440526583902,100,100% bearish,of 1 rating,N/A
FFIN,$29.8,1440526584008,"124,199",50% bullish,of 2 ratings,$31.75
FFNW,$11.91,1440526584109,"23,199",Not yet rated,NULL,$14
THFF,$33.03,1440526584165,"5,011",Not yet rated,NULL,$35
FIBK,$26.04,1440526584193,"53,249",Not yet rated,NULL,$32
INBK,$29.99,1440526584222,"9,960",50% bullish,of 2 ratings,$37
FFWM,$20.9,1440526584243,"1,000",Not yet rated,NULL,$24
FMBH,NULL,1440526584378,0,Not yet rated,NULL,N/A
FRME,$25.11,1440526584405,"36,432",Not yet rated,NULL,$26.50
FMBI,$17.08,1440526584552,"158,082",Not yet rated,NULL,$20
FNBC,$33.3,1440526584622,"27,457",Not yet rated,NULL,$41.50
FNWB,$11.8599,1440526584651,"5,196",Not yet rated,NULL,N/A
FNFG,$8.765,1440526584679,"1,229,318",80% bullish,of 5 ratings,$9
FSFG,$30.41,1440526584727,"1,800",Not yet rated,NULL,N/A
FSLR,$45.72,1440526585002,"1,172,019",74% bullish,of 39 ratings,$65
FSGI,$2.46,1440526585074,"2,686",Not yet rated,NULL,N/A
BICK,$18.9801,1440526585139,520,100% bullish,of 1 rating,N/A
FBZ,$10.06,1440526585175,240,Not yet rated,NULL,N/A
FTCS,$35.67,1440526585241,"31,814",100% bearish,of 1 rating,N/A
FCA,$19.35,1440526585347,"1,525",Not yet rated,NULL,N/A
FCAN,$23.54,1440526585402,"21,111",Not yet rated,NULL,N/A
FSBK,$7.45,1440526585457,"3,444",100% bullish,of 1 rating,N/A
FV,$22.6699,1440526585565,"1,817,859",100% bearish,of 1 rating,N/A
IFV,$17.53,1440526585708,"684,933",100% bearish,of 1 rating,N/A
FEMB,NULL,1440526585742,0,Not yet rated,NULL,N/A
FEUZ,$30.92,1440526585771,208,Not yet rated,NULL,N/A
FTSM,$59.9,1440526585792,"10,554",100% bearish,of 1 rating,N/A
MDIV,$18.877,1440526585926,"127,507",Not yet rated,NULL,N/A
TDIV,$23.755,1440526585974,"170,323",100% bearish,of 1 rating,N/A
FGM,$35.36,1440526586113,"15,824",Not yet rated,NULL,N/A
FTGC,$21.7502,1440526586138,"178,814",Not yet rated,NULL,N/A
HYLS,$48.9576,1440526586167,"18,318",100% bearish,of 1 rating,N/A
FHK,$32.42,1440526586214,"43,158",Not yet rated,NULL,N/A
FTHI,$19.1644,1440526586270,"2,698",Not yet rated,NULL,N/A
SKYY,$27.9799,1440526586538,"69,771",100% bullish,of 1 rating,N/A
CU,$12.5299,1440526586570,"9,050",100% bearish,of 1 rating,N/A
YDIV,$16.46,1440526586596,"6,193",Not yet rated,NULL,N/A
FPXI,$26.89,1440526586617,"1,000",Not yet rated,NULL,N/A
PLTM,$6.3399,1440526586672,"4,324",100% bearish,of 1 rating,N/A
FJP,$45.08,1440526586753,"8,860",Not yet rated,NULL,N/A
FTLB,$19.05,1440526586805,300,100% bearish,of 1 rating,N/A
FMB,$51.25,1440526586830,"4,349",Not yet rated,NULL,N/A
QABA,$36.4116,1440526587008,"18,823",100% bearish,of 1 rating,N/A
LMBS,$50.07,1440526587066,"3,018",Not yet rated,NULL,N/A
CIBR,$17.7381,1440526587095,"74,365",Not yet rated,NULL,N/A
QCLN,$14.34,1440526587136,"20,413",Not yet rated,NULL,N/A
FONE,$34.2499,1440526587263,150,Not yet rated,NULL,N/A
CARZ,$33.5701,1440526587298,"35,612",100% bearish,of 1 rating,N/A
GRID,NULL,1440526587327,0,100% bearish,of 1 rating,N/A
RDVY,$20.5401,1440526587428,"5,957",Not yet rated,NULL,N/A
QQEW,$40.323,1440526587608,"249,707",Not yet rated,NULL,N/A
QQXT,$39.17,1440526587699,"29,404",Not yet rated,NULL,N/A
QTEC,$38.361,1440526587765,"30,912",Not yet rated,NULL,N/A
AIRR,$15.72,1440526587791,"5,063",100% bearish,of 1 rating,N/A
QINC,$19.96,1440526587833,904,Not yet rated,NULL,N/A
FKO,$22,1440526587966,"1,130",Not yet rated,NULL,N/A
FTSL,$48.712,1440526587996,"85,193",100% bearish,of 1 rating,N/A
FDIV,$47.25,1440526588039,"3,060",100% bearish,of 1 rating,N/A
FSZ,$38.94,1440526588219,"40,952",Not yet rated,NULL,N/A
FTW,$29.95,1440526588250,"1,800",Not yet rated,NULL,N/A
TUSA,NULL,1440526588275,0,Not yet rated,NULL,N/A
FKU,$41.34,1440526588301,"21,306",Not yet rated,NULL,N/A
SVVC,$9.41,1440526588460,"11,555",50% bullish,of 2 ratings,$26
FUNC,$8.1999,1440526588600,"1,100",Not yet rated,NULL,N/A
FMER,$17.325,1440526588650,"865,807",50% bullish,of 2 ratings,$20
FISV,$82.14,1440526588734,"547,299",100% bearish,of 3 ratings,$90
FSV,$31.42,1440526588794,"9,356",Not yet rated,NULL,$33.60
FIVN,$4.15,1440526588875,"60,983",100% bullish,of 1 rating,$8.50
FPRX,$18.96,1440526588923,"149,290",50% bullish,of 2 ratings,$35
FIVE,$35.98,1440526588974,"279,417",75% bearish,of 4 ratings,$44
FLML,$21.725,1440526589000,"78,994",50% bullish,of 2 ratings,$30
FLXN,$23.34,1440526589164,"29,161",100% bearish,of 1 rating,$40
FLKS,$12.815,1440526589192,"24,151",50% bullish,of 2 ratings,$27
SKOR,NULL,1440526589213,0,Not yet rated,NULL,N/A
MBSD,$24.96,1440526589243,800,Not yet rated,NULL,N/A
FLEX,$10.155,1440526589453,"1,520,720",63% bullish,of 8 ratings,$12
FLXS,$31.39,1440526589517,"14,398",100% bearish,of 2 ratings,N/A
FLIR,$27.7,1440526589543,"432,987",100% bearish,of 1 rating,$38.50
FLDM,$11.95,1440526589620,"154,800",67% bearish,of 3 ratings,$21.50
FFIC,$19.6,1440526589707,"35,098",Not yet rated,NULL,$21
FOMX,$9.58,1440526589736,"62,306",50% bullish,of 2 ratings,$23.50
FOGO,$17.92,1440526589757,"99,148",50% bullish,of 2 ratings,$25.50
FONR,$9.1,1440526589933,"10,666",100% bullish,of 1 rating,N/A
FORM,$6.04,1440526590076,"130,017",67% bullish,of 3 ratings,$10.50
FORR,$31.89,1440526590109,"10,573",Not yet rated,NULL,N/A
FES,$0.92,1440526590131,"9,979",50% bullish,of 2 ratings,$1
FORTY,$31.46,1440526590162,150,100% bearish,of 1 rating,N/A
FBIO,$2.59,1440526590196,"130,758",83% bullish,of 6 ratings,N/A
FTNT,$41.56,1440526590223,"700,061",80% bullish,of 10 ratings,$52
FWRD,$45.06,1440526590320,"96,863",100% bearish,of 1 rating,$50
FORD,$1.7701,1440526590380,"5,223,747",50% bullish,of 2 ratings,N/A
FOSL,$58.56,1440526590547,"532,468",50% bullish,of 4 ratings,$80
FWP,$25.83,1440526590572,"33,934",100% bearish,of 1 rating,$45
FMI,$20.62,1440526590599,"94,397",100% bearish,of 2 ratings,$27.50
FRAN,$10.41,1440526590769,"199,599",50% bullish,of 4 ratings,$15
FELE,$28.19,1440526590796,"57,684",50% bullish,of 4 ratings,$33
FXCB,$17.08,1440526590826,"6,177",Not yet rated,NULL,$19
FOXF,$15.32,1440526590852,"46,825",100% bearish,of 1 rating,$19
FREE,$0.3617,1440526590927,"368,668",92% bullish,of 12 ratings,N/A
FRED,$13.01,1440526591016,"50,667",50% bullish,of 2 ratings,$16.50
RAIL,$19.11,1440526591061,"62,697",100% bearish,of 1 rating,$24.50
FEIM,$10.81,1440526591190,"1,007",100% bearish,of 1 rating,N/A
FTR,$4.96,1440526591243,"7,707,458",78% bullish,of 27 ratings,$6.25
FRPT,$12.95,1440526591294,"231,753",67% bearish,of 3 ratings,$23.50
FRPH,$30.2,1440526591425,"1,535",100% bearish,of 1 rating,N/A
FTRPR,$99.55,1440526591453,"120,162",100% bearish,of 1 rating,N/A
FTD,$29.09,1440526591559,"38,203",100% bearish,of 1 rating,$40
FTEK,$2.06,1440526591664,"29,947",75% bullish,of 4 ratings,N/A
FSYS,$6.065,1440526591742,"17,218",67% bullish,of 3 ratings,$10
FSBW,$22.72,1440526591807,860,Not yet rated,NULL,N/A
FULL,$3.08,1440526591877,"30,039",67% bearish,of 3 ratings,$4.25
FCEL,$0.7402,1440526591908,"1,177,495",88% bullish,of 40 ratings,$2.65
FULLL,$25,1440526591929,"4,500",Not yet rated,NULL,N/A
FLL,$1.48,1440526591951,"2,479",75% bullish,of 4 ratings,$3.50
FULT,$11.87,1440526592095,"392,713",100% bearish,of 1 rating,$13
FFHL,NULL,1440526592224,0,50% bullish,of 4 ratings,N/A
FSNN,$2.37,1440526592258,"6,500",67% bullish,of 3 ratings,$6
FXEN,$0.7994,1440526592283,"50,959",75% bullish,of 4 ratings,$1.10
FXENP,$16.2,1440526592323,800,100% bearish,of 1 rating,N/A
GK,$67.745,1440526592430,"39,006",Not yet rated,NULL,$78
WILC,NULL,1440526592587,0,100% bullish,of 2 ratings,N/A
GLPG,$64.015,1440526592717,"13,987",100% bullish,of 1 rating,$75
GAIA,$5.95,1440526592746,"12,284",50% bullish,of 2 ratings,$8.50
GALE,$1.613,1440526592782,"1,072,546",89% bullish,of 47 ratings,$4
GALTU,NULL,1440526592810,0,100% bearish,of 1 rating,N/A
GALT,$1.865,1440526592839,"54,264",80% bullish,of 5 ratings,N/A
GLMD,$7.98,1440526592876,"12,240",67% bullish,of 3 ratings,$20.50
GALTW,NULL,1440526592901,0,100% bullish,of 1 rating,N/A
GLPI,$31.34,1440526593230,"215,666",100% bearish,of 1 rating,$37.50
GPIC,$9.81,1440526593255,"1,700",100% bearish,of 1 rating,N/A
GRMN,$37.6,1440526593285,"594,579",50% bullish,of 6 ratings,$48
GGAC,$9.82,1440526593390,"2,200",100% bearish,of 1 rating,N/A
GARS,$14.16,1440526593516,"22,213",Not yet rated,NULL,$16
GGACR,NULL,1440526593544,0,100% bullish,of 1 rating,N/A
GGACU,NULL,1440526593616,0,Not yet rated,NULL,N/A
GGACW,$0.1068,1440526593645,"2,100",Not yet rated,NULL,N/A
GENC,$9.3189,1440526593715,"1,700",100% bearish,of 1 rating,N/A
GNCMA,$16.27,1440526593745,"74,163",100% bearish,of 1 rating,$12
GFNSL,$26.1899,1440526593845,"2,350",Not yet rated,NULL,N/A
GFN,$3.5808,1440526593907,"51,825",100% bearish,of 2 ratings,$8
GENE,$2.12,1440526593983,"65,742",100% bullish,of 12 ratings,N/A
GFNCP,$89.01,1440526594147,204,Not yet rated,NULL,N/A
GNCA,$12.375,1440526594175,"62,145",100% bearish,of 1 rating,$20
GNMK,$9.245,1440526594196,"91,736",67% bullish,of 6 ratings,$14
GNTX,$15.055,1440526594330,"973,415",Not yet rated,NULL,$20
THRM,$43.1,1440526594532,"90,157",75% bearish,of 4 ratings,$55.50
GHDX,$24.8,1440526594601,"57,684",50% bullish,of 2 ratings,$30
GABC,$29.1,1440526594629,"11,073",Not yet rated,NULL,$31.50
GNVC,$2.27,1440526594661,"34,479",90% bullish,of 10 ratings,$8.50
GEOS,$14.42,1440526594695,"74,901",100% bearish,of 3 ratings,$21
GERN,$3.085,1440526594724,"846,909",88% bullish,of 16 ratings,$5.25
GEVO,$2.4,1440526594755,"711,330",75% bullish,of 12 ratings,$5
GTWN,$18.51,1440526594789,"1,635",Not yet rated,NULL,N/A
GIGA,$1.5211,1440526595121,"206,274",100% bearish,of 1 rating,N/A
GIGM,$0.571,1440526595150,"63,201",100% bullish,of 2 ratings,N/A
GIII,$64.607,1440526595177,"93,434",67% bullish,of 3 ratings,$75
ROCK,$16.4,1440526595252,"49,717",80% bullish,of 5 ratings,$24
GBCI,$24.78,1440526595310,"127,076",50% bullish,of 2 ratings,$31
GILD,$105.77,1440526595335,"6,690,553",91% bullish,of 87 ratings,$129
GILT,$4.2701,1440526595394,"14,613",50% bullish,of 2 ratings,N/A
GLAD,$8.079,1440526595600,"73,871",50% bullish,of 2 ratings,$8.75
GOOD,$14.3201,1440526595686,"85,093",Not yet rated,NULL,$19
GLADO,$25.35,1440526595719,"1,551",Not yet rated,NULL,N/A
GOODN,$25.3001,1440526595757,900,Not yet rated,NULL,N/A
GOODO,$25.2601,1440526595778,500,Not yet rated,NULL,N/A
GAIN,$7.37,1440526595817,"145,825",100% bullish,of 2 ratings,$8.25
GOODP,$25.1161,1440526595847,200,Not yet rated,NULL,N/A
GAINN,$25.2601,1440526595872,"68,497",Not yet rated,NULL,N/A
GDEF,NULL,1440526596336,0,Not yet rated,NULL,N/A
GBT,$44.28,1440526596364,"59,974",100% bearish,of 1 rating,N/A
GAINP,$26.1099,1440526596385,"3,164",Not yet rated,NULL,N/A
ENT,$10.97,1440526596418,"188,883",100% bearish,of 1 rating,$18
GAINO,$25.22,1440526596448,"2,103",Not yet rated,NULL,N/A
GLBZ,NULL,1440526596521,0,Not yet rated,NULL,N/A
LAND,$9.2833,1440526596547,"18,890",50% bullish,of 2 ratings,$13.75
GBLI,$26.47,1440526596628,"7,220",Not yet rated,NULL,N/A
GPACU,NULL,1440526596828,0,Not yet rated,NULL,N/A
GSOL,$8.22,1440526596905,"21,549",100% bearish,of 1 rating,N/A
QQQC,$18.71,1440526596936,"4,325",100% bearish,of 1 rating,N/A
ACTX,$12.75,1440526596957,2,100% bullish,of 1 rating,N/A
SOCL,$16.8301,1440526597038,"57,356",100% bullish,of 2 ratings,N/A
SRET,$13.2399,1440526597099,"1,783",Not yet rated,NULL,N/A
ALTY,NULL,1440526597170,0,Not yet rated,NULL,N/A
YLCO,$11.4316,1440526597314,510,Not yet rated,NULL,N/A
GAI,$5.81,1440526597397,"3,445",50% bullish,of 2 ratings,N/A
GBIM,$2.1301,1440526597485,"4,484",50% bullish,of 2 ratings,N/A
GSM,$12.34,1440526597546,"109,198",50% bullish,of 2 ratings,$23
GLRI,$1.05,1440526597614,"6,334",100% bearish,of 1 rating,$4.25
GLBS,$1.08,1440526597643,54,67% bullish,of 3 ratings,N/A
GLYC,$7,1440526597697,"15,769",50% bullish,of 2 ratings,$14
GOGO,$15.011,1440526597802,"724,979",80% bullish,of 5 ratings,$25
GLUU,$4.25,1440526597828,"817,093",92% bullish,of 26 ratings,$9
GLNG,$34.13,1440526597860,"334,655",83% bullish,of 6 ratings,$58
GMLP,$17.82,1440526597963,"179,989",50% bullish,of 4 ratings,$32.50
GDEN,$8.95,1440526598108,"4,118",50% bullish,of 2 ratings,N/A
GLDC,$4.0999,1440526598134,"1,000",50% bullish,of 2 ratings,N/A
GOGL,$2.64,1440526598170,"167,937",75% bullish,of 4 ratings,$5
GTIM,$6.66,1440526598325,"43,245",Not yet rated,NULL,$11.50
GBDC,$16.54,1440526598355,"101,416",Not yet rated,NULL,$17.75
GOOG,$604.32,1440526598455,"1,032,811",89% bullish,of 70 ratings,$825
GOOGL,$634.585,1440526598502,"987,813",88% bullish,of 1080 ratings,$749
GPRO,$48.4121,1440526598529,"4,181,152",78% bullish,of 58 ratings,$72
GMAN,$4.32,1440526598694,"26,662",60% bullish,of 5 ratings,$8.50
GPIA,NULL,1440526598719,0,Not yet rated,NULL,N/A
GPIAU,$9.94,1440526598750,"1,400",Not yet rated,NULL,N/A
GPIAW,NULL,1440526598774,0,Not yet rated,NULL,N/A
GBSN,$0.6307,1440526598927,"2,971,653",100% bearish,of 1 rating,$8.25
LOPE,$36.1,1440526598961,"80,086",100% bearish,of 2 ratings,$50
GRVY,$3.2899,1440526599056,"1,100",50% bullish,of 2 ratings,N/A
GBSNU,NULL,1440526599078,0,NULL,NULL,NULL
GLDD,$5.155,1440526599331,"109,500",100% bearish,of 4 ratings,$7.75
GSBC,$38.85,1440526599361,"18,594",100% bullish,of 1 rating,$44
GNBC,$11.215,1440526599396,"31,141",100% bearish,of 1 rating,$17
GPRE,$18.18,1440526599466,"290,116",67% bullish,of 6 ratings,$28.50
GCBC,NULL,1440526599492,0,100% bullish,of 1 rating,N/A
GRBK,$12.2,1440526599523,"109,256",77% bullish,of 13 ratings,N/A
GLRE,$24.21,1440526599549,"68,175",50% bullish,of 2 ratings,$41
GPP,$13.48,1440526599574,"35,375",Not yet rated,NULL,$20.50
GRPN,$4.1,1440526599872,"2,570,448",61% bullish,of 71 ratings,$6.75
GRFS,$30.76,1440526599898,"94,478",50% bullish,of 2 ratings,$35
OMAB,$39.22,1440526599919,"16,818",100% bullish,of 1 rating,$44
GGAL,$18.21,1440526600062,"125,734",80% bullish,of 5 ratings,$40
GSIG,$12.535,1440526600109,"24,505",100% bearish,of 2 ratings,N/A
GRIF,NULL,1440526600235,0,100% bearish,of 1 rating,N/A
GSIT,$4.76,1440526600269,"46,667",100% bearish,of 1 rating,N/A
GBNK,$15.245,1440526600344,"15,426",100% bearish,of 1 rating,$18
GTXI,$0.84,1440526600373,"52,419",100% bullish,of 5 ratings,$.75
GUID,$6.9,1440526600395,"48,403",100% bearish,of 3 ratings,$10
GSVC,$8.68,1440526600450,"27,270",50% bullish,of 2 ratings,$14.50
GFED,$14.61,1440526600592,700,Not yet rated,NULL,$17
GIFI,$11.325,1440526600673,"25,860",100% bearish,of 1 rating,$16
GULTU,$0.2801,1440526600846,"31,420",100% bearish,of 1 rating,N/A
GPOR,$33.28,1440526600898,"597,540",75% bullish,of 4 ratings,$55
GURE,$1.63,1440526600988,"63,666",88% bullish,of 8 ratings,N/A
GWGH,$7.28,1440526601121,100,100% bearish,of 1 rating,$15.05
HLG,$7.34,1440526601153,"1,700",100% bearish,of 1 rating,N/A
HEES,$16.427,1440526601182,"131,161",67% bearish,of 3 ratings,$31
GWPH,$102.0418,1440526601254,"71,250",78% bullish,of 9 ratings,$148.50
GYRO,$2.82,1440526601280,"18,550",100% bearish,of 1 rating,N/A
HNRG,$7.38,1440526601360,"47,155",100% bearish,of 1 rating,$10
HBK,$13.51,1440526601466,300,50% bullish,of 2 ratings,N/A
HALL,$11.27,1440526601512,"13,265",Not yet rated,NULL,N/A
HMPR,$1.8459,1440526601641,"12,906",100% bullish,of 1 rating,N/A
HALO,$17.34,1440526601670,"630,254",67% bullish,of 3 ratings,$22.50
HBHC,$25.82,1440526601697,"331,185",50% bullish,of 2 ratings,$30
HBHCL,$24.27,1440526601768,"15,908",Not yet rated,NULL,N/A
HNH,$25.875,1440526601946,"4,535",100% bullish,of 1 rating,N/A
HAFC,$23.68,1440526602127,"79,030",100% bullish,of 2 ratings,$28.50
HLIT,$5.57,1440526602160,"264,269",100% bearish,of 1 rating,$6.50
HDNG,$9.61,1440526602192,"4,649",50% bullish,of 4 ratings,N/A
HNSN,$0.5021,1440526602219,"31,563",88% bullish,of 8 ratings,$.40
HRMN,NULL,1440526602255,0,Not yet rated,NULL,N/A
HQCL,$12.31,1440526602285,"90,137",67% bullish,of 3 ratings,$14
HRMNW,NULL,1440526602312,0,Not yet rated,NULL,N/A
HRMNU,NULL,1440526602389,0,Not yet rated,NULL,N/A
TINY,$2.48,1440526602545,"43,141",50% bullish,of 2 ratings,$5.26
HART,$0.8694,1440526602605,"79,573",100% bearish,of 1 rating,N/A
HBIO,$4.37,1440526602649,"25,486",Not yet rated,NULL,$10
HCAP,$12.272,1440526602704,"1,653",50% bullish,of 2 ratings,$15
HCAPL,$25.4456,1440526602857,"1,600",Not yet rated,NULL,N/A
HAS,$72.7207,1440526602942,"1,126,692",63% bullish,of 8 ratings,$84.50
HA,$22.37,1440526602992,"316,276",67% bullish,of 9 ratings,$27
HWKN,$36.07,1440526603087,"5,204",Not yet rated,NULL,N/A
HWBK,$13.14,1440526603156,500,100% bearish,of 1 rating,N/A
HAYN,$35.7,1440526603231,"15,134",100% bearish,of 1 rating,$59
HCOM,$22.1,1440526603256,"5,848",100% bearish,of 1 rating,$28
HDS,$31.58,1440526603298,"1,079,553",100% bearish,of 2 ratings,$39.50
HCSG,$33.03,1440526603441,"89,580",50% bullish,of 4 ratings,$35
HIIQ,$4.335,1440526603481,"34,336",50% bullish,of 2 ratings,$7
HSTM,$24.45,1440526603541,"37,278",50% bullish,of 2 ratings,$33.75
HQY,$28.79,1440526603700,"49,806",67% bullish,of 3 ratings,$31
HWAY,$11.86,1440526603731,"141,508",100% bearish,of 1 rating,$15
HTLD,$20.01,1440526603759,"171,649",Not yet rated,NULL,$22.50
HTLF,$35.53,1440526603889,"7,753",100% bullish,of 1 rating,$39.50
HTWR,$81.75,1440526603989,"147,224",50% bullish,of 2 ratings,$103
HTBX,$5.16,1440526604014,"7,486",50% bullish,of 2 ratings,$15.50
HMNY,$2.21,1440526604217,553,100% bearish,of 1 rating,N/A
HELE,$84.7,1440526604244,"80,044",67% bearish,of 3 ratings,$100
HMTV,$13.14,1440526604265,"27,562",100% bearish,of 1 rating,$16
HSII,$20.02,1440526604296,"59,416",100% bullish,of 3 ratings,$25
HNNA,$24.5,1440526604449,"4,966",Not yet rated,NULL,N/A
HCACU,$9.95,1440526604478,6,Not yet rated,NULL,N/A
HSIC,$135.075,1440526604499,"178,598",83% bullish,of 6 ratings,$146
HERO,NULL,1440526604705,0,NULL,NULL,NULL
HFWA,$17.29,1440526604732,"41,256",100% bullish,of 1 rating,$20
HTBK,$10.58,1440526604762,"18,112",Not yet rated,NULL,$12
HEOP,$7.52,1440526604864,"10,617",Not yet rated,NULL,$8.50
HCCI,$10.68,1440526604906,"1,982",100% bearish,of 1 rating,$16.50
MLHR,$27.04,1440526605009,"142,459",50% bullish,of 2 ratings,$33.50
HRTX,$33.66,1440526605096,"221,326",67% bullish,of 6 ratings,$41
HSKA,$32.09,1440526605175,"31,462",100% bearish,of 1 rating,$38
HFFC,$15.9001,1440526605204,"3,089",Not yet rated,NULL,N/A
HIHO,$3.82,1440526605274,"5,104",Not yet rated,NULL,N/A
HIBB,$37.6,1440526605327,"129,631",100% bearish,of 1 rating,$48.50
HPJ,$2.18,1440526605354,"16,723",75% bullish,of 4 ratings,$12.43
HIMX,$6.36,1440526605438,"461,222",86% bullish,of 21 ratings,$8.50
HIFS,$114.46,1440526605571,"1,580",Not yet rated,NULL,N/A
HMNF,$11.14,1440526605729,"12,608",Not yet rated,NULL,N/A
HOLI,$17.45,1440526605758,"218,948",50% bullish,of 4 ratings,$27
HSGX,$5.6801,1440526605790,"3,200",100% bearish,of 1 rating,$17
HMSY,$9.895,1440526605894,"1,745,964",67% bullish,of 3 ratings,$19.35
HOLX,$38.62,1440526605920,"999,996",67% bullish,of 3 ratings,$42
HOMB,$37.13,1440526606177,"59,333",Not yet rated,NULL,$41
AWAY,$27.75,1440526606217,"573,067",67% bullish,of 3 ratings,$36
HMIN,$27.14,1440526606248,"125,774",100% bearish,of 2 ratings,$35
HFBL,$22,1440526606269,400,Not yet rated,NULL,N/A
HBCP,$24.83,1440526606311,200,Not yet rated,NULL,$29
HMST,$21.49,1440526606333,"92,196",100% bullish,of 2 ratings,$27
HKTV,$4.41,1440526606402,"73,599",100% bearish,of 1 rating,N/A
HTBI,$17.8901,1440526606430,"17,437",67% bullish,of 3 ratings,$18.625
HFBC,$10.88,1440526606792,"3,913",Not yet rated,NULL,N/A
HZNP,$28.66,1440526606846,"1,307,025",85% bullish,of 20 ratings,$40
CETC,$0.69,1440526606879,"26,215",86% bullish,of 7 ratings,N/A
HRZN,$9.8601,1440526606906,"157,206",100% bearish,of 1 rating,$14.25
HOFT,$23.47,1440526606976,"46,102",100% bearish,of 1 rating,N/A
HDP,$23.4,1440526607002,"154,767",67% bearish,of 3 ratings,$30.50
ZINC,$6.85,1440526607033,"287,788",100% bearish,of 1 rating,$17
HBNC,$23.11,1440526607275,"7,373",100% bullish,of 1 rating,$27
HBMD,$14.5,1440526607304,200,100% bearish,of 1 rating,N/A
HMHC,$22.66,1440526607326,"332,475",Not yet rated,NULL,$27
HOVNP,NULL,1440526607458,0,100% bearish,of 1 rating,N/A
HWCC,$7.3,1440526607486,"32,328",100% bearish,of 1 rating,$9
HSNI,$60.29,1440526607508,"182,769",Not yet rated,NULL,$80
HTGM,$5.8,1440526607536,"5,700",100% bearish,of 1 rating,$19.50
HCBK,$9.151,1440526607742,"1,215,864",83% bullish,of 6 ratings,$8.61
HUBG,$37.3,1440526607770,"42,153",100% bearish,of 1 rating,$43
HSON,$2.6,1440526607922,"19,280",100% bearish,of 1 rating,$5
HBAN,$10.49,1440526607954,"3,949,252",76% bullish,of 17 ratings,$12.29
HURC,$28.6,1440526607980,"9,123",100% bearish,of 1 rating,N/A
HDSN,$3.005,1440526608008,"13,928",100% bullish,of 1 rating,$6.25
HBANP,$1358,1440526608058,86,100% bearish,of 1 rating,N/A
HURN,$72.78,1440526608248,"97,763",50% bullish,of 2 ratings,$80
HDRA,$9.65,1440526608320,"3,600",Not yet rated,NULL,N/A
HDRAR,NULL,1440526608403,0,Not yet rated,NULL,N/A
HDRAU,NULL,1440526608452,0,Not yet rated,NULL,N/A
HBP,$3.12,1440526608479,"14,862",100% bullish,of 1 rating,N/A
HTCH,$1.41,1440526608500,"94,811",100% bearish,of 1 rating,$3.50
HYGS,$7.5599,1440526608537,"17,796",50% bullish,of 2 ratings,$13
HDRAW,NULL,1440526608629,0,Not yet rated,NULL,N/A
IDSY,$3.8499,1440526608810,"5,246",100% bearish,of 1 rating,$7
IBKC,$58.08,1440526608946,"82,641",100% bullish,of 1 rating,$70
IACI,$69.05,1440526608973,"427,759",75% bullish,of 4 ratings,$90
ICAD,$3.41,1440526609000,"48,062",50% bullish,of 2 ratings,$7.25
IKGH,$1.59,1440526609033,"26,136",75% bullish,of 4 ratings,N/A
IEP,$69.771,1440526609138,"107,170",75% bullish,of 4 ratings,$99
ICLR,$77.28,1440526609167,"236,945",100% bearish,of 3 ratings,$85
ICFI,$34.01,1440526609225,"19,469",50% bullish,of 2 ratings,$48.50
ICON,$12.525,1440526609270,"406,354",50% bullish,of 2 ratings,$18.50
ICUI,$111.41,1440526609460,"46,256",Not yet rated,NULL,$122
IPWR,$7.06,1440526609495,"12,043",100% bullish,of 1 rating,$15
INVE,$4.373,1440526609542,"37,527",75% bullish,of 4 ratings,$4
IDXX,$70.71,1440526609592,"286,004",100% bearish,of 1 rating,$77
IDRA,$2.7,1440526609617,"614,311",89% bullish,of 9 ratings,$6.50
DSKY,$10.88,1440526609783,"356,605",67% bullish,of 6 ratings,$11.50
IROQ,$16.72,1440526609920,"2,370",100% bullish,of 1 rating,N/A
IRG,$4.54,1440526609945,"5,904",100% bearish,of 1 rating,$4.50
KANG,$14.61,1440526610082,"436,812",50% bullish,of 2 ratings,$22.55
IIVI,$16.955,1440526610108,"43,384",100% bearish,of 1 rating,$22
RXDX,$12.62,1440526610129,"88,581",100% bullish,of 1 rating,$20
IKAN,$2.7201,1440526610275,"114,414",83% bullish,of 6 ratings,$5
ILMN,$194.485,1440526610305,"445,082",80% bullish,of 5 ratings,$240
ISNS,$3.96,1440526610458,"28,545",50% bullish,of 2 ratings,N/A
IMMR,$11.45,1440526610488,"83,153",80% bullish,of 5 ratings,$15.50
ICCC,$7.67,1440526610513,"3,870",100% bullish,of 1 rating,N/A
IKNX,$12.0352,1440526610538,250,100% bearish,of 1 rating,N/A
IMDZ,$14.23,1440526610563,"29,115",100% bearish,of 1 rating,$33
IMNP,$1.23,1440526610851,"90,262",50% bullish,of 2 ratings,$6
IMMU,$1.895,1440526610926,"325,157",86% bullish,of 7 ratings,$2
IMGN,$13.42,1440526610964,"466,815",75% bullish,of 4 ratings,$17.50
INCY,$103.05,1440526611032,"429,238",50% bullish,of 6 ratings,$125.50
SAAS,$7.04,1440526611064,"251,507",50% bullish,of 2 ratings,$15
INCR,$41.98,1440526611090,"347,345",50% bullish,of 2 ratings,$53
IPXL,$41.81,1440526611116,"245,490",67% bullish,of 3 ratings,$46.50
IMMY,$7.4,1440526611137,"2,718",100% bearish,of 1 rating,$11
IBCP,$13.92,1440526611442,"37,947",100% bullish,of 1 rating,$14.50
IBTX,$39.29,1440526611572,"55,768",100% bullish,of 2 ratings,$47.25
INFI,$8.77,1440526611602,"200,326",50% bullish,of 4 ratings,$18
INDB,$43.92,1440526611665,"48,035",Not yet rated,NULL,$44
IPCC,$78.63,1440526611690,"9,177",Not yet rated,NULL,$77.50
INFN,$20.75,1440526611718,"850,130",71% bullish,of 7 ratings,$28
IDSA,$3.45,1440526611744,"1,700",Not yet rated,NULL,N/A
III,$4.04,1440526611897,"60,068",57% bullish,of 7 ratings,$6
IFON,$1.24,1440526611946,"40,529",75% bullish,of 4 ratings,N/A
IMKTA,$50.09,1440526611999,"51,033",100% bearish,of 1 rating,N/A
INWK,$6.9,1440526612051,"46,749",50% bullish,of 2 ratings,$10
INOD,$2.34,1440526612131,"13,089",100% bearish,of 1 rating,N/A
INNL,$13.3101,1440526612184,"2,300",100% bearish,of 1 rating,$16.50
IPHS,$45.97,1440526612255,"48,062",100% bearish,of 1 rating,$60
ISSC,$2.71,1440526612281,"3,400",67% bearish,of 3 ratings,N/A
IOSP,$46.93,1440526612325,"96,357",100% bearish,of 1 rating,N/A
INGN,$46.4801,1440526612532,"90,405",100% bearish,of 1 rating,$50.50
ITEK,$12.27,1440526612697,"391,090",100% bearish,of 3 ratings,$20
INO,$6.74,1440526612783,"641,468",89% bullish,of 18 ratings,$20
NSIT,$24.925,1440526612818,"46,962",50% bullish,of 2 ratings,N/A
INSM,$23.61,1440526612840,"241,234",71% bullish,of 7 ratings,$31.50
INOV,$21,1440526612873,"280,258",100% bearish,of 1 rating,$33
ISIG,$2.59,1440526612894,"2,152",100% bearish,of 1 rating,N/A
PODD,$28.4,1440526612926,"228,164",67% bearish,of 3 ratings,$35
IIIN,$16.8699,1440526613059,"12,779",100% bearish,of 2 ratings,N/A
IART,$59.78,1440526613217,"95,401",100% bearish,of 1 rating,$71.50
NTEC,$5.89,1440526613261,"2,303",100% bearish,of 1 rating,N/A
INSY,$32.98,1440526613403,"476,319",75% bullish,of 4 ratings,$48
IDTI,$17.18,1440526613428,"759,859",60% bullish,of 5 ratings,$25
IESC,$7.39,1440526613502,"1,900",100% bearish,of 1 rating,N/A
INTC,$26.36,1440526613676,"16,525,663",82% bullish,of 238 ratings,$36
IPCI,$2.12,1440526613701,"41,461",67% bullish,of 6 ratings,$8
IQNT,$17.99,1440526613728,"109,187",86% bullish,of 7 ratings,$20
ISSI,$22.12,1440526613752,"47,588",67% bullish,of 3 ratings,$19.75
IPAR,$25.455,1440526613886,"35,832",67% bullish,of 3 ratings,$38
ININ,$35.625,1440526613916,"26,486",67% bearish,of 3 ratings,$57
ICLD,$1.765,1440526614047,"84,756",75% bullish,of 4 ratings,N/A
ICPT,$181.28,1440526614072,"135,256",70% bullish,of 10 ratings,$359.50
IBKR,$37.545,1440526614115,"467,686",100% bullish,of 1 rating,N/A
ICLDW,NULL,1440526614209,0,100% bearish,of 1 rating,N/A
ISCA,$30.97,1440526614538,"43,534",100% bearish,of 1 rating,N/A
IMI,$2.01,1440526614564,"12,088",67% bullish,of 3 ratings,$2.22
TILE,$23.795,1440526614598,"295,066",67% bearish,of 3 ratings,$27
IGLD,$6.5611,1440526614620,"7,515",50% bullish,of 2 ratings,N/A
IDCC,$48.05,1440526614651,"224,694",80% bullish,of 5 ratings,$63
INAP,$7.775,1440526614708,"101,821",75% bullish,of 4 ratings,$11
IBOC,$24.69,1440526614783,"76,352",100% bearish,of 1 rating,N/A
PTNT,NULL,1440526614811,0,Not yet rated,NULL,N/A
IIJI,$8.82,1440526614956,"1,300",50% bullish,of 2 ratings,$11.50
INPH,$0.3,1440526614982,"8,357",50% bullish,of 2 ratings,N/A
XENT,$26.1,1440526615123,"176,091",50% bullish,of 2 ratings,$36.50
ISIL,$9.995,1440526615267,"241,227",50% bullish,of 6 ratings,$15
INTU,$82.86,1440526615413,"1,133,040",86% bullish,of 7 ratings,$107.50
INTX,$2.16,1440526615442,"4,537",67% bullish,of 3 ratings,N/A
INTL,$25.91,1440526615470,"68,936",67% bearish,of 3 ratings,N/A
IIN,$6.06,1440526615492,624,100% bearish,of 1 rating,$12
ITCI,$25.9175,1440526615544,"353,645",75% bearish,of 4 ratings,$40
IVAC,$4.69,1440526615675,"11,600",100% bearish,of 1 rating,$6.625
INTLL,$25.5101,1440526615706,"2,400",Not yet rated,NULL,N/A
IILG,$19.425,1440526615734,"39,393",100% bearish,of 1 rating,$29
INVT,$0.2736,1440526615866,"21,995",67% bullish,of 3 ratings,N/A
ISTR,$15.814,1440526615963,"1,312",100% bearish,of 1 rating,$18.50
ISRG,$503.07,1440526615990,"124,975",67% bullish,of 3 ratings,$600
SNAK,$8.12,1440526616016,"81,946",50% bullish,of 2 ratings,$14
ISBC,$11.5,1440526616145,"1,157,655",100% bullish,of 1 rating,$13.25
ITIC,$71.5,1440526616276,100,100% bearish,of 2 ratings,N/A
NVIV,$9.935,1440526616305,"173,776",50% bullish,of 4 ratings,$24.50
IVTY,$12.36,1440526616336,"3,129",Not yet rated,NULL,$18
DFVL,NULL,1440526616405,0,Not yet rated,NULL,N/A
IPCM,$79.175,1440526616433,"398,361",50% bullish,of 2 ratings,$80.125
DTUL,NULL,1440526616461,0,Not yet rated,NULL,N/A
IPAS,$1.04,1440526616594,"12,500",67% bullish,of 3 ratings,N/A
IRMD,$24.55,1440526616730,"14,568",67% bearish,of 3 ratings,$25
IRIX,$6.795,1440526616764,"3,500",100% bearish,of 1 rating,N/A
IPGP,$82.39,1440526616792,"127,103",100% bearish,of 2 ratings,$109.50
IRDMB,$274.21,1440526616923,"1,134",67% bearish,of 3 ratings,N/A
IRDM,$6.755,1440526616959,"341,458",60% bullish,of 5 ratings,$11.50
IRCP,$26,1440526617127,300,100% bullish,of 2 ratings,N/A
IRBT,$28.33,1440526617155,"113,614",67% bullish,of 6 ratings,$37
IRWD,$10.96,1440526617180,"634,162",100% bearish,of 1 rating,$13
IFAS,NULL,1440526617349,0,NULL,NULL,NULL
COMT,$31.5,1440526617374,"10,932",100% bearish,of 1 rating,N/A
IFNA,NULL,1440526617415,0,NULL,NULL,NULL
GNMA,$50.1985,1440526617441,"1,923",Not yet rated,NULL,N/A
IFEU,$38.01,1440526617475,"10,874",Not yet rated,NULL,N/A
IFGL,$28.27,1440526617572,"60,796",Not yet rated,NULL,N/A
FCHI,NULL,1440526617675,0,NULL,NULL,NULL
AXJS,NULL,1440526617832,0,NULL,NULL,NULL
ACWI,$54.53,1440526617895,"2,487,881",Not yet rated,NULL,N/A
ACWX,$39.9572,1440526617926,"435,791",100% bearish,of 1 rating,N/A
EMEY,NULL,1440526617969,0,NULL,NULL,NULL
EMDI,NULL,1440526617991,0,NULL,NULL,NULL
AAXJ,$51.9,1440526618021,"1,025,802",Not yet rated,NULL,N/A
EEME,NULL,1440526618123,0,NULL,NULL,NULL
AAIT,NULL,1440526618166,0,NULL,NULL,NULL
EEMA,$48.675,1440526618196,"11,287",Not yet rated,NULL,N/A
EGRW,NULL,1440526618221,0,NULL,NULL,NULL
EVAL,NULL,1440526618268,0,NULL,NULL,NULL
EEML,$26.92,1440526618471,"2,205",Not yet rated,NULL,N/A
IEUS,$45.27,1440526618517,"2,062",100% bearish,of 1 rating,N/A
EUFN,$21.71,1440526618542,"63,476",100% bearish,of 1 rating,N/A
QAT,NULL,1440526618734,0,Not yet rated,NULL,N/A
UAE,$17.3,1440526618764,"20,998",Not yet rated,NULL,N/A
SOXX,$77.59,1440526618865,"246,529",50% bullish,of 2 ratings,N/A
ICLN,$9.272,1440526618896,"18,706",50% bullish,of 2 ratings,N/A
WOOD,$47.01,1440526618937,"124,308",50% bullish,of 2 ratings,N/A
EMIF,$27.7378,1440526618999,"2,163",Not yet rated,NULL,N/A
INDY,$27.105,1440526619025,"212,746",50% bullish,of 2 ratings,N/A
IBB,$334.42,1440526619161,"906,762",63% bullish,of 8 ratings,N/A
ISHG,$80.61,1440526619190,"8,425",100% bearish,of 1 rating,N/A
ISLE,$16.5,1440526619265,"168,658",50% bullish,of 4 ratings,$16
ISIS,$46.975,1440526619329,"869,024",53% bullish,of 15 ratings,$67
ISRL,$125,1440526619430,200,100% bearish,of 1 rating,N/A
IGOV,$92.2382,1440526619478,"26,516",100% bearish,of 1 rating,N/A
ITRI,$30.36,1440526619803,"76,255",Not yet rated,NULL,$37
ITRN,$24.0735,1440526619828,"1,389",50% bullish,of 2 ratings,N/A
ITUS,$3.98,1440526619855,"2,601",Not yet rated,NULL,N/A
IXYS,$10.375,1440526619877,"74,481",50% bullish,of 4 ratings,N/A
JCOM,$66.94,1440526619913,"103,323",100% bullish,of 2 ratings,$77
XXIA,$14.895,1440526620010,"144,321",71% bullish,of 7 ratings,$14.625
JBHT,$73.81,1440526620039,"491,979",50% bullish,of 4 ratings,$89.50
JJSF,$111,1440526620068,"17,100",100% bearish,of 1 rating,N/A
JACK,$79.91,1440526620237,"229,926",83% bullish,of 6 ratings,$105
JASO,$7.3301,1440526620263,"694,947",82% bullish,of 17 ratings,$10
MAYS,NULL,1440526620330,0,Not yet rated,NULL,N/A
JKHY,$66.74,1440526620392,"128,701",50% bullish,of 2 ratings,$72
JAKK,$9.32,1440526620658,"153,388",60% bearish,of 5 ratings,$11
JRVR,$26.425,1440526620688,"19,408",Not yet rated,NULL,$32
JAXB,$13.33,1440526620788,100,100% bullish,of 1 rating,N/A
JXSB,$24.19,1440526620820,436,Not yet rated,NULL,N/A
JMBA,$13.08,1440526620917,"39,380",75% bullish,of 4 ratings,$18
ERW,NULL,1440526620965,0,Not yet rated,NULL,N/A
JAGX,$2.8601,1440526620992,"1,056",Not yet rated,NULL,N/A
JASN,$4.75,1440526621013,"11,400",50% bullish,of 2 ratings,$9.50
JAZZ,$163.09,1440526621204,"158,109",80% bullish,of 15 ratings,$206.50
JD,$25.42,1440526621277,"5,191,756",75% bullish,of 16 ratings,$36
JASNW,NULL,1440526621306,0,50% bullish,of 2 ratings,N/A
JBLU,$21.74,1440526621410,"4,074,553",94% bullish,of 18 ratings,$27
JTPY,$2.96,1440526621568,456,100% bearish,of 1 rating,N/A
JST,$3.8801,1440526621728,"11,549",75% bullish,of 4 ratings,N/A
JCTCF,NULL,1440526621755,0,100% bullish,of 1 rating,N/A
JOEZ,$0.17,1440526621784,"163,635",92% bullish,of 12 ratings,N/A
WYIGU,$10,1440526621805,"2,500",Not yet rated,NULL,N/A
DATE,$5.75,1440526621837,"274,589",75% bullish,of 4 ratings,$9
JIVE,$4.18,1440526621858,"185,694",75% bullish,of 4 ratings,$5
JBSS,$51.0799,1440526622118,"18,143",67% bearish,of 3 ratings,N/A
JOUT,$22.28,1440526622144,"13,843",100% bearish,of 1 rating,$34
JNP,$9.62,1440526622178,"8,070",100% bullish,of 3 ratings,$15
JUNO,$36.3697,1440526622204,"633,144",73% bullish,of 11 ratings,$71.50
KALU,$79.53,1440526622275,"54,962",67% bearish,of 3 ratings,$91
KTWO,$21.52,1440526622302,"74,460",100% bearish,of 1 rating,$28.50
KNDI,$6.14,1440526622516,"275,092",86% bullish,of 22 ratings,N/A
KMDA,$3.31,1440526622584,"4,800",50% bullish,of 2 ratings,$8
