Symbol,Price,Date,Volume,Rating,RatingVoteCount,OneYearEstimate
TFSCU,NULL,1440252902170,0,Not yet rated,NULL,N/A
TFSC,NULL,1440252902196,0,100% bearish,of 1 rating,N/A
FCTY,$7.63,1440252902220,300,100% bullish,of 1 rating,$8.50
FCCY,$11.6,1440252902246,354,100% bullish,of 1 rating,$13
PIH,$7.2,1440252902272,"15,400",100% bearish,of 1 rating,N/A
VNET,$19.27,1440252902493,"733,790",60% bullish,of 5 ratings,$29.50
TFSCW,NULL,1440252902519,0,100% bearish,of 1 rating,N/A
TWOU,$34.02,1440252902654,"673,961",50% bullish,of 2 ratings,$39
DGLD,$76.08,1440252902680,"21,135",100% bullish,of 1 rating,N/A
DSLV,$61.29,1440252902703,"22,007",100% bearish,of 1 rating,N/A
USLV,$14.59,1440252902950,"218,982",86% bullish,of 7 ratings,N/A
SRCE,$30.03,1440252903003,"55,334",100% bullish,of 3 ratings,$33
UGLD,$9.99,1440252903028,"253,649",100% bearish,of 1 rating,N/A
JOBS,$25.35,1440252903085,"172,084",50% bullish,of 4 ratings,$36
CAFD,$15.52,1440252903330,"330,925",Not yet rated,NULL,$25
SIXD,$1.47,1440252903363,"250,988",Not yet rated,NULL,N/A
AVHI,$13.95,1440252903394,"37,920",100% bearish,of 1 rating,$19
EGHT,$8.215,1440252903461,"436,691",82% bullish,of 17 ratings,$11
AAON,$21.67,1440252903492,"166,594",100% bearish,of 1 rating,$24
SHLM,$34.05,1440252903630,"123,800",100% bearish,of 1 rating,$50
ABAX,$47.54,1440252903804,"139,615",100% bearish,of 1 rating,$60
ABGB,$4.09,1440252903861,"34,916",67% bullish,of 3 ratings,$5.50
ABY,$20,1440252903882,"1,100,886",100% bearish,of 2 ratings,$46
ABEO,$4.83,1440252903961,"140,862",67% bullish,of 3 ratings,$15.50
ABEOW,$1.76,1440252903989,"2,525",100% bullish,of 1 rating,N/A
AXAS,$1.56,1440252904159,"860,487",78% bullish,of 9 ratings,$3.50
ABMD,$97.08,1440252904186,"831,796",75% bullish,of 4 ratings,$100.50
ACTG,$8.87,1440252904231,"323,174",67% bullish,of 3 ratings,$18.50
ACHC,$73.6762,1440252904321,"815,815",50% bullish,of 2 ratings,$92
ACST,$0.361,1440252904509,"71,223",100% bullish,of 2 ratings,N/A
ACAD,$38.13,1440252904537,"928,540",80% bullish,of 20 ratings,$48
AXDX,$17.93,1440252904566,"220,988",100% bearish,of 1 rating,N/A
ARAY,$6.53,1440252904670,"3,387,732",100% bearish,of 1 rating,$10.50
XLRN,$28.36,1440252904697,"111,031",50% bullish,of 2 ratings,$57
ANCX,$18.76,1440252904767,"31,836",Not yet rated,NULL,$19
VXUP,$27,1440252904898,"49,956",Not yet rated,NULL,N/A
VXDN,$5.5,1440252904923,"50,671",100% bearish,of 1 rating,N/A
ACRX,$4.05,1440252905130,"360,315",67% bearish,of 6 ratings,$5.50
AKAO,$6.9457,1440252905215,"55,800",75% bullish,of 4 ratings,$15
ACHN,$7.75,1440252905261,"1,754,841",90% bullish,of 21 ratings,$16
ACET,$24.41,1440252905288,"127,207",75% bullish,of 4 ratings,$30
ACIW,$21.89,1440252905351,"571,274",50% bullish,of 2 ratings,$24
ACNB,$20.33,1440252905438,"1,376",Not yet rated,NULL,N/A
ACOR,$29.75,1440252905467,"642,828",67% bearish,of 3 ratings,$38.50
ACTS,$1.3,1440252905568,"51,585",100% bearish,of 1 rating,N/A
ACPW,$1.856,1440252905664,"65,399",100% bullish,of 4 ratings,$3.50
ATVI,$27.2167,1440252905693,"5,132,751",68% bullish,of 84 ratings,$31.50
ACUR,$0.6182,1440252905828,"65,134",100% bullish,of 5 ratings,$1
ACXM,$20.1276,1440252906066,"350,940",67% bullish,of 3 ratings,N/A
ACTA,$13.89,1440252906122,"113,227",67% bearish,of 3 ratings,$25
ADMS,$20.07,1440252906153,"78,833",100% bearish,of 2 ratings,$36
ADMP,$3.65,1440252906174,"21,417",50% bullish,of 2 ratings,$10
ADAP,$12.53,1440252906252,"216,853",67% bullish,of 3 ratings,$22
ADUS,$29.83,1440252906304,"59,827",100% bearish,of 1 rating,$31
ADBE,$78.87,1440252906515,"4,323,734",65% bullish,of 17 ratings,$90
AEY,$2.29,1440252906614,"39,023",100% bearish,of 2 ratings,N/A
ADEP,$6.75,1440252906642,"33,889",50% bullish,of 2 ratings,$10.75
ADMA,$9.3,1440252906674,"3,500",Not yet rated,NULL,$19
ADTN,$15.59,1440252906849,"349,681",67% bullish,of 3 ratings,$17.125
AEIS,$25.055,1440252906908,"198,884",50% bullish,of 2 ratings,$32.50
ADRO,$19.44,1440252906985,"252,323",80% bullish,of 5 ratings,$45.50
ADXS,$14.5,1440252907039,"919,015",64% bullish,of 14 ratings,$27
ADXSW,$10.15,1440252907065,"5,206",100% bullish,of 1 rating,N/A
YPRO,$23.29,1440252907141,"4,120",100% bearish,of 1 rating,N/A
AMD,$1.76,1440252907201,"7,935,981",83% bullish,of 103 ratings,$2
MULT,NULL,1440252907274,0,100% bearish,of 1 rating,N/A
TFSCR,NULL,1440252907310,0,Not yet rated,NULL,N/A
AEGR,$18.26,1440252907341,"394,681",50% bullish,of 6 ratings,$26
AEHR,$2.24,1440252907404,"7,972",50% bullish,of 2 ratings,N/A
AEGN,$18.24,1440252907431,"212,917",100% bearish,of 1 rating,$21
FLWS,$9.36,1440252907452,"220,692",100% bullish,of 5 ratings,$15
AERI,$15.92,1440252907600,"361,223",75% bullish,of 4 ratings,$31.50
AMTX,$3.09,1440252907693,"17,253",50% bullish,of 2 ratings,$26.11
AEPI,$57.13,1440252907740,"21,960",100% bearish,of 1 rating,N/A
AVAV,$24.38,1440252907839,"143,405",50% bullish,of 4 ratings,$31
AFMD,$9.78,1440252907936,"174,087",50% bullish,of 4 ratings,$15
AEMD,$7.22,1440252908022,"187,619",Not yet rated,NULL,$27.50
AGEN,$7.04,1440252908056,"940,432",85% bullish,of 13 ratings,$14
AGYS,$9.63,1440252908082,"33,010",100% bearish,of 1 rating,N/A
AEZS,$0.1005,1440252908158,"5,371,374",90% bullish,of 21 ratings,$1.50
AFFX,$9.4,1440252908214,"587,032",80% bullish,of 5 ratings,$12
AGIO,$85.65,1440252908243,"509,530",88% bullish,of 8 ratings,$114
AGRX,$8.17,1440252908273,"49,951",100% bearish,of 1 rating,$17.50
AGFS,$9.8121,1440252908295,"73,206",100% bearish,of 1 rating,N/A
AGFSW,$1.79,1440252908468,"28,997",100% bearish,of 2 ratings,N/A
AIMT,$21.1,1440252908498,"120,787",Not yet rated,NULL,N/A
AIRM,$36.55,1440252908605,"309,312",80% bearish,of 5 ratings,$53
ATSG,$9.1,1440252908630,"264,911",67% bullish,of 3 ratings,$13
AIRT,$22.94,1440252908655,51,100% bullish,of 1 rating,N/A
AMCN,$4.9,1440252908785,"424,894",83% bullish,of 6 ratings,N/A
AIXG,$5.98,1440252908813,"34,571",67% bearish,of 3 ratings,$5.25
AKER,$2.62,1440252908848,"93,096",Not yet rated,NULL,N/A
AKBA,$6.65,1440252908869,"184,781",100% bearish,of 1 rating,$18
AKAM,$68.463,1440252908891,"1,585,448",63% bullish,of 8 ratings,$77
ALRM,$16.46,1440252908954,"358,434",100% bearish,of 1 rating,$22
ALSK,$2.11,1440252909026,"112,029",78% bullish,of 18 ratings,$2
AKRX,$40.2552,1440252909051,"930,040",78% bullish,of 9 ratings,$56
ABDC,$12.7,1440252909218,"21,785",Not yet rated,NULL,$15
AMRI,$19.73,1440252909250,"245,268",75% bearish,of 4 ratings,$24
ADHD,$8.31,1440252909288,"220,062",50% bullish,of 4 ratings,$18
ALXN,$173.81,1440252909427,"1,548,456",88% bullish,of 8 ratings,$223
ALDX,$7.62,1440252909455,"6,759",100% bearish,of 1 rating,$14.50
ALDR,$36.64,1440252909480,"474,720",67% bearish,of 3 ratings,$62
ALXA,$1.07,1440252909508,"26,737",83% bullish,of 6 ratings,$2.125
ALCO,$42.36,1440252909650,"24,127",50% bullish,of 2 ratings,N/A
ALGN,$56.4432,1440252909782,"422,327",100% bearish,of 2 ratings,$73
ALKS,$60.35,1440252909831,"705,866",67% bullish,of 3 ratings,$75
ALLB,$23.48,1440252909866,"1,820",Not yet rated,NULL,N/A
AFOP,$17.51,1440252909896,"139,898",75% bullish,of 8 ratings,$21
ALIM,$3.15,1440252909926,"169,442",80% bullish,of 5 ratings,$10
ALGT,$216.09,1440252909959,"164,611",100% bearish,of 1 rating,$235
AIQ,$14.7,1440252909994,"29,906",67% bullish,of 3 ratings,N/A
AHGP,$36.6344,1440252910093,"31,919",67% bullish,of 3 ratings,N/A
AHPI,$1.46,1440252910278,435,50% bullish,of 2 ratings,N/A
ARLP,$24.94,1440252910303,"151,729",67% bearish,of 3 ratings,$32
AMOT,$17.09,1440252910358,"80,719",100% bearish,of 1 rating,N/A
ALLT,$5.04,1440252910491,"71,089",75% bullish,of 4 ratings,$6.25
ALQA,$4.43,1440252910519,"36,237",75% bullish,of 4 ratings,$8.50
MDRX,$13.52,1440252910571,"1,235,763",60% bullish,of 5 ratings,$16
AFAM,$46.84,1440252910592,"72,495",50% bullish,of 2 ratings,$44
ALNY,$100.3178,1440252910651,"414,351",67% bullish,of 3 ratings,$148.50
AOSL,$7.21,1440252910727,"45,497",67% bullish,of 3 ratings,$9
SMCP,$22.56,1440252910757,"1,500",Not yet rated,NULL,N/A
ATEC,$0.5768,1440252910788,"46,618",100% bullish,of 1 rating,$2
ASPS,$29.2565,1440252910883,"228,767",67% bullish,of 3 ratings,$46.50
AIMC,$25.28,1440252910914,"92,117",100% bearish,of 1 rating,$28.50
ALTR,$48.17,1440252910988,"2,956,121",80% bearish,of 5 ratings,$54
AMAG,$59.95,1440252911012,"476,323",100% bullish,of 2 ratings,$77.50
AMRN,$2.03,1440252911178,"741,425",85% bullish,of 39 ratings,$8
AMRK,$10.57,1440252911220,"4,627",50% bullish,of 2 ratings,$14
AMZN,$495.5,1440252911270,"3,790,755",81% bullish,of 263 ratings,$646
AMBA,$89,1440252911310,"5,366,218",83% bullish,of 12 ratings,$102.50
AMBCW,$7.0532,1440252911346,"1,178",100% bearish,of 1 rating,N/A
AMBC,$15.6,1440252911375,"245,406",100% bearish,of 1 rating,$16.50
EPAX,$2.69,1440252911396,"74,357",100% bearish,of 1 rating,N/A
AYA,$21.62,1440252911441,"63,923",100% bearish,of 1 rating,$40
AMDA,$0.463,1440252911688,"1,233,767",90% bullish,of 10 ratings,$1
AMCX,$67.7119,1440252911718,"687,069",67% bullish,of 3 ratings,$85.50
AMED,$40.5,1440252911786,"290,278",100% bearish,of 1 rating,$42
DOX,$59,1440252911823,"282,272",50% bullish,of 2 ratings,$60
UHAL,$363.52,1440252911848,"15,187",100% bullish,of 2 ratings,$393.50
ASBI,$22.55,1440252911873,154,Not yet rated,NULL,N/A
AMOV,$17.65,1440252912066,"5,863",100% bearish,of 1 rating,N/A
AAL,$39.75,1440252912097,"11,179,538",93% bullish,of 88 ratings,$57
AGNC,$19.553,1440252912200,"3,952,543",75% bullish,of 28 ratings,$22
AGNCB,$24.23,1440252912363,"21,668",Not yet rated,NULL,N/A
AGNCP,$25.34,1440252912396,"7,150",Not yet rated,NULL,N/A
MTGE,$15.7,1440252912418,"402,399",75% bullish,of 4 ratings,$19.50
ACSF,$12.225,1440252912455,"33,060",100% bearish,of 1 rating,$15
ATAX,$5.23,1440252912477,"155,087",100% bullish,of 1 rating,$6.50
MTGEP,$24.12,1440252912506,"1,127",Not yet rated,NULL,N/A
ACAS,$13.74,1440252912553,"1,556,266",60% bullish,of 5 ratings,$16.75
ANCI,$1.59,1440252912716,"10,070",100% bearish,of 1 rating,N/A
AETI,$4.28,1440252912743,2,67% bearish,of 3 ratings,N/A
AMNB,$22.8,1440252912774,"22,976",Not yet rated,NULL,$25.50
AMIC,$10.21,1440252912799,8,Not yet rated,NULL,N/A
ANAT,$100,1440252912881,"19,158",100% bullish,of 1 rating,N/A
APEI,$21.26,1440252913059,"155,037",100% bearish,of 1 rating,$25.50
ARII,$38.75,1440252913090,"183,877",67% bearish,of 3 ratings,$45
AMSC,$3.48,1440252913119,"36,442",50% bullish,of 4 ratings,N/A
AMRB,$10,1440252913154,"2,054",Not yet rated,NULL,$11
ASEI,$39.68,1440252913175,"53,467",100% bearish,of 1 rating,$52.50
AMSWA,$9.06,1440252913196,"86,700",100% bearish,of 2 ratings,$10.75
AMWD,$67.8,1440252913237,"272,213",50% bullish,of 2 ratings,$58
CRMT,$37.91,1440252913263,"120,497",100% bearish,of 1 rating,$49
ABCB,$27.64,1440252913424,"189,477",Not yet rated,NULL,$31
AMSF,$49.68,1440252913532,"122,373",Not yet rated,NULL,$57.50
ASRV,$3.27,1440252913563,840,100% bullish,of 2 ratings,N/A
ASRVP,NULL,1440252913665,0,Not yet rated,NULL,N/A
ATLO,$23.31,1440252913732,"15,885",Not yet rated,NULL,N/A
FOLD,$14.05,1440252913758,"2,614,067",56% bullish,of 9 ratings,$21
AMKR,$4.39,1440252913796,"1,544,185",100% bearish,of 2 ratings,$5
AMPH,$13.79,1440252913825,"166,636",50% bullish,of 2 ratings,$20
AMGN,$155.9,1440252913925,"4,702,712",89% bullish,of 19 ratings,$185
ASYS,$5.18,1440252913956,"35,518",67% bullish,of 3 ratings,$12
AMSG,$81.5,1440252913984,"320,262",100% bearish,of 1 rating,$85.50
AMSGP,NULL,1440252914012,0,Not yet rated,NULL,N/A
AMRS,$1.63,1440252914148,"53,848",70% bullish,of 10 ratings,N/A
ANAD,$0.333,1440252914235,"132,364",100% bullish,of 2 ratings,$.50
ANAC,$129.49,1440252914260,"607,726",80% bullish,of 5 ratings,$180.50
AFSI,$58.44,1440252914310,"1,008,977",60% bullish,of 5 ratings,$72
ADI,$53.78,1440252914441,"3,922,593",67% bullish,of 3 ratings,$69
ANCB,$22.3001,1440252914536,500,Not yet rated,NULL,$23
ABCW,$39.96,1440252914562,"10,347",67% bullish,of 3 ratings,N/A
AMCF,$0.26,1440252914589,"9,494",100% bullish,of 7 ratings,N/A
ANGO,$14.71,1440252914641,"99,313",67% bullish,of 3 ratings,$19
ANIP,$49.38,1440252914774,"250,484",89% bullish,of 19 ratings,$66
ANSS,$90.92,1440252914810,"391,059",100% bearish,of 1 rating,$100
ANGI,$4.64,1440252914838,"919,270",64% bullish,of 11 ratings,$5.50
ANIK,$34.88,1440252914907,"106,488",60% bullish,of 5 ratings,$51.25
ATRS,$1.81,1440252914936,"537,668",92% bullish,of 12 ratings,$4.50
ANTH,$7.04,1440252914968,"1,783,771",80% bullish,of 10 ratings,$13
ALOG,$83.13,1440252915071,"75,588",100% bearish,of 2 ratings,$100.50
ATNY,$2.37,1440252915171,"2,775",50% bullish,of 2 ratings,$3.75
APIC,$6.49,1440252915248,"180,683",100% bearish,of 1 rating,$19
ABAC,$0.73,1440252915276,"36,221",100% bearish,of 1 rating,N/A
APOG,$51.6,1440252915297,"212,697",100% bullish,of 1 rating,$67
AAPL,$105.9,1440252915436,"82,174,464",86% bullish,of 2338 ratings,$150
APPF,$16.84,1440252915469,"52,701",50% bullish,of 2 ratings,$22
AINV,$6.4767,1440252915502,"1,117,263",50% bullish,of 4 ratings,$8
APOL,$10.9787,1440252915542,"992,661",87% bearish,of 68 ratings,$14
ARCI,$1.33,1440252915599,"3,906",Not yet rated,NULL,N/A
APDNW,$1.15,1440252915623,"2,800",Not yet rated,NULL,N/A
AGTC,$15.74,1440252915657,"119,853",50% bullish,of 2 ratings,$33
APDN,$3.22,1440252915684,"61,834",Not yet rated,NULL,$9
AMAT,$15.497,1440252915818,"12,956,491",82% bullish,of 11 ratings,$23
AMCC,$5.35,1440252915843,"963,117",80% bullish,of 5 ratings,$8
AAOI,$19.89,1440252915977,"285,163",50% bullish,of 4 ratings,$26
AREX,$2.03,1440252916109,"890,815",100% bearish,of 1 rating,$3
APRI,$1.33,1440252916168,"155,441",83% bullish,of 6 ratings,$4.86
AQMS,$5,1440252916201,"19,025",Not yet rated,NULL,N/A
AQXP,$18.2999,1440252916302,"469,595",50% bullish,of 2 ratings,$2
AUMAU,$9.94,1440252916323,"1,200",Not yet rated,NULL,N/A
ARDM,$7.03,1440252916386,"4,358",100% bullish,of 1 rating,$26
APTO,$5.09,1440252916418,"8,208",Not yet rated,NULL,$17
AUMAW,NULL,1440252916439,0,Not yet rated,NULL,N/A
AUMA,NULL,1440252916472,0,Not yet rated,NULL,N/A
PETX,$17.4,1440252916522,"307,971",100% bearish,of 2 ratings,$26
ARCW,$3.48,1440252916653,"25,137",100% bearish,of 2 ratings,$10.50
ABIO,$0.9,1440252916681,"131,271",50% bullish,of 2 ratings,$3.75
ABUS,$7.21,1440252916711,"502,243",86% bullish,of 14 ratings,$23
RKDA,$5.76,1440252916814,"19,343",100% bearish,of 2 ratings,$10
ARCB,$29.47,1440252916868,"211,071",50% bullish,of 2 ratings,$39.50
ACAT,$26.89,1440252917001,"260,125",100% bearish,of 3 ratings,$33
ARDX,$17.41,1440252917050,"91,948",50% bullish,of 2 ratings,$24.50
ACGL,$70.5015,1440252917079,"414,489",50% bullish,of 2 ratings,$72
ARGS,$6.17,1440252917145,"116,903",50% bullish,of 2 ratings,$19.50
ARNA,$2.97,1440252917180,"4,127,037",90% bullish,of 77 ratings,$5.50
ARCC,$15.47,1440252917278,"1,615,433",67% bearish,of 3 ratings,$17.875
AGII,$57.69,1440252917312,"141,575",Not yet rated,NULL,$59.50
ARIA,$6.7,1440252917630,"3,153,702",87% bullish,of 46 ratings,$9
ARIS,$3.3,1440252917666,"8,290",Not yet rated,NULL,$4.50
AGIIL,$25.45,1440252917688,"5,893",Not yet rated,NULL,N/A
ARKR,$25.36,1440252917709,552,50% bullish,of 2 ratings,N/A
ARMH,$40.1,1440252917731,"1,339,073",54% bearish,of 13 ratings,$61
ARTX,$1.48,1440252917770,"105,854",88% bullish,of 16 ratings,$4.50
ARWA,NULL,1440252917794,0,Not yet rated,NULL,N/A
ARWAU,NULL,1440252917968,0,100% bullish,of 1 rating,N/A
ARWAW,NULL,1440252918001,0,Not yet rated,NULL,N/A
ARWAR,NULL,1440252918076,0,Not yet rated,NULL,N/A
ARRS,$26.44,1440252918102,"1,060,211",50% bullish,of 2 ratings,$38
ARRY,$5.45,1440252918127,"1,219,732",100% bullish,of 7 ratings,$10
ARQL,$1.67,1440252918155,"200,267",75% bullish,of 4 ratings,$5
ARWR,$5.57,1440252918375,"814,360",75% bullish,of 4 ratings,$10.50
DWAT,$9.92,1440252918507,"46,463",100% bearish,of 1 rating,N/A
ARTNA,$22.48,1440252918535,"42,576",100% bearish,of 1 rating,$29
ARTW,$4.45,1440252918556,"3,048",75% bearish,of 4 ratings,N/A
AROW,$27.24,1440252918593,"41,580",Not yet rated,NULL,N/A
ASBB,$25.05,1440252918614,372,Not yet rated,NULL,N/A
ASNA,$11.2187,1440252918636,"8,984,030",50% bullish,of 2 ratings,$18
ASND,$18.23,1440252918668,"38,275",100% bullish,of 1 rating,$30
ASCMA,$28.6,1440252918915,"180,787",100% bearish,of 1 rating,$45
ASTI,$0.13,1440252918948,"1,817,223",83% bullish,of 6 ratings,$3
ASMI,NULL,1440252918974,0,NULL,NULL,NULL
APWC,$1.9,1440252918995,406,100% bearish,of 1 rating,N/A
ASML,$85.91,1440252919032,"1,134,628",67% bullish,of 3 ratings,$127
ASMB,$12.44,1440252919130,"80,806",67% bullish,of 3 ratings,N/A
ASFI,$8.95,1440252919155,"3,732",100% bullish,of 1 rating,N/A
ATRO,$52.77,1440252919366,"98,668",100% bearish,of 2 ratings,$80
ASTC,$2.2,1440252919394,"39,970",100% bullish,of 5 ratings,N/A
ATAI,$2.78,1440252919432,"31,993",100% bearish,of 1 rating,N/A
AZPN,$38.4,1440252919453,"991,920",50% bullish,of 2 ratings,$42
ALOT,$13.51,1440252919483,"1,011",100% bearish,of 1 rating,N/A
ASUR,$5.76,1440252919524,"10,939",100% bearish,of 1 rating,$8
ASTE,$36.28,1440252919552,"88,638",100% bearish,of 1 rating,$48
ATRA,$42.01,1440252919747,"183,569",50% bullish,of 2 ratings,$68
AFCB,$28.01,1440252919785,249,Not yet rated,NULL,N/A
ATHN,$135.79,1440252919812,"193,647",67% bearish,of 3 ratings,$153
ATHX,$1.17,1440252919839,"238,940",89% bullish,of 9 ratings,$5
AAPC,$10.21,1440252919884,394,Not yet rated,NULL,N/A
AAME,$3.58,1440252920044,"1,190",Not yet rated,NULL,N/A
ATLC,$3.9,1440252920095,"17,113",67% bullish,of 3 ratings,N/A
ACFC,$6.11,1440252920124,"95,163",Not yet rated,NULL,$6.50
ATNI,$73.68,1440252920145,"66,107",100% bearish,of 1 rating,$69.50
ATML,$6.95,1440252920281,"2,918,067",78% bullish,of 9 ratings,$9.50
AFH,$16.545,1440252920308,"75,284",Not yet rated,NULL,$21.50
AAWW,$41.78,1440252920329,"365,924",50% bullish,of 2 ratings,$65
ATOS,$0.85,1440252920364,"182,378",100% bullish,of 7 ratings,$7
ATRC,$25.67,1440252920456,"198,665",100% bullish,of 1 rating,$30
ATRI,$389.5,1440252920634,"4,458",Not yet rated,NULL,N/A
ATRM,$2.89,1440252920667,"1,200",50% bullish,of 2 ratings,N/A
LIFE,$14.04,1440252920763,"32,217",86% bullish,of 7 ratings,$43
ATTU,$13.55,1440252920788,"51,302",100% bearish,of 1 rating,$20.50
AUBN,$27.68,1440252920817,948,Not yet rated,NULL,N/A
AUDC,$3.18,1440252920839,"55,482",80% bullish,of 5 ratings,$5
AUPH,$3.19,1440252920867,"14,987",100% bearish,of 1 rating,$8
EARS,$4.845,1440252921103,"14,045",100% bearish,of 2 ratings,$11.50
ADSK,$51.76,1440252921132,"2,339,645",83% bullish,of 6 ratings,$69.50
ABTL,$18.05,1440252921160,"70,992",100% bullish,of 4 ratings,$20.25
ADAT,$0.12,1440252921198,"123,764",100% bullish,of 2 ratings,N/A
ADP,$79.23,1440252921298,"2,485,062",100% bearish,of 1 rating,$88
AVNU,$12.7,1440252921319,506,Not yet rated,NULL,$14
AVGO,$112.787,1440252921347,"3,328,073",88% bullish,of 8 ratings,$160
AAVL,$10.62,1440252921375,"258,588",100% bearish,of 1 rating,$20
AVEO,$1.38,1440252921572,"1,367,791",75% bullish,of 8 ratings,$3
AVNW,$1.24,1440252921626,"161,594",50% bullish,of 2 ratings,$2.20
CAR,$42.2749,1440252921800,"1,835,525",80% bullish,of 5 ratings,$60
AVID,$8.01,1440252921829,"539,251",100% bearish,of 1 rating,$20
AVGR,$14.23,1440252921850,"21,077",100% bearish,of 1 rating,$20
AWRE,$3.14,1440252921880,"21,064",67% bullish,of 3 ratings,N/A
ACLS,$3.29,1440252922015,"557,776",67% bullish,of 6 ratings,$4.75
BCOM,NULL,1440252922064,0,100% bearish,of 1 rating,N/A
AXPW,$1.1,1440252922091,"56,422",83% bullish,of 6 ratings,N/A
AXGN,$3.94,1440252922123,"27,034",Not yet rated,NULL,$5
AXTI,$2.15,1440252922228,"35,695",50% bullish,of 2 ratings,$2.75
AXPWW,NULL,1440252922280,0,Not yet rated,NULL,N/A
RILY,$10,1440252922313,600,Not yet rated,NULL,N/A
BIDU,$152.9,1440252922368,"3,843,564",81% bullish,of 88 ratings,$210
BOSC,$2.37,1440252922414,"1,297",50% bullish,of 2 ratings,N/A
BEAV,$48.57,1440252922505,"742,264",67% bearish,of 3 ratings,$59
BCPC,$57.76,1440252922603,"128,021",100% bearish,of 1 rating,$75
BWINA,NULL,1440252922630,0,Not yet rated,NULL,N/A
BLDP,$1.24,1440252922767,"470,551",91% bullish,of 22 ratings,$2.50
BWINB,$23.01,1440252922800,"25,265",Not yet rated,NULL,N/A
BANF,$60.97,1440252922938,"18,077",Not yet rated,NULL,$68
BANFP,NULL,1440252922973,0,Not yet rated,NULL,N/A
BOCH,$5.76,1440252923001,"16,932",Not yet rated,NULL,$6.50
BKMU,$7.19,1440252923041,"511,937",Not yet rated,NULL,$8
BKSC,$15.6,1440252923067,705,Not yet rated,NULL,N/A
BMRC,$48.75,1440252923098,"17,961",Not yet rated,NULL,$52
BOTJ,$11.15,1440252923199,"3,090",Not yet rated,NULL,N/A
OZRK,$40.71,1440252923242,"553,107",67% bullish,of 3 ratings,$49.50
BWFG,$18.03,1440252923378,"3,688",100% bearish,of 1 rating,N/A
BFIN,$12.01,1440252923407,"29,911",Not yet rated,NULL,$13
BANR,$45.64,1440252923542,"84,960",100% bullish,of 3 ratings,$50
BZUN,$5.65,1440252923573,"399,133",50% bullish,of 2 ratings,$12.60
TAPR,$29.38,1440252923677,"4,550",100% bearish,of 1 rating,N/A
BHAC,NULL,1440252923703,0,Not yet rated,NULL,N/A
BHACR,$0.25,1440252923731,700,Not yet rated,NULL,N/A
BHACU,NULL,1440252923760,0,Not yet rated,NULL,N/A
BHACW,NULL,1440252923832,0,Not yet rated,NULL,N/A
BBSI,$34.87,1440252923977,"71,494",67% bearish,of 3 ratings,$62.50
BSET,$29.1,1440252924039,"49,205",100% bearish,of 1 rating,$35
BV,$5.08,1440252924197,"375,082",67% bullish,of 6 ratings,$9
BBCN,$14.81,1440252924225,"308,877",100% bearish,of 1 rating,$16
BYBK,$5.02,1440252924251,"1,546",100% bearish,of 1 rating,N/A
BYLK,$12.95,1440252924279,"4,701",Not yet rated,NULL,$14
BCBP,$11.73,1440252924389,"8,625",Not yet rated,NULL,N/A
BECN,$35.48,1440252924492,"294,756",50% bullish,of 2 ratings,$40
BDCV,$4.84,1440252924534,"9,821",100% bearish,of 1 rating,$10.19
BBGI,$4.68,1440252924591,2,100% bearish,of 1 rating,N/A
BEBE,$1.81,1440252924621,"150,846",75% bullish,of 4 ratings,$3.075
BBBY,$61.8626,1440252924686,"2,676,226",71% bullish,of 7 ratings,$75
BELFA,$15.5,1440252924717,100,100% bearish,of 1 rating,N/A
BELFB,$17.92,1440252924747,"70,318",100% bearish,of 1 rating,N/A
BSF,$8.62,1440252924773,"18,869",Not yet rated,NULL,N/A
BLPH,$5.01,1440252924909,"26,371",100% bearish,of 1 rating,$12.50
BNCL,$12.64,1440252925011,"393,855",100% bullish,of 3 ratings,$12.50
BLCM,$17.46,1440252925036,"701,289",50% bullish,of 4 ratings,$40
BNFT,$36.3,1440252925107,"94,715",67% bullish,of 3 ratings,$46
BGMD,$0.8536,1440252925165,"210,316",100% bullish,of 10 ratings,N/A
BGCP,$8.8,1440252925196,"2,203,135",88% bullish,of 8 ratings,$14
BGFV,$10.86,1440252925267,"167,409",57% bullish,of 7 ratings,$12
BNTC,$8.6562,1440252925297,"29,198",100% bullish,of 1 rating,N/A
BIND,$4.56,1440252925368,"42,392",67% bullish,of 3 ratings,$13.50
ORPN,$5.34,1440252925394,"18,329",100% bullish,of 1 rating,$28.50
BASI,$1.39,1440252925466,"12,876",Not yet rated,NULL,N/A
BIOC,$2.08,1440252925528,"466,899",83% bullish,of 6 ratings,$3.85
BCRX,$11.99,1440252925598,"637,416",63% bullish,of 8 ratings,$18
BIOD,$0.6899,1440252925627,"144,374",80% bullish,of 5 ratings,$4
BCDA,NULL,1440252925657,0,Not yet rated,NULL,N/A
BDSI,$6.52,1440252925762,"1,009,736",88% bullish,of 8 ratings,$17
BIIB,$298,1440252925787,"2,250,449",88% bullish,of 16 ratings,$400
BIOL,$1.46,1440252925935,"36,518",Not yet rated,NULL,N/A
BLFS,$2.03,1440252925973,"86,446",100% bearish,of 1 rating,$4.75
BLRX,$1.42,1440252926000,"228,173",100% bullish,of 12 ratings,$5
BVXV,$3.86,1440252926022,"7,057",Not yet rated,NULL,N/A
BVXVW,$0.77,1440252926154,"1,008",100% bearish,of 1 rating,N/A
BMRN,$130,1440252926184,"823,308",80% bullish,of 5 ratings,$160
BPTH,$1.13,1440252926213,"64,428",100% bullish,of 2 ratings,$5
BRLI,NULL,1440252926284,0,NULL,NULL,NULL
BBP,$32.07,1440252926349,"91,659",Not yet rated,NULL,N/A
BIOS,$1.84,1440252926377,"1,061,659",71% bullish,of 7 ratings,$4
BBC,$30.48,1440252926413,"62,013",Not yet rated,NULL,N/A
BSPM,$0.72,1440252926507,"10,225",50% bullish,of 2 ratings,N/A
BSTC,$49.71,1440252926535,"66,008",100% bearish,of 1 rating,$76
BOTA,$2.2,1440252926707,"47,009",88% bullish,of 8 ratings,N/A
BEAT,$13.69,1440252926733,"339,071",67% bearish,of 3 ratings,$15
TECH,$101.4978,1440252926761,"129,987",100% bullish,of 1 rating,$117
BDMS,NULL,1440252926814,0,100% bearish,of 1 rating,N/A
BBOX,$15.44,1440252926959,"68,675",100% bearish,of 1 rating,N/A
BDE,$7.5,1440252926998,"220,690",50% bullish,of 2 ratings,$9
BITI,$17.33,1440252927031,"31,694",100% bullish,of 1 rating,$28
BLKB,$58.91,1440252927094,"225,935",100% bearish,of 2 ratings,$66
BJRI,$44.71,1440252927124,"215,274",50% bullish,of 2 ratings,$55
BBRY,$7.15,1440252927154,"5,450,296",61% bullish,of 330 ratings,$9
BKCC,$9.118,1440252927230,"334,015",100% bullish,of 2 ratings,$10
HAWK,$42,1440252927262,"525,334",91% bullish,of 11 ratings,$49
ADRA,$27.52,1440252927292,"1,065",Not yet rated,NULL,N/A
ADRD,$22.12,1440252927396,"8,231",100% bearish,of 1 rating,N/A
ADRE,$29.55,1440252927505,"44,928",Not yet rated,NULL,N/A
BLMN,$20.36,1440252927651,"1,559,840",83% bullish,of 6 ratings,$27.50
BUFF,$26.91,1440252927756,"472,572",83% bullish,of 12 ratings,$31.50
BBLU,$0.89,1440252927853,"120,329",100% bullish,of 2 ratings,$4.43
BHBK,$14.06,1440252927879,"103,355",100% bullish,of 1 rating,$14.50
BLBD,$11.53,1440252927900,"7,869",Not yet rated,NULL,N/A
ADRU,$21.85,1440252927937,"2,468",100% bearish,of 1 rating,N/A
BKEP,$6.6,1440252927959,"42,067",100% bearish,of 1 rating,$8.50
BCOR,$13.4,1440252927980,"257,015",57% bullish,of 7 ratings,$15
NILE,$34.29,1440252928113,"91,641",50% bullish,of 2 ratings,$34
BLUE,$124.9,1440252928149,"511,022",71% bullish,of 7 ratings,$217.50
BKEPP,$7.773,1440252928252,"1,100",100% bearish,of 1 rating,N/A
BOBE,$44.5,1440252928279,"144,944",75% bullish,of 4 ratings,$57
BNCN,$21.26,1440252928305,"105,692",Not yet rated,NULL,$23
BPMC,$25.74,1440252928332,"43,864",50% bullish,of 2 ratings,$47.50
BOFI,$123.99,1440252928547,"365,678",100% bullish,of 6 ratings,$144
BOKF,$61.8126,1440252928623,"136,973",100% bearish,of 1 rating,$70.50
BONA,$11.82,1440252928659,"182,491",75% bullish,of 4 ratings,$8.50
BNSO,$1.38,1440252928705,"6,280",100% bearish,of 1 rating,N/A
BPFHP,$25,1440252928755,"1,571",100% bearish,of 1 rating,N/A
WIFI,$7.83,1440252928787,"402,837",50% bullish,of 2 ratings,$13.50
BOJA,$20.83,1440252928819,"194,845",100% bullish,of 1 rating,$30
BAMM,$3.21,1440252928882,"12,873",60% bullish,of 5 ratings,N/A
BPFH,$12.155,1440252928909,"304,942",100% bearish,of 1 rating,$14
BPFHW,$5.5,1440252928950,837,100% bearish,of 1 rating,N/A
EPAY,$25.46,1440252929121,"155,496",100% bearish,of 2 ratings,$30
BDBD,$8.43,1440252929148,"500,690",60% bullish,of 5 ratings,$10
BBEP,$2.26,1440252929317,"2,113,660",69% bullish,of 13 ratings,$5.625
BBEPP,$13.24,1440252929390,"73,231",100% bearish,of 1 rating,N/A
BCLI,$2.92,1440252929419,"80,439",80% bullish,of 5 ratings,$12
BDGE,$27.4,1440252929455,"33,067",Not yet rated,NULL,$31.75
BBRG,$12.58,1440252929476,"83,065",67% bullish,of 3 ratings,$14.50
BLIN,$1.15,1440252929550,"21,500",50% bullish,of 2 ratings,$2.20
BRID,$8.62,1440252929577,86,100% bearish,of 1 rating,N/A
BCOV,$5.22,1440252929618,"120,648",67% bullish,of 3 ratings,$10.20
BVSN,$5.54,1440252929753,"12,787",60% bearish,of 5 ratings,N/A
BSFT,$30.87,1440252929784,"134,160",57% bullish,of 7 ratings,$40.50
BRCM,$48.57,1440252929884,"5,158,085",75% bullish,of 12 ratings,$56
BYFC,$1.37,1440252929912,200,50% bullish,of 2 ratings,N/A
BRCD,$10.6,1440252929939,"10,780,307",92% bullish,of 13 ratings,$12.50
BWEN,$3.26,1440252929960,"21,709",100% bullish,of 3 ratings,$8
BRKL,$10.765,1440252930197,"389,012",100% bearish,of 1 rating,$10.75
BRKR,$19.0677,1440252930265,"233,562",100% bearish,of 2 ratings,$22
BSQR,$6.03,1440252930296,"89,784",67% bullish,of 3 ratings,N/A
BRKS,$10.37,1440252930317,"191,066",67% bullish,of 3 ratings,$15.25
BLMT,$20.8,1440252930339,"14,194",Not yet rated,NULL,N/A
BWLD,$189.5073,1440252930378,"260,082",82% bullish,of 11 ratings,$205
BMTC,$29.46,1440252930400,"89,269",Not yet rated,NULL,$34
CFFI,$36,1440252930711,"6,616",100% bearish,of 1 rating,N/A
CA,$27.33,1440252930737,"2,905,194",50% bullish,of 4 ratings,$33
BLDR,$14.9615,1440252930770,"1,078,324",50% bullish,of 2 ratings,$22
BUR,$1.85,1440252930801,"2,443",100% bearish,of 1 rating,$8
CCMP,$44.25,1440252930872,"90,039",50% bullish,of 2 ratings,$59
CHRW,$67.24,1440252930901,"1,128,419",Not yet rated,NULL,$72
CDNS,$19.8,1440252930927,"1,519,633",75% bullish,of 4 ratings,$22.50
CDZI,$7.53,1440252930953,"30,147",100% bearish,of 1 rating,N/A
CSTE,$45,1440252931132,"526,244",100% bearish,of 1 rating,$65
CZR,$8.02,1440252931162,"1,345,062",60% bearish,of 5 ratings,$10.50
CLMS,$11.43,1440252931300,"84,354",Not yet rated,NULL,$10.50
CLBS,$1.33,1440252931362,"263,782",79% bullish,of 14 ratings,$4
CHY,$11.51,1440252931392,"256,541",Not yet rated,NULL,N/A
CACQ,$7.1,1440252931431,"100,797",100% bearish,of 1 rating,$12.25
CHI,$10.67,1440252931457,"301,618",100% bearish,of 1 rating,N/A
PRSS,$4.42,1440252931490,"18,224",80% bullish,of 5 ratings,$4.50
CFGE,NULL,1440252931686,0,Not yet rated,NULL,N/A
CCD,$19.57,1440252931733,"275,211",Not yet rated,NULL,N/A
CHW,$7.59,1440252931764,"273,520",100% bearish,of 1 rating,N/A
CAMP,$15.71,1440252931795,"335,596",88% bullish,of 8 ratings,$25
CGO,$11.92,1440252931865,"30,892",100% bearish,of 1 rating,N/A
CSQ,$9.88,1440252931890,"547,189",Not yet rated,NULL,N/A
CVGW,$54.49,1440252931929,"146,768",50% bullish,of 2 ratings,$58.50
CFNB,$13.73,1440252932065,143,100% bearish,of 1 rating,N/A
CALD,$15.56,1440252932136,"396,608",100% bearish,of 1 rating,$20.50
CALM,$49.67,1440252932217,"539,610",80% bullish,of 5 ratings,$65
CALA,$5.13,1440252932276,"381,343",100% bullish,of 3 ratings,$19.50
CAMBU,NULL,1440252932352,0,100% bearish,of 1 rating,N/A
CLMT,$25.21,1440252932377,"367,348",75% bullish,of 8 ratings,$31
CAMB,NULL,1440252932402,0,Not yet rated,NULL,N/A
CAMBW,$0.14,1440252932554,200,Not yet rated,NULL,N/A
ABCD,$4.64,1440252932613,"122,674",83% bullish,of 6 ratings,N/A
CSIQ,$17.5,1440252932652,"3,511,125",86% bullish,of 28 ratings,$45
CAMT,$2.76,1440252932674,"17,958",73% bullish,of 11 ratings,$4
CGIX,$9.21,1440252932707,"38,415",67% bullish,of 3 ratings,$14.375
CPHC,$10.66,1440252932744,"2,320",100% bearish,of 1 rating,N/A
CAC,$40.79,1440252932772,"25,045",Not yet rated,NULL,N/A
CBNJ,$10.65,1440252932970,"60,681",100% bullish,of 1 rating,N/A
CPLA,$48.57,1440252933027,"84,854",50% bullish,of 2 ratings,$65
CBF,$30.13,1440252933116,"102,306",Not yet rated,NULL,$32
CCBG,$15.17,1440252933205,"20,399",Not yet rated,NULL,$17.25
CAPN,$1.99,1440252933246,"269,769",100% bullish,of 1 rating,$10.85
CPTA,$14.22,1440252933273,"52,411",Not yet rated,NULL,$18.50
CPLP,$7.07,1440252933341,"470,786",71% bullish,of 7 ratings,$11
CFFN,$12.0086,1440252933409,"689,306",Not yet rated,NULL,$12.75
CSWC,$46.68,1440252933445,"16,339",Not yet rated,NULL,N/A
CAPNW,$0.6199,1440252933542,615,Not yet rated,NULL,N/A
CARA,$21.01,1440252933575,"286,045",50% bullish,of 4 ratings,$25
CAPR,$3.95,1440252933603,"6,718",Not yet rated,NULL,$12
CARB,$11.43,1440252933626,"85,069",75% bullish,of 4 ratings,$12
CPST,$0.3777,1440252933679,"956,493",95% bullish,of 22 ratings,$1.25
CBYL,$6.29,1440252933862,"38,631",100% bearish,of 1 rating,$20
CRDC,$0.38,1440252933915,"10,734",100% bullish,of 1 rating,$1.25
CRME,$9.535,1440252933947,"32,837",89% bullish,of 9 ratings,$11.25
CSII,$24.6527,1440252934053,"477,244",100% bearish,of 2 ratings,$42.125
CFNL,$22.47,1440252934086,"122,419",Not yet rated,NULL,$24
CATM,$34.54,1440252934155,"283,184",100% bearish,of 1 rating,$44
CECO,$3.63,1440252934220,"476,999",67% bearish,of 3 ratings,$6
CKEC,$21.84,1440252934360,"283,627",50% bullish,of 2 ratings,$35.915
CLBH,$12.79,1440252934391,288,Not yet rated,NULL,$16.50
CARO,$15.35,1440252934446,"1,700",100% bearish,of 1 rating,$19
CDNA,$6.47,1440252934474,"6,286",100% bearish,of 1 rating,$9
CART,NULL,1440252934507,0,100% bearish,of 1 rating,N/A
CTRE,$12.03,1440252934528,"422,076",50% bullish,of 2 ratings,N/A
TAST,$11.91,1440252934563,"220,515",Not yet rated,NULL,$14.25
CRZO,$32,1440252934657,"968,169",67% bearish,of 3 ratings,$57
CRTN,$2.66,1440252934753,103,100% bearish,of 1 rating,N/A
CARV,$5.51,1440252934852,"1,650",50% bullish,of 2 ratings,N/A
CACB,$5.43,1440252934978,"111,472",Not yet rated,NULL,$5.50
CASM,$1.09,1440252935081,"4,748",100% bullish,of 1 rating,$3.50
CASY,$104.8974,1440252935108,"370,086",50% bullish,of 2 ratings,$99.50
CASS,$47.46,1440252935140,"46,174",100% bearish,of 1 rating,N/A
CASI,$1.42,1440252935161,"13,082",100% bullish,of 1 rating,$3.50
CWST,$6.2,1440252935182,"271,280",50% bullish,of 2 ratings,$7
CSCD,$14.23,1440252935318,"100,500",100% bullish,of 2 ratings,$17
CATB,$11.26,1440252935365,"70,464",100% bearish,of 1 rating,$28
CPRX,$3.66,1440252935462,"846,503",71% bullish,of 7 ratings,$7
CATY,$30.2864,1440252935492,"491,578",100% bearish,of 1 rating,$33.50
CATYW,$10.54,1440252935523,100,100% bearish,of 1 rating,N/A
CVCO,$73.17,1440252935545,"73,964",100% bearish,of 1 rating,N/A
CAVM,$66.14,1440252935629,"458,453",67% bearish,of 3 ratings,$72
CBFV,$20.75,1440252935684,"4,266",Not yet rated,NULL,N/A
CNLM,$9.97,1440252935821,"1,883",Not yet rated,NULL,N/A
CNLMU,NULL,1440252935846,0,100% bullish,of 1 rating,N/A
CNLMR,NULL,1440252935872,0,Not yet rated,NULL,N/A
CNLMW,NULL,1440252936002,0,Not yet rated,NULL,N/A
CDK,$48.5,1440252936028,"517,921",67% bearish,of 3 ratings,$50
CBOE,$61.4126,1440252936055,"495,206",Not yet rated,NULL,$60
CELG,$119.5,1440252936206,"5,582,818",92% bullish,of 13 ratings,$155.50
CECE,$9.45,1440252936233,"124,266",50% bullish,of 2 ratings,$16
CPXX,$2.13,1440252936263,"85,814",100% bullish,of 2 ratings,$7
CDW,$38.25,1440252936295,"1,490,342",75% bullish,of 4 ratings,$44
CLDN,$1.05,1440252936391,"324,992",71% bullish,of 7 ratings,$3
CELGZ,$1.81,1440252936416,"14,200",80% bullish,of 5 ratings,N/A
CLRB,$3.05,1440252936443,"5,111",100% bearish,of 1 rating,N/A
CLDX,$13.53,1440252936582,"2,065,127",89% bullish,of 9 ratings,$36
CLRBW,$0.94,1440252936685,300,Not yet rated,NULL,N/A
CLLS,$30.45,1440252936717,"113,250",75% bullish,of 4 ratings,$51.50
CLTX,$3,1440252936818,"2,660,088",100% bullish,of 2 ratings,N/A
CLSN,$2,1440252936858,"140,086",80% bullish,of 10 ratings,$7.50
CEMP,$35.5,1440252936956,"686,260",71% bullish,of 7 ratings,$52
CETX,$2.47,1440252936982,"12,950",Not yet rated,NULL,$5.60
CYAD,$50.47,1440252937016,"5,476",100% bullish,of 1 rating,$87.50
CBMG,$22.63,1440252937057,"40,791",50% bullish,of 2 ratings,N/A
CSFL,$14.06,1440252937124,"147,356",Not yet rated,NULL,$15
CFBK,$1.38,1440252937183,"6,308",Not yet rated,NULL,N/A
CETV,$2.02,1440252937209,"177,717",67% bullish,of 3 ratings,$2.80
CENT,$11.93,1440252937284,"28,453",Not yet rated,NULL,$10
CENTA,$12.57,1440252937370,"238,725",Not yet rated,NULL,N/A
CVCY,$11.19,1440252937513,675,Not yet rated,NULL,$12
CNTY,$6.02,1440252937550,"6,571",80% bullish,of 5 ratings,$7.75
CENX,$5.17,1440252937576,"1,660,584",67% bullish,of 6 ratings,$9
CPHD,$47.8043,1440252937711,"535,219",50% bullish,of 2 ratings,$66.50
CNBKA,$40.33,1440252937737,"9,839",100% bullish,of 1 rating,N/A
CRNT,$1.37,1440252937764,"280,066",50% bullish,of 2 ratings,$2
CERU,$3.42,1440252937793,"35,413",75% bullish,of 4 ratings,$15
CERE,$1.1,1440252937819,"479,152",88% bullish,of 8 ratings,N/A
CERS,$4.73,1440252937952,"650,339",75% bullish,of 4 ratings,$7
CERN,$61.72,1440252937982,"1,895,743",67% bullish,of 3 ratings,$79
CYOU,$20.0874,1440252938111,"457,679",50% bullish,of 6 ratings,$24
KOOL,$0.6998,1440252938140,"19,783",100% bullish,of 5 ratings,$7
HOTR,$1.5,1440252938171,"212,526",100% bullish,of 2 ratings,$5
CEVA,$18.37,1440252938197,"70,931",100% bearish,of 1 rating,$25
HOTRW,NULL,1440252938275,0,Not yet rated,NULL,N/A
GTLS,$22.3973,1440252938453,"330,795",50% bullish,of 4 ratings,$40
CHTR,$177.5087,1440252938493,"962,693",100% bearish,of 2 ratings,$196
CTHR,$1.23,1440252938519,"48,304",50% bullish,of 2 ratings,$2.50
CHFN,$12.45,1440252938552,"35,096",Not yet rated,NULL,$14
CHEK,$3.16,1440252938654,"1,665",Not yet rated,NULL,$7.75
CEMI,$4.25,1440252938686,"5,139",50% bullish,of 2 ratings,$7.50
CHKP,$76.9,1440252938715,"1,048,652",50% bullish,of 4 ratings,$92
CHEKW,NULL,1440252938782,0,Not yet rated,NULL,N/A
CHFC,$31.81,1440252938841,"100,386",100% bearish,of 1 rating,$36
CCXI,$6.66,1440252938937,"125,627",67% bullish,of 3 ratings,$14
CHMG,$26.6,1440252938963,700,Not yet rated,NULL,$30
CHKE,$25.42,1440252939097,"26,595",100% bearish,of 1 rating,$32.50
CALI,$0.87,1440252939314,"7,037",67% bullish,of 3 ratings,N/A
CBNK,$16.48,1440252939345,297,100% bearish,of 1 rating,N/A
CADC,NULL,1440252939372,0,78% bullish,of 9 ratings,N/A
CHEV,$14.63,1440252939393,"8,266",Not yet rated,NULL,N/A
CHMA,$24.05,1440252939430,"123,730",Not yet rated,NULL,$40
PLCE,$58.5,1440252939456,"386,298",100% bearish,of 1 rating,$71
CMRX,$46.44,1440252939524,"341,351",50% bullish,of 2 ratings,$57
CAAS,$6.48,1440252939603,"52,022",93% bullish,of 14 ratings,$11.50
CBAK,$1.8,1440252939681,"39,266",67% bullish,of 9 ratings,N/A
CCCR,$0.89,1440252939812,"36,866",67% bearish,of 3 ratings,N/A
CBPO,$97.5633,1440252939841,"275,264",75% bullish,of 8 ratings,$140.50
CCCL,$0.85,1440252939866,"10,030",100% bullish,of 6 ratings,N/A
JRJC,$3.88,1440252939915,"166,421",82% bullish,of 11 ratings,N/A
HGSH,$1.89,1440252940057,"13,900",67% bullish,of 3 ratings,N/A
CHLN,$2.05,1440252940093,"8,803",67% bullish,of 3 ratings,N/A
CHOP,$1.2,1440252940159,"146,084",50% bullish,of 2 ratings,N/A
CNIT,$1.54,1440252940189,"31,123",67% bullish,of 6 ratings,N/A
CHNR,$2.01,1440252940231,"1,911",100% bearish,of 1 rating,N/A
CJJD,$1.9,1440252940261,"52,186",100% bullish,of 1 rating,N/A
HTHT,$24.5,1440252940334,"81,284",50% bullish,of 2 ratings,$28
CREG,$0.7,1440252940362,"109,561",100% bullish,of 3 ratings,N/A
CSUN,$1.38,1440252940493,"19,180",80% bullish,of 5 ratings,N/A
CPGI,$6.94,1440252940518,"2,888",Not yet rated,NULL,N/A
CNTF,$0.85,1440252940586,"130,860",Not yet rated,NULL,N/A
CXDC,$6.21,1440252940719,"128,308",67% bullish,of 3 ratings,N/A
CNYD,$3.17,1440252940847,"7,840",67% bullish,of 3 ratings,N/A
CHSCN,$27.02,1440252940934,"3,839",Not yet rated,NULL,N/A
CCIH,$6.0688,1440252940995,"995,724",67% bullish,of 6 ratings,$12.65
CHSCL,$27.06,1440252941017,"26,654",Not yet rated,NULL,N/A
CNET,$0.8899,1440252941038,"36,501",50% bullish,of 2 ratings,N/A
IMOS,$16.0456,1440252941075,"208,767",60% bullish,of 5 ratings,$21.50
CHSCM,$25.86,1440252941098,"33,418",Not yet rated,NULL,N/A
CHSCP,$30.29,1440252941132,"3,905",Not yet rated,NULL,N/A
CHDN,$134.37,1440252941229,"57,359",Not yet rated,NULL,$165
CHSCO,$28.32,1440252941296,"9,147",Not yet rated,NULL,N/A
CHUY,$31.27,1440252941452,"229,822",50% bullish,of 2 ratings,$34
CDTX,$14.04,1440252941477,"21,619",Not yet rated,NULL,$22
CIFC,$6.85,1440252941606,"10,311",Not yet rated,NULL,N/A
CMCT,$15,1440252941635,"2,992",100% bearish,of 1 rating,N/A
CINF,$53.8535,1440252941710,"1,065,857",50% bullish,of 4 ratings,$50.50
CIDM,$0.62,1440252941740,"87,510",50% bullish,of 2 ratings,$2.10
CMPR,$67.75,1440252941791,"558,567",50% bullish,of 2 ratings,$72.50
CPHR,$6.2,1440252941818,"1,500",100% bearish,of 1 rating,$16
CTAS,$84.87,1440252941846,"522,195",100% bearish,of 1 rating,$91
CRUS,$27.46,1440252941983,"973,633",75% bullish,of 12 ratings,$44.50
CZNC,$19.63,1440252942056,"13,840",Not yet rated,NULL,N/A
CTRN,$27.92,1440252942091,"144,202",100% bearish,of 1 rating,$31.50
CZWI,$9.09,1440252942112,10,Not yet rated,NULL,N/A
CSCO,$26.48,1440252942141,"34,066,946",84% bullish,of 208 ratings,$32
CZFC,$12.7201,1440252942191,700,Not yet rated,NULL,N/A
CIZN,$19.55,1440252942342,"1,220",Not yet rated,NULL,N/A
CHCO,$47.47,1440252942476,"74,330",Not yet rated,NULL,$46
CTXS,$73.91,1440252942523,"1,231,547",86% bullish,of 7 ratings,$80
CIVB,$10.29,1440252942561,"5,841",Not yet rated,NULL,$11
CIVBP,NULL,1440252942590,0,Not yet rated,NULL,N/A
CDTI,$1.56,1440252942618,"65,316",75% bullish,of 4 ratings,$3.20
CLNT,$1.69,1440252942698,"56,834",75% bullish,of 8 ratings,N/A
CLNE,$4.02,1440252942765,"1,114,136",80% bullish,of 15 ratings,$9
CLFD,$16.89,1440252942795,"50,082",67% bullish,of 3 ratings,$18
CLRO,$11.74,1440252942863,"4,663",50% bullish,of 2 ratings,$14.25
CLIR,$5.07,1440252942961,"32,472",100% bullish,of 3 ratings,N/A
CBLI,$3.82,1440252943027,"47,562",60% bullish,of 5 ratings,N/A
CSBK,$13.76,1440252943053,"62,601",Not yet rated,NULL,N/A
CMFN,$11.79,1440252943078,"14,093",100% bearish,of 1 rating,$15.50
CLVS,$72.68,1440252943105,"346,682",60% bullish,of 5 ratings,$101.50
CCNE,$17.08,1440252943412,"21,997",50% bullish,of 2 ratings,$21.50
CISG,$7.78,1440252943481,"151,935",100% bullish,of 5 ratings,$10
CNV,$4.72,1440252943513,"20,202",50% bullish,of 2 ratings,$7.15
COKE,$154.15,1440252943540,"30,930",79% bullish,of 19 ratings,N/A
CME,$91.629,1440252943574,"3,306,208",67% bullish,of 3 ratings,$102
COBZ,$13,1440252943613,"155,494",100% bullish,of 1 rating,$14
CWAY,$11.36,1440252943673,502,Not yet rated,NULL,N/A
CDRB,$11.18,1440252943699,"11,033",67% bullish,of 3 ratings,N/A
CDXS,$3.96,1440252943875,"51,237",64% bullish,of 11 ratings,$6
CVLY,$20.55,1440252943905,"8,047",Not yet rated,NULL,N/A
CGNT,$1.66,1440252944037,"34,162",100% bullish,of 2 ratings,$2
JVA,$4.57,1440252944082,"28,204",83% bullish,of 6 ratings,$7
CGNX,$35.7,1440252944112,"695,000",50% bullish,of 2 ratings,$47
CCOI,$28.31,1440252944138,"322,021",50% bullish,of 4 ratings,$35
CTSH,$62.85,1440252944216,"3,763,692",90% bullish,of 10 ratings,$75
COHR,$57.2,1440252944273,"130,953",50% bullish,of 2 ratings,$72
COHU,$9.89,1440252944348,"271,999",100% bearish,of 1 rating,$14.25
CHRS,$29.87,1440252944403,"170,994",67% bearish,of 3 ratings,$37
CLRX,$0.4901,1440252944428,"59,544",50% bullish,of 2 ratings,N/A
COLL,$15.25,1440252944459,"33,838",100% bearish,of 1 rating,$26
CLCT,$18.06,1440252944480,"74,153",100% bearish,of 1 rating,N/A
CLCD,$6.91,1440252944670,"23,570",100% bearish,of 1 rating,$20.50
CBAN,$8.95,1440252944709,520,Not yet rated,NULL,N/A
CIGI,$44.35,1440252944776,"9,835",100% bearish,of 1 rating,$52
COLB,$31.17,1440252944837,"236,131",Not yet rated,NULL,$36
COLM,$62.63,1440252944864,"170,550",100% bearish,of 1 rating,$71
CMCO,$19.42,1440252944940,"118,644",60% bullish,of 5 ratings,$28
CMCSA,$56.78,1440252945032,"15,010,891",66% bullish,of 35 ratings,$69.50
CBMX,$1.21,1440252945059,"39,549",83% bullish,of 6 ratings,$3.15
CBSH,$45.3446,1440252945244,"380,222",50% bullish,of 2 ratings,$46
CMCSK,$57.64,1440252945279,"4,128,285",Not yet rated,NULL,$84
CVGI,$4.69,1440252945307,"105,073",50% bullish,of 2 ratings,$6
CBSHP,$25.25,1440252945338,"1,462",100% bearish,of 1 rating,N/A
CUBN,$13.6,1440252945377,"2,416",Not yet rated,NULL,N/A
CSAL,$20.6075,1440252945408,"718,045",75% bullish,of 4 ratings,$30
COMM,$29.31,1440252945435,"1,032,402",67% bearish,of 3 ratings,$35
JCS,$9.21,1440252945569,626,67% bullish,of 3 ratings,N/A
ESXB,$5.12,1440252945875,"12,099",Not yet rated,NULL,N/A
CTBI,$34.8,1440252945905,"47,075",Not yet rated,NULL,$36
CVLT,$36.34,1440252945928,"370,999",75% bullish,of 4 ratings,$44.50
CIZ,$33.33,1440252945954,"5,278",100% bearish,of 1 rating,N/A
CWBC,$6.78,1440252945979,"5,828",Not yet rated,NULL,N/A
CIL,$33.53,1440252946004,500,Not yet rated,NULL,N/A
CYHHZ,$0.011,1440252946036,"5,341",100% bullish,of 1 rating,N/A
COB,$10.42,1440252946142,"21,470",100% bullish,of 1 rating,$11.75
CFO,$35.7,1440252946304,"16,998",100% bearish,of 1 rating,N/A
CID,$33.93,1440252946339,300,Not yet rated,NULL,N/A
CDC,$35.22,1440252946360,"23,106",Not yet rated,NULL,N/A
CFA,$35.77,1440252946381,"2,458",100% bearish,of 1 rating,N/A
CSA,$33.32,1440252946423,"2,560",Not yet rated,NULL,N/A
CDL,$34.42,1440252946449,"7,600",Not yet rated,NULL,N/A
CSF,$36.84,1440252946515,"5,120",100% bearish,of 1 rating,N/A
CSB,NULL,1440252946685,0,Not yet rated,NULL,N/A
CPSI,$45.08,1440252946710,"89,664",100% bearish,of 1 rating,$45.50
CGEN,$5.15,1440252946736,"114,352",50% bullish,of 2 ratings,$11
CMTL,$26.49,1440252946939,"90,800",100% bearish,of 2 ratings,$37
CNSI,$18.79,1440252946974,"160,869",100% bearish,of 2 ratings,$29
CHCI,$0.6,1440252947010,"23,882",50% bullish,of 2 ratings,N/A
CNCE,$15.39,1440252947032,"221,475",75% bullish,of 4 ratings,$22
CTG,$6.63,1440252947065,"46,409",100% bearish,of 1 rating,$8.50
CNAT,$4,1440252947093,"134,269",83% bullish,of 6 ratings,$13
CCUR,$5.18,1440252947125,"18,754",75% bullish,of 4 ratings,N/A
SCOR,$56.5,1440252947146,"463,584",100% bearish,of 1 rating,$66
CXRX,$71.01,1440252947281,"3,584",Not yet rated,NULL,$90
CDORO,NULL,1440252947345,0,100% bearish,of 1 rating,N/A
CDOR,$1.47,1440252947425,"5,359",100% bullish,of 1 rating,N/A
CDORP,$6.7921,1440252947450,800,100% bearish,of 1 rating,N/A
CNFR,$10.42,1440252947585,"16,866",Not yet rated,NULL,N/A
CFMS,$21.32,1440252947615,"241,608",Not yet rated,NULL,$27
CNMD,$54.8,1440252947715,"186,789",Not yet rated,NULL,$59
CTWS,$35.1,1440252947740,"49,177",100% bearish,of 1 rating,$44
CNXR,$6.26,1440252947805,"22,458",100% bearish,of 1 rating,$12
CONN,$31.23,1440252947872,"383,835",67% bullish,of 3 ratings,$48.50
CNOB,$19.5,1440252947950,"153,863",100% bullish,of 1 rating,$23.50
CNSL,$20.06,1440252947978,"235,939",100% bearish,of 1 rating,$23
CTCT,$24.27,1440252948051,"286,115",67% bullish,of 3 ratings,$37
CFRX,$5.14,1440252948110,"29,285",Not yet rated,NULL,$14
CPSS,$5.64,1440252948138,"88,625",100% bullish,of 1 rating,$10
CWCO,$10.65,1440252948183,"129,607",67% bullish,of 3 ratings,$14.50
CFRXW,$1.87,1440252948315,"4,588",100% bearish,of 1 rating,N/A
CFRXZ,$0.531,1440252948348,"2,550",Not yet rated,NULL,N/A
CTRV,$3.55,1440252948445,"57,680",Not yet rated,NULL,$6.40
CPRT,$34.5858,1440252948474,"275,415",67% bearish,of 3 ratings,$40
CRBP,$2.13,1440252948546,"925,466",100% bullish,of 2 ratings,$6.25
CTRL,$7.91,1440252948572,"125,610",50% bullish,of 2 ratings,$11
CORT,$4.57,1440252948608,"394,867",67% bullish,of 3 ratings,$12
BVA,$3.75,1440252948642,"3,794",50% bullish,of 2 ratings,N/A
CORE,$59.8,1440252948740,"94,606",100% bearish,of 1 rating,$72
CORI,$10.8,1440252948872,"63,491",100% bearish,of 1 rating,$18
COSI,$1.11,1440252948905,"87,642",100% bullish,of 1 rating,N/A
CSOD,$36.95,1440252948938,"368,582",50% bullish,of 2 ratings,$42
CRVL,$32.1,1440252949012,"47,501",100% bearish,of 1 rating,N/A
CSGP,$181.61,1440252949037,"73,784",50% bullish,of 2 ratings,$235
COST,$139.357,1440252949177,"2,522,098",79% bullish,of 24 ratings,$154.50
ICBK,$18.6,1440252949320,402,Not yet rated,NULL,$21
CPAH,$0.4625,1440252949349,"11,752",50% bullish,of 2 ratings,N/A
CVTI,$22.53,1440252949375,"149,049",67% bearish,of 3 ratings,$39
COWN,$5.1,1440252949452,"839,094",75% bullish,of 4 ratings,$7
COVS,$2.56,1440252949526,"72,882",67% bullish,of 3 ratings,N/A
COWNL,$27.19,1440252949553,"3,700",Not yet rated,NULL,N/A
CPSH,$2.36,1440252949586,300,Not yet rated,NULL,N/A
CRAI,$22.39,1440252949689,"55,819",Not yet rated,NULL,$36
CBRL,$143.9027,1440252949740,"281,725",50% bullish,of 2 ratings,$155
CRAY,$20.49,1440252949791,"284,812",83% bullish,of 6 ratings,$38.50
BREW,$7.3,1440252949816,"59,792",67% bullish,of 6 ratings,$15
CACC,$192.85,1440252949870,"121,732",50% bullish,of 2 ratings,$158.50
SLVO,$10.46,1440252950005,"9,370",100% bearish,of 1 rating,N/A
GLDI,$11.09,1440252950030,"41,785",100% bearish,of 1 rating,N/A
CRTO,$43.49,1440252950167,"541,309",67% bullish,of 6 ratings,$64
CRESY,$10.29,1440252950192,"38,860",100% bearish,of 1 rating,$19
CREE,$25.45,1440252950240,"1,082,980",65% bullish,of 17 ratings,$29.50
CROX,$14.19,1440252950273,"1,360,754",63% bullish,of 8 ratings,$16.50
CRWS,$8.03,1440252950372,"2,485",Not yet rated,NULL,$10
CCRN,$14.41,1440252950401,"188,998",100% bearish,of 1 rating,$14.25
CRWN,$4.56,1440252950427,"130,545",75% bullish,of 4 ratings,N/A
CRDS,$1.05,1440252950454,"13,476",50% bullish,of 4 ratings,$4.50
CYRXW,$0.86,1440252950589,"41,500",Not yet rated,NULL,N/A
CYRX,$2.88,1440252950648,"35,137",Not yet rated,NULL,$9
CCLP,$13.8063,1440252950674,"64,248",67% bearish,of 3 ratings,$21
CSGS,$31.06,1440252950724,"172,648",Not yet rated,NULL,$40
CSPI,$6.18,1440252950749,"3,803",67% bullish,of 3 ratings,N/A
CTCM,$1.71,1440252950908,"372,018",80% bearish,of 5 ratings,$3.90
CTRP,$64.2374,1440252951035,"1,571,691",75% bullish,of 8 ratings,$92
CTIB,NULL,1440252951070,0,100% bearish,of 1 rating,N/A
CTIC,$1.68,1440252951091,"1,708,372",84% bullish,of 76 ratings,$5.75
CUNB,$22.03,1440252951131,"49,607",Not yet rated,NULL,$24.50
CUI,$4.8908,1440252951164,"121,551",50% bullish,of 2 ratings,$10
CPIX,$5.87,1440252951228,"3,515",Not yet rated,NULL,N/A
CMLS,$1.3,1440252951332,"970,308",50% bullish,of 4 ratings,$6
CRIS,$2.57,1440252951394,"442,411",100% bullish,of 8 ratings,$6
CVBF,$16.66,1440252951419,"658,942",Not yet rated,NULL,$18
CYAN,$7.3,1440252951576,"5,900",100% bearish,of 1 rating,N/A
CUTR,$14.4,1440252951625,"57,497",67% bearish,of 3 ratings,$18
CVV,$11.44,1440252951675,"25,260",100% bullish,of 5 ratings,N/A
CYBR,$51.5,1440252951712,"2,002,023",86% bullish,of 7 ratings,$66
CYCCP,NULL,1440252951815,0,100% bearish,of 1 rating,N/A
CYBX,$66.48,1440252951841,"561,566",50% bullish,of 4 ratings,$70
CYBE,$5.96,1440252951872,"9,802",100% bearish,of 1 rating,N/A
CYCC,$0.5699,1440252951905,"125,541",73% bullish,of 11 ratings,N/A
CBAY,$2.69,1440252951972,"42,788",100% bullish,of 1 rating,$4
CYNA,$16.08,1440252951998,"23,175",100% bullish,of 1 rating,$31.50
CY,$9.447,1440252952156,"3,384,357",80% bullish,of 10 ratings,$15.50
CYRN,$1.64,1440252952197,"253,906",67% bullish,of 3 ratings,$4
CYNO,$31.99,1440252952223,"242,311",67% bearish,of 3 ratings,$45.50
CONE,$32.98,1440252952290,"454,437",67% bearish,of 3 ratings,$35
CYTX,$0.375,1440252952357,"766,187",83% bullish,of 12 ratings,$5.50
CTSO,$6.95,1440252952537,"54,249",Not yet rated,NULL,$15.625
CYTR,$2.18,1440252952572,"755,510",67% bullish,of 6 ratings,$10
DAEG,$0.3443,1440252952602,"4,306",100% bearish,of 1 rating,N/A
TVIZ,$14.69,1440252952632,"3,240",100% bearish,of 1 rating,N/A
CYTK,$6.54,1440252952706,"193,233",71% bullish,of 14 ratings,$13.50
TVIX,$8.99,1440252952736,"19,877,376",81% bullish,of 16 ratings,N/A
ZIV,$46.57,1440252952761,"149,070",Not yet rated,NULL,N/A
XIV,$36.2,1440252952787,"25,218,869",75% bearish,of 4 ratings,N/A
DARA,$0.9,1440252952971,"39,987",83% bullish,of 6 ratings,$1.50
DAKT,$11.7,1440252953076,"198,964",50% bullish,of 2 ratings,$14
DAIO,$2.55,1440252953169,"4,354",Not yet rated,NULL,N/A
DJCO,$197.2,1440252953201,"1,966",Not yet rated,NULL,N/A
DRAM,$1.4,1440252953266,"5,900",78% bullish,of 9 ratings,N/A
DWCH,$4.97,1440252953298,"77,045",75% bullish,of 4 ratings,$8.25
DTLK,$5.5,1440252953331,"91,469",100% bearish,of 1 rating,$9
PLAY,$34.47,1440252953356,"228,236",100% bullish,of 5 ratings,$42
DWSN,$4.02,1440252953428,"44,331",67% bullish,of 3 ratings,$6
DTEA,$13.49,1440252953457,"126,308",100% bearish,of 2 ratings,$24
DBVT,$39.13,1440252953521,"112,606",100% bearish,of 1 rating,$53
TACO,$13.13,1440252953658,"216,919",100% bullish,of 3 ratings,$20
DHRM,$1.68,1440252953756,"4,586",Not yet rated,NULL,N/A
TRAK,$62.93,1440252953803,"1,034,755",50% bullish,of 2 ratings,$62.50
TACOW,$4.01,1440252953829,"3,651",100% bullish,of 1 rating,N/A
DFRG,$14.75,1440252953889,"199,012",100% bearish,of 1 rating,$20
DCTH,$0.48,1440252953963,"110,038",78% bullish,of 9 ratings,N/A
DELT,$2.59,1440252954020,"2,349",Not yet rated,NULL,N/A
DGAS,$20.24,1440252954062,"1,955",67% bearish,of 3 ratings,N/A
DELTW,NULL,1440252954153,0,Not yet rated,NULL,N/A
DSCI,$6.45,1440252954180,"49,351",50% bullish,of 2 ratings,$16
DENN,$11.6,1440252954236,"551,633",100% bullish,of 3 ratings,$15
DEPO,$28.75,1440252954373,"1,112,213",60% bullish,of 5 ratings,$29
DEST,$11.83,1440252954399,"39,808",50% bullish,of 2 ratings,N/A
XRAY,$53.63,1440252954431,"910,051",100% bullish,of 1 rating,$58
DERM,$24.15,1440252954531,"253,637",100% bearish,of 1 rating,$33.50
DXLG,$4.5,1440252954556,"65,758",100% bearish,of 1 rating,$8
DSWL,$1.75,1440252954692,"10,432",100% bullish,of 1 rating,N/A
DXM,$0.32,1440252954718,"22,270",50% bullish,of 2 ratings,N/A
DHXM,NULL,1440252954872,0,Not yet rated,NULL,N/A
DXCM,$89.9992,1440252954931,"957,976",57% bullish,of 7 ratings,$98
FANG,$66.542,1440252954957,"1,043,554",50% bullish,of 2 ratings,$86
DHIL,$190.8,1440252954984,"18,491",Not yet rated,NULL,N/A
DMND,$30.41,1440252955016,"181,308",75% bullish,of 12 ratings,$32
DRNA,$10.34,1440252955117,"90,197",67% bearish,of 3 ratings,$25
DGII,$9.95,1440252955142,"78,052",100% bearish,of 1 rating,$10
DCIX,$1.74,1440252955169,"92,529",50% bullish,of 4 ratings,$3.50
DMRC,$36.52,1440252955217,"70,922",100% bearish,of 1 rating,$44
DRAD,$3.88,1440252955305,"12,681",100% bullish,of 1 rating,$5.25
DGLY,$6.75,1440252955437,"241,709",50% bullish,of 6 ratings,$20
APPS,$2.36,1440252955473,"204,374",100% bearish,of 1 rating,$10.25
DIOD,$19.31,1440252955569,"281,801",75% bearish,of 4 ratings,$24
DCOM,$16.82,1440252955595,"156,270",100% bearish,of 2 ratings,$16.50
DISCA,$27.1,1440252955617,"3,037,195",67% bullish,of 3 ratings,$34
DPRX,$11.95,1440252955653,"18,525",100% bullish,of 2 ratings,$27.75
DISCK,$25.9869,1440252955822,"2,884,033",100% bearish,of 1 rating,$32
DISCB,NULL,1440252955859,0,100% bearish,of 1 rating,$35
DISH,$60.9427,1440252955885,"1,735,171",69% bullish,of 13 ratings,$73
DSCO,$0.4055,1440252955922,"156,711",83% bullish,of 6 ratings,$2.75
DLHC,$2.5,1440252956021,"6,270",100% bearish,of 1 rating,N/A
DVCR,$10.25,1440252956048,"18,982",100% bullish,of 1 rating,N/A
DNBF,$27.15,1440252956114,"8,727",Not yet rated,NULL,$27.50
BAGR,$3.01,1440252956201,"16,511",100% bearish,of 1 rating,$6
DGICA,$14.4,1440252956371,"16,557",100% bearish,of 1 rating,$17
DGICB,NULL,1440252956399,0,100% bearish,of 1 rating,N/A
DMLP,$13.9,1440252956420,"47,201",100% bearish,of 1 rating,N/A
DLTR,$76.3408,1440252956461,"2,448,980",82% bullish,of 11 ratings,$88
DRWIW,$0.0589,1440252956483,"1,581",Not yet rated,NULL,N/A
DRWI,$0.2625,1440252956557,"193,656",60% bullish,of 5 ratings,$.45
DORM,$49.7,1440252956585,"307,182",100% bearish,of 1 rating,$56
HILL,$9.69,1440252956738,"2,314,246",60% bearish,of 5 ratings,$9.75
DRYS,$0.357,1440252956873,"1,482,398",77% bullish,of 31 ratings,$.60
DSKX,$3.44,1440252956904,"117,971",100% bullish,of 1 rating,N/A
DWA,$19.0777,1440252956930,"879,680",63% bullish,of 8 ratings,$26
DSPG,$8.595,1440252956981,"67,339",100% bearish,of 1 rating,$13.50
CADT,$10.02,1440252957010,206,Not yet rated,NULL,N/A
CADTW,NULL,1440252957085,0,Not yet rated,NULL,N/A
CADTR,NULL,1440252957110,0,Not yet rated,NULL,N/A
DRRX,$1.99,1440252957311,"346,049",50% bullish,of 6 ratings,$3
DNKN,$49.874,1440252957340,"1,291,182",67% bullish,of 15 ratings,$56.50
DTSI,$26.055,1440252957404,"125,141",100% bearish,of 2 ratings,$39.50
DXPE,$28.59,1440252957442,"166,279",50% bullish,of 2 ratings,N/A
CADTU,NULL,1440252957470,0,Not yet rated,NULL,N/A
DYAX,$22.55,1440252957574,"854,965",89% bullish,of 9 ratings,$30
DYSL,$1.55,1440252957602,"180,829",100% bullish,of 2 ratings,N/A
BOOM,$9.64,1440252957630,"57,962",67% bullish,of 3 ratings,$12
DYNT,$2.86,1440252957764,"3,600",75% bullish,of 4 ratings,N/A
ETFC,$25.3,1440252957951,"2,489,422",57% bullish,of 14 ratings,$33
EGBN,$42.84,1440252957980,"89,593",Not yet rated,NULL,$48
DVAX,$27.73,1440252958012,"350,077",70% bullish,of 10 ratings,$40
EGLE,$6,1440252958039,"60,394",60% bullish,of 5 ratings,N/A
EBMT,$11.53,1440252958077,"19,207",Not yet rated,NULL,$13.50
EGRX,$65.38,1440252958109,"389,557",67% bullish,of 3 ratings,$97
EROC,$1.1,1440252958172,"356,235",50% bullish,of 2 ratings,$3
ELNK,$8.58,1440252958201,"814,740",60% bullish,of 5 ratings,$9.50
EML,$16.81,1440252958493,"6,029",Not yet rated,NULL,N/A
EWBC,$41.405,1440252958519,"1,077,281",100% bearish,of 1 rating,$50
EACQU,NULL,1440252958547,0,Not yet rated,NULL,N/A
ELON,$0.545,1440252958573,"64,729",50% bullish,of 2 ratings,N/A
EBAY,$25.613,1440252958603,"13,096,604",81% bullish,of 117 ratings,$48
EVBS,$6.45,1440252958651,"6,522",Not yet rated,NULL,$7
EBIX,$28.05,1440252958706,"477,773",69% bullish,of 13 ratings,$40
EEI,$11.09,1440252958909,"4,741",67% bearish,of 3 ratings,N/A
ECACU,$10.1,1440252958939,"1,738",Not yet rated,NULL,N/A
SATS,$45.42,1440252958967,"155,588",50% bullish,of 2 ratings,$60
ECHO,$24.82,1440252958992,"412,036",67% bearish,of 3 ratings,$35.50
ESES,$3.45,1440252959027,"8,309",100% bearish,of 1 rating,$7
ECTE,$1.63,1440252959099,"78,541",75% bullish,of 4 ratings,N/A
EDGW,$7.14,1440252959161,"35,959",100% bearish,of 1 rating,N/A
EDAP,$3.085,1440252959195,"136,353",60% bullish,of 5 ratings,$4.50
EDUC,$4.59,1440252959317,"7,183",100% bearish,of 1 rating,N/A
EFUT,NULL,1440252959389,0,Not yet rated,NULL,N/A
EGLT,$11.42,1440252959518,"23,570",50% bullish,of 2 ratings,$21
EHTH,$14.08,1440252959617,"414,120",50% bullish,of 4 ratings,$16.50
EMITF,$1.29,1440252959649,"7,100",75% bullish,of 4 ratings,N/A
ERI,$9.6,1440252959675,"124,258",100% bearish,of 1 rating,$10
EGAN,$3.47,1440252959710,"10,092",50% bullish,of 2 ratings,$6.25
ESLT,$80.34,1440252959744,"5,018",100% bullish,of 2 ratings,N/A
ELRC,$10.65,1440252959802,"75,948",100% bearish,of 1 rating,N/A
LOCO,$12.26,1440252959828,"1,085,303",69% bullish,of 13 ratings,$20
EA,$66.47,1440252960059,"3,731,767",77% bullish,of 35 ratings,$80
ESIO,$4.58,1440252960094,"42,139",50% bullish,of 2 ratings,$10
EFII,$43.93,1440252960120,"255,202",80% bullish,of 5 ratings,$55
ELSE,$4.02,1440252960149,"1,000",60% bullish,of 5 ratings,N/A
ELEC,NULL,1440252960254,0,Not yet rated,NULL,N/A
ELECW,NULL,1440252960325,0,Not yet rated,NULL,N/A
RDEN,$10.38,1440252960386,"93,838",100% bearish,of 4 ratings,$15
ELECU,NULL,1440252960423,0,Not yet rated,NULL,N/A
ESBK,$19.8,1440252960525,879,Not yet rated,NULL,N/A
LONG,$17.39,1440252960555,"18,568",67% bullish,of 3 ratings,$15.75
EBIO,$3.39,1440252960586,"858,193",100% bearish,of 2 ratings,$8.35
CAPX,$22.63,1440252960608,"1,168",Not yet rated,NULL,N/A
ELTK,$1.04,1440252960640,"51,304",67% bearish,of 3 ratings,N/A
EMCI,$23,1440252960744,"15,824",Not yet rated,NULL,N/A
EMCF,NULL,1440252960896,0,100% bearish,of 1 rating,N/A
EMKR,$7.16,1440252960921,"129,455",75% bullish,of 4 ratings,$8.50
EMMSP,$3.25,1440252961057,400,100% bearish,of 1 rating,N/A
EMMS,$1.28,1440252961084,"12,299",67% bullish,of 6 ratings,N/A
NYNY,$4.06,1440252961110,"74,163",50% bullish,of 2 ratings,N/A
ERS,$2.86,1440252961286,"1,336",Not yet rated,NULL,N/A
ECPG,$39.21,1440252961317,"126,955",100% bullish,of 2 ratings,$52
ENTA,$40.22,1440252961341,"172,455",50% bullish,of 2 ratings,$42
ENDP,$76.6008,1440252961362,"2,114,082",50% bullish,of 6 ratings,$104
WIRE,$32.7,1440252961405,"124,660",100% bearish,of 1 rating,$37
ECYT,$5.2,1440252961499,"252,908",83% bullish,of 6 ratings,$12
ELGX,$13.15,1440252961533,"557,451",75% bullish,of 4 ratings,$17
WATT,$6.74,1440252961561,"109,967",50% bullish,of 2 ratings,$13
EIGI,$15.18,1440252961630,"788,018",67% bearish,of 3 ratings,$22.50
EFOI,$15.8,1440252961657,"328,386",50% bullish,of 2 ratings,$20.50
ERII,$2.89,1440252961853,"84,939",80% bullish,of 5 ratings,$2.50
EXXI,$1.44,1440252961958,"1,757,742",86% bullish,of 7 ratings,$3.50
ESGR,$151,1440252962089,"69,547",100% bearish,of 1 rating,$185
ENOC,$8.08,1440252962122,"211,114",75% bullish,of 4 ratings,$18
ENPH,$4.42,1440252962150,"567,322",75% bullish,of 4 ratings,$11
ENFC,$18.34,1440252962171,"2,236",Not yet rated,NULL,N/A
ENG,$1.02,1440252962201,"5,407",100% bullish,of 3 ratings,N/A
ENTL,$21.44,1440252962231,"15,857",Not yet rated,NULL,$28
ENTG,$13.72,1440252962253,"439,650",100% bearish,of 1 rating,$18
ETRM,$0.2331,1440252962386,"441,727",69% bearish,of 35 ratings,$1.625
EFSC,$24.75,1440252962492,"69,838",Not yet rated,NULL,$27
EBTC,$20.07,1440252962520,"8,123",Not yet rated,NULL,N/A
ENVI,$1.85,1440252962546,"15,528",67% bullish,of 3 ratings,N/A
EGT,$2.09,1440252962571,"1,500",100% bullish,of 1 rating,N/A
ENZY,$8.98,1440252962780,"9,946",67% bullish,of 3 ratings,$9.50
EPZM,$15.93,1440252962882,"285,509",60% bullish,of 5 ratings,$34
EPIQ,$13.87,1440252962912,"92,324",100% bearish,of 1 rating,$18
PLUS,$77.81,1440252962942,"952,339",50% bullish,of 2 ratings,$88
EQIX,$273,1440252962968,"589,444",75% bullish,of 4 ratings,$312.50
ENZN,$1,1440252962996,"766,555",100% bullish,of 9 ratings,N/A
EPRS,$4.76,1440252963048,"74,298",82% bullish,of 11 ratings,$15
EAC,$3.67,1440252963132,"15,388",100% bearish,of 1 rating,$8
EQFN,$8.3,1440252963215,300,Not yet rated,NULL,N/A
ERIC,$9.83,1440252963261,"2,368,815",63% bullish,of 8 ratings,$12.20
ERIE,$84.5099,1440252963313,"26,146",Not yet rated,NULL,$73
ESCA,$18.35,1440252963350,"25,641",100% bearish,of 1 rating,$22
ESCR,$0.14,1440252963394,"63,314",50% bullish,of 2 ratings,N/A
ESCRP,$1.65,1440252963483,"5,017",100% bearish,of 1 rating,N/A
ESPR,$54.47,1440252963539,"1,355,738",67% bearish,of 9 ratings,$123
ESMC,$1.33,1440252963644,502,Not yet rated,NULL,N/A
EPIX,$6.1,1440252963712,"1,200",Not yet rated,NULL,N/A
ESSX,$0.5249,1440252963739,"6,504",50% bullish,of 2 ratings,N/A
ESSA,$12.45,1440252963773,"16,679",100% bearish,of 1 rating,N/A
ETSY,$13.46,1440252963871,"796,058",80% bullish,of 5 ratings,$16
CLWT,NULL,1440252963901,0,100% bearish,of 1 rating,N/A
ESND,$35.095,1440252963928,"147,368",100% bearish,of 2 ratings,$40
EEFT,$64.81,1440252964003,"236,603",100% bearish,of 1 rating,$67.50
ESEA,$6.15,1440252964099,"3,082",100% bullish,of 1 rating,$15
EVEP,$7.26,1440252964165,"294,425",50% bullish,of 2 ratings,$15
EVLV,$2.14,1440252964250,"85,207",60% bullish,of 5 ratings,$6.50
EVK,$3.74,1440252964313,982,75% bearish,of 4 ratings,N/A
EVOK,$4,1440252964382,"114,285",100% bearish,of 1 rating,$13.375
EXAS,$20.31,1440252964411,"1,234,918",78% bullish,of 9 ratings,$31
EVOL,$5.85,1440252964444,"13,690",75% bullish,of 4 ratings,$10
EXAC,$18.17,1440252964546,"136,951",100% bearish,of 1 rating,$22.50
EXA,$10.73,1440252964574,"22,120",100% bearish,of 1 rating,$13
EXEL,$5.25,1440252964600,"5,463,517",81% bullish,of 16 ratings,$6
EXPD,$48.2,1440252964798,"1,810,722",80% bullish,of 5 ratings,$51.50
EXLS,$36.55,1440252964827,"207,530",100% bullish,of 1 rating,$41
EXPE,$114.6,1440252964848,"1,238,899",64% bullish,of 11 ratings,$130
EXFO,$2.9,1440252964880,"3,300",67% bearish,of 3 ratings,$3.95
EXPO,$42.83,1440252964905,"146,412",100% bearish,of 1 rating,$45.50
ESRX,$84.81,1440252965045,"5,163,905",67% bearish,of 6 ratings,$101
EXLP,$18.2,1440252965077,"94,863",100% bearish,of 1 rating,$27
EXTR,$2.85,1440252965179,"805,798",80% bullish,of 5 ratings,$3
EYEG,$4.17,1440252965207,"19,980",Not yet rated,NULL,N/A
EZCH,$21.4963,1440252965239,"127,057",75% bullish,of 8 ratings,$19.50
EZPW,$6.08,1440252965333,"351,949",50% bullish,of 4 ratings,$7.50
EYEGW,$1.24,1440252965368,800,Not yet rated,NULL,N/A
FFIV,$122.51,1440252965520,"846,241",63% bullish,of 8 ratings,$132
FB,$85.88,1440252965615,"39,696,768",73% bullish,of 1066 ratings,$111
FCS,$13.14,1440252965640,"1,086,086",67% bearish,of 3 ratings,$17
FWM,$2.25,1440252965670,"178,419",100% bearish,of 2 ratings,$3.20
FRP,$16.9,1440252965699,"50,706",100% bearish,of 1 rating,$18
DAVE,$14.36,1440252965774,"19,659",100% bearish,of 1 rating,$15.50
FALC,$1.65,1440252965800,"10,845",63% bearish,of 8 ratings,N/A
FARM,$22.62,1440252966672,"21,053",100% bearish,of 1 rating,$35
FFKT,$26.79,1440252966771,"20,439",Not yet rated,NULL,$29
FAST,$39.1,1440252966798,"3,000,801",80% bullish,of 5 ratings,$46
FMNB,$8.03,1440252966823,"3,562",Not yet rated,NULL,N/A
FARO,$38.92,1440252966848,"118,530",50% bullish,of 2 ratings,$48
FATE,$6.24,1440252967014,"82,980",50% bullish,of 2 ratings,$11
FBSS,NULL,1440252967039,0,Not yet rated,NULL,N/A
FBRC,$22.24,1440252967076,"44,108",100% bearish,of 1 rating,$29
FDML,$8.96,1440252967097,"230,349",50% bullish,of 4 ratings,$14
FEIC,$77.57,1440252967178,"344,496",50% bullish,of 2 ratings,$95.50
FHCO,$1.43,1440252967214,"18,402",50% bullish,of 4 ratings,N/A
FNHC,$21.92,1440252967241,"80,132",100% bearish,of 1 rating,$35
FENX,$9.84,1440252967322,"59,141",100% bullish,of 1 rating,$14.25
ONEQ,$185.63,1440252967457,"41,902",100% bullish,of 1 rating,N/A
FCSC,$5.86,1440252967483,"212,270",100% bearish,of 1 rating,$8.125
FGEN,$22.96,1440252967505,"374,029",100% bearish,of 1 rating,$39
LION,$19.31,1440252967676,"108,630",100% bullish,of 1 rating,$20
FDUS,$14.42,1440252967808,"64,363",100% bullish,of 1 rating,$18
FSFR,$8.92,1440252967880,"131,626",100% bearish,of 1 rating,$11.50
FITBI,$27.68,1440252967910,"5,800",Not yet rated,NULL,N/A
FSAM,$8.56,1440252967946,"20,457",100% bearish,of 1 rating,$11
FSCFL,$24.7,1440252968013,"11,419",Not yet rated,NULL,N/A
FITB,$19.7,1440252968043,"7,100,591",54% bullish,of 13 ratings,$22
FSC,$6.42,1440252968069,"839,385",75% bullish,of 4 ratings,$8
FRGI,$51.57,1440252968212,"149,676",50% bullish,of 2 ratings,$70
FNGN,$33.616,1440252968248,"485,960",67% bullish,of 3 ratings,$47
FNSR,$15.33,1440252968273,"1,137,273",71% bullish,of 7 ratings,$24.50
FISI,$24.77,1440252968403,"41,074",100% bullish,of 2 ratings,$24.50
FNJN,$1.66,1440252968429,"15,161",100% bearish,of 1 rating,$5
FNTCW,NULL,1440252968569,0,Not yet rated,NULL,N/A
FNTCU,NULL,1440252968598,0,Not yet rated,NULL,N/A
FNTC,NULL,1440252968623,0,Not yet rated,NULL,N/A
FNLC,$18.46,1440252968660,"17,421",100% bullish,of 1 rating,N/A
FEYE,$37,1440252968682,"7,331,774",87% bullish,of 15 ratings,$55.50
BUSE,$6.37,1440252968762,"197,401",Not yet rated,NULL,$6.875
FBNC,$16.81,1440252968798,"59,972",100% bullish,of 1 rating,$20
FRBA,$6.02,1440252968820,611,Not yet rated,NULL,$8
FCVA,$4.75,1440252968998,"1,132",Not yet rated,NULL,N/A
FCAP,$26.55,1440252969024,226,Not yet rated,NULL,N/A
FBIZ,$44.04,1440252969050,"28,467",100% bearish,of 2 ratings,$52
FCCO,$12.11,1440252969281,202,Not yet rated,NULL,$13.25
FCLF,$9.08,1440252969312,55,Not yet rated,NULL,N/A
FCNCA,$241.45,1440252969342,"17,885",Not yet rated,NULL,N/A
FCBC,$17.88,1440252969373,"60,860",Not yet rated,NULL,$18
FFNM,$6.32,1440252969415,"3,040",Not yet rated,NULL,N/A
FFBC,$18.76,1440252969447,"176,775",67% bearish,of 3 ratings,$20.25
FCFS,$38.15,1440252969471,"157,660",100% bearish,of 2 ratings,$48
FBNK,$16.65,1440252969549,"60,146",100% bearish,of 1 rating,$17.50
FDEF,$38.3,1440252969620,"42,408",Not yet rated,NULL,$38
FCFP,$6.9,1440252969649,"2,500",Not yet rated,NULL,N/A
FFIN,$31.1263,1440252969812,"286,801",50% bullish,of 2 ratings,$31.75
THFF,$33.27,1440252969840,"47,577",Not yet rated,NULL,$35
FFBCW,NULL,1440252969860,0,100% bearish,of 1 rating,N/A
INBK,$32.43,1440252970044,"13,595",50% bullish,of 2 ratings,$37
FFNW,$12.46,1440252970098,"21,487",Not yet rated,NULL,$14
FRME,$25.47,1440252970130,"199,009",Not yet rated,NULL,$26.50
FFWM,$21.44,1440252970164,"10,014",Not yet rated,NULL,$24
FMBH,NULL,1440252970190,0,Not yet rated,NULL,N/A
FIBK,$26.83,1440252970228,"83,623",Not yet rated,NULL,$32
FMBI,$17.84,1440252970253,"374,767",Not yet rated,NULL,$20
FNBC,$34.45,1440252970284,"116,074",Not yet rated,NULL,$41.50
FNWB,$12.08,1440252970449,"8,662",Not yet rated,NULL,N/A
FNFG,$9.2289,1440252970478,"1,658,831",80% bullish,of 5 ratings,$9
FSFG,$30.1754,1440252970584,729,Not yet rated,NULL,N/A
FSGI,$2.45,1440252970610,"4,889",Not yet rated,NULL,N/A
FSLR,$45.5,1440252970662,"2,207,203",74% bullish,of 39 ratings,$65
BICK,$19.6,1440252970747,"1,801",100% bullish,of 1 rating,N/A
FBZ,NULL,1440252970817,0,Not yet rated,NULL,N/A
FSBK,$7.93,1440252970848,"1,441",100% bullish,of 1 rating,N/A
FTCS,$36.65,1440252970873,"33,745",Not yet rated,NULL,N/A
FCAN,$24.47,1440252970904,964,Not yet rated,NULL,N/A
FCA,$20,1440252971009,"2,607",Not yet rated,NULL,N/A
FV,$23.23,1440252971034,"4,139,653",Not yet rated,NULL,N/A
IFV,$17.6,1440252971059,"2,040,199",100% bearish,of 1 rating,N/A
FEUZ,$30.69,1440252971280,"5,731",Not yet rated,NULL,N/A
FTSM,$59.9,1440252971319,"20,701",100% bearish,of 1 rating,N/A
FEMB,NULL,1440252971380,0,Not yet rated,NULL,N/A
MDIV,$19.22,1440252971407,"565,706",Not yet rated,NULL,N/A
TDIV,$24.46,1440252971448,"449,109",100% bearish,of 1 rating,N/A
FTGC,$22.05,1440252971474,"122,767",Not yet rated,NULL,N/A
FGM,$35.03,1440252971499,"69,317",Not yet rated,NULL,N/A
FPXI,$27.51,1440252971745,"1,318",Not yet rated,NULL,N/A
FHK,$32.72,1440252971772,"128,700",Not yet rated,NULL,N/A
HYLS,$49.21,1440252971800,"102,494",100% bearish,of 1 rating,N/A
YDIV,$16.62,1440252971826,"2,670",Not yet rated,NULL,N/A
FTHI,$19.4,1440252971851,"10,468",Not yet rated,NULL,N/A
SKYY,$28.68,1440252971984,"76,557",100% bullish,of 1 rating,N/A
PLTM,$6.66,1440252972010,"3,862",100% bearish,of 1 rating,N/A
CU,$12.76,1440252972060,"13,066",100% bearish,of 1 rating,N/A
FJP,$46.13,1440252972085,"49,025",Not yet rated,NULL,N/A
FTLB,$19.28,1440252972217,"2,451",100% bearish,of 1 rating,N/A
LMBS,$50.49,1440252972248,862,Not yet rated,NULL,N/A
FMB,$51.195,1440252972343,"1,778",Not yet rated,NULL,N/A
QABA,$38.13,1440252972415,"44,503",100% bearish,of 1 rating,N/A
FONE,$34.05,1440252972444,"1,800",Not yet rated,NULL,N/A
QCLN,$14.54,1440252972469,"17,473",Not yet rated,NULL,N/A
CIBR,$18.04,1440252972500,"162,032",Not yet rated,NULL,N/A
GRID,$33.62,1440252972599,834,100% bearish,of 1 rating,N/A
QQEW,$41.94,1440252972770,"313,108",Not yet rated,NULL,N/A
CARZ,$34.42,1440252972797,"11,011",100% bearish,of 1 rating,N/A
QQXT,$40.09,1440252972818,"60,503",Not yet rated,NULL,N/A
RDVY,$21.64,1440252972853,"318,269",Not yet rated,NULL,N/A
AIRR,$16.37,1440252972874,"9,058",100% bearish,of 1 rating,N/A
QTEC,$39.35,1440252972950,"147,804",Not yet rated,NULL,N/A
QINC,$20.71,1440252973009,"1,700",Not yet rated,NULL,N/A
FTSL,$48.8,1440252973139,"33,452",100% bearish,of 1 rating,N/A
FKO,$22.32,1440252973196,"3,700",Not yet rated,NULL,N/A
FSZ,$38.85,1440252973237,"76,690",Not yet rated,NULL,N/A
FDIV,$47.59,1440252973264,"6,143",100% bearish,of 1 rating,N/A
TUSA,$25.08,1440252973328,"4,920",Not yet rated,NULL,N/A
FTW,$29.425,1440252973395,"1,534",Not yet rated,NULL,N/A
FKU,$41.6,1440252973472,"86,339",Not yet rated,NULL,N/A
FUNC,$8.33,1440252973539,"3,636",Not yet rated,NULL,N/A
SVVC,$10.15,1440252973617,"36,001",100% bullish,of 1 rating,$26
FSV,$31.87,1440252973685,"12,538",Not yet rated,NULL,$33.60
FMER,$17.6579,1440252973753,"1,802,777",50% bullish,of 2 ratings,$20
FISV,$84.87,1440252973778,"1,522,717",100% bearish,of 3 ratings,$90
FIVN,$4.11,1440252973917,"185,266",100% bullish,of 1 rating,$8.50
FIVE,$35.34,1440252973946,"409,909",75% bearish,of 4 ratings,$44
FPRX,$18.26,1440252973972,"303,751",50% bullish,of 2 ratings,$35
FLKS,$13.13,1440252974053,"55,627",50% bullish,of 2 ratings,$27
FLXN,$24.39,1440252974113,"86,363",100% bearish,of 1 rating,$40
FLML,$21.11,1440252974139,"134,027",50% bullish,of 2 ratings,$30
SKOR,$50.52,1440252974197,"1,000",Not yet rated,NULL,N/A
FLXS,$30.45,1440252974271,"36,609",100% bearish,of 2 ratings,N/A
MBSD,NULL,1440252974298,0,Not yet rated,NULL,N/A
FLEX,$10.51,1440252974358,"2,454,407",63% bullish,of 8 ratings,$12
FLIR,$28.75,1440252974493,"720,631",100% bearish,of 1 rating,$38.50
FLDM,$12.54,1440252974518,"686,894",67% bearish,of 3 ratings,$21.50
FFIC,$20.38,1440252974550,"69,120",Not yet rated,NULL,$21
FOMX,$9.79,1440252974653,"135,576",50% bullish,of 2 ratings,$23.50
FOGO,$18.84,1440252974731,"114,696",50% bullish,of 2 ratings,$25.50
FONR,$9.54,1440252974816,"18,526",100% bullish,of 1 rating,N/A
FES,$0.92,1440252974877,"4,841",50% bullish,of 2 ratings,$1
FORM,$6,1440252974919,"267,226",67% bullish,of 3 ratings,$10.50
FORTY,$32.4,1440252974941,"4,710",Not yet rated,NULL,N/A
FTNT,$42.98,1440252975015,"1,928,364",80% bullish,of 10 ratings,$52
FBIO,$2.51,1440252975045,"188,268",83% bullish,of 6 ratings,N/A
FORR,$32.21,1440252975066,"52,356",Not yet rated,NULL,N/A
FWRD,$46.8,1440252975098,"307,366",100% bearish,of 1 rating,$50
FWP,$25.67,1440252975285,"46,088",100% bearish,of 1 rating,$45
FORD,$1.04,1440252975417,"120,974",50% bullish,of 2 ratings,N/A
FOSL,$59.15,1440252975443,"1,014,809",50% bullish,of 4 ratings,$80
FOXF,$15.28,1440252975650,"65,653",100% bearish,of 1 rating,$19
FRAN,$10.24,1440252975682,"689,114",50% bullish,of 4 ratings,$15
FRED,$14.505,1440252975710,"342,264",50% bullish,of 2 ratings,$16.50
FREE,$0.43,1440252975731,"823,292",92% bullish,of 12 ratings,N/A
FXCB,$17.3,1440252975753,"17,445",Not yet rated,NULL,$19
FMI,$21.61,1440252975794,"391,770",100% bearish,of 2 ratings,$27.50
FELE,$28.92,1440252975888,"341,251",50% bullish,of 4 ratings,$33
RAIL,$20.87,1440252975915,"125,948",100% bearish,of 1 rating,$24.50
FRPT,$13,1440252976049,"495,123",67% bearish,of 3 ratings,$23.50
FTR,$5.2,1440252976075,"19,477,135",78% bullish,of 27 ratings,$6.25
FEIM,$11.17,1440252976279,"8,777",100% bearish,of 1 rating,N/A
FRPH,$30.33,1440252976344,"14,572",100% bearish,of 1 rating,N/A
FTRPR,$102.05,1440252976408,"61,829",100% bearish,of 1 rating,N/A
FTD,$29.45,1440252976433,"149,230",100% bearish,of 1 rating,$40
FSBW,$23.34,1440252976460,"2,300",Not yet rated,NULL,N/A
FCEL,$0.7366,1440252976492,"1,658,337",88% bullish,of 40 ratings,$2.65
FTEK,$2.16,1440252976517,"40,018",75% bullish,of 4 ratings,N/A
FSYS,$6.38,1440252976597,"45,792",67% bullish,of 3 ratings,$10
FULLL,$25.3,1440252976834,"2,099",Not yet rated,NULL,N/A
FSNN,$2.61,1440252976864,"1,800",67% bullish,of 3 ratings,$6
FULT,$12.4385,1440252976885,"1,361,369",100% bearish,of 1 rating,$13
FFHL,NULL,1440252976917,0,50% bullish,of 4 ratings,N/A
FLL,$1.58,1440252976938,"14,473",75% bullish,of 4 ratings,$2.825
FULL,$3.14,1440252976968,"56,049",67% bearish,of 3 ratings,$4.25
FXEN,$0.82,1440252977101,"170,889",75% bullish,of 4 ratings,$1.10
WILC,$5.06,1440252977264,"5,946",100% bullish,of 2 ratings,N/A
GK,$70.3,1440252977297,"83,887",Not yet rated,NULL,$78
GAIA,$5.86,1440252977319,"23,978",50% bullish,of 2 ratings,$8.50
GALT,$1.99,1440252977349,"104,198",80% bullish,of 5 ratings,N/A
GLPG,$61.54,1440252977394,"27,887",100% bullish,of 1 rating,$75
FXENP,$15.9,1440252977484,"2,740",100% bearish,of 1 rating,N/A
GALTU,NULL,1440252977523,0,100% bearish,of 1 rating,N/A
GALTW,NULL,1440252977589,0,100% bullish,of 1 rating,N/A
GALE,$1.34,1440252977722,"1,297,229",89% bullish,of 47 ratings,$4
GLMD,$8.52,1440252977758,"7,887",67% bullish,of 3 ratings,$20.50
GLPI,$31.6262,1440252977790,"495,016",100% bearish,of 1 rating,$37.50
GPIC,$11.09,1440252977857,8,100% bearish,of 1 rating,N/A
GRMN,$38.26,1440252977884,"1,619,493",50% bullish,of 6 ratings,$48
GGAC,NULL,1440252977918,0,100% bearish,of 1 rating,N/A
GGACU,NULL,1440252978103,0,Not yet rated,NULL,N/A
GGACW,$0.12,1440252978131,438,Not yet rated,NULL,N/A
GGACR,NULL,1440252978155,0,100% bullish,of 1 rating,N/A
GARS,$14.82,1440252978212,"25,735",Not yet rated,NULL,$16
GNCMA,$16.75,1440252978480,"180,927",100% bearish,of 1 rating,$12
GENC,$9.48,1440252978507,"1,326",100% bearish,of 1 rating,N/A
GFNSL,$25.8,1440252978530,"1,200",Not yet rated,NULL,N/A
GFN,$3.59,1440252978571,"35,382",100% bearish,of 2 ratings,$8
GFNCP,NULL,1440252978595,0,Not yet rated,NULL,N/A
GNMK,$9.4,1440252978616,"146,170",67% bullish,of 6 ratings,$14
GNCA,$12.48,1440252978662,"168,679",100% bearish,of 1 rating,$20
GENE,$2.36,1440252978687,"148,645",100% bullish,of 12 ratings,N/A
GHDX,$25.37,1440252978825,"139,056",50% bullish,of 2 ratings,$30
GNVC,$2.24,1440252978889,"34,502",90% bullish,of 10 ratings,$8.50
THRM,$44.01,1440252978916,"309,602",75% bearish,of 4 ratings,$55.50
GNTX,$15.0882,1440252978936,"1,731,017",Not yet rated,NULL,$20
GEOS,$15.3,1440252979100,"116,850",100% bearish,of 3 ratings,$25.50
GABC,$29.73,1440252979175,"47,076",Not yet rated,NULL,$31.50
ROCK,$17.57,1440252979241,"235,847",80% bullish,of 5 ratings,$24
GIGM,$0.6,1440252979274,"112,719",100% bullish,of 2 ratings,N/A
GIGA,$1.42,1440252979303,"46,287",100% bearish,of 1 rating,N/A
GEVO,$2.29,1440252979335,"240,735",75% bullish,of 12 ratings,$5
GTWN,NULL,1440252979366,0,Not yet rated,NULL,N/A
GERN,$3.08,1440252979402,"2,161,517",88% bullish,of 16 ratings,$5.25
GIII,$64.77,1440252979469,"271,077",67% bullish,of 3 ratings,$75
GILT,$4.47,1440252979533,"2,023",50% bullish,of 2 ratings,N/A
GILD,$105.383,1440252979660,"15,611,252",91% bullish,of 87 ratings,$129
GBCI,$26.4218,1440252979765,"334,049",50% bullish,of 2 ratings,$31
GLAD,$8.51,1440252979829,"155,251",50% bullish,of 2 ratings,$8.75
GOOD,$15.44,1440252979934,"98,286",Not yet rated,NULL,$19
GOODP,$25.14,1440252979965,"1,250",Not yet rated,NULL,N/A
GAIN,$7.47,1440252980009,"246,309",100% bullish,of 2 ratings,$8.25
GOODN,$25.64,1440252980039,426,Not yet rated,NULL,N/A
GOODO,$25.1,1440252980066,"1,266",Not yet rated,NULL,N/A
GLADO,$25.59,1440252980091,"3,000",Not yet rated,NULL,N/A
GAINN,$25.2379,1440252980266,150,Not yet rated,NULL,N/A
GAINO,$25.31,1440252980295,"1,726",Not yet rated,NULL,N/A
GAINP,$25.85,1440252980323,"3,950",Not yet rated,NULL,N/A
GLBZ,NULL,1440252980349,0,Not yet rated,NULL,N/A
LAND,$9.5,1440252980404,"16,439",50% bullish,of 2 ratings,$13.75
GBT,$45.75,1440252980513,"252,564",100% bearish,of 1 rating,N/A
GBLI,$26.25,1440252980659,"16,164",Not yet rated,NULL,N/A
GPACU,$10.1,1440252980693,"2,854",Not yet rated,NULL,N/A
GSOL,$8.26,1440252980716,"15,789",100% bearish,of 1 rating,N/A
GDEF,$10.5401,1440252980746,100,Not yet rated,NULL,N/A
ENT,$11.73,1440252980774,"196,363",100% bearish,of 1 rating,$18
ACTX,$13.25,1440252980803,600,100% bullish,of 1 rating,N/A
SOCL,$17.18,1440252980903,"100,120",100% bullish,of 2 ratings,N/A
QQQC,$19.26,1440252980996,"4,950",100% bearish,of 1 rating,N/A
SRET,$13.6,1440252981062,"4,194",Not yet rated,NULL,N/A
ALTY,$14.587,1440252981089,700,Not yet rated,NULL,N/A
YLCO,$11.75,1440252981137,"1,235",Not yet rated,NULL,N/A
GAI,$5.27,1440252981224,"3,415",50% bullish,of 2 ratings,N/A
GSM,$13.26,1440252981301,"403,098",50% bullish,of 2 ratings,$24.50
GLBS,$1.06,1440252981401,"10,500",67% bullish,of 3 ratings,N/A
GLRI,$1.1,1440252981427,"80,101",100% bearish,of 1 rating,$6
GBIM,$2.26,1440252981453,"43,964",50% bullish,of 2 ratings,N/A
GLUU,$4.37,1440252981585,"2,317,587",92% bullish,of 26 ratings,$9
GLYC,$7.26,1440252981612,"7,663",50% bullish,of 2 ratings,$14
GOGO,$15.48,1440252981641,"479,979",80% bullish,of 5 ratings,$25
GLNG,$35.44,1440252981666,"792,592",83% bullish,of 6 ratings,$58
GDEN,$8.88,1440252981905,"11,961",50% bullish,of 2 ratings,N/A
GMLP,$19.13,1440252981939,"137,734",50% bullish,of 4 ratings,$32.50
GLDC,$4.13,1440252981960,"3,480",50% bullish,of 2 ratings,N/A
GOGL,$2.92,1440252981999,"540,722",75% bullish,of 4 ratings,$5
GBDC,$16.5151,1440252982094,"145,009",Not yet rated,NULL,$17.75
GTIM,$6.47,1440252982125,"80,995",Not yet rated,NULL,$11.50
GOOG,$616,1440252982149,"2,256,491",90% bullish,of 68 ratings,$825
GOOGL,$647,1440252982227,"2,533,646",88% bullish,of 1079 ratings,$749
GPRO,$48.84,1440252982305,"5,811,963",78% bullish,of 58 ratings,$72
GMAN,$4.4,1440252982334,"71,999",60% bullish,of 5 ratings,$8
GPIAU,NULL,1440252982406,0,Not yet rated,NULL,N/A
GPIA,NULL,1440252982431,0,Not yet rated,NULL,N/A
GPIAW,NULL,1440252982564,0,Not yet rated,NULL,N/A
GBSN,$1.46,1440252982645,"747,556",100% bearish,of 1 rating,$8.25
LOPE,$37.1955,1440252982680,"420,323",100% bearish,of 2 ratings,$50
GRVY,$3.43,1440252982714,"1,202",50% bullish,of 2 ratings,N/A
GLDD,$5.39,1440252982775,"288,709",100% bearish,of 4 ratings,$7.75
GNBC,$12.08,1440252982803,"33,737",100% bearish,of 1 rating,$17
GBSNU,$16,1440252982849,"22,548",Not yet rated,NULL,N/A
GSBC,$40.6,1440252982875,"36,220",100% bullish,of 1 rating,$44
GPP,$14.94,1440252983039,"24,630",Not yet rated,NULL,$20.50
GRBK,$13.35,1440252983106,"154,269",77% bullish,of 13 ratings,N/A
GCBC,NULL,1440252983138,0,100% bullish,of 1 rating,N/A
GLRE,$24.86,1440252983208,"262,384",50% bullish,of 2 ratings,$41
GRIF,$30.945,1440252983233,209,100% bearish,of 1 rating,N/A
GPRE,$18.8277,1440252983257,"832,352",67% bullish,of 6 ratings,$28.50
OMAB,$39.57,1440252983494,"24,030",100% bullish,of 1 rating,$44
GRPN,$4.077,1440252983525,"7,070,465",61% bullish,of 71 ratings,$6.75
GGAL,$18.96,1440252983555,"423,209",80% bullish,of 5 ratings,$40
GRFS,$30.3,1440252983577,"180,141",50% bullish,of 2 ratings,$35
GSIG,$13.11,1440252983610,"71,415",100% bearish,of 2 ratings,N/A
GSIT,$4.97,1440252983665,"9,824",100% bearish,of 1 rating,N/A
GSVC,$8.56,1440252983712,"118,374",50% bullish,of 2 ratings,$14.50
GBNK,$15.76,1440252983845,"43,034",100% bearish,of 1 rating,$18
GTXI,$0.83,1440252983974,"67,416",100% bullish,of 5 ratings,$.75
GFED,$14.94,1440252984030,10,Not yet rated,NULL,$17
GUID,$7.29,1440252984051,"187,217",100% bearish,of 3 ratings,$10
GULTU,$0.2905,1440252984072,"102,116",100% bearish,of 1 rating,N/A
GIFI,$11.97,1440252984140,"46,892",100% bearish,of 1 rating,$16
GPOR,$33.8159,1440252984368,"937,085",75% bullish,of 4 ratings,$55
GYRO,$2.85,1440252984400,"76,416",100% bearish,of 1 rating,N/A
HLG,$9.64,1440252984428,"5,100",100% bearish,of 1 rating,N/A
HEES,$16.51,1440252984450,"306,657",67% bearish,of 3 ratings,$31
GURE,$1.62,1440252984484,"151,052",88% bullish,of 8 ratings,N/A
GWPH,$104.03,1440252984510,"200,237",78% bullish,of 9 ratings,$148.50
GWGH,$7.35,1440252984582,"1,284",100% bearish,of 1 rating,$15.05
HBK,$13.8,1440252984759,8,50% bullish,of 2 ratings,N/A
HALO,$17.33,1440252984790,"1,204,693",67% bullish,of 3 ratings,$22.50
HALL,$11.67,1440252984811,"28,021",Not yet rated,NULL,N/A
HNRG,$7.22,1440252984841,"124,047",100% bearish,of 1 rating,$10
HMPR,$1.89,1440252984863,"118,740",100% bullish,of 1 rating,N/A
HBHC,$26.8668,1440252984998,"451,705",50% bullish,of 2 ratings,$30
HBHCL,$24.49,1440252985058,"18,426",Not yet rated,NULL,N/A
HNH,$27.82,1440252985089,"21,502",100% bullish,of 1 rating,N/A
HAFC,$24.565,1440252985192,"117,041",100% bullish,of 2 ratings,$28.50
HQCL,$8.63,1440252985217,"24,293",67% bullish,of 3 ratings,N/A
HNSN,$0.501,1440252985243,"78,898",88% bullish,of 8 ratings,$.40
HDNG,$9.98,1440252985270,"11,225",50% bullish,of 4 ratings,N/A
HART,$0.775,1440252985698,"213,330",100% bearish,of 1 rating,N/A
HBIO,$4.39,1440252985726,"81,394",Not yet rated,NULL,$10
HRMN,NULL,1440252985757,0,Not yet rated,NULL,N/A
HRMNU,NULL,1440252985778,0,Not yet rated,NULL,N/A
HCAP,$12.17,1440252985815,"24,008",50% bullish,of 2 ratings,$15
TINY,$2.45,1440252985836,"20,315",50% bullish,of 2 ratings,$5.26
HRMNW,NULL,1440252985869,0,Not yet rated,NULL,N/A
HLIT,$5.58,1440252985910,"331,156",100% bearish,of 1 rating,$6.50
HCAPL,$25.4,1440252986042,"1,773",Not yet rated,NULL,N/A
HA,$23.05,1440252986174,"931,944",67% bullish,of 9 ratings,$27
HAS,$75.171,1440252986206,"1,049,605",63% bullish,of 8 ratings,$84.50
HCOM,$22.51,1440252986227,"37,331",100% bearish,of 1 rating,$28
HWKN,$36.84,1440252986309,"29,157",Not yet rated,NULL,N/A
HWBK,$13.8,1440252986372,674,100% bearish,of 1 rating,N/A
HDS,$33.08,1440252986399,"1,295,702",100% bearish,of 2 ratings,$39.50
HAYN,$37.88,1440252986445,"48,863",100% bearish,of 1 rating,$59
HQY,$29.27,1440252986534,"394,569",67% bullish,of 3 ratings,$31
HCSG,$33.546,1440252986605,"309,474",50% bullish,of 4 ratings,$35
HTLD,$20.165,1440252986713,"492,188",Not yet rated,NULL,$22.50
HSTM,$24.87,1440252986744,"220,098",50% bullish,of 2 ratings,$33.75
HIIQ,$4.48,1440252986783,"28,731",50% bullish,of 2 ratings,$7
HWAY,$12.48,1440252986846,"386,123",100% bearish,of 1 rating,$15
HTLF,$36.24,1440252986871,"48,371",100% bullish,of 1 rating,$39.50
HTWR,$83.28,1440252986914,"239,502",50% bullish,of 2 ratings,$103
HTBX,$5.31,1440252987008,"21,712",50% bullish,of 2 ratings,$15.50
HELE,$87.93,1440252987100,"151,548",67% bearish,of 3 ratings,$100
HMNY,$2.2261,1440252987137,"2,878",100% bearish,of 1 rating,N/A
HSII,$20.17,1440252987171,"59,389",100% bullish,of 3 ratings,$25
HNNA,$24.57,1440252987231,"15,081",Not yet rated,NULL,N/A
HCACU,$10.0043,1440252987305,"2,000",Not yet rated,NULL,N/A
HMTV,$12.84,1440252987332,"12,852",100% bearish,of 1 rating,$16
HSIC,$138.0834,1440252987407,"512,882",83% bullish,of 6 ratings,$146
HERO,$0.06,1440252987465,"5,839,839",81% bullish,of 16 ratings,$.75
HTBK,$11.04,1440252987497,"93,871",Not yet rated,NULL,$12
HEOP,$7.68,1440252987711,"27,087",Not yet rated,NULL,$8.50
HFWA,$17.74,1440252987748,"62,742",100% bullish,of 1 rating,$20
HCCI,$11.65,1440252987771,"27,277",100% bearish,of 1 rating,$16.50
HFFC,$16.27,1440252987843,946,Not yet rated,NULL,N/A
MLHR,$28.1966,1440252987873,"238,584",50% bullish,of 2 ratings,$33.50
HRTX,$35.05,1440252987896,"839,423",67% bullish,of 6 ratings,$41
HSKA,$33.2,1440252987925,"28,561",100% bearish,of 1 rating,$38
HIHO,$4,1440252988117,"9,057",Not yet rated,NULL,N/A
HIBB,$37.37,1440252988144,"1,128,881",100% bearish,of 1 rating,$48.50
HIFS,$118.11,1440252988203,"8,734",Not yet rated,NULL,N/A
HPJ,$2.25,1440252988238,"130,395",75% bullish,of 4 ratings,$12.43
HIMX,$6.29,1440252988259,"1,170,901",86% bullish,of 21 ratings,$8.50
HSGX,$5.92,1440252988335,"24,278",100% bearish,of 1 rating,$17
HMNF,$11.42,1440252988394,"2,480",Not yet rated,NULL,N/A
HMSY,$8.8389,1440252988419,"1,363,874",67% bullish,of 3 ratings,$19.35
HOLI,$16.9527,1440252988468,"228,631",50% bullish,of 4 ratings,$27
HOMB,$39.23,1440252988649,"321,450",Not yet rated,NULL,$41
HOLX,$39.74,1440252988680,"2,134,552",67% bullish,of 3 ratings,$42
HBCP,$24.4,1440252988707,"41,618",Not yet rated,NULL,$29
HFBL,$21.69,1440252988818,"1,800",Not yet rated,NULL,N/A
AWAY,$29.3662,1440252988846,"943,583",67% bullish,of 3 ratings,$36
HMST,$21.57,1440252988869,"119,006",100% bullish,of 2 ratings,$27
HMIN,$29.096,1440252988899,"61,111",100% bearish,of 2 ratings,$35
HKTV,$4.68,1440252989004,"7,455",100% bearish,of 1 rating,N/A
HTBI,$18.39,1440252989030,"70,970",67% bullish,of 3 ratings,$18.625
HBNC,$24.3,1440252989244,"31,745",100% bullish,of 1 rating,$27
HOFT,$24.43,1440252989275,"62,910",100% bearish,of 1 rating,N/A
CETC,$0.77,1440252989339,"45,584",86% bullish,of 7 ratings,N/A
HZNP,$29.2,1440252989373,"2,449,005",85% bullish,of 20 ratings,$40
HFBC,$11.61,1440252989402,"2,835",Not yet rated,NULL,N/A
HDP,$25.5,1440252989534,"235,894",67% bearish,of 3 ratings,$30.50
HRZN,$10.59,1440252989556,"54,947",100% bearish,of 1 rating,$14.25
ZINC,$7.25,1440252989585,"624,456",100% bearish,of 1 rating,$17
HMHC,$22.4,1440252989616,"923,176",Not yet rated,NULL,$27
HWCC,$7.22,1440252989642,"136,206",100% bearish,of 1 rating,$9
HOVNP,NULL,1440252989777,0,100% bearish,of 1 rating,N/A
HBMD,$14.95,1440252989910,502,100% bearish,of 1 rating,N/A
HTGM,$5.59,1440252989977,"9,721",100% bearish,of 1 rating,$19.50
HSNI,$60.9227,1440252990018,"239,269",Not yet rated,NULL,$80
HUBG,$39.18,1440252990066,"205,184",100% bearish,of 1 rating,$43
HCBK,$9.5789,1440252990118,"2,422,499",83% bullish,of 6 ratings,$8.61
HSON,$2.8,1440252990148,"20,391",100% bearish,of 1 rating,$5
HDSN,$2.81,1440252990196,"30,286",100% bullish,of 1 rating,$6.25
HURC,$29.88,1440252990254,"26,946",100% bearish,of 1 rating,N/A
HBANP,$1337,1440252990304,12,100% bearish,of 1 rating,N/A
HBAN,$11.11,1440252990335,"6,980,840",76% bullish,of 17 ratings,$12.29
HURN,$73.02,1440252990435,"109,473",50% bullish,of 2 ratings,$80
HBP,$3.09,1440252990478,"1,457",100% bullish,of 1 rating,N/A
HTCH,$1.58,1440252990512,"60,402",100% bearish,of 1 rating,$3.50
HDRA,NULL,1440252990571,0,Not yet rated,NULL,N/A
HDRAR,NULL,1440252990610,0,Not yet rated,NULL,N/A
HDRAU,$10.06,1440252990810,100,Not yet rated,NULL,N/A
HYGS,$7.48,1440252990859,"42,666",50% bullish,of 2 ratings,$13
HDRAW,NULL,1440252990884,0,Not yet rated,NULL,N/A
IKGH,$1.81,1440252990917,"12,492",75% bullish,of 4 ratings,N/A
IBKC,$60.3428,1440252991016,"191,218",100% bullish,of 1 rating,$70
IACI,$71.15,1440252991047,"768,044",75% bullish,of 4 ratings,$90
IDSY,$3.85,1440252991074,"6,888",100% bearish,of 1 rating,$7
ICAD,$3.54,1440252991149,"22,041",50% bullish,of 2 ratings,$7.25
ICFI,$35.71,1440252991244,"104,061",50% bullish,of 2 ratings,$48.50
ICLR,$77.7434,1440252991287,"297,930",100% bearish,of 3 ratings,$85
IEP,$67.43,1440252991319,"123,610",75% bullish,of 4 ratings,$99
ICUI,$115.51,1440252991418,"147,406",Not yet rated,NULL,$122
ICON,$12.25,1440252991449,"780,798",50% bullish,of 2 ratings,$18.50
INVE,$4.66,1440252991557,"109,550",75% bullish,of 4 ratings,$4
IPWR,$7.36,1440252991616,"3,392",100% bullish,of 1 rating,$15
IDRA,$2.52,1440252991642,"1,118,091",89% bullish,of 9 ratings,$6.50
DSKY,$12.1367,1440252991670,"291,194",67% bullish,of 6 ratings,$11.50
IDXX,$74.1911,1440252991699,"439,447",100% bearish,of 1 rating,$77
IRG,$4.73,1440252991803,"29,774",100% bearish,of 1 rating,$4.50
IROQ,$16.68,1440252991841,502,100% bullish,of 1 rating,N/A
IIVI,$17.63,1440252991972,"240,082",100% bearish,of 1 rating,$22
RXDX,$12.57,1440252991999,"107,394",100% bullish,of 1 rating,$20
KANG,$15,1440252992026,"344,010",50% bullish,of 2 ratings,$22.55
IKAN,$2.73,1440252992051,"14,561",83% bullish,of 6 ratings,$5
ILMN,$199.29,1440252992199,"1,014,627",80% bullish,of 5 ratings,$240
IKNX,$11.46,1440252992262,722,100% bearish,of 1 rating,N/A
ISNS,$3.82,1440252992331,"67,780",50% bullish,of 2 ratings,N/A
IMDZ,$15.49,1440252992462,"55,028",100% bearish,of 1 rating,$33
IMGN,$13.07,1440252992490,"1,107,990",75% bullish,of 4 ratings,$17.50
IMMR,$11.38,1440252992511,"215,531",80% bullish,of 5 ratings,$15.50
IMNP,$1.38,1440252992549,"103,462",50% bullish,of 2 ratings,$6
ICCC,$8.05,1440252992640,"7,929",100% bullish,of 1 rating,N/A
IMMU,$1.87,1440252992667,"975,603",86% bullish,of 7 ratings,$2
IPXL,$43.4148,1440252992725,"694,109",67% bullish,of 3 ratings,$46.50
IMMY,$7.49,1440252992751,"6,448",100% bearish,of 1 rating,$11
INCR,$42.36,1440252992806,"1,097,736",50% bullish,of 2 ratings,$53
SAAS,$7.7296,1440252992939,"487,787",50% bullish,of 2 ratings,$15
INDB,$46.44,1440252992993,"91,428",Not yet rated,NULL,$44
INCY,$104.2975,1440252993042,"711,350",50% bullish,of 6 ratings,$125.50
IBCP,$14.21,1440252993076,"66,760",100% bullish,of 1 rating,$14.50
IBTX,$42.68,1440252993174,"39,240",100% bullish,of 2 ratings,$47.25
IDSA,$3.64,1440252993201,174,Not yet rated,NULL,N/A
INFN,$21.08,1440252993232,"2,781,964",71% bullish,of 7 ratings,$28
IPCC,$79.97,1440252993332,"44,593",Not yet rated,NULL,$77.50
III,$4.14,1440252993358,"158,901",57% bullish,of 7 ratings,$6
INFI,$9.44,1440252993401,"820,535",50% bullish,of 4 ratings,$18
IFON,$1.23,1440252993426,"45,196",75% bullish,of 4 ratings,N/A
INOD,$2.48,1440252993574,"19,784",100% bearish,of 1 rating,N/A
INWK,$7.33,1440252993602,"164,366",50% bullish,of 2 ratings,$10
IMKTA,$52.89,1440252993649,"113,692",100% bearish,of 1 rating,N/A
INNL,NULL,1440252993782,0,100% bearish,of 1 rating,$16.50
IPHS,$47.91,1440252993834,"90,391",100% bearish,of 1 rating,$60
ISSC,$2.92,1440252993860,"8,615",67% bearish,of 3 ratings,N/A
IOSP,$46.19,1440252993881,"4,359,888",100% bearish,of 1 rating,N/A
INGN,$49.39,1440252993913,"168,397",100% bearish,of 1 rating,$50.50
ITEK,$13.7368,1440252994046,"780,060",100% bearish,of 3 ratings,$20
INOV,$20.95,1440252994115,"349,429",100% bearish,of 1 rating,$33
NSIT,$25.94,1440252994146,"161,989",50% bullish,of 2 ratings,N/A
INO,$7.07,1440252994219,"991,184",89% bullish,of 18 ratings,$20
INSM,$24.29,1440252994279,"376,220",71% bullish,of 7 ratings,$31.50
ISIG,$2.58,1440252994311,"12,103",100% bearish,of 1 rating,N/A
IIIN,$18,1440252994333,"160,188",100% bearish,of 2 ratings,N/A
PODD,$28.7,1440252994413,"377,984",50% bullish,of 2 ratings,$35
INSY,$32.5,1440252994544,"744,412",75% bullish,of 4 ratings,$48
NTEC,$5.94,1440252994583,"22,000",Not yet rated,NULL,N/A
IART,$60.71,1440252994646,"233,404",100% bearish,of 1 rating,$71.50
IDTI,$17.29,1440252994672,"2,463,021",60% bullish,of 5 ratings,$25
IESC,$7.27,1440252994697,"1,500",100% bearish,of 1 rating,N/A
INTC,$26.7,1440252994725,"36,675,246",82% bullish,of 238 ratings,$36
ISSI,$22.3,1440252994857,"296,636",67% bullish,of 3 ratings,$19.75
IPCI,$2.12,1440252995045,"35,773",67% bullish,of 6 ratings,$7.75
IQNT,$19.28,1440252995079,"257,467",86% bullish,of 7 ratings,$20
ININ,$37,1440252995109,"115,076",67% bearish,of 3 ratings,$57
IPAR,$27.27,1440252995130,"59,510",67% bullish,of 3 ratings,$38
IBKR,$38.66,1440252995166,"576,484",100% bullish,of 1 rating,N/A
ICPT,$190.6771,1440252995195,"265,072",70% bullish,of 10 ratings,$359.50
ICLDW,$0.9601,1440252995259,"1,250",100% bearish,of 1 rating,N/A
ICLD,$1.87,1440252995422,"413,066",75% bullish,of 4 ratings,N/A
IDCC,$47.38,1440252995510,"294,240",80% bullish,of 5 ratings,$63
INAP,$8.27,1440252995607,"157,177",75% bullish,of 4 ratings,$11
IMI,$2.13,1440252995635,"9,131",67% bullish,of 3 ratings,$2.22
IGLD,$7.15,1440252995656,"2,377",50% bullish,of 2 ratings,N/A
TILE,$24.33,1440252995689,"583,565",67% bearish,of 3 ratings,$27
ISCA,$31.76,1440252995710,"75,500",100% bearish,of 1 rating,N/A
IBOC,$26.0269,1440252995853,"200,228",100% bearish,of 1 rating,N/A
IIJI,$8.9299,1440252995920,"1,000",50% bullish,of 2 ratings,$11.50
INPH,$0.3099,1440252995950,"9,140",50% bullish,of 2 ratings,N/A
PTNT,$3.05,1440252996002,"4,282",Not yet rated,NULL,N/A
INTX,$2.44,1440252996081,"40,947",67% bullish,of 3 ratings,N/A
IILG,$20.03,1440252996137,"307,013",100% bearish,of 1 rating,$30.50
XENT,$27.72,1440252996163,"196,800",50% bullish,of 2 ratings,$36.50
IVAC,$4.89,1440252996326,"16,408",Not yet rated,NULL,$6.625
ISIL,$10.2,1440252996380,"911,504",50% bullish,of 6 ratings,$15
INTLL,$25.77,1440252996405,"1,100",Not yet rated,NULL,N/A
ITCI,$28.5,1440252996545,"400,140",75% bearish,of 4 ratings,$40
INTL,$25.88,1440252996581,"119,017",67% bearish,of 3 ratings,N/A
ISRG,$506.65,1440252996626,"238,287",67% bullish,of 3 ratings,$600
IIN,$6.38,1440252996654,"6,399",100% bearish,of 1 rating,$12
INTU,$89.98,1440252996716,"5,254,872",86% bullish,of 7 ratings,$110.50
INVT,$0.2713,1440252996788,"28,221",67% bullish,of 3 ratings,N/A
SNAK,$8.47,1440252996822,"286,014",50% bullish,of 2 ratings,$14
ISBC,$11.8686,1440252996921,"2,158,729",100% bullish,of 1 rating,$13.25
ITIC,$71.35,1440252996948,16,100% bearish,of 2 ratings,N/A
ISTR,$15.85,1440252997131,"2,506",100% bearish,of 1 rating,$18.50
IPAS,$1.01,1440252997160,"153,876",67% bullish,of 3 ratings,N/A
NVIV,$9.83,1440252997195,"458,296",50% bullish,of 4 ratings,$24.50
IVTY,$12.69,1440252997260,"13,088",Not yet rated,NULL,$18
DTUL,NULL,1440252997289,0,Not yet rated,NULL,N/A
IPCM,$79.5,1440252997314,"605,193",50% bullish,of 2 ratings,$80.125
DFVL,NULL,1440252997393,0,Not yet rated,NULL,N/A
IRMD,$25.1,1440252997445,"16,337",67% bearish,of 3 ratings,$25
IRDM,$6.69,1440252997526,"599,667",60% bullish,of 5 ratings,$11.50
IPGP,$84.18,1440252997590,"196,618",100% bearish,of 2 ratings,$109.50
IRDMB,$266.65,1440252997660,"1,378",67% bearish,of 3 ratings,N/A
IRIX,$7.16,1440252997691,"14,066",100% bearish,of 1 rating,N/A
IRWD,$10.95,1440252997716,"1,059,107",100% bearish,of 1 rating,$13
IRBT,$29.9,1440252997766,"240,464",67% bullish,of 6 ratings,$37
COMT,$32.24,1440252997969,"20,256",100% bearish,of 1 rating,N/A
IRCP,$32,1440252998006,651,100% bullish,of 2 ratings,N/A
IFAS,$28.76,1440252998032,"9,892",Not yet rated,NULL,N/A
GNMA,$50.25,1440252998096,"2,022",Not yet rated,NULL,N/A
FCHI,$47.8,1440252998159,"4,334",Not yet rated,NULL,N/A
IFGL,$28.84,1440252998195,"124,298",Not yet rated,NULL,N/A
IFEU,$39.05,1440252998222,"52,081",Not yet rated,NULL,N/A
IFNA,$56.26,1440252998251,2,Not yet rated,NULL,N/A
ACWI,$55.66,1440252998295,"1,415,661",Not yet rated,NULL,N/A
ACWX,$40.41,1440252998385,"332,696",100% bearish,of 1 rating,N/A
AAIT,$30.53,1440252998630,"1,424",100% bullish,of 1 rating,N/A
EEMA,$48.76,1440252998656,"380,775",Not yet rated,NULL,N/A
AXJS,NULL,1440252998688,0,Not yet rated,NULL,N/A
AAXJ,$52.27,1440252998729,"1,955,125",Not yet rated,NULL,N/A
EEME,$38.47,1440252998788,"1,248",100% bearish,of 1 rating,N/A
EMDI,$46.16,1440252998816,300,Not yet rated,NULL,N/A
EEML,$27.35,1440252998844,700,Not yet rated,NULL,N/A
EMEY,$24.77,1440252998868,200,Not yet rated,NULL,N/A
EGRW,$47,1440252998972,"2,678",Not yet rated,NULL,N/A
EUFN,$21.91,1440252999068,"205,824",100% bearish,of 1 rating,N/A
IEUS,$45.52,1440252999219,"8,328",100% bearish,of 1 rating,N/A
QAT,$20.45,1440252999248,"23,345",Not yet rated,NULL,N/A
EVAL,$36.84,1440252999274,"4,617",Not yet rated,NULL,N/A
IBB,$340.47,1440252999319,"2,475,808",63% bullish,of 8 ratings,N/A
UAE,$17.61,1440252999346,"11,802",Not yet rated,NULL,N/A
SOXX,$78.63,1440252999475,"710,879",50% bullish,of 2 ratings,N/A
EMIF,$28.27,1440252999501,"15,998",Not yet rated,NULL,N/A
ICLN,$9.42,1440252999532,"40,619",50% bullish,of 2 ratings,N/A
ISHG,$80.2,1440252999640,"83,600",100% bearish,of 1 rating,N/A
INDY,$27.85,1440252999670,"903,318",50% bullish,of 2 ratings,N/A
WOOD,$49.3,1440252999714,"53,527",50% bullish,of 2 ratings,N/A
ISLE,$16.59,1440252999749,"295,431",50% bullish,of 4 ratings,$16
ISIS,$47.09,1440252999844,"1,346,021",53% bullish,of 15 ratings,$67
IGOV,$92.1372,1440252999874,"25,494",100% bearish,of 1 rating,N/A
ISRL,$128.55,1440252999973,"1,003",100% bearish,of 1 rating,N/A
ITRN,$24.7,1440253000131,"30,305",50% bullish,of 2 ratings,N/A
ITRI,$31.94,1440253000157,"253,746",Not yet rated,NULL,$37
XXIA,$15.37,1440253000178,"314,105",71% bullish,of 7 ratings,$14.625
ITUS,$4.16,1440253000217,"6,967",Not yet rated,NULL,N/A
MAYS,NULL,1440253000313,0,Not yet rated,NULL,N/A
JJSF,$113.14,1440253000342,"100,391",100% bearish,of 1 rating,N/A
IXYS,$10.57,1440253000381,"247,242",50% bullish,of 4 ratings,N/A
JBHT,$76.18,1440253000409,"901,669",50% bullish,of 4 ratings,$89.50
JCOM,$69.56,1440253000484,"218,346",100% bullish,of 2 ratings,$77
JASO,$7,1440253000550,"1,435,775",82% bullish,of 17 ratings,$10
JKHY,$68.27,1440253000579,"285,534",50% bullish,of 2 ratings,$72
JACK,$81.43,1440253000682,"546,557",83% bullish,of 6 ratings,$105
JAXB,$12.76,1440253000830,"1,300",100% bullish,of 1 rating,N/A
JAGX,$2.5784,1440253000856,"18,491",Not yet rated,NULL,N/A
JXSB,$24.05,1440253000891,742,Not yet rated,NULL,N/A
JAKK,$9.07,1440253000917,"491,312",60% bearish,of 5 ratings,$11
JRVR,$26.32,1440253000994,"51,011",Not yet rated,NULL,$32
JMBA,$13.18,1440253001015,"107,503",75% bullish,of 4 ratings,$18
ERW,NULL,1440253001094,0,Not yet rated,NULL,N/A
JASN,$4.81,1440253001264,"34,092",50% bullish,of 2 ratings,$9.50
JD,$25.2,1440253001303,"9,448,374",75% bullish,of 16 ratings,$36
JASNW,$0.18,1440253001329,"12,833",50% bullish,of 2 ratings,N/A
JAZZ,$170.2996,1440253001395,"486,735",80% bullish,of 15 ratings,$206.50
JBLU,$21.8,1440253001425,"7,445,018",94% bullish,of 17 ratings,$27
JTPY,$3.02,1440253001449,"5,165",100% bearish,of 1 rating,N/A
JCTCF,NULL,1440253001528,0,100% bullish,of 1 rating,N/A
DATE,$6.47,1440253001666,"197,033",75% bullish,of 4 ratings,$9
JST,$4,1440253001698,"43,984",75% bullish,of 4 ratings,N/A
JIVE,$4.1,1440253001802,"633,964",75% bullish,of 4 ratings,$5
WYIGU,$10.0227,1440253001834,100,Not yet rated,NULL,N/A
JOEZ,$0.185,1440253001865,"70,020",92% bullish,of 12 ratings,N/A
JBSS,$48.96,1440253001904,"138,677",67% bearish,of 3 ratings,N/A
JOUT,$23.01,1440253001929,"16,294",100% bearish,of 1 rating,$34
