Symbol,Price,Date,Volume,Rating,RatingVoteCount,OneYearEstimate
TFSCU,$10.14,1439768270319,"1,300",Not yet rated,NULL,N/A
FLWS,$9.56,1439768270347,"126,247",100% bullish,of 5 ratings,$15
FCTY,$7.61,1439768270369,"4,394",100% bullish,of 1 rating,$8.50
SRCE,$31.28,1439768270613,"21,517",100% bullish,of 3 ratings,$33
VNET,$20.66,1439768270643,"200,730",60% bullish,of 5 ratings,$29.50
DGLD,$85.97,1439768270711,"2,192",100% bullish,of 1 rating,N/A
TWOU,$36.03,1439768270772,"576,550",50% bullish,of 2 ratings,$39
UGLD,$8.83,1439768270798,"94,710",100% bearish,of 1 rating,N/A
DSLV,$62.91,1439768270945,"21,916",100% bearish,of 1 rating,N/A
JOBS,$28.7271,1439768271205,"106,996",50% bullish,of 4 ratings,$36
USLV,$14.535,1439768271233,"190,883",86% bullish,of 7 ratings,N/A
FCCY,$11.5,1439768271259,"16,670",100% bullish,of 1 rating,$13
PIH,$7.64,1439768271288,"1,730",100% bearish,of 1 rating,N/A
SIXD,$3.03,1439768271590,"277,881",Not yet rated,NULL,N/A
CAFD,$15.77,1439768271621,"185,031",Not yet rated,NULL,$25
EGHT,$8.55,1439768271643,"333,074",82% bullish,of 17 ratings,$11
AVHI,$14.11,1439768271723,"28,080",100% bearish,of 1 rating,$19
SHLM,$35.6,1439768271904,"80,215",100% bearish,of 1 rating,$50
AAON,$23.23,1439768271943,"51,218",100% bearish,of 1 rating,$24
ABAX,$48.45,1439768271973,"84,225",100% bearish,of 1 rating,$60
ABEO,$5.35,1439768272077,"186,951",67% bullish,of 3 ratings,$15.50
ABGB,$5.07,1439768272167,"74,422",67% bullish,of 3 ratings,$5.50
ABEOW,$2.13,1439768272270,"1,800",100% bullish,of 1 rating,N/A
ABMD,$103.92,1439768272359,"557,866",75% bullish,of 4 ratings,$86
TFSCR,NULL,1439768272433,0,Not yet rated,NULL,N/A
AXAS,$1.81,1439768272491,"379,122",78% bullish,of 9 ratings,$3.50
ACTG,$8.57,1439768272679,"116,786",67% bullish,of 3 ratings,$18.50
ACHC,$81.02,1439768272718,"311,607",50% bullish,of 2 ratings,$91
ACAD,$37.88,1439768272767,"571,839",85% bullish,of 20 ratings,$48
AXDX,$19.22,1439768272821,"155,089",100% bearish,of 1 rating,N/A
ACST,$0.41,1439768272851,"20,840",100% bullish,of 2 ratings,N/A
XLRN,$31.28,1439768273091,"212,721",50% bullish,of 2 ratings,$57
ANCX,$19.13,1439768273119,"19,975",Not yet rated,NULL,$19
ARAY,$6.23,1439768273165,"283,727",100% bearish,of 1 rating,$10.50
VXDN,$16.72,1439768273330,"1,110",Not yet rated,NULL,N/A
VXUP,$17.05,1439768273461,"14,800",Not yet rated,NULL,N/A
ACRX,$4.46,1439768273495,"81,777",67% bearish,of 6 ratings,$5.50
AKAO,$7.64,1439768273537,"182,132",75% bullish,of 4 ratings,$15
ACHN,$7.35,1439768273563,"1,246,701",90% bullish,of 21 ratings,$16
ACIW,$23.03,1439768273641,"255,964",50% bullish,of 2 ratings,$24
TFSC,NULL,1439768273853,0,100% bearish,of 1 rating,N/A
TFSCW,NULL,1439768273883,0,100% bearish,of 1 rating,N/A
ACNB,$20.2,1439768273912,"12,133",Not yet rated,NULL,N/A
ACTS,$1.57,1439768273985,"17,679",100% bearish,of 1 rating,N/A
ACOR,$31.84,1439768274074,"146,788",67% bearish,of 3 ratings,$38.50
ACPW,$1.92,1439768274207,"26,789",100% bullish,of 4 ratings,$3.50
ACTA,$13.65,1439768274411,"87,725",67% bearish,of 3 ratings,$25
ACXM,$21.16,1439768274483,"163,423",67% bullish,of 3 ratings,N/A
ACUR,$0.66,1439768274546,"12,742",100% bullish,of 5 ratings,$1
ADMP,$3.49,1439768274617,"43,459",50% bullish,of 2 ratings,$10
ADMS,$22.15,1439768274643,"68,231",100% bearish,of 2 ratings,$36
ADAP,$14.36,1439768274831,"65,347",67% bullish,of 3 ratings,$22
ADUS,$28.7,1439768274867,"31,604",100% bearish,of 1 rating,$31
ADMA,$9.31,1439768274965,"6,927",Not yet rated,NULL,$19
ADEP,$7.17,1439768274995,"23,908",50% bullish,of 2 ratings,$10.75
AEY,$2.38,1439768275024,372,100% bearish,of 2 ratings,N/A
ADBE,$86.12,1439768275153,"1,488,568",65% bullish,of 17 ratings,$90
ADTN,$15.95,1439768275386,"966,602",67% bullish,of 3 ratings,$17.125
ADRO,$20.83,1439768275430,"165,437",80% bullish,of 5 ratings,$45.50
AEIS,$26.64,1439768275456,"69,176",50% bullish,of 2 ratings,$32.50
AMD,$1.84,1439768275651,"4,424,699",83% bullish,of 102 ratings,$2
ADXS,$16.7101,1439768275681,"752,304",64% bullish,of 14 ratings,$27
ADXSW,$11.8,1439768275711,"14,645",100% bullish,of 1 rating,N/A
YPRO,$23.04,1439768275783,"9,376",100% bearish,of 1 rating,N/A
MULT,NULL,1439768275809,0,100% bearish,of 1 rating,N/A
AEGN,$19.05,1439768276049,"123,840",100% bearish,of 1 rating,$21
AEGR,$17.98,1439768276082,"572,297",50% bullish,of 6 ratings,$26
AEHR,$2.25,1439768276129,"3,082",50% bullish,of 2 ratings,N/A
AMTX,$3.45,1439768276213,"24,341",50% bullish,of 2 ratings,$26.11
AEPI,$57.37,1439768276449,"21,296",100% bearish,of 1 rating,N/A
AERI,$15.37,1439768276577,"324,248",75% bullish,of 4 ratings,$31.50
AEMD,$6.99,1439768276603,"55,905",Not yet rated,NULL,$27.50
AEZS,$0.1499,1439768276628,"13,347,466",90% bullish,of 21 ratings,$1.625
AVAV,$26.28,1439768276654,"73,093",50% bullish,of 4 ratings,$31
AFMD,$11.15,1439768276847,"334,621",50% bullish,of 4 ratings,$15
AGEN,$7.27,1439768276932,"586,801",85% bullish,of 13 ratings,$14
AFFX,$9.64,1439768276976,"488,622",80% bullish,of 5 ratings,$12
AGRX,$9.06,1439768277003,"32,532",100% bearish,of 1 rating,$17
AGFSW,$2.34,1439768277412,"25,900",100% bearish,of 1 rating,N/A
AGYS,$9.38,1439768277450,"30,967",100% bearish,of 1 rating,N/A
AGFS,$10.85,1439768277492,"74,835",100% bearish,of 1 rating,N/A
ATVI,$28.6766,1439768277518,"1,426,727",68% bullish,of 84 ratings,$31.50
AIMT,$26.05,1439768277544,"232,264",Not yet rated,NULL,N/A
AMCN,$4.82,1439768277912,"151,232",83% bullish,of 6 ratings,N/A
AIXG,$5.94,1439768277943,"8,324",67% bearish,of 3 ratings,$6
AIRT,$23.2,1439768277975,250,100% bullish,of 1 rating,N/A
AIRM,$39.93,1439768277997,"106,084",80% bearish,of 5 ratings,$53
ATSG,$9.76,1439768278019,"88,070",67% bullish,of 3 ratings,$13
AKAM,$73.37,1439768278216,"773,832",63% bullish,of 8 ratings,$77
AKER,$3.89,1439768278347,"9,034",Not yet rated,NULL,N/A
AKBA,$7.1,1439768278477,"263,383",100% bearish,of 1 rating,$18
ALRM,$16.91,1439768278566,"68,575",100% bearish,of 1 rating,$22
AKRX,$42.92,1439768278612,"267,001",78% bullish,of 9 ratings,$56
ABDC,$12.93,1439768278638,"35,070",Not yet rated,NULL,$15
AMRI,$20.55,1439768278698,"197,494",75% bearish,of 4 ratings,$24
ALSK,$2.08,1439768278828,"97,807",78% bullish,of 18 ratings,$2
ADHD,$8.71,1439768278907,"222,034",50% bullish,of 4 ratings,$18
ALDR,$36.83,1439768278998,"390,608",67% bearish,of 3 ratings,$62
ALDX,$8.04,1439768279058,"21,110",100% bearish,of 1 rating,$14.50
ALXN,$185.41,1439768279127,"547,448",88% bullish,of 8 ratings,$223
ALXA,$1.14,1439768279161,"26,913",83% bullish,of 6 ratings,$2.125
ALCO,$43.45,1439768279401,"31,219",50% bullish,of 2 ratings,N/A
ALGN,$60.57,1439768279547,"200,157",100% bearish,of 2 ratings,$73
ALKS,$65.81,1439768279572,"824,990",67% bullish,of 3 ratings,$75
ALIM,$3.89,1439768279608,"99,554",80% bullish,of 5 ratings,$10
ALLB,$23.73,1439768279634,"13,869",Not yet rated,NULL,N/A
ALGT,$232.87,1439768279878,"82,221",100% bearish,of 1 rating,$235
AHGP,$35.97,1439768280013,"35,741",67% bullish,of 3 ratings,N/A
AIQ,$15.22,1439768280075,"11,364",67% bullish,of 3 ratings,N/A
ARLP,$24.81,1439768280104,"237,016",67% bearish,of 3 ratings,$32
AFOP,$18.88,1439768280125,"59,913",75% bullish,of 8 ratings,$21
AHPI,$1.45,1439768280301,840,50% bullish,of 2 ratings,N/A
ALQA,$4.71,1439768280455,"14,930",75% bullish,of 4 ratings,$8.50
AMOT,$18.36,1439768280482,"47,491",100% bearish,of 1 rating,N/A
ALLT,$5.12,1439768280618,"58,210",75% bullish,of 4 ratings,$6.25
AFAM,$48.29,1439768280726,"41,050",50% bullish,of 2 ratings,$44
ALNY,$105.74,1439768280781,"277,534",67% bullish,of 3 ratings,$148.50
AOSL,$7.51,1439768280807,"50,258",67% bullish,of 3 ratings,$9
MDRX,$14.2339,1439768280832,"2,021,647",60% bullish,of 5 ratings,$16
SMCP,NULL,1439768280984,0,Not yet rated,NULL,N/A
ATEC,$0.69,1439768281114,"172,754",100% bullish,of 1 rating,$2
AIMC,$26.47,1439768281200,"138,888",100% bearish,of 1 rating,$28.50
ALTR,$49.03,1439768281254,"1,221,987",80% bearish,of 5 ratings,$54
ASPS,$29.91,1439768281281,"79,204",67% bullish,of 3 ratings,$46.50
AMAG,$62.95,1439768281578,"322,216",100% bullish,of 2 ratings,$75
AMRN,$2.34,1439768281606,"507,489",85% bullish,of 39 ratings,$8
AMRK,$10.59,1439768281655,"3,382",50% bullish,of 2 ratings,$14
AYA,$23.16,1439768281764,"29,252",100% bearish,of 1 rating,$40
AMZN,$531.8,1439768281790,"1,034,705",81% bullish,of 261 ratings,$646
AMBC,$16.8,1439768282059,"162,638",100% bearish,of 1 rating,$16.50
AMBA,$108.62,1439768282081,"850,438",83% bullish,of 12 ratings,$102.50
AMBCW,$8.26,1439768282132,"2,275",100% bearish,of 1 rating,N/A
EPAX,$2.41,1439768282158,"319,443",100% bearish,of 1 rating,N/A
AMCX,$74.87,1439768282237,"298,626",67% bullish,of 3 ratings,$85.50
AMDA,$0.51,1439768282463,"1,545,260",90% bullish,of 10 ratings,$1
DOX,$60.03,1439768282495,"461,039",100% bullish,of 2 ratings,$60
AMED,$45.38,1439768282522,"117,758",100% bearish,of 1 rating,$42
UHAL,$384.51,1439768282873,"18,282",100% bullish,of 2 ratings,$393.50
ASBI,$22.88,1439768282900,851,Not yet rated,NULL,N/A
ATAX,$5.35,1439768283155,"56,831",100% bullish,of 1 rating,$6.50
AGNCB,$24.2,1439768283216,"4,281",Not yet rated,NULL,N/A
AGNCP,$25.28,1439768283242,"2,679",Not yet rated,NULL,N/A
AGNC,$19.95,1439768283287,"1,320,962",75% bullish,of 28 ratings,$22
MTGE,$15.82,1439768283374,"166,745",75% bullish,of 4 ratings,$20.25
MTGEP,NULL,1439768283564,0,Not yet rated,NULL,N/A
ACSF,$12.8,1439768283668,"27,575",100% bearish,of 1 rating,$15
AAL,$42.94,1439768283703,"2,788,427",93% bullish,of 87 ratings,$57
AMOV,$18.68,1439768283729,"2,426",100% bearish,of 1 rating,N/A
ACAS,$14.23,1439768283802,"595,829",60% bullish,of 5 ratings,$16.75
ANCI,$1.69,1439768283906,"1,232",100% bearish,of 1 rating,N/A
AETI,$4.05,1439768284165,"1,241",67% bearish,of 3 ratings,N/A
AMIC,$10.26,1439768284239,3,Not yet rated,NULL,N/A
AMNB,$23.23,1439768284273,"8,672",Not yet rated,NULL,$25.50
APEI,$22.03,1439768284370,"36,788",100% bearish,of 1 rating,$29
ANAT,$104.931,1439768284395,"15,994",100% bullish,of 1 rating,N/A
AMRB,$10.1,1439768284583,"5,564",Not yet rated,NULL,$11
ASEI,$39.89,1439768284612,"32,018",100% bearish,of 1 rating,$52.50
ARII,$40.52,1439768284633,"156,983",67% bearish,of 3 ratings,$45
AMSWA,$9.31,1439768284765,"28,210",100% bearish,of 2 ratings,$10.75
AMSC,$4.11,1439768284854,"25,769",50% bullish,of 4 ratings,N/A
AMWD,$65.3878,1439768284957,"87,312",50% bullish,of 2 ratings,$58
CRMT,$46.35,1439768285009,"13,664",100% bearish,of 1 rating,$49
ABCB,$28.058,1439768285264,"122,269",Not yet rated,NULL,$30.50
AMSF,$50.37,1439768285304,"30,540",Not yet rated,NULL,$57.50
ATLO,$23.46,1439768285329,"3,702",Not yet rated,NULL,N/A
ASRV,$3.3,1439768285362,"2,858",100% bullish,of 2 ratings,N/A
ASRVP,NULL,1439768285468,0,Not yet rated,NULL,N/A
AMGN,$167.72,1439768285655,"1,715,864",89% bullish,of 19 ratings,$185
FOLD,$15.97,1439768285700,"824,112",56% bullish,of 9 ratings,$21
AMKR,$4.45,1439768285741,"785,910",100% bearish,of 2 ratings,$5
AMPH,$14.64,1439768285796,"158,759",50% bullish,of 2 ratings,$20
AMSG,$84.8,1439768286031,"199,521",100% bearish,of 1 rating,$85.50
AMSGP,NULL,1439768286059,0,Not yet rated,NULL,N/A
ASYS,$5.83,1439768286139,"54,662",67% bullish,of 3 ratings,$12
AFSI,$62.9255,1439768286220,"254,270",60% bullish,of 5 ratings,$72
AMRS,$1.68,1439768286356,"87,693",70% bullish,of 10 ratings,N/A
ANAC,$136.22,1439768286382,"395,676",80% bullish,of 5 ratings,$180.50
ANAD,$0.3061,1439768286518,"553,257",100% bullish,of 2 ratings,$.50
ADI,$58.84,1439768286578,"871,498",67% bullish,of 3 ratings,$68
ANCB,$22.95,1439768286711,830,Not yet rated,NULL,$23
ABCW,$41.532,1439768286737,"13,741",67% bullish,of 3 ratings,N/A
ALOG,$78.8,1439768286807,"69,157",100% bearish,of 2 ratings,$100.50
AMCF,$0.3,1439768286943,"36,055",100% bullish,of 7 ratings,N/A
ANGI,$4.4,1439768286982,"217,296",64% bullish,of 11 ratings,$5.50
ANGO,$14.88,1439768287226,"59,404",67% bullish,of 3 ratings,$19
ANSS,$94.26,1439768287360,"265,800",100% bearish,of 1 rating,$100
ANIK,$35.96,1439768287389,"57,914",60% bullish,of 5 ratings,$51.25
ANIP,$54.76,1439768287416,"152,414",89% bullish,of 19 ratings,$66
ANTH,$9.22,1439768287462,"581,423",80% bullish,of 10 ratings,$13
ATRS,$1.89,1439768287562,"387,131",92% bullish,of 12 ratings,$4.50
ATNY,$2.41,1439768287721,"1,519",50% bullish,of 2 ratings,$3.75
ABAC,$0.92,1439768287815,"4,540",100% bearish,of 1 rating,N/A
APIC,$8.14,1439768287850,"120,354",100% bearish,of 1 rating,$19
APOG,$54.27,1439768287877,"230,022",100% bullish,of 1 rating,$62
APOL,$11.77,1439768287948,"591,187",87% bearish,of 68 ratings,$14
AINV,$6.7571,1439768288201,"1,466,887",50% bullish,of 4 ratings,$8
APPF,$16.75,1439768288258,"25,821",50% bullish,of 2 ratings,$22
AAPL,$116.14,1439768288285,"24,640,968",86% bullish,of 2331 ratings,$150
ARCI,$1.36,1439768288353,543,Not yet rated,NULL,N/A
AGTC,$15.64,1439768288559,"42,383",50% bullish,of 2 ratings,$33
APDNW,$1.29,1439768288586,"2,500",Not yet rated,NULL,N/A
APDN,$3.37,1439768288631,"80,801",Not yet rated,NULL,$9
AMCC,$5.85,1439768288838,"944,701",80% bullish,of 5 ratings,$8
AMAT,$16.64,1439768288868,"24,370,499",82% bullish,of 11 ratings,$24.50
AREX,$2.69,1439768288899,"237,180",100% bearish,of 1 rating,$3
AAOI,$22.11,1439768289000,"229,080",50% bullish,of 4 ratings,$26
APRI,$1.19,1439768289070,"45,007",83% bullish,of 6 ratings,$4.86
APTO,$5.26,1439768289304,"1,382",Not yet rated,NULL,$17
AQMS,$5.44,1439768289348,"36,756",Not yet rated,NULL,N/A
AQXP,$22.25,1439768289435,"2,857,817",50% bullish,of 2 ratings,$2
AUMA,$9.75,1439768289460,"1,486",Not yet rated,NULL,N/A
AUMAU,NULL,1439768289486,0,Not yet rated,NULL,N/A
AUMAW,$0.27,1439768289615,"9,600",Not yet rated,NULL,N/A
PETX,$16.98,1439768289799,"171,169",100% bearish,of 2 ratings,$26
ARDM,$7.49,1439768289858,164,100% bullish,of 1 rating,$26
ABUS,$8.4978,1439768289902,"297,770",86% bullish,of 14 ratings,$23
ARCW,$3.74,1439768289927,"6,686",100% bearish,of 2 ratings,$10.50
ABIO,$0.92,1439768290062,"222,980",50% bullish,of 2 ratings,$3.75
RKDA,$4.69,1439768290221,"10,701",100% bearish,of 2 ratings,$10
ARCB,$32.61,1439768290323,"134,416",50% bullish,of 2 ratings,$39.50
ACGL,$73.4547,1439768290478,"200,784",50% bullish,of 2 ratings,$72
ACAT,$30,1439768290507,"78,303",100% bearish,of 3 ratings,$33
ARDX,$18.91,1439768290533,"59,867",50% bullish,of 2 ratings,$22
ARCC,$16.14,1439768290574,"687,294",67% bearish,of 3 ratings,$18
ARNA,$3.397,1439768290669,"1,055,655",90% bullish,of 77 ratings,$5.50
AGIIL,$25.37,1439768290815,"3,309",Not yet rated,NULL,N/A
ARIS,$3.32,1439768290915,300,Not yet rated,NULL,$4.50
AGII,$57.86,1439768290947,"79,188",Not yet rated,NULL,$58
ARGS,$4.21,1439768291016,"14,978",50% bullish,of 2 ratings,$19.50
ARIA,$7.27,1439768291043,"1,332,183",87% bullish,of 46 ratings,$9
ARKR,$25.4,1439768291318,116,50% bullish,of 2 ratings,N/A
ARMH,$42.47,1439768291408,"10,028,759",54% bearish,of 13 ratings,$61
ARWA,NULL,1439768291472,0,Not yet rated,NULL,N/A
ARTX,$1.57,1439768291505,"104,073",88% bullish,of 16 ratings,$4.50
ARWAR,NULL,1439768291639,0,Not yet rated,NULL,N/A
ARWAW,NULL,1439768291666,0,Not yet rated,NULL,N/A
ARWAU,$10.11,1439768291723,"1,334",100% bullish,of 1 rating,N/A
ARRS,$27.5836,1439768291856,"439,421",50% bullish,of 2 ratings,$38
ARRY,$5.7,1439768291892,"635,862",100% bullish,of 7 ratings,$10
ARQL,$1.69,1439768291984,"44,695",75% bullish,of 4 ratings,$5
DWAT,$10.4642,1439768292012,"1,950",100% bearish,of 1 rating,N/A
AROW,$27.56,1439768292173,"9,694",Not yet rated,NULL,N/A
ARWR,$5.52,1439768292351,"981,689",75% bullish,of 4 ratings,$10.50
ARTW,$4.5,1439768292483,"2,770",75% bearish,of 4 ratings,N/A
ARTNA,$22.38,1439768292510,"13,665",100% bearish,of 1 rating,$29
ASBB,$24.82,1439768292572,232,Not yet rated,NULL,N/A
ASND,$17.02,1439768292712,"67,219",100% bullish,of 1 rating,$30
ASNA,$12.36,1439768292745,"725,469",50% bullish,of 2 ratings,$18
ASCMA,$29.02,1439768292850,"105,505",100% bearish,of 1 rating,$45
APWC,$2.0912,1439768292883,"1,000",100% bearish,of 1 rating,N/A
ASTI,$0.22,1439768292909,"731,544",83% bullish,of 6 ratings,$3
ASMI,$38.99,1439768293057,"1,156",50% bullish,of 2 ratings,N/A
AZPN,$37.65,1439768293205,"2,950,503",50% bullish,of 2 ratings,$42
ASML,$92.69,1439768293231,"1,154,458",67% bullish,of 3 ratings,$127
ASMB,$13.28,1439768293378,"51,498",67% bullish,of 3 ratings,N/A
ASFI,$9.14,1439768293533,"11,702",100% bullish,of 1 rating,N/A
ASTE,$38.59,1439768293558,"65,215",100% bearish,of 1 rating,$48
ALOT,$13.89,1439768293591,"1,069",100% bearish,of 1 rating,N/A
ATRO,$60.31,1439768293635,"151,389",100% bearish,of 2 ratings,$80
ASTC,$2.39,1439768293767,"9,367",100% bullish,of 5 ratings,N/A
ATRA,$47.18,1439768293910,"101,591",50% bullish,of 2 ratings,$68
ATAI,$3.19,1439768293951,"8,015",100% bearish,of 1 rating,N/A
ASUR,$6.07,1439768293977,"5,246",Not yet rated,NULL,$8
ATHN,$138.1303,1439768294163,"123,936",67% bearish,of 3 ratings,$153
AFCB,$28,1439768294191,518,Not yet rated,NULL,N/A
AAPC,$10.17,1439768294379,21,Not yet rated,NULL,N/A
ATHX,$1.19,1439768294460,"84,041",89% bullish,of 9 ratings,$5
AAME,$3.59,1439768294563,"4,202",Not yet rated,NULL,N/A
ACFC,$6.1,1439768294627,"67,949",Not yet rated,NULL,$6.50
ATNI,$74.13,1439768294652,"33,722",100% bearish,of 1 rating,$69.50
ATLC,$3.98,1439768294846,"1,571",67% bullish,of 3 ratings,N/A
AAWW,$45.06,1439768294898,"109,644",50% bullish,of 2 ratings,$65
AFH,$17,1439768294923,"26,478",Not yet rated,NULL,$21.50
ATOS,$0.98,1439768295158,"56,888",100% bullish,of 7 ratings,$7
ATML,$7.81,1439768295190,"2,155,297",78% bullish,of 9 ratings,$9.50
ATRC,$26.46,1439768295291,"83,571",100% bullish,of 1 rating,$30
ATRI,$407,1439768295422,"1,781",Not yet rated,NULL,N/A
ATRM,$3.07,1439768295469,908,50% bullish,of 2 ratings,N/A
ATTU,$14.58,1439768295600,"48,192",100% bearish,of 1 rating,$20.50
AUBN,$27.14,1439768295690,130,Not yet rated,NULL,N/A
LIFE,$14.33,1439768295716,"25,342",86% bullish,of 7 ratings,$43
AUDC,$3.18,1439768295758,"91,957",80% bullish,of 5 ratings,$5
AUPH,$3.42,1439768295893,"11,765",100% bearish,of 1 rating,$8
ADAT,$0.1051,1439768296062,"43,263",100% bullish,of 2 ratings,N/A
ABTL,$19.79,1439768296107,"170,648",100% bullish,of 4 ratings,$20.25
EARS,$5.04,1439768296169,"6,000",100% bearish,of 2 ratings,$12
ADSK,$54.86,1439768296307,"665,236",83% bullish,of 6 ratings,$69.50
ADP,$82.8833,1439768296400,"1,297,619",100% bearish,of 1 rating,$85
AVGO,$122.2,1439768296460,"1,569,400",88% bullish,of 8 ratings,$165
AAVL,$10.03,1439768296546,"3,871,799",100% bearish,of 1 rating,$40.50
AVNU,$13.1,1439768296574,284,Not yet rated,NULL,$14
AVEO,$1.17,1439768296647,"377,529",75% bullish,of 8 ratings,$3
AVNW,$1.14,1439768296737,"63,992",50% bullish,of 2 ratings,$2.20
AVGR,$15.46,1439768296950,"32,693",100% bearish,of 1 rating,$20
AVID,$9.15,1439768296979,"308,546",100% bearish,of 1 rating,$20
CAR,$44.07,1439768297057,"1,131,755",80% bullish,of 5 ratings,$60
AWRE,$3.23,1439768297217,"8,828",67% bullish,of 3 ratings,N/A
ACLS,$3.21,1439768297283,"292,850",67% bullish,of 6 ratings,$4.75
AXPW,$1.19,1439768297318,"138,494",83% bullish,of 6 ratings,N/A
AXGN,$3.78,1439768297412,"11,354",Not yet rated,NULL,$5
AXPWW,NULL,1439768297437,0,Not yet rated,NULL,N/A
BCOM,$19.49,1439768297620,456,100% bearish,of 1 rating,N/A
AXTI,$2.21,1439768297649,"24,702",50% bullish,of 2 ratings,$2.75
RILY,$10,1439768297679,"2,210",Not yet rated,NULL,N/A
BOSC,$2.24,1439768297835,"4,700",50% bullish,of 2 ratings,N/A
BEAV,$51.17,1439768297861,"283,649",67% bearish,of 3 ratings,$59
BIDU,$164.65,1439768298110,"2,586,841",81% bullish,of 88 ratings,$215
BCPC,$60.4,1439768298156,"113,481",100% bearish,of 1 rating,$75
BWINA,$23.35,1439768298248,300,Not yet rated,NULL,N/A
BWINB,$23.34,1439768298276,"5,299",Not yet rated,NULL,N/A
BLDP,$1.34,1439768298496,"164,191",91% bullish,of 22 ratings,$2.50
BANFP,NULL,1439768298527,0,Not yet rated,NULL,N/A
BKMU,$7.35,1439768298603,"42,685",Not yet rated,NULL,$8
BANF,$62.967,1439768298629,"9,943",Not yet rated,NULL,$68
BOCH,$5.8,1439768298765,"7,263",Not yet rated,NULL,$6.50
BKSC,$15.97,1439768298817,"2,380",Not yet rated,NULL,N/A
BMRC,$48.09,1439768298949,"12,032",Not yet rated,NULL,$52
BOTJ,$11.18,1439768299086,"1,114",Not yet rated,NULL,N/A
OZRK,$43.87,1439768299136,"189,645",67% bullish,of 3 ratings,$49.50
BFIN,$12.3,1439768299224,"13,153",Not yet rated,NULL,$13
BWFG,$18.28,1439768299355,526,100% bearish,of 1 rating,N/A
BZUN,$7.73,1439768299395,"69,178",50% bullish,of 2 ratings,$13.85
BANR,$47.94,1439768299428,"34,342",100% bullish,of 3 ratings,$50
TAPR,$31.71,1439768299667,"1,155",100% bearish,of 1 rating,N/A
BHACR,NULL,1439768299695,0,Not yet rated,NULL,N/A
BHACU,NULL,1439768299766,0,Not yet rated,NULL,N/A
BHAC,NULL,1439768299791,0,Not yet rated,NULL,N/A
BBSI,$37.64,1439768300020,"41,946",67% bearish,of 3 ratings,$62.50
BHACW,$0.1301,1439768300089,223,Not yet rated,NULL,N/A
BSET,$31.45,1439768300150,"35,614",100% bearish,of 1 rating,$35
BYLK,$12.94,1439768300200,"1,864",Not yet rated,NULL,$14
BYBK,$5.11,1439768300227,"5,086",100% bearish,of 1 rating,N/A
BBCN,$15.55,1439768300595,"167,531",100% bearish,of 1 rating,$16
BDCV,$5.03,1439768300629,688,100% bearish,of 1 rating,$10.19
BCBP,$11.71,1439768300668,"3,158",Not yet rated,NULL,N/A
BECN,$36.2544,1439768300694,"195,135",50% bullish,of 2 ratings,$40
BV,$5.38,1439768300762,"155,355",67% bullish,of 6 ratings,$9
BSF,$9.11,1439768301032,"13,169",Not yet rated,NULL,N/A
BBGI,$4.94,1439768301084,544,100% bearish,of 1 rating,N/A
BEBE,$1.85,1439768301111,"90,320",75% bullish,of 4 ratings,$3.075
BELFA,$17.18,1439768301381,18,100% bearish,of 1 rating,N/A
BELFB,$20.13,1439768301429,"31,899",100% bearish,of 1 rating,N/A
BBBY,$63.18,1439768301455,"1,178,399",71% bullish,of 7 ratings,$75
BLPH,$4.06,1439768301536,"30,581",100% bearish,of 1 rating,$12.50
BLCM,$18.48,1439768301586,"194,850",50% bullish,of 4 ratings,$40
BNFT,$38.23,1439768301783,"290,873",67% bullish,of 3 ratings,$46
BNTC,NULL,1439768301915,0,100% bullish,of 1 rating,N/A
BNCL,$12.87,1439768301990,"173,559",100% bullish,of 3 ratings,$12.50
BGMD,$0.8211,1439768302095,"323,491",100% bullish,of 10 ratings,N/A
BGCP,$9.59,1439768302133,"448,030",88% bullish,of 8 ratings,$14
BIND,$4.43,1439768302374,"24,590",67% bullish,of 3 ratings,$13.50
ORPN,$5.45,1439768302449,"13,788",100% bullish,of 1 rating,$28.50
BGFV,$11.09,1439768302514,"44,403",57% bullish,of 7 ratings,$12
BCDA,NULL,1439768302590,0,Not yet rated,NULL,N/A
BIOC,$1.85,1439768302783,"194,442",83% bullish,of 6 ratings,$3.70
BCRX,$11.68,1439768302809,"517,381",63% bullish,of 8 ratings,$18
BIOD,$0.7316,1439768302865,"685,384",80% bullish,of 5 ratings,$4
BDSI,$6.6,1439768302998,"832,542",88% bullish,of 8 ratings,$17
BIOL,$1.62,1439768303193,"13,674",Not yet rated,NULL,N/A
BASI,$1.79,1439768303224,"3,070",Not yet rated,NULL,N/A
BIIB,$311,1439768303246,"1,139,650",88% bullish,of 16 ratings,$400
BLRX,$1.51,1439768303463,"57,510",100% bullish,of 12 ratings,$7
BMRN,$134.51,1439768303626,"440,002",80% bullish,of 5 ratings,$160
BVXVW,NULL,1439768303664,0,100% bearish,of 1 rating,N/A
BVXV,$4.25,1439768303730,"2,802",Not yet rated,NULL,N/A
BLFS,$2.16,1439768303798,"266,859",100% bearish,of 1 rating,$4.75
BRLI,$35.45,1439768304067,"176,022",83% bullish,of 6 ratings,$32
BBP,$33.75,1439768304093,"25,634",Not yet rated,NULL,N/A
BIOS,$1.35,1439768304164,"2,048,445",71% bullish,of 7 ratings,$4
BBC,$32.17,1439768304225,"13,726",Not yet rated,NULL,N/A
BSPM,$0.68,1439768304471,"51,823",50% bullish,of 2 ratings,N/A
BSTC,$51.19,1439768304497,"57,413",100% bearish,of 1 rating,$76
BOTA,$2.33,1439768304562,"16,624",86% bullish,of 7 ratings,N/A
TECH,$105.65,1439768304819,"57,393",100% bullish,of 1 rating,$117
BEAT,$11.62,1439768304846,"77,838",67% bearish,of 3 ratings,$15
BPTH,$1.18,1439768304867,"50,108",100% bullish,of 2 ratings,$6
BDMS,$13.2,1439768305058,6,100% bearish,of 1 rating,N/A
BBOX,$15.86,1439768305192,"63,754",100% bearish,of 1 rating,N/A
BDE,$7.43,1439768305224,"150,675",50% bullish,of 2 ratings,$9.25
BJRI,$46.18,1439768305249,"155,592",50% bullish,of 2 ratings,$55
BITI,$19.31,1439768305620,"49,440",100% bullish,of 1 rating,$28
BLKB,$62.98,1439768305652,"108,814",100% bearish,of 2 ratings,$66
HAWK,$43.5,1439768305712,"241,541",90% bullish,of 10 ratings,$49
BKCC,$9.51,1439768305749,"235,395",100% bullish,of 2 ratings,$10
ADRA,$28.75,1439768306030,"3,946",Not yet rated,NULL,N/A
ADRE,$31.45,1439768306056,"17,219",Not yet rated,NULL,N/A
ADRU,$23.2666,1439768306109,934,100% bearish,of 1 rating,N/A
BLMN,$21.66,1439768306199,"654,740",83% bullish,of 6 ratings,$27.50
BCOR,$13.83,1439768306435,"105,205",57% bullish,of 7 ratings,$15
BLBD,$12.93,1439768306461,"3,084",Not yet rated,NULL,N/A
BBRY,$7.6,1439768306537,"1,853,462",61% bullish,of 330 ratings,$9
BUFF,$26.87,1439768306563,"821,531",83% bullish,of 12 ratings,N/A
BBLU,$0.9223,1439768306870,"105,042",100% bullish,of 2 ratings,$4.43
BHBK,$14.5,1439768306896,"28,477",100% bullish,of 1 rating,$14.50
NILE,$34.68,1439768306945,"70,839",50% bullish,of 2 ratings,$34
BKEP,$6.78,1439768307185,"25,111",100% bearish,of 1 rating,$8.50
BLUE,$127.26,1439768307217,"483,144",86% bullish,of 7 ratings,$217.50
BKEPP,$7.89,1439768307317,27,100% bearish,of 1 rating,N/A
BPMC,$26.55,1439768307357,"75,584",50% bullish,of 2 ratings,$47.50
BNCN,$21.89,1439768307560,"88,290",Not yet rated,NULL,$22
BOBE,$46.61,1439768307588,"55,212",75% bullish,of 4 ratings,$57
BOFI,$128.5,1439768307789,"140,173",100% bullish,of 6 ratings,$137.50
WIFI,$9.07,1439768307843,"209,485",50% bullish,of 2 ratings,$13.50
BOJA,$20.84,1439768308013,"349,611",100% bullish,of 1 rating,$30
BOKF,$66.3333,1439768308190,"37,770",100% bearish,of 1 rating,$71
BONA,$11.85,1439768308322,"57,249",75% bullish,of 4 ratings,$8.50
BNSO,$1.72,1439768308353,"81,525",100% bearish,of 1 rating,N/A
BAMM,$3.22,1439768308455,"9,700",60% bullish,of 5 ratings,N/A
BPFH,$12.46,1439768308530,"160,742",100% bearish,of 1 rating,$14
BPFHW,NULL,1439768308766,0,100% bearish,of 1 rating,N/A
EPAY,$26.1,1439768308793,"94,035",100% bearish,of 2 ratings,$30
BPFHP,$25.58,1439768308839,"1,527",100% bearish,of 1 rating,N/A
BDBD,$8.99,1439768308865,"313,922",60% bullish,of 5 ratings,$10
BCLI,$2.88,1439768309188,"86,912",80% bullish,of 5 ratings,$12
BBRG,$12.89,1439768309217,"82,949",67% bullish,of 3 ratings,$14.50
BBEP,$2.8015,1439768309449,"1,250,490",69% bullish,of 13 ratings,$5.625
BLIN,$1.39,1439768309548,"26,605",50% bullish,of 2 ratings,$2.80
BDGE,$28.06,1439768309577,"39,505",Not yet rated,NULL,$31.75
BBEPP,$14.39,1439768309602,"49,326",100% bearish,of 1 rating,N/A
ADRD,$23.44,1439768309677,402,100% bearish,of 1 rating,N/A
BCOV,$5.53,1439768309826,"65,235",67% bullish,of 3 ratings,$10.20
BSFT,$34.34,1439768309931,"62,708",57% bullish,of 7 ratings,$40.50
BRID,$8.14,1439768309997,888,100% bearish,of 1 rating,N/A
BRCM,$50.5,1439768310026,"1,594,297",75% bullish,of 12 ratings,$56
BYFC,$1.37,1439768310230,576,50% bullish,of 2 ratings,N/A
BRCD,$10.1084,1439768310582,"1,356,271",92% bullish,of 13 ratings,$12.50
BWEN,$3.56,1439768310650,"29,481",100% bullish,of 3 ratings,$8
BRKS,$11.06,1439768310679,"141,610",67% bullish,of 3 ratings,$15.25
BRKL,$10.8,1439768310711,"155,821",100% bearish,of 1 rating,$10.75
BRKR,$20.14,1439768310933,"259,738",100% bearish,of 2 ratings,$22
BLMT,$21.22,1439768311005,"5,561",Not yet rated,NULL,N/A
BMTC,$29.83,1439768311032,"50,947",Not yet rated,NULL,$34
BSQR,$7.28,1439768311080,"739,972",67% bullish,of 3 ratings,N/A
BWLD,$195.84,1439768311293,"161,440",82% bullish,of 11 ratings,$205
BUR,$2.02,1439768311357,"1,200",100% bearish,of 1 rating,$8
BLDR,$14.2717,1439768311448,"535,234",50% bullish,of 2 ratings,$22
CFFI,$36.65,1439768311782,"5,286",100% bearish,of 1 rating,N/A
CA,$29.339,1439768311981,"1,039,559",50% bullish,of 4 ratings,$33
CCMP,$45.71,1439768312403,"93,512",50% bullish,of 2 ratings,$59
CHRW,$69.4,1439768312535,"431,828",Not yet rated,NULL,$72
CDZI,$7.42,1439768312872,"50,224",100% bearish,of 1 rating,N/A
CDNS,$21.3859,1439768312898,"1,028,237",75% bullish,of 4 ratings,$22.50
BVSN,$6.02,1439768313230,"16,148",60% bearish,of 5 ratings,N/A
CACQ,$7.18,1439768314089,"37,061",100% bearish,of 1 rating,$12.25
CSTE,$50.1161,1439768314194,"463,560",100% bearish,of 1 rating,$65
CZR,$7.36,1439768314219,"472,177",60% bearish,of 5 ratings,$10.50
PRSS,$4.8,1439768314479,"23,855",80% bullish,of 5 ratings,$4
CLBS,$1.4,1439768315187,"196,556",79% bullish,of 14 ratings,$4
CLMS,$11.78,1439768315218,"71,313",Not yet rated,NULL,$10.50
CHI,$11.13,1439768315317,"197,498",100% bearish,of 1 rating,N/A
CCD,$20.6,1439768315556,"57,503",Not yet rated,NULL,N/A
CHW,$8.12,1439768315684,"136,951",100% bearish,of 1 rating,N/A
CGO,$12.79,1439768315767,"20,918",100% bearish,of 1 rating,N/A
CFGE,NULL,1439768315793,0,Not yet rated,NULL,N/A
CSQ,$10.56,1439768315968,"251,640",Not yet rated,NULL,N/A
CVGW,$53,1439768316179,"95,587",50% bullish,of 2 ratings,$58.50
CALA,$5.33,1439768316313,"317,892",100% bullish,of 3 ratings,$19.50
CFNB,$13.47,1439768316340,24,100% bearish,of 1 rating,N/A
CAMP,$16.59,1439768316417,"205,986",86% bullish,of 7 ratings,$25
CALM,$52,1439768316722,"480,182",80% bullish,of 5 ratings,$65
CLMT,$26.37,1439768316753,"233,743",75% bullish,of 8 ratings,$31
CALD,$16.56,1439768316780,"145,443",100% bearish,of 1 rating,$20.50
ABCD,$4.45,1439768317036,"60,248",83% bullish,of 6 ratings,N/A
CAMB,NULL,1439768317087,0,Not yet rated,NULL,N/A
CAMBU,NULL,1439768317202,0,100% bearish,of 1 rating,N/A
CAC,$40.42,1439768317358,"6,646",Not yet rated,NULL,N/A
CAMT,$2.83,1439768317383,"9,466",73% bullish,of 11 ratings,$4
CSIQ,$24.71,1439768317588,"990,174",86% bullish,of 28 ratings,$45
CGIX,$11.09,1439768317635,"25,176",67% bullish,of 3 ratings,$14.375
CHY,$11.91,1439768317724,"179,045",Not yet rated,NULL,N/A
CPHC,$10.7,1439768317780,"2,295",100% bearish,of 1 rating,N/A
CBNJ,$10.87,1439768317981,"10,059",100% bullish,of 1 rating,N/A
CPLA,$49.93,1439768318114,"58,767",50% bullish,of 2 ratings,$65
CBF,$30.2,1439768318140,"33,918",Not yet rated,NULL,$32
CCBG,$15.19,1439768318369,"8,373",Not yet rated,NULL,$17.25
CPLP,$7.22,1439768318468,"319,847",71% bullish,of 7 ratings,$11
CPTA,$15.25,1439768318602,"51,575",Not yet rated,NULL,$18.50
CSWC,$49.86,1439768318631,"9,545",Not yet rated,NULL,N/A
CFFN,$12.19,1439768318737,"193,120",Not yet rated,NULL,$12.75
CAPNW,$0.7799,1439768318942,215,Not yet rated,NULL,N/A
CAPN,$3.05,1439768318969,"898,859",100% bullish,of 1 rating,$10.85
CAPR,$4.12,1439768319106,"35,784",Not yet rated,NULL,$12
CPST,$0.4018,1439768319135,"717,302",95% bullish,of 22 ratings,$1
CARA,$21.91,1439768319376,"133,308",50% bullish,of 4 ratings,$27.50
CARB,$11.66,1439768319448,"42,578",75% bullish,of 4 ratings,$12
CBYL,$6.28,1439768319475,"38,646",100% bearish,of 1 rating,$20
CFNL,$23.528,1439768319711,"59,766",Not yet rated,NULL,$24
CRDC,$0.4,1439768319736,"29,190",100% bullish,of 1 rating,$1.25
CRME,$9.77,1439768319872,"64,964",89% bullish,of 9 ratings,$11.25
CSII,$24.2,1439768320004,"177,670",100% bearish,of 2 ratings,$42.125
CATM,$35.33,1439768320034,"104,211",100% bearish,of 1 rating,$43.25
CDNA,$6.31,1439768320063,"15,675",100% bearish,of 1 rating,$9
CECO,$3.99,1439768320204,"301,907",67% bearish,of 3 ratings,$6
CKEC,$23.95,1439768320441,"83,395",50% bullish,of 2 ratings,$35.915
CTRE,$11.2122,1439768320494,"361,640",50% bullish,of 2 ratings,N/A
CLBH,$12.8,1439768320659,"1,040",Not yet rated,NULL,$16.50
CART,$5.46,1439768320790,"1,338",100% bearish,of 1 rating,N/A
CARO,$16.09,1439768320844,"8,504",100% bearish,of 1 rating,$19
CRZO,$35.06,1439768320870,"527,432",67% bearish,of 3 ratings,$57
TAST,$12.93,1439768321068,"101,527",Not yet rated,NULL,$14.25
CRTN,$2.89,1439768321118,"19,546",100% bearish,of 1 rating,N/A
CARV,$5.86,1439768321261,212,50% bullish,of 2 ratings,N/A
CASM,$1.12,1439768321291,"32,906",100% bullish,of 1 rating,$3.50
CACB,$5.55,1439768321510,"62,322",Not yet rated,NULL,$5.50
CSCD,$14,1439768321695,"19,817",100% bullish,of 2 ratings,$17
CWST,$6.27,1439768321800,"153,542",50% bullish,of 2 ratings,$7
CASY,$106.61,1439768321838,"186,358",50% bullish,of 2 ratings,$99.50
CASS,$51.35,1439768322020,"10,885",100% bearish,of 1 rating,N/A
CASI,$1.53,1439768322089,"8,742",100% bullish,of 1 rating,$3.50
CPRX,$4.11,1439768322196,"242,775",71% bullish,of 7 ratings,$7
CATB,$11.99,1439768322260,"18,867",100% bearish,of 1 rating,$28
CATY,$32.18,1439768322353,"169,694",100% bearish,of 1 rating,$33.50
CATYW,NULL,1439768322497,0,100% bearish,of 1 rating,N/A
CVCO,$73.4488,1439768322632,"24,994",100% bearish,of 1 rating,N/A
CAVM,$71.64,1439768322659,"319,178",67% bearish,of 3 ratings,$72
CNLM,NULL,1439768322974,0,Not yet rated,NULL,N/A
CNLMR,NULL,1439768323045,0,Not yet rated,NULL,N/A
CBFV,$20.05,1439768323071,"5,187",Not yet rated,NULL,N/A
CNLMU,NULL,1439768323148,0,100% bullish,of 1 rating,N/A
CNLMW,NULL,1439768323315,0,Not yet rated,NULL,N/A
CDK,$50.99,1439768323404,"409,820",67% bearish,of 3 ratings,$48
CBOE,$64.4229,1439768323433,"209,983",Not yet rated,NULL,$60
CECE,$10.1,1439768323651,"98,965",50% bullish,of 2 ratings,$16
CDW,$39.18,1439768323682,"1,048,758",75% bullish,of 4 ratings,$43.50
CPXX,$2.25,1439768323781,"67,115",100% bullish,of 2 ratings,$7
CELGZ,$1.98,1439768323995,"24,800",80% bullish,of 5 ratings,N/A
CELG,$129.24,1439768324130,"2,096,121",92% bullish,of 13 ratings,$155.50
CLDX,$16.34,1439768324269,"2,315,311",89% bullish,of 9 ratings,$36
CLDN,$1.05,1439768324301,"110,063",71% bullish,of 7 ratings,$3
CLRB,$3.12,1439768324402,"2,069",100% bearish,of 1 rating,N/A
CLRBW,$0.85,1439768324535,"4,282",Not yet rated,NULL,N/A
CLLS,$32.67,1439768324610,"64,503",75% bullish,of 4 ratings,$51.50
CLSN,$2.19,1439768324762,"34,865",80% bullish,of 10 ratings,$7.50
CBMG,$23.77,1439768324791,"16,338",50% bullish,of 2 ratings,N/A
CLTX,$0.58,1439768324956,"27,378",100% bullish,of 2 ratings,N/A
CYAD,$55,1439768325090,802,100% bullish,of 1 rating,$87.50
CEMP,$37.26,1439768325116,"275,470",71% bullish,of 7 ratings,$48.50
CETX,$2.7,1439768325344,"126,599",Not yet rated,NULL,$5.60
CSFL,$14.17,1439768325369,"70,836",Not yet rated,NULL,$15
CETV,$2.29,1439768325413,"73,683",67% bullish,of 3 ratings,$2.80
CFBK,$1.32,1439768325642,"7,802",Not yet rated,NULL,N/A
CENT,$11.21,1439768325682,"16,568",Not yet rated,NULL,$10
CENTA,$11.95,1439768325776,"56,021",Not yet rated,NULL,N/A
CVCY,$11.13,1439768325856,200,Not yet rated,NULL,$12
CENX,$6.07,1439768326145,"1,106,936",67% bullish,of 6 ratings,$9
CNBKA,$41.61,1439768326167,"2,429",100% bullish,of 1 rating,N/A
CNTY,$6.35,1439768326227,"7,045",80% bullish,of 5 ratings,$7.75
CPHD,$49.05,1439768326407,"966,386",50% bullish,of 2 ratings,$67
CRNT,$1.4,1439768326444,"268,791",50% bullish,of 2 ratings,$2.75
CERE,$1.75,1439768326541,"272,756",88% bullish,of 8 ratings,N/A
CERN,$64.253,1439768326698,"2,095,458",67% bullish,of 3 ratings,$79
CERU,$3.5,1439768326843,"42,059",75% bullish,of 4 ratings,$15
CERS,$4.76,1439768326885,"382,454",75% bullish,of 4 ratings,$7
KOOL,$0.675,1439768326912,"13,513",100% bullish,of 5 ratings,$7
CAMBW,NULL,1439768327131,0,Not yet rated,NULL,N/A
CEVA,$19.26,1439768327157,"81,703",100% bearish,of 1 rating,$25
CYOU,$20.2964,1439768327234,"76,909",50% bullish,of 6 ratings,$24
HOTR,$1.62,1439768327401,"194,026",100% bullish,of 2 ratings,$5
HOTRW,NULL,1439768327427,0,Not yet rated,NULL,N/A
ABY,$22.52,1439768327577,0,NULL,NULL,NULL
CTHR,$1.23,1439768327630,"32,192",50% bullish,of 2 ratings,$2.50
CHTR,$180,1439768327661,"514,138",100% bearish,of 2 ratings,$196
GTLS,$24.72,1439768327763,"308,120",50% bullish,of 4 ratings,$40
CHKP,$80.8,1439768327789,"533,556",50% bullish,of 4 ratings,$92
CHFN,$12.62,1439768327919,"35,586",Not yet rated,NULL,$14
CHEKW,NULL,1439768327970,0,Not yet rated,NULL,N/A
CEMI,$4.74,1439768328051,"3,616",50% bullish,of 2 ratings,$7.50
ACET,$25.32,1439768328185,"55,221",75% bullish,of 4 ratings,$30
AGIO,$90.75,1439768328248,"345,968",88% bullish,of 8 ratings,$114
CHMG,$26.65,1439768328341,17,Not yet rated,NULL,$30
CHEV,$14.8,1439768328476,883,Not yet rated,NULL,N/A
CHKE,$27.96,1439768328524,"14,705",100% bearish,of 1 rating,$32.50
CHMA,$28.7,1439768328549,"281,053",Not yet rated,NULL,$40
PLCE,$59.59,1439768328706,"156,707",100% bearish,of 1 rating,$71
CBNK,$16.82,1439768328764,138,100% bearish,of 1 rating,N/A
CADC,NULL,1439768328842,0,78% bullish,of 9 ratings,N/A
CMRX,$49.98,1439768328899,"186,569",50% bullish,of 2 ratings,$57
CALI,$1.02,1439768329034,"5,147",67% bullish,of 3 ratings,N/A
CAAS,$6.73,1439768329117,"32,872",93% bullish,of 14 ratings,$11.50
CBAK,$2.48,1439768329201,"5,531",67% bullish,of 9 ratings,N/A
CBPO,$109.63,1439768329270,"137,138",75% bullish,of 8 ratings,$140.50
CCCL,$0.93,1439768329404,"2,179",100% bullish,of 6 ratings,N/A
JRJC,$4.44,1439768329502,"15,373",82% bullish,of 11 ratings,N/A
CCCR,NULL,1439768329534,0,67% bearish,of 3 ratings,N/A
CHOP,$1.3,1439768329635,"1,815",50% bullish,of 2 ratings,N/A
HGSH,$1.93,1439768329712,"8,547",67% bullish,of 3 ratings,N/A
CHLN,$1.39,1439768329819,"6,811",67% bullish,of 3 ratings,N/A
CNIT,$1.82,1439768329902,"81,629",67% bullish,of 6 ratings,N/A
CJJD,$2.25,1439768330010,"29,683",100% bullish,of 1 rating,N/A
HTHT,$24.6555,1439768330139,"77,339",50% bullish,of 2 ratings,$28
CHNR,$2.0101,1439768330168,110,100% bearish,of 1 rating,N/A
CREG,$0.77,1439768330240,"22,815",100% bullish,of 3 ratings,N/A
CPGI,$6.99,1439768330321,"1,372",Not yet rated,NULL,N/A
CSUN,$1.54,1439768330423,"16,327",80% bullish,of 5 ratings,N/A
CNTF,$0.95,1439768330492,"26,649",Not yet rated,NULL,N/A
CXDC,$6.25,1439768330583,"21,845",67% bullish,of 3 ratings,N/A
CNYD,$3.41,1439768330648,401,67% bullish,of 3 ratings,N/A
CCIH,$9.79,1439768330802,"32,972",67% bullish,of 6 ratings,$12.65
CNET,$0.824,1439768330876,"12,696",50% bullish,of 2 ratings,N/A
IMOS,$15.8765,1439768330933,"87,325",60% bullish,of 5 ratings,$21.50
CHSCL,$27.15,1439768331038,"17,402",Not yet rated,NULL,N/A
CHSCM,$26.36,1439768331102,"14,485",Not yet rated,NULL,N/A
CHSCN,$27.5,1439768331206,"2,252",Not yet rated,NULL,N/A
CHSCO,$28.5,1439768331231,"2,713",Not yet rated,NULL,N/A
CHSCP,$30.63,1439768331364,"1,730",Not yet rated,NULL,N/A
CHDN,$135.81,1439768331438,"23,011",Not yet rated,NULL,$165
CHUY,$32.95,1439768331468,"149,930",50% bullish,of 2 ratings,$34
CDTX,$14.5,1439768331570,"18,948",Not yet rated,NULL,$22
CIFC,$7.35,1439768331794,"2,606",Not yet rated,NULL,N/A
CMCT,$15.6,1439768331853,927,100% bearish,of 1 rating,N/A
CINF,$56.6513,1439768331986,"274,162",50% bullish,of 4 ratings,$50.50
CMPR,$70.48,1439768332047,"173,078",50% bullish,of 2 ratings,$72.50
CIDM,$0.7,1439768332073,"143,667",50% bullish,of 2 ratings,$2.10
CTAS,$88.49,1439768332206,"219,344",100% bearish,of 1 rating,$90
CPHR,$7.5,1439768332265,"20,308",100% bearish,of 1 rating,$16
CTRN,$22.76,1439768332439,"32,987",100% bearish,of 1 rating,$29.50
CSCO,$29.05,1439768332524,"19,482,765",84% bullish,of 208 ratings,$32.50
CRUS,$29.35,1439768332558,"680,690",75% bullish,of 12 ratings,$44.50
CZNC,$20.34,1439768332655,"40,689",Not yet rated,NULL,N/A
CZWI,$9.17,1439768332693,535,Not yet rated,NULL,N/A
CZFC,NULL,1439768332837,0,Not yet rated,NULL,N/A
CIZN,$19.6,1439768333024,18,Not yet rated,NULL,N/A
CHCO,$48.29,1439768333051,"23,230",Not yet rated,NULL,$46
CTXS,$77.55,1439768333128,"816,989",86% bullish,of 7 ratings,$80
CIVB,$10.29,1439768333189,845,Not yet rated,NULL,$11
CIVBP,NULL,1439768333261,0,Not yet rated,NULL,N/A
CDTI,$1.61,1439768333387,"47,350",75% bullish,of 4 ratings,$3.25
CLNE,$4.94,1439768333428,"579,431",80% bullish,of 15 ratings,$9
CLNT,$1.97,1439768333571,"32,118",75% bullish,of 8 ratings,N/A
CLFD,$18.18,1439768333599,"21,757",67% bullish,of 3 ratings,$18
CLRO,$11.9,1439768333737,"9,018",50% bullish,of 2 ratings,$14.25
CLIR,$5.3,1439768333870,"58,399",100% bullish,of 3 ratings,N/A
CSBK,$14.03,1439768333919,"66,895",Not yet rated,NULL,N/A
CBLI,$3.57,1439768334001,"62,396",60% bullish,of 5 ratings,N/A
CLVS,$77.07,1439768334060,"186,536",60% bullish,of 5 ratings,$101.50
CMFN,$11.225,1439768334138,"10,095",100% bearish,of 1 rating,$15.50
CCNE,$17.36,1439768334246,"11,405",50% bullish,of 2 ratings,$21.50
CME,$98.1796,1439768334294,"686,578",67% bullish,of 3 ratings,$102
CNV,$4.92,1439768334484,"31,030",50% bullish,of 2 ratings,$7.15
CISG,$8.5,1439768334512,"30,224",100% bullish,of 5 ratings,$10
CWAY,$11.5,1439768334538,"1,402",Not yet rated,NULL,N/A
COBZ,$12.82,1439768334713,"46,622",100% bullish,of 1 rating,$14
CDRB,$13.06,1439768334830,"16,884",67% bullish,of 3 ratings,N/A
COKE,$162.85,1439768334879,"21,305",79% bullish,of 19 ratings,N/A
CDXS,$3.69,1439768335047,"542,941",64% bullish,of 11 ratings,$6
JVA,$4.77,1439768335091,"2,178",83% bullish,of 6 ratings,$7
CVLY,$20.68,1439768335121,"1,001",Not yet rated,NULL,N/A
CCOI,$29.16,1439768335229,"323,506",50% bullish,of 4 ratings,$35
CGNT,$1.57,1439768335479,"31,943",100% bullish,of 2 ratings,$2
CTSH,$67.17,1439768335507,"1,997,748",90% bullish,of 10 ratings,$73.50
CGNX,$36.99,1439768335540,"235,019",50% bullish,of 2 ratings,$47
CHRS,$34.14,1439768335639,"150,579",67% bearish,of 3 ratings,$37
COHR,$58.79,1439768335666,"46,930",50% bullish,of 2 ratings,$72
COHU,$9.52,1439768335921,"54,839",100% bearish,of 1 rating,$14.25
CLRX,$0.48,1439768335953,"30,833",50% bullish,of 2 ratings,$1.85
CLCT,$19.76,1439768336048,"12,796",100% bearish,of 1 rating,N/A
COLL,$16.76,1439768336102,"26,390",100% bearish,of 1 rating,$26
CIGI,$47.34,1439768336243,"12,840",100% bearish,of 1 rating,$52
CBAN,$9.18,1439768336293,696,Not yet rated,NULL,N/A
CLCD,$8.07,1439768336320,"25,111",100% bearish,of 1 rating,$20.50
COLB,$33.06,1439768336463,"244,214",Not yet rated,NULL,$36
COLM,$65.52,1439768336536,"73,336",100% bearish,of 1 rating,$71
CMCO,$22.05,1439768336676,"41,805",60% bullish,of 5 ratings,$28
CBMX,$1.32,1439768336704,"9,080",83% bullish,of 6 ratings,$3.15
CMCSK,$59.4284,1439768336872,"2,116,219",Not yet rated,NULL,$84
CMCSA,$58.99,1439768336897,"9,046,286",66% bullish,of 35 ratings,$69.50
CBSH,$47.5595,1439768337058,"94,480",50% bullish,of 2 ratings,$46
CBSHP,$25.44,1439768337127,"12,520",100% bearish,of 1 rating,N/A
CUBN,$13.84,1439768337189,"8,599",Not yet rated,NULL,N/A
CVGI,$4.96,1439768337263,"77,971",50% bullish,of 2 ratings,$6
COMM,$31.6,1439768337398,"387,513",67% bearish,of 3 ratings,$35
CSAL,$23.0646,1439768337471,"482,140",75% bullish,of 4 ratings,$30
JCS,$9.8,1439768337530,"3,640",67% bullish,of 3 ratings,N/A
ESXB,$5.12,1439768337556,"20,106",Not yet rated,NULL,N/A
CYHHZ,$0.012,1439768337783,"396,294",100% bullish,of 1 rating,N/A
CTBI,$35.13,1439768337914,"36,097",Not yet rated,NULL,$36
COB,$10.9,1439768338013,"31,489",100% bullish,of 1 rating,$11.50
CWBC,$6.76,1439768338039,"2,326",Not yet rated,NULL,N/A
CVLT,$37.51,1439768338093,"155,345",75% bullish,of 4 ratings,$44.50
CIZ,$35.22,1439768338299,"3,483",100% bearish,of 1 rating,N/A
CID,NULL,1439768338369,0,Not yet rated,NULL,N/A
CDC,$36.72,1439768338400,"9,346",Not yet rated,NULL,N/A
CIL,NULL,1439768338428,0,Not yet rated,NULL,N/A
CSA,NULL,1439768338529,0,Not yet rated,NULL,N/A
CSF,$38.404,1439768338626,"3,987",100% bearish,of 1 rating,N/A
CFO,$37.55,1439768338755,"14,685",100% bearish,of 1 rating,N/A
CFA,$37.4308,1439768338838,625,100% bearish,of 1 rating,N/A
CDL,$35.5,1439768339004,"1,200",Not yet rated,NULL,N/A
CSB,NULL,1439768339033,0,Not yet rated,NULL,N/A
CPSI,$46.19,1439768339116,"59,316",100% bearish,of 1 rating,$45.50
CGEN,$5.78,1439768339146,"67,614",50% bullish,of 2 ratings,$11
CTG,$6.54,1439768339246,"14,602",100% bearish,of 1 rating,$8.50
SCOR,$63.99,1439768339345,"147,311",100% bearish,of 1 rating,$66
CHCI,$0.5499,1439768339480,"6,412",50% bullish,of 2 ratings,N/A
CMTL,$28.25,1439768339511,"21,410",100% bearish,of 2 ratings,$37
CNSI,$19.31,1439768339647,"38,416",100% bearish,of 2 ratings,$29
CNAT,$4.02,1439768339752,"94,837",83% bullish,of 6 ratings,$13
CNCE,$16.51,1439768339965,"261,188",75% bullish,of 4 ratings,$22
CXRX,$76.81,1439768340004,"3,328",Not yet rated,NULL,$92.40
CCUR,$5.16,1439768340030,"11,624",75% bullish,of 4 ratings,N/A
CDOR,$1.47,1439768340058,"4,104",100% bullish,of 1 rating,N/A
CDORO,$19.55,1439768340230,955,100% bearish,of 1 rating,N/A
CNFR,$10.5,1439768340373,"73,332",Not yet rated,NULL,N/A
CDORP,$7.48,1439768340426,"4,900",100% bearish,of 1 rating,N/A
CFMS,$22.03,1439768340451,"107,758",Not yet rated,NULL,$27
CNMD,$56.07,1439768340601,"75,211",Not yet rated,NULL,$59
CNOB,$20.29,1439768340733,"21,914",100% bullish,of 1 rating,$23.50
CTWS,$35.15,1439768340759,"16,970",100% bearish,of 1 rating,$44
CNXR,$7.1,1439768340913,"15,900",100% bearish,of 1 rating,$12
CONN,$35.36,1439768340974,"224,161",67% bullish,of 3 ratings,$48.50
CNSL,$20.6,1439768341155,"103,551",100% bearish,of 1 rating,$23
CTCT,$24.67,1439768341187,"171,330",67% bullish,of 3 ratings,$37
CWCO,$11.97,1439768341252,"45,051",67% bullish,of 3 ratings,$14.50
CPSS,$5.5839,1439768341284,"41,993",100% bullish,of 1 rating,$10
CFRX,$4.54,1439768341415,"34,379",Not yet rated,NULL,$14
CFRXW,NULL,1439768341592,0,100% bearish,of 1 rating,N/A
CTRV,$4.4,1439768341620,"9,138",Not yet rated,NULL,$6.40
CTRL,$8.59,1439768341776,"83,173",50% bullish,of 2 ratings,$11
CFRXZ,$0.388,1439768341837,"5,198",Not yet rated,NULL,N/A
CPRT,$36.38,1439768341873,"123,592",67% bearish,of 3 ratings,$40
CRBP,$1.85,1439768341974,"51,601",100% bullish,of 1 rating,$6.25
BVA,$3.87,1439768342136,"2,924",50% bullish,of 2 ratings,N/A
CORT,$5.29,1439768342224,"117,705",67% bullish,of 3 ratings,$12
CORI,$11.57,1439768342252,"305,165",100% bearish,of 1 rating,$18
CORE,$64.92,1439768342281,"83,301",100% bearish,of 1 rating,$72
CSOD,$38.79,1439768342483,"215,145",50% bullish,of 2 ratings,$42
CRVL,$33,1439768342505,"11,047",100% bearish,of 1 rating,N/A
CSGP,$195.58,1439768342743,"58,789",50% bullish,of 2 ratings,$235
COST,$146.09,1439768342770,"812,356",83% bullish,of 23 ratings,$154.50
COSI,$1.32,1439768342792,"146,237",100% bullish,of 1 rating,N/A
CPAH,$0.45,1439768342979,"3,990",50% bullish,of 2 ratings,N/A
ICBK,$18.8,1439768343044,5,Not yet rated,NULL,$21
COVS,$3,1439768343111,"81,990",67% bullish,of 3 ratings,N/A
CVTI,$25.72,1439768343137,"86,095",67% bearish,of 3 ratings,$39
COWNL,$27.35,1439768343349,"1,700",Not yet rated,NULL,N/A
COWN,$5.69,1439768343377,"810,359",75% bullish,of 4 ratings,$7
CPSH,$2.42,1439768343408,"1,072",Not yet rated,NULL,N/A
CRAI,$23.07,1439768343444,"17,184",Not yet rated,NULL,$36
GLDI,$10.94,1439768343969,"1,486",100% bearish,of 1 rating,N/A
CACC,$208.7,1439768343990,"73,625",50% bullish,of 2 ratings,$158.50
BREW,$8.29,1439768344024,"29,057",67% bullish,of 6 ratings,$15
CBRL,$151.13,1439768344046,"193,977",50% bullish,of 2 ratings,$155
CRAY,$23.42,1439768344075,"101,120",83% bullish,of 6 ratings,$38.50
SLVO,$10.52,1439768344369,"2,025",100% bearish,of 1 rating,N/A
CREE,$27,1439768344397,"736,542",65% bullish,of 17 ratings,$28.50
CRESY,$11.64,1439768344424,"34,022",100% bearish,of 1 rating,$19
CRTO,$46.1135,1439768344466,"151,489",67% bullish,of 6 ratings,$64
CCRN,$14.11,1439768344718,"104,581",100% bearish,of 1 rating,$14.25
CROX,$15.03,1439768344747,"695,076",63% bullish,of 8 ratings,$16.50
CRDS,$1.13,1439768344848,"9,494",50% bullish,of 4 ratings,$4.50
CRWS,$8.12,1439768344908,"12,956",Not yet rated,NULL,$10
CRWN,$4.79,1439768344982,"122,136",75% bullish,of 4 ratings,N/A
CYRX,$3.01,1439768345048,"34,312",Not yet rated,NULL,$9
CYRXW,$0.75,1439768345077,"3,200",Not yet rated,NULL,N/A
CSGS,$31.91,1439768345246,"62,662",Not yet rated,NULL,$40
CCLP,$15.11,1439768345319,"41,482",67% bearish,of 3 ratings,$21
CSPI,$6.25,1439768345473,"2,426",67% bullish,of 3 ratings,N/A
CTCM,$1.81,1439768345507,"421,922",80% bearish,of 5 ratings,$3.90
CTRP,$71.58,1439768345655,"647,995",75% bullish,of 8 ratings,$92
CTIB,$3.56,1439768345705,142,100% bearish,of 1 rating,N/A
CTIC,$1.78,1439768345727,"675,461",84% bullish,of 76 ratings,$5.75
CUI,$5.53,1439768345859,"27,959",50% bullish,of 2 ratings,$10
CUNB,$22.57,1439768345892,"15,094",Not yet rated,NULL,$24.50
CPIX,$5.88,1439768345987,"3,244",Not yet rated,NULL,N/A
CMLS,$1.33,1439768346085,"351,192",50% bullish,of 4 ratings,$6
CRIS,$2.81,1439768346134,"409,127",100% bullish,of 8 ratings,$6
CUTR,$15.06,1439768346228,"25,137",67% bearish,of 3 ratings,$18
CVBF,$17.49,1439768346425,"216,059",Not yet rated,NULL,$18
CVV,$11.9,1439768346455,"17,365",100% bullish,of 5 ratings,N/A
CYBR,$58.613,1439768346594,"1,090,998",86% bullish,of 7 ratings,$66
CYAN,$7.71,1439768346623,"1,820",100% bearish,of 1 rating,N/A
CYBX,$59.23,1439768346645,"95,419",50% bullish,of 4 ratings,$70
CYBE,$5.67,1439768346785,"12,559",100% bearish,of 1 rating,N/A
CYCC,$0.6,1439768346823,"62,551",73% bullish,of 11 ratings,N/A
CBAY,$2.63,1439768346956,"74,945",100% bullish,of 1 rating,$4
CYCCP,$5.9999,1439768347038,400,100% bearish,of 1 rating,N/A
CYNO,$34.48,1439768347179,"107,143",67% bearish,of 3 ratings,$45.50
CYNA,$15.08,1439768347205,"32,912",100% bullish,of 1 rating,$33
CY,$10.2,1439768347347,"4,925,613",80% bullish,of 10 ratings,$15.50
CYRN,$1.68,1439768347376,"85,044",67% bullish,of 3 ratings,$4
CONE,$34.6169,1439768347597,"440,802",67% bearish,of 3 ratings,$35
CYTK,$6.45,1439768347625,"117,593",71% bullish,of 14 ratings,$13.50
CYTX,$0.4041,1439768347655,"484,773",83% bullish,of 12 ratings,$5.50
CTSO,$6.86,1439768347760,"218,347",Not yet rated,NULL,$15.625
CYTR,$2.35,1439768347813,"393,916",67% bullish,of 6 ratings,$10
DAEG,$0.36,1439768347946,"121,546",100% bearish,of 1 rating,N/A
TVIZ,$12.7,1439768348089,799,100% bearish,of 1 rating,N/A
ZIV,$50.24,1439768348129,"24,669",Not yet rated,NULL,N/A
TVIX,$5.66,1439768348174,"2,539,657",81% bullish,of 16 ratings,N/A
XIV,$47.853,1439768348309,"4,574,986",75% bearish,of 4 ratings,N/A
DJCO,$209.79,1439768348340,388,Not yet rated,NULL,N/A
DAKT,$12.09,1439768348468,"119,351",50% bullish,of 2 ratings,$14
DARA,$0.86,1439768348494,"89,811",83% bullish,of 6 ratings,$1.50
DAIO,$2.61,1439768348570,"6,016",Not yet rated,NULL,N/A
DTLK,$6.21,1439768348700,"56,595",100% bearish,of 1 rating,$9
DRAM,$1.5,1439768348726,"3,374",78% bullish,of 9 ratings,N/A
DWCH,$5.32,1439768348885,"33,560",75% bullish,of 4 ratings,$8.25
PLAY,$36.99,1439768348913,"95,663",100% bullish,of 5 ratings,$42
DTEA,$12.86,1439768349068,"100,839",100% bearish,of 2 ratings,$24
DBVT,$40.24,1439768349205,"62,448",100% bearish,of 1 rating,$53
DWSN,$5.26,1439768349237,"128,866",67% bullish,of 3 ratings,$6
TRAK,$62.17,1439768349264,"171,284",50% bullish,of 2 ratings,$62
DHRM,$1.7101,1439768349338,300,Not yet rated,NULL,N/A
TACO,$14.13,1439768349558,"145,091",100% bullish,of 3 ratings,$20
DFRG,$15.43,1439768349588,"102,102",100% bearish,of 1 rating,$20
TACOW,$4.84,1439768349618,"6,997",100% bullish,of 1 rating,N/A
DCTH,$0.506,1439768349722,"93,303",78% bullish,of 9 ratings,N/A
DGAS,$20.29,1439768349888,"1,081",67% bearish,of 3 ratings,N/A
DELT,$2.27,1439768349924,"1,400",Not yet rated,NULL,N/A
DELTW,NULL,1439768350057,0,Not yet rated,NULL,N/A
DENN,$12.45,1439768350107,"229,084",100% bullish,of 3 ratings,$15
XRAY,$56.79,1439768350132,"360,722",100% bullish,of 1 rating,$58
DEPO,$31.5,1439768350280,"450,314",75% bullish,of 4 ratings,$32
DSCI,$6.48,1439768350412,"34,546",50% bullish,of 2 ratings,$16
DEST,$11.9,1439768350490,"37,464",50% bullish,of 2 ratings,N/A
DERM,$24.35,1439768350519,"290,496",100% bearish,of 1 rating,$23
DXLG,$4.8,1439768350623,"32,163",100% bearish,of 1 rating,$8
DSWL,$1.8,1439768350679,200,100% bullish,of 1 rating,N/A
DXM,$0.3104,1439768350840,"22,833",50% bullish,of 2 ratings,N/A
DXCM,$99.88,1439768350887,"425,358",57% bullish,of 7 ratings,$95
DHXM,NULL,1439768350931,0,Not yet rated,NULL,N/A
DMND,$32.05,1439768351033,"66,566",75% bullish,of 12 ratings,$32
DHIL,$191.83,1439768351163,"2,202",Not yet rated,NULL,N/A
FANG,$73.9,1439768351246,"806,182",50% bullish,of 2 ratings,$88
DGII,$10.03,1439768351442,"54,981",100% bearish,of 1 rating,$10
DRNA,$10.9,1439768351505,"83,375",67% bearish,of 3 ratings,$25
DCIX,$1.91,1439768351533,"25,108",50% bullish,of 4 ratings,$3.50
DMRC,$37.6,1439768351714,"26,231",100% bearish,of 1 rating,$44
DRAD,$4.03,1439768351741,"10,843",100% bullish,of 1 rating,$5.25
APPS,$2.36,1439768351874,"115,256",100% bearish,of 1 rating,$10.25
DGLY,$7.9,1439768351904,"65,368",50% bullish,of 6 ratings,$20
DIOD,$20.25,1439768352095,"69,966",75% bearish,of 4 ratings,$24
DCOM,$17.25,1439768352211,"55,077",100% bearish,of 2 ratings,$16.50
DISCA,$28.31,1439768352301,"1,225,213",67% bullish,of 3 ratings,$35
DPRX,$14.12,1439768352327,"32,366",100% bullish,of 2 ratings,$27.75
DISCB,NULL,1439768352456,0,100% bearish,of 1 rating,$35
DISCK,$27.12,1439768352542,"475,636",100% bearish,of 1 rating,$40
DISH,$66.31,1439768352675,"318,377",69% bullish,of 13 ratings,$73
DVCR,$11.91,1439768352704,"1,034",100% bullish,of 1 rating,N/A
DSCO,$0.48,1439768352726,"94,291",83% bullish,of 6 ratings,$2.75
BAGR,$2.85,1439768352916,"12,164",100% bearish,of 1 rating,$6
DNBF,$26.58,1439768353014,901,Not yet rated,NULL,$27.50
DLHC,$2.5,1439768353047,"1,408",100% bearish,of 1 rating,N/A
DLTR,$77.78,1439768353144,"906,641",82% bullish,of 11 ratings,$88
DGICA,$14.4,1439768353205,"26,119",100% bearish,of 1 rating,$17
DGICB,NULL,1439768353403,0,100% bearish,of 1 rating,N/A
DMLP,$14.92,1439768353429,"25,551",100% bearish,of 1 rating,N/A
HILL,$5.43,1439768353501,"217,772",60% bearish,of 5 ratings,$8
DORM,$52.57,1439768353581,"115,775",100% bearish,of 1 rating,$56
DRWI,$0.29,1439768353634,"91,105",60% bullish,of 5 ratings,$.45
DRWIW,$0.059,1439768353807,"1,176",Not yet rated,NULL,N/A
DRYS,$0.3785,1439768353833,"1,950,899",77% bullish,of 31 ratings,$.60
DWA,$19.54,1439768353910,"378,295",63% bullish,of 8 ratings,$26
DSKX,$3.71,1439768353982,"184,236",100% bullish,of 1 rating,N/A
DSPG,$9.12,1439768354151,"174,369",100% bearish,of 1 rating,$13.50
CADTR,NULL,1439768354252,0,Not yet rated,NULL,N/A
CADT,NULL,1439768354293,0,Not yet rated,NULL,N/A
CADTU,NULL,1439768354324,0,Not yet rated,NULL,N/A
CADTW,NULL,1439768354383,0,Not yet rated,NULL,N/A
DNKN,$52.43,1439768354653,"294,738",67% bullish,of 15 ratings,$56.50
DTSI,$27.02,1439768354679,"62,117",100% bearish,of 2 ratings,$39.50
DRRX,$2.16,1439768354748,"188,067",50% bullish,of 6 ratings,$3
DXPE,$30,1439768354845,"115,466",50% bullish,of 2 ratings,N/A
DYAX,$22.33,1439768354874,"532,466",89% bullish,of 9 ratings,$30
DYSL,NULL,1439768355108,0,100% bullish,of 2 ratings,N/A
BOOM,$10.15,1439768355186,"23,624",67% bullish,of 3 ratings,$12
DYNT,$3.05,1439768355315,"14,702",75% bullish,of 4 ratings,N/A
DVAX,$29.31,1439768355346,"182,230",70% bullish,of 10 ratings,$40
ETFC,$28.5357,1439768355423,"801,059",57% bullish,of 14 ratings,$33
EBMT,$11.63,1439768355450,"4,832",Not yet rated,NULL,$13.50
EGBN,$44.5,1439768355694,"100,761",Not yet rated,NULL,$48
EROC,$1.52,1439768355801,"371,604",50% bullish,of 2 ratings,$3
EGRX,$66.8,1439768355828,"540,439",67% bullish,of 3 ratings,$97
EGLE,$8,1439768355854,"23,643",60% bullish,of 5 ratings,N/A
ELNK,$9.26,1439768355906,"559,987",80% bullish,of 5 ratings,$9.50
EWBC,$45.149,1439768356169,"523,967",100% bearish,of 1 rating,$50
EACQU,$10.03,1439768356267,"3,923",Not yet rated,NULL,N/A
EML,$17.29,1439768356325,"2,762",Not yet rated,NULL,N/A
EBAY,$28.28,1439768356372,"4,099,330",81% bullish,of 117 ratings,$48
EVBS,$6.43,1439768356405,"3,597",Not yet rated,NULL,$7
EBIX,$30.86,1439768356535,"213,354",69% bullish,of 13 ratings,$40
ELON,$0.54,1439768356708,"53,529",50% bullish,of 2 ratings,N/A
ECHO,$25.21,1439768356736,"185,482",67% bearish,of 3 ratings,$36
ECTE,$1.51,1439768356761,"20,042",75% bullish,of 4 ratings,N/A
SATS,$46.0773,1439768356971,"53,543",50% bullish,of 2 ratings,$60
ECACU,$10.03,1439768357039,"13,800",Not yet rated,NULL,N/A
EEI,$11.3,1439768357066,611,67% bearish,of 3 ratings,N/A
ESES,$3.49,1439768357209,"7,993",100% bearish,of 1 rating,$7
EDAP,$3.7,1439768357259,"14,717",60% bullish,of 5 ratings,$4.50
EDGW,$7.17,1439768357343,"2,580",100% bearish,of 1 rating,N/A
EDUC,$4.91,1439768357391,450,100% bearish,of 1 rating,N/A
EFUT,$4.61,1439768357417,"1,315",Not yet rated,NULL,N/A
EGAN,$3.55,1439768357739,"16,571",50% bullish,of 2 ratings,$6.25
EGLT,$12.58,1439768357772,"31,175",50% bullish,of 2 ratings,$21
EHTH,$15.08,1439768357902,"65,255",50% bullish,of 4 ratings,$16.50
LOCO,$14.64,1439768357928,"5,588,616",69% bullish,of 13 ratings,$28
EMITF,$1.29,1439768357954,"46,303",75% bullish,of 4 ratings,N/A
ESLT,$83.26,1439768358146,"3,131",100% bullish,of 2 ratings,N/A
ESIO,$4.72,1439768358243,"39,298",50% bullish,of 2 ratings,$10
ELRC,$10.49,1439768358285,"22,286",100% bearish,of 1 rating,N/A
ERI,$8.9381,1439768358312,"143,521",100% bearish,of 1 rating,$10
EA,$73.14,1439768358343,"1,341,794",77% bullish,of 35 ratings,$80
EFII,$45.7,1439768358494,"134,474",80% bullish,of 5 ratings,$55
ELEC,NULL,1439768358653,0,Not yet rated,NULL,N/A
ELSE,$3.88,1439768358679,"4,891",60% bullish,of 5 ratings,N/A
ELECU,NULL,1439768358843,0,Not yet rated,NULL,N/A
RDEN,$10.34,1439768358981,"110,192",100% bearish,of 4 ratings,$15
ELECW,NULL,1439768359021,0,Not yet rated,NULL,N/A
EBIO,$4.71,1439768359067,"1,929,066",100% bearish,of 2 ratings,$6
ESBK,$19.97,1439768359164,12,Not yet rated,NULL,N/A
CAPX,$23.96,1439768359191,800,Not yet rated,NULL,N/A
ELTK,$1.14,1439768359369,"24,034",67% bearish,of 3 ratings,N/A
EMCI,$24.79,1439768359405,"20,067",Not yet rated,NULL,N/A
EMCF,$23.68,1439768359503,210,100% bearish,of 1 rating,N/A
LONG,$17.08,1439768359532,"3,212",67% bullish,of 3 ratings,$15.75
EMKR,$7.22,1439768359667,"292,043",75% bullish,of 4 ratings,$8.50
EMMSP,NULL,1439768359858,0,100% bearish,of 1 rating,N/A
EMMS,$1.24,1439768359911,"17,905",67% bullish,of 6 ratings,N/A
NYNY,$4.51,1439768359987,"43,787",50% bullish,of 2 ratings,N/A
ERS,$3.1,1439768360012,"65,064",Not yet rated,NULL,N/A
ENTA,$40.29,1439768360081,"101,077",50% bullish,of 2 ratings,$42
ECPG,$40.31,1439768360344,"152,054",100% bullish,of 2 ratings,$52
ENDP,$84.84,1439768360372,"1,329,136",50% bullish,of 6 ratings,$104
ECYT,$5.42,1439768360405,"138,959",83% bullish,of 6 ratings,$12
WIRE,$33.61,1439768360432,"51,560",100% bearish,of 1 rating,$41
ELGX,$13.35,1439768360508,"411,751",75% bullish,of 4 ratings,$17
EIGI,$16.42,1439768360833,"207,454",67% bearish,of 3 ratings,$20
WATT,$7.05,1439768360863,"105,240",50% bullish,of 2 ratings,$13
EFOI,$18.82,1439768360885,"832,264",50% bullish,of 2 ratings,$17
EXXI,$1.73,1439768361020,"517,132",86% bullish,of 7 ratings,$4
ERII,$2.86,1439768361057,"44,357",80% bullish,of 5 ratings,$2.50
ENOC,$9.01,1439768361211,"213,279",75% bullish,of 4 ratings,$18
ENG,$1.14,1439768361266,"3,082",100% bullish,of 3 ratings,N/A
ENPH,$5.5,1439768361399,"294,120",75% bullish,of 4 ratings,$11
ETRM,$0.25,1439768361831,"651,477",69% bearish,of 35 ratings,$1.625
ENTL,$22.41,1439768361878,"70,292",Not yet rated,NULL,$28
ESGR,$161.16,1439768362074,"17,997",100% bearish,of 1 rating,$185
ENFC,$18.39,1439768362212,"6,278",Not yet rated,NULL,N/A
ENTG,$14.45,1439768362239,"376,369",100% bearish,of 1 rating,$18
EBTC,$21.22,1439768362443,"4,191",Not yet rated,NULL,N/A
EFSC,$24.81,1439768362489,"19,694",Not yet rated,NULL,$27
EGT,$2.23,1439768362515,"2,709",100% bullish,of 1 rating,N/A
ENVI,$1.82,1439768362650,"26,146",67% bullish,of 3 ratings,N/A
ENZY,$8.84,1439768362756,"6,490",67% bullish,of 3 ratings,$9.50
EPIQ,$14.12,1439768362786,"62,342",100% bearish,of 1 rating,$18
EPRS,$5.14,1439768362893,"90,026",82% bullish,of 11 ratings,$15
EPZM,$17.34,1439768363253,"188,948",60% bullish,of 5 ratings,$34
PLUS,$74.04,1439768363344,"44,902",50% bullish,of 2 ratings,$88
ENZN,$1.13,1439768363401,"890,164",100% bullish,of 9 ratings,N/A
EQFN,$8.34,1439768363656,300,Not yet rated,NULL,N/A
EQIX,$284.4569,1439768363686,"510,554",67% bullish,of 3 ratings,$312.50
EAC,$3.43,1439768363728,"15,397",100% bearish,of 1 rating,$7.50
ERIC,$10.3741,1439768363754,"983,601",63% bullish,of 8 ratings,$13.30
ERIE,$86.8074,1439768363791,"30,666",Not yet rated,NULL,$73
ESCA,$18.49,1439768364003,"8,160",100% bearish,of 1 rating,$22
ESCR,$0.23,1439768364031,"2,414",50% bullish,of 2 ratings,N/A
ESCRP,$1.65,1439768364082,"8,530",100% bearish,of 1 rating,N/A
ESMC,$1.38,1439768364182,"8,018",Not yet rated,NULL,N/A
ESPR,$66.5,1439768364212,"209,376",67% bearish,of 9 ratings,$130
ESSA,$12.86,1439768364531,"1,300",100% bearish,of 1 rating,N/A
EPIX,$7.15,1439768364559,"2,670",Not yet rated,NULL,N/A
ESND,$36.16,1439768364618,"85,475",100% bearish,of 1 rating,$40
ESSX,$0.4701,1439768364692,"43,950",50% bullish,of 2 ratings,N/A
CLWT,$2.6,1439768364750,"1,200",100% bearish,of 1 rating,N/A
ETSY,$17.08,1439768364959,"666,621",80% bullish,of 5 ratings,$16
EVEP,$9.21,1439768365043,"397,964",50% bullish,of 2 ratings,$15
ESEA,$6.46,1439768365092,"10,323",100% bullish,of 1 rating,$15
EEFT,$68.74,1439768365119,"144,293",100% bearish,of 1 rating,$67.50
EVK,$3.96,1439768365140,11,75% bearish,of 4 ratings,N/A
EVLV,$2.23,1439768365286,"69,085",60% bullish,of 5 ratings,$6.50
EVOK,$4.65,1439768365444,"45,627",100% bearish,of 1 rating,$16
EVOL,$6.35,1439768365600,"3,389",75% bullish,of 4 ratings,$10
EXA,$10.68,1439768365781,"9,087",100% bearish,of 1 rating,$13
EXAC,$18.29,1439768365812,"82,298",100% bearish,of 1 rating,$22.50
EXAS,$22.94,1439768365886,"349,131",78% bullish,of 9 ratings,$31
EXEL,$5.817,1439768365913,"2,099,714",81% bullish,of 16 ratings,$6
EXPE,$121.71,1439768366055,"503,732",64% bullish,of 11 ratings,$130
EXFO,$2.91,1439768366132,"5,288",67% bearish,of 3 ratings,$3.95
EXPD,$49.28,1439768366220,"615,404",80% bullish,of 5 ratings,$50.50
EXPO,$43.78,1439768366263,"45,109",100% bearish,of 1 rating,$45.50
EXLS,$37.13,1439768366408,"97,551",100% bullish,of 1 rating,$40
ESRX,$88.26,1439768366468,"3,060,353",67% bearish,of 6 ratings,$101
EXLP,$20.99,1439768366544,"60,574",100% bearish,of 1 rating,$27
EXTR,$2.93,1439768366678,"414,766",80% bullish,of 5 ratings,$3
EYEGW,NULL,1439768366881,0,Not yet rated,NULL,N/A
EYEG,$3.99,1439768366910,"26,799",Not yet rated,NULL,N/A
EZCH,$20.66,1439768366932,"151,611",75% bullish,of 8 ratings,$19.50
EZPW,$6.12,1439768366953,"192,066",50% bullish,of 4 ratings,$7.50
FFIV,$132.61,1439768367087,"307,911",71% bullish,of 7 ratings,$132
FB,$94.5,1439768367223,"9,771,618",73% bullish,of 1062 ratings,$111
FRP,$17.47,1439768367252,"58,600",100% bearish,of 1 rating,$18
FCS,$14.44,1439768367302,"276,113",67% bearish,of 3 ratings,$17
FWM,$2.25,1439768367387,"132,585",100% bearish,of 2 ratings,$3.20
FALC,$1.68,1439768367564,"42,047",63% bearish,of 8 ratings,N/A
FARM,$23.86,1439768367721,"18,782",100% bearish,of 1 rating,$35
FFKT,$26.69,1439768367749,"10,401",Not yet rated,NULL,$29
DAVE,$14.94,1439768367770,"11,148",100% bearish,of 1 rating,$15.50
FMNB,$8.2,1439768367915,"8,804",Not yet rated,NULL,N/A
FARO,$42.16,1439768368124,"53,935",50% bullish,of 2 ratings,$48
FATE,$7.46,1439768368158,"27,707",100% bearish,of 1 rating,$11
FAST,$40.21,1439768368180,"703,087",80% bullish,of 5 ratings,$46
FBSS,$15.82,1439768368226,34,Not yet rated,NULL,N/A
FBRC,$23.13,1439768368252,"9,387",100% bearish,of 1 rating,$29
FDML,$9.8,1439768368478,"115,988",50% bullish,of 4 ratings,$14
FNHC,$24.34,1439768368576,"27,647",100% bearish,of 1 rating,$35
FEIC,$81.65,1439768368622,"228,806",50% bullish,of 2 ratings,$95.50
FENX,$9.83,1439768368792,"45,917",100% bullish,of 1 rating,$14.25
FHCO,$1.52,1439768368828,"19,982",50% bullish,of 4 ratings,N/A
FCSC,$6.57,1439768368930,"149,188",100% bearish,of 1 rating,$8.125
FGEN,$25.9,1439768368959,"927,214",100% bearish,of 1 rating,$39
ONEQ,$198.49,1439768369065,"15,244",100% bullish,of 1 rating,N/A
LION,$20.37,1439768369130,"252,799",100% bullish,of 1 rating,$20
FDUS,$14.59,1439768369195,"40,675",100% bullish,of 1 rating,$18
FRGI,$54.98,1439768369275,"95,802",50% bullish,of 2 ratings,$70
FSAM,$8.75,1439768369409,"11,831",100% bearish,of 1 rating,$11
FSC,$6.5499,1439768369488,"452,822",75% bullish,of 4 ratings,$8
FSCFL,NULL,1439768369643,0,Not yet rated,NULL,N/A
FITB,$21.1142,1439768369789,"3,776,569",54% bullish,of 13 ratings,$22
FSFR,$9.13,1439768369857,"83,639",100% bearish,of 1 rating,$11.50
FITBI,$27.83,1439768369885,"3,626",Not yet rated,NULL,N/A
FNGN,$36.18,1439768369921,"333,093",67% bullish,of 3 ratings,$47
FISI,$24.39,1439768370052,"11,112",100% bullish,of 2 ratings,$24.50
FNSR,$17.26,1439768370147,"658,501",83% bullish,of 6 ratings,$25
FNTC,NULL,1439768370179,0,Not yet rated,NULL,N/A
FNJN,$1.81,1439768370312,"40,023",100% bearish,of 1 rating,$5
FNTCU,NULL,1439768370524,0,Not yet rated,NULL,N/A
FNTCW,NULL,1439768370581,0,Not yet rated,NULL,N/A
FEYE,$43,1439768370712,"1,390,964",87% bullish,of 15 ratings,$55.50
FBNC,$17.18,1439768370803,"14,007",100% bullish,of 1 rating,$20
FRBA,$6.02,1439768370845,"1,300",Not yet rated,NULL,$8
FNLC,$18.84,1439768370871,"9,493",100% bullish,of 1 rating,N/A
BUSE,$6.44,1439768371000,"39,535",Not yet rated,NULL,$6.875
FCVA,$4.71,1439768371110,"1,090",Not yet rated,NULL,N/A
FBIZ,$43.95,1439768371166,"8,944",100% bearish,of 2 ratings,$52
FCAP,$26.7,1439768371212,763,Not yet rated,NULL,N/A
FCFS,$38.37,1439768371242,"56,943",100% bearish,of 2 ratings,$48
FCNCA,$252.9,1439768371372,"17,265",Not yet rated,NULL,N/A
FCLF,$9.19,1439768371532,252,Not yet rated,NULL,N/A
FCBC,$18.1,1439768371719,"11,453",Not yet rated,NULL,$17
FCCO,$12.14,1439768371745,788,Not yet rated,NULL,$13.25
FCFP,$6.8,1439768371900,"2,600",Not yet rated,NULL,N/A
FDEF,$37.12,1439768371927,"16,041",Not yet rated,NULL,$38
FBNK,$16.27,1439768371948,"12,340",100% bearish,of 1 rating,$17.50
FFNM,$6.33,1439768372151,212,Not yet rated,NULL,N/A
FFIN,$32.79,1439768372288,"106,041",50% bullish,of 2 ratings,$31.75
FFBC,$19.26,1439768372318,"67,929",67% bearish,of 3 ratings,$20.25
THFF,$33.49,1439768372346,"171,589",Not yet rated,NULL,$35
FFBCW,NULL,1439768372375,0,100% bearish,of 1 rating,N/A
FFNW,$12.5,1439768372510,"12,446",Not yet rated,NULL,$14
FFWM,$21.4,1439768372792,"9,501",Not yet rated,NULL,$24
FIBK,$28.13,1439768372854,"50,346",Not yet rated,NULL,$32
INBK,$35.38,1439768372943,"4,601",50% bullish,of 2 ratings,$37
FMBH,$21.7701,1439768372983,400,Not yet rated,NULL,N/A
FRME,$26.23,1439768373008,"52,974",Not yet rated,NULL,$26.50
FMBI,$18.49,1439768373217,"119,055",Not yet rated,NULL,$20
FNBC,$36.64,1439768373307,"88,959",Not yet rated,NULL,$41
FNFG,$9.7219,1439768373345,"833,198",80% bullish,of 5 ratings,$9
FSGI,$2.5,1439768373436,"6,390",Not yet rated,NULL,N/A
FNWB,$12.31,1439768373464,"2,879",Not yet rated,NULL,N/A
FSLR,$51.51,1439768373634,"687,562",74% bullish,of 39 ratings,$65
FSFG,$30.27,1439768373686,112,Not yet rated,NULL,N/A
FSBK,$7.89,1439768373842,"4,687",100% bullish,of 1 rating,N/A
BICK,NULL,1439768373986,0,100% bullish,of 1 rating,N/A
FBZ,$10.88,1439768374119,100,Not yet rated,NULL,N/A
FCA,$23.1001,1439768374147,370,Not yet rated,NULL,N/A
FCAN,$25.82,1439768374168,"2,227",Not yet rated,NULL,N/A
FTCS,$38.71,1439768374303,"8,644",Not yet rated,NULL,N/A
FV,$24.66,1439768374359,"827,913",Not yet rated,NULL,N/A
FEMB,NULL,1439768374520,0,Not yet rated,NULL,N/A
IFV,$18.98,1439768374549,"211,987",100% bearish,of 1 rating,N/A
FEUZ,$32.65,1439768374654,450,Not yet rated,NULL,N/A
FTSM,$59.91,1439768374788,"19,221",100% bearish,of 1 rating,N/A
MDIV,$19.84,1439768374926,"126,750",Not yet rated,NULL,N/A
TDIV,$26.02,1439768374955,"44,692",100% bearish,of 1 rating,N/A
FGM,$37.8,1439768375057,"5,656",Not yet rated,NULL,N/A
FTGC,$22.92,1439768375222,"84,693",Not yet rated,NULL,N/A
FHK,$36.46,1439768375290,"5,732",Not yet rated,NULL,N/A
HYLS,$49.79,1439768375316,"26,504",100% bearish,of 1 rating,N/A
FTHI,$21.21,1439768375378,"2,369",Not yet rated,NULL,N/A
FPXI,$29.11,1439768375615,"1,244",Not yet rated,NULL,N/A
SKYY,$30.5,1439768375646,"14,146",100% bullish,of 1 rating,N/A
YDIV,$17.4,1439768375725,390,Not yet rated,NULL,N/A
CU,$13.49,1439768375750,646,100% bearish,of 1 rating,N/A
PLTM,NULL,1439768375948,0,100% bearish,of 1 rating,N/A
FJP,$50.42,1439768376076,"30,073",Not yet rated,NULL,N/A
FTLB,NULL,1439768376101,0,100% bearish,of 1 rating,N/A
FMB,NULL,1439768376131,0,Not yet rated,NULL,N/A
LMBS,NULL,1439768376155,0,Not yet rated,NULL,N/A
QABA,$39.36,1439768376392,"3,580",100% bearish,of 1 rating,N/A
CIBR,$19.55,1439768376429,"50,198",Not yet rated,NULL,N/A
FONE,$36.86,1439768376566,300,Not yet rated,NULL,N/A
QCLN,$16.04,1439768376594,"18,493",Not yet rated,NULL,N/A
GRID,NULL,1439768376622,0,100% bearish,of 1 rating,N/A
CARZ,$37.03,1439768376829,"3,534",100% bearish,of 1 rating,N/A
QQEW,$44.1,1439768376923,"13,303",Not yet rated,NULL,N/A
RDVY,$22.4571,1439768376951,"3,099",Not yet rated,NULL,N/A
QQXT,$42.59,1439768376972,"21,860",Not yet rated,NULL,N/A
QTEC,$42.25,1439768377165,"22,929",Not yet rated,NULL,N/A
AIRR,$17.07,1439768377199,"51,393",100% bearish,of 1 rating,N/A
FTSL,$49.04,1439768377295,"48,267",100% bearish,of 1 rating,N/A
QINC,$21.49,1439768377321,"75,158",Not yet rated,NULL,N/A
FDIV,$47.35,1439768377501,335,100% bearish,of 1 rating,N/A
FKO,NULL,1439768377589,0,Not yet rated,NULL,N/A
FSZ,$40.72,1439768377699,"8,594",Not yet rated,NULL,N/A
FTW,$32.574,1439768377738,"1,432",Not yet rated,NULL,N/A
TUSA,$26.209,1439768377763,300,Not yet rated,NULL,N/A
FKU,$44.18,1439768377959,"4,467",Not yet rated,NULL,N/A
FUNC,$8.4,1439768377985,556,Not yet rated,NULL,N/A
SVVC,$10.82,1439768378136,"19,598",100% bullish,of 1 rating,$26
FMER,$18.76,1439768378198,"755,503",100% bearish,of 1 rating,$20
FSV,$32.5,1439768378234,"10,747",Not yet rated,NULL,$33.60
FISV,$89.58,1439768378518,"439,590",100% bearish,of 3 ratings,$90
FPRX,$18.79,1439768378555,"223,946",50% bullish,of 2 ratings,$35
FIVE,$38.41,1439768378581,"457,240",75% bearish,of 4 ratings,$44
FIVN,$4.46,1439768378607,"104,048",100% bullish,of 1 rating,$8.50
FLML,$21.3267,1439768378741,"101,223",50% bullish,of 2 ratings,$30
FLXN,$23.1,1439768378919,"70,755",100% bearish,of 1 rating,$39.50
FLKS,$14.32,1439768378950,"37,536",50% bullish,of 2 ratings,$27
SKOR,NULL,1439768378977,0,Not yet rated,NULL,N/A
MBSD,NULL,1439768379003,0,Not yet rated,NULL,N/A
FLXS,$40.54,1439768379159,"11,848",100% bearish,of 2 ratings,N/A
FLEX,$11.0865,1439768379314,"2,141,447",63% bullish,of 8 ratings,$12
FLIR,$30.54,1439768379341,"278,824",100% bearish,of 1 rating,$38.50
FLDM,$12.89,1439768379419,"390,736",67% bearish,of 3 ratings,$21.50
FFIC,$20.88,1439768379567,"65,081",Not yet rated,NULL,$21
FONR,$9.68,1439768379697,"5,700",100% bullish,of 1 rating,N/A
FOMX,$9.79,1439768379722,"55,260",50% bullish,of 2 ratings,$23.50
FOGO,$19.6175,1439768379772,"142,486",50% bullish,of 2 ratings,$25.50
FES,$1.06,1439768379798,"4,048",50% bullish,of 2 ratings,$2
FORTY,$34,1439768380146,400,Not yet rated,NULL,N/A
FORR,$32.43,1439768380176,"27,600",Not yet rated,NULL,N/A
FORM,$6.66,1439768380204,"162,468",67% bullish,of 3 ratings,$10.50
FTNT,$46.4459,1439768380225,"607,785",80% bullish,of 10 ratings,$52
FBIO,$3.08,1439768380358,"58,911",83% bullish,of 6 ratings,N/A
FOSL,$61.4026,1439768380615,"746,137",50% bullish,of 4 ratings,$70
FWRD,$49.08,1439768380642,"98,880",100% bearish,of 1 rating,$50
FORD,$1.34,1439768380686,"3,138,874",50% bullish,of 2 ratings,N/A
FWP,$25.84,1439768380711,"110,674",100% bearish,of 1 rating,$45
FXCB,$17.38,1439768381013,"8,423",Not yet rated,NULL,$19
FMI,$20.13,1439768381049,"169,488",100% bearish,of 2 ratings,$27.50
FRAN,$11.36,1439768381107,"347,919",50% bullish,of 4 ratings,$15
FOXF,$15.88,1439768381187,"39,343",100% bearish,of 1 rating,$19
FELE,$30.34,1439768381218,"126,492",50% bullish,of 4 ratings,$33
FRED,$14.51,1439768381353,"97,499",50% bullish,of 2 ratings,$16.50
FREE,$0.49,1439768381417,"488,100",92% bullish,of 12 ratings,N/A
RAIL,$22.53,1439768381522,"98,929",100% bearish,of 1 rating,$24.50
FEIM,$10.68,1439768381659,"2,278",100% bearish,of 1 rating,N/A
FRPT,$14.61,1439768381810,"282,342",67% bearish,of 3 ratings,$23.50
FTRPR,$107.75,1439768381844,"3,598",100% bearish,of 1 rating,N/A
FTR,$5.45,1439768381943,"9,480,709",78% bullish,of 27 ratings,$6.25
FRPH,$31.35,1439768381968,"6,999",100% bearish,of 1 rating,N/A
FSBW,$23.72,1439768382141,"1,200",Not yet rated,NULL,N/A
FTD,$30.04,1439768382170,"66,983",100% bearish,of 1 rating,$40
FTEK,$2.33,1439768382297,"15,429",75% bullish,of 4 ratings,N/A
FSYS,$6.82,1439768382336,"31,304",67% bullish,of 3 ratings,$10
FCEL,$0.82,1439768382367,"504,567",88% bullish,of 40 ratings,$2.65
FULL,$3.24,1439768382505,"52,034",67% bearish,of 3 ratings,$4.25
FULLL,NULL,1439768382724,0,Not yet rated,NULL,N/A
FLL,$1.55,1439768382837,"27,340",75% bullish,of 4 ratings,$2.825
FULT,$13.09,1439768382863,"459,622",100% bearish,of 1 rating,$13
FSNN,$2.69,1439768382910,658,67% bullish,of 3 ratings,$6
FFHL,NULL,1439768382935,0,50% bullish,of 4 ratings,N/A
FXEN,$0.99,1439768383207,"48,256",75% bullish,of 4 ratings,$1.10
WILC,NULL,1439768383236,0,100% bullish,of 2 ratings,N/A
GK,$71.79,1439768383265,"46,241",Not yet rated,NULL,$78
FXENP,$15.84,1439768383290,400,100% bearish,of 1 rating,N/A
GAIA,$6.2,1439768383442,"23,442",50% bullish,of 2 ratings,$8.50
GALT,$2.38,1439768383624,"160,338",80% bullish,of 5 ratings,N/A
GLPG,$60.86,1439768383654,"12,247",100% bullish,of 1 rating,$75
GALTU,NULL,1439768383757,0,100% bearish,of 1 rating,N/A
GALE,$1.42,1439768383962,"917,044",89% bullish,of 47 ratings,$4
GALTW,$0.7729,1439768383993,"2,000",100% bullish,of 1 rating,N/A
GLPI,$33.1866,1439768384042,"182,255",100% bearish,of 1 rating,$37.50
GLMD,$9.18,1439768384069,"8,734",67% bullish,of 3 ratings,$20.50
GPIC,$10.89,1439768384094,200,100% bearish,of 1 rating,N/A
GGAC,NULL,1439768384490,0,100% bearish,of 1 rating,N/A
GRMN,$39.9,1439768384533,"440,580",50% bullish,of 6 ratings,$48
GGACU,$10.04,1439768384582,"1,198",Not yet rated,NULL,N/A
GGACR,NULL,1439768384607,0,100% bullish,of 1 rating,N/A
GGACW,NULL,1439768384812,0,Not yet rated,NULL,N/A
GENC,$9.54,1439768384907,22,100% bearish,of 1 rating,N/A
GNCMA,$17.92,1439768384954,"49,347",100% bearish,of 1 rating,$12
GARS,$14.8,1439768384979,"13,068",Not yet rated,NULL,$16
GFN,$4.1,1439768385044,"16,924",100% bearish,of 2 ratings,$8
GFNSL,$26,1439768385238,"1,854",Not yet rated,NULL,N/A
GFNCP,$92.98,1439768385264,"1,987",Not yet rated,NULL,N/A
GNMK,$9.2,1439768385397,"131,296",67% bullish,of 6 ratings,$14
GENE,$2.66,1439768385436,"114,278",100% bullish,of 12 ratings,N/A
GHDX,$24.85,1439768385654,"126,615",50% bullish,of 2 ratings,$30
GNCA,$13.01,1439768385785,"326,010",100% bearish,of 1 rating,$20
GNTX,$15.6781,1439768385815,"573,358",Not yet rated,NULL,$20
THRM,$48.66,1439768385880,"162,168",75% bearish,of 4 ratings,$55.50
GNVC,$2.45,1439768385913,"9,948",90% bullish,of 10 ratings,$8.50
GEOS,$15.73,1439768386136,"89,905",100% bearish,of 3 ratings,$25.50
GTWN,$18.34,1439768386165,7,Not yet rated,NULL,N/A
GERN,$3.08,1439768386216,"1,309,900",88% bullish,of 16 ratings,$5.25
GABC,$29.38,1439768386264,"6,654",Not yet rated,NULL,$31.50
GEVO,$2.17,1439768386496,"245,325",75% bullish,of 12 ratings,N/A
ROCK,$18.72,1439768386524,"135,108",80% bullish,of 5 ratings,$24
GIGA,$1.52,1439768386743,"156,769",100% bearish,of 1 rating,N/A
GIII,$69.71,1439768386770,"195,510",67% bullish,of 3 ratings,$75
GIGM,$0.653,1439768386798,"3,820",100% bullish,of 2 ratings,N/A
GILT,$4.54,1439768386934,"9,192",50% bullish,of 2 ratings,N/A
GILD,$115.747,1439768387067,"3,359,438",91% bullish,of 86 ratings,$129
GBCI,$28.12,1439768387144,"192,448",50% bullish,of 2 ratings,$31
GLAD,$8.23,1439768387211,"30,844",50% bullish,of 2 ratings,$8.75
GLADO,$25.59,1439768387281,"3,490",Not yet rated,NULL,N/A
GOOD,$15.94,1439768387309,"72,728",Not yet rated,NULL,$19
GOODN,NULL,1439768387440,0,Not yet rated,NULL,N/A
GOODO,NULL,1439768387468,0,Not yet rated,NULL,N/A
GAIN,$7.96,1439768387736,"83,436",100% bullish,of 2 ratings,$8.25
GOODP,$25.4,1439768387764,887,Not yet rated,NULL,N/A
GAINN,$25.23,1439768387890,"21,802",Not yet rated,NULL,N/A
GAINP,$26.05,1439768387915,500,Not yet rated,NULL,N/A
GAINO,$25.56,1439768387941,"3,380",Not yet rated,NULL,N/A
LAND,$9.61,1439768388076,"9,915",50% bullish,of 2 ratings,$13.75
GLBZ,$11.72,1439768388205,"1,500",Not yet rated,NULL,N/A
GBT,$45.69,1439768388268,"212,872",Not yet rated,NULL,N/A
GDEF,NULL,1439768388304,0,Not yet rated,NULL,N/A
ENT,$12.15,1439768388326,"101,376",100% bearish,of 1 rating,$18
GBLI,$27.28,1439768388402,"7,555",Not yet rated,NULL,N/A
GPACU,$10.05,1439768388639,"12,500",Not yet rated,NULL,N/A
GSOL,$8.53,1439768388713,"17,397",100% bearish,of 1 rating,N/A
ACTX,$14.1325,1439768388815,"1,700",100% bullish,of 1 rating,N/A
QQQC,$21.61,1439768388877,"2,230",100% bearish,of 1 rating,N/A
SOCL,$18.74,1439768388907,"21,579",100% bullish,of 2 ratings,N/A
ALTY,$14.9103,1439768389010,300,Not yet rated,NULL,N/A
SRET,$13.89,1439768389093,800,Not yet rated,NULL,N/A
GSM,$14.08,1439768389245,"187,331",50% bullish,of 2 ratings,$24.50
GAI,$5.58,1439768389273,"2,291",50% bullish,of 2 ratings,N/A
YLCO,$12.28,1439768389300,"9,000",Not yet rated,NULL,N/A
GBIM,$2.48,1439768389431,"58,881",50% bullish,of 2 ratings,N/A
GLBS,$1.0792,1439768389457,"1,000",67% bullish,of 3 ratings,N/A
GLRI,$1.2,1439768389790,"16,544",100% bearish,of 1 rating,$6
GLYC,$7.56,1439768389868,"4,076",50% bullish,of 2 ratings,$14
GOGO,$16.57,1439768389894,"301,365",80% bullish,of 5 ratings,$25
GLUU,$4.65,1439768389921,"1,235,779",92% bullish,of 26 ratings,$9
GLNG,$37.9,1439768389946,"1,486,121",83% bullish,of 6 ratings,$58
GMLP,$20.6,1439768390213,"92,777",50% bullish,of 4 ratings,$33
GOGL,$3.6,1439768390282,"293,077",75% bullish,of 4 ratings,$5
GBDC,$16.51,1439768390307,"70,183",Not yet rated,NULL,$17.75
GDEN,$9.26,1439768390340,"71,555",50% bullish,of 2 ratings,N/A
GLDC,$4.2,1439768390368,969,50% bullish,of 2 ratings,N/A
GTIM,$7.31,1439768390657,"59,096",Not yet rated,NULL,$11.50
GOOG,$658,1439768390717,"575,936",89% bullish,of 64 ratings,$795
GOOGL,$688.97,1439768390788,"671,519",88% bullish,of 1077 ratings,$747
GPRO,$58.85,1439768390870,"2,051,150",79% bullish,of 58 ratings,$71.50
GMAN,$4.57,1439768390935,"18,771",60% bullish,of 5 ratings,$8
GPIAW,NULL,1439768391069,0,Not yet rated,NULL,N/A
GPIAU,NULL,1439768391141,0,Not yet rated,NULL,N/A
GPIA,NULL,1439768391173,0,Not yet rated,NULL,N/A
LOPE,$39.22,1439768391269,"198,309",100% bearish,of 2 ratings,$50
GRVY,$3.4,1439768391299,"1,386",50% bullish,of 2 ratings,N/A
GBSN,$2.45,1439768391482,"49,787",100% bearish,of 1 rating,$8.25
GBSNU,NULL,1439768391507,0,Not yet rated,NULL,N/A
GLDD,$5.64,1439768391709,"120,267",100% bearish,of 4 ratings,$7.75
GSBC,$41.622,1439768391810,"17,920",100% bullish,of 1 rating,$44
GNBC,$13.55,1439768391842,"30,706",100% bearish,of 1 rating,$17
GRBK,$14.12,1439768391941,"200,403",77% bullish,of 13 ratings,N/A
GPP,$14.9,1439768391969,"36,622",Not yet rated,NULL,$20.50
GPRE,$23.42,1439768392046,"514,392",67% bullish,of 6 ratings,$28.50
GCBC,$28.4,1439768392231,7,100% bullish,of 1 rating,N/A
GLRE,$26.59,1439768392261,"61,261",100% bullish,of 1 rating,$41
GRIF,$30.89,1439768392289,13,100% bearish,of 1 rating,N/A
GRPN,$4.33,1439768392466,"5,751,663",61% bullish,of 71 ratings,$6.75
GRFS,$32.33,1439768392493,"102,377",50% bullish,of 2 ratings,$35
OMAB,$42.61,1439768392720,"68,484",100% bullish,of 1 rating,$44
GGAL,$20.76,1439768392749,"289,230",80% bullish,of 5 ratings,$40
GSIG,$13.51,1439768392848,"29,142",100% bearish,of 2 ratings,N/A
GSIT,$5.01,1439768392886,"3,618",100% bearish,of 1 rating,N/A
GTXI,$0.9388,1439768392917,"16,950",100% bullish,of 5 ratings,$.75
GSVC,$9.52,1439768393066,"37,271",50% bullish,of 2 ratings,$14.50
GBNK,$16.2,1439768393091,"12,915",100% bearish,of 1 rating,$18
GFED,$15.05,1439768393255,600,Not yet rated,NULL,$17
GUID,$9.1,1439768393310,"37,035",100% bearish,of 3 ratings,$10
GULTU,$0.396,1439768393388,"44,593",100% bearish,of 1 rating,N/A
GIFI,$12.03,1439768393445,"28,149",100% bearish,of 1 rating,$16
GURE,$1.935,1439768393644,"64,899",88% bullish,of 8 ratings,N/A
GPOR,$35.97,1439768393773,"754,081",75% bullish,of 4 ratings,$55.50
GWGH,$7.76,1439768393802,"3,023",100% bearish,of 1 rating,$15.05
GWPH,$111.18,1439768393881,"147,848",78% bullish,of 9 ratings,$148.50
GYRO,$2.89,1439768394010,"9,722",100% bearish,of 1 rating,N/A
HLG,$9.5,1439768394111,"3,800",100% bearish,of 1 rating,N/A
HEES,$17.38,1439768394143,"215,617",67% bearish,of 3 ratings,$31
HNRG,$7.58,1439768394274,"223,613",100% bearish,of 1 rating,$10
HALL,$11.29,1439768394300,"108,415",Not yet rated,NULL,N/A
HALO,$19.17,1439768394365,"1,172,702",67% bullish,of 3 ratings,$22.50
HBK,$13.72,1439768394581,14,50% bullish,of 2 ratings,N/A
HMPR,$2,1439768394685,"25,917",100% bullish,of 1 rating,N/A
HBHC,$29.13,1439768394712,"234,808",50% bullish,of 2 ratings,$30
HBHCL,$24.66,1439768394902,"14,879",Not yet rated,NULL,N/A
HNH,$28.81,1439768394928,"4,444",100% bullish,of 1 rating,N/A
HAFC,$25.83,1439768395086,"45,506",100% bullish,of 2 ratings,$28.50
HQCL,$11.05,1439768395116,"6,718",67% bullish,of 3 ratings,N/A
HNSN,$0.52,1439768395219,"162,684",88% bullish,of 8 ratings,$.40
HDNG,$9.16,1439768395281,"19,906",50% bullish,of 4 ratings,N/A
HLIT,$5.84,1439768395352,"347,527",100% bearish,of 1 rating,$6.50
HRMN,NULL,1439768395433,0,Not yet rated,NULL,N/A
HRMNU,NULL,1439768395705,0,Not yet rated,NULL,N/A
HRMNW,NULL,1439768395730,0,Not yet rated,NULL,N/A
TINY,$2.6,1439768395793,"34,646",50% bullish,of 2 ratings,$5.26
HBIO,$4.53,1439768395959,"62,042",Not yet rated,NULL,$10
HART,$0.77,1439768396033,"143,324",100% bearish,of 1 rating,N/A
HCAPL,NULL,1439768396136,0,Not yet rated,NULL,N/A
HCAP,$12.26,1439768396164,"5,574",50% bullish,of 2 ratings,$15
HA,$25.25,1439768396231,"565,564",67% bullish,of 9 ratings,$27
HAS,$80.7003,1439768396324,"315,783",63% bullish,of 8 ratings,$84.50
HCOM,$22.88,1439768396365,"19,700",100% bearish,of 1 rating,$28
HWKN,$38.14,1439768396491,"21,598",Not yet rated,NULL,N/A
HWBK,$13.97,1439768396655,"1,264",100% bearish,of 1 rating,N/A
HAYN,$41,1439768396702,"59,498",100% bearish,of 1 rating,$59
HDS,$34.89,1439768396845,"641,213",100% bearish,of 2 ratings,$39.50
HIIQ,$4.57,1439768396930,"23,455",50% bullish,of 2 ratings,$7
HCSG,$34.72,1439768396995,"121,815",50% bullish,of 4 ratings,$35
HQY,$32.71,1439768397063,"77,878",67% bullish,of 3 ratings,$31
HSTM,$25.74,1439768397091,"78,710",50% bullish,of 2 ratings,$33.75
HTLF,$37.86,1439768397405,"17,821",100% bullish,of 1 rating,$39.50
HWAY,$12.46,1439768397434,"103,689",100% bearish,of 1 rating,$15
HTLD,$21.36,1439768397464,"158,390",Not yet rated,NULL,$22.50
HTWR,$87.48,1439768397495,"99,132",50% bullish,of 2 ratings,$103
HTBX,$5.6,1439768397592,"4,484",50% bullish,of 2 ratings,$15.50
HSII,$20.15,1439768397786,"56,202",100% bullish,of 3 ratings,$25
HELE,$90.71,1439768397889,"73,392",67% bearish,of 3 ratings,$100
HMNY,$2.44,1439768397916,700,100% bearish,of 1 rating,N/A
HNNA,$23.4,1439768398047,"9,674",Not yet rated,NULL,N/A
HMTV,$13.34,1439768398073,"25,471",100% bearish,of 1 rating,$16
HCACU,NULL,1439768398204,0,Not yet rated,NULL,N/A
HERO,$0.067,1439768398235,"3,719,112",81% bullish,of 16 ratings,$.75
HSIC,$145.1,1439768398297,"112,776",83% bullish,of 6 ratings,$146
HTBK,$11.06,1439768398453,"24,757",Not yet rated,NULL,$12
HFWA,$18.37,1439768398485,"29,134",100% bullish,of 1 rating,$20
HEOP,$8.01,1439768398585,"14,350",Not yet rated,NULL,$8.50
HCCI,$12.7,1439768398659,"19,633",100% bearish,of 1 rating,$16.50
MLHR,$28.5366,1439768398815,"167,723",100% bullish,of 1 rating,$33.50
HSKA,$34.01,1439768398960,"39,389",100% bearish,of 1 rating,$38
HFFC,$16.62,1439768398986,"2,657",Not yet rated,NULL,N/A
HRTX,$29.6,1439768399058,"202,790",67% bullish,of 6 ratings,$41
HIBB,$41.35,1439768399154,"231,172",100% bearish,of 1 rating,$48.50
HPJ,$2.73,1439768399179,"9,415",75% bullish,of 4 ratings,$12.43
HIHO,$3.9,1439768399321,"3,357",Not yet rated,NULL,N/A
HIMX,$6.81,1439768399361,"686,859",85% bullish,of 20 ratings,$8.50
HIFS,$119.8,1439768399512,883,Not yet rated,NULL,N/A
HSGX,$6.65,1439768399543,"5,717",100% bearish,of 1 rating,$17
HMNF,NULL,1439768399568,0,Not yet rated,NULL,N/A
HMSY,$9.35,1439768399908,"1,106,543",67% bullish,of 3 ratings,$19.35
HOLI,$19.2,1439768399940,"195,650",50% bullish,of 4 ratings,$27
HOLX,$42.45,1439768399977,"1,844,393",67% bullish,of 3 ratings,$42
HOMB,$41.19,1439768400002,"147,275",Not yet rated,NULL,$41
HBCP,$24.8,1439768400036,"2,952",Not yet rated,NULL,$29
HFBL,$21.7,1439768400278,377,Not yet rated,NULL,N/A
AWAY,$30.73,1439768400350,"686,997",67% bullish,of 3 ratings,$36
HMIN,$29.2,1439768400421,"51,489",100% bearish,of 2 ratings,$35
HTBI,$18.5,1439768400482,"21,498",67% bullish,of 3 ratings,$18.625
HMST,$22.29,1439768400510,"27,869",100% bullish,of 2 ratings,$27
HKTV,$5.2,1439768400783,"13,236",100% bearish,of 1 rating,N/A
CETC,$1.04,1439768400810,"24,470",86% bullish,of 7 ratings,N/A
HOFT,$25.16,1439768400841,"13,206",100% bearish,of 1 rating,N/A
HFBC,$11.77,1439768400939,"2,956",Not yet rated,NULL,N/A
HZNP,$30.5,1439768401035,"1,710,487",85% bullish,of 20 ratings,$40
HBNC,$24.85,1439768401164,"13,995",100% bullish,of 1 rating,$27
HRZN,$11.13,1439768401194,"60,234",100% bearish,of 1 rating,$14.25
HDP,$26.39,1439768401358,"157,063",67% bearish,of 3 ratings,$30.50
ZINC,$8.76,1439768401391,"261,960",100% bearish,of 1 rating,$17
HMHC,$23.73,1439768401491,"334,341",Not yet rated,NULL,$27
HWCC,$7.5,1439768401622,"64,761",100% bearish,of 1 rating,$9
HOVNP,$5.44,1439768401660,805,100% bearish,of 1 rating,N/A
HBMD,$13.61,1439768401765,"2,032",100% bearish,of 1 rating,N/A
HSNI,$63.4,1439768401916,"312,531",Not yet rated,NULL,$80
HTGM,$5.8,1439768401946,"10,834",100% bearish,of 1 rating,$19.50
HUBG,$42.07,1439768402048,"229,865",100% bearish,of 1 rating,$43
HCBK,$10.3021,1439768402123,"591,458",83% bullish,of 6 ratings,$8.61
HSON,$2.86,1439768402151,"9,208",100% bearish,of 1 rating,$5
HBAN,$11.8024,1439768402299,"3,769,903",76% bullish,of 17 ratings,$12.50
HDSN,$3.21,1439768402379,"9,756",100% bullish,of 1 rating,$6.25
HBANP,$1356.9999,1439768402458,77,100% bearish,of 1 rating,N/A
HURC,$31.07,1439768402517,"10,077",100% bearish,of 1 rating,N/A
HURN,$75.5,1439768402653,"65,313",50% bullish,of 2 ratings,$80
HTCH,$1.65,1439768402738,"92,024",100% bearish,of 1 rating,$3.50
HDRA,NULL,1439768402868,0,Not yet rated,NULL,N/A
HBP,$3.15,1439768402895,"3,904",100% bullish,of 1 rating,N/A
HDRAR,NULL,1439768402916,0,Not yet rated,NULL,N/A
HDRAU,NULL,1439768403061,0,Not yet rated,NULL,N/A
HDRAW,NULL,1439768403240,0,Not yet rated,NULL,N/A
HYGS,$7.75,1439768403267,"29,742",50% bullish,of 2 ratings,$13
IDSY,$4.03,1439768403294,"17,495",100% bearish,of 1 rating,$7
IACI,$74.71,1439768403424,"507,636",75% bullish,of 4 ratings,$90
IKGH,$1.7,1439768403474,"45,831",75% bullish,of 4 ratings,N/A
IBKC,$63.88,1439768403678,"58,280",100% bullish,of 1 rating,$70
IEP,$73.43,1439768403709,"37,117",75% bullish,of 4 ratings,$99
ICAD,$3.53,1439768403730,"18,116",50% bullish,of 2 ratings,$7.25
ICFI,$35.33,1439768403866,"40,539",50% bullish,of 2 ratings,$48.50
ICLR,$82.2992,1439768404009,"274,483",100% bearish,of 3 ratings,$82
ICON,$13.7284,1439768404339,"470,448",50% bullish,of 2 ratings,$18.50
ICUI,$121.81,1439768404373,"74,981",Not yet rated,NULL,$122
IPWR,$7.77,1439768404400,"7,778",100% bullish,of 1 rating,$15
IDRA,$2.67,1439768404425,"986,147",89% bullish,of 9 ratings,$6.50
INVE,$4.28,1439768404470,"203,309",75% bullish,of 4 ratings,$4
IDXX,$77.61,1439768404741,"188,942",100% bearish,of 1 rating,$77
IROQ,$16.6,1439768404840,"1,037",100% bullish,of 1 rating,N/A
DSKY,$12.3,1439768404870,"218,302",67% bullish,of 6 ratings,$11.50
IRG,$4.57,1439768404972,"6,456",100% bearish,of 1 rating,$4.50
IIVI,$17.84,1439768405113,"79,559",100% bearish,of 1 rating,$22
RXDX,$13.12,1439768405142,"115,181",100% bullish,of 1 rating,$20
KANG,$16.5124,1439768405248,"55,545",50% bullish,of 2 ratings,$22.55
IKAN,$2.73,1439768405287,"22,508",83% bullish,of 6 ratings,$5
IKNX,$11.49,1439768405430,"2,608",100% bearish,of 1 rating,N/A
ISNS,$4.23,1439768405460,"5,749",50% bullish,of 2 ratings,N/A
ILMN,$208.07,1439768405488,"425,449",80% bullish,of 5 ratings,$240
ICCC,$9.31,1439768405786,"28,959",100% bullish,of 1 rating,N/A
IMMR,$12.49,1439768405838,"60,642",80% bullish,of 5 ratings,$15.50
IMDZ,$16.81,1439768405943,"195,833",100% bearish,of 1 rating,$33
IMNP,$1.71,1439768405988,"92,053",50% bullish,of 2 ratings,$6
IMGN,$13.58,1439768406147,"680,677",75% bullish,of 4 ratings,$17.50
IMMY,$7.75,1439768406172,"10,631",100% bearish,of 1 rating,$11
IMMU,$1.79,1439768406218,"446,939",86% bullish,of 7 ratings,$2
INCR,$44.47,1439768406366,"220,734",50% bullish,of 2 ratings,$53
IPXL,$45.17,1439768406426,"521,749",67% bullish,of 3 ratings,$46.50
INCY,$105.8,1439768406529,"389,232",50% bullish,of 6 ratings,$125.50
SAAS,$8.1,1439768406579,"627,869",50% bullish,of 2 ratings,$15
INDB,$48.15,1439768406636,"65,070",Not yet rated,NULL,$44
IBCP,$14.61,1439768406788,"55,610",100% bullish,of 1 rating,$14.50
IBTX,$43.82,1439768406975,"19,115",100% bullish,of 2 ratings,$47.25
INFN,$24.12,1439768407142,"550,469",71% bullish,of 7 ratings,$27.50
INFI,$9.2,1439768407168,"553,587",50% bullish,of 4 ratings,$18
IDSA,$3.86,1439768407190,245,Not yet rated,NULL,N/A
IPCC,$78.38,1439768407321,"17,553",Not yet rated,NULL,$77
III,$4.34,1439768407400,"19,664",57% bullish,of 7 ratings,$6
IFON,$1.36,1439768407504,"196,818",75% bullish,of 4 ratings,N/A
INWK,$7.9,1439768407534,"109,470",50% bullish,of 2 ratings,$10
IMKTA,$54.36,1439768407560,"88,040",100% bearish,of 1 rating,N/A
INNL,$12.91,1439768407693,"2,803",100% bearish,of 1 rating,$16.50
INOD,$2.61,1439768407875,"1,761",100% bearish,of 1 rating,N/A
IPHS,$51.08,1439768407900,"381,707",100% bearish,of 1 rating,$60
IOSP,$46.32,1439768408093,"58,867",100% bearish,of 1 rating,N/A
ISSC,$2.96,1439768408228,"7,455",67% bearish,of 3 ratings,N/A
ITEK,$14.43,1439768408256,"812,982",67% bearish,of 3 ratings,$20
INGN,$51.74,1439768408278,"143,426",100% bearish,of 1 rating,$50.50
INOV,$21.48,1439768408335,"391,611",100% bearish,of 1 rating,$33
INO,$7.2,1439768408504,"745,576",89% bullish,of 18 ratings,$20
NSIT,$26.63,1439768408607,"60,434",50% bullish,of 2 ratings,N/A
ISIG,$2.58,1439768408674,"6,159",100% bearish,of 1 rating,N/A
INSM,$25.77,1439768408741,"221,129",71% bullish,of 7 ratings,$32
IIIN,$18.04,1439768408769,"29,408",100% bearish,of 2 ratings,N/A
PODD,$31.6,1439768409040,"343,174",50% bullish,of 2 ratings,$35
INSY,$34.96,1439768409131,"637,958",75% bullish,of 4 ratings,$48
NTEC,$6.1,1439768409168,"13,252",Not yet rated,NULL,N/A
IDTI,$19.19,1439768409273,"1,335,570",60% bullish,of 5 ratings,$25
IART,$62.04,1439768409329,"187,161",100% bearish,of 1 rating,$71.50
IESC,$7.09,1439768409457,"3,874",100% bearish,of 1 rating,N/A
INTC,$29.02,1439768409525,"9,436,038",82% bullish,of 238 ratings,$36
IQNT,$17.85,1439768409554,"109,071",86% bullish,of 7 ratings,$20
ISSI,$22.24,1439768409616,"201,531",67% bullish,of 3 ratings,$19.75
IPCI,$2.28,1439768409691,"77,087",67% bullish,of 6 ratings,$7.75
IPAR,$28.72,1439768409857,"61,744",67% bullish,of 3 ratings,$38
IBKR,$42.1984,1439768409999,"131,902",100% bullish,of 1 rating,N/A
ININ,$40.56,1439768410047,"50,231",67% bearish,of 3 ratings,$57
ICLD,$1.82,1439768410232,"284,420",75% bullish,of 4 ratings,N/A
ICPT,$212,1439768410286,"201,274",70% bullish,of 10 ratings,$363
ICLDW,$0.97,1439768410316,"1,118",100% bearish,of 1 rating,N/A
TILE,$25.68,1439768410415,"418,781",67% bearish,of 3 ratings,$27
IDCC,$49.76,1439768410442,"99,587",75% bullish,of 4 ratings,$63
INAP,$8.82,1439768410611,"263,204",75% bullish,of 4 ratings,$11
IMI,$2.04,1439768410639,"36,780",67% bullish,of 3 ratings,$2.22
IBOC,$27.49,1439768410797,"72,579",100% bearish,of 1 rating,N/A
ISCA,$33.29,1439768410826,"53,389",100% bearish,of 1 rating,N/A
IGLD,$7.5,1439768410959,"4,481",50% bullish,of 2 ratings,N/A
IIJI,$10.16,1439768411102,58,50% bullish,of 2 ratings,$11.50
INPH,$0.325,1439768411162,"19,045",50% bullish,of 2 ratings,N/A
PTNT,$3.09,1439768411294,436,Not yet rated,NULL,N/A
XENT,$28.56,1439768411320,"71,941",50% bullish,of 2 ratings,$36.50
INTX,$2.5,1439768411503,"44,539",67% bullish,of 3 ratings,N/A
ISIL,$10.95,1439768411531,"398,498",50% bullish,of 6 ratings,$15
INTL,$29.26,1439768411679,"86,870",67% bearish,of 3 ratings,N/A
IILG,$21.35,1439768411705,"127,927",100% bearish,of 1 rating,$30.50
IVAC,$5.17,1439768411758,"92,323",Not yet rated,NULL,$6.625
INTLL,$25.67,1439768411857,"3,003",Not yet rated,NULL,N/A
IIN,$6.94,1439768412036,546,100% bearish,of 1 rating,$12
ITCI,$29.57,1439768412061,"223,343",75% bearish,of 4 ratings,$40
INTU,$105.62,1439768412233,"510,704",100% bullish,of 7 ratings,$107.50
ISRG,$529.87,1439768412273,"73,358",67% bullish,of 3 ratings,$600
SNAK,$8.77,1439768412407,"102,194",50% bullish,of 2 ratings,$14
INVT,$0.3,1439768412435,"50,440",67% bullish,of 3 ratings,N/A
ISBC,$12.28,1439768412461,"1,679,483",100% bullish,of 1 rating,$13.25
ISTR,$15.88,1439768412639,850,100% bearish,of 1 rating,$18.50
ITIC,$71.94,1439768412722,7,100% bearish,of 2 ratings,N/A
NVIV,$11.16,1439768412776,"228,686",50% bullish,of 4 ratings,$24.50
IVTY,$11.09,1439768412854,"5,232",Not yet rated,NULL,$18
IPAS,$1.06,1439768412909,"34,059",67% bullish,of 3 ratings,N/A
DTUL,NULL,1439768413073,0,Not yet rated,NULL,N/A
IPCM,$79.41,1439768413208,"98,711",50% bullish,of 2 ratings,$80.125
DFVL,NULL,1439768413312,0,Not yet rated,NULL,N/A
IPGP,$91.88,1439768413338,"411,210",100% bearish,of 2 ratings,$109.50
IRMD,$26.24,1439768413420,"10,706",67% bearish,of 3 ratings,$25
IRDM,$6.94,1439768413485,"417,101",60% bullish,of 5 ratings,$11.50
IRIX,$6.92,1439768413590,"9,200",100% bearish,of 1 rating,N/A
IRDMB,$271.5,1439768413742,840,67% bearish,of 3 ratings,N/A
IRBT,$31.47,1439768413791,"160,305",67% bullish,of 6 ratings,$37
IRWD,$11.525,1439768413816,"1,059,006",100% bearish,of 1 rating,$13
IRCP,NULL,1439768413972,0,100% bullish,of 2 ratings,N/A
COMT,$33.86,1439768414128,"8,294",100% bearish,of 1 rating,N/A
GNMA,$50.05,1439768414160,"2,581",Not yet rated,NULL,N/A
FCHI,$50.74,1439768414263,974,Not yet rated,NULL,N/A
IFAS,$29.26,1439768414292,100,Not yet rated,NULL,N/A
IFEU,$40.39,1439768414317,"3,595",Not yet rated,NULL,N/A
IFGL,$30.21,1439768414498,"238,404",Not yet rated,NULL,N/A
IFNA,$55.4,1439768414667,"5,572",Not yet rated,NULL,N/A
ACWX,$43.37,1439768414724,"132,073",100% bearish,of 1 rating,N/A
ACWI,$59.29,1439768414813,"277,873",Not yet rated,NULL,N/A
AXJS,NULL,1439768414901,0,Not yet rated,NULL,N/A
AAXJ,$57.07,1439768414977,"1,145,939",Not yet rated,NULL,N/A
AAIT,$31.02,1439768415218,334,100% bullish,of 1 rating,N/A
EMDI,$47.89,1439768415250,338,Not yet rated,NULL,N/A
EEMA,$53.77,1439768415272,"39,391",Not yet rated,NULL,N/A
EEME,NULL,1439768415351,0,100% bearish,of 1 rating,N/A
EMEY,NULL,1439768415514,0,Not yet rated,NULL,N/A
EEML,NULL,1439768415579,0,Not yet rated,NULL,N/A
EGRW,$51.5,1439768415616,173,Not yet rated,NULL,N/A
EVAL,$37.85,1439768415719,"2,692",Not yet rated,NULL,N/A
EUFN,$23.28,1439768415894,"65,884",100% bearish,of 1 rating,N/A
IEUS,$47.69,1439768416030,"8,409",100% bearish,of 1 rating,N/A
QAT,NULL,1439768416057,0,Not yet rated,NULL,N/A
UAE,$19.68,1439768416117,"2,300",Not yet rated,NULL,N/A
IBB,$366.737,1439768416145,"621,903",63% bullish,of 8 ratings,N/A
SOXX,$85.55,1439768416347,"201,567",50% bullish,of 2 ratings,N/A
EMIF,$30.56,1439768416501,"11,604",Not yet rated,NULL,N/A
WOOD,$51.26,1439768416527,"6,620",50% bullish,of 2 ratings,N/A
ICLN,$10.32,1439768416583,"21,437",50% bullish,of 2 ratings,N/A
INDY,$30.13,1439768416688,"650,962",100% bullish,of 1 rating,N/A
ISHG,$78.93,1439768416904,"1,931",100% bearish,of 1 rating,N/A
ISIS,$50.05,1439768416983,"896,451",53% bullish,of 15 ratings,$67
IGOV,$90.43,1439768417014,"11,538",100% bearish,of 1 rating,N/A
ISLE,$18.79,1439768417040,"162,798",50% bullish,of 4 ratings,$16
ISRL,$138.85,1439768417112,298,100% bearish,of 1 rating,N/A
ITRI,$33.58,1439768417305,"222,425",Not yet rated,NULL,$37
ITUS,$3.99,1439768417463,"9,660",Not yet rated,NULL,N/A
ITRN,$25.96,1439768417490,"2,351",50% bullish,of 2 ratings,N/A
XXIA,$15.76,1439768417535,"465,044",71% bullish,of 7 ratings,$14.625
IXYS,$11.08,1439768417778,"185,487",50% bullish,of 4 ratings,N/A
JJSF,$118.66,1439768417878,"23,138",100% bearish,of 1 rating,N/A
JBHT,$80.35,1439768417909,"507,248",50% bullish,of 4 ratings,$89.50
JCOM,$73.25,1439768417936,"113,265",100% bullish,of 2 ratings,$77
MAYS,$58.25,1439768417957,440,Not yet rated,NULL,N/A
JASO,$8.04,1439768418213,"641,972",82% bullish,of 17 ratings,$10
JKHY,$71.2342,1439768418266,"170,405",50% bullish,of 2 ratings,$72
JACK,$87.48,1439768418296,"167,339",83% bullish,of 6 ratings,$105
JXSB,$24.19,1439768418398,18,Not yet rated,NULL,N/A
JAKK,$9.81,1439768418611,"362,698",60% bearish,of 5 ratings,$10.50
JAGX,$2.7,1439768418639,"7,038",Not yet rated,NULL,N/A
JMBA,$13.82,1439768418710,"139,771",75% bullish,of 4 ratings,$18
JAXB,$13.4,1439768418738,"1,205",100% bullish,of 1 rating,N/A
JRVR,$26.76,1439768418775,"43,338",Not yet rated,NULL,$27
ERW,NULL,1439768418986,0,Not yet rated,NULL,N/A
JASN,$5.31,1439768419059,"4,057",50% bullish,of 2 ratings,$9.50
JAZZ,$184.46,1439768419156,"174,749",80% bullish,of 15 ratings,$206.50
JASNW,$0.25,1439768419181,"2,001",50% bullish,of 2 ratings,N/A
JD,$28.1,1439768419323,"6,662,323",75% bullish,of 16 ratings,$36
JBLU,$24,1439768419458,"3,552,349",94% bullish,of 16 ratings,$27
JTPY,$2.97,1439768419486,"5,410",100% bearish,of 1 rating,N/A
JCTCF,$9.72,1439768419521,"3,572",100% bullish,of 1 rating,N/A
DATE,$6.58,1439768419652,"59,870",75% bullish,of 4 ratings,$9
JST,$4.4,1439768419707,"2,066",75% bullish,of 4 ratings,N/A
JIVE,$4.12,1439768419836,"292,670",75% bullish,of 4 ratings,$5
WYIGU,$10.14,1439768419865,129,Not yet rated,NULL,N/A
JOEZ,$0.19,1439768419995,"155,468",92% bullish,of 12 ratings,N/A
JOUT,$24.81,1439768420186,"12,391",100% bearish,of 1 rating,$34
JBSS,$48.38,1439768420285,"28,627",67% bearish,of 3 ratings,N/A
JNP,$9.87,1439768420314,"15,984",100% bullish,of 3 ratings,$15
JUNO,$39.053,1439768420340,"1,291,267",73% bullish,of 11 ratings,$70
KALU,$85.24,1439768420385,"65,716",67% bearish,of 3 ratings,$91
KTWO,$21.14,1439768420547,"58,639",100% bearish,of 1 rating,$28.50
KBIO,$1.92,1439768420709,"20,987",50% bullish,of 4 ratings,N/A
KMDA,$3.88,1439768420736,"5,000",50% bullish,of 2 ratings,$8
KNDI,$6.84,1439768420812,"131,937",86% bullish,of 22 ratings,N/A
KCLI,$47.97,1439768420893,"6,665",Not yet rated,NULL,N/A
KPTI,$12.02,1439768421076,"894,723",67% bearish,of 3 ratings,$41
KCAP,$5.06,1439768421154,"128,514",75% bullish,of 4 ratings,$6.75
KBSF,$3.76,1439768421180,"6,700",100% bullish,of 1 rating,N/A
KRNY,$11.55,1439768421230,"366,781",100% bearish,of 1 rating,$12
KELYA,$14.81,1439768421255,"129,689",67% bullish,of 6 ratings,$20
KMPH,$21.45,1439768421492,"636,071",100% bearish,of 2 ratings,$21
