Symbol,Price,Date,Volume,Rating,RatingVoteCount,OneYearEstimate
FCCY,$11.69,1440691802961,110,100% bullish,of 1 rating,$13
TFSCW,NULL,1440691803004,0,100% bearish,of 1 rating,N/A
FLWS,$8.515,1440691803092,"543,115",80% bullish,of 5 ratings,$15
PIH,$7.38,1440691803221,"3,000",100% bearish,of 1 rating,N/A
FCTY,NULL,1440691803308,0,100% bullish,of 1 rating,$8.50
SRCE,$29.41,1440691803353,"10,394",100% bullish,of 3 ratings,$33
TWOU,$35.15,1440691803535,"75,810",50% bullish,of 2 ratings,$39
VNET,$18.23,1440691803595,"509,670",60% bullish,of 5 ratings,$29.50
USLV,$12.2001,1440691803728,"226,313",86% bullish,of 7 ratings,N/A
DGLD,$83.45,1440691803753,"20,409",100% bullish,of 1 rating,N/A
DSLV,$71.18,1440691803951,"13,214",100% bearish,of 1 rating,N/A
JOBS,$27.65,1440691804030,"33,000",50% bullish,of 4 ratings,$36
UGLD,$9.0358,1440691804085,"832,343",100% bearish,of 1 rating,N/A
CAFD,$14.75,1440691804410,"107,211",Not yet rated,NULL,$25
AVHI,$14.16,1440691804495,"30,054",100% bearish,of 1 rating,$19
SIXD,$2.75,1440691804541,"106,905",Not yet rated,NULL,N/A
SHLM,$34.3,1440691804688,"27,927",100% bearish,of 1 rating,$47
EGHT,$7.87,1440691804717,"131,057",82% bullish,of 17 ratings,$11
ABY,$21.82,1440691804819,"148,975",100% bearish,of 2 ratings,$46
AAON,$20.705,1440691804950,"25,883",100% bearish,of 1 rating,$24
ABAX,$47.3942,1440691805170,"48,183",100% bearish,of 1 rating,$60
ABGB,$5.84,1440691805227,"183,419",67% bullish,of 3 ratings,$5.50
ABEOW,$1.3457,1440691805359,"1,661",100% bullish,of 1 rating,N/A
ABEO,$4.75,1440691805386,"35,413",50% bullish,of 4 ratings,$15.50
ABMD,$98.125,1440691805551,"160,981",75% bullish,of 4 ratings,$100.50
AXAS,$1.81,1440691805717,"436,224",78% bullish,of 9 ratings,$3.50
ACTG,$9.21,1440691805742,"65,808",67% bullish,of 3 ratings,$18.50
ACHC,$74.09,1440691805875,"250,196",50% bullish,of 2 ratings,$92
ACAD,$37.9,1440691806066,"394,668",80% bullish,of 20 ratings,$48
ACST,$0.3351,1440691806094,"36,540",100% bullish,of 2 ratings,N/A
AXDX,$18.406,1440691806121,"62,414",100% bearish,of 1 rating,N/A
XLRN,$28.86,1440691806295,"52,708",50% bullish,of 2 ratings,$57
ANCX,$19.78,1440691806486,"7,604",Not yet rated,NULL,$20
ARAY,$6.44,1440691806550,"213,706",100% bearish,of 1 rating,$10.50
VXDN,$2.05,1440691806574,"41,805",100% bearish,of 1 rating,N/A
VXUP,$1.4892,1440691806751,"27,210",100% bearish,of 1 rating,N/A
ACET,$22.62,1440691807039,"45,292",75% bullish,of 4 ratings,$30
AKAO,$6.765,1440691807067,"21,297",75% bullish,of 4 ratings,$15
ACRX,$4.32,1440691807094,"103,670",67% bearish,of 6 ratings,$5.50
ACHN,$7.59,1440691807119,"537,128",90% bullish,of 21 ratings,$16
ACIW,$20.95,1440691807326,"168,731",67% bearish,of 3 ratings,$24
ACOR,$31.41,1440691807457,"221,438",67% bearish,of 3 ratings,$38.50
ACTS,$1.6899,1440691807510,"44,241",100% bearish,of 1 rating,N/A
ACNB,$20.324,1440691807550,626,Not yet rated,NULL,N/A
ATVI,$28.08,1440691807830,"1,826,086",68% bullish,of 84 ratings,$31.50
ACTA,$13.075,1440691807860,"48,068",67% bearish,of 3 ratings,$25
ACPW,$1.83,1440691807886,"7,891",100% bullish,of 4 ratings,$3.50
ACUR,$0.5199,1440691807963,"23,137",100% bullish,of 5 ratings,$1
ACXM,$20.78,1440691808015,"95,291",67% bullish,of 3 ratings,N/A
TFSCU,NULL,1440691808094,0,Not yet rated,NULL,N/A
TFSCR,NULL,1440691808124,0,Not yet rated,NULL,N/A
ADMP,$3.763,1440691808222,"8,284",50% bullish,of 2 ratings,$10
ADAP,$12,1440691808299,"16,500",67% bullish,of 3 ratings,$22
TFSC,NULL,1440691808331,0,100% bearish,of 1 rating,N/A
AEY,$2.358,1440691808436,"3,904",100% bearish,of 2 ratings,N/A
ADUS,$28.82,1440691808510,"15,676",100% bearish,of 1 rating,$31
ADEP,$6.7,1440691808535,"9,356",50% bullish,of 2 ratings,$10.75
ADMS,$20.1731,1440691808565,"27,325",100% bearish,of 2 ratings,$36
ADBE,$78.92,1440691808731,"1,049,786",65% bullish,of 17 ratings,$90
ADMA,$9.2099,1440691808790,"1,230",Not yet rated,NULL,$19
ADRO,$22.2099,1440691808818,"97,633",80% bullish,of 5 ratings,$45.50
ADTN,$15.68,1440691808857,"81,904",67% bullish,of 3 ratings,$17.125
AEIS,$24.755,1440691808952,"37,957",50% bullish,of 2 ratings,$32.50
AMD,$1.83,1440691808979,"2,709,746",83% bullish,of 103 ratings,$2
ADXS,$14.94,1440691809129,"370,921",64% bullish,of 14 ratings,$27
ADXSW,$10.13,1440691809156,"5,850",100% bullish,of 1 rating,N/A
MULT,NULL,1440691809229,0,100% bearish,of 1 rating,N/A
YPRO,NULL,1440691809329,0,100% bearish,of 1 rating,N/A
AEGN,$18.34,1440691809355,"33,940",100% bearish,of 2 ratings,$21
AEGR,$17.86,1440691809380,"175,321",50% bullish,of 6 ratings,$26
AEPI,$54.85,1440691809559,"3,688",100% bearish,of 1 rating,N/A
AMTX,$2.57,1440691809639,"9,351",50% bullish,of 2 ratings,$26.11
AEHR,$2.26,1440691809737,"1,750",50% bullish,of 2 ratings,N/A
AEMD,$6.9,1440691809772,"39,606",Not yet rated,NULL,$27.50
AERI,$16.54,1440691809846,"247,482",75% bullish,of 4 ratings,$31.50
AVAV,$24.04,1440691809880,"17,744",50% bullish,of 4 ratings,$31
AEZS,$0.0825,1440691809901,"3,802,049",90% bullish,of 21 ratings,$1.50
AFMD,$10.32,1440691809979,"44,692",50% bullish,of 4 ratings,$15
AFFX,$9.61,1440691810050,"163,602",80% bullish,of 5 ratings,$12
AGEN,$6.98,1440691810111,"275,388",85% bullish,of 13 ratings,$14
AGRX,$8.21,1440691810328,"4,011",100% bearish,of 1 rating,$17.50
AGYS,$9.5857,1440691810388,"5,992",100% bearish,of 1 rating,N/A
AGIO,$91.78,1440691810470,"108,973",88% bullish,of 8 ratings,$114
AGFS,$10.19,1440691810500,"18,234",100% bearish,of 1 rating,N/A
AIRM,$36.98,1440691810568,"45,342",80% bearish,of 5 ratings,$53
AIMT,$22.26,1440691810600,"18,253",Not yet rated,NULL,N/A
AGFSW,$2,1440691810650,"15,700",100% bearish,of 2 ratings,N/A
AIRT,$21.49,1440691810735,200,100% bullish,of 1 rating,N/A
ATSG,$8.97,1440691810787,"43,551",67% bullish,of 3 ratings,$13
AIXG,$6,1440691810922,"15,896",67% bearish,of 3 ratings,$5.25
AKBA,$6.39,1440691810995,"60,795",100% bearish,of 1 rating,$18
AMCN,$4.54,1440691811020,"306,778",83% bullish,of 6 ratings,N/A
AKER,$2.69,1440691811052,"3,142",Not yet rated,NULL,N/A
AKAM,$70.395,1440691811090,"293,231",63% bullish,of 8 ratings,$77
AKRX,$41.36,1440691811219,"277,794",78% bullish,of 9 ratings,$56
ALRM,$16.9129,1440691811321,"37,315",100% bearish,of 1 rating,$22
ALSK,$2.01,1440691811402,"131,737",78% bullish,of 18 ratings,$2
ADHD,$7.65,1440691811538,"104,098",50% bullish,of 4 ratings,$18
ABDC,$12.1,1440691811565,"12,405",Not yet rated,NULL,$15
AMRI,$20.03,1440691811589,"40,488",75% bearish,of 4 ratings,$24
ALXN,$177.88,1440691811730,"390,972",88% bullish,of 8 ratings,$223
ALDX,$7.2,1440691811768,"4,491",100% bearish,of 1 rating,$14.50
ALDR,$38.97,1440691811862,"77,078",67% bearish,of 3 ratings,$62
ALGN,$57.105,1440691812000,"98,751",100% bearish,of 2 ratings,$73
ALXA,$1.14,1440691812058,"12,676",83% bullish,of 6 ratings,$2.125
ALCO,$41.7,1440691812106,534,50% bullish,of 2 ratings,N/A
ALIM,$3.4,1440691812131,"29,576",80% bullish,of 5 ratings,$10
ALGT,$212.05,1440691812198,"40,608",100% bearish,of 2 ratings,$235
AFOP,$18.91,1440691812372,"61,879",75% bullish,of 8 ratings,$21
ALLB,$22.79,1440691812404,100,Not yet rated,NULL,N/A
ALKS,$60.85,1440691812430,"142,261",67% bullish,of 3 ratings,$75
AHGP,$36.143,1440691812455,"78,526",67% bullish,of 3 ratings,N/A
AIQ,$13.45,1440691812502,"2,700",67% bullish,of 3 ratings,N/A
AMOT,$18.6701,1440691812596,"41,169",100% bearish,of 1 rating,N/A
ARLP,$25.34,1440691812644,"120,975",67% bearish,of 3 ratings,$32
AHPI,NULL,1440691812787,0,50% bullish,of 2 ratings,N/A
ALLT,$4.985,1440691812882,"25,763",75% bullish,of 4 ratings,$6.25
MDRX,$13.69,1440691812914,"381,167",60% bullish,of 5 ratings,$16
ALQA,$4.3112,1440691812963,"2,450",75% bullish,of 4 ratings,$8.50
AFAM,$46,1440691813104,"23,572",50% bullish,of 2 ratings,$44
ALNY,$105.93,1440691813129,"148,227",67% bullish,of 3 ratings,$148.50
SMCP,NULL,1440691813153,0,Not yet rated,NULL,N/A
ATEC,$0.5877,1440691813299,"30,380",100% bullish,of 1 rating,$2
AIMC,$24.7,1440691813328,"14,712",100% bearish,of 2 ratings,$28.50
AOSL,$7.3,1440691813386,"23,499",67% bullish,of 3 ratings,$9
AMAG,$66.1899,1440691813435,"123,205",100% bullish,of 2 ratings,$77.50
ASPS,$26.14,1440691813464,"82,773",67% bullish,of 3 ratings,$46.50
ALTR,$48.77,1440691813567,"775,853",80% bearish,of 5 ratings,$54
AMRN,$2.07,1440691813596,"464,989",85% bullish,of 39 ratings,$8
AMZN,$515.71,1440691813820,"1,557,036",81% bullish,of 264 ratings,$646
AMRK,NULL,1440691813876,0,50% bullish,of 2 ratings,$14
AMBC,$15.97,1440691813903,"79,852",100% bearish,of 1 rating,$16.50
AYA,$20.73,1440691813950,"17,887",100% bearish,of 1 rating,$40
AMBA,$93.2463,1440691813981,"1,058,196",83% bullish,of 12 ratings,$102.50
EPAX,$2.69,1440691814083,"8,292",100% bearish,of 1 rating,N/A
AMBCW,$7.03,1440691814140,"3,000",100% bearish,of 1 rating,N/A
AMCX,$71.93,1440691814246,"226,737",67% bullish,of 3 ratings,$87.50
DOX,$57.78,1440691814350,"112,659",67% bearish,of 3 ratings,$60
AMDA,$0.4817,1440691814379,"478,910",90% bullish,of 10 ratings,$1
UHAL,$376.54,1440691814415,"5,699",100% bullish,of 2 ratings,$393.50
ATAX,$5.15,1440691814655,"25,949",100% bullish,of 1 rating,$6.50
AMED,$39.29,1440691814717,"63,442",100% bearish,of 1 rating,$42
ASBI,$22.45,1440691814753,100,Not yet rated,NULL,N/A
AAL,$38.5275,1440691814782,"3,366,919",93% bullish,of 88 ratings,$57
AMOV,$18.05,1440691814807,"1,553",100% bearish,of 1 rating,N/A
AGNC,$19.4899,1440691814855,"1,020,630",71% bullish,of 28 ratings,$22
AGNCP,$25.2285,1440691815054,"3,200",Not yet rated,NULL,N/A
AGNCB,$24.24,1440691815103,"12,040",Not yet rated,NULL,N/A
ACSF,$12.0601,1440691815188,"31,344",100% bearish,of 1 rating,$15
ACAS,$13.74,1440691815271,"878,320",60% bullish,of 5 ratings,$16.75
MTGEP,$24.5,1440691815319,631,Not yet rated,NULL,N/A
ANCI,$1.52,1440691815345,350,100% bearish,of 1 rating,N/A
MTGE,$15.54,1440691815403,"132,656",75% bullish,of 4 ratings,$19.50
AETI,$3.8,1440691815476,"2,469",67% bearish,of 3 ratings,N/A
AMNB,$23,1440691815616,"4,374",Not yet rated,NULL,$25.50
AMIC,$9.62,1440691815718,200,Not yet rated,NULL,N/A
ANAT,$100.74,1440691815747,"4,678",100% bullish,of 1 rating,N/A
APEI,$22.09,1440691815802,"28,349",100% bearish,of 1 rating,$25.50
ARII,$39.6875,1440691815852,"183,331",67% bearish,of 3 ratings,$45
AMRB,$10.0936,1440691815997,800,Not yet rated,NULL,$11
AMSC,$4.607,1440691816195,"152,408",50% bullish,of 4 ratings,N/A
AMSWA,$8.6199,1440691816229,"7,034",100% bearish,of 2 ratings,$10.75
ASEI,$36.84,1440691816254,"8,242",100% bearish,of 1 rating,$52.50
AMWD,$66.93,1440691816327,"26,766",50% bullish,of 2 ratings,$70
CRMT,$36.21,1440691816386,"11,263",100% bearish,of 1 rating,$39
AMSF,$46.72,1440691816461,"16,639",Not yet rated,NULL,$57.50
ASRV,$3.29,1440691816487,300,100% bullish,of 2 ratings,N/A
ABCB,$26.89,1440691816512,"18,576",Not yet rated,NULL,$31
ATLO,$24.25,1440691816727,"1,896",Not yet rated,NULL,N/A
ASRVP,NULL,1440691816764,0,Not yet rated,NULL,N/A
AMKR,$5.03,1440691816817,"428,502",100% bearish,of 2 ratings,$5
FOLD,$15.09,1440691816841,"352,161",56% bullish,of 9 ratings,$21
AMGN,$155.75,1440691816866,"1,083,332",89% bullish,of 19 ratings,$185
AMSG,$81.1675,1440691817000,"89,507",100% bearish,of 1 rating,$85.50
AMPH,$13.74,1440691817070,"55,071",50% bullish,of 2 ratings,$20
ANAC,$132.48,1440691817356,"127,493",80% bullish,of 5 ratings,$180.50
ASYS,$5.5,1440691817386,"21,383",67% bullish,of 3 ratings,$12
AMRS,$1.65,1440691817419,"9,750",70% bullish,of 10 ratings,N/A
AFSI,$59.21,1440691817449,"128,205",60% bullish,of 5 ratings,$72
ADI,$55.72,1440691817485,"836,631",67% bullish,of 3 ratings,$69
AMSGP,$141.83,1440691817521,12,Not yet rated,NULL,N/A
ANAD,$0.3308,1440691817546,"70,401",100% bullish,of 2 ratings,$.50
ANCB,$23,1440691817818,800,Not yet rated,NULL,$23
ANGO,$14.91,1440691817948,"43,898",67% bullish,of 3 ratings,$19
ALOG,$79.58,1440691817974,"20,584",100% bearish,of 2 ratings,$100.50
ABCW,$39.9005,1440691817995,"3,146",67% bullish,of 3 ratings,N/A
ANGI,$4.93,1440691818024,"118,602",64% bullish,of 11 ratings,$5.50
ANIK,$35.4025,1440691818164,"30,204",60% bullish,of 5 ratings,$51.25
ANIP,$50.1,1440691818192,"63,614",89% bullish,of 19 ratings,$66
AMCF,$0.25,1440691818217,700,100% bullish,of 7 ratings,N/A
ANSS,$89.94,1440691818350,"95,738",100% bearish,of 1 rating,$100
ANTH,$7.52,1440691818427,"235,970",80% bullish,of 10 ratings,$13
ATRS,$1.7499,1440691818497,"158,272",92% bullish,of 12 ratings,$4.50
ABAC,$0.75,1440691818562,"2,802",100% bearish,of 1 rating,N/A
APIC,$6.57,1440691818763,"23,438",100% bearish,of 1 rating,$19
ATNY,$2.34,1440691818789,"1,100",50% bullish,of 2 ratings,$3.75
APOG,$49.94,1440691818818,"38,936",50% bullish,of 2 ratings,$67
APOL,$11.285,1440691818920,"304,777",87% bearish,of 68 ratings,$14
APPF,$17.395,1440691818950,"25,170",50% bullish,of 2 ratings,$22
AAPL,$112.4244,1440691818978,"21,556,002",86% bullish,of 2350 ratings,$150
ARCI,NULL,1440691819052,0,Not yet rated,NULL,N/A
AINV,$6.565,1440691819107,"269,287",50% bullish,of 4 ratings,$8
APDNW,$1.17,1440691819183,700,Not yet rated,NULL,N/A
AGTC,$15.19,1440691819315,"40,455",50% bullish,of 2 ratings,$33
APDN,$3.47,1440691819399,"15,505",Not yet rated,NULL,$9
AMAT,$15.791,1440691819482,"4,367,309",82% bullish,of 11 ratings,$23
AREX,$2.1199,1440691819612,"390,921",100% bearish,of 1 rating,$3
AMCC,$5.63,1440691819663,"121,532",80% bullish,of 5 ratings,$8
AAOI,$20.73,1440691819746,"121,601",50% bullish,of 4 ratings,$26
APRI,$1.219,1440691819876,"3,874",83% bullish,of 6 ratings,$4.86
AUMA,NULL,1440691820026,0,Not yet rated,NULL,N/A
AQXP,$17.7,1440691820052,"241,798",50% bullish,of 2 ratings,$2
APTO,$5.06,1440691820096,"1,801",Not yet rated,NULL,$17
AUMAU,$9.95,1440691820125,"4,100",Not yet rated,NULL,N/A
AQMS,$4.98,1440691820181,"3,750",Not yet rated,NULL,N/A
ARDM,NULL,1440691820263,0,100% bullish,of 1 rating,$26
AUMAW,NULL,1440691820293,0,Not yet rated,NULL,N/A
PETX,$17.38,1440691820392,"62,211",100% bearish,of 2 ratings,$26
ABUS,$7.13,1440691820603,"139,966",86% bullish,of 14 ratings,$23
ARCW,$3.75,1440691820700,"3,433",100% bearish,of 2 ratings,$10.50
ABIO,$0.88,1440691820726,"45,938",50% bullish,of 2 ratings,$3.75
RKDA,$6.18,1440691820766,"9,764",100% bearish,of 2 ratings,$10
ACAT,$25.595,1440691820862,"41,984",100% bearish,of 3 ratings,$33
ACGL,$67.84,1440691820921,"58,061",50% bullish,of 2 ratings,$72
ARDX,$17.75,1440691821056,"46,907",50% bullish,of 2 ratings,$24.50
ARCB,$29.16,1440691821086,"45,064",67% bearish,of 3 ratings,$39.50
AGIIL,$25.65,1440691821190,925,Not yet rated,NULL,N/A
ARNA,$2.65,1440691821221,"1,102,240",90% bullish,of 77 ratings,$5.50
ARCC,$15.3001,1440691821320,"511,572",67% bearish,of 3 ratings,$17.875
ARGS,$6.155,1440691821350,"15,686",50% bullish,of 2 ratings,$19.50
ARIS,$4.075,1440691821376,"39,650",Not yet rated,NULL,$4.50
AGII,$55.495,1440691821397,"42,362",Not yet rated,NULL,$59.50
ARIA,$6.95,1440691821741,"879,332",87% bullish,of 46 ratings,$9
ARKR,$24.9,1440691822004,2,50% bullish,of 2 ratings,N/A
ARMH,$42.66,1440691822135,"1,231,155",54% bearish,of 13 ratings,$61
ARWA,NULL,1440691822276,0,Not yet rated,NULL,N/A
ARTX,$1.52,1440691822332,"29,022",88% bullish,of 16 ratings,$4.50
ARWAU,NULL,1440691822357,0,100% bullish,of 1 rating,N/A
ARQL,$1.7286,1440691822413,"53,543",75% bullish,of 4 ratings,$5
ARWAW,$0.125,1440691822442,"4,805",Not yet rated,NULL,N/A
ARWAR,NULL,1440691822492,0,Not yet rated,NULL,N/A
ARRY,$5.82,1440691822516,"410,415",100% bullish,of 7 ratings,$10
ARRS,$26.3,1440691822545,"202,075",50% bullish,of 2 ratings,$38
AROW,$27.3,1440691822777,"4,016",Not yet rated,NULL,N/A
DWAT,$9.9,1440691822848,"2,800",100% bearish,of 1 rating,N/A
ARWR,$5.72,1440691822914,"255,887",75% bullish,of 4 ratings,$10.50
ARTNA,$21.99,1440691822939,"9,543",100% bearish,of 1 rating,$29
ARTW,$4.32,1440691822988,93,75% bearish,of 4 ratings,N/A
ASBB,$24.28,1440691823225,100,Not yet rated,NULL,N/A
ASNA,$11.66,1440691823262,"549,834",50% bullish,of 2 ratings,$18
ASND,$20.73,1440691823288,"28,278",100% bullish,of 1 rating,$30
ASCMA,$26.55,1440691823425,"24,638",100% bearish,of 1 rating,$45
ASTI,$0.114,1440691823452,"1,130,914",83% bullish,of 6 ratings,$3
ASMI,NULL,1440691823530,0,NULL,NULL,NULL
APWC,$1.6,1440691823611,"6,462",100% bearish,of 1 rating,N/A
ASML,$91.335,1440691823768,"534,152",50% bullish,of 4 ratings,$127
AZPN,$38.17,1440691823846,"134,791",50% bullish,of 2 ratings,$42
ASFI,$8.89,1440691823901,"1,634",100% bullish,of 1 rating,N/A
ASMB,$13.05,1440691823926,"14,728",67% bullish,of 3 ratings,N/A
ASTE,$36.97,1440691824006,"36,795",100% bearish,of 1 rating,$48
ATRO,$53.434,1440691824155,"62,177",100% bearish,of 2 ratings,$80
ALOT,NULL,1440691824181,0,100% bearish,of 1 rating,N/A
ATRA,$38.2,1440691824258,"45,178",50% bullish,of 2 ratings,$68
ATAI,$2.45,1440691824391,"1,159",100% bearish,of 1 rating,N/A
ASTC,$1.92,1440691824463,"6,940",100% bullish,of 5 ratings,N/A
ATHN,$135.23,1440691824523,"64,036",67% bearish,of 3 ratings,$153
AFCB,$27.3,1440691824549,200,Not yet rated,NULL,N/A
ASUR,$6,1440691824589,"7,150",50% bullish,of 2 ratings,$8
ATHX,$1.1413,1440691824677,"45,775",89% bullish,of 9 ratings,$5
AAME,$3.54,1440691824704,200,Not yet rated,NULL,N/A
ACFC,$5.2928,1440691824870,"36,186",100% bearish,of 1 rating,$6.50
AAPC,$10.1,1440691824895,16,Not yet rated,NULL,N/A
ATNI,$71.35,1440691825075,"27,758",100% bearish,of 1 rating,$69.50
ATLC,$3.86,1440691825158,2,67% bullish,of 3 ratings,N/A
ATOS,$0.749,1440691825207,"44,096",100% bullish,of 7 ratings,$7
AAWW,$41.04,1440691825238,"82,897",50% bullish,of 2 ratings,$65
ATML,$7.89,1440691825339,"1,050,215",78% bullish,of 9 ratings,$9.50
AFH,$16.375,1440691825379,"28,463",Not yet rated,NULL,$21.50
ATRC,$25.08,1440691825409,"48,946",100% bullish,of 1 rating,$30
ATRM,$2.82,1440691825511,"1,455",50% bullish,of 2 ratings,N/A
ATRI,$377.65,1440691826089,"2,026",Not yet rated,NULL,N/A
ATTU,$13.2701,1440691826119,"16,521",100% bearish,of 1 rating,$20.50
LIFE,$15.71,1440691826158,"11,172",86% bullish,of 7 ratings,$43
AUDC,$3.165,1440691826287,"26,341",80% bullish,of 5 ratings,$5
AUBN,$26.96,1440691826382,550,Not yet rated,NULL,N/A
AUPH,$2.9775,1440691826618,"7,600",100% bearish,of 1 rating,$8
ADAT,$0.3498,1440691826669,"274,427",100% bullish,of 2 ratings,N/A
EARS,$4.86,1440691826749,"2,850",100% bearish,of 2 ratings,$11.50
ABTL,$17.895,1440691826885,"57,229",100% bullish,of 4 ratings,$20.25
ADSK,$50.375,1440691826910,"1,062,698",67% bullish,of 6 ratings,$69.50
AVGO,$125.75,1440691827152,"2,816,711",88% bullish,of 8 ratings,$165
ADP,$78.39,1440691827202,"528,738",100% bearish,of 1 rating,$88
AVNU,$12.358,1440691827306,906,Not yet rated,NULL,$14
AAVL,$10.81,1440691827331,"115,381",100% bearish,of 1 rating,$20
AVEO,$1.3889,1440691827474,"384,413",75% bullish,of 8 ratings,$3
AVNW,$1.1825,1440691827525,"42,820",50% bullish,of 2 ratings,$2.20
AVGR,$14.27,1440691827628,"10,468",100% bearish,of 1 rating,$20
AVID,$8.14,1440691827727,"198,752",100% bearish,of 1 rating,$20
CAR,$43.56,1440691827782,"522,529",80% bullish,of 5 ratings,$60
ACLS,$3.19,1440691827917,"134,591",67% bullish,of 6 ratings,$4.75
AWRE,$3.085,1440691827942,"4,483",67% bullish,of 3 ratings,N/A
AXGN,$3.96,1440691828117,"30,748",Not yet rated,NULL,$5
BCOM,$19.003,1440691828155,984,100% bearish,of 1 rating,N/A
AXPWW,NULL,1440691828190,0,Not yet rated,NULL,N/A
AXPW,$1.04,1440691828218,"39,414",83% bullish,of 6 ratings,N/A
AXTI,$2.18,1440691828295,"1,268",50% bullish,of 2 ratings,$2.75
BIDU,$150.26,1440691828352,"1,673,149",81% bullish,of 88 ratings,$210
RILY,$9.78,1440691828397,200,Not yet rated,NULL,N/A
BOSC,$2.26,1440691828483,301,50% bullish,of 2 ratings,N/A
BEAV,$49.08,1440691828738,"248,126",67% bearish,of 3 ratings,$59
BCPC,$58.17,1440691828779,"29,879",100% bearish,of 1 rating,$75
BWINA,NULL,1440691828839,0,Not yet rated,NULL,N/A
BANF,$59.19,1440691828938,"2,710",Not yet rated,NULL,$68
BKMU,$6.96,1440691828972,"40,006",Not yet rated,NULL,$8
BOCH,$5.7501,1440691829036,"7,861",Not yet rated,NULL,$6.50
BLDP,$1.2,1440691829107,"252,822",91% bullish,of 22 ratings,$2.50
BWINB,$22.8597,1440691829178,"3,262",Not yet rated,NULL,N/A
BMRC,$47.8,1440691829239,"6,492",Not yet rated,NULL,$52
BOTJ,$11.0785,1440691829322,717,Not yet rated,NULL,N/A
OZRK,$42.09,1440691829369,"161,776",67% bullish,of 3 ratings,$49.50
BKSC,$16,1440691829394,"3,756",Not yet rated,NULL,N/A
BANFP,NULL,1440691829460,0,Not yet rated,NULL,N/A
BFIN,$11.95,1440691829563,"8,148",Not yet rated,NULL,$13
BWFG,NULL,1440691829621,0,100% bearish,of 1 rating,N/A
BANR,$43.855,1440691829753,"11,102",100% bullish,of 3 ratings,$50
BZUN,$5.07,1440691829837,"218,723",50% bullish,of 2 ratings,$11.50
BHACR,NULL,1440691829933,0,Not yet rated,NULL,N/A
TAPR,$32.98,1440691830041,535,100% bearish,of 1 rating,N/A
BBSI,$34.07,1440691830080,"31,386",67% bearish,of 3 ratings,$62.50
BHAC,$9.81,1440691830108,"1,100",Not yet rated,NULL,N/A
BHACU,NULL,1440691830134,0,Not yet rated,NULL,N/A
BSET,$28.85,1440691830161,"13,624",100% bearish,of 1 rating,$35
BHACW,NULL,1440691830290,0,Not yet rated,NULL,N/A
BYBK,$4.88,1440691830381,100,100% bearish,of 1 rating,N/A
BV,$5.07,1440691830469,"107,191",67% bullish,of 6 ratings,$9
BYLK,$12.71,1440691830599,500,Not yet rated,NULL,$14
BBCN,$14.48,1440691830625,"52,275",100% bearish,of 1 rating,$16
BCBP,$11.43,1440691830871,200,Not yet rated,NULL,N/A
BEBE,$1.84,1440691831003,"46,892",75% bullish,of 4 ratings,$3.075
BBGI,$4.1616,1440691831033,300,100% bullish,of 1 rating,N/A
BSF,$8.72,1440691831135,"1,963",Not yet rated,NULL,N/A
BELFA,NULL,1440691831162,0,100% bearish,of 1 rating,N/A
BBBY,$61.84,1440691831191,"712,238",71% bullish,of 7 ratings,$75
BECN,$35.04,1440691831219,"103,092",50% bullish,of 2 ratings,$40
BDCV,$4.84,1440691831294,"5,080",100% bearish,of 1 rating,$10.19
BLPH,$5,1440691831396,"10,559",100% bearish,of 1 rating,$12.50
BELFB,$17.645,1440691831424,"4,299",100% bearish,of 1 rating,N/A
BLCM,$17.28,1440691831449,"45,356",50% bullish,of 4 ratings,$40
BNCL,$12.53,1440691831615,"74,765",100% bullish,of 3 ratings,$12.50
BNFT,$35.11,1440691831751,"28,086",67% bullish,of 3 ratings,$46
ORPN,$5.36,1440691831986,"21,150",100% bullish,of 1 rating,$28.50
BGFV,$11.02,1440691832014,"56,634",57% bullish,of 7 ratings,$12
BGMD,$0.77,1440691832040,"19,537",100% bullish,of 10 ratings,N/A
BNTC,$8,1440691832072,"24,393",100% bullish,of 1 rating,N/A
BGCP,$8.76,1440691832100,"310,822",88% bullish,of 8 ratings,$14
BASI,$1.6069,1440691832127,200,Not yet rated,NULL,N/A
BIND,$4.41,1440691832203,"29,513",75% bullish,of 4 ratings,$13.50
BIOC,$1.916,1440691832364,"240,012",83% bullish,of 6 ratings,$3.85
BCDA,NULL,1440691832408,0,Not yet rated,NULL,N/A
BCRX,$11.3,1440691832611,"83,681",63% bullish,of 8 ratings,$18
BIOD,$0.68,1440691832645,"34,080",80% bullish,of 5 ratings,$4
BIIB,$307.37,1440691832665,"528,966",88% bullish,of 16 ratings,$400
BDSI,$6.7025,1440691832695,"328,843",88% bullish,of 8 ratings,$17
BIOL,$1.4,1440691832742,"10,461",Not yet rated,NULL,N/A
BLFS,$2.02,1440691832917,"14,385",100% bearish,of 1 rating,$4.75
BLRX,$1.3299,1440691832946,"34,740",100% bullish,of 12 ratings,$5
BVXVW,NULL,1440691833053,0,100% bearish,of 1 rating,N/A
BMRN,$130.325,1440691833078,"237,586",80% bullish,of 5 ratings,$160
BRLI,NULL,1440691833209,0,NULL,NULL,NULL
BVXV,$3.5924,1440691833271,250,Not yet rated,NULL,N/A
BIOS,$2.35,1440691833342,"408,445",71% bullish,of 7 ratings,$4
BPTH,$1.03,1440691833369,"21,452",100% bullish,of 2 ratings,$5
BBC,$31.288,1440691833429,"2,312",Not yet rated,NULL,N/A
BSTC,$49.71,1440691833531,"34,351",100% bearish,of 1 rating,$76
BBP,$32.41,1440691833668,"7,684",Not yet rated,NULL,N/A
BSPM,$0.6501,1440691833699,"5,485",50% bullish,of 2 ratings,N/A
TECH,$96.52,1440691833764,"79,641",100% bullish,of 1 rating,$117
BOTA,$2.1,1440691833798,"13,564",88% bullish,of 8 ratings,N/A
BEAT,$15.22,1440691834006,"395,829",67% bearish,of 3 ratings,$15
BDMS,$12.6501,1440691834032,775,100% bearish,of 1 rating,N/A
BITI,$17.2,1440691834060,"9,068",100% bullish,of 1 rating,$28
BDE,$7.3,1440691834197,"32,327",50% bullish,of 2 ratings,$9
BJRI,$44.14,1440691834225,"49,974",50% bullish,of 2 ratings,$55
BBOX,$15.3,1440691834254,"24,340",100% bearish,of 1 rating,N/A
BLKB,$58.25,1440691834301,"40,032",100% bearish,of 2 ratings,$66
BBRY,$7.16,1440691834385,"2,229,994",61% bullish,of 330 ratings,$9
HAWK,$40.2,1440691834562,"204,054",91% bullish,of 11 ratings,$49
ADRA,$27.3825,1440691834640,398,100% bearish,of 1 rating,N/A
BKCC,$9.345,1440691834668,"131,770",50% bullish,of 2 ratings,$10
ADRE,$30.064,1440691834736,"4,165",100% bearish,of 1 rating,N/A
ADRD,$22.16,1440691834761,"4,155",100% bearish,of 1 rating,N/A
ADRU,$21.73,1440691834798,"3,618",100% bearish,of 1 rating,N/A
BLMN,$20.18,1440691834975,"304,848",83% bullish,of 6 ratings,$27.50
BLBD,$12.05,1440691835180,"1,768",Not yet rated,NULL,N/A
BCOR,$13.71,1440691835208,"52,959",57% bullish,of 7 ratings,$15
BBLU,$0.773,1440691835241,"50,693",100% bullish,of 2 ratings,$4.43
BUFF,$27.14,1440691835269,"49,989",83% bullish,of 12 ratings,$31.50
BHBK,$13.8701,1440691835336,"20,342",100% bullish,of 1 rating,$14.50
NILE,$33.12,1440691835367,"76,087",50% bullish,of 2 ratings,$34
BLUE,$132.7,1440691835392,"178,921",71% bullish,of 7 ratings,$217.50
BKEP,$6.2501,1440691835554,"19,249",100% bearish,of 1 rating,$8.50
BKEPP,$7.58,1440691835656,"5,223",100% bearish,of 1 rating,N/A
BOBE,$43.97,1440691835863,"27,970",75% bullish,of 4 ratings,$57
BPMC,$26.67,1440691835989,"23,807",50% bullish,of 2 ratings,$47.50
BOKF,$61.58,1440691836040,"60,732",100% bearish,of 1 rating,$69
BOJA,$21.92,1440691836069,"98,367",100% bullish,of 1 rating,$30
BOFI,$120.6,1440691836090,"68,393",100% bullish,of 6 ratings,$144
BNCN,$20.44,1440691836111,"40,353",Not yet rated,NULL,$24
WIFI,$7.54,1440691836155,"30,501",50% bullish,of 2 ratings,$13.50
BONA,$11.8,1440691836242,"58,111",75% bullish,of 4 ratings,$8.50
BNSO,$1.3388,1440691836385,"2,200",100% bearish,of 1 rating,N/A
BAMM,$3.18,1440691836487,"2,865",60% bullish,of 5 ratings,N/A
BPFH,$11.95,1440691836514,"105,312",100% bearish,of 1 rating,$14
EPAY,$25.7,1440691836538,"23,123",100% bearish,of 2 ratings,$30
BPFHP,$25.1,1440691836678,"3,450",100% bearish,of 1 rating,N/A
BPFHW,NULL,1440691836735,0,100% bearish,of 1 rating,N/A
BDBD,$8.13,1440691836824,"184,833",60% bullish,of 5 ratings,$10
BCLI,$2.9,1440691836851,"19,668",80% bullish,of 5 ratings,$12
BBRG,$12.39,1440691836879,"16,117",67% bullish,of 3 ratings,$14.50
BBEP,$2.7,1440691836914,"1,066,163",69% bullish,of 13 ratings,$5.625
BBEPP,$13.83,1440691837007,"12,100",100% bearish,of 1 rating,N/A
BDGE,$26.37,1440691837032,"3,150",Not yet rated,NULL,$31.75
BLIN,$1.3,1440691837171,3,50% bullish,of 2 ratings,$2.20
BRID,$8.8,1440691837203,100,100% bearish,of 1 rating,N/A
BCOV,$5.11,1440691837304,"36,256",67% bullish,of 3 ratings,$10.20
BSFT,$31.53,1440691837360,"84,671",57% bullish,of 7 ratings,$40.50
BRCM,$51.615,1440691837432,"2,003,724",75% bullish,of 12 ratings,$56
BWEN,$3.24,1440691837521,"7,461",100% bullish,of 3 ratings,$8
BVSN,$6.0004,1440691837652,"12,578",60% bearish,of 5 ratings,N/A
BYFC,NULL,1440691837695,0,50% bullish,of 2 ratings,N/A
BRKS,$10.17,1440691837787,"26,619",67% bullish,of 3 ratings,$15.25
BRCD,$10.695,1440691837852,"996,856",92% bullish,of 13 ratings,$11.50
BRKR,$18.79,1440691837916,"125,518",100% bearish,of 2 ratings,$22
BRKL,$10.63,1440691837942,"74,117",100% bearish,of 1 rating,$10.75
BLMT,$20.69,1440691837978,"3,744",Not yet rated,NULL,N/A
BWLD,$195.725,1440691838075,"98,643",82% bullish,of 11 ratings,$205
BMTC,$29.05,1440691838104,"22,306",Not yet rated,NULL,$34
BSQR,$6.2,1440691838202,"22,996",67% bullish,of 3 ratings,N/A
BLDR,$14.16,1440691838343,"282,415",50% bullish,of 2 ratings,$22
BUR,$1.8,1440691838431,600,100% bearish,of 1 rating,$8
CFFI,$35.38,1440691838559,500,100% bearish,of 1 rating,N/A
CA,$27.07,1440691838658,"538,364",50% bullish,of 4 ratings,$33
CDNS,$19.77,1440691838689,"296,013",75% bullish,of 4 ratings,$22.50
CHRW,$67.925,1440691838841,"371,318",Not yet rated,NULL,$72
CDZI,$7.72,1440691838910,"4,788",100% bearish,of 1 rating,N/A
CZR,$8.45,1440691839043,"1,544,207",60% bearish,of 5 ratings,$10.50
CLBS,$1.35,1440691839079,"91,715",79% bullish,of 14 ratings,$4
CCMP,$43.49,1440691839106,"25,648",50% bullish,of 2 ratings,$59
CACQ,$7.15,1440691839208,"34,953",100% bearish,of 1 rating,$12.25
CSTE,$41.2,1440691839229,"191,490",50% bullish,of 2 ratings,$65
PRSS,$4.48,1440691839313,"4,925",80% bullish,of 5 ratings,$4.50
CHY,$11.28,1440691839342,"93,420",Not yet rated,NULL,N/A
CLMS,$10.58,1440691839372,"29,323",Not yet rated,NULL,$10.50
CCD,$18.672,1440691839662,"93,786",Not yet rated,NULL,N/A
CHW,$7.595,1440691839755,"99,921",100% bearish,of 1 rating,N/A
CHI,$10.6175,1440691839786,"116,036",100% bearish,of 1 rating,N/A
CFGE,$10.57,1440691839819,810,Not yet rated,NULL,N/A
CGO,$12.17,1440691839840,"13,878",100% bearish,of 1 rating,N/A
CVGW,$61.25,1440691839871,"78,032",50% bullish,of 2 ratings,$58.50
CAMP,$15.935,1440691839896,"79,706",88% bullish,of 8 ratings,$25
CSQ,$9.9128,1440691839921,"135,829",Not yet rated,NULL,N/A
CFNB,$13.31,1440691840086,310,100% bearish,of 1 rating,N/A
CALM,$50.49,1440691840121,"143,064",80% bullish,of 5 ratings,$65
CALD,$15.71,1440691840304,"127,837",100% bearish,of 1 rating,$21
CALA,$5.52,1440691840331,"320,528",100% bullish,of 3 ratings,$19.50
CLMT,$26.1758,1440691840357,"131,961",75% bullish,of 8 ratings,$31
CAMB,$10.05,1440691840494,100,Not yet rated,NULL,N/A
CAMBU,NULL,1440691840533,0,100% bearish,of 1 rating,N/A
CAMBW,NULL,1440691840669,0,Not yet rated,NULL,N/A
ABCD,$5.28,1440691840701,"67,173",83% bullish,of 6 ratings,N/A
CAMT,$2.61,1440691840731,"26,187",73% bullish,of 11 ratings,$4
CSIQ,$17.8895,1440691840769,"959,418",86% bullish,of 28 ratings,$42.50
CAC,$40.23,1440691840796,"1,935",Not yet rated,NULL,N/A
CGIX,$10.1357,1440691840867,"18,691",67% bullish,of 3 ratings,$14.375
CPHC,NULL,1440691840927,0,100% bearish,of 1 rating,N/A
CBNJ,$10.9,1440691841009,"10,484",100% bullish,of 1 rating,N/A
CPLA,$49.08,1440691841096,"59,101",67% bearish,of 3 ratings,$65
CCBG,$14.9699,1440691841296,"3,982",Not yet rated,NULL,$17.25
CBF,$29.14,1440691841326,"28,837",Not yet rated,NULL,$32
CPLP,$6.82,1440691841383,"181,009",71% bullish,of 7 ratings,$11
CPTA,$13.8301,1440691841430,"15,316",100% bearish,of 1 rating,$18.50
CSWC,$45.47,1440691841460,"2,507",Not yet rated,NULL,N/A
CAPR,$4.18,1440691841563,"7,914",Not yet rated,NULL,$12
CFFN,$12.07,1440691841589,"138,898",Not yet rated,NULL,$12.75
CAPN,$2.3193,1440691841621,"186,332",100% bullish,of 1 rating,$10.85
CARA,$19.39,1440691841719,"62,080",50% bullish,of 4 ratings,$25
CPST,$0.3645,1440691841747,"247,817",95% bullish,of 22 ratings,$1.25
CAPNW,$0.6969,1440691841801,100,Not yet rated,NULL,N/A
CARB,$11.41,1440691841934,"43,243",75% bullish,of 4 ratings,$12
CBYL,$5.21,1440691842064,"13,503",100% bearish,of 1 rating,$20
CRDC,$0.3316,1440691842095,"31,038",100% bullish,of 1 rating,$1.25
CFNL,$22.15,1440691842199,"48,842",Not yet rated,NULL,$24
CRME,$8.9,1440691842282,"2,800",89% bullish,of 9 ratings,$11.25
CATM,$34.41,1440691842340,"67,512",100% bearish,of 1 rating,$44
CECO,$3.57,1440691842472,"124,942",67% bearish,of 3 ratings,$6
CSII,$23.905,1440691842505,"182,892",100% bearish,of 2 ratings,$42.125
CDNA,$6.63,1440691842602,"2,900",100% bearish,of 1 rating,$9
CKEC,$23.68,1440691842628,"52,796",50% bullish,of 2 ratings,$35.915
CTRE,$11.5501,1440691842691,"103,587",50% bullish,of 2 ratings,$13.50
CLBH,NULL,1440691842761,0,Not yet rated,NULL,$16.50
CARO,$15.5,1440691842834,802,100% bearish,of 1 rating,$19
CART,$5.35,1440691842861,100,100% bearish,of 1 rating,N/A
CRZO,$32.716,1440691843028,"504,553",67% bearish,of 3 ratings,$55.50
TAST,$12.7,1440691843055,"160,443",Not yet rated,NULL,$14.25
CRTN,$2.53,1440691843218,"2,560",100% bearish,of 1 rating,N/A
CACB,$5.3,1440691843313,"8,047",Not yet rated,NULL,$5.50
CWST,$6.12,1440691843339,"67,063",50% bullish,of 2 ratings,$7.25
CARV,$7.3,1440691843360,250,50% bullish,of 2 ratings,N/A
CSCD,$15.01,1440691843393,"10,682",100% bullish,of 2 ratings,$17
CASM,$1.11,1440691843422,200,100% bullish,of 1 rating,$3.50
CASY,$107.5,1440691843523,"62,878",50% bullish,of 2 ratings,$99.50
CASI,$1.47,1440691843676,160,100% bullish,of 1 rating,$3.50
CATB,$11.91,1440691843710,"5,287",100% bearish,of 1 rating,$28
CASS,$49.2,1440691843739,"5,708",100% bearish,of 1 rating,N/A
CPRX,$3.84,1440691843811,"464,399",71% bullish,of 7 ratings,$7
CATY,$29.54,1440691843839,"109,328",100% bearish,of 1 rating,$33.50
CVCO,$70.22,1440691844083,"6,379",100% bearish,of 1 rating,N/A
CATYW,NULL,1440691844108,0,100% bearish,of 1 rating,N/A
CNLM,NULL,1440691844257,0,Not yet rated,NULL,N/A
CBFV,$20.9366,1440691844358,"2,400",Not yet rated,NULL,$25
CNLMR,NULL,1440691844501,0,Not yet rated,NULL,N/A
CNLMW,NULL,1440691844539,0,Not yet rated,NULL,N/A
CAVM,$69.03,1440691844573,"114,123",67% bearish,of 3 ratings,$72
CBOE,$63.32,1440691844630,"137,654",Not yet rated,NULL,$60
CDW,$40.1665,1440691844658,"496,947",75% bullish,of 4 ratings,$44
CNLMU,NULL,1440691844679,0,100% bullish,of 1 rating,N/A
CDK,$49.1,1440691844707,"99,657",67% bearish,of 3 ratings,$50
CELG,$122.4899,1440691844983,"1,452,627",92% bullish,of 13 ratings,$155.50
CPXX,$2.07,1440691845013,"58,634",100% bullish,of 2 ratings,$7
CECE,$9.34,1440691845118,"18,123",50% bullish,of 2 ratings,$16
CLDN,$1.06,1440691845174,"77,066",71% bullish,of 7 ratings,$3
CELGZ,$1.69,1440691845263,"5,100",80% bullish,of 5 ratings,N/A
CLTX,$2.28,1440691845366,"206,947",100% bullish,of 2 ratings,N/A
CLRB,$3.1078,1440691845409,331,100% bearish,of 1 rating,N/A
CLDX,$15.32,1440691845438,"573,512",89% bullish,of 9 ratings,$36
CLLS,$32.82,1440691845463,"46,114",75% bullish,of 4 ratings,$51.50
CLRBW,NULL,1440691845511,0,Not yet rated,NULL,N/A
CYAD,$49.53,1440691845824,"3,000",100% bullish,of 1 rating,$87.50
CETX,$2.38,1440691845850,"6,300",Not yet rated,NULL,$5.60
CEMP,$34.525,1440691845875,"205,284",71% bullish,of 7 ratings,$52
CBMG,$22.73,1440691845905,"20,242",50% bullish,of 2 ratings,N/A
CLSN,$2,1440691846004,"56,692",80% bullish,of 10 ratings,$7.50
CSFL,$13.755,1440691846030,"68,044",Not yet rated,NULL,$15
CFBK,$1.371,1440691846193,100,Not yet rated,NULL,N/A
CVCY,$11.25,1440691846242,"2,000",Not yet rated,NULL,$12
CETV,$2.13,1440691846276,"44,048",67% bullish,of 3 ratings,$2.80
CENT,$12.02,1440691846301,"68,997",Not yet rated,NULL,$10
CENTA,$12.45,1440691846511,"98,232",Not yet rated,NULL,N/A
CNBKA,$41.91,1440691846568,396,50% bullish,of 2 ratings,N/A
CENX,$5.3433,1440691846609,"1,276,055",67% bullish,of 6 ratings,$9
CNTY,$5.72,1440691846668,"17,450",80% bullish,of 5 ratings,$7.75
CPHD,$48.7,1440691846747,"136,911",67% bearish,of 3 ratings,$66.50
CRNT,$1.367,1440691846796,"39,580",50% bullish,of 2 ratings,$2
CERE,$1.15,1440691847133,"104,887",88% bullish,of 8 ratings,N/A
CERS,$4.97,1440691847161,"264,939",75% bullish,of 4 ratings,$7
CYOU,$20.59,1440691847197,"48,034",50% bullish,of 6 ratings,$24
CEVA,$18.29,1440691847224,"17,319",100% bearish,of 1 rating,$25
CERN,$62.22,1440691847254,"446,823",67% bullish,of 3 ratings,$79
KOOL,$0.6273,1440691847289,200,100% bullish,of 5 ratings,$7
CERU,$3.5201,1440691847314,"4,128",75% bullish,of 4 ratings,$15
HOTRW,NULL,1440691847360,0,Not yet rated,NULL,N/A
CTHR,$1.32,1440691847601,"8,309",50% bullish,of 2 ratings,$2.50
HOTR,$1.51,1440691847631,"63,733",100% bullish,of 2 ratings,$5
GTLS,$23.1279,1440691847735,"114,758",50% bullish,of 4 ratings,$40
CHTR,$181.26,1440691847772,"219,536",100% bearish,of 2 ratings,$196
CHFN,$12.52,1440691847809,"4,920",Not yet rated,NULL,$14
CHKP,$80.41,1440691847936,"393,869",50% bullish,of 4 ratings,$92
CHEK,$2.09,1440691848044,"5,978",Not yet rated,NULL,$7.75
CHEKW,NULL,1440691848145,0,Not yet rated,NULL,N/A
CEMI,$3.947,1440691848184,"4,354",50% bullish,of 2 ratings,$7.50
CCXI,$6.94,1440691848218,"13,388",67% bullish,of 3 ratings,$14
CHMG,$26.07,1440691848239,100,Not yet rated,NULL,$30
CHEV,$14.29,1440691848318,200,Not yet rated,NULL,N/A
CHKE,$25.9025,1440691848380,"7,160",100% bearish,of 1 rating,$32.50
CHFC,$31.55,1440691848451,"15,473",100% bearish,of 1 rating,$36
CHMA,$25.79,1440691848619,"43,129",Not yet rated,NULL,$40
CBNK,NULL,1440691848650,0,100% bearish,of 1 rating,N/A
CMRX,$50.85,1440691848750,"77,048",50% bullish,of 2 ratings,$57
PLCE,$58.75,1440691848841,"96,297",100% bearish,of 1 rating,$69
CAAS,$6.15,1440691848977,"15,014",93% bullish,of 14 ratings,$11.50
CALI,$0.9455,1440691849002,"1,620",67% bullish,of 3 ratings,N/A
CBPO,$98.805,1440691849138,"80,349",75% bullish,of 8 ratings,$140.50
CCCL,$0.765,1440691849179,"23,015",100% bullish,of 6 ratings,N/A
CBAK,$1.92,1440691849213,"15,594",67% bullish,of 9 ratings,N/A
CCCR,$0.7834,1440691849234,"16,369",67% bearish,of 3 ratings,N/A
CADC,NULL,1440691849265,0,78% bullish,of 9 ratings,N/A
CHLN,$2.1027,1440691849309,"6,901",67% bullish,of 3 ratings,N/A
JRJC,$3.485,1440691849399,"95,207",82% bullish,of 11 ratings,N/A
CHOP,$1.28,1440691849482,500,50% bullish,of 2 ratings,N/A
HGSH,$1.6732,1440691849615,"10,858",67% bullish,of 3 ratings,N/A
CNIT,$1.41,1440691849641,"32,900",67% bullish,of 6 ratings,N/A
HTHT,$25.76,1440691849828,"67,397",50% bullish,of 2 ratings,$28.40
CHNR,$1.71,1440691849917,16,100% bearish,of 1 rating,N/A
CJJD,$1.86,1440691849943,"9,855",100% bullish,of 1 rating,N/A
CSUN,$1.43,1440691850020,"28,429",80% bullish,of 5 ratings,N/A
CPGI,$6.861,1440691850046,"1,022",Not yet rated,NULL,N/A
CREG,$0.67,1440691850076,"8,200",100% bullish,of 3 ratings,N/A
CXDC,$5.93,1440691850123,"30,017",67% bearish,of 3 ratings,N/A
CCIH,$6.74,1440691850178,"110,575",67% bullish,of 6 ratings,$12.65
CNYD,$3.48,1440691850347,"19,586",67% bullish,of 3 ratings,N/A
CNTF,$0.767,1440691850374,"82,446",Not yet rated,NULL,N/A
CNET,$0.822,1440691850563,"185,566",50% bullish,of 2 ratings,N/A
IMOS,$17.2,1440691850588,"64,568",60% bullish,of 5 ratings,$21.50
CHSCL,$27.1,1440691850756,"3,736",Not yet rated,NULL,N/A
CHSCM,$26.08,1440691850939,"7,732",Not yet rated,NULL,N/A
CHSCO,$28.1604,1440691850979,"1,880",Not yet rated,NULL,N/A
CHSCN,$26.72,1440691851069,"1,701",Not yet rated,NULL,N/A
CIFC,$7.3,1440691851095,992,100% bearish,of 1 rating,N/A
CHSCP,$30.42,1440691851116,"3,025",Not yet rated,NULL,N/A
CHUY,$30.55,1440691851137,"58,624",50% bullish,of 2 ratings,$34
CDTX,$14.05,1440691851273,"7,609",Not yet rated,NULL,$22
CHDN,$135.42,1440691851334,"11,111",Not yet rated,NULL,$165
CMPR,$69.69,1440691851437,"103,193",50% bullish,of 2 ratings,$72.50
CINF,$52.81,1440691851537,"130,630",50% bullish,of 4 ratings,$50.50
CMCT,$15.551,1440691851580,142,100% bearish,of 1 rating,N/A
CIDM,$0.5827,1440691851605,"12,212",50% bullish,of 2 ratings,$2.10
CTAS,$85.34,1440691851668,"125,253",100% bearish,of 1 rating,$91
CPHR,$5.5601,1440691851738,"2,150",100% bearish,of 1 rating,$17
CSCO,$25.82,1440691851871,"6,854,522",84% bullish,of 209 ratings,$32
CRUS,$29.72,1440691851897,"502,042",75% bullish,of 12 ratings,$44.50
CZNC,$19.7845,1440691852025,"6,000",Not yet rated,NULL,N/A
CZWI,NULL,1440691852056,0,Not yet rated,NULL,N/A
CTRN,$27.06,1440691852077,"11,450",100% bearish,of 1 rating,$31.50
CIZN,NULL,1440691852115,0,Not yet rated,NULL,N/A
CZFC,NULL,1440691852155,0,Not yet rated,NULL,N/A
CTXS,$69.39,1440691852208,"446,069",86% bullish,of 7 ratings,$80
CIVBP,NULL,1440691852506,0,Not yet rated,NULL,N/A
CDTI,$1.63,1440691852533,"69,147",75% bullish,of 4 ratings,$3.20
CHCO,$47.135,1440691852554,"7,608",Not yet rated,NULL,$46
CIVB,$10.206,1440691852614,"1,264",Not yet rated,NULL,$11
CLNT,$1.3501,1440691852686,"11,702",75% bullish,of 8 ratings,N/A
CLNE,$4.8062,1440691852713,"617,065",80% bullish,of 15 ratings,$9
CLFD,$16.65,1440691852740,"15,583",67% bullish,of 3 ratings,$18
CLIR,$4.783,1440691852870,"18,838",100% bullish,of 3 ratings,N/A
CBLI,$3.72,1440691852895,"11,056",60% bullish,of 5 ratings,N/A
CLRO,$11.47,1440691853111,818,50% bullish,of 2 ratings,$14.25
CME,$93.025,1440691853152,"357,619",67% bullish,of 3 ratings,$102
CSBK,$13.7,1440691853184,"27,844",Not yet rated,NULL,N/A
CMFN,$11.52,1440691853213,"13,906",100% bearish,of 1 rating,$15.50
CLVS,$76.02,1440691853238,"148,305",60% bullish,of 5 ratings,$101.50
CISG,$7.66,1440691853266,"19,922",100% bullish,of 5 ratings,$10
CCNE,$16.8955,1440691853315,"2,610",50% bullish,of 2 ratings,$21.50
CNV,$4.51,1440691853594,"14,718",50% bullish,of 2 ratings,$7.15
CWAY,$11.29,1440691853697,100,Not yet rated,NULL,N/A
CDRB,$12.85,1440691853726,"3,242",67% bullish,of 3 ratings,N/A
COBZ,$12.97,1440691853751,"18,599",100% bullish,of 1 rating,$14
COKE,$158.14,1440691853825,"8,092",79% bullish,of 19 ratings,N/A
CDXS,$3.52,1440691853915,"5,675",64% bullish,of 11 ratings,$6
JVA,$4.59,1440691853996,"11,380",83% bullish,of 6 ratings,$7
CCOI,$27.755,1440691854171,"99,017",50% bullish,of 4 ratings,$35
CVLY,$20.56,1440691854202,424,Not yet rated,NULL,N/A
CGNT,$1.5,1440691854226,"17,905",100% bullish,of 2 ratings,$2
CTSH,$63.4,1440691854259,"852,738",90% bullish,of 10 ratings,$75
CGNX,$35.33,1440691854281,"165,499",50% bullish,of 2 ratings,$47
COHR,$56.55,1440691854314,"34,198",50% bullish,of 2 ratings,$72
CHRS,$28.15,1440691854445,"64,069",67% bearish,of 3 ratings,$37
COHU,$9.5,1440691854481,"35,046",100% bearish,of 1 rating,$14.25
CLRX,$0.54,1440691854619,"19,421",50% bullish,of 2 ratings,N/A
CLCT,$18.6599,1440691854752,"6,958",100% bearish,of 1 rating,N/A
COLM,$61.88,1440691854882,"31,089",100% bearish,of 1 rating,$71
CLCD,$6.49,1440691854907,"18,532",100% bearish,of 1 rating,$20.50
COLL,$15.0501,1440691854943,"17,158",100% bearish,of 1 rating,$26
CIGI,$43.7358,1440691854970,"1,060",100% bearish,of 1 rating,$52
CBAN,NULL,1440691854997,0,Not yet rated,NULL,N/A
CBMX,$1.1409,1440691855046,"9,142",83% bullish,of 6 ratings,$3.15
COLB,$30.1,1440691855150,"51,198",Not yet rated,NULL,$36
CMCSA,$56.56,1440691855181,"2,773,478",66% bullish,of 35 ratings,$69.50
CMCO,$18.4,1440691855282,"33,514",60% bullish,of 5 ratings,$28
CBSH,$44.6,1440691855382,"54,823",50% bullish,of 2 ratings,$46
CMCSK,$57.4,1440691855427,"806,264",Not yet rated,NULL,$84
CBSHP,$25.36,1440691855458,122,100% bearish,of 1 rating,N/A
CUBN,NULL,1440691855651,0,Not yet rated,NULL,N/A
CVGI,$4.945,1440691855676,"27,759",50% bullish,of 2 ratings,$6
COMM,$30.86,1440691855831,"355,486",67% bearish,of 3 ratings,$35
ESXB,$5.0611,1440691855861,"1,400",Not yet rated,NULL,N/A
CSAL,$20.86,1440691855899,"108,051",75% bullish,of 4 ratings,$30
CTBI,$34.45,1440691855963,"7,349",Not yet rated,NULL,$36
CYHHZ,$0.011,1440691856034,"22,172",100% bullish,of 1 rating,N/A
JCS,NULL,1440691856101,0,67% bullish,of 3 ratings,N/A
CWBC,$6.74,1440691856129,204,Not yet rated,NULL,N/A
COB,$10.32,1440691856165,"5,057",100% bullish,of 1 rating,$11.75
CVLT,$36.04,1440691856199,"148,439",75% bullish,of 4 ratings,$44.50
CIZ,$33.52,1440691856305,"1,168",100% bearish,of 1 rating,N/A
CIL,$33.77,1440691856440,200,Not yet rated,NULL,N/A
CSF,$36.37,1440691856598,"1,994",100% bearish,of 1 rating,N/A
CSA,NULL,1440691856622,0,Not yet rated,NULL,N/A
CDC,$34.5947,1440691856695,"4,204",Not yet rated,NULL,N/A
CID,$33.74,1440691856727,200,Not yet rated,NULL,N/A
CFA,$35.6786,1440691856832,"13,651",100% bearish,of 1 rating,N/A
CFO,$35.474,1440691856861,"3,119",100% bearish,of 1 rating,N/A
CDL,NULL,1440691856935,0,Not yet rated,NULL,N/A
CGEN,$4.95,1440691856963,"31,043",50% bullish,of 2 ratings,$11
CPSI,$45.8,1440691857114,"22,001",100% bearish,of 1 rating,$45.50
CSB,NULL,1440691857147,0,Not yet rated,NULL,N/A
CTG,$6.45,1440691857176,"9,110",100% bearish,of 1 rating,$8.50
CHCI,$0.748,1440691857280,"6,030",50% bullish,of 2 ratings,N/A
SCOR,$53.78,1440691857343,"66,886",100% bearish,of 1 rating,$66
CMTL,$25.45,1440691857376,"29,504",100% bearish,of 2 ratings,$37
CNAT,$3.65,1440691857476,"41,244",83% bullish,of 6 ratings,$13
CNSI,$19.07,1440691857502,"23,031",100% bearish,of 2 ratings,$29
CNCE,$15.61,1440691857750,"51,055",75% bullish,of 4 ratings,$22
CCUR,$4.58,1440691857799,"28,790",75% bullish,of 4 ratings,N/A
CDORP,NULL,1440691857882,0,100% bearish,of 1 rating,N/A
CDORO,$17,1440691857927,162,100% bearish,of 1 rating,N/A
CDOR,$1.28,1440691858014,100,100% bullish,of 1 rating,N/A
CFMS,$19.8458,1440691858074,"88,045",Not yet rated,NULL,$27
CXRX,$74.51,1440691858149,"2,300",100% bearish,of 1 rating,$90
CNFR,$10.4644,1440691858176,"1,112",Not yet rated,NULL,N/A
CNMD,$53.11,1440691858254,"38,422",Not yet rated,NULL,$59
CTWS,$34.4,1440691858391,"4,974",100% bearish,of 1 rating,$44
CNOB,$19.3,1440691858421,"11,170",100% bullish,of 1 rating,$23.50
CONN,$30.97,1440691858523,"137,929",67% bullish,of 3 ratings,$48.50
CNXR,$6.39,1440691858615,"15,605",100% bearish,of 1 rating,$12
CNSL,$19.448,1440691858747,"41,498",100% bearish,of 1 rating,$23
CTCT,$24.43,1440691858810,"65,005",67% bullish,of 3 ratings,$37
CFRXW,$1.64,1440691858879,"1,229",100% bearish,of 1 rating,N/A
CFRXZ,NULL,1440691858908,0,Not yet rated,NULL,N/A
CFRX,$5.02,1440691858938,"4,800",Not yet rated,NULL,$14
CWCO,$10.5399,1440691858968,"26,255",67% bullish,of 3 ratings,$14.50
CPSS,$5.68,1440691858989,"11,370",100% bullish,of 1 rating,$10
CTRV,$3.61,1440691859044,413,Not yet rated,NULL,$6.40
CRBP,$1.9547,1440691859238,"233,960",100% bullish,of 2 ratings,$6.25
CORT,$5.08,1440691859263,"89,902",67% bullish,of 3 ratings,$12
CTRL,$8.33,1440691859288,"70,856",50% bullish,of 2 ratings,$11
CORE,$59.29,1440691859467,"22,308",100% bearish,of 1 rating,$72
CPRT,$34.44,1440691859498,"56,197",67% bearish,of 3 ratings,$40
BVA,NULL,1440691859537,0,50% bullish,of 2 ratings,N/A
CORI,$10.36,1440691859600,"8,614",100% bearish,of 1 rating,$18
CSOD,$35.7,1440691859732,"224,864",50% bullish,of 2 ratings,$42
CRVL,$31.195,1440691859763,"6,568",100% bearish,of 1 rating,N/A
COSI,$1.18,1440691859789,"55,649",100% bullish,of 1 rating,N/A
CSGP,$180,1440691859860,"35,597",50% bullish,of 2 ratings,$235
COST,$140.1893,1440691859930,"606,168",79% bullish,of 24 ratings,$154.50
ICBK,NULL,1440691860021,0,Not yet rated,NULL,$21
CPAH,$0.47,1440691860066,"3,779",50% bullish,of 2 ratings,N/A
CVTI,$23.0799,1440691860198,"34,002",67% bearish,of 3 ratings,$39
COVS,$2.63,1440691860224,"23,916",67% bullish,of 3 ratings,N/A
CPSH,$2.24,1440691860356,"1,800",Not yet rated,NULL,N/A
CRAI,$21.74,1440691860382,"13,432",100% bearish,of 1 rating,$36
CBRL,$145.98,1440691860520,"61,831",50% bullish,of 2 ratings,$155
COWNL,NULL,1440691860551,0,Not yet rated,NULL,N/A
BREW,$7.6,1440691860598,"12,495",67% bullish,of 6 ratings,$15
COWN,$5.115,1440691860627,"265,080",75% bullish,of 4 ratings,$7
CACC,$195.54,1440691860656,"29,697",50% bullish,of 2 ratings,$158.50
GLDI,$10.95,1440691860759,"5,474",100% bearish,of 1 rating,N/A
CRAY,$20.5,1440691860790,"85,764",83% bullish,of 6 ratings,$38.50
SLVO,$9.8799,1440691860893,"13,933",100% bearish,of 1 rating,N/A
CREE,$26.6445,1440691861026,"399,985",65% bullish,of 17 ratings,$29.50
CRTO,$44.818,1440691861125,"102,205",67% bullish,of 6 ratings,$64
CRESY,$10.3,1440691861184,"10,224",100% bearish,of 1 rating,$19
CCRN,$14,1440691861226,"58,482",100% bearish,of 1 rating,$14.25
CROX,$13.98,1440691861255,"285,284",63% bullish,of 8 ratings,$16.50
CRDS,$1.05,1440691861314,"63,500",50% bullish,of 4 ratings,$4.50
CRWN,$4.4,1440691861361,"17,204",75% bullish,of 4 ratings,N/A
CRWS,$8.1,1440691861388,"3,674",Not yet rated,NULL,$10
CYRXW,$0.869,1440691861646,"2,900",Not yet rated,NULL,N/A
CSGS,$30.61,1440691861703,"85,300",Not yet rated,NULL,$40
CYRX,$2.9499,1440691861729,"11,464",Not yet rated,NULL,$9
CCLP,$13.97,1440691861755,"18,741",67% bearish,of 3 ratings,$20
CSPI,NULL,1440691861784,0,67% bullish,of 3 ratings,N/A
CTCM,$1.73,1440691861806,"107,494",80% bearish,of 5 ratings,$3.90
CTIC,$1.6,1440691861864,"666,211",84% bullish,of 76 ratings,$5.75
CTIB,$3.55,1440691862082,"3,299",100% bearish,of 1 rating,N/A
CUNB,$20.96,1440691862147,"3,582",Not yet rated,NULL,$24.50
CUI,$5.1,1440691862275,"7,528",50% bullish,of 2 ratings,$10
CTRP,$69.3,1440691862300,"1,048,818",75% bullish,of 8 ratings,$92
CPIX,$6.07,1440691862329,"1,400",Not yet rated,NULL,N/A
CMLS,$1.43,1440691862350,"123,545",50% bullish,of 4 ratings,$6
CRIS,$2.51,1440691862492,"99,880",100% bullish,of 8 ratings,$6
CVBF,$16.1,1440691862517,"74,071",Not yet rated,NULL,$18
CUTR,$14.34,1440691862542,"32,239",67% bearish,of 3 ratings,$18
CYAN,$7.36,1440691862683,"4,102",100% bearish,of 1 rating,N/A
CYBR,$51.49,1440691862758,"519,150",75% bullish,of 8 ratings,$66
CVV,$10.88,1440691862815,"3,461",100% bullish,of 5 ratings,N/A
CYBX,$66.84,1440691862864,"104,379",50% bullish,of 4 ratings,$71.50
CYCCP,NULL,1440691862946,0,100% bearish,of 1 rating,N/A
CYBE,$6.2,1440691862998,"11,510",100% bearish,of 1 rating,N/A
CBAY,$2.64,1440691863128,"23,656",100% bullish,of 1 rating,$4
CYNA,$16.08,1440691863153,"6,167",100% bullish,of 1 rating,$31.50
CYCC,$0.5299,1440691863178,"13,213",73% bullish,of 11 ratings,N/A
CONE,$31.61,1440691863319,"148,762",67% bearish,of 3 ratings,$35.50
CY,$9.8,1440691863348,"1,471,143",80% bullish,of 10 ratings,$15.50
CYNO,$31.565,1440691863371,"95,743",67% bearish,of 3 ratings,$45.50
CYRN,$1.71,1440691863402,"6,150",67% bullish,of 3 ratings,$4
CYTK,$6.8,1440691863429,"54,488",71% bullish,of 14 ratings,$13.50
CYTX,$0.3082,1440691863608,"1,269,431",83% bullish,of 12 ratings,$5.50
CTSO,$6.48,1440691863741,"17,470",Not yet rated,NULL,$15.625
CYTR,$2.32,1440691863768,"224,212",67% bullish,of 6 ratings,$10
DAEG,$0.35,1440691863897,100,100% bearish,of 1 rating,N/A
TVIX,$11.3601,1440691863925,"5,973,768",81% bullish,of 16 ratings,N/A
TVIZ,$16.5,1440691863953,"6,342",100% bearish,of 1 rating,N/A
DJCO,$196.33,1440691864028,360,Not yet rated,NULL,N/A
ZIV,$42.85,1440691864087,"60,229",Not yet rated,NULL,N/A
XIV,$29.3099,1440691864118,"12,408,447",75% bearish,of 4 ratings,N/A
DAKT,$8.57,1440691864224,"168,991",50% bullish,of 2 ratings,$14
DARA,$0.835,1440691864252,"35,984",83% bullish,of 6 ratings,$1.50
DTLK,$5.68,1440691864277,"21,444",100% bearish,of 1 rating,$9
DAIO,$2.73,1440691864324,504,Not yet rated,NULL,N/A
DRAM,$1.178,1440691864402,"18,028",78% bullish,of 9 ratings,N/A
DWCH,$5.002,1440691864457,"14,497",75% bullish,of 4 ratings,$8.25
PLAY,$34.77,1440691864674,"114,832",100% bullish,of 5 ratings,$42
DTEA,$12.81,1440691864855,"22,482",100% bearish,of 2 ratings,$24
DWSN,$4.27,1440691865025,"3,890",67% bullish,of 3 ratings,N/A
DFRG,$14.58,1440691865050,"36,816",100% bearish,of 1 rating,$20
DBVT,$41.305,1440691865083,"90,814",100% bearish,of 1 rating,$53
TACOW,$4,1440691865108,600,100% bullish,of 1 rating,N/A
DHRM,$1.5,1440691865133,"2,700",Not yet rated,NULL,N/A
TACO,$13.07,1440691865177,"54,828",75% bullish,of 4 ratings,$20
TRAK,$62.83,1440691865204,"133,111",50% bullish,of 2 ratings,$62.50
DCTH,$0.3899,1440691865335,"71,929",78% bullish,of 9 ratings,N/A
XRAY,$53.27,1440691865514,"127,022",100% bullish,of 1 rating,$58
DELTW,NULL,1440691865542,0,Not yet rated,NULL,N/A
DENN,$11.585,1440691865562,"92,884",100% bullish,of 3 ratings,$15
DELT,$2.7,1440691865584,"2,000",Not yet rated,NULL,N/A
DGAS,$20.19,1440691865616,642,67% bearish,of 3 ratings,N/A
DEPO,$29,1440691865784,"173,864",60% bullish,of 5 ratings,$29
DERM,$25.62,1440691865913,"42,889",100% bearish,of 1 rating,$33.50
DSCI,$5.91,1440691865938,"19,880",50% bullish,of 2 ratings,$16
DXLG,$5.3,1440691866081,"104,259",100% bearish,of 1 rating,$8
DEST,$11.33,1440691866154,"43,064",50% bullish,of 2 ratings,N/A
DXCM,$94.625,1440691866184,"239,804",57% bullish,of 7 ratings,$98
DXM,$0.27,1440691866231,"134,412",50% bullish,of 2 ratings,N/A
DMND,$28.67,1440691866288,"142,564",75% bullish,of 12 ratings,$32
DHXM,NULL,1440691866314,0,Not yet rated,NULL,N/A
DSWL,NULL,1440691866342,0,100% bullish,of 1 rating,N/A
DHIL,$191.87,1440691866374,560,Not yet rated,NULL,N/A
DGII,$9.63,1440691866658,"18,846",100% bearish,of 1 rating,$10
FANG,$67.27,1440691866684,"297,534",50% bullish,of 2 ratings,$86.50
DMRC,$34.78,1440691866716,"12,732",100% bearish,of 1 rating,$44
DRNA,$10.73,1440691866742,"20,588",67% bearish,of 3 ratings,$25
DCIX,$1.72,1440691866817,"66,633",50% bullish,of 4 ratings,$3.50
DRAD,$3.675,1440691866842,"7,912",100% bullish,of 1 rating,$5.25
DGLY,$8,1440691866978,"114,790",50% bullish,of 6 ratings,$20
DCOM,$16.885,1440691867118,"67,850",100% bearish,of 2 ratings,$16.50
DIOD,$19.93,1440691867142,"37,544",75% bearish,of 4 ratings,$24
DPRX,$12.58,1440691867168,"2,606",100% bullish,of 2 ratings,$27.75
APPS,$2.33,1440691867194,"21,916",100% bearish,of 1 rating,$10.25
DISCK,$25.5,1440691867229,"187,132",100% bearish,of 1 rating,$32
DISCA,$26.9199,1440691867330,"497,221",67% bullish,of 3 ratings,$34
DISCB,NULL,1440691867402,0,100% bearish,of 1 rating,$35
DSCO,$0.3601,1440691867427,"164,099",83% bullish,of 6 ratings,$2.75
DISH,$59.51,1440691867578,"419,269",69% bullish,of 13 ratings,$73
DVCR,$11.19,1440691867784,902,100% bullish,of 1 rating,N/A
DLHC,$2.4805,1440691867867,"1,534",100% bearish,of 1 rating,N/A
DNBF,$26.3,1440691867996,200,Not yet rated,NULL,$27.50
BAGR,$2.7799,1440691868022,"20,134",100% bearish,of 1 rating,$6
DGICB,NULL,1440691868048,0,100% bearish,of 1 rating,N/A
DLTR,$76.66,1440691868069,"1,857,129",82% bullish,of 11 ratings,$88
DORM,$51.19,1440691868098,"34,152",100% bearish,of 1 rating,$56
DMLP,$14.2913,1440691868119,"21,545",100% bearish,of 1 rating,N/A
HILL,$9.67,1440691868251,"343,119",60% bearish,of 5 ratings,$9.75
DGICA,$14.25,1440691868393,"4,786",100% bearish,of 1 rating,$17
DRWIW,$0.049,1440691868456,400,Not yet rated,NULL,N/A
DRWI,$0.2167,1440691868477,"31,496",60% bullish,of 5 ratings,$.45
DWA,$20.24,1440691868548,"265,996",63% bullish,of 8 ratings,$26
DSKX,$3.2875,1440691868577,"32,553",100% bullish,of 1 rating,N/A
DRYS,$0.412,1440691868598,"2,791,853",77% bullish,of 31 ratings,$.60
DSPG,$8.865,1440691868804,"16,738",100% bearish,of 1 rating,$13.50
CADT,NULL,1440691868840,0,Not yet rated,NULL,N/A
CADTW,NULL,1440691869016,0,Not yet rated,NULL,N/A
CADTR,$0.2,1440691869040,"10,500",Not yet rated,NULL,N/A
CADTU,NULL,1440691869065,0,Not yet rated,NULL,N/A
DTSI,$26.695,1440691869092,"15,208",100% bearish,of 2 ratings,$39.50
DRRX,$2.06,1440691869224,"52,251",50% bullish,of 6 ratings,$3
DNKN,$51.6,1440691869289,"215,388",67% bullish,of 15 ratings,$56.50
DXPE,$26.62,1440691869362,"227,002",50% bullish,of 2 ratings,N/A
DYAX,$24.22,1440691869389,"318,455",89% bullish,of 9 ratings,$30
DYSL,$1.55,1440691869521,"34,740",100% bullish,of 2 ratings,N/A
DYNT,$3,1440691869547,"7,747",75% bullish,of 4 ratings,N/A
BOOM,$9.34,1440691869572,"23,236",67% bullish,of 3 ratings,$12
ETFC,$26.46,1440691869728,"1,386,936",57% bullish,of 14 ratings,$32.50
EBMT,$12.4592,1440691869798,497,Not yet rated,NULL,$13.50
DVAX,$28.52,1440691869861,"117,898",70% bullish,of 10 ratings,$40
EGBN,$41.92,1440691869931,"20,633",Not yet rated,NULL,$48
EROC,$1.4101,1440691869955,"195,377",50% bullish,of 2 ratings,$3
EGLE,$6.59,1440691869988,"5,564",60% bullish,of 5 ratings,N/A
EGRX,$82.705,1440691870015,"165,108",67% bullish,of 3 ratings,$97
EWBC,$40.035,1440691870173,"246,711",100% bearish,of 1 rating,$50
ELNK,$8.55,1440691870200,"168,569",60% bullish,of 5 ratings,$9.50
EACQU,NULL,1440691870329,0,Not yet rated,NULL,N/A
EML,$16.653,1440691870353,902,Not yet rated,NULL,N/A
EVBS,NULL,1440691870380,0,Not yet rated,NULL,$7
EBAY,$27.085,1440691870405,"4,401,041",81% bullish,of 117 ratings,$48
EBIX,$28.5,1440691870591,"127,703",69% bullish,of 13 ratings,$40
ELON,$0.535,1440691870726,"28,370",50% bullish,of 2 ratings,N/A
EEI,$11.32,1440691870754,"3,250",67% bearish,of 3 ratings,N/A
ECHO,$23.495,1440691870789,"100,921",67% bearish,of 3 ratings,$35.50
ECTE,$1.55,1440691870810,634,75% bullish,of 4 ratings,N/A
SATS,$44.57,1440691870889,"16,049",50% bullish,of 2 ratings,$60
ECACU,$10.06,1440691870937,100,Not yet rated,NULL,N/A
ESES,$3.45,1440691870962,200,100% bearish,of 1 rating,$7
EDAP,$3.5601,1440691871091,"83,631",60% bullish,of 5 ratings,$4.50
EDGW,$6.66,1440691871188,474,100% bearish,of 1 rating,N/A
EDUC,$5.24,1440691871273,"6,220",100% bearish,of 1 rating,N/A
EFUT,$4.32,1440691871446,"2,600",Not yet rated,NULL,N/A
EHTH,$14.136,1440691871477,"24,578",50% bullish,of 4 ratings,$16.50
EGAN,$3.42,1440691871507,"23,140",50% bullish,of 2 ratings,$6.25
EGLT,$10.38,1440691871533,"14,689",50% bullish,of 2 ratings,$21
LOCO,$12.73,1440691871578,"395,459",69% bullish,of 13 ratings,$20
EMITF,$1.2499,1440691871610,"2,694",75% bullish,of 4 ratings,N/A
ESIO,$4.215,1440691871708,"40,350",50% bullish,of 2 ratings,$10
ERI,$9.57,1440691871738,"24,113",100% bearish,of 1 rating,$10
ESLT,$76.9599,1440691871835,"1,968",67% bullish,of 3 ratings,N/A
EA,$67.34,1440691871886,"592,869",77% bullish,of 35 ratings,$80
ELRC,$10.35,1440691871970,"12,431",100% bearish,of 1 rating,N/A
ELSE,$4.01,1440691872014,"1,097",60% bullish,of 5 ratings,N/A
EFII,$43.93,1440691872103,"58,922",80% bullish,of 5 ratings,$55
ELECU,NULL,1440691872393,0,Not yet rated,NULL,N/A
ELEC,NULL,1440691872418,0,Not yet rated,NULL,N/A
EBIO,$3.7,1440691872447,"205,376",100% bearish,of 2 ratings,$8.35
ELECW,NULL,1440691872476,0,Not yet rated,NULL,N/A
RDEN,$10.56,1440691872502,"15,490",100% bearish,of 4 ratings,$15
CAPX,$22.751,1440691872583,"4,100",Not yet rated,NULL,N/A
ESBK,$19.62,1440691872636,340,Not yet rated,NULL,N/A
LONG,$17.09,1440691872777,"29,462",67% bullish,of 3 ratings,$15.75
ELTK,$1.2101,1440691872805,"83,766",67% bearish,of 3 ratings,N/A
EMCI,$23.2,1440691872957,"8,482",Not yet rated,NULL,N/A
EMKR,$6.94,1440691873014,"18,516",75% bullish,of 4 ratings,$8.50
EMCF,NULL,1440691873041,0,100% bearish,of 1 rating,N/A
EMMS,$1.1384,1440691873092,"5,400",83% bullish,of 6 ratings,N/A
EMMSP,NULL,1440691873255,0,100% bearish,of 1 rating,N/A
NYNY,$4.21,1440691873286,"7,879",50% bullish,of 2 ratings,N/A
ERS,$2.87,1440691873418,"1,600",Not yet rated,NULL,N/A
ENTA,$42.335,1440691873458,"47,739",50% bullish,of 2 ratings,$42
ECPG,$39.32,1440691873590,"50,455",100% bullish,of 2 ratings,$52
ELGX,$12.96,1440691873623,"130,621",75% bullish,of 4 ratings,$17
ECYT,$5.1436,1440691873651,"54,762",83% bullish,of 6 ratings,$12
WIRE,$31.02,1440691873672,"29,312",100% bearish,of 1 rating,$37
ENDP,$79.01,1440691873723,"323,594",50% bullish,of 6 ratings,$104
EIGI,$15.39,1440691873855,"117,074",67% bearish,of 3 ratings,$22.50
WATT,$6.3,1440691873882,"25,415",50% bullish,of 2 ratings,$13
ERII,$2.71,1440691874108,"8,769",80% bullish,of 5 ratings,$2.50
EFOI,$22.0396,1440691874143,"708,294",50% bullish,of 2 ratings,$20.50
ENG,$0.9994,1440691874169,"3,910",100% bullish,of 3 ratings,N/A
EXXI,$1.68,1440691874210,"1,032,411",86% bullish,of 7 ratings,$3.50
ENOC,$8.57,1440691874299,"39,855",75% bullish,of 4 ratings,$18
ENPH,$4.67,1440691874329,"255,144",75% bullish,of 4 ratings,$11
ESGR,$146.18,1440691874369,"2,745",100% bearish,of 1 rating,$185
ENFC,NULL,1440691874430,0,Not yet rated,NULL,N/A
ENTL,$22.04,1440691874634,"3,008",Not yet rated,NULL,$28
EBTC,$21.169,1440691874669,"1,980",Not yet rated,NULL,N/A
ETRM,$0.2642,1440691874700,"415,909",69% bearish,of 35 ratings,$1.625
EFSC,$23.705,1440691874729,"20,474",Not yet rated,NULL,$27
ENTG,$13.81,1440691874776,"116,515",100% bearish,of 1 rating,$18
EGT,$1.94,1440691874806,106,100% bullish,of 1 rating,N/A
ENVI,$1.89,1440691874984,"32,829",67% bullish,of 3 ratings,N/A
ENZN,$1.04,1440691875140,"351,094",100% bullish,of 9 ratings,N/A
EPIQ,$12.9805,1440691875273,"19,816",100% bearish,of 1 rating,$18
ENZY,$9.19,1440691875294,"2,577",67% bullish,of 3 ratings,$9.50
EPRS,$4.9,1440691875374,"38,156",82% bullish,of 11 ratings,$15
EQIX,$264.11,1440691875435,"123,700",75% bullish,of 4 ratings,$312.50
EPZM,$17.77,1440691875464,"117,256",60% bullish,of 5 ratings,$34
PLUS,$75.02,1440691875508,"28,639",50% bullish,of 2 ratings,$88
ERIC,$9.88,1440691875537,"419,407",67% bullish,of 9 ratings,$12.20
EQFN,NULL,1440691875583,0,100% bearish,of 1 rating,N/A
EAC,$3.2293,1440691875718,"3,747",100% bearish,of 1 rating,$8
ERIE,$82.19,1440691875747,"3,722",Not yet rated,NULL,$73
ESCA,$17.0675,1440691875780,"2,312",100% bearish,of 1 rating,$22
ESCRP,$1.4,1440691875912,"1,750",100% bearish,of 1 rating,N/A
ESMC,$1.3,1440691875983,"1,706",Not yet rated,NULL,N/A
ESCR,$0.165,1440691876040,"93,324",50% bullish,of 2 ratings,N/A
ESPR,$53.01,1440691876221,"224,273",70% bearish,of 10 ratings,$123
ESSA,$12.7501,1440691876246,646,100% bearish,of 1 rating,N/A
ESND,$34.205,1440691876458,"20,860",100% bearish,of 2 ratings,$40
ETSY,$13.91,1440691876492,"273,944",80% bullish,of 5 ratings,$16
EPIX,NULL,1440691876518,0,Not yet rated,NULL,N/A
EEFT,$64.43,1440691876594,"57,398",100% bearish,of 1 rating,$67.50
CLWT,$2.4415,1440691876614,100,100% bearish,of 1 rating,N/A
ESSX,$0.3615,1440691876649,"51,703",50% bullish,of 2 ratings,N/A
ESEA,$5.55,1440691876677,401,100% bullish,of 1 rating,$15
EVEP,$7.98,1440691876745,"137,184",50% bullish,of 2 ratings,$15
EVLV,$2.51,1440691876962,"79,867",60% bullish,of 5 ratings,$6
EVK,$3.75,1440691876995,300,75% bearish,of 4 ratings,N/A
EVOK,$3.994,1440691877095,"12,286",100% bearish,of 1 rating,$13.375
EVOL,$6.09,1440691877120,"2,510",75% bullish,of 4 ratings,$10
EXA,$11.18,1440691877149,"3,162",100% bearish,of 1 rating,$13
EXAC,$18.43,1440691877250,"62,608",100% bearish,of 1 rating,$22.50
EXEL,$5.8,1440691877383,"3,802,287",81% bullish,of 16 ratings,$6
EXLS,$36.25,1440691877513,"60,661",50% bullish,of 2 ratings,$41
EXPE,$116.65,1440691877541,"284,422",64% bullish,of 11 ratings,$130
ESRX,$84.88,1440691877568,"690,369",67% bearish,of 6 ratings,$101
EXFO,$2.965,1440691877590,"14,048",67% bearish,of 3 ratings,$3.95
EXAS,$22.34,1440691877629,"357,843",78% bullish,of 9 ratings,$31
EXPO,$42.68,1440691877651,"37,093",100% bearish,of 1 rating,$45.50
EXPD,$49.91,1440691877688,"393,502",80% bullish,of 5 ratings,$52
EXLP,$19.045,1440691877782,"45,381",100% bearish,of 1 rating,$25
EXTR,$2.84,1440691878094,"156,412",80% bullish,of 5 ratings,$3
EYEGW,$0.9024,1440691878154,172,Not yet rated,NULL,N/A
FB,$89.16,1440691878281,"12,362,534",73% bullish,of 1067 ratings,$111
EZCH,$22.45,1440691878307,"79,936",75% bullish,of 8 ratings,$19.50
EYEG,$3.6599,1440691878368,"4,505",Not yet rated,NULL,N/A
EZPW,$5.83,1440691878393,"48,905",50% bullish,of 4 ratings,$7.50
FCS,$13.63,1440691878439,"210,849",67% bearish,of 3 ratings,$17
FFIV,$123.53,1440691878467,"316,069",63% bullish,of 8 ratings,$132
FALC,$1.6801,1440691878567,"74,688",63% bearish,of 8 ratings,N/A
FWM,$2.45,1440691878666,"61,605",100% bearish,of 2 ratings,$3.20
FRP,$15.59,1440691878852,"48,287",100% bearish,of 1 rating,$18
DAVE,$14.64,1440691878906,"1,672",100% bearish,of 1 rating,$15.50
FARM,$21.505,1440691878935,"22,850",100% bearish,of 1 rating,$35
FFKT,$25.74,1440691878960,"4,936",Not yet rated,NULL,$29
FMNB,$8.09,1440691879038,"10,772",Not yet rated,NULL,N/A
FARO,$37.99,1440691879436,"16,774",50% bullish,of 2 ratings,$48
FAST,$38.84,1440691879709,"670,024",80% bullish,of 5 ratings,$45.50
FATE,$6.68,1440691879897,"6,604",50% bullish,of 2 ratings,$11
FBSS,NULL,1440691879963,0,Not yet rated,NULL,N/A
FBRC,$22.06,1440691879996,"36,568",100% bearish,of 1 rating,$29
FNHC,$21.81,1440691880166,"15,679",100% bearish,of 1 rating,$35
FENX,$9.59,1440691880195,"8,724",100% bullish,of 1 rating,$14.25
FHCO,$1.34,1440691880297,"3,108",50% bullish,of 4 ratings,N/A
FDML,$8.45,1440691880353,"105,362",50% bullish,of 4 ratings,$14
FGEN,$23.92,1440691880386,"68,900",100% bearish,of 1 rating,$39
FEIC,$75.53,1440691880416,"78,305",50% bullish,of 2 ratings,$95.50
ONEQ,$188.3706,1440691880443,"21,670",100% bullish,of 1 rating,N/A
FCSC,$5.585,1440691880464,"30,895",100% bearish,of 1 rating,$8.125
LION,$18.85,1440691880595,"27,086",100% bullish,of 1 rating,$20
FDUS,$14.083,1440691880619,"13,462",50% bullish,of 2 ratings,$18
FRGI,$52.68,1440691880887,"51,924",50% bullish,of 2 ratings,$70
FSAM,$8.38,1440691880946,"3,214",100% bearish,of 1 rating,$10.25
FITB,$19.865,1440691881072,"2,591,391",54% bullish,of 13 ratings,$22
FSCFL,$24.45,1440691881097,"3,856",Not yet rated,NULL,N/A
FSC,$6.38,1440691881121,"328,316",60% bullish,of 5 ratings,$8
FITBI,$27.508,1440691881168,"11,634",Not yet rated,NULL,N/A
FSFR,$8.82,1440691881194,"26,145",100% bearish,of 1 rating,$11.50
FISI,$24.7,1440691881328,"5,180",100% bullish,of 2 ratings,$24.50
FNSR,$15.7,1440691881368,"273,876",71% bullish,of 7 ratings,$24.50
FNGN,$32.55,1440691881429,"83,027",67% bullish,of 3 ratings,$47
FNTCW,NULL,1440691881500,0,Not yet rated,NULL,N/A
FNJN,$1.89,1440691881532,"41,689",100% bearish,of 1 rating,$5
FNTCU,NULL,1440691881564,0,Not yet rated,NULL,N/A
FNTC,$9.83,1440691881593,1,Not yet rated,NULL,N/A
FEYE,$39.89,1440691881625,"1,384,034",87% bullish,of 15 ratings,$55.50
FBNC,$16.91,1440691881779,"4,210",100% bullish,of 1 rating,$20
BUSE,$6.33,1440691882026,"15,738",Not yet rated,NULL,$6.875
FNLC,$18.89,1440691882075,"5,866",100% bullish,of 1 rating,N/A
FCVA,NULL,1440691882242,0,Not yet rated,NULL,N/A
FCAP,$27.4,1440691882268,88,Not yet rated,NULL,N/A
FBIZ,$44.07,1440691882299,"5,950",100% bearish,of 2 ratings,$52
FRBA,$6.094,1440691882399,"1,000",Not yet rated,NULL,$8
FCFS,$39.48,1440691882427,"35,467",100% bearish,of 3 ratings,$48
FCLF,NULL,1440691882457,0,Not yet rated,NULL,N/A
FCBC,$17.61,1440691882533,"6,685",Not yet rated,NULL,$18
FCNCA,$237.24,1440691882560,"1,659",Not yet rated,NULL,N/A
FBNK,$16.91,1440691882737,"9,257",100% bearish,of 1 rating,$17.50
FCFP,$6.823,1440691882766,250,Not yet rated,NULL,N/A
FDEF,$38.215,1440691882901,"12,212",Not yet rated,NULL,$38
FFNM,$6.27,1440691882927,"1,150",Not yet rated,NULL,N/A
FCCO,$12.05,1440691882950,"3,350",Not yet rated,NULL,$13.25
FFBC,$18.37,1440691883157,"42,775",67% bearish,of 3 ratings,$20.25
FFBCW,NULL,1440691883181,0,100% bearish,of 1 rating,N/A
THFF,$33,1440691883211,"6,512",Not yet rated,NULL,$35
FFWM,$21,1440691883312,"22,904",Not yet rated,NULL,$24
INBK,$30.04,1440691883374,"3,024",50% bullish,of 2 ratings,$37
FFIN,$30.93,1440691883400,"40,909",50% bullish,of 2 ratings,$31.75
FIBK,$26.58,1440691883439,"38,429",Not yet rated,NULL,$32
FFNW,$11.99,1440691883475,"6,693",Not yet rated,NULL,$14
FMBH,NULL,1440691883610,0,Not yet rated,NULL,N/A
FRME,$25.73,1440691883637,"31,622",Not yet rated,NULL,$26.50
FMBI,$17.5,1440691883660,"80,755",Not yet rated,NULL,$20
FNFG,$9.065,1440691883826,"706,847",80% bullish,of 5 ratings,$9
FNBC,$34.32,1440691883893,"32,548",Not yet rated,NULL,$40
FSGI,$2.445,1440691884031,"1,175",Not yet rated,NULL,N/A
FNWB,NULL,1440691884056,0,Not yet rated,NULL,N/A
FSFG,NULL,1440691884095,0,Not yet rated,NULL,N/A
FSLR,$47.6766,1440691884187,"539,883",72% bullish,of 39 ratings,$65
BICK,$19.825,1440691884265,"5,640",100% bullish,of 1 rating,N/A
FSBK,$7.63,1440691884327,100,100% bullish,of 1 rating,N/A
FCA,$19.88,1440691884428,"1,127",Not yet rated,NULL,N/A
FBZ,NULL,1440691884464,0,Not yet rated,NULL,N/A
FV,$23.578,1440691884562,"1,555,139",100% bearish,of 1 rating,N/A
FCAN,$24.3105,1440691884586,"2,946",Not yet rated,NULL,N/A
FTCS,$36.6315,1440691884632,"13,721",100% bearish,of 1 rating,N/A
FEMB,NULL,1440691884765,0,Not yet rated,NULL,N/A
IFV,$17.8801,1440691884799,"205,081",100% bearish,of 1 rating,N/A
FTSM,$59.85,1440691884869,"6,482",100% bearish,of 1 rating,N/A
FEUZ,NULL,1440691885027,0,Not yet rated,NULL,N/A
MDIV,$19.1997,1440691885073,"60,961",Not yet rated,NULL,N/A
TDIV,$24.6501,1440691885159,"41,435",100% bearish,of 1 rating,N/A
FGM,$35.8296,1440691885192,"4,038",Not yet rated,NULL,N/A
FTHI,$19.375,1440691885217,"2,500",Not yet rated,NULL,N/A
FTGC,$22.129,1440691885290,"15,166",Not yet rated,NULL,N/A
FHK,$33.75,1440691885319,"19,768",Not yet rated,NULL,N/A
HYLS,$49.66,1440691885417,"8,365",100% bearish,of 1 rating,N/A
YDIV,$16.3783,1440691885447,"3,736",Not yet rated,NULL,N/A
FPXI,$27.41,1440691885552,400,Not yet rated,NULL,N/A
CU,$12.86,1440691885619,"2,505",100% bearish,of 1 rating,N/A
SKYY,$28.9899,1440691885644,"18,451",100% bullish,of 1 rating,N/A
PLTM,$6.23,1440691885721,"12,091",100% bearish,of 1 rating,N/A
FTLB,$19.35,1440691885897,"1,447",100% bearish,of 1 rating,N/A
LMBS,$50.14,1440691885932,300,Not yet rated,NULL,N/A
FMB,$51.1425,1440691885986,165,Not yet rated,NULL,N/A
FJP,$47.818,1440691886032,"1,529",Not yet rated,NULL,N/A
QCLN,$14.9571,1440691886179,"12,693",Not yet rated,NULL,N/A
CIBR,$18.095,1440691886205,"58,788",Not yet rated,NULL,N/A
FONE,$35.2299,1440691886234,485,Not yet rated,NULL,N/A
QABA,$37.36,1440691886255,"6,254",100% bearish,of 1 rating,N/A
GRID,NULL,1440691886387,0,100% bearish,of 1 rating,N/A
CARZ,$34.81,1440691886416,"3,652",100% bearish,of 1 rating,N/A
QQEW,$41.9099,1440691886516,"35,694",Not yet rated,NULL,N/A
RDVY,$21.1206,1440691886542,"4,975",Not yet rated,NULL,N/A
QQXT,$40.5699,1440691886731,"23,156",Not yet rated,NULL,N/A
QTEC,$40.1584,1440691886872,"40,985",Not yet rated,NULL,N/A
AIRR,$16.13,1440691886899,"11,524",100% bearish,of 1 rating,N/A
FKO,$23.07,1440691886930,47,Not yet rated,NULL,N/A
QINC,NULL,1440691886955,0,Not yet rated,NULL,N/A
FTSL,$48.7,1440691886980,"20,909",100% bearish,of 1 rating,N/A
FDIV,$46.35,1440691887031,882,100% bearish,of 1 rating,N/A
FSZ,$39.15,1440691887114,"5,121",Not yet rated,NULL,N/A
FTW,NULL,1440691887297,0,Not yet rated,NULL,N/A
TUSA,$24.8599,1440691887339,389,Not yet rated,NULL,N/A
FKU,$41.64,1440691887363,"5,092",Not yet rated,NULL,N/A
SVVC,$9.385,1440691887558,"10,904",50% bullish,of 2 ratings,$26
FMER,$17.87,1440691887585,"371,326",50% bullish,of 2 ratings,$20
FUNC,$8.2,1440691887610,300,Not yet rated,NULL,N/A
FSV,$31.44,1440691887638,"1,533",Not yet rated,NULL,$33.60
FPRX,$19.12,1440691887847,"67,398",50% bullish,of 2 ratings,$35
FIVN,$4.07,1440691887891,"45,524",100% bullish,of 1 rating,$8.50
FISV,$85.99,1440691887985,"298,146",100% bearish,of 3 ratings,$90
FLML,$21.79,1440691888007,"60,618",50% bullish,of 2 ratings,$30
FIVE,$37.19,1440691888033,"195,521",75% bearish,of 4 ratings,$44
FLXN,$25.0199,1440691888062,"39,699",100% bearish,of 1 rating,$40
FLKS,$12.51,1440691888090,"6,012",50% bullish,of 2 ratings,$27
MBSD,NULL,1440691888267,0,Not yet rated,NULL,N/A
SKOR,NULL,1440691888340,0,Not yet rated,NULL,N/A
FLEX,$10.675,1440691888422,"587,646",63% bullish,of 8 ratings,$12
FLXS,$31.428,1440691888448,"8,390",100% bearish,of 2 ratings,N/A
FLIR,$28.87,1440691888472,"355,121",100% bearish,of 1 rating,$38.50
FFIC,$19.94,1440691888689,"15,768",Not yet rated,NULL,$21
FOGO,$18.1354,1440691888723,"35,961",50% bullish,of 2 ratings,$25.50
FOMX,$10.025,1440691888748,"35,357",50% bullish,of 2 ratings,$23.50
FLDM,$11.275,1440691888820,"219,508",67% bearish,of 3 ratings,$15
FONR,$9.7301,1440691888857,"5,596",100% bullish,of 1 rating,N/A
FORTY,NULL,1440691888886,0,100% bearish,of 1 rating,N/A
FES,$0.95,1440691888951,"27,876",50% bullish,of 2 ratings,$1
FORM,$6.27,1440691888983,"42,152",67% bullish,of 3 ratings,$10.50
FORR,$32.13,1440691889083,"10,508",Not yet rated,NULL,N/A
FTNT,$43.31,1440691889161,"256,259",80% bullish,of 10 ratings,$52
FWRD,$45.63,1440691889369,"138,743",100% bearish,of 1 rating,$50
FBIO,$2.63,1440691889401,"25,385",83% bullish,of 6 ratings,N/A
FORD,$2.1604,1440691889422,"6,622,211",67% bullish,of 3 ratings,N/A
FOSL,$60.45,1440691889503,"209,865",60% bearish,of 5 ratings,$80
FMI,$22.3286,1440691889550,"63,044",100% bearish,of 2 ratings,$27.50
FXCB,$17.085,1440691889635,"26,618",Not yet rated,NULL,$19
FWP,$25.72,1440691889665,"15,213",100% bearish,of 1 rating,$45
FRAN,$10.94,1440691889767,"111,099",50% bullish,of 4 ratings,$15
FOXF,$15.41,1440691889799,"7,386",100% bearish,of 1 rating,$19
FELE,$28.48,1440691889820,"47,927",50% bullish,of 4 ratings,$33
FRED,$12.25,1440691889852,"172,666",50% bullish,of 2 ratings,$16.50
FREE,$0.38,1440691889951,"267,401",92% bullish,of 12 ratings,N/A
RAIL,$19.74,1440691890090,"28,368",100% bearish,of 1 rating,$24.50
FEIM,$10.87,1440691890138,108,100% bearish,of 1 rating,N/A
FTR,$4.92,1440691890296,"7,216,274",78% bullish,of 27 ratings,$6.25
FTRPR,$98.5999,1440691890322,"1,720",100% bearish,of 1 rating,N/A
FRPT,$13.095,1440691890343,"169,843",67% bearish,of 3 ratings,$23.50
FRPH,$31.39,1440691890402,"1,469",100% bearish,of 1 rating,N/A
FSBW,$23.15,1440691890597,477,Not yet rated,NULL,N/A
FTEK,$2.055,1440691890625,"7,398",75% bullish,of 4 ratings,N/A
FSYS,$6.41,1440691890657,"6,914",67% bullish,of 3 ratings,$10
FTD,$29.565,1440691890687,"13,197",100% bearish,of 1 rating,$40
FULL,$3.06,1440691890755,"17,144",67% bearish,of 3 ratings,$4.25
FCEL,$0.7215,1440691890785,"574,468",88% bullish,of 41 ratings,$2.65
FULLL,NULL,1440691890929,0,Not yet rated,NULL,N/A
FLL,$1.48,1440691890976,145,75% bullish,of 4 ratings,$3.50
FULT,$12.11,1440691891118,"174,540",100% bearish,of 1 rating,$13
FXEN,$0.8302,1440691891185,"6,470",75% bullish,of 4 ratings,$1.10
FSNN,NULL,1440691891286,0,67% bullish,of 3 ratings,$6
FXENP,NULL,1440691891317,0,100% bearish,of 1 rating,N/A
FFHL,NULL,1440691891349,0,50% bullish,of 4 ratings,N/A
GK,$68.11,1440691891376,"11,349",Not yet rated,NULL,$78
WILC,$4.85,1440691891447,970,100% bullish,of 2 ratings,N/A
GAIA,$5.8599,1440691891579,"13,461",50% bullish,of 2 ratings,$8.50
GALT,$1.88,1440691891608,"25,387",80% bullish,of 5 ratings,N/A
GLPG,$61.1,1440691891635,"12,981",100% bullish,of 1 rating,$75
GALTW,NULL,1440691891783,0,100% bullish,of 1 rating,N/A
GALTU,NULL,1440691891807,0,100% bearish,of 1 rating,N/A
GLMD,$8.99,1440691891951,"7,916",67% bullish,of 3 ratings,$20.50
GALE,$1.5,1440691891983,"385,070",89% bullish,of 47 ratings,$4
GLPI,$31.59,1440691892178,"147,423",100% bearish,of 1 rating,$37.50
GRMN,$38.1099,1440691892209,"252,986",50% bullish,of 6 ratings,$46.50
GGACR,$0.2305,1440691892234,"301,354",100% bullish,of 1 rating,N/A
GPIC,NULL,1440691892264,0,100% bearish,of 1 rating,N/A
GGACW,$0.14,1440691892311,"266,242",Not yet rated,NULL,N/A
GGAC,$9.87,1440691892371,"4,232",100% bearish,of 1 rating,N/A
GARS,$14.24,1440691892398,"18,163",Not yet rated,NULL,$16
GGACU,$10.3,1440691892451,"12,700",Not yet rated,NULL,N/A
GFN,$3.6,1440691892729,"3,188",100% bearish,of 2 ratings,$8
GFNCP,$93.998,1440691892803,100,Not yet rated,NULL,N/A
GNCMA,$17.07,1440691892832,"127,739",100% bearish,of 1 rating,$12
GENC,$9.26,1440691892878,600,100% bearish,of 1 rating,N/A
GFNSL,$25.66,1440691892934,100,Not yet rated,NULL,N/A
GENE,$2.17,1440691892979,"128,690",100% bullish,of 12 ratings,N/A
GNMK,$9.5,1440691893073,"25,475",67% bullish,of 6 ratings,$14
GNCA,$12.595,1440691893203,"34,500",100% bearish,of 1 rating,$20
GNVC,$2.453,1440691893239,925,90% bullish,of 10 ratings,$8.50
GNTX,$15.267,1440691893264,"639,374",Not yet rated,NULL,$20
THRM,$44.62,1440691893336,"69,554",75% bearish,of 4 ratings,$55.50
GTWN,NULL,1440691893365,0,Not yet rated,NULL,N/A
GHDX,$26.32,1440691893391,"36,689",50% bullish,of 2 ratings,$30
GEOS,$14.92,1440691893526,"42,699",100% bearish,of 3 ratings,$21
GABC,$29.2,1440691893605,"7,678",Not yet rated,NULL,$31
GERN,$3.09,1440691893630,"499,652",88% bullish,of 16 ratings,$5.25
GEVO,$2.3501,1440691893858,"234,112",75% bullish,of 12 ratings,$5
GIGM,$0.565,1440691893887,"5,200",100% bullish,of 2 ratings,N/A
GIII,$68.01,1440691893913,"75,218",67% bullish,of 3 ratings,$75
ROCK,$16.42,1440691893939,"23,579",80% bullish,of 5 ratings,$24
GIGA,$1.44,1440691893960,"13,310",100% bearish,of 1 rating,N/A
GILD,$109.068,1440691894095,"3,033,021",91% bullish,of 87 ratings,$129
GILT,$4.3452,1440691894124,"8,527",50% bullish,of 2 ratings,N/A
GLADO,$25.509,1440691894155,"1,100",Not yet rated,NULL,N/A
GBCI,$25.73,1440691894252,"88,499",50% bullish,of 2 ratings,$31
GOOD,$14.67,1440691894362,"29,771",Not yet rated,NULL,$19
GLAD,$8.627,1440691894387,"156,748",50% bullish,of 2 ratings,$8.75
GOODN,NULL,1440691894411,0,Not yet rated,NULL,N/A
GOODO,$25.0641,1440691894612,799,Not yet rated,NULL,N/A
GAIN,$7.36,1440691894700,"64,000",100% bullish,of 2 ratings,$8.25
GAINN,$25.05,1440691894746,"1,685",Not yet rated,NULL,N/A
GOODP,NULL,1440691894772,0,Not yet rated,NULL,N/A
GAINP,$25.9874,1440691894901,829,Not yet rated,NULL,N/A
LAND,$9.437,1440691894930,"12,558",50% bullish,of 2 ratings,$13.75
GLBZ,NULL,1440691894983,0,Not yet rated,NULL,N/A
GAINO,$25.2564,1440691895034,500,Not yet rated,NULL,N/A
GBT,$42.06,1440691895128,"23,830",100% bearish,of 1 rating,N/A
GDEF,NULL,1440691895176,0,Not yet rated,NULL,N/A
GBLI,$26.95,1440691895318,"3,842",Not yet rated,NULL,N/A
GPACU,NULL,1440691895372,0,Not yet rated,NULL,N/A
GSOL,$8.03,1440691895503,"6,820",100% bearish,of 1 rating,N/A
ACTX,$13.2088,1440691895553,"4,151",100% bullish,of 1 rating,N/A
ENT,$11.5,1440691895584,"58,931",100% bearish,of 1 rating,$18
QQQC,$19.5,1440691895692,"4,507",100% bearish,of 1 rating,N/A
ALTY,$14.35,1440691895790,558,Not yet rated,NULL,N/A
SOCL,$17.555,1440691895819,"7,375",100% bullish,of 2 ratings,N/A
SRET,$13.2725,1440691895845,"2,201",Not yet rated,NULL,N/A
GSM,$13.4,1440691895877,"117,318",50% bullish,of 2 ratings,$23
YLCO,NULL,1440691895981,0,Not yet rated,NULL,N/A
GAI,$5.93,1440691896025,10,50% bullish,of 2 ratings,N/A
GBIM,$2.1788,1440691896114,"18,421",50% bullish,of 2 ratings,N/A
GLBS,$0.98,1440691896150,"13,000",67% bullish,of 3 ratings,N/A
GLUU,$4.3595,1440691896180,"1,117,886",92% bullish,of 26 ratings,$9
GLRI,$0.9951,1440691896280,"7,099",100% bearish,of 1 rating,$4.25
GLYC,$6.905,1440691896523,"2,820",50% bullish,of 2 ratings,$14
GLNG,$36.87,1440691896678,"225,973",83% bullish,of 6 ratings,$58
GOGO,$15.6,1440691896753,"253,316",80% bullish,of 5 ratings,$25
GLDC,$4.15,1440691896781,5,50% bullish,of 2 ratings,N/A
GBDC,$16.79,1440691896802,"42,022",Not yet rated,NULL,$17.75
GOGL,$2.84,1440691896832,"164,480",75% bullish,of 4 ratings,$5
GDEN,$9.0499,1440691896853,"1,500",50% bullish,of 2 ratings,N/A
GMLP,$17.71,1440691896887,"115,621",50% bullish,of 4 ratings,$32.50
GTIM,$6.606,1440691896982,"10,108",Not yet rated,NULL,$11.50
GOOG,$634.9399,1440691897085,"637,836",89% bullish,of 70 ratings,$825
GOOGL,$665.4681,1440691897141,"651,895",88% bullish,of 1080 ratings,$749
GPRO,$48.9731,1440691897216,"3,222,955",78% bullish,of 58 ratings,$72
GPIA,NULL,1440691897290,0,Not yet rated,NULL,N/A
GMAN,$3.85,1440691897318,"37,857",60% bullish,of 5 ratings,$8.50
GPIAU,NULL,1440691897372,0,Not yet rated,NULL,N/A
GPIAW,$0.975,1440691897481,"4,500",Not yet rated,NULL,N/A
LOPE,$37.64,1440691897702,"57,328",100% bearish,of 2 ratings,$50
GBSN,$0.3998,1440691897746,"6,846,134",50% bullish,of 2 ratings,$8.25
GNBC,$11.62,1440691897801,"4,188",100% bearish,of 1 rating,$16.50
GRVY,$3.1,1440691897845,"3,675",50% bullish,of 2 ratings,N/A
GRBK,$12.15,1440691897872,"69,643",77% bullish,of 13 ratings,N/A
GLDD,$5.33,1440691897904,"60,653",100% bearish,of 4 ratings,$7.75
GSBC,$40.08,1440691897925,"11,995",100% bullish,of 1 rating,$44
GBSNU,NULL,1440691897954,0,NULL,NULL,NULL
GPP,$13.4,1440691898085,"27,045",Not yet rated,NULL,$20.50
GLRE,$24.76,1440691898287,"69,036",50% bullish,of 2 ratings,$41
GPRE,$19.455,1440691898313,"172,038",67% bullish,of 6 ratings,$28.50
GCBC,NULL,1440691898370,0,100% bullish,of 1 rating,N/A
GRIF,$29.94,1440691898467,588,100% bearish,of 1 rating,N/A
GRFS,$30.58,1440691898497,"170,256",50% bullish,of 2 ratings,$35
GGAL,$19.4,1440691898595,"71,491",80% bullish,of 5 ratings,$40
GRPN,$4.2467,1440691898625,"2,655,832",61% bullish,of 71 ratings,$6.75
OMAB,$40.11,1440691898650,"16,948",100% bullish,of 1 rating,$44
GSIG,$12.98,1440691898730,"13,032",100% bearish,of 2 ratings,N/A
GSVC,$8.8766,1440691898809,"34,982",50% bullish,of 2 ratings,$14.50
GSIT,$4.6701,1440691898874,"3,400",100% bearish,of 1 rating,N/A
GTXI,$0.8,1440691898945,"9,812",100% bullish,of 5 ratings,$.75
GBNK,$15.5,1440691899090,"5,905",100% bearish,of 1 rating,$18
GFED,NULL,1440691899129,0,Not yet rated,NULL,$17
GUID,$7.07,1440691899173,"58,328",100% bearish,of 3 ratings,$10
GIFI,$11.64,1440691899356,"9,500",100% bearish,of 1 rating,$16
GPOR,$35.66,1440691899401,"546,602",75% bullish,of 4 ratings,$55
GULTU,$0.295,1440691899533,"164,834",100% bearish,of 1 rating,N/A
GWPH,$108.1101,1440691899560,"67,166",78% bullish,of 9 ratings,$148.50
HEES,$18.97,1440691899585,"275,968",67% bearish,of 3 ratings,$31
GYRO,NULL,1440691899614,0,100% bearish,of 1 rating,N/A
GWGH,NULL,1440691899635,0,100% bearish,of 1 rating,$15.05
GURE,$1.63,1440691899670,"8,185",88% bullish,of 8 ratings,N/A
HLG,$8.0501,1440691899773,200,100% bearish,of 1 rating,N/A
HNRG,$7.67,1440691899801,"64,523",100% bearish,of 1 rating,$10
HALL,$11.05,1440691899960,"3,745",Not yet rated,NULL,N/A
HALO,$17.89,1440691900064,"308,453",67% bullish,of 3 ratings,$22.50
HBK,$13.8,1440691900089,200,50% bullish,of 2 ratings,N/A
HMPR,$1.83,1440691900268,"9,970",100% bullish,of 1 rating,N/A
HBHC,$27.47,1440691900293,"116,505",50% bullish,of 2 ratings,$30
HBHCL,$24.34,1440691900317,"5,588",Not yet rated,NULL,N/A
HNH,$26.09,1440691900348,"6,707",100% bullish,of 1 rating,N/A
HAFC,$24.1,1440691900458,"45,161",100% bullish,of 2 ratings,$28.50
HQCL,$12.48,1440691900532,"25,115",67% bullish,of 3 ratings,$14
HNSN,$0.511,1440691900590,"25,002",88% bullish,of 8 ratings,$.40
HRMNU,NULL,1440691900663,0,Not yet rated,NULL,N/A
HDNG,$9.7,1440691900688,"7,567",50% bullish,of 4 ratings,N/A
HLIT,$5.755,1440691900715,"65,392",100% bearish,of 1 rating,$6.50
HRMN,NULL,1440691900745,0,Not yet rated,NULL,N/A
HRMNW,NULL,1440691900939,0,Not yet rated,NULL,N/A
HART,$0.92,1440691901160,"19,875",100% bearish,of 1 rating,N/A
TINY,$2.4892,1440691901185,"16,593",50% bullish,of 2 ratings,$5.26
HBIO,$4.4,1440691901252,"16,074",Not yet rated,NULL,$10
HCOM,$22,1440691901331,"4,352",100% bearish,of 1 rating,$28
HCAP,$12.0594,1440691901361,"10,787",50% bullish,of 2 ratings,$15
HA,$22.43,1440691901466,"286,492",67% bullish,of 9 ratings,$27
HAS,$74.52,1440691901592,"244,357",63% bullish,of 8 ratings,$84.50
HWBK,$13.5,1440691901625,400,100% bearish,of 1 rating,N/A
HWKN,$36.62,1440691901677,"5,503",Not yet rated,NULL,N/A
HCAPL,NULL,1440691901709,0,Not yet rated,NULL,N/A
HDS,$33.08,1440691901738,"634,961",100% bearish,of 2 ratings,$39.50
HAYN,$37.9595,1440691901759,"13,336",100% bearish,of 1 rating,$59
HIIQ,$4.38,1440691901810,"11,720",50% bullish,of 2 ratings,$7
HQY,$29.43,1440691901906,"61,162",67% bullish,of 3 ratings,$31
HCSG,$33.47,1440691902127,"58,249",50% bullish,of 4 ratings,$35
HTWR,$84.9,1440691902285,"57,440",50% bullish,of 2 ratings,$103
HSTM,$24.91,1440691902311,"20,933",50% bullish,of 2 ratings,$33.75
HWAY,$12.07,1440691902362,"50,767",100% bearish,of 1 rating,$15
HTLD,$20.43,1440691902389,"85,192",Not yet rated,NULL,$22.50
HTBX,$5.1601,1440691902443,"4,875",50% bullish,of 2 ratings,$15.50
HMNY,NULL,1440691902522,0,100% bearish,of 1 rating,N/A
HTLF,$36.3999,1440691902575,"11,107",100% bullish,of 1 rating,$39.50
HSII,$19.68,1440691902602,"17,714",100% bullish,of 3 ratings,$25
HMTV,$13.54,1440691902683,"13,014",100% bearish,of 1 rating,$16
HSIC,$138.8,1440691902763,"105,860",83% bullish,of 6 ratings,$146
HELE,$85.68,1440691902854,"45,048",67% bearish,of 3 ratings,$100
HCACU,NULL,1440691902882,0,Not yet rated,NULL,N/A
HNNA,$24.64,1440691902922,"1,831",Not yet rated,NULL,N/A
HERO,NULL,1440691902947,0,NULL,NULL,NULL
HTBK,$10.68,1440691903148,"16,181",Not yet rated,NULL,$12
HEOP,$7.7,1440691903317,"4,918",Not yet rated,NULL,$8.50
MLHR,$27.08,1440691903414,"105,376",50% bullish,of 2 ratings,$33.50
HSKA,$33.44,1440691903455,"15,822",100% bearish,of 1 rating,$38
HRTX,$35.16,1440691903484,"111,039",67% bullish,of 6 ratings,$41
HPJ,$2.25,1440691903549,"32,484",75% bullish,of 4 ratings,$12.43
HFWA,$17.67,1440691903585,"12,165",100% bullish,of 1 rating,$20
HFFC,$16,1440691903649,"3,038",Not yet rated,NULL,N/A
HCCI,$11.1,1440691903714,"12,624",100% bearish,of 1 rating,$16.50
HIBB,$38.46,1440691903739,"54,310",100% bearish,of 1 rating,$46.50
HIHO,$3.8016,1440691903818,"2,225",Not yet rated,NULL,N/A
HIMX,$6.705,1440691903884,"309,948",86% bullish,of 21 ratings,$8.50
HIFS,$117.89,1440691903962,"1,386",Not yet rated,NULL,N/A
HSGX,$5.91,1440691904031,700,100% bearish,of 1 rating,$17
HMSY,$9.83,1440691904252,"309,164",67% bullish,of 3 ratings,$19.35
HOLI,$17.59,1440691904287,"88,772",50% bullish,of 4 ratings,$27
HOMB,$38.05,1440691904383,"54,345",Not yet rated,NULL,$42
HMNF,$10.994,1440691904414,450,Not yet rated,NULL,N/A
HOLX,$39.41,1440691904444,"363,988",67% bullish,of 3 ratings,$42
HBCP,$24.9799,1440691904470,200,Not yet rated,NULL,$29
HMIN,$27.33,1440691904515,"142,378",100% bearish,of 2 ratings,$35
HFBL,$21.54,1440691904541,200,Not yet rated,NULL,N/A
HKTV,$4.48,1440691904791,"27,050",100% bearish,of 1 rating,N/A
AWAY,$28.42,1440691904817,"271,092",67% bullish,of 3 ratings,$36
HTBI,$18.21,1440691905067,"12,115",67% bullish,of 3 ratings,$18.625
HOFT,$23.42,1440691905094,"23,337",100% bearish,of 1 rating,N/A
HMST,$21.9,1440691905116,"75,909",100% bullish,of 2 ratings,$27
CETC,$0.7301,1440691905174,"48,886",86% bullish,of 7 ratings,N/A
HZNP,$29.92,1440691905246,"687,296",85% bullish,of 20 ratings,$40
HBNC,$23.38,1440691905272,"2,735",100% bullish,of 1 rating,$27
HRZN,$10.21,1440691905334,"15,669",50% bullish,of 2 ratings,$14.25
HFBC,$11.213,1440691905360,"2,020",Not yet rated,NULL,N/A
HDP,$24.45,1440691905439,"129,337",67% bearish,of 3 ratings,$30.50
ZINC,$7.545,1440691905574,"220,780",100% bearish,of 1 rating,$17
HMHC,$22.96,1440691905602,"167,140",Not yet rated,NULL,$27
HOVNP,$4.5,1440691905639,"2,013",100% bearish,of 1 rating,N/A
HWCC,$7.33,1440691905673,"21,862",100% bearish,of 1 rating,$9
HBMD,$14,1440691905807,350,100% bearish,of 1 rating,N/A
HSNI,$62.735,1440691905886,"52,394",Not yet rated,NULL,$80
HTGM,$5.79,1440691905990,12,100% bearish,of 1 rating,$19.50
HCBK,$9.42,1440691906020,"533,573",83% bullish,of 6 ratings,$8.61
HDSN,$3.05,1440691906075,"2,603",100% bullish,of 1 rating,$6.25
HUBG,$38.03,1440691906121,"60,499",100% bearish,of 1 rating,$43
HSON,$2.6,1440691906267,"2,871",100% bearish,of 1 rating,$5
HBAN,$10.8035,1440691906294,"2,470,507",76% bullish,of 17 ratings,$12.29
HBANP,$1350,1440691906429,40,100% bearish,of 1 rating,N/A
HURN,$74.07,1440691906609,"59,627",50% bullish,of 2 ratings,$80
HBP,$3.12,1440691906640,492,100% bullish,of 1 rating,N/A
HURC,$30.09,1440691906661,"5,680",100% bearish,of 1 rating,N/A
HTCH,$1.45,1440691906690,"43,026",100% bearish,of 1 rating,$3.50
HDRA,$9.69,1440691906710,"7,600",Not yet rated,NULL,N/A
HDRAR,NULL,1440691906872,0,Not yet rated,NULL,N/A
HDRAU,NULL,1440691907004,0,Not yet rated,NULL,N/A
HYGS,$8.49,1440691907032,"14,622",50% bullish,of 2 ratings,$13
IDSY,$3.83,1440691907053,"2,050",100% bearish,of 1 rating,$7
HDRAW,NULL,1440691907073,0,Not yet rated,NULL,N/A
IACI,$71.25,1440691907113,"167,906",75% bullish,of 4 ratings,$90
IKGH,$1.8,1440691907206,"117,399",75% bullish,of 4 ratings,N/A
IBKC,$60.29,1440691907242,"59,312",100% bullish,of 1 rating,$70
ICFI,$34.435,1440691907408,"15,104",50% bullish,of 2 ratings,$48.50
ICLR,$79.65,1440691907467,"174,112",100% bearish,of 3 ratings,$85
IEP,$72.1998,1440691907505,"42,987",75% bullish,of 4 ratings,$99
ICAD,$3.75,1440691907530,"58,517",50% bullish,of 2 ratings,$7.25
ICON,$13.4,1440691907607,"219,611",50% bullish,of 2 ratings,$18.50
IPWR,$7.3,1440691907791,"1,710",100% bullish,of 1 rating,$15
ICUI,$114.77,1440691907824,"25,043",Not yet rated,NULL,$122
IDRA,$2.889,1440691907861,"587,564",89% bullish,of 9 ratings,$6.50
IDXX,$72.96,1440691907924,"85,657",100% bearish,of 1 rating,$77
INVE,$4.1201,1440691907950,"23,019",75% bullish,of 4 ratings,$4
IRG,$4.575,1440691907981,"5,459",100% bearish,of 1 rating,$4.25
DSKY,$11.275,1440691908012,"92,007",67% bullish,of 6 ratings,$11.50
IROQ,$17,1440691908111,204,100% bullish,of 1 rating,N/A
RXDX,$13.47,1440691908271,"73,696",100% bullish,of 1 rating,$20
IIVI,$17,1440691908414,"35,912",100% bearish,of 1 rating,$22
KANG,$15.48,1440691908481,"75,087",50% bullish,of 2 ratings,$22.55
IKAN,$2.73,1440691908546,"8,831",83% bullish,of 6 ratings,$5
IKNX,NULL,1440691908575,0,100% bearish,of 1 rating,N/A
ICCC,$7.525,1440691908628,"6,788",100% bullish,of 1 rating,N/A
ISNS,$3.93,1440691908658,309,50% bullish,of 2 ratings,N/A
ILMN,$200.67,1440691908684,"418,542",80% bullish,of 5 ratings,$245
IMMR,$11.8575,1440691908758,"37,557",80% bullish,of 5 ratings,$15.50
IMDZ,$16.71,1440691908892,"40,663",100% bearish,of 1 rating,$33
IMGN,$14.25,1440691908967,"207,582",75% bullish,of 4 ratings,$17.50
IMMU,$1.99,1440691909026,"234,883",86% bullish,of 7 ratings,$2
IMNP,$1.3,1440691909056,"64,051",50% bullish,of 2 ratings,$6
IPXL,$44.639,1440691909094,"105,363",67% bullish,of 3 ratings,$46.50
IMMY,$7.504,1440691909158,"6,595",100% bearish,of 1 rating,$11
INCR,$42.09,1440691909384,"99,860",50% bullish,of 2 ratings,$53
INDB,$44.68,1440691909458,"8,211",Not yet rated,NULL,$44
SAAS,$7.52,1440691909486,"85,058",50% bullish,of 2 ratings,$15
INCY,$112.8501,1440691909517,"366,062",50% bullish,of 6 ratings,$125.50
IBTX,$40.31,1440691909617,"6,460",100% bullish,of 2 ratings,$47.25
IBCP,$14.21,1440691909646,"25,728",100% bullish,of 1 rating,$14.50
IDSA,$3.45,1440691909672,"1,548",Not yet rated,NULL,N/A
IPCC,$77.43,1440691909846,"5,120",Not yet rated,NULL,$77.50
INFI,$9.06,1440691909984,"95,505",50% bullish,of 4 ratings,$18
III,$3.971,1440691910083,"18,456",57% bullish,of 7 ratings,$6
INFN,$22.27,1440691910117,"688,413",71% bullish,of 7 ratings,$28
INWK,$7.02,1440691910143,"24,894",50% bullish,of 2 ratings,$10
IFON,$1.23,1440691910170,"55,579",75% bullish,of 4 ratings,N/A
INNL,$11.67,1440691910208,3,100% bearish,of 1 rating,$16.50
IMKTA,$51.1,1440691910234,"15,567",100% bearish,of 1 rating,N/A
INOD,$2.35,1440691910308,"18,235",100% bearish,of 1 rating,N/A
IPHS,$47.97,1440691910516,"22,220",100% bearish,of 1 rating,$60
ISSC,$2.806,1440691910554,452,67% bearish,of 3 ratings,N/A
INGN,$46.99,1440691910591,"38,968",100% bearish,of 1 rating,$50.50
INOV,$21.205,1440691910683,"402,114",100% bearish,of 1 rating,$33
IOSP,$48.15,1440691910708,"101,469",100% bearish,of 1 rating,N/A
ITEK,$12.15,1440691910853,"268,308",100% bearish,of 3 ratings,$20
INO,$6.97,1440691910959,"373,823",89% bullish,of 18 ratings,$20
NSIT,$25.33,1440691911094,"39,416",50% bullish,of 2 ratings,N/A
IIIN,$16.83,1440691911123,"10,539",100% bearish,of 2 ratings,N/A
INSM,$24.83,1440691911149,"71,368",71% bullish,of 7 ratings,$31.50
PODD,$29.58,1440691911182,"57,297",67% bearish,of 3 ratings,$35
ISIG,$2.58,1440691911203,"4,640",100% bearish,of 1 rating,N/A
NTEC,$5.6299,1440691911285,"1,701",100% bearish,of 1 rating,N/A
INSY,$33.135,1440691911343,"160,301",75% bullish,of 4 ratings,$48
IART,$60.71,1440691911502,"49,665",100% bearish,of 1 rating,$71.50
IDTI,$19.17,1440691911531,"1,276,301",60% bullish,of 5 ratings,$25
IESC,$6.9134,1440691911639,"11,081",100% bearish,of 1 rating,N/A
INTC,$27.6,1440691911711,"8,612,583",82% bullish,of 238 ratings,$36
ISSI,$21.84,1440691911736,"39,417",67% bullish,of 3 ratings,$19.75
IPAR,$25.84,1440691911914,"21,392",67% bullish,of 3 ratings,$38
IQNT,$18.84,1440691911942,"78,833",86% bullish,of 7 ratings,$20
ININ,$35.56,1440691911977,"29,507",67% bearish,of 3 ratings,$57
IBKR,$39.51,1440691912020,"248,465",100% bullish,of 1 rating,N/A
ICPT,$187.92,1440691912122,"58,141",70% bullish,of 10 ratings,$359.50
ICLD,$1.8699,1440691912165,"109,024",75% bullish,of 4 ratings,N/A
ICLDW,NULL,1440691912193,0,100% bearish,of 1 rating,N/A
IDCC,$49.35,1440691912297,"85,343",80% bullish,of 5 ratings,$63
IMI,$1.995,1440691912597,"86,682",67% bullish,of 3 ratings,$2.22
IPCI,$2.18,1440691912624,"41,380",67% bullish,of 6 ratings,$8
IBOC,$25.37,1440691912654,"21,312",100% bearish,of 1 rating,N/A
TILE,$23.71,1440691912686,"182,161",100% bearish,of 3 ratings,$27
ISCA,$31.57,1440691912707,"13,015",100% bearish,of 1 rating,N/A
INAP,$7.91,1440691912757,"33,943",75% bullish,of 4 ratings,$11
IIJI,$9.22,1440691912783,30,50% bullish,of 2 ratings,$11.50
IGLD,$6.855,1440691912843,"3,200",50% bullish,of 2 ratings,N/A
PTNT,$2.93,1440691913021,400,Not yet rated,NULL,N/A
XENT,$25.78,1440691913049,"43,006",50% bullish,of 2 ratings,$36.50
INPH,$0.2801,1440691913100,"16,450",50% bullish,of 2 ratings,N/A
INTX,$2,1440691913178,"16,436",67% bullish,of 3 ratings,N/A
ISIL,$10.51,1440691913233,"267,393",50% bullish,of 6 ratings,$15
IILG,$20.03,1440691913258,"25,938",100% bearish,of 1 rating,$29
IVAC,$4.7,1440691913418,"34,289",100% bearish,of 1 rating,$6.625
INTL,$26.08,1440691913495,"20,239",67% bearish,of 3 ratings,N/A
INTLL,NULL,1440691913550,0,Not yet rated,NULL,N/A
ITCI,$26.12,1440691913629,"145,081",75% bearish,of 4 ratings,$40
ISRG,$513.16,1440691913683,"41,464",67% bullish,of 3 ratings,$600
IIN,$6.04,1440691913712,200,100% bearish,of 1 rating,$12
INTU,$86.025,1440691913758,"633,701",86% bullish,of 7 ratings,$107.50
INVT,$0.2799,1440691913813,"9,797",67% bullish,of 3 ratings,N/A
SNAK,$8.63,1440691913859,"33,472",50% bullish,of 2 ratings,$14
ISTR,$15.61,1440691914028,104,100% bearish,of 1 rating,$18.50
ITIC,NULL,1440691914078,0,100% bearish,of 2 ratings,N/A
NVIV,$9.66,1440691914115,"85,246",50% bullish,of 4 ratings,$24.50
ISBC,$11.77,1440691914211,"854,876",100% bullish,of 1 rating,$13.25
IVTY,$13.79,1440691914240,"5,698",Not yet rated,NULL,$18
IPAS,$1.0717,1440691914278,"22,806",67% bullish,of 3 ratings,N/A
DTUL,NULL,1440691914409,0,Not yet rated,NULL,N/A
DFVL,NULL,1440691914461,0,Not yet rated,NULL,N/A
IPCM,$79.07,1440691914486,"75,038",50% bullish,of 2 ratings,$80.125
IPGP,$86.01,1440691914667,"97,894",100% bearish,of 2 ratings,$109.50
IRMD,$25.47,1440691914728,"4,698",67% bearish,of 3 ratings,$25
IRBT,$28.65,1440691914753,"61,440",67% bullish,of 6 ratings,$37
IRIX,$6.775,1440691914798,"7,100",100% bearish,of 1 rating,N/A
IRDM,$7.03,1440691914824,"155,869",60% bullish,of 5 ratings,$11.50
IRDMB,$277.1,1440691914901,353,67% bearish,of 3 ratings,N/A
IRWD,$11.06,1440691915001,"229,562",100% bearish,of 1 rating,$13
IRCP,NULL,1440691915091,0,100% bullish,of 2 ratings,N/A
FCHI,NULL,1440691915221,0,NULL,NULL,NULL
GNMA,$50.26,1440691915270,"1,983",Not yet rated,NULL,N/A
COMT,$32.43,1440691915325,"4,194",100% bearish,of 1 rating,N/A
IFAS,NULL,1440691915367,0,NULL,NULL,NULL
ACWX,$41.08,1440691915463,"336,625",100% bearish,of 1 rating,N/A
IFEU,$38.1844,1440691915488,"5,848",Not yet rated,NULL,N/A
IFNA,NULL,1440691915513,0,NULL,NULL,NULL
IFGL,$28.8293,1440691915534,"38,589",Not yet rated,NULL,N/A
AXJS,NULL,1440691915661,0,NULL,NULL,NULL
AAIT,NULL,1440691915742,0,NULL,NULL,NULL
EMDI,NULL,1440691915788,0,NULL,NULL,NULL
ACWI,$56.15,1440691915817,"1,125,374",Not yet rated,NULL,N/A
AAXJ,$54.07,1440691915848,"475,229",Not yet rated,NULL,N/A
EEME,NULL,1440691915913,0,NULL,NULL,NULL
EEMA,$50.8122,1440691915944,"10,976",Not yet rated,NULL,N/A
EVAL,NULL,1440691916080,0,NULL,NULL,NULL
EGRW,NULL,1440691916110,0,NULL,NULL,NULL
EEML,$27.7,1440691916218,"8,206",Not yet rated,NULL,N/A
EMEY,NULL,1440691916236,0,NULL,NULL,NULL
EUFN,$22.0007,1440691916322,"20,108",100% bearish,of 1 rating,N/A
IEUS,$45.7699,1440691916391,"2,557",100% bearish,of 1 rating,N/A
QAT,$21.3,1440691916490,"7,224",Not yet rated,NULL,N/A
UAE,$18.52,1440691916572,"13,920",Not yet rated,NULL,N/A
SOXX,$82.29,1440691916635,"381,706",50% bullish,of 2 ratings,N/A
IBB,$350,1440691916665,"785,904",63% bullish,of 8 ratings,N/A
EMIF,$28.7101,1440691916685,"1,582",Not yet rated,NULL,N/A
ICLN,$9.652,1440691916706,"16,666",50% bullish,of 2 ratings,N/A
INDY,$27.869,1440691916923,"120,397",50% bullish,of 2 ratings,N/A
ISHG,$79.71,1440691917018,"6,080",100% bearish,of 1 rating,N/A
WOOD,$48.01,1440691917049,"2,860",50% bullish,of 2 ratings,N/A
ISIS,$51.4855,1440691917078,"461,593",53% bullish,of 15 ratings,$67
IGOV,$90.8601,1440691917103,"5,398",100% bearish,of 1 rating,N/A
ISRL,$129.36,1440691917176,100,100% bearish,of 1 rating,N/A
ITRI,$29.66,1440691917344,"138,704",Not yet rated,NULL,$37
ISLE,$17.13,1440691917421,"102,241",50% bullish,of 4 ratings,$16
ITUS,$4.15,1440691917475,"5,602",Not yet rated,NULL,N/A
ITRN,$24.1,1440691917604,"16,137",50% bullish,of 2 ratings,N/A
IXYS,$10.8647,1440691917667,"27,446",50% bullish,of 4 ratings,N/A
JJSF,$114.48,1440691917694,"7,288",100% bearish,of 1 rating,N/A
XXIA,$15.1604,1440691917720,"98,426",71% bullish,of 7 ratings,$14.625
MAYS,NULL,1440691917853,0,Not yet rated,NULL,N/A
JBHT,$73.75,1440691917882,"243,907",50% bullish,of 4 ratings,$89.50
JCOM,$68.8199,1440691917908,"57,462",100% bullish,of 2 ratings,$77
JASO,$7.91,1440691918015,"435,230",82% bullish,of 17 ratings,$10
JXSB,NULL,1440691918179,0,Not yet rated,NULL,N/A
JACK,$81.92,1440691918210,"116,986",83% bullish,of 6 ratings,$105
JKHY,$68.0364,1440691918238,"152,417",50% bullish,of 2 ratings,$72
JAXB,NULL,1440691918314,0,100% bullish,of 1 rating,N/A
JAGX,$4.2101,1440691918375,"10,481",Not yet rated,NULL,N/A
JRVR,$26.54,1440691918447,"20,007",Not yet rated,NULL,$32
JAKK,$9.46,1440691918474,"52,379",60% bearish,of 5 ratings,$11
JMBA,$13.9,1440691918514,"33,383",75% bullish,of 4 ratings,$18
JASN,$4.92,1440691918743,"3,732",50% bullish,of 2 ratings,$9.50
ERW,NULL,1440691918768,0,Not yet rated,NULL,N/A
JAZZ,$170.7969,1440691918819,"129,955",80% bullish,of 15 ratings,$206.50
JASNW,NULL,1440691918844,0,50% bullish,of 2 ratings,N/A
JBLU,$22.14,1440691918977,"2,030,057",94% bullish,of 18 ratings,$27
JTPY,$2.95,1440691919004,100,100% bearish,of 1 rating,N/A
JD,$26.87,1440691919029,"2,968,466",75% bullish,of 16 ratings,$36
JCTCF,$9.5,1440691919188,"1,800",100% bullish,of 1 rating,N/A
DATE,$6.13,1440691919213,"37,405",75% bullish,of 4 ratings,$9
JST,$3.9,1440691919346,"28,235",75% bullish,of 4 ratings,N/A
JIVE,$4.28,1440691919371,"99,957",75% bullish,of 4 ratings,$5
WYIGU,NULL,1440691919417,0,Not yet rated,NULL,N/A
JOUT,$23.195,1440691919550,"2,768",100% bearish,of 1 rating,$34
JOEZ,$0.1701,1440691919583,"86,415",92% bullish,of 12 ratings,N/A
JBSS,$53.69,1440691919609,"12,177",67% bearish,of 3 ratings,N/A
JNP,$10.8,1440691919683,"26,434",100% bullish,of 3 ratings,$15
KALU,$81.875,1440691919824,"39,582",67% bearish,of 3 ratings,$91
KTWO,$21.3,1440691919865,"17,084",100% bearish,of 1 rating,$28.50
JUNO,$38.089,1440691919923,"459,216",73% bullish,of 11 ratings,$71.50
KBIO,$2.0207,1440691919970,"18,567",50% bullish,of 4 ratings,N/A
KMDA,NULL,1440691920102,0,50% bullish,of 2 ratings,$8
KCLI,$46.02,1440691920129,"11,766",Not yet rated,NULL,N/A
KNDI,$6.6312,1440691920150,"263,096",86% bullish,of 22 ratings,N/A
KPTI,$13.9,1440691920183,"70,226",67% bearish,of 3 ratings,$39
KBSF,NULL,1440691920316,0,100% bullish,of 1 rating,N/A
KRNY,$11.361,1440691920344,"133,418",100% bearish,of 1 rating,$12
KCAP,$4.66,1440691920511,"36,108",75% bullish,of 4 ratings,$6
KELYA,$13.8771,1440691920568,"69,423",67% bullish,of 6 ratings,$20
KFFB,$8.6713,1440691920654,100,100% bearish,of 1 rating,N/A
KELYB,NULL,1440691920691,0,50% bullish,of 2 ratings,N/A
GMCR,$53.6988,1440691920787,"661,927",71% bullish,of 42 ratings,$64
KMPH,$20.1,1440691920812,"8,075",100% bearish,of 2 ratings,$22
KERX,$6.187,1440691920837,"249,607",82% bullish,of 11 ratings,$12
