Symbol,Price,Date,Volume,Rating,RatingVoteCount,OneYearEstimate
FCTY,$7.9492,1441311002648,260,100% bullish,of 1 rating,$8.50
FLWS,$8.805,1441311002673,"217,909",80% bullish,of 5 ratings,$15
FCCY,NULL,1441311002698,0,100% bullish,of 1 rating,$13
TWOU,$35,1441311003105,"224,507",50% bullish,of 2 ratings,$39
SRCE,$29.75,1441311003134,"41,289",100% bullish,of 3 ratings,$33
VNET,$18.09,1441311003209,"362,826",60% bullish,of 5 ratings,$35
DGLD,$83.0299,1441311003512,"3,867",100% bullish,of 1 rating,N/A
UGLD,$9.04,1441311003619,"122,844",100% bearish,of 1 rating,N/A
DSLV,$67.83,1441311003644,"18,026",100% bearish,of 1 rating,N/A
USLV,$12.7099,1441311003906,"255,862",86% bullish,of 7 ratings,N/A
JOBS,$26.3443,1441311004087,"42,344",50% bullish,of 4 ratings,$36
EGHT,$7.76,1441311004538,"241,998",82% bullish,of 17 ratings,$11
SIXD,$2.75,1441311004559,"36,989",Not yet rated,NULL,N/A
CAFD,$15,1441311004637,"240,804",Not yet rated,NULL,$24.50
AVHI,$13.95,1441311004986,"18,526",100% bearish,of 1 rating,$19
AAON,$20,1441311005119,"50,196",100% bearish,of 1 rating,$24
SHLM,$33.1729,1441311005143,"169,626",100% bearish,of 1 rating,$47
ABAX,$47.16,1441311005420,"24,488",100% bearish,of 1 rating,$60
ABY,$22.39,1441311005551,"333,966",100% bearish,of 2 ratings,$46
ABGB,$4.75,1441311005624,"51,502",67% bullish,of 3 ratings,$5.50
ABEO,$4.5994,1441311005959,"27,300",50% bullish,of 4 ratings,$15.50
ABEOW,$1.77,1441311006365,"6,540",100% bullish,of 1 rating,N/A
ABMD,$94.17,1441311006449,"271,834",75% bullish,of 4 ratings,$100.50
AXAS,$1.7,1441311006607,"595,441",78% bullish,of 9 ratings,$3.50
ACTG,$9.15,1441311006850,"172,938",67% bullish,of 3 ratings,$18.50
ACHC,$72.95,1441311006877,"310,424",50% bullish,of 2 ratings,$92
ACAD,$39.22,1441311007133,"1,990,475",80% bullish,of 20 ratings,$48
ACST,$0.3197,1441311007266,"55,803",100% bullish,of 2 ratings,N/A
AXDX,$18.7791,1441311007402,"35,909",100% bearish,of 1 rating,N/A
XLRN,$27.99,1441311007507,"75,703",50% bullish,of 2 ratings,$57
TFSCR,NULL,1441311007663,0,Not yet rated,NULL,N/A
PIH,$7.62,1441311007688,"2,535",100% bearish,of 1 rating,N/A
TFSCU,$10.24,1441311007712,"3,000",Not yet rated,NULL,N/A
TFSC,NULL,1441311007737,0,100% bearish,of 1 rating,N/A
TFSCW,NULL,1441311007873,0,100% bearish,of 1 rating,N/A
ARAY,$6.65,1441311007917,"424,463",100% bearish,of 1 rating,$10.50
ANCX,$19.65,1441311007957,"14,438",Not yet rated,NULL,$20
VXUP,$1.6,1441311008051,"34,808",100% bearish,of 1 rating,N/A
AKAO,$6.97,1441311008218,"34,646",75% bullish,of 4 ratings,$15
VXDN,$1.87,1441311008273,"51,026",100% bearish,of 1 rating,N/A
ACET,$22.23,1441311008348,"63,449",75% bullish,of 4 ratings,$30
ACRX,$4.13,1441311008418,"317,116",67% bearish,of 6 ratings,$7
ACNB,NULL,1441311008691,0,Not yet rated,NULL,N/A
ACIW,$21.46,1441311008725,"249,367",67% bearish,of 3 ratings,$24
ACHN,$7.55,1441311008767,"1,457,113",90% bullish,of 21 ratings,$16
ACTS,$1.5916,1441311008824,"39,856",100% bearish,of 1 rating,N/A
ACOR,$31.87,1441311008858,"305,026",67% bearish,of 3 ratings,$38.50
ACTA,$14,1441311008880,"48,598",67% bearish,of 3 ratings,$25
ATVI,$28.745,1441311008959,"5,567,809",67% bullish,of 84 ratings,$31.50
ACPW,$1.94,1441311009022,"17,412",100% bullish,of 4 ratings,$3.25
ACUR,$2.9,1441311009128,"16,728",100% bullish,of 5 ratings,$5
ADMS,$18.98,1441311009259,"40,137",100% bearish,of 2 ratings,$36
ACXM,$20.76,1441311009286,"121,208",67% bullish,of 3 ratings,N/A
ADMP,$3.5752,1441311009320,"35,821",50% bullish,of 2 ratings,$10
ADBE,$78.3,1441311009751,"1,380,389",65% bullish,of 17 ratings,$90
ADMA,$8.63,1441311009797,"5,973",Not yet rated,NULL,$19
ADTN,$15.73,1441311009850,"102,708",67% bullish,of 3 ratings,$17.125
ADRO,$18.71,1441311009888,"73,201",80% bullish,of 5 ratings,$45.50
ADUS,$29.01,1441311009923,"38,409",100% bearish,of 1 rating,$31
AEY,$2.39,1441311009947,"2,550",100% bearish,of 2 ratings,N/A
ADAP,$11.3,1441311009975,"30,406",67% bullish,of 3 ratings,$22
ADEP,$7.1101,1441311010020,"66,013",50% bullish,of 2 ratings,$10.75
AMD,$1.8,1441311010192,"4,161,404",83% bullish,of 103 ratings,$2
AEIS,$24.43,1441311010335,"86,864",50% bullish,of 2 ratings,$32.50
ADXSW,$9.58,1441311010368,"32,944",100% bullish,of 1 rating,N/A
MULT,NULL,1441311010392,0,100% bearish,of 1 rating,N/A
ADXS,$13.41,1441311010418,"323,894",64% bullish,of 14 ratings,$27
AEGR,$17.8038,1441311010595,"186,805",50% bullish,of 6 ratings,$26
YPRO,$22.98,1441311010620,382,100% bearish,of 1 rating,N/A
AEGN,$18.07,1441311010749,"41,620",100% bearish,of 2 ratings,$21
AERI,$15.75,1441311010832,"285,346",75% bullish,of 4 ratings,$31.50
AMTX,$3.05,1441311010886,"27,139",50% bullish,of 2 ratings,$26.11
AEPI,$56.225,1441311010914,"12,376",100% bearish,of 1 rating,N/A
AEHR,$2.25,1441311010940,"3,330",50% bullish,of 2 ratings,N/A
AEZS,$0.0869,1441311010985,"12,985,600",90% bullish,of 21 ratings,$1.50
AEMD,$7.724,1441311011074,"169,683",Not yet rated,NULL,$27.50
AVAV,$20.62,1441311011134,"252,228",50% bullish,of 4 ratings,$30
AFMD,$9.45,1441311011480,"61,701",50% bullish,of 4 ratings,$15
AGEN,$6.81,1441311011505,"513,437",85% bullish,of 13 ratings,$14
AFFX,$9.1326,1441311011553,"671,675",80% bullish,of 5 ratings,$12.50
AGFS,$9.74,1441311011662,"39,621",100% bearish,of 1 rating,N/A
AGYS,$9.7,1441311011691,"17,931",100% bearish,of 1 rating,N/A
AGIO,$83.72,1441311011798,"177,608",88% bullish,of 8 ratings,$114
AGRX,$8.27,1441311011827,"14,468",100% bearish,of 1 rating,$17.50
AGFSW,$1.9,1441311011855,"4,500",100% bearish,of 2 ratings,N/A
AIMT,$23.5,1441311011956,"142,797",Not yet rated,NULL,$35.50
AIRT,NULL,1441311011985,0,100% bullish,of 1 rating,N/A
AIRM,$36.35,1441311012088,"93,709",80% bearish,of 5 ratings,$53
AMCN,$4.595,1441311012176,"49,021",83% bullish,of 6 ratings,N/A
AKAM,$73.4,1441311012249,"1,229,359",63% bullish,of 8 ratings,$77.50
AIXG,$6.4401,1441311012381,"5,482",67% bearish,of 3 ratings,$5.25
AKBA,$6.6,1441311012425,"448,054",100% bearish,of 1 rating,$18
ATSG,$8.86,1441311012452,"78,544",67% bullish,of 3 ratings,$13
AKER,$2.8294,1441311012686,"7,897",Not yet rated,NULL,N/A
AKRX,$38.59,1441311012751,"357,962",78% bullish,of 9 ratings,$56
ALRM,$16.3,1441311012776,"184,925",100% bearish,of 1 rating,$22
AMRI,$20,1441311012828,"112,780",75% bearish,of 4 ratings,$24
ADHD,$7.77,1441311012907,"80,557",50% bullish,of 4 ratings,$18
ALSK,$2.24,1441311012932,"58,833",78% bullish,of 18 ratings,$2
ALDR,$40.13,1441311013105,"282,924",67% bearish,of 3 ratings,$62
ABDC,$12.8899,1441311013195,"23,480",Not yet rated,NULL,$15
ALXN,$175.65,1441311013404,"626,739",88% bullish,of 8 ratings,$223.50
ALDX,$7.22,1441311013429,"3,101",100% bearish,of 1 rating,$14.50
ALXA,$1.22,1441311013495,"8,946",83% bullish,of 6 ratings,$2.125
ALCO,$42.34,1441311013565,"14,601",50% bullish,of 2 ratings,N/A
ALGN,$55.17,1441311013626,"424,776",100% bearish,of 2 ratings,$73
ALIM,$3.01,1441311013650,"27,322",80% bullish,of 5 ratings,$10
ALLB,$23.03,1441311013821,601,Not yet rated,NULL,N/A
ALKS,$63.04,1441311013891,"530,189",67% bullish,of 3 ratings,$75
AFOP,$19.05,1441311013963,"196,674",75% bullish,of 8 ratings,$21
ALGT,$203.79,1441311014025,"102,863",100% bearish,of 2 ratings,$235
AHGP,$35.3001,1441311014064,"22,738",67% bullish,of 3 ratings,N/A
ARLP,$25.09,1441311014134,"89,975",67% bearish,of 3 ratings,$32
AHPI,$1.45,1441311014161,"1,925",50% bullish,of 2 ratings,N/A
AIQ,$14.73,1441311014181,"6,906",67% bullish,of 3 ratings,N/A
AMOT,$18.13,1441311014571,"62,823",100% bearish,of 1 rating,N/A
ALQA,$4.625,1441311014679,"26,923",75% bullish,of 4 ratings,$8.50
ALNY,$97.38,1441311014725,"281,911",67% bullish,of 3 ratings,$151.50
ALLT,$5.03,1441311014751,"23,124",75% bullish,of 4 ratings,$6.25
MDRX,$13.16,1441311014784,"4,091,833",60% bullish,of 5 ratings,$16
AOSL,$7.94,1441311014886,"37,745",67% bullish,of 3 ratings,$9
AFAM,$45.12,1441311014913,"49,512",50% bullish,of 2 ratings,$44
SMCP,$23.3,1441311014938,700,Not yet rated,NULL,N/A
AIMC,$23.69,1441311015500,"58,673",100% bearish,of 2 ratings,$28.50
ATEC,$0.59,1441311015550,"38,259",100% bullish,of 1 rating,$2
ALTR,$49.05,1441311015679,"1,024,922",80% bearish,of 5 ratings,$54
AMRN,$2.28,1441311015776,"610,633",85% bullish,of 40 ratings,$8
ASPS,$26.15,1441311015833,"93,236",67% bullish,of 3 ratings,$46.50
AMAG,$60.91,1441311015854,"395,266",100% bullish,of 2 ratings,$75
AYA,$20.8,1441311015906,"3,444",100% bearish,of 1 rating,$40
AMRK,$10.48,1441311015989,"1,500",50% bullish,of 2 ratings,$14
AMBC,$16.6,1441311016129,"133,936",100% bearish,of 1 rating,$16.50
AMBCW,$8.54,1441311016154,"3,300",100% bearish,of 1 rating,N/A
AMBA,$73.47,1441311016182,"2,834,582",83% bullish,of 12 ratings,$95
AMZN,$505.92,1441311016210,"1,355,707",81% bullish,of 267 ratings,$646
EPAX,$2.68,1441311016290,"30,576",100% bearish,of 1 rating,N/A
AMCX,$71.84,1441311016426,"314,747",67% bullish,of 3 ratings,$87.50
DOX,$56.95,1441311016453,"277,983",67% bearish,of 3 ratings,$60
AMDA,$0.4749,1441311016603,"308,249",90% bullish,of 10 ratings,$1
AMED,$40.52,1441311016775,"141,052",100% bearish,of 1 rating,$42
UHAL,$373.584,1441311016802,"20,097",100% bullish,of 2 ratings,$393.50
ASBI,$22.81,1441311016880,"2,979",Not yet rated,NULL,N/A
ATAX,$5.3132,1441311016936,"51,308",100% bullish,of 1 rating,$6.50
AGNC,$19.21,1441311017012,"1,067,440",71% bullish,of 28 ratings,$22
AMOV,$18.0331,1441311017140,525,100% bearish,of 1 rating,N/A
MTGE,$15.22,1441311017226,"194,991",75% bullish,of 4 ratings,$19.50
AGNCP,$25.36,1441311017285,"6,734",Not yet rated,NULL,N/A
AGNCB,$24.2099,1441311017310,"2,920",Not yet rated,NULL,N/A
MTGEP,$24.23,1441311017356,"3,500",Not yet rated,NULL,N/A
AAL,$40.96,1441311017440,"5,332,870",93% bullish,of 88 ratings,$57
ACSF,$12.25,1441311017486,"17,545",100% bearish,of 1 rating,$15
ANCI,$1.55,1441311017588,1,100% bearish,of 1 rating,N/A
ACAS,$13.7014,1441311017747,"824,826",60% bullish,of 5 ratings,$16.75
AMIC,NULL,1441311017842,0,100% bearish,of 1 rating,N/A
AETI,$3.22,1441311017974,"1,420",67% bearish,of 3 ratings,N/A
ANAT,$99.48,1441311018003,"21,128",100% bullish,of 1 rating,N/A
APEI,$21.64,1441311018106,"53,842",100% bearish,of 1 rating,$25.50
AMNB,$23.14,1441311018236,"11,057",Not yet rated,NULL,$25.50
ARII,$40.25,1441311018294,"95,770",67% bearish,of 3 ratings,$45
ASEI,$39.39,1441311018424,"43,063",100% bearish,of 1 rating,$52.50
AMRB,$10.16,1441311018454,"2,913",Not yet rated,NULL,$11
AMWD,$66.27,1441311018522,"75,372",50% bullish,of 2 ratings,$70
AMSWA,$8.9,1441311018550,"14,979",100% bearish,of 2 ratings,$10.75
CRMT,$35.59,1441311018599,"46,473",100% bearish,of 1 rating,$38
ABCB,$27.25,1441311018691,"133,689",Not yet rated,NULL,$31
AMSC,$4.94,1441311018764,"59,818",50% bullish,of 4 ratings,N/A
ASRVP,NULL,1441311019015,0,Not yet rated,NULL,N/A
AMSF,$46.31,1441311019041,"11,186",Not yet rated,NULL,$57.50
ASRV,$3.25,1441311019098,"2,801",100% bullish,of 2 ratings,N/A
FOLD,$14.91,1441311019171,"877,089",56% bullish,of 9 ratings,$21
AMKR,$5.42,1441311019230,"657,605",100% bearish,of 2 ratings,$5
AMGN,$149.66,1441311019257,"1,313,700",89% bullish,of 19 ratings,$185
ATLO,$23,1441311019414,"6,500",Not yet rated,NULL,N/A
AMSGP,NULL,1441311019482,0,Not yet rated,NULL,N/A
ASYS,$5.49,1441311019509,"22,500",67% bullish,of 3 ratings,$12
AMSG,$78.4,1441311019534,"157,717",100% bearish,of 1 rating,$85.50
AMPH,$13.3372,1441311019671,"153,866",50% bullish,of 2 ratings,$20
AFSI,$57.86,1441311019770,"212,683",60% bullish,of 5 ratings,$72
AMRS,$1.7101,1441311019831,"64,998",70% bullish,of 10 ratings,N/A
ANAC,$132.12,1441311019858,"302,961",80% bullish,of 5 ratings,$180.50
ANAD,$0.3129,1441311020002,"249,372",100% bullish,of 2 ratings,$.50
ADI,$55.31,1441311020174,"1,103,498",75% bullish,of 4 ratings,$69
ANGO,$14.56,1441311020276,"44,767",67% bullish,of 3 ratings,$19
AMCF,NULL,1441311020303,0,NULL,NULL,NULL
ABCW,$40.45,1441311020440,"6,753",67% bullish,of 3 ratings,N/A
ANGI,$5.02,1441311020478,"128,729",64% bullish,of 11 ratings,$5.50
ALOG,$81.1259,1441311020507,"65,905",100% bearish,of 2 ratings,$100.50
ANCB,$21.47,1441311020532,870,Not yet rated,NULL,$23
ANIK,$35.4,1441311020582,"82,128",60% bullish,of 5 ratings,$51.25
ANSS,$90.32,1441311020888,"224,434",100% bearish,of 1 rating,$100
ANIP,$51.88,1441311020915,"264,089",89% bullish,of 19 ratings,$66
ATRS,$1.79,1441311021160,"509,580",92% bullish,of 12 ratings,$4.50
APIC,$6.59,1441311021186,"74,837",100% bearish,of 1 rating,$19
ATNY,$2.4,1441311021262,"1,866",50% bullish,of 2 ratings,$3.75
ANTH,$6.93,1441311021367,"425,956",80% bullish,of 10 ratings,$13
APOG,$52.38,1441311021406,"96,750",50% bullish,of 2 ratings,$67
ABAC,$0.8,1441311021432,"12,718",100% bearish,of 1 rating,N/A
APOL,$11.04,1441311021468,"496,578",87% bearish,of 68 ratings,$14
AINV,$6.45,1441311021561,"840,260",50% bullish,of 4 ratings,$8
AAPL,$110.54,1441311021596,"26,592,592",86% bullish,of 2363 ratings,$150
APPF,$16.7634,1441311021728,"38,220",50% bullish,of 2 ratings,$22
APDN,$3.4,1441311022087,"15,949",Not yet rated,NULL,$9
ARCI,$1.12,1441311022138,"1,100",Not yet rated,NULL,N/A
AMAT,$15.79,1441311022244,"6,348,052",82% bullish,of 11 ratings,$23
APDNW,$1.4,1441311022274,"4,280",Not yet rated,NULL,N/A
AGTC,$16.12,1441311022300,"38,624",50% bullish,of 2 ratings,$33
AREX,$2.44,1441311022484,"594,069",50% bullish,of 2 ratings,$3
AMCC,$5.695,1441311022677,"272,933",80% bullish,of 5 ratings,$8
APTO,$5.25,1441311022704,"3,399",Not yet rated,NULL,$17
APRI,$1.61,1441311022778,"217,491",83% bullish,of 6 ratings,$4.86
AQMS,$4.98,1441311022809,"12,066",Not yet rated,NULL,N/A
AQXP,$16.1692,1441311022879,"89,011",50% bullish,of 2 ratings,$2
AAOI,$20.49,1441311022909,"117,288",50% bullish,of 4 ratings,$26
AUMA,NULL,1441311022936,0,Not yet rated,NULL,N/A
AUMAU,NULL,1441311022982,0,Not yet rated,NULL,N/A
AUMAW,NULL,1441311023190,0,Not yet rated,NULL,N/A
ARDM,NULL,1441311023216,0,100% bullish,of 1 rating,$26
ABUS,$6.92,1441311023469,"418,425",86% bullish,of 14 ratings,$21.50
PETX,$17.57,1441311023548,"120,158",100% bearish,of 2 ratings,$26
ARCW,$3.35,1441311023576,"10,426",100% bearish,of 2 ratings,$10.50
ARDX,$18.61,1441311023649,"71,310",50% bullish,of 2 ratings,$24.50
ACGL,$68.98,1441311023710,"106,584",50% bullish,of 2 ratings,$72
ARCB,$28.44,1441311023779,"86,997",67% bearish,of 3 ratings,$39.50
ABIO,$0.9001,1441311023851,"52,444",50% bullish,of 2 ratings,$3.75
RKDA,$5.53,1441311023908,"6,500",100% bearish,of 2 ratings,$10
ARCC,$15.53,1441311023944,"715,077",67% bearish,of 3 ratings,$17.75
ACAT,$25.9967,1441311023993,"44,638",100% bearish,of 3 ratings,$33
ARNA,$2.75,1441311024078,"1,561,383",90% bullish,of 78 ratings,$5.50
AGIIL,$25.27,1441311024172,"2,444",Not yet rated,NULL,N/A
AGII,$55.16,1441311024307,"34,969",Not yet rated,NULL,$59.50
ARGS,$6.2499,1441311024334,"32,161",50% bullish,of 2 ratings,$19.50
ARIS,$3.78,1441311024547,"1,296",Not yet rated,NULL,$4.50
ARIA,$7.57,1441311024573,"3,453,969",89% bullish,of 46 ratings,$9
ARTX,$1.4,1441311024615,"54,914",88% bullish,of 16 ratings,$4.50
ARKR,$25.083,1441311024703,"1,061",50% bullish,of 2 ratings,N/A
ARMH,$43.03,1441311024776,"641,959",54% bearish,of 13 ratings,$60
ARWA,NULL,1441311024837,0,Not yet rated,NULL,N/A
ARWAR,$0.2436,1441311024998,200,Not yet rated,NULL,N/A
ARWAW,NULL,1441311025064,0,Not yet rated,NULL,N/A
ARWAU,NULL,1441311025090,0,100% bullish,of 1 rating,N/A
ARQL,$1.67,1441311025144,"27,916",75% bullish,of 4 ratings,$5
ARRS,$26.09,1441311025219,"1,103,267",50% bullish,of 2 ratings,$38
ARRY,$5.78,1441311025304,"660,623",100% bullish,of 7 ratings,$10
DWAT,NULL,1441311025492,0,100% bearish,of 1 rating,N/A
ARWR,$5.49,1441311025576,"685,995",75% bullish,of 4 ratings,$10.50
ARTNA,$21.8,1441311025675,"6,188",100% bearish,of 1 rating,$29
AROW,$27.26,1441311025702,"3,945",Not yet rated,NULL,N/A
ASBB,$24,1441311025757,125,Not yet rated,NULL,N/A
ARTW,$4.01,1441311026102,"2,567",75% bearish,of 4 ratings,N/A
ASTI,$0.2605,1441311026167,"4,682,216",83% bullish,of 6 ratings,$3
ASND,$19.3,1441311026202,"40,163",50% bullish,of 2 ratings,$30
ASNA,$12.31,1441311026301,"931,004",50% bullish,of 2 ratings,$18
ASML,$92.77,1441311026329,"479,477",50% bullish,of 4 ratings,$127
ASCMA,$27.31,1441311026359,"27,215",100% bearish,of 1 rating,$45
APWC,$1.65,1441311026387,"4,100",100% bearish,of 1 rating,N/A
ASMI,NULL,1441311026463,0,NULL,NULL,NULL
ASFI,$8.8,1441311026779,"10,376",100% bullish,of 1 rating,N/A
ATRO,$50.45,1441311026913,"117,637",100% bearish,of 2 ratings,$80
ASTE,$38.22,1441311027019,"71,170",100% bearish,of 1 rating,$49
ALOT,$13.98,1441311027079,"1,508",100% bearish,of 1 rating,N/A
AZPN,$38.27,1441311027153,"290,762",50% bullish,of 2 ratings,$42
ASTC,$2.19,1441311027179,"12,234",100% bullish,of 5 ratings,N/A
ASMB,$12.98,1441311027203,"64,914",67% bullish,of 3 ratings,N/A
ASUR,$5.4121,1441311027354,"7,471",50% bullish,of 2 ratings,$8
ATHX,$1.13,1441311027643,"180,397",89% bullish,of 9 ratings,$5
AFCB,$25.64,1441311027669,101,Not yet rated,NULL,N/A
ATHN,$132.19,1441311027690,"125,931",67% bearish,of 3 ratings,$153
AAPC,$10.1,1441311027729,8,Not yet rated,NULL,N/A
ATRA,$42.55,1441311027750,"124,688",50% bullish,of 2 ratings,$68
ATAI,$2.31,1441311027823,"11,398",100% bearish,of 1 rating,N/A
ACFC,$5.47,1441311027897,"24,713",100% bearish,of 1 rating,$6.50
AAME,$3.57,1441311027999,"3,753",Not yet rated,NULL,N/A
ATNI,$73.6147,1441311028424,"21,233",100% bearish,of 1 rating,$69.50
ATLC,$3.97,1441311028567,"4,795",67% bullish,of 3 ratings,N/A
ATML,$8.02,1441311028593,"2,278,975",78% bullish,of 9 ratings,$9.50
AFH,$16.18,1441311028722,"74,503",Not yet rated,NULL,$21.50
ATRC,$24.09,1441311028798,"55,270",100% bullish,of 1 rating,$30
ATOS,$0.8294,1441311028882,"115,971",100% bullish,of 7 ratings,$7
ATTU,$12.99,1441311028908,"11,449",100% bearish,of 1 rating,$20.50
ATRI,$373.35,1441311029057,"5,437",Not yet rated,NULL,N/A
LIFE,$14.8,1441311029088,"25,232",86% bullish,of 7 ratings,$43
AAWW,$38.58,1441311029108,"144,581",50% bullish,of 2 ratings,$65
AUBN,$26.846,1441311029289,400,Not yet rated,NULL,N/A
ATRM,$2.93,1441311029315,"1,893",50% bullish,of 2 ratings,N/A
AUPH,$3.39,1441311029387,"9,173",100% bearish,of 1 rating,$8
EARS,$4.31,1441311029481,"4,157",100% bearish,of 2 ratings,$11
ADAT,$0.278,1441311029509,"242,066",100% bullish,of 2 ratings,N/A
AUDC,$3.23,1441311029534,"59,311",80% bullish,of 5 ratings,$5
ABTL,$18.65,1441311029924,"66,796",100% bullish,of 4 ratings,$20.25
AVGO,$124.12,1441311030051,"1,451,443",88% bullish,of 8 ratings,$165
ADP,$77.82,1441311030077,"1,082,394",100% bearish,of 1 rating,$88
ADSK,$46.03,1441311030146,"2,762,925",67% bullish,of 6 ratings,$66
AVNU,$12.885,1441311030282,726,Not yet rated,NULL,$14
AVEO,$1.34,1441311030307,"153,644",75% bullish,of 8 ratings,$3
AVID,$8.51,1441311030337,"330,580",100% bearish,of 1 rating,$20
AVGR,$14.805,1441311030439,"16,306",100% bearish,of 1 rating,$20
AAVL,$10.1482,1441311030469,"193,869",100% bearish,of 1 rating,$20
CAR,$43.98,1441311030497,"912,388",80% bullish,of 5 ratings,$60
AVNW,$1.215,1441311030600,"71,600",50% bullish,of 2 ratings,N/A
AXPW,$2.08,1441311030678,"1,157,772",86% bullish,of 7 ratings,N/A
AWRE,$3.2,1441311030705,"11,910",67% bullish,of 3 ratings,N/A
ACLS,$3.23,1441311030990,"293,365",67% bullish,of 6 ratings,$4.75
AXGN,$4.64,1441311031015,"137,034",Not yet rated,NULL,$5
AXPWW,NULL,1441311031051,0,Not yet rated,NULL,N/A
BCOM,$19.31,1441311031155,610,100% bearish,of 1 rating,N/A
RILY,NULL,1441311031229,0,Not yet rated,NULL,N/A
AXTI,$2.12,1441311031255,"17,600",50% bullish,of 2 ratings,$2.75
BOSC,$2.08,1441311031387,"2,096",50% bullish,of 2 ratings,N/A
BIDU,$149.52,1441311031531,"1,367,201",81% bullish,of 88 ratings,$210
BWINA,NULL,1441311031583,0,Not yet rated,NULL,N/A
BEAV,$49.18,1441311031612,"366,551",67% bearish,of 3 ratings,$59
BLDP,$1.34,1441311031669,"273,424",91% bullish,of 22 ratings,$2.50
BCPC,$57.2,1441311031726,"92,161",100% bearish,of 1 rating,$75
BWINB,$22.49,1441311031830,"4,671",Not yet rated,NULL,N/A
BANF,$60.23,1441311031855,"7,037",Not yet rated,NULL,$68
BANFP,NULL,1441311031987,0,Not yet rated,NULL,N/A
BKMU,$6.96,1441311032012,"34,844",Not yet rated,NULL,$8
BKSC,$16.7601,1441311032395,"7,130",Not yet rated,NULL,N/A
BFIN,$12.11,1441311032420,"6,993",Not yet rated,NULL,$13
BMRC,$48.1,1441311032456,"1,237",Not yet rated,NULL,$52
BOCH,$5.78,1441311032485,"10,198",Not yet rated,NULL,$6.50
BOTJ,$10.85,1441311032585,222,Not yet rated,NULL,N/A
OZRK,$40.83,1441311032647,"205,347",67% bullish,of 3 ratings,$49.50
BWFG,$18.1,1441311032680,"6,451",100% bearish,of 1 rating,N/A
BZUN,$5.28,1441311032812,"357,340",50% bullish,of 2 ratings,$11.50
TAPR,$33.25,1441311032909,100,100% bearish,of 1 rating,N/A
BANR,$43.94,1441311032939,"21,072",100% bullish,of 3 ratings,$50
BHAC,NULL,1441311032966,0,Not yet rated,NULL,N/A
BHACW,NULL,1441311033148,0,Not yet rated,NULL,N/A
BHACR,NULL,1441311033295,0,Not yet rated,NULL,N/A
BHACU,NULL,1441311033340,0,Not yet rated,NULL,N/A
BYBK,$4.96,1441311033499,700,100% bearish,of 1 rating,N/A
BBSI,$34.36,1441311033527,"50,514",67% bearish,of 3 ratings,$62.50
BYLK,$12.84,1441311033556,"2,200",Not yet rated,NULL,$14
BSET,$28.18,1441311033654,"40,804",100% bearish,of 1 rating,$35
BBCN,$14.3971,1441311033757,"124,909",100% bearish,of 1 rating,$16
BV,$5.1,1441311033931,"352,121",67% bullish,of 6 ratings,$8.75
BCBP,$11.42,1441311033957,827,Not yet rated,NULL,N/A
BECN,$35.98,1441311034001,"219,771",50% bullish,of 2 ratings,$40
BDCV,$4.866,1441311034031,"9,841",100% bearish,of 1 rating,$10.19
BBGI,$4.23,1441311034100,1,100% bearish,of 1 rating,N/A
BSF,$8.26,1441311034126,"4,614",Not yet rated,NULL,N/A
BEBE,$1.21,1441311034206,"339,077",75% bullish,of 4 ratings,$2.125
BBBY,$62.39,1441311034566,"668,206",71% bullish,of 7 ratings,$75
BELFA,$15.5,1441311034592,"1,107",100% bearish,of 1 rating,N/A
BELFB,$18.04,1441311034735,"9,793",100% bearish,of 1 rating,N/A
BLCM,$15.885,1441311034763,"120,249",50% bullish,of 4 ratings,$40
BLPH,$4.3,1441311034819,"9,509",100% bearish,of 1 rating,$12.50
BNCL,$12.395,1441311034866,"204,212",100% bullish,of 3 ratings,$12.50
BNFT,$36.38,1441311035406,"42,497",67% bullish,of 3 ratings,$46
BGMD,$0.6405,1441311035495,"206,064",100% bullish,of 10 ratings,N/A
BGFV,$11.17,1441311035563,"44,549",57% bullish,of 7 ratings,$12
ORPN,$5.65,1441311035591,"10,410",100% bullish,of 1 rating,$28.50
BASI,$1.65,1441311035620,1,Not yet rated,NULL,N/A
BIND,$4.92,1441311035653,"93,276",75% bullish,of 4 ratings,$13.50
BGCP,$8.875,1441311035754,"398,261",88% bullish,of 8 ratings,$14
BNTC,$7.34,1441311035810,"15,352",100% bullish,of 1 rating,N/A
BIOC,$1.9601,1441311036043,"101,603",83% bullish,of 6 ratings,$3.85
BCDA,NULL,1441311036068,0,Not yet rated,NULL,N/A
BCRX,$11.15,1441311036228,"270,509",63% bullish,of 8 ratings,$18
BIOD,$0.6701,1441311036326,"47,026",80% bullish,of 5 ratings,$4
BIOL,$1.55,1441311036351,"4,049",Not yet rated,NULL,N/A
BLFS,$2.26,1441311036429,"137,655",100% bearish,of 1 rating,$4.75
BIIB,$302.3,1441311036496,"713,463",88% bullish,of 16 ratings,$400
BMRN,$126.53,1441311036525,"329,227",80% bullish,of 5 ratings,$160
BDSI,$6.23,1441311036552,"540,918",88% bullish,of 8 ratings,$17
BLRX,$1.685,1441311036630,"302,705",100% bullish,of 12 ratings,$5
BVXVW,$0.85,1441311036681,"11,900",100% bearish,of 1 rating,N/A
BVXV,$3.65,1441311036827,"115,211",Not yet rated,NULL,N/A
BPTH,$1.17,1441311036853,"23,906",100% bullish,of 2 ratings,$5
BRLI,NULL,1441311036921,0,NULL,NULL,NULL
BIOS,$2.4,1441311037015,"462,065",71% bullish,of 7 ratings,$4
BBC,$31.08,1441311037255,"12,319",Not yet rated,NULL,N/A
BSTC,$46.98,1441311037317,"33,006",100% bearish,of 1 rating,$76
BBP,$31.92,1441311037411,"10,554",Not yet rated,NULL,N/A
BSPM,$0.6801,1441311037467,"15,813",50% bullish,of 2 ratings,N/A
BEAT,$15.1,1441311037544,"331,376",67% bearish,of 3 ratings,$15
BOTA,$2.15,1441311037569,"25,150",88% bullish,of 8 ratings,N/A
BITI,$16.9,1441311037609,"7,256",100% bullish,of 1 rating,$28
TECH,$92.5705,1441311037998,"71,680",100% bullish,of 1 rating,$117
BJRI,$44.39,1441311038096,"142,257",50% bullish,of 2 ratings,$55
BBOX,$14.82,1441311038263,"56,432",100% bearish,of 1 rating,N/A
BDMS,NULL,1441311038294,0,100% bearish,of 1 rating,N/A
BBRY,$7.59,1441311038618,"1,583,822",61% bullish,of 330 ratings,$9
BLKB,$57.29,1441311038646,"59,782",100% bearish,of 2 ratings,$66
BDE,$7.46,1441311038679,"86,166",50% bullish,of 2 ratings,$9
ADRA,$26.86,1441311038971,150,100% bearish,of 1 rating,N/A
BKCC,$9.475,1441311038996,"207,455",50% bullish,of 2 ratings,$10
HAWK,$39.73,1441311039163,"217,309",91% bullish,of 11 ratings,$49
ADRD,$21.7179,1441311039307,"54,158",100% bearish,of 1 rating,N/A
ADRE,$29.445,1441311039354,"1,504",100% bearish,of 1 rating,N/A
BLMN,$20.65,1441311039499,"414,878",83% bullish,of 6 ratings,$27.50
BCOR,$13.575,1441311039724,"115,998",57% bullish,of 7 ratings,$15
ADRU,NULL,1441311039748,0,100% bearish,of 1 rating,N/A
BLBD,$11.77,1441311039812,"4,750",Not yet rated,NULL,N/A
BBLU,$0.8601,1441311039943,"135,953",100% bullish,of 2 ratings,$4.43
BUFF,$23.71,1441311039973,"430,346",77% bullish,of 13 ratings,$31.50
BHBK,$13.95,1441311040001,"19,064",100% bullish,of 1 rating,$14.50
NILE,$34.25,1441311040105,"52,312",50% bullish,of 2 ratings,$34
BKEPP,$7.86,1441311040350,"1,004",100% bearish,of 1 rating,N/A
BKEP,$6.41,1441311040482,"38,502",100% bearish,of 1 rating,$8.50
BNCN,$21.2271,1441311040700,"33,682",Not yet rated,NULL,$24
BOBE,$44.7302,1441311040726,"342,702",75% bullish,of 4 ratings,$57
BPMC,$27.83,1441311040805,"57,131",50% bullish,of 2 ratings,$47.50
BLUE,$128.14,1441311040860,"226,319",71% bullish,of 7 ratings,$217.50
WIFI,$7.7,1441311041023,"179,043",50% bullish,of 2 ratings,$13.50
BOJA,$20.72,1441311041148,"79,212",100% bullish,of 1 rating,$30
BOFI,$109.06,1441311041176,"292,085",100% bullish,of 6 ratings,$144
BOKF,$62.74,1441311041253,"137,272",100% bearish,of 1 rating,$69
BNSO,$1.274,1441311041382,"2,222",100% bearish,of 1 rating,N/A
BAMM,$3.2,1441311041551,"11,219",60% bullish,of 5 ratings,N/A
BONA,$11.4099,1441311041584,"25,104",75% bullish,of 4 ratings,$8.50
BPFHP,$24.91,1441311041763,"3,150",100% bearish,of 1 rating,N/A
BPFH,$11.8012,1441311041838,"154,585",100% bearish,of 1 rating,$14
BPFHW,NULL,1441311041862,0,100% bearish,of 1 rating,N/A
BCLI,$3.12,1441311042091,"25,307",80% bullish,of 5 ratings,$12
BDBD,$8.34,1441311042117,"291,486",60% bullish,of 5 ratings,$10
BBEP,$2.64,1441311042246,"964,841",69% bullish,of 13 ratings,$5.625
BBRG,$12.46,1441311042332,"30,989",67% bullish,of 3 ratings,$14.50
EPAY,$26.57,1441311042404,"112,289",100% bearish,of 2 ratings,$30
BDGE,$25.782,1441311042460,"7,330",Not yet rated,NULL,$31.75
BLIN,$1.34,1441311042492,"3,300",50% bullish,of 2 ratings,$2.20
BBEPP,$14.518,1441311042598,"22,124",50% bullish,of 2 ratings,N/A
BRCM,$51.29,1441311042841,"1,976,366",69% bullish,of 13 ratings,$56
BRID,$8.4,1441311042906,1,100% bearish,of 1 rating,N/A
BVSN,$5.96,1441311043110,"1,400",60% bearish,of 5 ratings,N/A
BSFT,$32.51,1441311043182,"104,567",57% bullish,of 7 ratings,$40.50
BYFC,$1.35,1441311043282,"2,144",50% bullish,of 2 ratings,N/A
BRCD,$10.345,1441311043306,"1,680,480",92% bullish,of 13 ratings,$12
BWEN,$3.125,1441311043336,"15,676",75% bullish,of 4 ratings,$8
BCOV,$5.23,1441311043365,"44,308",67% bullish,of 3 ratings,$10.20
BRKS,$10.37,1441311043470,"96,602",67% bullish,of 3 ratings,$15.25
BRKL,$10.5,1441311043527,"242,866",100% bearish,of 1 rating,$10.75
BRKR,$18.03,1441311043722,"477,458",100% bearish,of 2 ratings,$22
BMTC,$29.09,1441311043751,"43,487",Not yet rated,NULL,$34
BLMT,$20.96,1441311043856,"4,083",Not yet rated,NULL,N/A
BSQR,$6.1416,1441311043904,"32,739",67% bullish,of 3 ratings,N/A
BWLD,$197.7,1441311043985,"149,502",82% bullish,of 11 ratings,$205
BLDR,$15.34,1441311044082,"1,064,371",67% bullish,of 3 ratings,$22
CFFI,$36.1455,1441311044288,201,100% bearish,of 1 rating,N/A
CCMP,$43,1441311044442,"27,859",50% bullish,of 2 ratings,$59
CHRW,$68.2409,1441311044539,"768,146",Not yet rated,NULL,$72
CACQ,$7.14,1441311044584,"51,586",100% bearish,of 1 rating,$12.25
CDZI,$7.41,1441311044646,"28,525",100% bearish,of 1 rating,N/A
CDNS,$20.555,1441311044676,"1,917,156",75% bullish,of 4 ratings,$22.50
BUR,$1.78,1441311044697,"10,000",100% bearish,of 1 rating,$8
CA,$27.505,1441311044728,"1,689,328",50% bullish,of 4 ratings,$33
CSTE,$39.32,1441311044921,"126,981",50% bullish,of 2 ratings,$65
CZR,$9.24,1441311044946,"354,077",60% bearish,of 5 ratings,$10.50
PRSS,$4.415,1441311045120,"16,648",80% bullish,of 5 ratings,$4.50
CCD,$19.4001,1441311045434,"62,196",Not yet rated,NULL,N/A
CLMS,$9.6829,1441311045499,"100,112",Not yet rated,NULL,$10.50
CLBS,$1.74,1441311045569,"254,331",79% bullish,of 14 ratings,$4
CHY,$11.11,1441311045597,"168,468",Not yet rated,NULL,N/A
CHI,$10.41,1441311045728,"175,761",100% bearish,of 1 rating,N/A
CGO,$12.058,1441311045753,"11,861",100% bearish,of 1 rating,N/A
CFGE,$10.53,1441311045779,"1,100",Not yet rated,NULL,N/A
CHW,$7.4816,1441311045801,"134,324",100% bearish,of 1 rating,N/A
CSQ,$9.842,1441311045931,"175,307",Not yet rated,NULL,N/A
CAMP,$16.05,1441311046590,"98,325",88% bullish,of 8 ratings,$25
CALA,$5.98,1441311046648,"194,521",67% bullish,of 3 ratings,$19.50
CFNB,NULL,1441311046683,0,100% bearish,of 1 rating,N/A
CALM,$52.91,1441311046782,"342,852",80% bullish,of 5 ratings,$63.50
CVGW,$48.2,1441311046812,"409,168",50% bullish,of 2 ratings,$62
CALD,$16.12,1441311046834,"260,396",100% bearish,of 1 rating,$21
CAMBU,NULL,1441311046864,0,100% bearish,of 1 rating,N/A
ABCD,$5.1301,1441311046915,"30,057",83% bullish,of 6 ratings,N/A
CAMB,NULL,1441311047137,0,Not yet rated,NULL,N/A
CSIQ,$18.62,1441311047296,"885,837",86% bullish,of 28 ratings,$42.50
CLMT,$25.95,1441311047338,"150,040",75% bullish,of 8 ratings,$31
CGIX,$9.69,1441311047367,"11,148",67% bullish,of 3 ratings,$14.375
CAC,$40.27,1441311047402,"2,437",Not yet rated,NULL,N/A
CAMT,$2.6,1441311047496,"9,282",73% bullish,of 11 ratings,$4
CPHC,$10.22,1441311047521,"4,573",100% bearish,of 1 rating,N/A
CAMBW,NULL,1441311047755,0,Not yet rated,NULL,N/A
CBNJ,$10.99,1441311047931,"377,166",100% bearish,of 1 rating,N/A
CPLA,$48.23,1441311047956,"41,852",67% bearish,of 3 ratings,$65
CSWC,$44.82,1441311048091,"10,566",Not yet rated,NULL,N/A
CCBG,$14.93,1441311048150,"2,955",Not yet rated,NULL,$17.25
CPLP,$7.1,1441311048176,"145,158",71% bullish,of 7 ratings,$11
CBF,$30.2,1441311048219,"76,945",Not yet rated,NULL,$32
CPTA,$13.84,1441311048246,"36,447",100% bearish,of 1 rating,$18.50
CFFN,$11.89,1441311048307,"291,299",Not yet rated,NULL,$12.75
CAPNW,$0.6789,1441311048499,"2,792",Not yet rated,NULL,N/A
CAPN,$2.12,1441311048524,"100,467",100% bullish,of 1 rating,$10.85
CAPR,$4.32,1441311048582,"22,312",Not yet rated,NULL,$12
CARA,$18.94,1441311048739,"157,717",50% bullish,of 4 ratings,$25
CPST,$0.3933,1441311048907,"406,210",95% bullish,of 22 ratings,$1.25
CARB,$11.11,1441311048933,"20,829",75% bullish,of 4 ratings,$12
CBYL,$5.03,1441311049075,"156,467",100% bearish,of 1 rating,$20
CRME,$9,1441311049215,"7,032",89% bullish,of 9 ratings,$11.25
CRDC,$0.328,1441311049290,"101,884",100% bullish,of 1 rating,$1.25
CFNL,$22.06,1441311049474,"35,315",Not yet rated,NULL,$24
CECO,$3.605,1441311049516,"211,996",67% bearish,of 3 ratings,$6
CTRE,$11.2,1441311049578,"197,937",50% bullish,of 2 ratings,$13.50
CATM,$33.76,1441311049665,"121,497",100% bearish,of 1 rating,$44
CSII,$23.02,1441311049722,"115,447",100% bearish,of 2 ratings,$42.125
CDNA,$7.11,1441311049777,"18,253",100% bearish,of 1 rating,$9
CKEC,$22.75,1441311049877,"97,234",50% bullish,of 2 ratings,$35.915
CLBH,$12.625,1441311049924,409,Not yet rated,NULL,$16.50
CARO,$15.34,1441311049976,"1,975",100% bearish,of 1 rating,$19
CRZO,$35.61,1441311050147,"847,328",67% bearish,of 3 ratings,$54.50
CART,$5.4,1441311050174,"5,400",100% bearish,of 1 rating,N/A
TAST,$12.73,1441311050252,"128,529",Not yet rated,NULL,$14.25
CRTN,$2.49,1441311050383,368,100% bearish,of 1 rating,N/A
CASM,$1.18,1441311050409,"141,202",100% bullish,of 1 rating,$3.50
CACB,$5.3287,1441311050466,"8,217",Not yet rated,NULL,$5.50
CARV,$6.25,1441311050592,"35,011",50% bullish,of 2 ratings,N/A
CSCD,$15.17,1441311050631,"8,786",100% bullish,of 2 ratings,$17
CWST,$6.245,1441311050690,"80,770",50% bullish,of 2 ratings,$7.25
CASY,$105.4148,1441311050788,"196,359",50% bullish,of 2 ratings,$99.50
CASI,$1.31,1441311050888,"2,955",100% bullish,of 1 rating,$3.50
CATB,$11.42,1441311051030,"19,304",100% bearish,of 1 rating,$28
CASS,$48.96,1441311051065,"10,045",100% bearish,of 1 rating,N/A
CPRX,$3.69,1441311051095,"246,289",71% bullish,of 7 ratings,$7
CATYW,NULL,1441311051124,0,100% bearish,of 1 rating,N/A
CATY,$29.29,1441311051198,"368,964",100% bearish,of 1 rating,$33.50
CVCO,$71.2735,1441311051223,"9,601",100% bearish,of 1 rating,N/A
CBFV,$20.7138,1441311051729,"10,382",Not yet rated,NULL,$25
CNLMU,NULL,1441311051757,0,100% bullish,of 1 rating,N/A
CNLMR,NULL,1441311051782,0,Not yet rated,NULL,N/A
CNLM,NULL,1441311051859,0,Not yet rated,NULL,N/A
CNLMW,NULL,1441311051911,0,Not yet rated,NULL,N/A
CBOE,$63.86,1441311052004,"271,112",Not yet rated,NULL,$63
CAVM,$69.06,1441311052160,"289,189",67% bearish,of 3 ratings,$72
CPXX,$2.26,1441311052355,"70,449",100% bullish,of 2 ratings,$7
CDK,$49.33,1441311052381,"214,786",67% bearish,of 3 ratings,$50
CDW,$39.31,1441311052402,"291,588",75% bullish,of 4 ratings,$44
CLDN,$1.15,1441311052531,"116,754",63% bullish,of 8 ratings,$3
CELGZ,$1.75,1441311052559,"39,214",80% bullish,of 5 ratings,N/A
CECE,$9.48,1441311052589,"89,378",50% bullish,of 2 ratings,$16
CELG,$117.94,1441311052629,"1,940,107",100% bullish,of 13 ratings,$156
CLDX,$13.96,1441311052759,"606,855",89% bullish,of 9 ratings,$36
CLRB,$3,1441311052915,"1,901",100% bearish,of 1 rating,N/A
CLLS,$32.825,1441311053071,"46,596",75% bullish,of 4 ratings,$51.50
CEMP,$33.45,1441311053226,"264,957",71% bullish,of 7 ratings,$52
CLTX,$1.9099,1441311053266,"119,203",100% bullish,of 2 ratings,N/A
CETX,$2.47,1441311053408,"22,404",Not yet rated,NULL,$5.60
CYAD,NULL,1441311053435,0,100% bullish,of 1 rating,$87.50
CLSN,$1.9762,1441311053460,"35,874",80% bullish,of 10 ratings,$7.50
CBMG,$23.48,1441311053604,"60,454",50% bullish,of 2 ratings,N/A
CSFL,$13.68,1441311053654,"42,190",Not yet rated,NULL,$15
CLRBW,NULL,1441311053684,0,Not yet rated,NULL,N/A
CETV,$2.05,1441311053791,"16,009",67% bullish,of 3 ratings,$2.80
CFBK,$1.39,1441311053958,352,Not yet rated,NULL,N/A
CVCY,$11.7,1441311053986,"7,893",Not yet rated,NULL,$12
CENTA,$14.48,1441311054011,"153,575",Not yet rated,NULL,N/A
CENT,$14.17,1441311054036,"327,790",Not yet rated,NULL,$10
CENX,$5.24,1441311054295,"1,001,846",67% bullish,of 6 ratings,$9
CERE,$1.18,1441311054438,"1,584,703",88% bullish,of 8 ratings,N/A
CRNT,$1.38,1441311054568,"55,217",50% bullish,of 2 ratings,$2
CPHD,$48.41,1441311054595,"357,014",67% bearish,of 3 ratings,$66
CNBKA,$39.62,1441311054649,"3,867",50% bullish,of 2 ratings,N/A
CERU,$4.2001,1441311054675,"19,474",75% bullish,of 4 ratings,$14
CERS,$4.94,1441311054805,"456,763",75% bullish,of 4 ratings,$7
CERN,$61.02,1441311054837,"685,379",67% bullish,of 3 ratings,$79
KOOL,$0.6799,1441311054941,"4,511",100% bullish,of 5 ratings,$7
CNTY,$5.93,1441311054966,"5,277",80% bullish,of 5 ratings,$7.75
CYOU,$18.87,1441311055122,"77,012",50% bullish,of 6 ratings,$24
CEVA,$19.19,1441311055171,"67,062",100% bearish,of 1 rating,$25
CHTR,$182.95,1441311055399,"551,928",100% bearish,of 2 ratings,$202
CTHR,$1.29,1441311055430,"1,355",50% bullish,of 2 ratings,$2.50
GTLS,$23.51,1441311055531,"157,487",50% bullish,of 4 ratings,$40
HOTRW,$0.1499,1441311055556,"5,200",Not yet rated,NULL,N/A
HOTR,$1.3201,1441311055590,"101,633",100% bullish,of 2 ratings,$5
CHEK,$2.44,1441311055610,"2,382",Not yet rated,NULL,$7.75
CHEKW,NULL,1441311055681,0,Not yet rated,NULL,N/A
CHKP,$78.19,1441311055782,"628,526",50% bullish,of 4 ratings,$92
CHFN,$12.11,1441311055823,"4,455",Not yet rated,NULL,$14
CHFC,$30.74,1441311055972,"33,916",100% bearish,of 1 rating,$36
CEMI,$4.23,1441311056001,"3,523",50% bullish,of 2 ratings,$7.50
CCXI,$6.17,1441311056031,"15,224",67% bullish,of 3 ratings,$14
CHMG,$26.2,1441311056131,"1,920",Not yet rated,NULL,$30
CHKE,$25.32,1441311056286,"11,854",100% bearish,of 1 rating,$32.50
CHMA,$28.46,1441311056437,"111,742",Not yet rated,NULL,$40
CALI,$0.8201,1441311056585,720,67% bullish,of 3 ratings,N/A
CHEV,$14.5,1441311056614,701,Not yet rated,NULL,N/A
CAAS,$6.0544,1441311056718,"28,262",93% bullish,of 14 ratings,$11.50
CMRX,$49.22,1441311056753,"260,948",50% bullish,of 2 ratings,$57
CBNK,$16.65,1441311056794,"7,414",100% bearish,of 1 rating,N/A
CADC,NULL,1441311056851,0,78% bullish,of 9 ratings,N/A
PLCE,$58.88,1441311057048,"94,300",100% bearish,of 1 rating,$69
CBAK,$2.19,1441311057069,"81,455",67% bullish,of 9 ratings,N/A
CCCL,$0.78,1441311057102,"22,618",100% bullish,of 6 ratings,N/A
CBPO,$94.5853,1441311057149,"69,110",75% bullish,of 8 ratings,$140.50
CCCR,$0.67,1441311057406,"1,400",67% bearish,of 3 ratings,N/A
CHLN,$1.88,1441311057536,"2,660",67% bullish,of 3 ratings,N/A
JRJC,$3.36,1441311057561,"62,468",82% bullish,of 11 ratings,N/A
CNIT,$1.17,1441311057606,"72,172",67% bullish,of 6 ratings,N/A
CHOP,$1.08,1441311057635,"1,447",50% bullish,of 2 ratings,N/A
HTHT,$25.63,1441311057739,"26,411",50% bullish,of 2 ratings,$28.40
CJJD,$1.8,1441311057776,"2,400",100% bullish,of 1 rating,N/A
HGSH,$1.7737,1441311057978,"5,219",67% bullish,of 3 ratings,N/A
CPGI,$6.7899,1441311058473,"7,300",Not yet rated,NULL,N/A
CREG,$0.655,1441311058499,"21,173",100% bullish,of 3 ratings,N/A
CXDC,$6.11,1441311058557,"26,906",67% bearish,of 3 ratings,N/A
CSUN,$1.36,1441311058586,"7,156",80% bullish,of 5 ratings,N/A
CHNR,$1.5899,1441311058661,"3,168",100% bearish,of 1 rating,N/A
CNTF,$0.7959,1441311058687,"63,082",Not yet rated,NULL,N/A
CNYD,$3.26,1441311058819,"6,949",67% bullish,of 3 ratings,N/A
CNET,$0.82,1441311058892,"20,933",50% bullish,of 2 ratings,N/A
CCIH,$7.07,1441311059020,"92,771",67% bullish,of 6 ratings,$12.65
CHSCM,$26.19,1441311059155,"26,459",Not yet rated,NULL,N/A
IMOS,$19.2,1441311059187,"175,264",60% bullish,of 5 ratings,$21.50
CHSCO,$28.419,1441311059209,"4,207",Not yet rated,NULL,N/A
CHSCN,$27.05,1441311059242,"11,794",Not yet rated,NULL,N/A
CHSCP,$30.635,1441311059289,"3,654",Not yet rated,NULL,N/A
CHSCL,$27.15,1441311059372,"36,734",Not yet rated,NULL,N/A
CHDN,$132.6737,1441311059610,"94,934",Not yet rated,NULL,$165
CDTX,$14.1,1441311059743,"6,846",Not yet rated,NULL,$22
CMCT,NULL,1441311059886,0,100% bearish,of 1 rating,N/A
CINF,$52.89,1441311060030,"463,978",50% bullish,of 4 ratings,$50.50
CMPR,$71.505,1441311060103,"185,406",50% bullish,of 2 ratings,$72.50
CTAS,$85.27,1441311060162,"225,778",100% bearish,of 1 rating,$91
CIDM,$0.5959,1441311060246,"32,770",50% bullish,of 2 ratings,$2.10
CIFC,$7.0699,1441311060271,575,100% bearish,of 1 rating,N/A
CHUY,$30.95,1441311060303,"140,057",50% bullish,of 2 ratings,$34
CRUS,$30.38,1441311060329,"644,961",75% bullish,of 12 ratings,$44.50
CSCO,$25.975,1441311060403,"13,364,210",83% bullish,of 210 ratings,$32
CPHR,$4.85,1441311060547,"3,119",100% bearish,of 1 rating,$17
CTRN,$26.365,1441311060625,"50,181",100% bearish,of 1 rating,$31.50
CZNC,$19.36,1441311060829,"6,620",Not yet rated,NULL,N/A
CIVB,$10.1999,1441311061028,"1,237",Not yet rated,NULL,$11
CIZN,$19.62,1441311061056,688,Not yet rated,NULL,N/A
CZFC,$12.82,1441311061085,100,Not yet rated,NULL,N/A
CZWI,$8.91,1441311061159,101,Not yet rated,NULL,N/A
CIVBP,NULL,1441311061191,0,Not yet rated,NULL,N/A
CTXS,$68.07,1441311061291,"977,575",86% bullish,of 7 ratings,$80
CDTI,$1.57,1441311061318,"36,222",75% bullish,of 4 ratings,$3.20
CLNE,$5.28,1441311061447,"722,684",80% bullish,of 15 ratings,$9
CLFD,$16.97,1441311061475,"51,887",67% bullish,of 3 ratings,$18
CLNT,$1.5,1441311061503,"3,750",75% bullish,of 8 ratings,N/A
CLIR,$5.06,1441311061773,"19,419",100% bullish,of 3 ratings,N/A
CLRO,$11.4,1441311061878,"1,608",50% bullish,of 2 ratings,$14.25
CBLI,$4.15,1441311061903,"51,162",60% bullish,of 5 ratings,N/A
CSBK,$13.76,1441311061941,"40,046",Not yet rated,NULL,N/A
CLVS,$81.39,1441311062047,"201,241",60% bullish,of 5 ratings,$101.50
CMFN,$11.32,1441311062072,"11,643",100% bearish,of 1 rating,$15.50
CME,$93.97,1441311062319,"608,464",67% bullish,of 3 ratings,$102
CNV,$4.47,1441311062383,"6,500",50% bullish,of 2 ratings,$7.15
CISG,$7.88,1441311062412,"17,545",100% bullish,of 5 ratings,$10
CWAY,NULL,1441311062545,0,Not yet rated,NULL,N/A
COBZ,$12.7,1441311062583,"33,305",100% bullish,of 1 rating,$14
COKE,$163.4012,1441311062610,"16,646",79% bullish,of 19 ratings,N/A
CHCO,$47.3,1441311062682,"31,851",Not yet rated,NULL,$46
CCNE,$16.95,1441311062709,"2,345",50% bullish,of 2 ratings,$21.50
CDRB,$8.8,1441311062945,"129,185",67% bullish,of 3 ratings,N/A
CDXS,$3.515,1441311063105,"79,550",64% bullish,of 11 ratings,$6
JVA,$4.6329,1441311063134,"8,811",83% bullish,of 6 ratings,$7
CVLY,$20.5,1441311063235,"1,000",Not yet rated,NULL,N/A
CGNT,$1.51,1441311063544,"5,916",100% bullish,of 2 ratings,$2
CGNX,$35.14,1441311063572,"245,683",50% bullish,of 2 ratings,$47
CCOI,$27.38,1441311063670,"190,858",50% bullish,of 4 ratings,$35
CLCT,$18.0503,1441311063722,"16,645",100% bearish,of 1 rating,N/A
COHU,$9.66,1441311063766,"52,615",100% bearish,of 1 rating,$14.25
COHR,$55.91,1441311063816,"43,801",50% bullish,of 2 ratings,$72
CTSH,$63.01,1441311063847,"1,230,441",90% bullish,of 10 ratings,$75
CHRS,$26.68,1441311063954,"82,002",67% bearish,of 3 ratings,$37
CLRX,$0.67,1441311063984,"58,280",50% bullish,of 2 ratings,N/A
COLL,$15.46,1441311064267,"70,368",100% bearish,of 1 rating,$26
CIGI,$42.99,1441311064339,"27,147",100% bearish,of 1 rating,$52
COLB,$29.58,1441311064531,"68,455",Not yet rated,NULL,$36
CBAN,$8.9,1441311064557,100,Not yet rated,NULL,N/A
COLM,$62.255,1441311064601,"82,724",100% bearish,of 1 rating,$71
CLCD,$5.9,1441311064747,"37,432",100% bearish,of 1 rating,$20.50
CBMX,$1.12,1441311064772,885,83% bullish,of 6 ratings,$3.15
CMCSA,$56.34,1441311064815,"6,355,246",66% bullish,of 35 ratings,$69.50
CMCO,$18.92,1441311064842,"95,759",60% bullish,of 5 ratings,$28
CBSHP,$25.4044,1441311064975,"5,180",100% bearish,of 1 rating,N/A
CBSH,$43.83,1441311065000,"146,168",50% bullish,of 2 ratings,$46
COMM,$32.92,1441311065407,"363,059",67% bearish,of 3 ratings,$35
CSAL,$20.49,1441311065452,"525,956",75% bullish,of 4 ratings,$30
CVGI,$4.885,1441311065478,"21,827",50% bullish,of 2 ratings,$6
CUBN,$13.35,1441311065506,"1,900",Not yet rated,NULL,N/A
CMCSK,$57.48,1441311065608,"1,944,833",Not yet rated,NULL,$84
JCS,$9.26,1441311065738,600,67% bullish,of 3 ratings,N/A
CWBC,$6.8601,1441311065838,"27,221",Not yet rated,NULL,N/A
CYHHZ,$0.01,1441311065922,"11,551",100% bullish,of 1 rating,N/A
COB,$10.38,1441311065947,"5,730",100% bullish,of 1 rating,$11.75
CVLT,$35.13,1441311066090,"109,514",75% bullish,of 4 ratings,$44.50
CIZ,$32.82,1441311066117,"3,316",100% bearish,of 1 rating,N/A
ESXB,$5.1,1441311066153,"5,500",Not yet rated,NULL,N/A
CID,NULL,1441311066283,0,Not yet rated,NULL,N/A
CSA,NULL,1441311066557,0,Not yet rated,NULL,N/A
CTBI,$34.49,1441311066690,"13,446",Not yet rated,NULL,$36
CDC,$34.3562,1441311066714,"13,917",Not yet rated,NULL,N/A
CIL,NULL,1441311066755,0,Not yet rated,NULL,N/A
CSF,$36.45,1441311066918,"3,019",100% bearish,of 1 rating,N/A
CFO,$35.22,1441311067001,"19,001",100% bearish,of 1 rating,N/A
CDL,NULL,1441311067084,0,Not yet rated,NULL,N/A
CFA,$35.31,1441311067219,"1,800",100% bearish,of 1 rating,N/A
CTG,$6.67,1441311067244,"10,485",100% bearish,of 1 rating,$8.50
SCOR,$46.96,1441311067274,"845,369",100% bearish,of 1 rating,$66
CSB,NULL,1441311067498,0,Not yet rated,NULL,N/A
CHCI,$0.67,1441311067591,"3,488",50% bullish,of 2 ratings,N/A
CMTL,$26.2,1441311067819,"13,200",100% bearish,of 2 ratings,$37
CPSI,$45.5,1441311068048,"29,228",100% bearish,of 1 rating,$45.50
CXRX,$81.36,1441311068182,"3,820",100% bearish,of 1 rating,$90
CNAT,$3.85,1441311068292,"44,876",83% bullish,of 6 ratings,$13
CCUR,$5.38,1441311068319,"7,717",75% bullish,of 4 ratings,N/A
CNCE,$15.71,1441311068354,"89,289",75% bullish,of 4 ratings,$22
CGEN,$4.97,1441311068390,"64,483",50% bullish,of 2 ratings,$11
CNSI,$18.2599,1441311068454,"53,163",100% bearish,of 2 ratings,$29
CDOR,$1.25,1441311068658,"5,830",100% bullish,of 1 rating,N/A
CFMS,$14.5522,1441311068790,"304,377",100% bearish,of 1 rating,$26.50
CDORP,$6.53,1441311068837,"6,438",100% bearish,of 1 rating,N/A
CNFR,$10,1441311068897,"5,000",Not yet rated,NULL,N/A
CDORO,$16.95,1441311068977,"2,150",100% bearish,of 1 rating,N/A
CTWS,$34.72,1441311069041,"8,020",100% bearish,of 1 rating,$44
CNMD,$51.05,1441311069076,"88,755",Not yet rated,NULL,$59
CNXR,$6.94,1441311069318,"38,336",100% bearish,of 1 rating,$12
CNOB,$18.82,1441311069344,"7,860",100% bullish,of 1 rating,$23.50
CONN,$28.3045,1441311069523,"232,011",67% bullish,of 3 ratings,$48.50
CTCT,$24.83,1441311069562,"117,795",67% bullish,of 3 ratings,$37
CNSL,$19.54,1441311069606,"72,693",100% bearish,of 1 rating,$23
CWCO,$10.28,1441311069664,"14,824",67% bullish,of 3 ratings,$14.50
CPSS,$5.61,1441311069702,"5,811",100% bullish,of 1 rating,$10
CFRXW,NULL,1441311069753,0,100% bearish,of 1 rating,N/A
CFRXZ,NULL,1441311069925,0,Not yet rated,NULL,N/A
CFRX,$4.87,1441311070053,"8,691",Not yet rated,NULL,$14
CTRV,$3.49,1441311070158,"5,721",Not yet rated,NULL,$6.40
CTRL,$8.5,1441311070191,"110,115",50% bullish,of 2 ratings,$11
CPRT,$34.9875,1441311070216,"151,900",67% bearish,of 3 ratings,$40
CRBP,$1.8101,1441311070345,"123,585",100% bullish,of 2 ratings,$6.25
CORT,$4.91,1441311070400,"186,158",67% bullish,of 3 ratings,$12
BVA,$3.83,1441311070446,1,50% bullish,of 2 ratings,N/A
CRVL,$30.7,1441311070614,"12,328",100% bearish,of 1 rating,N/A
CORE,$59.9795,1441311070642,"60,504",100% bearish,of 1 rating,$72
CORI,$10.79,1441311070679,"39,236",100% bearish,of 1 rating,$18
COSI,$1.06,1441311070776,"93,441",100% bullish,of 1 rating,N/A
CSOD,$36.85,1441311070802,"262,322",50% bullish,of 2 ratings,$42
COST,$140.85,1441311070842,"807,100",79% bullish,of 24 ratings,$154.50
CSGP,$178.17,1441311070874,"71,815",50% bullish,of 2 ratings,$235
CPAH,$0.44,1441311071084,"11,342",50% bullish,of 2 ratings,N/A
ICBK,$18.62,1441311071335,201,Not yet rated,NULL,$21
COWNL,$26.3,1441311071407,"5,400",Not yet rated,NULL,N/A
COVS,$2.53,1441311071438,"28,326",67% bullish,of 3 ratings,N/A
CVTI,$22.651,1441311071459,"44,522",67% bearish,of 3 ratings,$39
COWN,$5.0608,1441311071494,"566,239",75% bullish,of 4 ratings,$7
CPSH,$2.3799,1441311071538,"1,100",Not yet rated,NULL,N/A
CBRL,$145.8979,1441311071591,"124,147",50% bullish,of 2 ratings,$155
BREW,$7.71,1441311071758,"15,337",67% bullish,of 6 ratings,$15
CACC,$203.2204,1441311071894,"43,142",50% bullish,of 2 ratings,$158.50
CRAI,$23.46,1441311071919,"12,200",100% bearish,of 1 rating,$36
GLDI,$11.01,1441311071948,"6,565",100% bearish,of 1 rating,N/A
CRAY,$21.3414,1441311071973,"151,437",83% bullish,of 6 ratings,$38.50
CREE,$26.6767,1441311072104,"577,835",65% bullish,of 17 ratings,$29.50
SLVO,$10.12,1441311072344,450,100% bearish,of 1 rating,N/A
CRESY,$10.3484,1441311072370,"13,388",100% bearish,of 1 rating,$19
CRTO,$37.62,1441311072640,"233,181",67% bullish,of 6 ratings,$64
CCRN,$14.35,1441311072736,"215,323",100% bearish,of 1 rating,$14.25
CRWS,$8.07,1441311072825,"3,793",Not yet rated,NULL,$10
CYRX,$2.9799,1441311072846,"11,789",Not yet rated,NULL,$9
CRWN,$5.21,1441311072899,"65,782",75% bullish,of 4 ratings,N/A
CRDS,$1.19,1441311072929,"251,714",75% bullish,of 4 ratings,$3.50
CSGS,$30.615,1441311072998,"93,297",Not yet rated,NULL,$40
CROX,$14.2257,1441311073025,"319,926",63% bullish,of 8 ratings,$16.50
CYRXW,$0.74,1441311073072,"27,500",Not yet rated,NULL,N/A
CTIC,$1.55,1441311073335,"268,252",84% bullish,of 76 ratings,$5.75
CTCM,$1.745,1441311073440,"85,931",80% bearish,of 5 ratings,$3.90
CTIB,$3.73,1441311073480,"1,600",100% bearish,of 1 rating,N/A
CCLP,$14.51,1441311073512,"52,304",67% bearish,of 3 ratings,$20
CSPI,$5.67,1441311073592,"9,601",67% bullish,of 3 ratings,N/A
CUNB,$21.66,1441311073696,"10,110",Not yet rated,NULL,$24.50
CTRP,$66.09,1441311073721,"709,735",75% bullish,of 8 ratings,$92.50
CMLS,$1.31,1441311073914,"114,544",50% bullish,of 4 ratings,$6
CPIX,$6.056,1441311073939,"15,376",Not yet rated,NULL,N/A
CVBF,$16.0152,1441311074071,"104,128",Not yet rated,NULL,$18
CUTR,$14.93,1441311074104,"54,637",67% bearish,of 3 ratings,$18
CYAN,$6.2435,1441311074250,"8,780",100% bearish,of 1 rating,N/A
CVV,$11.45,1441311074282,"6,289",100% bullish,of 5 ratings,N/A
CUI,$5.36,1441311074308,"15,250",50% bullish,of 2 ratings,$10
CRIS,$2.54,1441311074442,"102,394",100% bullish,of 8 ratings,$6
CYBR,$48.43,1441311074467,"858,532",75% bullish,of 8 ratings,$68.50
CYCCP,NULL,1441311074816,0,100% bearish,of 1 rating,N/A
CYBX,$64.6632,1441311074845,"81,680",50% bullish,of 4 ratings,$71.50
CYRN,$1.7103,1441311074950,"16,155",67% bullish,of 3 ratings,$4
CYNO,$32.6,1441311074976,"179,088",67% bearish,of 3 ratings,$45.50
CBAY,$2.65,1441311075001,"8,148",100% bullish,of 1 rating,$4
CYCC,$0.55,1441311075026,"15,976",73% bullish,of 11 ratings,N/A
CYNA,$16.02,1441311075174,"12,793",50% bullish,of 2 ratings,$31.50
CONE,$32.11,1441311075259,"665,109",67% bearish,of 3 ratings,$35.50
CY,$10.2247,1441311075315,"4,100,695",80% bullish,of 10 ratings,$15.50
CYTK,$7.06,1441311075410,"122,346",71% bullish,of 14 ratings,$13.50
CTSO,$7.2922,1441311075443,"42,657",Not yet rated,NULL,$15.625
CYTX,$0.37,1441311075499,"1,026,576",83% bullish,of 12 ratings,$5.50
DAEG,$0.3616,1441311075897,"4,020",100% bearish,of 1 rating,N/A
CYTR,$2.45,1441311075929,"353,077",67% bullish,of 6 ratings,$10
ZIV,$36.09,1441311075950,"58,046",Not yet rated,NULL,N/A
TVIX,$14.88,1441311075981,"14,888,037",81% bullish,of 16 ratings,N/A
CYBE,$6.81,1441311076009,"7,102",100% bearish,of 1 rating,N/A
DARA,$0.815,1441311076037,"49,391",83% bullish,of 6 ratings,$1.50
XIV,$24.71,1441311076168,"24,980,182",75% bearish,of 4 ratings,N/A
TVIZ,$22.9,1441311076197,"6,212",100% bearish,of 1 rating,N/A
DAKT,$8.51,1441311076375,"99,774",50% bullish,of 2 ratings,$12
DJCO,$193,1441311076567,105,Not yet rated,NULL,N/A
DRAM,$1.329,1441311076711,"4,502",78% bullish,of 9 ratings,N/A
DAIO,$2.5201,1441311076760,"6,023",Not yet rated,NULL,N/A
DTLK,$5.58,1441311076862,"55,932",100% bearish,of 1 rating,$9
DTEA,$13.15,1441311076944,"37,579",100% bearish,of 2 ratings,$24
PLAY,$36.28,1441311077010,"248,515",100% bullish,of 5 ratings,$42
DWSN,$4.3,1441311077041,"20,924",67% bullish,of 3 ratings,N/A
DWCH,$4.9295,1441311077068,"8,442",75% bullish,of 4 ratings,$8.25
TRAK,$62.86,1441311077094,"228,386",50% bullish,of 2 ratings,$62.50
DHRM,$1.65,1441311077143,"18,750",Not yet rated,NULL,N/A
DFRG,$14.44,1441311077338,"80,003",100% bearish,of 1 rating,$20
TACO,$12.9958,1441311077431,"51,218",75% bullish,of 4 ratings,$20
DBVT,$37.4224,1441311077491,"58,113",100% bearish,of 1 rating,$53
TACOW,$4.01,1441311077574,"1,308",100% bullish,of 1 rating,N/A
DCTH,$0.4237,1441311077626,"55,327",78% bullish,of 9 ratings,N/A
DELT,$2.12,1441311077768,"1,100",Not yet rated,NULL,N/A
DGAS,$20.38,1441311077797,"4,378",67% bearish,of 3 ratings,N/A
DEPO,$26.66,1441311077899,"610,156",60% bullish,of 5 ratings,$29
XRAY,$51.75,1441311078040,"277,847",100% bullish,of 1 rating,$58
DSCI,$6.03,1441311078095,"113,603",50% bullish,of 2 ratings,$16
DELTW,NULL,1441311078224,0,Not yet rated,NULL,N/A
DENN,$11.2314,1441311078257,"128,260",100% bullish,of 3 ratings,$15
DERM,$25.59,1441311078278,"31,668",100% bearish,of 1 rating,$33.50
DXLG,$6.42,1441311078309,"258,201",100% bearish,of 1 rating,$8
DEST,$10.37,1441311078338,"35,739",50% bullish,of 2 ratings,N/A
DSWL,$1.51,1441311078508,"11,305",100% bullish,of 1 rating,N/A
DHXM,$6.0147,1441311078673,"8,395",100% bearish,of 1 rating,N/A
DXCM,$88.7877,1441311078698,"482,995",57% bullish,of 7 ratings,$98
DXM,$0.2899,1441311078723,"141,355",50% bullish,of 2 ratings,N/A
FANG,$67.7614,1441311079040,"440,046",50% bullish,of 2 ratings,$86
DCIX,$1.57,1441311079075,"55,847",50% bullish,of 4 ratings,$3.50
DMND,$30.6204,1441311079096,"57,221",75% bullish,of 12 ratings,$32
DRNA,$10.68,1441311079182,"50,636",67% bearish,of 3 ratings,$25
DMRC,$38.6263,1441311079226,"35,965",100% bearish,of 1 rating,$44
DHIL,$189.82,1441311079261,608,Not yet rated,NULL,N/A
DRAD,$3.76,1441311079316,"4,663",100% bullish,of 1 rating,$5.25
DGII,$10.3,1441311079341,"43,867",100% bearish,of 1 rating,$11
DGLY,$7.32,1441311079516,"46,615",50% bullish,of 6 ratings,$20
DIOD,$21.95,1441311079687,"485,762",75% bearish,of 4 ratings,$24
APPS,$2.155,1441311079712,"253,764",100% bearish,of 1 rating,$10.25
DCOM,$16.73,1441311079738,"65,144",100% bearish,of 2 ratings,$16
DPRX,$13.87,1441311079878,"22,929",100% bullish,of 2 ratings,$27.75
DISCB,$27.3983,1441311080047,400,100% bearish,of 1 rating,$35
DVCR,$10.9399,1441311080182,"1,501",100% bullish,of 1 rating,N/A
DISCA,$27.185,1441311080209,"1,527,699",67% bullish,of 3 ratings,$34
DSCO,$0.4611,1441311080232,"276,471",83% bullish,of 6 ratings,$2.75
DISCK,$25.9851,1441311080265,"540,150",100% bearish,of 1 rating,$32
DISH,$59.91,1441311080364,"700,219",69% bullish,of 13 ratings,$73
DLHC,$2.49,1441311080463,702,100% bearish,of 1 rating,N/A
BAGR,$2.7199,1441311080512,"1,877",100% bearish,of 1 rating,$6
DNBF,$26.01,1441311080600,200,Not yet rated,NULL,$27.50
DLTR,$66.9958,1441311080646,"3,373,343",82% bullish,of 11 ratings,$85
DGICA,$14.0599,1441311080674,"14,834",100% bearish,of 1 rating,$17
DMLP,$14.98,1441311080951,"25,277",100% bearish,of 1 rating,N/A
DGICB,NULL,1441311080977,0,100% bearish,of 1 rating,N/A
DORM,$50.3113,1441311081043,"119,734",100% bearish,of 1 rating,$56
DRWI,$0.215,1441311081071,"602,488",60% bullish,of 5 ratings,$.45
DWA,$20.8709,1441311081200,"477,939",63% bullish,of 8 ratings,$26
HILL,$9.7,1441311081226,"524,311",60% bearish,of 5 ratings,$9.75
DRWIW,$0.055,1441311081255,"31,741",Not yet rated,NULL,N/A
DSPG,$8.88,1441311081406,"14,506",100% bearish,of 1 rating,$13.50
DSKX,$3.35,1441311081539,"70,838",100% bullish,of 1 rating,N/A
DRYS,$0.4498,1441311081564,"1,928,537",77% bullish,of 31 ratings,$.60
CADTR,NULL,1441311081627,0,Not yet rated,NULL,N/A
CADTU,$10.21,1441311081772,"3,700",Not yet rated,NULL,N/A
CADT,$9.9999,1441311081858,"14,600",Not yet rated,NULL,N/A
DRRX,$2.01,1441311082098,"119,855",50% bullish,of 6 ratings,$3
CADTW,NULL,1441311082132,0,Not yet rated,NULL,N/A
DYAX,$22.07,1441311082192,"255,298",89% bullish,of 9 ratings,$30
DTSI,$28.02,1441311082214,"126,645",100% bearish,of 2 ratings,$39.50
DXPE,$29.8257,1441311082238,"102,992",50% bullish,of 2 ratings,N/A
DNKN,$49.0001,1441311082272,"718,460",67% bullish,of 15 ratings,$56.50
BOOM,$10.88,1441311082296,"103,616",67% bullish,of 3 ratings,$12
DYSL,$1.51,1441311082435,"20,289",100% bullish,of 2 ratings,N/A
DYNT,$3.06,1441311082650,"5,026",75% bullish,of 4 ratings,N/A
ETFC,$25.67,1441311082676,"2,020,609",57% bullish,of 14 ratings,$32.50
DVAX,$28.3496,1441311082807,"137,984",70% bullish,of 10 ratings,$40
EGBN,$41.4302,1441311082972,"24,213",Not yet rated,NULL,$48
EGLE,$6.5,1441311083004,"19,205",60% bullish,of 5 ratings,N/A
EBMT,$11.53,1441311083025,667,Not yet rated,NULL,$13.50
EWBC,$39.31,1441311083076,"490,320",100% bearish,of 1 rating,$50
ELNK,$8.58,1441311083107,"326,450",60% bullish,of 5 ratings,$9.50
EGRX,$79.7397,1441311083167,"95,211",67% bullish,of 3 ratings,$97
EROC,$1.48,1441311083245,"134,938",50% bullish,of 2 ratings,$3
EML,$16.2901,1441311083490,"14,033",Not yet rated,NULL,N/A
EBIX,$28.44,1441311083635,"88,332",69% bullish,of 13 ratings,$40
EACQU,NULL,1441311083664,0,Not yet rated,NULL,N/A
EBAY,$27.2379,1441311083767,"5,568,366",81% bullish,of 117 ratings,$34
EVBS,$6.66,1441311084035,700,Not yet rated,NULL,$7
ECTE,$1.58,1441311084061,"21,571",75% bullish,of 4 ratings,N/A
SATS,$44.3183,1441311084106,"44,913",50% bullish,of 2 ratings,$60
ECHO,$22.82,1441311084137,"242,447",67% bearish,of 3 ratings,$34.50
ELON,$0.585,1441311084164,"35,627",50% bullish,of 2 ratings,N/A
EEI,$11.8099,1441311084195,"2,541",67% bearish,of 3 ratings,N/A
ECACU,NULL,1441311084236,0,Not yet rated,NULL,N/A
ESES,$3.5,1441311084296,806,100% bearish,of 1 rating,$7
EDUC,$6.5101,1441311084453,"35,100",100% bearish,of 1 rating,N/A
EDGW,$7.21,1441311084655,584,100% bearish,of 1 rating,N/A
EDAP,$3.53,1441311084681,"16,476",60% bullish,of 5 ratings,$4.50
EFUT,$4.62,1441311084737,300,Not yet rated,NULL,N/A
EGLT,$12.735,1441311084908,"71,642",50% bullish,of 2 ratings,$21
EGAN,$3.64,1441311084967,"7,404",50% bullish,of 2 ratings,$6.25
LOCO,$12.5647,1441311085096,"276,076",69% bullish,of 13 ratings,$19.50
ERI,$9.44,1441311085126,"32,126",100% bearish,of 1 rating,$10
EMITF,$1.25,1441311085153,"7,599",75% bullish,of 4 ratings,N/A
EHTH,$14.884,1441311085189,"64,433",50% bullish,of 4 ratings,$17
ELRC,$10.59,1441311085228,"7,256",100% bearish,of 1 rating,N/A
ESLT,$77.59,1441311085329,"1,920",67% bullish,of 3 ratings,N/A
ESIO,$4.5,1441311085457,"86,357",50% bullish,of 2 ratings,$10
EA,$65.97,1441311085687,"1,763,455",78% bullish,of 36 ratings,$80
ELSE,NULL,1441311085740,0,60% bullish,of 5 ratings,N/A
ELEC,NULL,1441311085815,0,Not yet rated,NULL,N/A
EFII,$43.53,1441311085897,"67,831",80% bullish,of 5 ratings,$55
EBIO,$3.38,1441311086034,"125,156",100% bearish,of 2 ratings,$8.35
ELECU,$9.998,1441311086063,300,Not yet rated,NULL,N/A
ELECW,NULL,1441311086166,0,Not yet rated,NULL,N/A
RDEN,$11.76,1441311086225,"123,652",100% bearish,of 4 ratings,$15
CAPX,$22.85,1441311086299,1,Not yet rated,NULL,N/A
EMCI,$22.5771,1441311086455,"37,228",Not yet rated,NULL,N/A
LONG,$16.99,1441311086480,"4,800",67% bullish,of 3 ratings,$15.75
ESBK,$19.79,1441311086537,"2,385",Not yet rated,NULL,N/A
ELTK,$1.3,1441311086611,"42,125",67% bearish,of 3 ratings,N/A
EMKR,$6.88,1441311086745,"86,214",75% bullish,of 4 ratings,$8.50
EMCF,$23.488,1441311086770,200,100% bearish,of 1 rating,N/A
EMMSP,NULL,1441311087199,0,100% bearish,of 1 rating,N/A
ENTA,$39.17,1441311087224,"91,549",50% bullish,of 2 ratings,$42
ENDP,$75.4159,1441311087254,"654,826",50% bullish,of 6 ratings,$101.50
EMMS,$1.28,1441311087280,"28,504",83% bullish,of 6 ratings,N/A
WIRE,$32.21,1441311087358,"58,259",100% bearish,of 1 rating,$37
NYNY,$4.32,1441311087488,"13,453",50% bullish,of 2 ratings,N/A
ERS,NULL,1441311087549,0,Not yet rated,NULL,N/A
ECYT,$5.201,1441311087652,"171,849",83% bullish,of 6 ratings,$12
EIGI,$15.16,1441311087786,"230,339",67% bearish,of 3 ratings,$22.50
ECPG,$38.3705,1441311087811,"108,433",100% bullish,of 2 ratings,$52
ELGX,$12.74,1441311087846,"867,158",75% bullish,of 4 ratings,$17
WATT,$6.81,1441311088204,"34,292",50% bullish,of 2 ratings,$13
EFOI,$23.96,1441311088230,"725,233",50% bullish,of 2 ratings,$24.50
EXXI,$1.78,1441311088270,"1,194,975",86% bullish,of 7 ratings,$3.50
ERII,$2.58,1441311088301,"28,883",80% bullish,of 5 ratings,$2.50
ENG,$1.04,1441311088403,"42,366",100% bullish,of 3 ratings,N/A
ESGR,$149.9229,1441311088444,"30,743",100% bearish,of 1 rating,$185
ENPH,$4.45,1441311088779,"701,057",75% bullish,of 4 ratings,$11
ENOC,$8.8533,1441311088811,"111,516",75% bullish,of 4 ratings,$18
ENTG,$13.6417,1441311088839,"241,646",100% bearish,of 1 rating,$18
ENFC,$17.4501,1441311088914,801,Not yet rated,NULL,N/A
ETRM,$0.2911,1441311089047,"918,066",69% bearish,of 35 ratings,$1.625
EBTC,$21.52,1441311089074,759,Not yet rated,NULL,N/A
EFSC,$23.9,1441311089203,"24,851",Not yet rated,NULL,$27
ENTL,$21.7577,1441311089230,"10,028",Not yet rated,NULL,$28
EGT,$2.007,1441311089257,"6,900",100% bullish,of 1 rating,N/A
ENZN,$0.98,1441311089388,"115,751",100% bullish,of 9 ratings,N/A
ENVI,$1.89,1441311089420,"36,866",67% bullish,of 3 ratings,N/A
EPIQ,$12.6671,1441311089479,"38,357",100% bearish,of 1 rating,$18
ENZY,$10.43,1441311089505,"38,302",67% bullish,of 3 ratings,$9.50
EPRS,$5.09,1441311089533,"18,934",82% bullish,of 11 ratings,$15
PLUS,$73.53,1441311089803,"33,128",50% bullish,of 2 ratings,$88
EPZM,$19.625,1441311089828,"193,578",60% bullish,of 5 ratings,$34
EQFN,$8.19,1441311090092,700,100% bearish,of 1 rating,N/A
EAC,$3.435,1441311090118,"8,752",100% bearish,of 1 rating,$8
ERIC,$9.867,1441311090250,"1,178,012",67% bullish,of 9 ratings,$12.20
ERIE,$81.279,1441311090330,"15,173",Not yet rated,NULL,$73
EQIX,$272.9896,1441311090359,"445,230",75% bullish,of 4 ratings,$312.50
ESCA,$17.9299,1441311090463,"2,114",100% bearish,of 1 rating,$22
ESMC,$1.29,1441311090541,"1,600",Not yet rated,NULL,N/A
ESCR,$0.199,1441311090606,"293,469",50% bullish,of 2 ratings,N/A
ESPR,$45.4,1441311090637,"574,797",70% bearish,of 10 ratings,$115
ESCRP,$1.3883,1441311090662,"2,936",100% bearish,of 1 rating,N/A
ESSA,$12.84,1441311090689,"1,320",100% bearish,of 1 rating,N/A
EPIX,NULL,1441311090847,0,Not yet rated,NULL,N/A
ESSX,$0.4988,1441311091052,"10,439",50% bullish,of 2 ratings,N/A
ESND,$33.78,1441311091078,"51,525",100% bearish,of 2 ratings,$40
ETSY,$14.015,1441311091124,"239,053",80% bullish,of 5 ratings,$16
CLWT,NULL,1441311091207,0,100% bearish,of 1 rating,N/A
ESEA,$4.68,1441311091339,"1,288",100% bullish,of 1 rating,$15
EVK,$4.034,1441311091414,"2,000",75% bearish,of 4 ratings,N/A
EVEP,$8.44,1441311091488,"167,939",50% bullish,of 2 ratings,$15
EEFT,$65.51,1441311091516,"90,612",100% bearish,of 1 rating,$67.50
EVLV,$2.63,1441311091552,"58,754",60% bullish,of 5 ratings,$4.625
EVOL,$5.78,1441311091592,"7,157",75% bullish,of 4 ratings,$10
EVOK,$3.58,1441311091683,"54,058",100% bearish,of 1 rating,$13.375
EXAC,$18.86,1441311091839,"9,518",100% bearish,of 1 rating,$22.50
EXA,$10.35,1441311091939,"92,118",100% bearish,of 1 rating,$13
EXEL,$5.7195,1441311092019,"2,550,075",81% bullish,of 16 ratings,$6
EXAS,$21.3641,1441311092049,"637,764",78% bullish,of 9 ratings,$31
EXFO,$2.95,1441311092146,401,67% bearish,of 3 ratings,$3.95
EXLS,$36.44,1441311092254,"54,969",50% bullish,of 2 ratings,$41
EXPE,$113.8191,1441311092362,"340,363",64% bullish,of 11 ratings,$130
EXPO,$42.51,1441311092431,"31,154",100% bearish,of 1 rating,$45.50
ESRX,$84.1924,1441311092490,"1,298,123",67% bearish,of 6 ratings,$101
EXLP,$18.64,1441311092515,"73,386",100% bearish,of 1 rating,$25
EYEGW,$1.0401,1441311092660,200,Not yet rated,NULL,N/A
EYEG,$3.7,1441311092702,"8,356",Not yet rated,NULL,N/A
EXPD,$49.17,1441311092838,"1,157,244",80% bullish,of 5 ratings,$52
EZPW,$5.9629,1441311092880,"211,122",50% bullish,of 4 ratings,$7
EXTR,$3.19,1441311092908,"585,585",80% bullish,of 5 ratings,$3
EZCH,$22.14,1441311092981,"71,737",75% bullish,of 8 ratings,$19.50
FCS,$13.85,1441311093187,"457,904",67% bearish,of 3 ratings,$17
FB,$88.28,1441311093213,"14,478,278",73% bullish,of 1074 ratings,$111
FFIV,$121.7012,1441311093252,"342,678",63% bullish,of 8 ratings,$132
FRP,$15.64,1441311093344,"27,531",100% bearish,of 1 rating,$18
FWM,$2.27,1441311093372,"81,582",100% bearish,of 2 ratings,$3.20
FALC,$1.7399,1441311093449,"2,346",63% bearish,of 8 ratings,N/A
FARM,$23.12,1441311093504,"16,849",100% bearish,of 1 rating,$35
FMNB,$8.2872,1441311093644,"26,366",Not yet rated,NULL,N/A
DAVE,$15.2,1441311093669,"25,369",100% bearish,of 1 rating,$15.50
FFKT,$25.15,1441311093749,"7,360",Not yet rated,NULL,$29
FAST,$37.8456,1441311093882,"1,415,328",80% bullish,of 5 ratings,$45.50
FATE,$5.93,1441311094087,"9,271",50% bullish,of 2 ratings,$11
FBRC,$21.85,1441311094112,"26,273",100% bearish,of 1 rating,$29
FNHC,$21.92,1441311094278,"19,317",100% bearish,of 1 rating,$35
FBSS,NULL,1441311094308,0,Not yet rated,NULL,N/A
FDML,$8.56,1441311094329,"122,360",50% bullish,of 4 ratings,$14
FEIC,$75.6632,1441311094350,"117,794",50% bullish,of 2 ratings,$95.50
FARO,$37.5054,1441311094390,"50,804",50% bullish,of 2 ratings,$48
FHCO,$1.39,1441311094484,"26,700",50% bullish,of 4 ratings,N/A
FGEN,$22.9024,1441311094626,"145,287",100% bearish,of 1 rating,$39
FCSC,$5.53,1441311094687,"106,463",100% bearish,of 1 rating,$8.125
FENX,$9.57,1441311094822,"70,947",100% bullish,of 1 rating,$14.25
ONEQ,$185.9901,1441311094891,"9,270",100% bullish,of 1 rating,N/A
FDUS,$14.76,1441311094953,"19,366",50% bullish,of 2 ratings,$18
LION,$19.3814,1441311095086,"65,508",100% bullish,of 1 rating,$20
FRGI,$51.7774,1441311095221,"55,473",50% bullish,of 2 ratings,$70
FSAM,$7.74,1441311095251,"6,054",100% bearish,of 1 rating,$10.25
FSCFL,$24.55,1441311095272,"10,870",Not yet rated,NULL,N/A
FSC,$6.585,1441311095293,"416,473",60% bullish,of 5 ratings,$8
FSFR,$8.84,1441311095424,"64,495",100% bearish,of 1 rating,$11.50
FITB,$19.5262,1441311095452,"2,502,192",54% bullish,of 13 ratings,$22
FISI,$24.5529,1441311095477,"15,327",100% bullish,of 2 ratings,$24.50
FNGN,$30.77,1441311095607,"171,210",67% bullish,of 3 ratings,$47
FITBI,$27.49,1441311095694,"5,774",Not yet rated,NULL,N/A
FNSR,$15.4265,1441311095744,"316,940",71% bullish,of 7 ratings,$24
FNJN,$1.7499,1441311095844,"8,233",100% bearish,of 1 rating,$5
FNTC,NULL,1441311095923,0,Not yet rated,NULL,N/A
FNTCU,NULL,1441311096056,0,Not yet rated,NULL,N/A
FEYE,$36.94,1441311096126,"2,860,270",88% bullish,of 16 ratings,$55.50
BUSE,$6.3,1441311096199,"58,453",Not yet rated,NULL,$6.875
FRBA,$6.0699,1441311096228,"1,053",Not yet rated,NULL,$8
FNTCW,$0.331,1441311096278,"4,300",Not yet rated,NULL,N/A
FBIZ,$22.5,1441311096332,"18,253",100% bearish,of 2 ratings,$26
FNLC,$18.83,1441311096374,"4,634",100% bullish,of 1 rating,N/A
FBNC,$16.9,1441311096404,"25,809",100% bullish,of 1 rating,$20
FCVA,$4.7899,1441311096670,352,Not yet rated,NULL,N/A
FCFS,$39.5569,1441311096773,"58,425",100% bearish,of 3 ratings,$47
FCLF,$9.1984,1441311096803,"1,947",Not yet rated,NULL,N/A
FCAP,$26.7499,1441311096906,558,Not yet rated,NULL,N/A
FCBC,$17.14,1441311096965,"14,256",Not yet rated,NULL,$18
FCNCA,$230.4771,1441311096990,"6,615",Not yet rated,NULL,N/A
FCFP,NULL,1441311097134,0,Not yet rated,NULL,N/A
FFNM,$6.34,1441311097300,101,Not yet rated,NULL,N/A
FDEF,$36.51,1441311097350,"10,213",Not yet rated,NULL,$38
FCCO,$12.25,1441311097377,"8,307",Not yet rated,NULL,$13.25
FFIN,$30.07,1441311097406,"53,384",50% bullish,of 2 ratings,$31.75
FFBC,$18.2181,1441311097437,"39,929",67% bearish,of 3 ratings,$20.25
FBNK,$16.68,1441311097463,"8,084",100% bearish,of 1 rating,$17.50
FFBCW,NULL,1441311097533,0,100% bearish,of 1 rating,N/A
THFF,$32.68,1441311097691,"7,684",Not yet rated,NULL,$35
FFNW,$12.23,1441311097736,"10,343",Not yet rated,NULL,$14
INBK,$29.665,1441311098126,"6,127",50% bullish,of 2 ratings,$37
FRME,$25.9629,1441311098180,"179,832",Not yet rated,NULL,$26.50
FMBI,$17.3901,1441311098206,"161,277",Not yet rated,NULL,$20
FNBC,$33.95,1441311098237,"125,532",Not yet rated,NULL,$40
FFWM,$21.27,1441311098264,"12,237",Not yet rated,NULL,$24
FIBK,$26.42,1441311098285,"41,441",Not yet rated,NULL,$32
FNWB,$12.08,1441311098333,"6,616",Not yet rated,NULL,N/A
FMBH,NULL,1441311098421,0,Not yet rated,NULL,N/A
FSFG,$29.81,1441311098527,475,Not yet rated,NULL,N/A
FNFG,$9.0989,1441311098593,"1,495,272",80% bullish,of 5 ratings,$9
FSLR,$48.6392,1441311098700,"766,520",72% bullish,of 39 ratings,$65
FSGI,$2.47,1441311098728,"4,100",Not yet rated,NULL,N/A
BICK,$19.274,1441311098795,885,100% bullish,of 1 rating,N/A
FSBK,$7.7825,1441311098899,"7,850",100% bullish,of 1 rating,N/A
FBZ,NULL,1441311099042,0,Not yet rated,NULL,N/A
FCAN,$24.35,1441311099102,"93,233",Not yet rated,NULL,N/A
FTCS,$36.2335,1441311099174,"13,282",100% bearish,of 1 rating,N/A
FEMB,NULL,1441311099391,0,Not yet rated,NULL,N/A
FV,$23.09,1441311099416,"1,261,879",100% bearish,of 1 rating,N/A
FTSM,$59.95,1441311099451,"69,159",100% bearish,of 1 rating,N/A
FCA,$19.305,1441311099477,"118,440",Not yet rated,NULL,N/A
IFV,$17.55,1441311099565,"220,553",100% bearish,of 1 rating,N/A
TDIV,$24.82,1441311099633,"73,486",100% bearish,of 1 rating,N/A
FEUZ,$30.89,1441311099707,"13,954",Not yet rated,NULL,N/A
FGM,$35.36,1441311099731,"40,520",Not yet rated,NULL,N/A
MDIV,$19,1441311099870,"108,785",Not yet rated,NULL,N/A
FTGC,$22.44,1441311099956,"60,399",Not yet rated,NULL,N/A
FTHI,$19.29,1441311100006,100,Not yet rated,NULL,N/A
HYLS,$49.5708,1441311100158,"27,988",100% bearish,of 1 rating,N/A
YDIV,$16.29,1441311100185,"1,562",Not yet rated,NULL,N/A
FHK,$32.65,1441311100206,"18,989",Not yet rated,NULL,N/A
SKYY,$28.5899,1441311100404,"39,737",100% bullish,of 1 rating,N/A
FPXI,$26.44,1441311100424,800,Not yet rated,NULL,N/A
CU,$12.8699,1441311100477,"3,067",100% bearish,of 1 rating,N/A
FJP,$46.17,1441311100502,"15,995",Not yet rated,NULL,N/A
PLTM,$6.33,1441311100552,"9,882",100% bearish,of 1 rating,N/A
FTLB,$19.25,1441311100579,"10,000",100% bearish,of 1 rating,N/A
CIBR,$17.56,1441311100856,"50,475",Not yet rated,NULL,N/A
QCLN,$15.25,1441311100985,"5,734",Not yet rated,NULL,N/A
LMBS,$50.3654,1441311101010,124,Not yet rated,NULL,N/A
FMB,$51.1345,1441311101036,123,Not yet rated,NULL,N/A
FONE,NULL,1441311101064,0,Not yet rated,NULL,N/A
QABA,$37.1956,1441311101167,"2,912",100% bearish,of 1 rating,N/A
CARZ,$34.74,1441311101335,400,100% bearish,of 1 rating,N/A
QTEC,$39.88,1441311101482,"18,587",Not yet rated,NULL,N/A
QQEW,$41.47,1441311101516,"38,506",Not yet rated,NULL,N/A
QQXT,$40.02,1441311101543,"11,095",Not yet rated,NULL,N/A
RDVY,$20.85,1441311101568,"11,900",Not yet rated,NULL,N/A
GRID,$31.47,1441311101705,920,100% bearish,of 1 rating,N/A
QINC,NULL,1441311101752,0,Not yet rated,NULL,N/A
FKO,NULL,1441311102008,0,Not yet rated,NULL,N/A
FTSL,$48.85,1441311102078,"74,286",100% bearish,of 1 rating,N/A
FDIV,NULL,1441311102151,0,100% bearish,of 1 rating,N/A
FSZ,$38.59,1441311102210,"5,909",Not yet rated,NULL,N/A
AIRR,$16.3801,1441311102258,"1,492",100% bearish,of 1 rating,N/A
FTW,$32.49,1441311102342,"62,262",Not yet rated,NULL,N/A
FKU,$41.36,1441311102588,"6,093",Not yet rated,NULL,N/A
SVVC,$9.18,1441311102617,"14,688",50% bullish,of 2 ratings,$26
TUSA,$24.75,1441311102647,"1,400",Not yet rated,NULL,N/A
FSV,$31.9,1441311102721,"19,367",Not yet rated,NULL,$33.60
FMER,$17.48,1441311102919,"478,842",50% bullish,of 2 ratings,$20
FISV,$85.95,1441311102966,"565,801",100% bearish,of 3 ratings,$90
FUNC,$8.06,1441311102995,"1,963",Not yet rated,NULL,N/A
FPRX,$19.5357,1441311103242,"201,483",50% bullish,of 2 ratings,$35
FIVE,$34.6714,1441311103338,"4,816,459",75% bearish,of 4 ratings,$44
FLML,$22.446,1441311103472,"110,893",50% bullish,of 2 ratings,$30
FIVN,$3.8,1441311103605,"87,322",100% bullish,of 1 rating,$8.50
FLXN,$25.9709,1441311103751,"45,363",100% bearish,of 1 rating,$40
FLKS,$11.48,1441311103777,"27,452",50% bullish,of 2 ratings,$27
MBSD,$24.98,1441311104005,"1,698",Not yet rated,NULL,N/A
FLEX,$10.5632,1441311104179,"1,581,077",63% bullish,of 8 ratings,$12
FLXS,$31.546,1441311104251,"10,220",100% bearish,of 2 ratings,N/A
FLDM,$11.05,1441311104346,"130,639",67% bearish,of 3 ratings,$15
FLIR,$28.5615,1441311104431,"646,356",100% bearish,of 2 ratings,$38.50
SKOR,$50.38,1441311104456,"2,900",Not yet rated,NULL,N/A
FFIC,$19.54,1441311104505,"26,958",Not yet rated,NULL,$20.50
FOMX,$9.78,1441311104647,"106,343",50% bullish,of 2 ratings,$23.50
FONR,$9.78,1441311104695,"3,972",100% bullish,of 1 rating,N/A
FORM,$6.66,1441311104972,"93,150",67% bullish,of 3 ratings,$10.50
FOGO,$19.2168,1441311105021,"67,006",50% bullish,of 2 ratings,$25.50
FORTY,$30.12,1441311105126,553,100% bearish,of 1 rating,N/A
FORR,$30.94,1441311105154,"20,486",Not yet rated,NULL,N/A
FES,$0.88,1441311105179,"10,229",50% bullish,of 2 ratings,$1
FBIO,$2.52,1441311105320,"31,272",83% bullish,of 6 ratings,N/A
FTNT,$42.25,1441311105372,"660,262",80% bullish,of 10 ratings,$52
FWP,$26.25,1441311105570,"46,849",100% bearish,of 1 rating,$45
FWRD,$44.19,1441311105595,"133,181",100% bearish,of 1 rating,$50
FMI,$23.8246,1441311105777,"124,829",100% bearish,of 2 ratings,$27.50
FXCB,$17.11,1441311105882,"53,357",Not yet rated,NULL,$19
FOSL,$61.0967,1441311105920,"256,795",60% bearish,of 5 ratings,$80
FORD,$1.74,1441311105947,"929,391",67% bullish,of 3 ratings,N/A
FELE,$28.08,1441311106110,"124,524",50% bullish,of 4 ratings,$33
FRAN,$12.1774,1441311106194,"816,609",50% bullish,of 4 ratings,$15
RAIL,$20.179,1441311106387,"57,482",100% bearish,of 1 rating,$24.50
FREE,$0.35,1441311106418,"973,974",92% bullish,of 12 ratings,N/A
FOXF,$15.26,1441311106486,"15,014",100% bearish,of 1 rating,$19
FTR,$5.52,1441311106514,"18,543,622",78% bullish,of 27 ratings,$6.25
FRPT,$12.59,1441311106541,"316,912",67% bearish,of 3 ratings,$23.50
FRED,$12.59,1441311106590,"161,847",50% bullish,of 2 ratings,$15.50
FTRPR,$107.7,1441311106736,"95,711",100% bearish,of 1 rating,N/A
FEIM,$11.16,1441311106918,"2,509",100% bearish,of 1 rating,N/A
FTD,$29.99,1441311106945,"108,195",100% bearish,of 1 rating,$40
FSBW,$23.19,1441311107021,"1,900",Not yet rated,NULL,N/A
FSYS,$6.56,1441311107075,"191,705",67% bullish,of 3 ratings,$8.50
FRPH,$31.2,1441311107099,"1,692",100% bearish,of 1 rating,N/A
FTEK,$1.9716,1441311107249,"36,570",75% bullish,of 4 ratings,N/A
FCEL,$0.86,1441311107396,"830,869",88% bullish,of 41 ratings,$2.65
FULLL,$25.05,1441311107422,"3,020",Not yet rated,NULL,N/A
FULL,$3.1076,1441311107451,"34,953",67% bearish,of 3 ratings,$4.25
FFHL,NULL,1441311111358,0,50% bullish,of 4 ratings,N/A
WILC,$4.9299,1441311111457,"2,200",100% bullish,of 2 ratings,N/A
FXEN,$0.9816,1441311111482,"48,566",75% bullish,of 4 ratings,$1.10
GK,$67.51,1441311111513,"19,914",Not yet rated,NULL,$78
FLL,$1.475,1441311111542,"3,924",75% bullish,of 4 ratings,$3.50
FSNN,$2.0599,1441311111653,681,67% bullish,of 3 ratings,$6
FULT,$11.8812,1441311111679,"410,589",100% bearish,of 1 rating,$13
FXENP,NULL,1441311111972,0,100% bearish,of 1 rating,N/A
GLPG,$59.52,1441311112053,"12,859",100% bullish,of 1 rating,$75
GAIA,$5.94,1441311112085,"20,883",50% bullish,of 2 ratings,$8.50
GALT,$2.08,1441311112106,"36,774",80% bullish,of 5 ratings,N/A
GALE,$1.62,1441311112149,"596,243",89% bullish,of 47 ratings,$4
GLMD,$8.0801,1441311112176,"4,020",67% bullish,of 3 ratings,$20.50
GALTW,$0.602,1441311112201,"9,983",100% bullish,of 1 rating,N/A
GALTU,NULL,1441311112233,0,100% bearish,of 1 rating,N/A
GLPI,$31,1441311112376,"217,507",100% bearish,of 1 rating,$37.50
GPIC,$9.94,1441311112684,"2,746",100% bearish,of 1 rating,N/A
GGACU,$10.26,1441311112817,"2,900",Not yet rated,NULL,N/A
GRMN,$37.32,1441311112880,"445,314",50% bullish,of 6 ratings,$46.50
GARS,$14.57,1441311112905,"33,077",Not yet rated,NULL,$16
GGACW,$0.13,1441311112931,150,Not yet rated,NULL,N/A
GGACR,$0.255,1441311112955,300,100% bullish,of 1 rating,N/A
GGAC,$9.9,1441311113060,"2,043",100% bearish,of 1 rating,N/A
GENC,$9.06,1441311113366,"3,768",100% bearish,of 1 rating,N/A
GNMK,$9.48,1441311113444,"39,970",67% bullish,of 6 ratings,$14
GNCMA,$16.75,1441311113469,"73,276",100% bearish,of 1 rating,$12
GNCA,$10.96,1441311113497,"58,040",100% bearish,of 1 rating,$20
GENE,$2.33,1441311113522,"66,588",100% bullish,of 12 ratings,N/A
GFNSL,$25.8,1441311113543,100,Not yet rated,NULL,N/A
GFN,$3.95,1441311113673,"7,850",100% bearish,of 2 ratings,$8
GFNCP,$88.06,1441311113706,110,Not yet rated,NULL,N/A
GNTX,$15.72,1441311114248,"840,826",Not yet rated,NULL,$20
THRM,$45.445,1441311114318,"186,522",75% bearish,of 4 ratings,$55.50
GABC,$28.78,1441311114377,"8,715",Not yet rated,NULL,$31.50
GEVO,$2.3,1441311114462,"486,625",75% bullish,of 12 ratings,$5
GEOS,$17.7515,1441311114493,"173,745",100% bearish,of 3 ratings,$21
GHDX,$25.8207,1441311114514,"113,067",50% bullish,of 2 ratings,$30
GIGM,$0.525,1441311114542,"7,590",100% bullish,of 2 ratings,N/A
GERN,$3.45,1441311114594,"9,895,377",88% bullish,of 16 ratings,$5.25
ROCK,$16.6314,1441311114790,"50,822",80% bullish,of 5 ratings,$24
GTWN,NULL,1441311114823,0,Not yet rated,NULL,N/A
GNVC,$2.5031,1441311114844,"21,060",90% bullish,of 10 ratings,$8.50
GIII,$70.05,1441311114925,"359,333",67% bullish,of 3 ratings,$75
GIGA,$1.38,1441311114981,"82,830",100% bearish,of 1 rating,N/A
GILD,$102.22,1441311115007,"4,337,586",91% bullish,of 87 ratings,$129
GILT,$4.145,1441311115029,"4,181",50% bullish,of 2 ratings,N/A
GBCI,$25.97,1441311115157,"85,664",50% bullish,of 2 ratings,$31
GLAD,$8.76,1441311115495,"61,917",50% bullish,of 2 ratings,$8.75
GOOD,$14.1,1441311115520,"46,355",Not yet rated,NULL,$19
GAINN,$25.2,1441311115722,"33,124",Not yet rated,NULL,N/A
GAINO,$25.26,1441311115752,800,Not yet rated,NULL,N/A
GOODN,$25.5,1441311115852,500,Not yet rated,NULL,N/A
GLADO,$25.59,1441311115927,"3,100",Not yet rated,NULL,N/A
LAND,$9.04,1441311115961,"7,146",50% bullish,of 2 ratings,$13.75
GAINP,$25.56,1441311115982,"1,826",Not yet rated,NULL,N/A
GOODO,NULL,1441311116012,0,Not yet rated,NULL,N/A
GAIN,$7.5,1441311116056,"50,935",100% bullish,of 2 ratings,$8.25
GLBZ,$11.48,1441311116192,373,Not yet rated,NULL,N/A
GOODP,$25.1101,1441311116224,300,Not yet rated,NULL,N/A
GBT,$51.7704,1441311116321,"88,931",100% bearish,of 1 rating,N/A
ENT,$11.13,1441311116402,"136,936",100% bearish,of 1 rating,$18
GDEF,$10.6499,1441311116537,300,Not yet rated,NULL,N/A
GBLI,$26.82,1441311116680,"8,323",Not yet rated,NULL,N/A
GSOL,$8.35,1441311116729,"8,442",100% bearish,of 1 rating,N/A
ACTX,$13.17,1441311116758,660,100% bullish,of 1 rating,N/A
GPACU,NULL,1441311116826,0,Not yet rated,NULL,N/A
QQQC,$18.67,1441311116855,"4,137",100% bearish,of 1 rating,N/A
ALTY,NULL,1441311117038,0,Not yet rated,NULL,N/A
SRET,NULL,1441311117065,0,Not yet rated,NULL,N/A
GAI,$6.08,1441311117142,"2,808",50% bullish,of 2 ratings,N/A
SOCL,$17.3,1441311117197,"14,703",100% bullish,of 2 ratings,N/A
YLCO,$11.73,1441311117271,"2,520",Not yet rated,NULL,N/A
GSM,$13.64,1441311117411,"186,354",50% bullish,of 2 ratings,$22
GBIM,$2.64,1441311117436,"30,690",50% bullish,of 2 ratings,N/A
GLBS,$1.04,1441311117496,100,67% bullish,of 3 ratings,N/A
GLUU,$4.45,1441311117583,"1,251,230",92% bullish,of 26 ratings,$9
GOGO,$15.9,1441311117743,"406,267",80% bullish,of 5 ratings,$25
GLRI,$1.06,1441311117771,"181,748",100% bearish,of 1 rating,$4.25
GLYC,$6.99,1441311117796,"2,490",50% bullish,of 2 ratings,$14
GLNG,$39.3,1441311117821,"886,437",83% bullish,of 6 ratings,$55.50
GMLP,$21.19,1441311117978,"133,321",50% bullish,of 4 ratings,$29
GLDC,$4.0899,1441311118016,"2,200",50% bullish,of 2 ratings,N/A
GDEN,$9.05,1441311118041,"6,200",50% bullish,of 2 ratings,N/A
GBDC,$16.91,1441311118172,"145,472",Not yet rated,NULL,$17.75
GTIM,$6.7,1441311118204,"5,887",Not yet rated,NULL,$11.50
GOOG,$610.6114,1441311118225,"750,151",86% bullish,of 74 ratings,$787.50
GOOGL,$641.8606,1441311118354,"642,054",88% bullish,of 1082 ratings,$749
GOGL,$2.895,1441311118398,"296,237",75% bullish,of 4 ratings,$5
GPRO,$38.71,1441311118687,"6,819,406",78% bullish,of 59 ratings,$72
GPIAU,$9.97,1441311118819,500,Not yet rated,NULL,N/A
GMAN,$3.69,1441311118851,"16,568",60% bullish,of 5 ratings,$8.50
GRVY,NULL,1441311118992,0,50% bullish,of 2 ratings,N/A
GPIA,$9.75,1441311119017,"9,000",100% bearish,of 1 rating,N/A
GPIAW,NULL,1441311119046,0,Not yet rated,NULL,N/A
GBSN,$0.1702,1441311119073,"10,350,042",50% bullish,of 2 ratings,$8.25
GBSNU,NULL,1441311119203,0,NULL,NULL,NULL
LOPE,$37.2,1441311119228,"102,534",100% bearish,of 2 ratings,$50
GSBC,$40.6771,1441311119279,"20,746",100% bullish,of 1 rating,$44
GNBC,$11.67,1441311119491,"8,562",100% bearish,of 1 rating,$16.50
GLDD,$5.47,1441311119517,"49,245",100% bearish,of 4 ratings,$7.75
GRBK,$11.7459,1441311119584,"81,480",77% bullish,of 13 ratings,N/A
GCBC,NULL,1441311119688,0,100% bullish,of 1 rating,N/A
GPP,$14.43,1441311119717,"6,800",Not yet rated,NULL,$20.50
GPRE,$20.5591,1441311119746,"204,640",67% bullish,of 6 ratings,$28.50
GLRE,$24.55,1441311119817,"131,118",50% bullish,of 2 ratings,$34
GRPN,$4.2939,1441311120075,"2,773,811",61% bullish,of 71 ratings,$6.75
GRIF,NULL,1441311120118,0,100% bearish,of 1 rating,N/A
GRFS,$31.09,1441311120153,"407,473",50% bullish,of 2 ratings,$35
GSIG,$12.7,1441311120181,"12,049",100% bearish,of 2 ratings,N/A
GGAL,$19.17,1441311120207,"182,202",80% bullish,of 5 ratings,$40
OMAB,$41.8,1441311120248,"27,679",100% bullish,of 1 rating,$44
GSIT,$4.6022,1441311120354,"4,821",100% bearish,of 1 rating,N/A
GSVC,$8.99,1441311120440,"28,797",50% bullish,of 2 ratings,$15.75
GTXI,$0.891,1441311120496,"18,582",100% bullish,of 5 ratings,$.75
GFED,$14.653,1441311120684,"1,100",Not yet rated,NULL,$17
GIFI,$12.5,1441311120874,"31,892",100% bearish,of 1 rating,$16
GURE,$1.7,1441311120974,"17,605",88% bullish,of 8 ratings,N/A
GBNK,$15.8,1441311121040,"15,754",100% bearish,of 1 rating,$18
GPOR,$33.98,1441311121071,"957,846",75% bullish,of 4 ratings,$54
GULTU,$0.3002,1441311121123,"77,823",100% bearish,of 1 rating,N/A
GUID,$6.88,1441311121219,"44,026",100% bearish,of 3 ratings,$10
GWGH,$7.71,1441311121362,403,100% bearish,of 1 rating,$15.05
GWPH,$103.55,1441311121397,"87,059",78% bullish,of 9 ratings,$148.50
HEES,$18.91,1441311121431,"212,399",67% bearish,of 3 ratings,$31
GYRO,$30.99,1441311121459,"2,418",100% bearish,of 1 rating,N/A
HNRG,$7.6471,1441311121537,"110,759",100% bearish,of 1 rating,$10
HALL,$11.35,1441311121697,"17,952",Not yet rated,NULL,N/A
HLG,NULL,1441311121742,0,100% bearish,of 1 rating,N/A
HBK,$13.8,1441311121936,1,50% bullish,of 2 ratings,N/A
HBHC,$27.29,1441311122066,"197,453",50% bullish,of 2 ratings,$30
HALO,$16.85,1441311122101,"502,612",67% bullish,of 3 ratings,$22.50
HMPR,$1.88,1441311122165,"16,084",100% bullish,of 1 rating,N/A
HNH,$26.05,1441311122202,"17,891",100% bullish,of 1 rating,N/A
HBHCL,$24.5,1441311122299,"14,481",Not yet rated,NULL,N/A
HAFC,$23.98,1441311122320,"108,041",100% bullish,of 2 ratings,$28.50
HNSN,$0.57,1441311122350,"37,692",88% bullish,of 8 ratings,$.40
HDNG,$10.03,1441311122540,"10,588",50% bullish,of 4 ratings,N/A
HQCL,$12.675,1441311122672,"6,511",67% bullish,of 3 ratings,$14
HLIT,$5.69,1441311122705,"199,930",100% bearish,of 1 rating,$6.50
HRMN,NULL,1441311122728,0,Not yet rated,NULL,N/A
HRMNU,NULL,1441311122748,0,Not yet rated,NULL,N/A
HRMNW,NULL,1441311122808,0,Not yet rated,NULL,N/A
HBIO,$4.35,1441311123110,"40,148",100% bearish,of 1 rating,$10
TINY,$2.44,1441311123207,"24,016",50% bullish,of 2 ratings,$5.26
HCAP,$11.9,1441311123251,"7,246",50% bullish,of 2 ratings,$15
HA,$23.47,1441311123281,"311,281",67% bullish,of 9 ratings,$27
HCAPL,$25.5,1441311123309,800,Not yet rated,NULL,N/A
HART,$1.25,1441311123344,"107,667",100% bearish,of 1 rating,N/A
HAS,$77,1441311123385,"961,170",63% bullish,of 8 ratings,$84.50
HWKN,$38.01,1441311123702,"10,470",Not yet rated,NULL,N/A
HDS,$32.49,1441311123763,"1,266,117",100% bearish,of 2 ratings,$39.50
HWBK,$13.94,1441311123847,700,100% bearish,of 1 rating,N/A
HAYN,$38.16,1441311123990,"27,845",100% bearish,of 1 rating,$59
HIIQ,$4.8,1441311124075,"10,220",50% bullish,of 2 ratings,$7
HCOM,$21.6,1441311124169,"2,154",100% bearish,of 1 rating,$28
HCSG,$32.79,1441311124238,"178,680",50% bullish,of 4 ratings,$35
HWAY,$11.785,1441311124389,"129,735",100% bearish,of 1 rating,$15
HQY,$29.5396,1441311124417,"291,169",67% bullish,of 3 ratings,$35
HSTM,$24.33,1441311124443,"24,734",50% bullish,of 2 ratings,$33.75
HTLD,$20.14,1441311124490,"216,654",Not yet rated,NULL,$22.50
HTLF,$35.56,1441311124804,"21,878",100% bullish,of 1 rating,$39.50
HSII,$20,1441311124860,"55,635",100% bullish,of 3 ratings,$25
HTBX,$3.48,1441311124889,"115,377",50% bullish,of 2 ratings,$15.50
HELE,$84.9136,1441311124915,"96,871",67% bearish,of 3 ratings,$100
HTWR,$66.0269,1441311124941,"595,563",50% bullish,of 2 ratings,$104
HMNY,NULL,1441311124993,0,100% bearish,of 1 rating,N/A
HMTV,$13.33,1441311125248,"7,388",100% bearish,of 1 rating,$16
HERO,NULL,1441311125273,0,NULL,NULL,NULL
HSIC,$135.5794,1441311125351,"114,235",83% bullish,of 6 ratings,$146
HNNA,$24.67,1441311125379,"4,942",Not yet rated,NULL,N/A
HTBK,$10.3929,1441311125405,"95,716",Not yet rated,NULL,$12
HFWA,$17.75,1441311125453,"69,006",100% bullish,of 1 rating,$20
HEOP,$7.8,1441311125637,"13,065",Not yet rated,NULL,$8.50
HCCI,$11.76,1441311125699,"14,871",100% bearish,of 1 rating,$16.50
HCACU,$9.91,1441311125806,"2,800",Not yet rated,NULL,N/A
HRTX,$37.411,1441311125852,"534,200",57% bullish,of 7 ratings,$41
HSKA,$33.03,1441311125911,"31,363",100% bearish,of 1 rating,$38
MLHR,$26.86,1441311126114,"190,764",50% bullish,of 2 ratings,$33.50
HIBB,$38.7521,1441311126169,"246,403",100% bearish,of 1 rating,$46.50
HFFC,$16,1441311126199,"1,046",Not yet rated,NULL,N/A
HIMX,$7.22,1441311126263,"1,494,395",86% bullish,of 21 ratings,$8.50
HPJ,$2.18,1441311126298,"25,264",75% bullish,of 4 ratings,$12.43
HIHO,$4.2355,1441311126366,"22,595",Not yet rated,NULL,N/A
HSGX,$6,1441311126441,"3,601",100% bearish,of 1 rating,$17
HIFS,$113.664,1441311126537,400,Not yet rated,NULL,N/A
HMNF,$11.49,1441311126595,102,Not yet rated,NULL,N/A
HMSY,$9.95,1441311126739,"364,577",67% bullish,of 3 ratings,$19.35
HOLX,$38.51,1441311126871,"1,439,482",50% bullish,of 4 ratings,$42
HOLI,$16.76,1441311126944,"163,266",50% bullish,of 4 ratings,$27
HBCP,$24.84,1441311127172,557,Not yet rated,NULL,$29
HFBL,NULL,1441311127196,0,Not yet rated,NULL,N/A
HMST,$21.7813,1441311127224,"189,893",100% bullish,of 2 ratings,$27
AWAY,$28.56,1441311127245,"696,692",67% bullish,of 3 ratings,$36
HTBI,$18.1,1441311127373,"25,724",67% bullish,of 3 ratings,$18.625
HMIN,$25.07,1441311127398,"39,196",100% bearish,of 2 ratings,$35
HOMB,$37.27,1441311127459,"88,498",Not yet rated,NULL,$42
HOFT,$23.2,1441311127614,"43,168",100% bearish,of 1 rating,N/A
HKTV,$4.25,1441311127645,"1,500",100% bearish,of 1 rating,N/A
CETC,$0.7931,1441311127747,"17,442",86% bullish,of 7 ratings,N/A
HFBC,$11.14,1441311127879,"5,220",Not yet rated,NULL,N/A
HZNP,$29.65,1441311127903,"1,279,689",85% bullish,of 20 ratings,$40
HBNC,$23.65,1441311128047,"13,228",100% bullish,of 1 rating,$27
HRZN,$10.31,1441311128288,"21,549",50% bullish,of 2 ratings,$14.25
HMHC,$22.4525,1441311128322,"479,657",Not yet rated,NULL,$27
HDP,$23.49,1441311128356,"165,786",67% bearish,of 3 ratings,$30.50
ZINC,$7.35,1441311128452,"286,225",100% bearish,of 1 rating,$17
HWCC,$7.51,1441311128478,"48,991",100% bearish,of 1 rating,$9
HOVNP,$3.93,1441311128545,"8,550",100% bearish,of 1 rating,N/A
HTGM,$5.7,1441311128753,"4,349",100% bearish,of 1 rating,$19.50
HCBK,$9.395,1441311128848,"1,810,429",83% bullish,of 6 ratings,$8.61
HBMD,$13.88,1441311128921,"2,033",100% bearish,of 1 rating,N/A
HSNI,$60.1447,1441311128994,"79,342",Not yet rated,NULL,$80
HSON,$2.698,1441311129068,"5,492",100% bearish,of 1 rating,$5
HDSN,$3.095,1441311129236,"13,215",100% bullish,of 1 rating,$6.25
HUBG,$38.51,1441311129266,"172,882",100% bearish,of 1 rating,$43
HBANP,$1330,1441311129293,8,100% bearish,of 1 rating,N/A
HURC,$29.3227,1441311129366,"7,635",100% bearish,of 1 rating,N/A
HBAN,$10.72,1441311129437,"2,613,496",76% bullish,of 17 ratings,$12.29
HTCH,$1.4584,1441311129560,"26,676",100% bearish,of 1 rating,$3.50
HURN,$72.8259,1441311129669,"83,069",50% bullish,of 2 ratings,$80
HDRAR,NULL,1441311129700,0,Not yet rated,NULL,N/A
HDRA,NULL,1441311129720,0,Not yet rated,NULL,N/A
HBP,$3.145,1441311129853,"7,200",100% bullish,of 1 rating,N/A
HYGS,$8.68,1441311130136,"23,400",50% bullish,of 2 ratings,$13
IDSY,$3.86,1441311130163,"4,320",100% bearish,of 1 rating,$7
HDRAU,NULL,1441311130192,0,Not yet rated,NULL,N/A
ICAD,$3.96,1441311130293,"57,770",100% bullish,of 2 ratings,$7.25
IBKC,$59.91,1441311130357,"61,736",100% bullish,of 1 rating,$70
IACI,$70.22,1441311130435,"414,492",80% bullish,of 5 ratings,$90
IKGH,$1.48,1441311130567,"33,912",75% bullish,of 4 ratings,N/A
ICLR,$76.2619,1441311130637,"421,720",100% bearish,of 3 ratings,$85
IEP,$68.91,1441311130709,"44,113",75% bullish,of 4 ratings,$99
ICON,$13.3,1441311130733,"377,611",50% bullish,of 2 ratings,$18.50
ICFI,$33.68,1441311130946,"16,611",50% bullish,of 2 ratings,$48.50
IPWR,$7.07,1441311131047,"2,901",100% bullish,of 1 rating,$15
ICUI,$110.3453,1441311131072,"54,850",Not yet rated,NULL,$122
IDRA,$2.9,1441311131118,"739,912",89% bullish,of 9 ratings,$6.50
INVE,$4.4552,1441311131317,"7,754",75% bullish,of 4 ratings,$4
IDXX,$73.0681,1441311131425,"335,666",100% bearish,of 1 rating,$76
IROQ,$16.793,1441311131566,697,100% bullish,of 1 rating,N/A
IRG,$5.02,1441311131597,"18,915",100% bearish,of 1 rating,$4.25
HDRAW,$0.264,1441311131617,1,Not yet rated,NULL,N/A
DSKY,$10.8267,1441311131696,"92,022",67% bullish,of 6 ratings,$11.50
KANG,$15.5817,1441311131767,"142,750",50% bullish,of 2 ratings,$23.10
RXDX,$14.31,1441311131797,"129,963",100% bullish,of 1 rating,$20
IKNX,$12.282,1441311132079,401,100% bearish,of 1 rating,N/A
IKAN,$2.7338,1441311132131,"12,530",83% bullish,of 6 ratings,$5
IIVI,$16.6526,1441311132223,"83,241",100% bearish,of 1 rating,$22
ILMN,$195.84,1441311132277,"487,791",80% bullish,of 5 ratings,$245
ICCC,$7.0768,1441311132355,"3,725",100% bullish,of 1 rating,N/A
ISNS,$4.16,1441311132411,"16,151",50% bullish,of 2 ratings,N/A
IMGN,$12.95,1441311132619,"468,311",75% bullish,of 4 ratings,$17.50
IMMR,$12.0485,1441311132646,"115,704",80% bullish,of 5 ratings,$15.50
IMMU,$2.11,1441311132774,"358,165",86% bullish,of 7 ratings,$2
IPXL,$41.138,1441311132806,"248,999",67% bullish,of 3 ratings,$46.50
IMDZ,$16.272,1441311132827,"23,000",100% bearish,of 1 rating,$33
INCR,$42.676,1441311132848,"160,794",50% bullish,of 2 ratings,$53
IMMY,$7.6,1441311132905,"9,001",100% bearish,of 1 rating,$11
INCY,$116.06,1441311133147,"753,032",50% bullish,of 6 ratings,$125.50
IMNP,$1.25,1441311133198,"77,626",50% bullish,of 2 ratings,$6
SAAS,$7.2646,1441311133279,"196,089",50% bullish,of 2 ratings,$15
IBCP,$14.08,1441311133385,"23,000",100% bullish,of 1 rating,$14.50
INDB,$44.0968,1441311133520,"42,817",Not yet rated,NULL,$44
INFI,$8.56,1441311133573,"344,565",50% bullish,of 4 ratings,$16.50
IBTX,$40.45,1441311133676,"6,936",100% bullish,of 2 ratings,$47.25
IDSA,$3.5375,1441311133707,100,Not yet rated,NULL,N/A
IFON,$1.29,1441311133817,"11,380",75% bullish,of 4 ratings,N/A
IPCC,$75.9581,1441311133978,"15,754",Not yet rated,NULL,$77.50
INFN,$22.082,1441311134082,"882,510",71% bullish,of 7 ratings,$28
III,$3.65,1441311134171,"65,684",57% bullish,of 7 ratings,$6
INNL,NULL,1441311134251,0,100% bearish,of 1 rating,$16.50
INOD,$2.3503,1441311134280,218,100% bearish,of 1 rating,N/A
IMKTA,$50.2805,1441311134311,"57,708",100% bearish,of 1 rating,N/A
INWK,$6.93,1441311134385,"61,601",50% bullish,of 2 ratings,$10
ITEK,$13.08,1441311134720,"325,709",100% bearish,of 3 ratings,$20
ISSC,$2.79,1441311135008,725,67% bearish,of 3 ratings,N/A
IPHS,$46.5729,1441311135034,"58,761",100% bearish,of 1 rating,$60
IOSP,$49.3186,1441311135059,"143,642",100% bearish,of 1 rating,N/A
INOV,$21.612,1441311135188,"279,189",100% bearish,of 1 rating,$33
NSIT,$25.14,1441311135283,"63,977",50% bullish,of 2 ratings,N/A
INGN,$52.2947,1441311135313,"211,981",100% bearish,of 1 rating,$50.50
INO,$7.1,1441311135338,"413,042",89% bullish,of 18 ratings,$20
INSM,$24.37,1441311135412,"107,850",71% bullish,of 7 ratings,$31.50
INSY,$33.8398,1441311135633,"249,789",75% bullish,of 4 ratings,$48
ISIG,$2.65,1441311135678,700,100% bearish,of 1 rating,N/A
PODD,$28.5514,1441311135774,"94,912",67% bearish,of 3 ratings,$35
IIIN,$17.18,1441311135806,"13,835",100% bearish,of 2 ratings,N/A
IART,$62.54,1441311135907,"259,701",100% bearish,of 2 ratings,$71.50
NTEC,$5.585,1441311135955,729,100% bearish,of 1 rating,N/A
IDTI,$19.235,1441311135988,"878,952",60% bullish,of 5 ratings,$25
IQNT,$19.0097,1441311136289,"139,487",86% bullish,of 7 ratings,$20
IBKR,$37.42,1441311136372,"475,760",100% bullish,of 1 rating,N/A
IPCI,$2.24,1441311136400,"41,244",67% bullish,of 6 ratings,$8
IESC,$7.21,1441311136425,400,100% bearish,of 1 rating,N/A
ISSI,$21.85,1441311136615,"86,880",67% bullish,of 3 ratings,$19.75
ININ,$35.21,1441311136745,"82,274",67% bearish,of 3 ratings,$57
ICPT,$186.03,1441311136838,"92,134",70% bullish,of 10 ratings,$359.50
IPAR,$25.15,1441311136937,"35,084",67% bullish,of 3 ratings,$38
ICLDW,NULL,1441311137067,0,100% bearish,of 1 rating,N/A
ICLD,$1.9,1441311137135,"88,211",75% bullish,of 4 ratings,N/A
IDCC,$48.47,1441311137159,"135,792",80% bullish,of 5 ratings,$63
TILE,$24.36,1441311137208,"178,774",100% bearish,of 3 ratings,$27
INAP,$9.13,1441311137420,"237,634",75% bullish,of 4 ratings,$11
IMI,$2.03,1441311137574,"3,551",67% bullish,of 3 ratings,$2.22
INTC,$29.15,1441311137603,"19,819,205",82% bullish,of 238 ratings,$36
ISCA,$32.62,1441311137638,"44,448",100% bearish,of 1 rating,N/A
IIJI,$8.706,1441311137741,400,50% bullish,of 2 ratings,$12.50
IBOC,$24.8782,1441311137766,"66,132",100% bearish,of 1 rating,N/A
PTNT,$3.05,1441311137791,"4,137",Not yet rated,NULL,N/A
IGLD,$7.335,1441311138035,975,50% bullish,of 2 ratings,N/A
INTX,$1.97,1441311138177,"7,750",67% bullish,of 3 ratings,N/A
IILG,$19.71,1441311138206,"82,232",100% bearish,of 1 rating,$29
ISIL,$10.575,1441311138307,"539,157",50% bullish,of 6 ratings,$15
XENT,$25.3421,1441311138354,"78,629",50% bullish,of 2 ratings,$36.50
INPH,$0.31,1441311138484,"2,436",50% bullish,of 2 ratings,N/A
IVAC,$4.58,1441311138510,"18,616",100% bearish,of 1 rating,$6.625
INTL,$26.03,1441311138704,"67,477",67% bearish,of 3 ratings,N/A
INTLL,$25.9799,1441311138751,500,Not yet rated,NULL,N/A
IIN,$6.94,1441311138892,501,100% bearish,of 1 rating,$12
ISRG,$515.5714,1441311138964,"87,487",67% bullish,of 3 ratings,$600
INVT,$0.314,1441311139065,"127,234",67% bullish,of 3 ratings,N/A
ITCI,$27.0403,1441311139196,"342,992",75% bearish,of 4 ratings,$40
ISBC,$11.76,1441311139222,"1,123,797",100% bullish,of 1 rating,$13.25
INTU,$86.03,1441311139352,"1,251,864",86% bullish,of 7 ratings,$107.50
ISTR,$15.69,1441311139405,240,100% bearish,of 1 rating,$18.50
NVIV,$9.52,1441311139451,"92,767",50% bullish,of 4 ratings,$24.50
SNAK,$8.4,1441311139477,"44,155",50% bullish,of 2 ratings,$14
ITIC,$69.94,1441311139621,300,100% bearish,of 2 ratings,N/A
IVTY,$13.98,1441311139648,"12,902",Not yet rated,NULL,$18
IPAS,$1.0584,1441311139802,"23,761",67% bullish,of 3 ratings,N/A
DFVL,NULL,1441311139826,0,Not yet rated,NULL,N/A
DTUL,NULL,1441311139851,0,Not yet rated,NULL,N/A
IPCM,$79.3,1441311140024,"569,433",50% bullish,of 2 ratings,$80.125
IPGP,$83.2238,1441311140293,"164,559",67% bearish,of 3 ratings,$109.50
IRDM,$7.0852,1441311140319,"696,285",60% bullish,of 5 ratings,$11.50
IRMD,$24.04,1441311140339,"8,076",67% bearish,of 3 ratings,$25
IRIX,$6.88,1441311140516,"7,108",100% bearish,of 1 rating,N/A
IRDMB,$273.157,1441311140764,"10,000",67% bearish,of 3 ratings,N/A
FCHI,NULL,1441311140826,0,NULL,NULL,NULL
IRWD,$10.68,1441311140857,"561,020",100% bearish,of 1 rating,$13
IRBT,$29.72,1441311140878,"104,974",67% bullish,of 6 ratings,$37
COMT,$33.505,1441311140959,"9,463",100% bearish,of 1 rating,N/A
IRCP,NULL,1441311141057,0,100% bullish,of 2 ratings,N/A
IFAS,NULL,1441311141082,0,NULL,NULL,NULL
GNMA,$50.28,1441311141140,"3,100",Not yet rated,NULL,N/A
IFEU,$37.94,1441311141393,"2,548",Not yet rated,NULL,N/A
IFNA,NULL,1441311141415,0,NULL,NULL,NULL
IFGL,$27.9801,1441311141439,"184,826",Not yet rated,NULL,N/A
AXJS,NULL,1441311141461,0,NULL,NULL,NULL
ACWX,$40.11,1441311141643,"729,902",100% bearish,of 1 rating,N/A
AAIT,NULL,1441311141670,0,NULL,NULL,NULL
ACWI,$55.2,1441311141777,"713,418",Not yet rated,NULL,N/A
EMDI,NULL,1441311141803,0,NULL,NULL,NULL
EMEY,NULL,1441311141867,0,NULL,NULL,NULL
EEME,NULL,1441311141893,0,NULL,NULL,NULL
AAXJ,$52.505,1441311141944,"1,047,969",Not yet rated,NULL,N/A
EEMA,$49.5204,1441311142099,"59,074",Not yet rated,NULL,N/A
EGRW,NULL,1441311142154,0,NULL,NULL,NULL
EVAL,NULL,1441311142227,0,NULL,NULL,NULL
EUFN,$21.44,1441311142531,"67,047",100% bearish,of 1 rating,N/A
IEUS,$44.9196,1441311142563,"15,977",100% bearish,of 1 rating,N/A
EEML,$26.9899,1441311142667,"1,120",Not yet rated,NULL,N/A
IBB,$339.01,1441311142692,"1,018,533",63% bullish,of 8 ratings,N/A
QAT,$21.15,1441311142771,"1,700",Not yet rated,NULL,N/A
UAE,$17.805,1441311142839,"2,912",Not yet rated,NULL,N/A
SOXX,$82.83,1441311142869,"192,083",50% bullish,of 2 ratings,N/A
EMIF,$28.03,1441311143203,"7,562",Not yet rated,NULL,N/A
WOOD,$47.82,1441311143344,"21,508",50% bullish,of 2 ratings,N/A
ISLE,$19.1695,1441311143769,"298,442",50% bullish,of 4 ratings,$16
ICLN,$9.2571,1441311143874,"103,001",50% bullish,of 2 ratings,N/A
INDY,$27.09,1441311143926,"113,372",50% bullish,of 2 ratings,N/A
ISHG,$79.49,1441311143955,"15,256",100% bearish,of 1 rating,N/A
ISRL,$127.94,1441311144036,22,100% bearish,of 1 rating,N/A
IGOV,$90.7799,1441311144086,"14,343",100% bearish,of 1 rating,N/A
ISIS,$51.6,1441311144115,"1,049,375",53% bullish,of 15 ratings,$67
ITRI,$29.43,1441311144168,"76,624",100% bearish,of 1 rating,$37
ITUS,$3.99,1441311144218,"5,109",Not yet rated,NULL,N/A
ITRN,$23.65,1441311144350,"1,832",50% bullish,of 2 ratings,N/A
XXIA,$15.1803,1441311144628,"139,437",71% bullish,of 7 ratings,$14.625
JJSF,$115.76,1441311144665,"26,791",100% bearish,of 1 rating,N/A
MAYS,NULL,1441311144724,0,Not yet rated,NULL,N/A
IXYS,$11.5696,1441311144756,"79,902",50% bullish,of 4 ratings,N/A
JBHT,$75.35,1441311144942,"808,338",50% bullish,of 4 ratings,$89.50
JCOM,$68.1,1441311145124,"208,372",100% bullish,of 2 ratings,$77
JXSB,$24,1441311145509,"1,815",Not yet rated,NULL,N/A
JASO,$8.07,1441311145537,"451,798",82% bullish,of 17 ratings,$10
JKHY,$67.4867,1441311145562,"226,465",67% bearish,of 3 ratings,$72
JAKK,$9.41,1441311145760,"495,827",60% bearish,of 5 ratings,$11
JAXB,$13,1441311145789,100,100% bullish,of 1 rating,N/A
JMBA,$14.416,1441311145849,"160,881",75% bullish,of 4 ratings,$18
JACK,$78.65,1441311145888,"206,457",71% bullish,of 7 ratings,$105
JRVR,$27.91,1441311146095,"55,454",Not yet rated,NULL,$32
JAGX,$3.35,1441311146122,"5,000",Not yet rated,NULL,$10.50
ERW,NULL,1441311146161,0,Not yet rated,NULL,N/A
JASNW,NULL,1441311146291,0,50% bullish,of 2 ratings,N/A
JAZZ,$164.51,1441311146350,"118,890",80% bullish,of 15 ratings,$206.50
JD,$24.41,1441311146394,"4,672,765",75% bullish,of 16 ratings,$36
JASN,$4.86,1441311146459,"3,397",50% bullish,of 2 ratings,$9.50
JBLU,$23.42,1441311146491,"3,367,855",94% bullish,of 18 ratings,$27
DATE,$6.2,1441311146593,"38,961",75% bullish,of 4 ratings,$9
JCTCF,$9.6,1441311146749,100,100% bullish,of 1 rating,N/A
JIVE,$4.6,1441311146774,"221,912",75% bullish,of 4 ratings,$5
JST,$3.63,1441311146803,"5,503",75% bullish,of 4 ratings,N/A
JTPY,$2.948,1441311146829,"1,101",100% bearish,of 1 rating,N/A
JOEZ,$0.173,1441311146958,"188,492",92% bullish,of 12 ratings,N/A
JBSS,$50.52,1441311147050,"24,552",67% bearish,of 3 ratings,N/A
WYIGU,$9.95,1441311147102,"4,040",100% bearish,of 1 rating,N/A
JOUT,$24.38,1441311147258,"5,591",100% bearish,of 1 rating,$34
JNP,$13.19,1441311147416,"143,459",100% bullish,of 3 ratings,$15
KTWO,$20.81,1441311147443,"32,238",100% bearish,of 1 rating,$28.50
JUNO,$34.9,1441311147469,"498,771",73% bullish,of 11 ratings,$71.50
KBIO,$3.01,1441311147790,"2,455,661",50% bullish,of 4 ratings,N/A
KMDA,$3.47,1441311147854,"8,155",50% bullish,of 2 ratings,$8
