Symbol,Price,Date,Volume,Rating,RatingVoteCount,OneYearEstimate
TFSCR,NULL,1439994002775,0,Not yet rated,NULL,N/A
FCTY,NULL,1439994002801,0,100% bullish,of 1 rating,$8.50
PIH,NULL,1439994002828,0,100% bearish,of 1 rating,N/A
TFSC,NULL,1439994002961,0,100% bearish,of 1 rating,N/A
TFSCU,NULL,1439994003029,0,Not yet rated,NULL,N/A
TFSCW,NULL,1439994003056,0,100% bearish,of 1 rating,N/A
FCCY,NULL,1439994003077,0,100% bullish,of 1 rating,$13
FLWS,$9.525,1439994003109,"15,682",100% bullish,of 5 ratings,$15
SRCE,$30.423,1439994003139,"6,399",100% bullish,of 3 ratings,$33
DSLV,$62.46,1439994003241,"7,358",100% bearish,of 1 rating,N/A
VNET,$20.95,1439994003272,"29,465",60% bullish,of 5 ratings,$29.50
DGLD,$83.2101,1439994003455,"4,095",100% bullish,of 1 rating,N/A
USLV,$14.47,1439994003481,"131,292",86% bullish,of 7 ratings,N/A
JOBS,$27.56,1439994003542,"11,799",50% bullish,of 4 ratings,$36
UGLD,$9.0701,1439994003567,"43,602",100% bearish,of 1 rating,N/A
TWOU,$35.17,1439994003614,"21,535",50% bullish,of 2 ratings,$39
SIXD,$2.285,1439994003815,"7,587",Not yet rated,NULL,N/A
CAFD,$15.68,1439994003845,"29,126",Not yet rated,NULL,$25
EGHT,$8.54,1439994003879,"26,250",82% bullish,of 17 ratings,$11
AVHI,$14.37,1439994003914,"1,818",100% bearish,of 1 rating,$19
ABAX,$47.62,1439994003948,"32,381",100% bearish,of 1 rating,$60
AAON,$22.87,1439994003976,"8,306",100% bearish,of 1 rating,$24
SHLM,$34.925,1439994004030,"22,558",100% bearish,of 1 rating,$50
ABGB,$4.31,1439994004056,"36,581",67% bullish,of 3 ratings,$5.50
ABY,$21.54,1439994004209,"16,849",100% bearish,of 2 ratings,$46
ABEO,$5.32,1439994004286,"113,997",67% bullish,of 3 ratings,$15.50
ABEOW,$2.2,1439994004370,"3,389",100% bullish,of 1 rating,N/A
ABMD,$103.83,1439994004424,"75,323",75% bullish,of 4 ratings,$86
ACTG,$8.65,1439994004557,"40,312",67% bullish,of 3 ratings,$18.50
AXAS,$1.74,1439994004587,"75,542",78% bullish,of 9 ratings,$3.50
ACST,$0.365,1439994004618,"1,200",100% bullish,of 2 ratings,N/A
ACHC,$80.06,1439994004687,"35,825",50% bullish,of 2 ratings,$92
AXDX,$18.7,1439994004759,"27,485",100% bearish,of 1 rating,N/A
XLRN,$30.525,1439994004790,"5,860",50% bullish,of 2 ratings,$57
ACAD,$38.2192,1439994004815,"53,547",85% bullish,of 20 ratings,$48
ARAY,$6.02,1439994004843,"99,818",100% bearish,of 1 rating,$10.50
ANCX,$19.27,1439994005019,"3,436",Not yet rated,NULL,$19
VXDN,$14.388,1439994005044,138,Not yet rated,NULL,N/A
VXUP,$17.2,1439994005102,"7,950",Not yet rated,NULL,N/A
ACRX,$4.3225,1439994005179,"51,324",67% bearish,of 6 ratings,$5.50
ACET,$25.04,1439994005281,"6,659",75% bullish,of 4 ratings,$30
AKAO,$6.99,1439994005485,"12,704",75% bullish,of 4 ratings,$15
ACNB,$20.12,1439994005514,63,Not yet rated,NULL,N/A
ACTS,$1.4,1439994005536,"2,804",100% bearish,of 1 rating,N/A
ACOR,$30.74,1439994005558,"18,660",67% bearish,of 3 ratings,$38.50
ACIW,$22.59,1439994005602,"17,438",50% bullish,of 2 ratings,$24
ACHN,$8.74,1439994005623,"222,045",90% bullish,of 21 ratings,$16
ATVI,$29.09,1439994005696,"323,482",68% bullish,of 84 ratings,$31.50
ACPW,$1.86,1439994005760,"4,300",100% bullish,of 4 ratings,$3.50
ACUR,$0.622,1439994006008,"4,788",100% bullish,of 5 ratings,$1
ACTA,$13.46,1439994006034,"4,330",67% bearish,of 3 ratings,$25
ACXM,$20.85,1439994006060,"40,418",67% bullish,of 3 ratings,N/A
ADMS,$20.59,1439994006231,"2,402",100% bearish,of 2 ratings,$36
ADUS,$30.43,1439994006274,"6,038",100% bearish,of 1 rating,$31
ADMP,$3.8,1439994006301,404,50% bullish,of 2 ratings,$10
ADAP,$15.45,1439994006363,"3,716",67% bullish,of 3 ratings,$22
ADTN,$16,1439994006495,"48,029",67% bullish,of 3 ratings,$17.125
AEY,$2.3499,1439994006524,"6,599",100% bearish,of 2 ratings,N/A
ADEP,$7.44,1439994006545,"4,953",50% bullish,of 2 ratings,$10.75
ADBE,$86.24,1439994006576,"92,227",65% bullish,of 17 ratings,$90
AEIS,$25.98,1439994006785,"9,812",50% bullish,of 2 ratings,$32.50
ADMA,NULL,1439994006851,0,Not yet rated,NULL,$19
ADRO,$21.3799,1439994006946,"14,060",80% bullish,of 5 ratings,$45.50
ADXS,$15.4471,1439994007076,"76,199",64% bullish,of 14 ratings,$27
ADXSW,NULL,1439994007169,0,100% bullish,of 1 rating,N/A
AEGR,$18.74,1439994007253,"33,990",50% bullish,of 6 ratings,$26
YPRO,NULL,1439994007280,0,100% bearish,of 1 rating,N/A
MULT,NULL,1439994007318,0,100% bearish,of 1 rating,N/A
AEHR,$2.24,1439994007556,12,50% bullish,of 2 ratings,N/A
AMTX,NULL,1439994007689,0,50% bullish,of 2 ratings,$26.11
AERI,$16.24,1439994007724,"42,291",75% bullish,of 4 ratings,$31.50
AEPI,$57.18,1439994007745,"1,039",100% bearish,of 1 rating,N/A
AVAV,$25.62,1439994007828,"16,605",50% bullish,of 4 ratings,$31
AMD,$1.8,1439994007877,"487,195",83% bullish,of 102 ratings,$2
AEZS,$0.1196,1439994007903,"2,889,859",90% bullish,of 21 ratings,$1.50
AEGN,$18.46,1439994007958,"13,480",100% bearish,of 1 rating,$21
AEMD,$7.09,1439994008109,"11,226",Not yet rated,NULL,$27.50
AGEN,$7.48,1439994008245,"61,140",85% bullish,of 13 ratings,$14
AFMD,$11,1439994008279,"57,621",50% bullish,of 4 ratings,$15
AFFX,$9.7101,1439994008378,"14,642",80% bullish,of 5 ratings,$12
AGYS,$9.38,1439994008408,522,100% bearish,of 1 rating,N/A
AGIO,$94.418,1439994008435,"19,858",88% bullish,of 8 ratings,$114
AGRX,$8.52,1439994008460,"2,582",100% bearish,of 1 rating,$18
AIRM,$39.52,1439994008913,"18,106",80% bearish,of 5 ratings,$53
AGFSW,$2.1,1439994008941,800,100% bearish,of 2 ratings,N/A
AIRT,$22.99,1439994009069,100,100% bullish,of 1 rating,N/A
AIXG,$6.11,1439994009102,"3,475",67% bearish,of 3 ratings,$6
AGFS,$10.03,1439994009144,"71,679",100% bearish,of 1 rating,N/A
AMCN,$5.05,1439994009174,"70,869",83% bullish,of 6 ratings,N/A
AIMT,$24.425,1439994009201,"9,557",Not yet rated,NULL,N/A
ATSG,$9.5175,1439994009233,"13,262",67% bullish,of 3 ratings,$13
AKER,$2.65,1439994009845,"6,259",Not yet rated,NULL,N/A
AKBA,$6.7299,1439994009903,"24,531",100% bearish,of 1 rating,$18
AKRX,$43.58,1439994010311,"44,750",78% bullish,of 9 ratings,$56
AMRI,$20.305,1439994010346,"9,596",75% bearish,of 4 ratings,$24
ALRM,$17.27,1439994010409,"1,679",100% bearish,of 1 rating,$22
ALSK,$2.13,1439994010440,"10,550",78% bullish,of 18 ratings,$2
AKAM,$73.37,1439994010466,"57,877",63% bullish,of 8 ratings,$77
ABDC,$12.7,1439994010607,"2,464",Not yet rated,NULL,$15
ADHD,$9.23,1439994010674,"26,103",50% bullish,of 4 ratings,$18
ALDX,$7.7,1439994010807,"1,300",100% bearish,of 1 rating,$14.50
ALDR,$37.345,1439994010835,"26,317",67% bearish,of 3 ratings,$62
ALXN,$185.4,1439994010857,"99,582",88% bullish,of 8 ratings,$223
ALXA,$1.18,1439994010896,940,83% bullish,of 6 ratings,$2.125
ALCO,$42.598,1439994010918,"1,504",50% bullish,of 2 ratings,N/A
ALIM,$3.63,1439994010994,"15,072",80% bullish,of 5 ratings,$10
ALGN,$60.09,1439994011079,"40,916",100% bearish,of 2 ratings,$73
ALGT,$225.988,1439994011237,"16,601",100% bearish,of 1 rating,$235
ALKS,$66.36,1439994011342,"46,826",67% bullish,of 3 ratings,$75
ALLB,$23.75,1439994011368,782,Not yet rated,NULL,N/A
AHGP,$35.96,1439994011521,"13,304",67% bullish,of 3 ratings,N/A
AIQ,$14.69,1439994011550,454,67% bullish,of 3 ratings,N/A
AFOP,$18.63,1439994011576,"21,159",75% bullish,of 8 ratings,$21
ARLP,$24.5262,1439994011619,"6,009",67% bearish,of 3 ratings,$32
AHPI,$1.45,1439994011654,200,50% bullish,of 2 ratings,N/A
AMOT,$16.44,1439994011720,"2,471",100% bearish,of 1 rating,N/A
MDRX,$14.05,1439994011872,"235,789",60% bullish,of 5 ratings,$16
ALLT,$5.03,1439994011921,"6,557",75% bullish,of 4 ratings,$6.25
ALQA,$4.47,1439994011978,"5,536",75% bullish,of 4 ratings,$8.50
AFAM,$48.032,1439994012083,"3,059",50% bullish,of 2 ratings,$44
ALNY,$106.29,1439994012189,"40,826",67% bullish,of 3 ratings,$148.50
AOSL,$7.115,1439994012284,"7,029",67% bullish,of 3 ratings,$9
SMCP,$23.83,1439994012436,250,Not yet rated,NULL,N/A
ATEC,$0.6,1439994012466,"5,000",100% bullish,of 1 rating,$2
AIMC,$25.76,1439994012499,"1,995",100% bearish,of 1 rating,$28.50
ASPS,$30.44,1439994012520,"7,280",67% bullish,of 3 ratings,$46.50
AMRN,$2.21,1439994012550,"103,338",85% bullish,of 39 ratings,$8
ALTR,$48.78,1439994012572,"205,855",80% bearish,of 5 ratings,$54
AMRK,NULL,1439994012835,0,50% bullish,of 2 ratings,$14
AMZN,$532.05,1439994012872,"195,702",81% bullish,of 263 ratings,$646
AMAG,$64.05,1439994012902,"70,664",100% bullish,of 2 ratings,$77.50
AYA,$22.68,1439994012940,"5,166",100% bearish,of 1 rating,$40
AMBCW,NULL,1439994013005,0,100% bearish,of 1 rating,N/A
AMBC,$16.19,1439994013094,"17,422",100% bearish,of 1 rating,$16.50
EPAX,$2.68,1439994013276,400,100% bearish,of 1 rating,N/A
AMBA,$102.8,1439994013319,"411,966",83% bullish,of 12 ratings,$102.50
DOX,$60.13,1439994013346,"29,692",100% bullish,of 2 ratings,$60
AMDA,$0.4869,1439994013368,"361,058",90% bullish,of 10 ratings,$1
AMCX,$73.34,1439994013415,"85,150",67% bullish,of 3 ratings,$85.50
UHAL,$380.47,1439994013498,"1,160",100% bullish,of 2 ratings,$393.50
AMED,$44.81,1439994013526,"19,565",100% bearish,of 1 rating,$42
ASBI,NULL,1439994013547,0,Not yet rated,NULL,N/A
ATAX,$5.32,1439994013767,"11,652",100% bullish,of 1 rating,$6.50
AMOV,$18.69,1439994013819,10,100% bearish,of 1 rating,N/A
AAL,$43.7149,1439994013958,"881,831",93% bullish,of 87 ratings,$57
AGNC,$19.7288,1439994014017,"210,152",71% bullish,of 28 ratings,$22
MTGE,$15.895,1439994014084,"37,986",75% bullish,of 4 ratings,$19.50
AGNCP,$25.26,1439994014110,100,Not yet rated,NULL,N/A
AGNCB,$24.25,1439994014186,"4,171",Not yet rated,NULL,N/A
MTGEP,NULL,1439994014245,0,Not yet rated,NULL,N/A
ACAS,$14.15,1439994014428,"355,368",60% bullish,of 5 ratings,$16.75
AETI,$3.77,1439994014463,68,67% bearish,of 3 ratings,N/A
ANCI,NULL,1439994014491,0,100% bearish,of 1 rating,N/A
AMIC,NULL,1439994014560,0,Not yet rated,NULL,N/A
ACSF,$12.73,1439994014592,"3,702",100% bearish,of 1 rating,$15
AMNB,$23.15,1439994014645,88,Not yet rated,NULL,$25.50
APEI,$22.28,1439994014671,"8,662",100% bearish,of 1 rating,$25.50
ANAT,$103.475,1439994014699,"2,917",100% bullish,of 1 rating,N/A
ARII,$40.29,1439994015022,"21,745",67% bearish,of 3 ratings,$45
AMSC,$3.955,1439994015060,"10,268",50% bullish,of 4 ratings,N/A
ASEI,$38.97,1439994015093,"5,245",100% bearish,of 1 rating,$52.50
AMWD,$66.17,1439994015123,"11,862",50% bullish,of 2 ratings,$58
AMRB,NULL,1439994015148,0,Not yet rated,NULL,$11
CRMT,$44.59,1439994015191,"1,686",100% bearish,of 1 rating,$49
AMSWA,$9.36,1439994015219,"9,814",100% bearish,of 2 ratings,$10.75
ABCB,$28.16,1439994015391,"4,322",Not yet rated,NULL,$31
AMSF,$50.74,1439994015458,"12,032",Not yet rated,NULL,$57.50
ATLO,$24.07,1439994015619,48,Not yet rated,NULL,N/A
ASRV,$3.28,1439994015649,44,100% bullish,of 2 ratings,N/A
ASRVP,NULL,1439994015679,0,Not yet rated,NULL,N/A
FOLD,$16.1186,1439994015709,"80,523",56% bullish,of 9 ratings,$21
AMGN,$165.8099,1439994015750,"269,298",89% bullish,of 19 ratings,$185
AMKR,$4.285,1439994015812,"103,266",100% bearish,of 2 ratings,$5
AMPH,$14.28,1439994015976,"26,532",50% bullish,of 2 ratings,$20
AMSGP,NULL,1439994016033,0,Not yet rated,NULL,N/A
AMSG,$83.75,1439994016067,"48,179",100% bearish,of 1 rating,$85.50
ASYS,$5.572,1439994016088,"16,800",67% bullish,of 3 ratings,$12
AMRS,$1.66,1439994016169,"14,104",70% bullish,of 10 ratings,N/A
AFSI,$63.676,1439994016238,"24,197",60% bullish,of 5 ratings,$72
ANAC,$130.52,1439994016299,"76,517",80% bullish,of 5 ratings,$180.50
ANAD,$0.3597,1439994016368,"68,871",100% bullish,of 2 ratings,$.50
ADI,$60.62,1439994016393,"1,913,843",67% bullish,of 3 ratings,$68
ALOG,$83.05,1439994016443,"4,261",100% bearish,of 2 ratings,$100.50
ANCB,$22.56,1439994016538,1,Not yet rated,NULL,$23
ABCW,$40.72,1439994016572,539,67% bullish,of 3 ratings,N/A
AMCF,$0.259,1439994016706,410,100% bullish,of 7 ratings,N/A
ANGO,$14.76,1439994016838,"2,461",67% bullish,of 3 ratings,$19
ANIP,$54.5665,1439994016886,"14,982",89% bullish,of 19 ratings,$66
ANGI,$4.44,1439994016915,"124,245",64% bullish,of 11 ratings,$5.50
ANIK,$35.66,1439994016937,"11,349",60% bullish,of 5 ratings,$51.25
ANSS,$96.275,1439994016972,"26,534",100% bearish,of 1 rating,$100
ANTH,$9.073,1439994017003,"88,730",80% bullish,of 10 ratings,$13
ATRS,$1.85,1439994017103,"35,293",92% bullish,of 12 ratings,$4.50
ATNY,$2.31,1439994017324,54,50% bullish,of 2 ratings,$3.75
ABAC,$0.8676,1439994017362,"1,200",100% bearish,of 1 rating,N/A
APIC,$7.71,1439994017459,"16,434",100% bearish,of 1 rating,$19
APOL,$11.66,1439994017485,"115,032",87% bearish,of 68 ratings,$14
AINV,$6.645,1439994017511,"388,931",50% bullish,of 4 ratings,$8
APPF,$18.075,1439994017676,"18,701",50% bullish,of 2 ratings,$22
APOG,$53.89,1439994017707,"20,326",100% bullish,of 1 rating,$62
APDN,$3.2399,1439994017810,"11,727",Not yet rated,NULL,$9
ARCI,$1.25,1439994017843,200,Not yet rated,NULL,N/A
AAPL,$115.682,1439994017893,"5,294,636",86% bullish,of 2334 ratings,$150
AMAT,$16.49,1439994017925,"1,547,207",82% bullish,of 11 ratings,$23
AGTC,$15.19,1439994017946,"4,883",50% bullish,of 2 ratings,$33
APDNW,NULL,1439994017977,0,Not yet rated,NULL,N/A
AMCC,$5.67,1439994018242,"71,506",80% bullish,of 5 ratings,$8
AAOI,$21.83,1439994018269,"24,909",50% bullish,of 4 ratings,$26
APTO,$5.1387,1439994018402,226,Not yet rated,NULL,$17
AREX,$2.65,1439994018434,"33,543",100% bearish,of 1 rating,$3
APRI,$1.23,1439994018455,"29,506",83% bullish,of 6 ratings,$4.86
AQXP,$18.41,1439994018485,"193,985",50% bullish,of 2 ratings,$2
AQMS,$5.4,1439994018534,"2,750",Not yet rated,NULL,N/A
AUMA,NULL,1439994018635,0,Not yet rated,NULL,N/A
AUMAU,NULL,1439994018664,0,Not yet rated,NULL,N/A
ARDM,$7.36,1439994018762,200,100% bullish,of 1 rating,$26
ARCW,$3.75,1439994018856,"1,386",100% bearish,of 2 ratings,$10.50
AUMAW,NULL,1439994018896,0,Not yet rated,NULL,N/A
PETX,$16.965,1439994018925,"9,714",100% bearish,of 2 ratings,$26
ABIO,$0.9201,1439994018986,"44,332",50% bullish,of 2 ratings,$3.75
ABUS,$8.11,1439994019015,"30,532",86% bullish,of 14 ratings,$23
RKDA,$5.7513,1439994019055,"2,741",100% bearish,of 2 ratings,$10
ACAT,$29.22,1439994019386,"26,350",100% bearish,of 3 ratings,$33
ACGL,$73.53,1439994019415,"22,312",50% bullish,of 2 ratings,$72
ARCB,$31.79,1439994019441,"11,815",50% bullish,of 2 ratings,$39.50
ARNA,$3.115,1439994019468,"171,215",90% bullish,of 77 ratings,$5.50
ARDX,$18.12,1439994019490,"19,382",50% bullish,of 2 ratings,$24.50
ARCC,$15.945,1439994019519,"64,626",67% bearish,of 3 ratings,$17.875
AGII,$58.62,1439994019691,"22,706",Not yet rated,NULL,$59.50
AGIIL,$25.45,1439994019778,"2,716",Not yet rated,NULL,N/A
ARGS,$4.676,1439994019807,"3,453",50% bullish,of 2 ratings,$19.50
ARIA,$7.34,1439994019840,"180,854",87% bullish,of 46 ratings,$9
ARKR,NULL,1439994019870,0,50% bullish,of 2 ratings,N/A
ARIS,NULL,1439994019906,0,Not yet rated,NULL,$4.50
ARTX,$1.6099,1439994019973,"83,496",88% bullish,of 16 ratings,$4.50
ARMH,$42.67,1439994020001,"108,081",54% bearish,of 13 ratings,$61
ARWAR,NULL,1439994020285,0,Not yet rated,NULL,N/A
ARWA,NULL,1439994020310,0,Not yet rated,NULL,N/A
ARQL,$1.68,1439994020439,"12,431",75% bullish,of 4 ratings,$5
ARWAW,NULL,1439994020473,0,Not yet rated,NULL,N/A
ARWAU,NULL,1439994020499,0,100% bullish,of 1 rating,N/A
ARRS,$27.83,1439994020531,"178,617",50% bullish,of 2 ratings,$38
ARRY,$5.69,1439994020571,"120,157",100% bullish,of 7 ratings,$10
DWAT,NULL,1439994020596,0,100% bearish,of 1 rating,N/A
AROW,$27.39,1439994020732,516,Not yet rated,NULL,N/A
ARTW,NULL,1439994020763,0,75% bearish,of 4 ratings,N/A
ARWR,$5.608,1439994020868,"124,590",75% bullish,of 4 ratings,$10.50
ASNA,$11.99,1439994021017,"238,179",50% bullish,of 2 ratings,$18
ARTNA,$22.47,1439994021044,255,100% bearish,of 1 rating,$29
ASND,$18.04,1439994021229,"12,343",100% bullish,of 1 rating,$30
ASBB,$23.45,1439994021255,"1,200",Not yet rated,NULL,N/A
ASCMA,$28.19,1439994021308,"9,056",100% bearish,of 1 rating,$45
APWC,NULL,1439994021481,0,100% bearish,of 1 rating,N/A
ASTI,$0.1533,1439994021508,"104,492",83% bullish,of 6 ratings,$3
ASMI,$38.29,1439994021529,100,50% bullish,of 2 ratings,N/A
ASFI,$9.0399,1439994021666,"1,438",100% bullish,of 1 rating,N/A
ASMB,$13.16,1439994021693,"3,277",67% bullish,of 3 ratings,N/A
AZPN,$39.295,1439994021729,"75,817",50% bullish,of 2 ratings,$42
ASML,$91.64,1439994021834,"196,143",67% bullish,of 3 ratings,$127
ASTE,$37.49,1439994021915,"6,780",100% bearish,of 1 rating,$48
ATRO,$56.44,1439994021985,"6,458",100% bearish,of 2 ratings,$80
ASTC,$2.334,1439994022118,"4,208",100% bullish,of 5 ratings,N/A
ALOT,$13.35,1439994022144,202,100% bearish,of 1 rating,N/A
ASUR,NULL,1439994022277,0,Not yet rated,NULL,$8
ATAI,$2.91,1439994022308,"9,654",100% bearish,of 1 rating,N/A
AFCB,NULL,1439994022335,0,Not yet rated,NULL,N/A
ATRA,$48.42,1439994022381,"8,946",50% bullish,of 2 ratings,$68
ATHN,$138.09,1439994022410,"12,474",67% bearish,of 3 ratings,$153
ATHX,$1.191,1439994022576,"11,622",89% bullish,of 9 ratings,$5
AAME,NULL,1439994022608,0,Not yet rated,NULL,N/A
AAPC,NULL,1439994022638,0,Not yet rated,NULL,N/A
ACFC,$6.44,1439994022705,"10,225",Not yet rated,NULL,$6.50
ATNI,$74.4,1439994022735,"13,625",100% bearish,of 1 rating,$69.50
ATLC,$3.9501,1439994022873,202,67% bullish,of 3 ratings,N/A
AAWW,$44.74,1439994023028,"43,619",50% bullish,of 2 ratings,$65
ATML,$7.75,1439994023057,"590,983",78% bullish,of 9 ratings,$9.50
ATOS,$0.9,1439994023092,"3,400",100% bullish,of 7 ratings,$7
ATRI,$395.88,1439994023120,257,Not yet rated,NULL,N/A
AFH,$17.19,1439994023160,"2,152",Not yet rated,NULL,$21.50
ATRC,$27.19,1439994023191,"1,722",100% bullish,of 1 rating,$30
ATTU,$15.045,1439994023266,"7,821",100% bearish,of 1 rating,$20.50
ATRM,NULL,1439994023458,0,50% bullish,of 2 ratings,N/A
LIFE,$14.88,1439994023487,"6,530",86% bullish,of 7 ratings,$43
AUBN,$27.19,1439994023508,100,Not yet rated,NULL,N/A
AUDC,$3.34,1439994023547,"24,638",80% bullish,of 5 ratings,$5
AUPH,$3.47,1439994023647,"3,168",100% bearish,of 1 rating,$8
EARS,$4.9622,1439994023679,"2,069",100% bearish,of 2 ratings,$12
ADAT,$0.1298,1439994023783,"1,200",100% bullish,of 2 ratings,N/A
ADSK,$54.4,1439994023872,"70,294",83% bullish,of 6 ratings,$69.50
ABTL,$18.656,1439994023899,"6,081",100% bullish,of 4 ratings,$20.25
ADP,$84.25,1439994023965,"202,249",100% bearish,of 1 rating,$88
AVGO,$121.52,1439994024033,"233,562",88% bullish,of 8 ratings,$160
AVNU,$12.6101,1439994024061,350,Not yet rated,NULL,$14
AAVL,$10.52,1439994024088,"96,879",100% bearish,of 1 rating,$20
AVEO,$1.51,1439994024221,"559,379",75% bullish,of 8 ratings,$3
AVNW,$1.13,1439994024252,"2,906",50% bullish,of 2 ratings,$2.20
AVID,$8.4,1439994024278,"42,525",100% bearish,of 1 rating,$20
AVGR,$15.26,1439994024459,329,100% bearish,of 1 rating,$20
AWRE,$3.268,1439994024489,802,67% bullish,of 3 ratings,N/A
CAR,$46.095,1439994024519,"205,244",80% bullish,of 5 ratings,$60
ACLS,$3.2184,1439994024551,"57,887",67% bullish,of 6 ratings,$4.75
AXPWW,NULL,1439994024588,0,Not yet rated,NULL,N/A
AXPW,$1.17,1439994024651,"26,003",83% bullish,of 6 ratings,N/A
BCOM,$19.52,1439994024824,8,100% bearish,of 1 rating,N/A
AXTI,$2.19,1439994024852,304,50% bullish,of 2 ratings,$2.75
AXGN,$3.95,1439994024883,"13,738",Not yet rated,NULL,$5
RILY,NULL,1439994024914,0,Not yet rated,NULL,N/A
BOSC,$2.4899,1439994024984,110,50% bullish,of 2 ratings,N/A
BIDU,$163.69,1439994025010,"541,127",81% bullish,of 88 ratings,$215
BEAV,$51.055,1439994025043,"61,004",67% bearish,of 3 ratings,$59
BCPC,$60.215,1439994025260,"3,218",100% bearish,of 1 rating,$75
BLDP,$1.33,1439994025287,"28,965",91% bullish,of 22 ratings,$2.50
BWINA,NULL,1439994025327,0,Not yet rated,NULL,N/A
BWINB,$23.18,1439994025360,"1,700",Not yet rated,NULL,N/A
BANF,$63,1439994025438,"2,241",Not yet rated,NULL,$68
BANFP,NULL,1439994025465,0,Not yet rated,NULL,N/A
BKMU,$7.24,1439994025492,"77,743",Not yet rated,NULL,$8
BOCH,$5.79,1439994025633,400,Not yet rated,NULL,$6.50
BMRC,$48.53,1439994025661,462,Not yet rated,NULL,$52
BKSC,NULL,1439994025837,0,Not yet rated,NULL,N/A
OZRK,$43,1439994025882,"30,436",67% bullish,of 3 ratings,$49.50
BFIN,$12.11,1439994025939,704,Not yet rated,NULL,$13
BOTJ,$11.4,1439994025975,3,Not yet rated,NULL,N/A
BZUN,$7.88,1439994026074,"266,553",50% bullish,of 2 ratings,$13.85
BANR,$47.12,1439994026101,"1,310",100% bullish,of 3 ratings,$50
BWFG,NULL,1439994026122,0,100% bearish,of 1 rating,N/A
TAPR,$32.48,1439994026282,"1,200",100% bearish,of 1 rating,N/A
BHAC,NULL,1439994026318,0,Not yet rated,NULL,N/A
BHACU,NULL,1439994026367,0,Not yet rated,NULL,N/A
BHACR,NULL,1439994026417,0,Not yet rated,NULL,N/A
BHACW,NULL,1439994026444,0,Not yet rated,NULL,N/A
BBSI,$35.69,1439994026473,"18,976",67% bearish,of 3 ratings,$62.50
BSET,$30.97,1439994026614,"3,783",100% bearish,of 1 rating,$35
BYLK,$12.9401,1439994026703,846,Not yet rated,NULL,$14
BYBK,$5.05,1439994026740,10,100% bearish,of 1 rating,N/A
BV,$5.27,1439994026838,"32,605",67% bullish,of 6 ratings,$9
BCBP,$11.71,1439994026859,200,Not yet rated,NULL,N/A
BBCN,$15.42,1439994026902,"8,694",100% bearish,of 1 rating,$16
BDCV,$4.96,1439994026935,3,100% bearish,of 1 rating,$10.19
BECN,$35.88,1439994027035,"16,640",50% bullish,of 2 ratings,$40
BSF,$9.19,1439994027129,67,Not yet rated,NULL,N/A
BBGI,$4.9499,1439994027167,198,100% bearish,of 1 rating,N/A
BBBY,$63.3,1439994027264,"77,136",71% bullish,of 7 ratings,$75
BEBE,$1.79,1439994027293,"20,164",75% bullish,of 4 ratings,$3.075
BELFB,$19.92,1439994027321,"4,142",100% bearish,of 1 rating,N/A
BLPH,$5.5,1439994027507,"21,299",100% bearish,of 1 rating,$12.50
BELFA,NULL,1439994027804,0,100% bearish,of 1 rating,N/A
BNTC,$8.18,1439994027835,"17,975",100% bullish,of 1 rating,N/A
BGMD,$0.8539,1439994027858,"30,159",100% bullish,of 10 ratings,N/A
BLCM,$18.56,1439994027885,"14,790",50% bullish,of 4 ratings,$40
BNFT,$39.54,1439994027910,"22,669",67% bullish,of 3 ratings,$46
BNCL,$12.9,1439994027932,"12,028",100% bullish,of 3 ratings,$12.50
BGCP,$9.42,1439994028481,"92,020",88% bullish,of 8 ratings,$14
BCDA,NULL,1439994028522,0,Not yet rated,NULL,N/A
ORPN,$5.85,1439994028544,500,100% bullish,of 1 rating,$28.50
BIND,$4.5,1439994028577,"2,661",67% bullish,of 3 ratings,$13.50
BIOC,$2.12,1439994028599,"324,576",83% bullish,of 6 ratings,$3.70
BCRX,$11.6901,1439994028633,"69,275",63% bullish,of 8 ratings,$18
BGFV,$11.22,1439994028658,"11,260",57% bullish,of 7 ratings,$12
BASI,NULL,1439994028680,0,Not yet rated,NULL,N/A
BIOD,$0.6918,1439994028970,"34,925",80% bullish,of 5 ratings,$4
BDSI,$6.7,1439994029111,"100,281",88% bullish,of 8 ratings,$17
BIOL,$1.585,1439994029138,"2,442",Not yet rated,NULL,N/A
BMRN,$135.5,1439994029178,"38,926",80% bullish,of 5 ratings,$160
BIIB,$315.93,1439994029207,"222,733",88% bullish,of 16 ratings,$400
BVXV,$4.05,1439994029229,"1,300",Not yet rated,NULL,N/A
BLFS,$2.17,1439994029250,"28,409",100% bearish,of 1 rating,$4.75
BLRX,$1.5699,1439994029283,"12,386",100% bullish,of 12 ratings,$5
BBC,$32.28,1439994029540,"4,126",Not yet rated,NULL,N/A
BVXVW,NULL,1439994029582,0,100% bearish,of 1 rating,N/A
BRLI,$34.81,1439994029614,"30,738",83% bullish,of 6 ratings,N/A
BPTH,$1.12,1439994029636,"20,444",100% bullish,of 2 ratings,$5
BBP,$34.2644,1439994029668,"7,687",Not yet rated,NULL,N/A
BSPM,$0.696,1439994029703,"1,050",50% bullish,of 2 ratings,N/A
BIOS,$1.57,1439994029726,"77,257",71% bullish,of 7 ratings,$4
BSTC,$51.01,1439994029748,"10,287",100% bearish,of 1 rating,$76
BOTA,$2.25,1439994030123,"2,571",88% bullish,of 8 ratings,N/A
TECH,$105.63,1439994030154,"4,046",100% bullish,of 1 rating,$117
BEAT,$12.3,1439994030209,"16,820",67% bearish,of 3 ratings,$15
BBOX,$15.4001,1439994030236,"6,098",100% bearish,of 1 rating,N/A
BITI,$19.37,1439994030258,208,100% bullish,of 1 rating,$28
BDMS,NULL,1439994030291,0,100% bearish,of 1 rating,N/A
BJRI,$46.52,1439994030312,"12,574",50% bullish,of 2 ratings,$55
BLKB,$61.98,1439994030608,"7,174",100% bearish,of 2 ratings,$66
BKCC,$9.38,1439994030636,"56,586",100% bullish,of 2 ratings,$10
BBRY,$7.5033,1439994030670,"315,995",61% bullish,of 330 ratings,$9
ADRA,$28.5,1439994030692,100,Not yet rated,NULL,N/A
BDE,$7.47,1439994030723,"13,449",50% bullish,of 2 ratings,$9
HAWK,$44.45,1439994030745,"17,884",90% bullish,of 10 ratings,$49
ADRD,$23.26,1439994030779,100,100% bearish,of 1 rating,N/A
ADRE,$31.028,1439994030913,"2,833",Not yet rated,NULL,N/A
ADRU,$23.01,1439994031155,3,100% bearish,of 1 rating,N/A
BCOR,$13.59,1439994031187,"19,252",57% bullish,of 7 ratings,$15
BLMN,$21.5025,1439994031215,"62,521",83% bullish,of 6 ratings,$27.50
NILE,$34.796,1439994031383,"9,436",50% bullish,of 2 ratings,$34
BUFF,$27.5,1439994031410,"49,373",83% bullish,of 12 ratings,$31.50
BBLU,$0.85,1439994031432,"7,605",100% bullish,of 2 ratings,$4.43
BHBK,$14.3,1439994031454,"1,140",100% bullish,of 1 rating,$14.50
BLUE,$126.31,1439994031659,"86,803",86% bullish,of 7 ratings,$217.50
BKEP,$6.9839,1439994031699,616,100% bearish,of 1 rating,$8.50
BKEPP,NULL,1439994031952,0,100% bearish,of 1 rating,N/A
BOBE,$45.7,1439994032037,"4,963",75% bullish,of 4 ratings,$57
BPMC,$27.91,1439994032066,"5,942",50% bullish,of 2 ratings,$47.50
BLBD,NULL,1439994032087,0,Not yet rated,NULL,N/A
BOFI,$131.83,1439994032121,"13,631",100% bullish,of 6 ratings,$144
BNCN,$21.96,1439994032227,"1,682",Not yet rated,NULL,$23
WIFI,$8.755,1439994032397,"79,710",50% bullish,of 2 ratings,$13.50
BOKF,$65.565,1439994032440,"6,996",100% bearish,of 1 rating,$71
BOJA,$22.2,1439994032499,"10,909",100% bullish,of 1 rating,$30
BAMM,$3.2,1439994032534,"2,012",60% bullish,of 5 ratings,N/A
BNSO,$1.64,1439994032631,"24,699",100% bearish,of 1 rating,N/A
BPFH,$12.45,1439994032661,"22,142",100% bearish,of 1 rating,$14
BONA,$12.1099,1439994032690,"16,372",75% bullish,of 4 ratings,$8.50
BPFHP,$25.3,1439994032765,"1,400",100% bearish,of 1 rating,N/A
EPAY,$26.6,1439994033111,"10,865",100% bearish,of 2 ratings,$30
BPFHW,$6.79,1439994033139,"1,210",100% bearish,of 1 rating,N/A
BBRG,$13.17,1439994033161,"6,784",67% bullish,of 3 ratings,$14.50
BBEP,$2.4778,1439994033194,"235,172",69% bullish,of 13 ratings,$5.625
BDBD,$8.765,1439994033216,"37,690",60% bullish,of 5 ratings,$10
BCLI,$3.22,1439994033251,"53,206",80% bullish,of 5 ratings,$12
BBEPP,$13.9501,1439994033350,"2,700",100% bearish,of 1 rating,N/A
BDGE,$27.7,1439994033422,674,Not yet rated,NULL,$31.75
BLIN,$1.3301,1439994033687,"8,000",50% bullish,of 2 ratings,$2.20
BCOV,$5.4,1439994033727,"9,914",67% bullish,of 3 ratings,$10.20
BRCM,$50.7,1439994033749,"351,231",75% bullish,of 12 ratings,$56
BVSN,$6.06,1439994033824,839,60% bearish,of 5 ratings,N/A
BRID,$8.8,1439994033854,200,100% bearish,of 1 rating,N/A
BYFC,NULL,1439994033876,0,50% bullish,of 2 ratings,N/A
BSFT,$33.16,1439994033905,"5,814",57% bullish,of 7 ratings,$40.50
BRCD,$10.025,1439994033931,"232,653",92% bullish,of 13 ratings,$12.50
BRKS,$10.51,1439994034323,"12,412",67% bullish,of 3 ratings,$15.25
BWEN,$3.5084,1439994034360,"26,794",100% bullish,of 3 ratings,$8
BLMT,$21.25,1439994034417,140,Not yet rated,NULL,N/A
BRKR,$19.94,1439994034449,"59,745",100% bearish,of 2 ratings,$22
BMTC,$29.73,1439994034471,813,Not yet rated,NULL,$34
BRKL,$10.9,1439994034502,"48,588",100% bearish,of 1 rating,$10.75
BSQR,$6.84,1439994034524,"10,161",67% bullish,of 3 ratings,N/A
BWLD,$198.34,1439994034823,"50,650",82% bullish,of 11 ratings,$205
BUR,NULL,1439994034854,0,100% bearish,of 1 rating,$8
CFFI,NULL,1439994034892,0,100% bearish,of 1 rating,N/A
CA,$29.33,1439994034919,"135,927",50% bullish,of 4 ratings,$33
CHRW,$70.08,1439994034941,"77,596",Not yet rated,NULL,$72
BLDR,$14.93,1439994034986,"208,346",50% bullish,of 2 ratings,$22
CDNS,$21.66,1439994035015,"125,620",75% bullish,of 4 ratings,$22.50
CCMP,$44.52,1439994035077,"2,918",50% bullish,of 2 ratings,$59
CDZI,$7.49,1439994035259,"3,932",100% bearish,of 1 rating,N/A
CACQ,$7.19,1439994035391,"4,205",100% bearish,of 1 rating,$12.25
CZR,$7.16,1439994035423,"53,935",60% bearish,of 5 ratings,$10.50
CSTE,$48.48,1439994035445,"62,267",100% bearish,of 1 rating,$65
CLBS,$1.4,1439994035530,"20,433",79% bullish,of 14 ratings,$4
CLMS,$11.875,1439994035607,"6,204",Not yet rated,NULL,$10.50
CHY,$11.932,1439994035665,"29,020",Not yet rated,NULL,N/A
PRSS,$4.68,1439994035692,600,80% bullish,of 5 ratings,$4.50
CGO,$12.73,1439994035821,"3,964",100% bearish,of 1 rating,N/A
CHI,$11.0875,1439994035853,"56,791",100% bearish,of 1 rating,N/A
CCD,$21.45,1439994035874,"12,899",Not yet rated,NULL,N/A
CFGE,NULL,1439994035951,0,Not yet rated,NULL,N/A
CHW,$8.0268,1439994036025,"39,749",100% bearish,of 1 rating,N/A
CSQ,$10.4901,1439994036058,"36,133",Not yet rated,NULL,N/A
CAMP,$16.28,1439994036157,"66,680",86% bullish,of 7 ratings,$25
CVGW,$54.42,1439994036263,"8,548",50% bullish,of 2 ratings,$58.50
CFNB,$13.38,1439994036425,2,100% bearish,of 1 rating,N/A
CALA,$5.43,1439994036451,"41,613",100% bullish,of 3 ratings,$19.50
CALD,$16.13,1439994036489,"8,592",100% bearish,of 1 rating,$20.50
CLMT,$26.36,1439994036597,"62,580",75% bullish,of 8 ratings,$31
CAMB,NULL,1439994036663,0,Not yet rated,NULL,N/A
ABCD,$4.6601,1439994036690,"3,355",83% bullish,of 6 ratings,N/A
CAMBU,NULL,1439994036711,0,100% bearish,of 1 rating,N/A
CALM,$50.4199,1439994036748,"47,129",80% bullish,of 5 ratings,$65
CAC,$40.23,1439994036849,600,Not yet rated,NULL,N/A
CAMT,NULL,1439994036905,0,73% bullish,of 11 ratings,$4
CAMBW,NULL,1439994036949,0,Not yet rated,NULL,N/A
CSIQ,$20.0937,1439994037079,"4,075,860",86% bullish,of 28 ratings,$45
CPHC,NULL,1439994037109,0,100% bearish,of 1 rating,N/A
CGIX,$10.41,1439994037135,"5,261",67% bullish,of 3 ratings,$14.375
CBNJ,$10.95,1439994037274,300,100% bullish,of 1 rating,N/A
CCBG,$15.05,1439994037344,"1,000",Not yet rated,NULL,$17.25
CPLP,$7.1,1439994037407,"26,397",71% bullish,of 7 ratings,$11
CPLA,$49.31,1439994037434,"5,025",50% bullish,of 2 ratings,$65
CBF,$30.57,1439994037458,"3,256",Not yet rated,NULL,$32
CSWC,$49.1,1439994037591,325,Not yet rated,NULL,N/A
CPTA,$14.8,1439994037623,"8,780",Not yet rated,NULL,$18.50
CFFN,$12.13,1439994037658,"23,885",Not yet rated,NULL,$12.75
CAPNW,NULL,1439994037756,0,Not yet rated,NULL,N/A
CAPN,$2.5,1439994037786,"65,720",100% bullish,of 1 rating,$10.85
CPST,$0.3857,1439994037887,"90,238",95% bullish,of 22 ratings,$1
CAPR,$4.42,1439994037920,"8,404",Not yet rated,NULL,$12
CARA,$21.65,1439994038051,"15,936",50% bullish,of 4 ratings,$27.50
CRDC,$0.4,1439994038126,"15,825",100% bullish,of 1 rating,$1.25
CARB,$11.61,1439994038152,"15,032",75% bullish,of 4 ratings,$12
CBYL,$6.51,1439994038185,"9,431",100% bearish,of 1 rating,$20
CFNL,$23.28,1439994038287,"2,309",Not yet rated,NULL,$24
CATM,$35.13,1439994038341,"43,344",100% bearish,of 1 rating,$44
CSII,$24.1299,1439994038390,"18,631",100% bearish,of 2 ratings,$42.125
CDNA,$6.36,1439994038473,100,100% bearish,of 1 rating,$9
CRME,$9.71,1439994038499,"1,508",89% bullish,of 9 ratings,$11.25
CTRE,$11.66,1439994038682,"20,310",50% bullish,of 2 ratings,N/A
CECO,$3.68,1439994038707,"31,967",67% bearish,of 3 ratings,$6
CART,NULL,1439994038850,0,100% bearish,of 1 rating,N/A
CARO,$15.36,1439994038877,200,100% bearish,of 1 rating,$19
CKEC,$23.42,1439994038919,"7,984",50% bullish,of 2 ratings,$35.915
CLBH,$12.76,1439994038946,"2,130",Not yet rated,NULL,$16.50
CRZO,$34.76,1439994038968,"50,891",67% bearish,of 3 ratings,$57
TAST,$12.84,1439994039025,"14,548",Not yet rated,NULL,$14.25
CARV,NULL,1439994039175,0,50% bullish,of 2 ratings,N/A
CRTN,NULL,1439994039205,0,100% bearish,of 1 rating,N/A
CASM,$1.15,1439994039277,"16,173",100% bullish,of 1 rating,$3.50
CSCD,$14.03,1439994039307,"43,167",100% bullish,of 2 ratings,$17
CACB,$5.51,1439994039439,"4,322",Not yet rated,NULL,$5.50
CWST,$6.405,1439994039529,"7,159",50% bullish,of 2 ratings,$7
CASY,$107.04,1439994039663,"23,594",50% bullish,of 2 ratings,$99.50
CATB,$12,1439994039739,"2,758",100% bearish,of 1 rating,$28
CASI,$1.4201,1439994039794,"2,044",100% bullish,of 1 rating,$3.50
CASS,$50.03,1439994039819,"2,998",100% bearish,of 1 rating,N/A
CPRX,$4.01,1439994039847,"67,722",71% bullish,of 7 ratings,$7
CATY,$31.65,1439994039874,"16,852",100% bearish,of 1 rating,$33.50
CAVM,$72.23,1439994040052,"16,866",67% bearish,of 3 ratings,$72
CNLM,NULL,1439994040362,0,Not yet rated,NULL,N/A
CVCO,$74.36,1439994040391,790,100% bearish,of 1 rating,N/A
CBFV,$20.04,1439994040445,100,Not yet rated,NULL,N/A
CATYW,NULL,1439994040470,0,100% bearish,of 1 rating,N/A
CNLMU,NULL,1439994040521,0,100% bullish,of 1 rating,N/A
CNLMW,NULL,1439994040620,0,Not yet rated,NULL,N/A
CNLMR,NULL,1439994040647,0,Not yet rated,NULL,N/A
CECE,$10.205,1439994040949,"3,704",50% bullish,of 2 ratings,$16
CDW,$39.35,1439994040982,"34,259",75% bullish,of 4 ratings,$44
CDK,$49.68,1439994041011,"32,948",67% bearish,of 3 ratings,$50
CBOE,$63.85,1439994041033,"23,312",Not yet rated,NULL,$60
CPXX,$2.18,1439994041055,"15,399",100% bullish,of 2 ratings,$7
CELG,$128.396,1439994041095,"316,207",92% bullish,of 13 ratings,$155.50
CELGZ,$1.96,1439994041120,"4,500",80% bullish,of 5 ratings,N/A
CLDN,$1.08,1439994041296,"20,356",71% bullish,of 7 ratings,$3
CLRB,NULL,1439994041440,0,100% bearish,of 1 rating,N/A
CLDX,$15.36,1439994041474,"217,069",89% bullish,of 9 ratings,$36
CLRBW,NULL,1439994041495,0,Not yet rated,NULL,N/A
CLLS,$32.23,1439994041571,"3,520",75% bullish,of 4 ratings,$51.50
CBMG,$23,1439994041597,"11,377",50% bullish,of 2 ratings,N/A
CLTX,$1.009,1439994041739,"159,379",100% bullish,of 2 ratings,N/A
CLSN,$2.0999,1439994041769,"31,399",80% bullish,of 10 ratings,$7.50
CEMP,$37.48,1439994041871,"304,435",71% bullish,of 7 ratings,$48.50
CSFL,$14.15,1439994041898,"3,822",Not yet rated,NULL,$15
CETX,$2.57,1439994041935,"1,600",Not yet rated,NULL,$5.60
CETV,$2.155,1439994042029,"15,879",67% bullish,of 3 ratings,$2.80
CFBK,NULL,1439994042055,0,Not yet rated,NULL,N/A
CYAD,$54.96,1439994042114,"1,588",100% bullish,of 1 rating,$87.50
CENT,$12.02,1439994042184,"7,668",Not yet rated,NULL,$10
CENTA,$12.74,1439994042365,"19,892",Not yet rated,NULL,N/A
CENX,$5.17,1439994042438,"186,822",67% bullish,of 6 ratings,$9
CVCY,NULL,1439994042499,0,Not yet rated,NULL,$12
CPHD,$50.5,1439994042526,"21,532",50% bullish,of 2 ratings,$66.50
CNBKA,$41.2,1439994042558,118,100% bullish,of 1 rating,N/A
CNTY,$6.3,1439994042580,"4,354",80% bullish,of 5 ratings,$7.75
CRNT,$1.4872,1439994042615,"89,440",50% bullish,of 2 ratings,$2
CERN,$65.31,1439994042709,"172,380",67% bullish,of 3 ratings,$79
CERE,$1.43,1439994042853,"215,328",88% bullish,of 8 ratings,N/A
CERU,$3.435,1439994042915,"1,864",75% bullish,of 4 ratings,$15
KOOL,NULL,1439994042952,0,100% bullish,of 5 ratings,$7
CERS,$5,1439994043046,"76,348",75% bullish,of 4 ratings,$7
CEVA,$19.43,1439994043080,"5,043",100% bearish,of 1 rating,$25
CYOU,$20.015,1439994043216,"16,129",50% bullish,of 6 ratings,$24
CTHR,$1.23,1439994043299,"4,917",50% bullish,of 2 ratings,$2.50
GTLS,$24.23,1439994043347,"20,792",50% bullish,of 4 ratings,$40
HOTR,$1.34,1439994043379,"180,917",100% bullish,of 2 ratings,$5
HOTRW,$0.33,1439994043405,700,Not yet rated,NULL,N/A
CHTR,$188.98,1439994043485,"199,476",100% bearish,of 2 ratings,$196
CHKP,$81.68,1439994043543,"30,898",50% bullish,of 4 ratings,$92
CHFN,$12.57,1439994043592,702,Not yet rated,NULL,$14
CHEK,$2.89,1439994043621,"1,909",Not yet rated,NULL,$7.75
CHEKW,NULL,1439994043754,0,Not yet rated,NULL,N/A
CEMI,$4.5,1439994043826,"10,052",50% bullish,of 2 ratings,$7.50
CHFC,$32.55,1439994044018,"1,393",100% bearish,of 1 rating,$36
CHMG,$26.5,1439994044045,100,Not yet rated,NULL,$30
CHEV,$14.46,1439994044066,150,Not yet rated,NULL,N/A
CCXI,$6.95,1439994044198,"7,006",67% bullish,of 3 ratings,$14
CHKE,$27.0401,1439994044226,"4,574",100% bearish,of 1 rating,$32.50
CHMA,$27.24,1439994044249,"14,704",Not yet rated,NULL,$40
CMRX,$51.71,1439994044285,"24,538",50% bullish,of 2 ratings,$57
PLCE,$61.28,1439994044306,"30,687",100% bearish,of 1 rating,$71
CBNK,$16.57,1439994044440,100,100% bearish,of 1 rating,N/A
CADC,NULL,1439994044466,0,78% bullish,of 9 ratings,N/A
CBAK,$2.3,1439994044696,"25,014",67% bullish,of 9 ratings,N/A
CAAS,$6.77,1439994044718,"1,144",93% bullish,of 14 ratings,$11.50
CALI,$1.05,1439994044748,"6,907",67% bullish,of 3 ratings,N/A
CBPO,$110.42,1439994044802,"19,371",75% bullish,of 8 ratings,$140.50
JRJC,$4.3601,1439994044893,"7,416",82% bullish,of 11 ratings,N/A
CCCL,$0.95,1439994044931,"5,038",100% bullish,of 6 ratings,N/A
CCCR,$0.6121,1439994044985,480,67% bearish,of 3 ratings,N/A
CHOP,$1.37,1439994045007,404,50% bullish,of 2 ratings,N/A
HGSH,$1.8304,1439994045092,120,67% bullish,of 3 ratings,N/A
CNIT,$1.73,1439994045223,"18,982",67% bullish,of 6 ratings,N/A
CHLN,$1.76,1439994045251,"1,889",67% bullish,of 3 ratings,N/A
CJJD,$2.0499,1439994045281,"7,879",100% bullish,of 1 rating,N/A
HTHT,$27.12,1439994045315,"16,636",50% bullish,of 2 ratings,$28
CHNR,NULL,1439994045336,0,100% bearish,of 1 rating,N/A
CREG,$0.8293,1439994045418,200,100% bullish,of 3 ratings,N/A
CPGI,NULL,1439994045516,0,Not yet rated,NULL,N/A
CSUN,$1.5253,1439994045662,"3,706",80% bullish,of 5 ratings,N/A
CNTF,$0.9897,1439994045692,"1,800",Not yet rated,NULL,N/A
CXDC,$6.24,1439994045787,"1,000",67% bullish,of 3 ratings,N/A
CNYD,NULL,1439994045823,0,67% bullish,of 3 ratings,N/A
CCIH,$9.85,1439994045955,"6,555",67% bullish,of 6 ratings,$12.65
CNET,$0.88,1439994045993,"73,688",50% bullish,of 2 ratings,N/A
CHSCL,$27.1,1439994046021,"1,926",Not yet rated,NULL,N/A
IMOS,$15.62,1439994046047,"7,692",60% bullish,of 5 ratings,$21.50
CHSCN,$27.35,1439994046084,"2,006",Not yet rated,NULL,N/A
CHSCM,$26.2598,1439994046110,"3,723",Not yet rated,NULL,N/A
CHSCO,NULL,1439994046298,0,Not yet rated,NULL,N/A
CDTX,$14.28,1439994046490,"3,001",Not yet rated,NULL,$22
CHUY,$32.38,1439994046519,"9,239",50% bullish,of 2 ratings,$34
CHSCP,$30.23,1439994046540,578,Not yet rated,NULL,N/A
CIFC,$7.21,1439994046573,30,Not yet rated,NULL,N/A
CHDN,$137.17,1439994046594,"2,586",Not yet rated,NULL,$165
CMPR,$70.272,1439994047168,"26,589",50% bullish,of 2 ratings,$72.50
CIDM,$0.68,1439994047199,"14,305",50% bullish,of 2 ratings,$2.10
CMCT,NULL,1439994047220,0,100% bearish,of 1 rating,N/A
CPHR,NULL,1439994047241,0,100% bearish,of 1 rating,$16
CINF,$56.54,1439994047287,"17,630",50% bullish,of 4 ratings,$50.50
CRUS,$29.08,1439994047312,"59,945",75% bullish,of 12 ratings,$44.50
CSCO,$27.92,1439994047333,"3,360,117",84% bullish,of 208 ratings,$32
CTAS,$88.09,1439994047373,"28,620",100% bearish,of 1 rating,$91
CZNC,$20,1439994047653,"1,524",Not yet rated,NULL,N/A
CTRN,$25.5,1439994047683,"40,891",100% bearish,of 1 rating,$29.50
CZWI,NULL,1439994047780,0,Not yet rated,NULL,N/A
CZFC,NULL,1439994047818,0,Not yet rated,NULL,N/A
CTXS,$77.53,1439994047844,"63,989",86% bullish,of 7 ratings,$80
CIZN,NULL,1439994047874,0,Not yet rated,NULL,N/A
CHCO,$47.72,1439994048010,"1,610",Not yet rated,NULL,$46
CIVBP,NULL,1439994048041,0,Not yet rated,NULL,N/A
CDTI,$1.735,1439994048063,"21,091",75% bullish,of 4 ratings,$3.20
CIVB,$10.31,1439994048094,834,Not yet rated,NULL,$11
CLNE,$4.4235,1439994048222,"135,289",80% bullish,of 15 ratings,$9
CLNT,$1.999,1439994048255,"1,700",75% bullish,of 8 ratings,N/A
CLRO,$11.84,1439994048389,"2,700",50% bullish,of 2 ratings,$14.25
CLFD,$18.35,1439994048421,"19,188",67% bullish,of 3 ratings,$18
CLIR,$5.15,1439994048447,"4,192",100% bullish,of 3 ratings,N/A
CBLI,$3.74,1439994048520,"6,696",60% bullish,of 5 ratings,N/A
CLVS,$78.36,1439994048702,"24,641",60% bullish,of 5 ratings,$101.50
CSBK,$13.825,1439994048735,"2,350",Not yet rated,NULL,N/A
CMFN,$11.5,1439994048765,"3,294",100% bearish,of 1 rating,$15.50
CCNE,$17.25,1439994048793,"3,161",50% bullish,of 2 ratings,$21.50
CISG,$8.4,1439994048818,"43,483",100% bullish,of 5 ratings,$10
CME,$96.86,1439994048847,"89,603",67% bullish,of 3 ratings,$102
COBZ,$12.98,1439994048996,"1,164",100% bullish,of 1 rating,$14
COKE,$164.35,1439994049178,"1,254",79% bullish,of 19 ratings,N/A
CWAY,NULL,1439994049217,0,Not yet rated,NULL,N/A
CDXS,$4,1439994049265,"3,022",64% bullish,of 11 ratings,$6
CDRB,$12.02,1439994049347,200,67% bullish,of 3 ratings,N/A
CNV,$4.7601,1439994049399,300,50% bullish,of 2 ratings,$7.15
CCOI,$28.75,1439994049702,"19,025",50% bullish,of 4 ratings,$35
CVLY,$20.55,1439994049732,"3,538",Not yet rated,NULL,N/A
CGNX,$36.72,1439994049763,"54,655",50% bullish,of 2 ratings,$47
JVA,$4.77,1439994049790,"9,079",83% bullish,of 6 ratings,$7
CTSH,$67.2755,1439994049823,"152,903",90% bullish,of 10 ratings,$74.50
CGNT,$1.6296,1439994049857,"4,560",100% bullish,of 2 ratings,$2
COHR,$57.38,1439994049893,"7,187",50% bullish,of 2 ratings,$72
CHRS,$31.215,1439994049954,"4,633",67% bearish,of 3 ratings,$37
COHU,$9.64,1439994050138,"47,508",100% bearish,of 1 rating,$14.25
CLRX,$0.4721,1439994050164,"6,704",50% bullish,of 2 ratings,N/A
CLCT,$19.4878,1439994050213,"3,622",100% bearish,of 1 rating,N/A
COLL,$15.25,1439994050433,"9,128",100% bearish,of 1 rating,$26
CBAN,$9.14,1439994050463,100,Not yet rated,NULL,N/A
CIGI,$46.62,1439994050497,"1,200",100% bearish,of 1 rating,$52
CLCD,$7.7,1439994050532,"3,998",100% bearish,of 1 rating,$20.50
COLB,$33.15,1439994050560,"14,294",Not yet rated,NULL,$36
COLM,$66.24,1439994050591,"12,040",100% bearish,of 1 rating,$71
CMCSA,$60.51,1439994050623,"2,506,257",66% bullish,of 35 ratings,$69.50
CMCO,$20.985,1439994050651,"1,900",60% bullish,of 5 ratings,$28
CBMX,$1.2499,1439994050884,300,83% bullish,of 6 ratings,$3.15
CMCSK,$60.83,1439994050914,"757,329",Not yet rated,NULL,$84
CBSH,$47.2,1439994050956,"13,757",50% bullish,of 2 ratings,$46
CBSHP,$25.345,1439994050981,478,100% bearish,of 1 rating,N/A
CUBN,$14.03,1439994051016,"1,800",Not yet rated,NULL,N/A
CVGI,$4.55,1439994051224,"14,539",50% bullish,of 2 ratings,$6
COMM,$31.44,1439994051357,"148,830",67% bearish,of 3 ratings,$35
CSAL,$22.847,1439994051388,"44,290",75% bullish,of 4 ratings,$30
CYHHZ,$0.0115,1439994051419,287,100% bullish,of 1 rating,N/A
ESXB,$5.035,1439994051444,"12,840",Not yet rated,NULL,N/A
CTBI,$34.86,1439994051465,"4,944",Not yet rated,NULL,$36
JCS,NULL,1439994051520,0,67% bullish,of 3 ratings,N/A
CWBC,$6.73,1439994051555,368,Not yet rated,NULL,N/A
COB,$10.6,1439994051692,"2,000",100% bullish,of 1 rating,$11.75
CVLT,$37.12,1439994051794,"15,496",75% bullish,of 4 ratings,$44.50
CIZ,NULL,1439994051926,0,100% bearish,of 1 rating,N/A
CIL,NULL,1439994052087,0,Not yet rated,NULL,N/A
CSF,NULL,1439994052116,0,100% bearish,of 1 rating,N/A
CDC,$36.44,1439994052141,"2,892",Not yet rated,NULL,N/A
CID,NULL,1439994052170,0,Not yet rated,NULL,N/A
CSA,NULL,1439994052201,0,Not yet rated,NULL,N/A
CFA,NULL,1439994052222,0,100% bearish,of 1 rating,N/A
CFO,$37.3799,1439994052257,"1,100",100% bearish,of 1 rating,N/A
CGEN,$5.66,1439994052357,"5,501",50% bullish,of 2 ratings,$11
CSB,NULL,1439994052646,0,Not yet rated,NULL,N/A
CTG,$6.64,1439994052674,"2,476",100% bearish,of 1 rating,$8.50
CDL,NULL,1439994052694,0,Not yet rated,NULL,N/A
CPSI,$45.59,1439994052727,"4,916",100% bearish,of 1 rating,$45.50
SCOR,$63.75,1439994052749,"18,764",100% bearish,of 1 rating,$66
CMTL,$27.28,1439994052973,"2,891",100% bearish,of 2 ratings,$37
CHCI,$0.598,1439994053045,15,50% bullish,of 2 ratings,N/A
CDOR,$1.45,1439994053073,100,100% bullish,of 1 rating,N/A
CCUR,$5.17,1439994053104,650,75% bullish,of 4 ratings,N/A
CXRX,$78.0385,1439994053139,702,Not yet rated,NULL,$90
CNCE,$16.44,1439994053164,"14,306",75% bullish,of 4 ratings,$22
CNSI,$19.41,1439994053186,"27,143",100% bearish,of 2 ratings,$29
CNAT,$4.37,1439994053208,"24,135",83% bullish,of 6 ratings,$13
CDORO,$18.34,1439994053411,6,100% bearish,of 1 rating,N/A
CDORP,NULL,1439994053511,0,100% bearish,of 1 rating,N/A
CFMS,$22.4,1439994053582,"36,388",Not yet rated,NULL,$27
CNMD,$56.03,1439994053729,"11,212",Not yet rated,NULL,$59
CTWS,$34.63,1439994053766,"3,010",100% bearish,of 1 rating,$44
CNFR,$10.402,1439994053805,"5,600",Not yet rated,NULL,N/A
CNXR,$6.57,1439994053859,"3,854",100% bearish,of 1 rating,$12
CNOB,$20.15,1439994053894,"1,850",100% bullish,of 1 rating,$23.50
CONN,$33.55,1439994053922,"19,835",67% bullish,of 3 ratings,$48.50
CWCO,$11.705,1439994053993,"11,332",67% bullish,of 3 ratings,$14.50
CNSL,$20.29,1439994054023,"10,425",100% bearish,of 1 rating,$23
CPSS,$5.6901,1439994054257,"5,611",100% bullish,of 1 rating,$10
CFRXW,$2.01,1439994054327,18,100% bearish,of 1 rating,N/A
CFRX,$5.5103,1439994054354,"11,355",Not yet rated,NULL,$14
CFRXZ,$0.7401,1439994054383,"5,206",Not yet rated,NULL,N/A
CTCT,$24.5,1439994054484,"21,522",67% bullish,of 3 ratings,$37
CRBP,$3.77,1439994054613,"10,648,325",100% bullish,of 2 ratings,$6.25
CTRV,$4.5,1439994054641,"1,462",Not yet rated,NULL,$6.40
CPRT,$36.15,1439994054711,"18,501",67% bearish,of 3 ratings,$40
CORT,$5.295,1439994054776,"26,553",67% bullish,of 3 ratings,$12
BVA,NULL,1439994054801,0,50% bullish,of 2 ratings,N/A
CORE,$63.71,1439994054838,"4,107",100% bearish,of 1 rating,$72
CTRL,$8.03,1439994054867,"28,123",50% bullish,of 2 ratings,$11
CORI,$11.7,1439994055012,"3,090",100% bearish,of 1 rating,$18
CSOD,$37.65,1439994055045,"18,265",50% bullish,of 2 ratings,$42
COSI,$1.14,1439994055104,"8,950",100% bullish,of 1 rating,N/A
CRVL,$32.84,1439994055146,"1,136",100% bearish,of 1 rating,N/A
COST,$144.79,1439994055334,"138,819",83% bullish,of 24 ratings,$154.50
CPAH,NULL,1439994055394,0,50% bullish,of 2 ratings,N/A
CSGP,$190.935,1439994055420,"5,574",50% bullish,of 2 ratings,$235
COWN,$5.43,1439994055601,"58,500",75% bullish,of 4 ratings,$7
COVS,$2.78,1439994055631,"8,482",67% bullish,of 3 ratings,N/A
CVTI,$24.87,1439994055662,"23,767",67% bearish,of 3 ratings,$39
ICBK,$18.43,1439994055691,1,Not yet rated,NULL,$21
COWNL,$27.2153,1439994055712,128,Not yet rated,NULL,N/A
CPSH,$2.4001,1439994055741,"2,100",Not yet rated,NULL,N/A
CRAI,$22.38,1439994055893,"2,536",Not yet rated,NULL,$36
CBRL,$149.77,1439994055918,"10,148",50% bullish,of 2 ratings,$155
CRAY,$22.39,1439994056055,"8,194",83% bullish,of 6 ratings,$38.50
CACC,$200.89,1439994056114,"3,812",50% bullish,of 2 ratings,$158.50
BREW,$8.12,1439994056139,"5,251",67% bullish,of 6 ratings,$15
SLVO,$10.4155,1439994056318,"1,046",100% bearish,of 1 rating,N/A
CRESY,$11.34,1439994056370,"1,678",100% bearish,of 1 rating,$19
CREE,$27.06,1439994056405,"79,884",65% bullish,of 17 ratings,$28.50
GLDI,$10.98,1439994056502,"42,180",100% bearish,of 1 rating,N/A
CRDS,$1.09,1439994056532,"5,950",50% bullish,of 4 ratings,$4.50
CCRN,$15.09,1439994056561,"33,703",100% bearish,of 1 rating,$14.25
CRTO,$47.6435,1439994056582,"51,543",67% bullish,of 6 ratings,$64
CROX,$14.6,1439994056604,"40,259",63% bullish,of 8 ratings,$16.50
CRWS,$8.1,1439994056804,200,Not yet rated,NULL,$10
CRWN,$4.7544,1439994056830,"1,784",75% bullish,of 4 ratings,N/A
CYRX,$2.91,1439994056856,"1,132",Not yet rated,NULL,$9
CYRXW,$0.9,1439994056989,"2,000",Not yet rated,NULL,N/A
CSGS,$31.79,1439994057125,"6,560",Not yet rated,NULL,$40
CCLP,$14.28,1439994057202,"7,517",67% bearish,of 3 ratings,$21
CSPI,$6.29,1439994057232,204,67% bullish,of 3 ratings,N/A
CTCM,$1.77,1439994057258,"33,268",80% bearish,of 5 ratings,$3.90
CTRP,$69.41,1439994057284,"183,664",75% bullish,of 8 ratings,$92
CTIB,$3.53,1439994057317,200,100% bearish,of 1 rating,N/A
CTIC,$1.79,1439994057415,"71,544",84% bullish,of 76 ratings,$5.75
CUNB,$22.18,1439994057515,768,Not yet rated,NULL,$24.50
CRIS,$2.715,1439994057677,"19,195",100% bullish,of 8 ratings,$6
CPIX,$5.9101,1439994057710,"3,171",Not yet rated,NULL,N/A
CUI,$5.28,1439994057737,"5,552",50% bullish,of 2 ratings,$10
CMLS,$1.28,1439994057817,"39,511",50% bullish,of 4 ratings,$6
CUTR,$14.625,1439994057847,"2,356",67% bearish,of 3 ratings,$18
CVBF,$17.42,1439994057949,"8,626",Not yet rated,NULL,$18
CVV,$12.195,1439994057978,"1,850",100% bullish,of 5 ratings,N/A
CYAN,NULL,1439994058008,0,100% bearish,of 1 rating,N/A
CYBR,$60.65,1439994058060,"345,812",86% bullish,of 7 ratings,$66
CYBX,$60,1439994058167,"17,936",50% bullish,of 4 ratings,$70
CYBE,$6.03,1439994058241,"1,993",100% bearish,of 1 rating,N/A
CYCCP,NULL,1439994058269,0,100% bearish,of 1 rating,N/A
CYCC,$0.61,1439994058307,"39,155",73% bullish,of 11 ratings,N/A
CBAY,$2.73,1439994058401,"5,232",100% bullish,of 1 rating,$4
CYNA,$15.037,1439994058460,"2,400",100% bullish,of 1 rating,$33
CYNO,$33.79,1439994058503,"7,973",67% bearish,of 3 ratings,$45.50
CYRN,$1.725,1439994058684,"39,628",67% bullish,of 3 ratings,$4
CY,$10.0126,1439994058715,"663,683",80% bullish,of 10 ratings,$15.50
CONE,$34.26,1439994058776,"257,636",67% bearish,of 3 ratings,$35
CYTX,$0.3901,1439994058806,"171,777",83% bullish,of 12 ratings,$5.50
CYTK,$6.51,1439994058840,"20,670",71% bullish,of 14 ratings,$13.50
CTSO,$7.518,1439994058910,"9,804",Not yet rated,NULL,$15.625
CYTR,$2.32,1439994058935,"42,544",67% bullish,of 6 ratings,$10
TVIZ,NULL,1439994058999,0,100% bearish,of 1 rating,N/A
DAEG,NULL,1439994059194,0,100% bearish,of 1 rating,N/A
TVIX,$5.9001,1439994059223,"1,460,343",81% bullish,of 16 ratings,N/A
ZIV,$49.13,1439994059329,"6,704",Not yet rated,NULL,N/A
XIV,$46.7097,1439994059368,"2,288,924",75% bearish,of 4 ratings,N/A
DJCO,$210.79,1439994059393,101,Not yet rated,NULL,N/A
DARA,$0.91,1439994059588,"14,146",83% bullish,of 6 ratings,$1.50
DTLK,$5.63,1439994059634,"9,331",100% bearish,of 1 rating,$9
DRAM,$1.4899,1439994059666,"4,727",78% bullish,of 9 ratings,N/A
DAKT,$11.68,1439994059692,"14,166",50% bullish,of 2 ratings,$14
DAIO,$2.49,1439994059771,236,Not yet rated,NULL,N/A
DTEA,$12.62,1439994059848,"6,280",100% bearish,of 2 ratings,$24
DWCH,$5.51,1439994059880,"6,576",75% bullish,of 4 ratings,$8.25
PLAY,$35.635,1439994059954,"12,893",100% bullish,of 5 ratings,$42
DWSN,$5.0401,1439994060020,"1,030",67% bullish,of 3 ratings,$6
DBVT,$42.92,1439994060157,"11,445",100% bearish,of 1 rating,$53
TRAK,$62.44,1439994060219,"233,141",50% bullish,of 2 ratings,$62.50
DHRM,$1.83,1439994060315,500,Not yet rated,NULL,N/A
DFRG,$15.19,1439994060342,"7,322",100% bearish,of 1 rating,$20
TACOW,NULL,1439994060471,0,100% bullish,of 1 rating,N/A
TACO,$13.27,1439994060501,"25,733",100% bullish,of 3 ratings,$20
DGAS,$20.21,1439994060609,104,67% bearish,of 3 ratings,N/A
DCTH,$0.4995,1439994060745,"107,111",78% bullish,of 9 ratings,N/A
DENN,$12.31,1439994060772,"22,965",100% bullish,of 3 ratings,$15
DELT,NULL,1439994060796,0,Not yet rated,NULL,N/A
DELTW,NULL,1439994060831,0,Not yet rated,NULL,N/A
DEPO,$31.49,1439994060931,"37,267",80% bullish,of 5 ratings,$32
XRAY,$56.5,1439994060961,"22,585",100% bullish,of 1 rating,$58
DSCI,$6.53,1439994061031,"5,213",50% bullish,of 2 ratings,$16
DERM,$25.435,1439994061287,"76,462",100% bearish,of 1 rating,$33
DEST,$12.14,1439994061357,"5,463",50% bullish,of 2 ratings,N/A
DXLG,$4.88,1439994061539,"3,378",100% bearish,of 1 rating,$8
DXCM,$95.42,1439994061564,"118,161",57% bullish,of 7 ratings,$98
DXM,$0.2953,1439994061596,"5,073",50% bullish,of 2 ratings,N/A
DSWL,NULL,1439994061618,0,100% bullish,of 1 rating,N/A
DHXM,$7.57,1439994061647,"1,600",Not yet rated,NULL,N/A
DMND,$31.77,1439994061697,"3,474",75% bullish,of 12 ratings,$32
DCIX,$1.85,1439994061749,66,50% bullish,of 4 ratings,$3.50
FANG,$72.45,1439994061801,"54,437",50% bullish,of 2 ratings,$86
DGII,$9.985,1439994061959,"1,500",100% bearish,of 1 rating,$10
DRNA,$10.16,1439994062033,"20,523",67% bearish,of 3 ratings,$25
DMRC,$36.57,1439994062062,"3,732",100% bearish,of 1 rating,$44
DRAD,$3.9982,1439994062092,"1,534",100% bullish,of 1 rating,$5.25
DHIL,$192.32,1439994062118,31,Not yet rated,NULL,N/A
DGLY,$7.64,1439994062197,"11,209",50% bullish,of 6 ratings,$20
DPRX,$13.27,1439994062525,400,100% bullish,of 2 ratings,$27.75
DIOD,$19.84,1439994062551,"15,693",75% bearish,of 4 ratings,$24
APPS,$2.265,1439994062576,"13,117",100% bearish,of 1 rating,$10.25
DSCO,$0.4709,1439994062623,"24,440",83% bullish,of 6 ratings,$2.75
DCOM,$17.05,1439994062654,"4,882",100% bearish,of 2 ratings,$16.50
DISCB,NULL,1439994062755,0,100% bearish,of 1 rating,$35
DISCA,$28.81,1439994062781,"142,427",67% bullish,of 3 ratings,$34
DISCK,$27.55,1439994062837,"177,112",100% bearish,of 1 rating,$40
BAGR,$3.04,1439994063159,"7,102",100% bearish,of 1 rating,$6
DVCR,NULL,1439994063185,0,100% bullish,of 1 rating,N/A
DISH,$66.48,1439994063213,"57,740",69% bullish,of 13 ratings,$73
DNBF,$27.3301,1439994063341,"10,890",Not yet rated,NULL,$27.50
DLHC,$2.47,1439994063366,"2,200",100% bearish,of 1 rating,N/A
DLTR,$79.58,1439994063445,"140,058",82% bullish,of 11 ratings,$88
DGICA,$14.49,1439994063603,92,100% bearish,of 1 rating,$17
HILL,$9.6832,1439994063628,"11,578,879",60% bearish,of 5 ratings,$8
DMLP,$14.63,1439994063655,"5,333",100% bearish,of 1 rating,N/A
DORM,$51.1,1439994063786,"11,027",100% bearish,of 1 rating,$56
DGICB,$17.92,1439994063980,2,100% bearish,of 1 rating,N/A
DRWIW,$0.0471,1439994064051,800,Not yet rated,NULL,N/A
DRYS,$0.3401,1439994064121,"719,362",77% bullish,of 31 ratings,$.60
DSKX,$3.48,1439994064185,"5,787",100% bullish,of 1 rating,N/A
DRWI,$0.2899,1439994064213,"19,860",60% bullish,of 5 ratings,$.45
DWA,$19.37,1439994064234,"44,390",63% bullish,of 8 ratings,$26
DSPG,$8.78,1439994064491,"1,808",100% bearish,of 1 rating,$13.50
CADT,$10.02,1439994064536,4,Not yet rated,NULL,N/A
CADTU,NULL,1439994064572,0,Not yet rated,NULL,N/A
CADTR,NULL,1439994064593,0,Not yet rated,NULL,N/A
CADTW,NULL,1439994064614,0,Not yet rated,NULL,N/A
DTSI,$27.25,1439994064655,"3,499",100% bearish,of 2 ratings,$39.50
DRRX,$2.07,1439994064683,"52,618",50% bullish,of 6 ratings,$3
DNKN,$50.608,1439994064705,"256,909",67% bullish,of 15 ratings,$56.50
DYAX,$22.93,1439994064923,"58,599",89% bullish,of 9 ratings,$30
DXPE,$29.675,1439994065055,"7,038",50% bullish,of 2 ratings,N/A
BOOM,$10.03,1439994065080,"4,434",67% bullish,of 3 ratings,$12
DYSL,$1.46,1439994065106,"1,900",100% bullish,of 2 ratings,N/A
DYNT,$3,1439994065261,"2,200",75% bullish,of 4 ratings,N/A
DVAX,$29.38,1439994065293,"52,762",70% bullish,of 10 ratings,$40
EBMT,$11.53,1439994065353,9,Not yet rated,NULL,$13.50
EGLE,$7.4,1439994065388,696,60% bullish,of 5 ratings,N/A
ETFC,$27.85,1439994065440,"156,159",57% bullish,of 14 ratings,$33
EGBN,$44.33,1439994065486,"1,065",Not yet rated,NULL,$48
EGRX,$67.5302,1439994065515,"24,880",67% bullish,of 3 ratings,$97
EROC,$1.43,1439994065651,"33,845",50% bullish,of 2 ratings,$3
ELNK,$9.04,1439994065751,"87,597",80% bullish,of 5 ratings,$9.50
EWBC,$44.8,1439994065776,"55,735",100% bearish,of 1 rating,$50
EACQU,NULL,1439994065806,0,Not yet rated,NULL,N/A
EML,$17.05,1439994065907,510,Not yet rated,NULL,N/A
EBAY,$27.5399,1439994066039,"883,414",81% bullish,of 117 ratings,$48
EBIX,$30.265,1439994066069,"34,889",69% bullish,of 13 ratings,$40
EVBS,NULL,1439994066098,0,Not yet rated,NULL,$7
ECHO,$25.5675,1439994066203,"11,147",67% bearish,of 3 ratings,$35.50
EEI,NULL,1439994066233,0,67% bearish,of 3 ratings,N/A
ELON,$0.5551,1439994066261,"4,679",50% bullish,of 2 ratings,N/A
ECTE,$1.48,1439994066409,"5,043",75% bullish,of 4 ratings,N/A
SATS,$46.33,1439994066436,"6,962",50% bullish,of 2 ratings,$60
ECACU,NULL,1439994066485,0,Not yet rated,NULL,N/A
ESES,NULL,1439994066685,0,100% bearish,of 1 rating,$7
EDAP,$3.5245,1439994066740,"1,860",60% bullish,of 5 ratings,$4.50
EDGW,$7.16,1439994066776,202,100% bearish,of 1 rating,N/A
EFUT,$4.3,1439994066876,"2,700",Not yet rated,NULL,N/A
EDUC,$4.68,1439994066909,200,100% bearish,of 1 rating,N/A
EGLT,$12.56,1439994066939,"27,542",50% bullish,of 2 ratings,$21
EHTH,$14.67,1439994067010,"6,837",50% bullish,of 4 ratings,$16.50
EGAN,$3.5,1439994067036,"102,600",50% bullish,of 2 ratings,$6.25
EMITF,$1.25,1439994067178,35,75% bullish,of 4 ratings,N/A
LOCO,$13.2431,1439994067213,"548,276",69% bullish,of 13 ratings,$20
ESLT,$81.112,1439994067246,"3,920",100% bullish,of 2 ratings,N/A
ERI,$9.68,1439994067385,"4,441",100% bearish,of 1 rating,$10
ELRC,$10.27,1439994067414,"4,102",100% bearish,of 1 rating,N/A
ESIO,$4.56,1439994067493,"1,900",50% bullish,of 2 ratings,$10
EA,$72.395,1439994067604,"232,685",77% bullish,of 35 ratings,$80
ELSE,NULL,1439994067675,0,60% bullish,of 5 ratings,N/A
EFII,$45.21,1439994067704,"12,837",80% bullish,of 5 ratings,$55
ELECU,NULL,1439994067732,0,Not yet rated,NULL,N/A
ELEC,NULL,1439994067755,0,Not yet rated,NULL,N/A
ELECW,NULL,1439994067788,0,Not yet rated,NULL,N/A
RDEN,$10.5,1439994067920,"18,432",100% bearish,of 4 ratings,$15
EBIO,$4.0985,1439994067948,"132,349",100% bearish,of 2 ratings,$8.35
ESBK,NULL,1439994068107,0,Not yet rated,NULL,N/A
LONG,$17.18,1439994068186,"4,358",67% bullish,of 3 ratings,$15.75
ELTK,$1.11,1439994068213,"9,300",67% bearish,of 3 ratings,N/A
EMCI,$23.55,1439994068343,786,Not yet rated,NULL,N/A
CAPX,NULL,1439994068373,0,Not yet rated,NULL,N/A
EMMS,NULL,1439994068472,0,67% bullish,of 6 ratings,N/A
EMCF,NULL,1439994068569,0,100% bearish,of 1 rating,N/A
EMMSP,NULL,1439994068638,0,100% bearish,of 1 rating,N/A
ERS,NULL,1439994068666,0,Not yet rated,NULL,N/A
EMKR,$7.2,1439994068697,"13,739",75% bullish,of 4 ratings,$8.50
ENTA,$40.35,1439994068730,"7,179",50% bullish,of 2 ratings,$42
NYNY,$4.19,1439994068759,"2,842",50% bullish,of 2 ratings,N/A
ECPG,$40.26,1439994068894,"9,261",100% bullish,of 2 ratings,$52
WIRE,$33.788,1439994068922,"7,184",100% bearish,of 1 rating,$37
ECYT,$5.25,1439994069100,"25,856",83% bullish,of 6 ratings,$12
ELGX,$13.01,1439994069189,"34,873",75% bullish,of 4 ratings,$17
EIGI,$16.08,1439994069218,"35,632",67% bearish,of 3 ratings,$20
EFOI,$17.06,1439994069249,"137,483",50% bullish,of 2 ratings,$17
ENDP,$84.44,1439994069324,"95,385",50% bullish,of 6 ratings,$104
ERII,$2.99,1439994069380,"21,097",80% bullish,of 5 ratings,$2.50
WATT,$7.03,1439994069410,"18,860",50% bullish,of 2 ratings,$13
EXXI,$1.73,1439994069463,"124,971",86% bullish,of 7 ratings,$3.50
ENOC,$8.48,1439994069512,"18,275",75% bullish,of 4 ratings,$18
ENG,$1.0206,1439994069597,"3,550",100% bullish,of 3 ratings,N/A
ENPH,$5.01,1439994069625,"63,873",75% bullish,of 4 ratings,$11
ESGR,$156.246,1439994069651,432,100% bearish,of 1 rating,$185
ENTG,$14.5274,1439994069793,"47,757",100% bearish,of 1 rating,$18
ENFC,$18.32,1439994069841,795,Not yet rated,NULL,N/A
ETRM,$0.2733,1439994070022,"99,987",69% bearish,of 35 ratings,$1.625
EBTC,$20.64,1439994070071,38,Not yet rated,NULL,N/A
EFSC,$24.72,1439994070102,"3,950",Not yet rated,NULL,$27
ENTL,$22.72,1439994070123,"1,748",Not yet rated,NULL,$28
EGT,$2.21,1439994070206,5,100% bullish,of 1 rating,N/A
ENZN,$1.0521,1439994070311,"162,912",100% bullish,of 9 ratings,N/A
ENVI,NULL,1439994070361,0,67% bullish,of 3 ratings,N/A
EPIQ,$14.03,1439994070452,"3,174",100% bearish,of 1 rating,$18
ENZY,$9,1439994070492,"7,300",67% bullish,of 3 ratings,$9.50
EPZM,$17.16,1439994070554,"16,795",60% bullish,of 5 ratings,$34
EPRS,$4.95,1439994070685,"6,851",82% bullish,of 11 ratings,$15
PLUS,$75.78,1439994070745,"7,440",50% bullish,of 2 ratings,$88
EQIX,$285.02,1439994070815,"39,504",67% bullish,of 3 ratings,$312.50
EQFN,NULL,1439994070841,0,Not yet rated,NULL,N/A
EAC,$3.61,1439994070971,109,100% bearish,of 1 rating,$8
ERIC,$10.2,1439994071001,"427,681",63% bullish,of 8 ratings,$13.30
ERIE,$87.49,1439994071063,462,Not yet rated,NULL,$73
ESCR,$0.1934,1439994071131,"17,270",50% bullish,of 2 ratings,N/A
ESCA,$18.16,1439994071163,"1,800",100% bearish,of 1 rating,$22
ESPR,$64,1439994071235,"368,777",67% bearish,of 9 ratings,$130
ESCRP,NULL,1439994071263,0,100% bearish,of 1 rating,N/A
ESMC,$1.35,1439994071454,200,Not yet rated,NULL,N/A
EPIX,NULL,1439994071485,0,Not yet rated,NULL,N/A
ESSA,$12.86,1439994071510,"3,556",100% bearish,of 1 rating,N/A
ESND,$36.01,1439994071536,"3,512",100% bearish,of 1 rating,$40
ETSY,$15.385,1439994071740,"94,511",80% bullish,of 5 ratings,$16
ESSX,$0.47,1439994071776,"26,300",50% bullish,of 2 ratings,N/A
CLWT,$2.45,1439994071803,18,100% bearish,of 1 rating,N/A
EEFT,$67.97,1439994071872,"10,047",100% bearish,of 1 rating,$67.50
ESEA,NULL,1439994071901,0,100% bullish,of 1 rating,$15
EVEP,$8.52,1439994071964,"48,074",50% bullish,of 2 ratings,$15
EVK,NULL,1439994071999,0,75% bearish,of 4 ratings,N/A
EVLV,$2.25,1439994072169,"22,134",60% bullish,of 5 ratings,$6.50
EVOK,$4.73,1439994072195,"101,029",100% bearish,of 1 rating,$13.75
EVOL,$6.34,1439994072241,"1,188",75% bullish,of 4 ratings,$10
EXAS,$22.752,1439994072363,"56,402",78% bullish,of 9 ratings,$31
EXAC,$18.28,1439994072391,"2,262",100% bearish,of 1 rating,$22.50
EXA,$10.86,1439994072412,"2,083",100% bearish,of 1 rating,$13
EXFO,NULL,1439994072542,0,67% bearish,of 3 ratings,$3.95
EXEL,$5.7,1439994072570,"403,778",81% bullish,of 16 ratings,$6
EXLS,$37.045,1439994072625,"16,335",100% bullish,of 1 rating,$41
EXPD,$49.33,1439994072790,"61,128",80% bullish,of 5 ratings,$50.50
EXPO,$43.5,1439994072816,"3,312",100% bearish,of 1 rating,$45.50
EXPE,$123.04,1439994072866,"44,538",64% bullish,of 11 ratings,$130
EXLP,$20.74,1439994072950,"7,211",100% bearish,of 1 rating,$27
ESRX,$89.35,1439994072998,"364,919",67% bearish,of 6 ratings,$101
EXTR,$2.91,1439994073136,"97,710",80% bullish,of 5 ratings,$3
EYEG,$4.11,1439994073166,"15,200",Not yet rated,NULL,N/A
EYEGW,$1.2,1439994073206,33,Not yet rated,NULL,N/A
EZCH,$21.6501,1439994073232,"25,887",75% bullish,of 8 ratings,$19.50
EZPW,$5.91,1439994073268,"35,030",50% bullish,of 4 ratings,$7.50
FFIV,$133.0999,1439994073368,"34,287",71% bullish,of 7 ratings,$132
FB,$94.9299,1439994073503,"2,072,358",73% bullish,of 1065 ratings,$111
FCS,$14.14,1439994073532,"27,566",67% bearish,of 3 ratings,$17
FRP,$17.32,1439994073637,"1,322",100% bearish,of 1 rating,$18
FWM,$2.26,1439994073706,"27,164",100% bearish,of 2 ratings,$3.20
FALC,$1.67,1439994073732,"3,062",63% bearish,of 8 ratings,N/A
FARM,$22.42,1439994073768,956,100% bearish,of 1 rating,$35
DAVE,$14.71,1439994073806,"2,138",100% bearish,of 1 rating,$15.50
FARO,$40.35,1439994073936,"2,378",50% bullish,of 2 ratings,$48
FMNB,$8.01,1439994073972,"1,101",Not yet rated,NULL,N/A
FFKT,$26.84,1439994074073,"1,572",Not yet rated,NULL,$29
FATE,$7.24,1439994074209,"5,784",50% bullish,of 2 ratings,$11
FBRC,$23.4,1439994074238,"3,527",100% bearish,of 1 rating,$29
FBSS,NULL,1439994074264,0,Not yet rated,NULL,N/A
FAST,$40.25,1439994074286,"120,197",80% bullish,of 5 ratings,$46
FDML,$9.54,1439994074427,"37,654",50% bullish,of 4 ratings,$14
FEIC,$80.94,1439994074526,"17,045",50% bullish,of 2 ratings,$95.50
FNHC,$23.16,1439994074553,"3,820",100% bearish,of 1 rating,$35
FENX,$9.72,1439994074683,"2,161",100% bullish,of 1 rating,$14.25
FCSC,$6.08,1439994074711,"47,565",100% bearish,of 1 rating,$8.125
FGEN,$25.25,1439994074732,"40,021",100% bearish,of 1 rating,$39
FHCO,$1.44,1439994074771,"1,895",50% bullish,of 4 ratings,N/A
LION,$20.01,1439994074865,"3,066",100% bullish,of 1 rating,$20
ONEQ,$197.71,1439994074898,"1,699",100% bullish,of 1 rating,N/A
FDUS,$14.94,1439994075001,"4,230",100% bullish,of 1 rating,$18
FSAM,$8.71,1439994075134,658,100% bearish,of 1 rating,$11
FRGI,$54.535,1439994075164,"7,170",50% bullish,of 2 ratings,$70
FSC,$6.47,1439994075198,"74,551",75% bullish,of 4 ratings,$8
FSCFL,$25.33,1439994075295,"1,876",Not yet rated,NULL,N/A
FITB,$20.98,1439994075332,"315,692",54% bullish,of 13 ratings,$22
FITBI,$27.76,1439994075398,826,Not yet rated,NULL,N/A
FNGN,$35.73,1439994075430,"27,498",67% bullish,of 3 ratings,$47
FSFR,$9.11,1439994075456,"8,873",100% bearish,of 1 rating,$11.50
FISI,$24.88,1439994075533,982,100% bullish,of 2 ratings,$24.50
FNJN,$1.6727,1439994075700,"6,805",100% bearish,of 1 rating,$5
FNTCU,NULL,1439994075785,0,Not yet rated,NULL,N/A
FNTC,NULL,1439994075813,0,Not yet rated,NULL,N/A
FNSR,$17.02,1439994075839,"67,700",71% bullish,of 7 ratings,$24.50
FEYE,$43.378,1439994075889,"312,911",87% bullish,of 15 ratings,$55.50
FNTCW,NULL,1439994076063,0,Not yet rated,NULL,N/A
FBNC,$17.1,1439994076117,"3,939",100% bullish,of 1 rating,$20
FNLC,$18.76,1439994076149,661,100% bullish,of 1 rating,N/A
FRBA,NULL,1439994076185,0,Not yet rated,NULL,$8
FBIZ,$44.24,1439994076245,"2,424",100% bearish,of 2 ratings,$52
BUSE,$6.35,1439994076280,"2,462",Not yet rated,NULL,$6.875
FCVA,NULL,1439994076309,0,Not yet rated,NULL,N/A
FCAP,$26.28,1439994076343,100,Not yet rated,NULL,N/A
FCNCA,$248.755,1439994076537,578,Not yet rated,NULL,N/A
FCFS,$38.16,1439994076563,"6,659",100% bearish,of 2 ratings,$48
FCLF,$9.2037,1439994076719,302,Not yet rated,NULL,N/A
FCBC,$17.77,1439994076760,746,Not yet rated,NULL,$18
FCCO,NULL,1439994076790,0,Not yet rated,NULL,$13.25
FBNK,$16.1,1439994076851,"3,153",100% bearish,of 1 rating,$17.50
FCFP,NULL,1439994076891,0,Not yet rated,NULL,N/A
FDEF,$37.2932,1439994076982,"1,118",Not yet rated,NULL,$38
FFNM,NULL,1439994077028,0,Not yet rated,NULL,N/A
FFBCW,NULL,1439994077264,0,100% bearish,of 1 rating,N/A
FFBC,$19.32,1439994077297,"19,293",67% bearish,of 3 ratings,$20.25
FFIN,$32.3248,1439994077318,"5,051",50% bullish,of 2 ratings,$31.75
THFF,$33.62,1439994077340,"1,928",Not yet rated,NULL,$35
FFWM,$21.36,1439994077469,18,Not yet rated,NULL,$24
FFNW,$12.52,1439994077499,737,Not yet rated,NULL,$14
INBK,$34.7524,1439994077521,"2,025",50% bullish,of 2 ratings,$37
FMBH,NULL,1439994077717,0,Not yet rated,NULL,N/A
FMBI,$18.44,1439994077745,"15,659",Not yet rated,NULL,$20
FRME,$25.9425,1439994077772,"13,793",Not yet rated,NULL,$26.50
FIBK,$27.815,1439994077794,"5,786",Not yet rated,NULL,$32
FNFG,$9.745,1439994077967,"161,230",80% bullish,of 5 ratings,$9
FNBC,$35.412,1439994077992,"4,940",Not yet rated,NULL,$41.50
FNWB,NULL,1439994078026,0,Not yet rated,NULL,N/A
FSFG,NULL,1439994078053,0,Not yet rated,NULL,N/A
FSGI,$2.47,1439994078134,2,Not yet rated,NULL,N/A
FSLR,$50.21,1439994078266,"299,739",74% bullish,of 39 ratings,$65
FBZ,NULL,1439994078325,0,Not yet rated,NULL,N/A
FSBK,$7.77,1439994078410,100,100% bullish,of 1 rating,N/A
BICK,NULL,1439994078599,0,100% bullish,of 1 rating,N/A
FCAN,NULL,1439994078627,0,Not yet rated,NULL,N/A
FTCS,$38.3806,1439994078649,"4,698",Not yet rated,NULL,N/A
FCA,NULL,1439994078677,0,Not yet rated,NULL,N/A
FV,$24.6,1439994078847,"201,606",Not yet rated,NULL,N/A
IFV,$18.55,1439994078894,"63,475",100% bearish,of 1 rating,N/A
FEMB,NULL,1439994078919,0,Not yet rated,NULL,N/A
FTSM,$59.926,1439994079122,709,100% bearish,of 1 rating,N/A
TDIV,$25.757,1439994079150,"11,089",100% bearish,of 1 rating,N/A
FEUZ,$32.0734,1439994079182,600,Not yet rated,NULL,N/A
MDIV,$19.803,1439994079226,"23,642",Not yet rated,NULL,N/A
FGM,$36.59,1439994079288,"3,566",Not yet rated,NULL,N/A
FTGC,$22.75,1439994079385,303,Not yet rated,NULL,N/A
FTHI,NULL,1439994079602,0,Not yet rated,NULL,N/A
HYLS,$49.791,1439994079660,"11,274",100% bearish,of 1 rating,N/A
FHK,$34.81,1439994079685,480,Not yet rated,NULL,N/A
FPXI,NULL,1439994079816,0,Not yet rated,NULL,N/A
YDIV,$17.04,1439994079915,686,Not yet rated,NULL,N/A
CU,$12.91,1439994079979,900,100% bearish,of 1 rating,N/A
PLTM,$6.3745,1439994080014,950,100% bearish,of 1 rating,N/A
SKYY,$30.4899,1439994080043,"8,672",100% bullish,of 1 rating,N/A
FJP,$49.65,1439994080071,"3,200",Not yet rated,NULL,N/A
FTLB,NULL,1439994080148,0,100% bearish,of 1 rating,N/A
LMBS,NULL,1439994080214,0,Not yet rated,NULL,N/A
FMB,$51.226,1439994080313,"1,143",Not yet rated,NULL,N/A
QABA,$39.53,1439994080406,921,100% bearish,of 1 rating,N/A
CIBR,$19.56,1439994080540,"14,620",Not yet rated,NULL,N/A
FONE,NULL,1439994080593,0,Not yet rated,NULL,N/A
QCLN,$15.89,1439994080668,"1,427",Not yet rated,NULL,N/A
GRID,$34.42,1439994080798,201,100% bearish,of 1 rating,N/A
CARZ,NULL,1439994080823,0,100% bearish,of 1 rating,N/A
QQEW,$43.95,1439994080853,"18,461",Not yet rated,NULL,N/A
RDVY,NULL,1439994080874,0,Not yet rated,NULL,N/A
QQXT,$42.67,1439994081006,"1,328",Not yet rated,NULL,N/A
QTEC,$41.865,1439994081036,"3,335",Not yet rated,NULL,N/A
FTSL,$48.9799,1439994081063,"4,630",100% bearish,of 1 rating,N/A
QINC,NULL,1439994081084,0,Not yet rated,NULL,N/A
FKO,$22.96,1439994081214,75,Not yet rated,NULL,N/A
AIRR,$16.873,1439994081239,200,100% bearish,of 1 rating,N/A
FDIV,NULL,1439994081270,0,100% bearish,of 1 rating,N/A
FSZ,$40.18,1439994081398,"1,424",Not yet rated,NULL,N/A
FTW,NULL,1439994081424,0,Not yet rated,NULL,N/A
TUSA,NULL,1439994081615,0,Not yet rated,NULL,N/A
FISV,$89.41,1439994081677,"63,384",100% bearish,of 3 ratings,$90
SVVC,$10.89,1439994081702,"1,185",100% bullish,of 1 rating,$26
FSV,$31.19,1439994081728,"7,789",Not yet rated,NULL,$33.60
FUNC,NULL,1439994081753,0,Not yet rated,NULL,N/A
FKU,$43.65,1439994081782,"5,017",Not yet rated,NULL,N/A
FMER,$18.66,1439994081964,"130,193",50% bullish,of 2 ratings,$20
FIVN,$4.21,1439994081996,"79,103",100% bullish,of 1 rating,$8.50
FIVE,$37.25,1439994082025,"17,966",75% bearish,of 4 ratings,$44
FPRX,$18.5175,1439994082163,"39,192",50% bullish,of 2 ratings,$35
FLML,$21.49,1439994082195,"10,143",50% bullish,of 2 ratings,$30
FLKS,$14.425,1439994082216,"12,041",50% bullish,of 2 ratings,$27
FLXN,$24.21,1439994082290,"7,000",100% bearish,of 1 rating,$39.50
SKOR,$50.01,1439994082394,"1,500",Not yet rated,NULL,N/A
MBSD,$24.88,1439994082448,"8,730",Not yet rated,NULL,N/A
FLXS,$34.47,1439994082585,"13,256",100% bearish,of 2 ratings,N/A
FLIR,$30.185,1439994082617,"66,263",100% bearish,of 1 rating,$38.50
FOMX,$10.45,1439994082685,"16,673",50% bullish,of 2 ratings,$23.50
FFIC,$20.8,1439994082717,"4,163",Not yet rated,NULL,$21
FLEX,$11.015,1439994082745,"144,149",63% bullish,of 8 ratings,$12
FOGO,$19.45,1439994082814,"51,238",50% bullish,of 2 ratings,$25.50
FLDM,$12.4,1439994083006,"20,866",67% bearish,of 3 ratings,$21.50
FONR,$9.48,1439994083038,63,100% bullish,of 1 rating,N/A
FORM,$6.46,1439994083066,"14,588",67% bullish,of 3 ratings,$10.50
FES,$0.92,1439994083138,200,50% bullish,of 2 ratings,$1
FORTY,$34.63,1439994083198,"1,016",Not yet rated,NULL,N/A
FORR,$32.09,1439994083226,250,Not yet rated,NULL,N/A
FTNT,$47.3913,1439994083250,"117,544",80% bullish,of 10 ratings,$52
FWRD,$48.78,1439994083408,"40,217",100% bearish,of 1 rating,$50
FORD,$1.08,1439994083475,"25,507",50% bullish,of 2 ratings,N/A
FBIO,$3.03,1439994083507,"15,561",83% bullish,of 6 ratings,N/A
FWP,$26.79,1439994083546,"2,620",100% bearish,of 1 rating,$45
FXCB,$17.5,1439994083622,"1,000",Not yet rated,NULL,$19
FMI,$20.14,1439994083651,"17,078",100% bearish,of 2 ratings,$27.50
FOSL,$62.165,1439994083673,"80,918",50% bullish,of 4 ratings,$70
FOXF,$15.55,1439994083898,794,100% bearish,of 1 rating,$19
FRAN,$10.4,1439994084007,"87,697",50% bullish,of 4 ratings,$15
FRED,$14.56,1439994084037,"13,821",50% bullish,of 2 ratings,$16.50
FELE,$29.5,1439994084063,"47,382",50% bullish,of 4 ratings,$33
RAIL,$21.85,1439994084096,"8,260",100% bearish,of 1 rating,$24.50
FREE,$0.5145,1439994084136,"105,253",92% bullish,of 12 ratings,N/A
FEIM,NULL,1439994084227,0,100% bearish,of 1 rating,N/A
FTR,$5.335,1439994084278,"2,516,152",78% bullish,of 27 ratings,$6.25
FRPT,$13.78,1439994084404,"34,960",67% bearish,of 3 ratings,$23.50
FTRPR,$104.734,1439994084477,800,100% bearish,of 1 rating,N/A
FRPH,$31.34,1439994084503,100,100% bearish,of 1 rating,N/A
FSBW,NULL,1439994084530,0,Not yet rated,NULL,N/A
FTD,$30.55,1439994084578,"4,068",100% bearish,of 1 rating,$40
FSYS,$6.72,1439994084710,"3,784",67% bullish,of 3 ratings,$10
FTEK,$2.1554,1439994084772,"13,500",75% bullish,of 4 ratings,N/A
FCEL,$0.8125,1439994084802,"54,903",88% bullish,of 40 ratings,$2.65
FULL,$3.1801,1439994084898,"5,202",67% bearish,of 3 ratings,$4.25
FLL,$1.54,1439994084930,"6,928",75% bullish,of 4 ratings,$2.825
FULLL,$25.5,1439994084958,400,Not yet rated,NULL,N/A
FSNN,NULL,1439994084979,0,67% bullish,of 3 ratings,$6
FULT,$13.02,1439994085011,"51,097",100% bearish,of 1 rating,$13
FFHL,NULL,1439994085147,0,50% bullish,of 4 ratings,N/A
FXEN,$1.01,1439994085237,"4,765",75% bullish,of 4 ratings,$1.10
FXENP,NULL,1439994085289,0,100% bearish,of 1 rating,N/A
GK,$71.69,1439994085370,"1,717",Not yet rated,NULL,$78
GLPG,$63.4181,1439994085430,"1,521",100% bullish,of 1 rating,$75
WILC,$5.1181,1439994085456,100,100% bullish,of 2 ratings,N/A
GAIA,$5.969,1439994085498,"3,901",50% bullish,of 2 ratings,$8.50
GALTW,NULL,1439994085590,0,100% bullish,of 1 rating,N/A
GALT,$2.11,1439994085680,"64,178",80% bullish,of 5 ratings,N/A
GALTU,NULL,1439994085713,0,100% bearish,of 1 rating,N/A
GALE,$1.42,1439994085740,"94,443",89% bullish,of 47 ratings,$4
GLPI,$33.2599,1439994085814,"30,484",100% bearish,of 1 rating,$37.50
GLMD,$9,1439994085902,"1,200",67% bullish,of 3 ratings,$20.50
GRMN,$40.13,1439994085939,"67,470",50% bullish,of 6 ratings,$48
GGAC,NULL,1439994085978,0,100% bearish,of 1 rating,N/A
GPIC,$10.77,1439994086031,110,100% bearish,of 1 rating,N/A
GGACU,NULL,1439994086212,0,Not yet rated,NULL,N/A
GGACR,NULL,1439994086319,0,100% bullish,of 1 rating,N/A
GFN,$3.89,1439994086378,"5,795",100% bearish,of 2 ratings,$8
GARS,$14.713,1439994086406,"6,060",Not yet rated,NULL,$16
GENC,NULL,1439994086427,0,100% bearish,of 1 rating,N/A
GNCMA,$17.64,1439994086449,"10,234",100% bearish,of 1 rating,$12
GGACW,NULL,1439994086487,0,Not yet rated,NULL,N/A
GFNSL,$25.7999,1439994086620,135,Not yet rated,NULL,N/A
GFNCP,NULL,1439994086653,0,Not yet rated,NULL,N/A
GNMK,$9.33,1439994086765,"30,133",67% bullish,of 6 ratings,$14
GENE,$2.69,1439994086791,"3,752",100% bullish,of 12 ratings,N/A
GNCA,$12.43,1439994086817,"16,016",100% bearish,of 1 rating,$20
GHDX,$26.32,1439994086967,"14,143",50% bullish,of 2 ratings,$30
GNTX,$15.83,1439994087074,"140,324",Not yet rated,NULL,$20
GNVC,$2.36,1439994087107,80,90% bullish,of 10 ratings,$8.50
THRM,$48.08,1439994087128,"9,232",75% bearish,of 4 ratings,$55.50
GEOS,$15.39,1439994087163,"5,107",100% bearish,of 3 ratings,$25.50
GTWN,$18.27,1439994087207,400,Not yet rated,NULL,N/A
GABC,$29.68,1439994087265,232,Not yet rated,NULL,$31.50
GEVO,$2.5,1439994087303,"927,358",75% bullish,of 12 ratings,N/A
GERN,$3.32,1439994087329,"158,934",88% bullish,of 16 ratings,$5.25
ROCK,$18.52,1439994087759,"8,834",80% bullish,of 5 ratings,$24
GIII,$68.99,1439994087787,"13,878",67% bullish,of 3 ratings,$75
GIGA,$1.42,1439994087820,"13,898",100% bearish,of 1 rating,N/A
GIGM,$0.65,1439994087842,200,100% bullish,of 2 ratings,N/A
GILD,$116.2253,1439994087919,"793,184",91% bullish,of 86 ratings,$129
GBCI,$27.76,1439994087974,"3,875",50% bullish,of 2 ratings,$31
GILT,$4.58,1439994088025,"7,600",50% bullish,of 2 ratings,N/A
GLAD,$8.2285,1439994088208,"11,334",50% bullish,of 2 ratings,$8.75
GOODO,NULL,1439994088235,0,Not yet rated,NULL,N/A
GOODN,$25.65,1439994088268,200,Not yet rated,NULL,N/A
GOOD,$15.6553,1439994088290,"6,056",Not yet rated,NULL,$19
GLADO,$25.58,1439994088370,200,Not yet rated,NULL,N/A
GAIN,$7.8801,1439994088423,"24,043",100% bullish,of 2 ratings,$8.25
GOODP,$25.2399,1439994088448,374,Not yet rated,NULL,N/A
GAINN,$25.08,1439994088691,100,Not yet rated,NULL,N/A
GAINO,$25.3001,1439994088717,400,Not yet rated,NULL,N/A
GDEF,NULL,1439994089065,0,Not yet rated,NULL,N/A
GAINP,$26.1,1439994089103,100,Not yet rated,NULL,N/A
GBT,$44.41,1439994089124,"24,358",100% bearish,of 1 rating,N/A
LAND,$9.4599,1439994089155,"5,100",50% bullish,of 2 ratings,$13.75
GBLI,$26.99,1439994089194,"1,200",Not yet rated,NULL,N/A
ENT,$12.54,1439994089221,"7,464",100% bearish,of 1 rating,$18
GLBZ,NULL,1439994089242,0,Not yet rated,NULL,N/A
QQQC,$21.0468,1439994089658,400,100% bearish,of 1 rating,N/A
GPACU,NULL,1439994089688,0,Not yet rated,NULL,N/A
ACTX,NULL,1439994089720,0,100% bullish,of 1 rating,N/A
ALTY,NULL,1439994089742,0,Not yet rated,NULL,N/A
SOCL,$18.34,1439994089763,"1,449",100% bullish,of 2 ratings,N/A
GSOL,$8.57,1439994089785,201,100% bearish,of 1 rating,N/A
SRET,$13.8484,1439994089824,265,Not yet rated,NULL,N/A
GAI,$5.34,1439994090198,"1,937",50% bullish,of 2 ratings,N/A
YLCO,NULL,1439994090224,0,Not yet rated,NULL,N/A
GSM,$13.705,1439994090250,"26,784",50% bullish,of 2 ratings,$24.50
GLRI,NULL,1439994090276,0,100% bearish,of 1 rating,$6
GLBS,NULL,1439994090307,0,67% bullish,of 3 ratings,N/A
GBIM,$2.1,1439994090333,"1,200",50% bullish,of 2 ratings,N/A
GLUU,$4.7305,1439994090412,"204,568",92% bullish,of 26 ratings,$9
GLYC,$7.36,1439994090614,700,50% bullish,of 2 ratings,$14
GLDC,$4.05,1439994090847,200,50% bullish,of 2 ratings,N/A
GOGO,$16.48,1439994090882,"50,481",80% bullish,of 5 ratings,$25
GLNG,$38.515,1439994090904,"62,551",83% bullish,of 6 ratings,$58
GMLP,$19.89,1439994090926,"22,777",50% bullish,of 4 ratings,$32.50
GDEN,$8.96,1439994090964,"5,948",50% bullish,of 2 ratings,N/A
GOGL,$3.47,1439994090994,"49,324",75% bullish,of 4 ratings,$5
GBDC,$16.565,1439994091095,"12,045",Not yet rated,NULL,$17.75
GTIM,$7.004,1439994091578,"3,400",Not yet rated,NULL,$11.50
GOOGL,$689.97,1439994091609,"166,477",88% bullish,of 1078 ratings,$747
GPIAU,NULL,1439994091631,0,Not yet rated,NULL,N/A
GOOG,$657.2,1439994091652,"125,542",89% bullish,of 65 ratings,$795
GPRO,$56.182,1439994091675,"828,426",79% bullish,of 58 ratings,$72
GPIA,NULL,1439994091709,0,Not yet rated,NULL,N/A
GMAN,$4.64,1439994091735,"4,024",60% bullish,of 5 ratings,$8
GPIAW,NULL,1439994091870,0,Not yet rated,NULL,N/A
GLDD,$5.6863,1439994092078,"34,149",100% bearish,of 4 ratings,$7.75
GRVY,NULL,1439994092130,0,50% bullish,of 2 ratings,N/A
GSBC,$41.5,1439994092152,"3,152",100% bullish,of 1 rating,$44
LOPE,$38.18,1439994092183,"37,744",100% bearish,of 2 ratings,$50
GBSN,$2.27,1439994092205,"20,350",100% bearish,of 1 rating,$8.25
GBSNU,$16.34,1439994092226,640,Not yet rated,NULL,N/A
GRBK,$14.5,1439994092687,"18,774",77% bullish,of 13 ratings,N/A
GRFS,$32.11,1439994092723,"40,771",50% bullish,of 2 ratings,$35
GPRE,$21.71,1439994092755,"21,424",67% bullish,of 6 ratings,$28.50
GPP,$14.71,1439994092786,710,Not yet rated,NULL,$20.50
GCBC,NULL,1439994092819,0,100% bullish,of 1 rating,N/A
GRIF,NULL,1439994092846,0,100% bearish,of 1 rating,N/A
GLRE,$26.57,1439994092875,"18,698",100% bullish,of 1 rating,$41
GNBC,$13,1439994092901,449,100% bearish,of 1 rating,$17
OMAB,$41.75,1439994093257,"1,744",100% bullish,of 1 rating,$44
GGAL,$20.187,1439994093282,"22,896",80% bullish,of 5 ratings,$40
GSIG,$13.43,1439994093310,672,100% bearish,of 2 ratings,N/A
GRPN,$4.21,1439994093332,"758,677",61% bullish,of 71 ratings,$6.75
GSVC,$9.63,1439994093366,"4,319",50% bullish,of 2 ratings,$14.50
GSIT,$4.95,1439994093470,"43,436",100% bearish,of 1 rating,N/A
GUID,$9.09,1439994093605,"3,700",100% bearish,of 3 ratings,$10
GFED,NULL,1439994093636,0,Not yet rated,NULL,$17
GULTU,$0.3302,1439994093671,"13,002",100% bearish,of 1 rating,N/A
GTXI,$0.9798,1439994093693,"12,160",100% bullish,of 5 ratings,$.75
GBNK,$15.88,1439994093717,925,100% bearish,of 1 rating,$18
GURE,$1.8192,1439994093766,"9,000",88% bullish,of 8 ratings,N/A
GIFI,$12.9124,1439994093901,"5,574",100% bearish,of 1 rating,$16
GPOR,$35.14,1439994093950,"93,328",75% bullish,of 4 ratings,$55
GWPH,$113.22,1439994093976,"13,995",78% bullish,of 9 ratings,$148.50
HNRG,$7.64,1439994094454,"7,262",100% bearish,of 1 rating,$10
HLG,$9.5,1439994094485,3,100% bearish,of 1 rating,N/A
HALO,$18.53,1439994094507,"143,878",67% bullish,of 3 ratings,$22.50
HEES,$16.9225,1439994094529,"17,354",67% bearish,of 3 ratings,$31
HBK,$13.7,1439994094550,100,50% bullish,of 2 ratings,N/A
GYRO,NULL,1439994094597,0,100% bearish,of 1 rating,N/A
HALL,$11.66,1439994094686,"1,042",Not yet rated,NULL,N/A
GWGH,NULL,1439994094712,0,100% bearish,of 1 rating,$15.05
HNH,$28.5,1439994094966,313,100% bullish,of 1 rating,N/A
HMPR,$1.91,1439994094992,"1,004",100% bullish,of 1 rating,N/A
HBHC,$28.37,1439994095018,"19,017",50% bullish,of 2 ratings,$30
HBHCL,$24.5999,1439994095069,"2,571",Not yet rated,NULL,N/A
HAFC,$25.47,1439994095233,"17,307",100% bullish,of 2 ratings,$28.50
HDNG,$10.68,1439994095560,"1,400",50% bullish,of 4 ratings,N/A
HNSN,$0.516,1439994095621,"21,620",88% bullish,of 8 ratings,$.40
HRMNW,NULL,1439994095777,0,Not yet rated,NULL,N/A
TINY,$2.508,1439994095806,"2,000",50% bullish,of 2 ratings,$5.26
HRMNU,NULL,1439994095836,0,Not yet rated,NULL,N/A
HLIT,$5.875,1439994095862,"24,112",100% bearish,of 1 rating,$6.50
HQCL,$10.55,1439994095887,"1,460",67% bullish,of 3 ratings,N/A
HRMN,NULL,1439994096053,0,Not yet rated,NULL,N/A
HAS,$79.59,1439994096591,"73,249",63% bullish,of 8 ratings,$84.50
HBIO,$4.45,1439994096617,"4,396",Not yet rated,NULL,$10
HCAPL,NULL,1439994096641,0,Not yet rated,NULL,N/A
HCAP,$12.15,1439994096676,"2,645",50% bullish,of 2 ratings,$15
HWKN,$36.2,1439994096697,"1,410",Not yet rated,NULL,N/A
HCOM,$23,1439994096776,154,100% bearish,of 1 rating,$28
HART,$0.6542,1439994096867,"8,343",100% bearish,of 1 rating,N/A
HA,$25.5401,1439994096957,"55,001",67% bullish,of 9 ratings,$27
HDS,$34.55,1439994097012,"65,190",100% bearish,of 2 ratings,$39.50
HIIQ,$4.7801,1439994097047,"1,709",50% bullish,of 2 ratings,$7
HCSG,$34.3,1439994097260,"40,248",50% bullish,of 4 ratings,$35
HQY,$32.9,1439994097299,"16,416",67% bullish,of 3 ratings,$31
HSTM,$25.4,1439994097368,"6,574",50% bullish,of 2 ratings,$33.75
HWAY,$12.51,1439994097514,"15,234",100% bearish,of 1 rating,$15
HWBK,NULL,1439994097803,0,100% bearish,of 1 rating,N/A
HAYN,$39.4,1439994097979,"3,678",100% bearish,of 1 rating,$59
HTBX,$5.8,1439994098009,"6,665",50% bullish,of 2 ratings,$15.50
HTWR,$87.48,1439994098031,"13,798",50% bullish,of 2 ratings,$103
HTLF,$37.02,1439994098052,"1,966",100% bullish,of 1 rating,$39.50
HSII,$20.14,1439994098096,"8,804",100% bullish,of 3 ratings,$25
HTLD,$21.125,1439994098118,"25,422",Not yet rated,NULL,$22.50
HELE,$91.805,1439994098205,"11,010",67% bearish,of 3 ratings,$100
HNNA,$22.81,1439994098389,200,Not yet rated,NULL,N/A
HMTV,$13.18,1439994098417,251,100% bearish,of 1 rating,$16
HMNY,$2.31,1439994098475,100,100% bearish,of 1 rating,N/A
HFWA,$18.2,1439994098798,"1,402",100% bullish,of 1 rating,$20
HTBK,$11.04,1439994098836,"1,725",Not yet rated,NULL,$12
HERO,$0.0703,1439994098865,"482,320",81% bullish,of 16 ratings,$.75
HCACU,NULL,1439994098930,0,Not yet rated,NULL,N/A
HEOP,$7.92,1439994098957,644,Not yet rated,NULL,$8.50
MLHR,$29.25,1439994098982,"11,288",50% bullish,of 2 ratings,$33.50
HSIC,$146.4,1439994099015,"30,532",83% bullish,of 6 ratings,$146
HCCI,$12.59,1439994099351,586,100% bearish,of 1 rating,$16.50
HFFC,NULL,1439994099483,0,Not yet rated,NULL,N/A
HRTX,$32.72,1439994099513,"31,655",67% bullish,of 6 ratings,$41
HSKA,$34.55,1439994099535,"7,217",100% bearish,of 1 rating,$38
HPJ,$2.71,1439994099566,"5,227",75% bullish,of 4 ratings,$12.43
HIBB,$40.12,1439994099587,"25,656",100% bearish,of 1 rating,$48.50
HIFS,$116.66,1439994099905,"1,329",Not yet rated,NULL,N/A
HMNF,$11.4,1439994099944,4,Not yet rated,NULL,N/A
HMSY,$9.39,1439994100004,"70,653",67% bullish,of 3 ratings,$19.35
HIHO,$4.12,1439994100026,"10,100",Not yet rated,NULL,N/A
HSGX,$6.69,1439994100047,"1,201",100% bearish,of 1 rating,$17
HIMX,$6.8,1439994100069,"251,340",85% bullish,of 20 ratings,$8.50
HOLI,$17.74,1439994100115,"35,929",50% bullish,of 4 ratings,$27
HOLX,$42.22,1439994100137,"107,092",67% bullish,of 3 ratings,$42
HBCP,$24.5,1439994100272,300,Not yet rated,NULL,$29
HOMB,$40.67,1439994100298,"13,328",Not yet rated,NULL,$41
HFBL,NULL,1439994100479,0,Not yet rated,NULL,N/A
HMST,$21.41,1439994100613,"11,764",100% bullish,of 2 ratings,$27
HMIN,$29.315,1439994100640,"6,894",100% bearish,of 2 ratings,$35
HTBI,$18.38,1439994100663,636,67% bullish,of 3 ratings,$18.625
HKTV,$5.15,1439994100697,"18,000",100% bearish,of 1 rating,N/A
AWAY,$31.17,1439994100718,"149,402",67% bullish,of 3 ratings,$36
HBNC,$24.9523,1439994100747,"2,770",100% bullish,of 1 rating,$27
HOFT,$24.85,1439994100982,278,100% bearish,of 1 rating,N/A
HFBC,$11.6,1439994101044,"1,202",Not yet rated,NULL,N/A
HZNP,$31.47,1439994101114,"116,821",85% bullish,of 20 ratings,$40
HRZN,$10.87,1439994101355,"5,602",100% bearish,of 1 rating,$14.25
ZINC,$7.8515,1439994101380,"107,028",100% bearish,of 1 rating,$17
CETC,$0.8321,1439994101439,"4,524",86% bullish,of 7 ratings,N/A
HWCC,$7.35,1439994101618,"3,750",100% bearish,of 1 rating,$9
HDP,$25.9,1439994101645,"15,700",67% bearish,of 3 ratings,$30.50
HMHC,$22.67,1439994101667,"24,627",Not yet rated,NULL,$27
HSNI,$62.83,1439994101797,"9,858",Not yet rated,NULL,$80
HTGM,$5.85,1439994101827,"1,000",100% bearish,of 1 rating,$19.50
HBMD,NULL,1439994101850,0,100% bearish,of 1 rating,N/A
HCBK,$10.32,1439994101884,"86,225",83% bullish,of 6 ratings,$8.61
HOVNP,$5.55,1439994101912,"6,200",100% bearish,of 1 rating,N/A
HUBG,$41.01,1439994101983,"6,449",100% bearish,of 1 rating,$43
HDSN,$3.07,1439994102050,"2,200",100% bullish,of 1 rating,$6.25
HSON,$2.9,1439994102080,436,100% bearish,of 1 rating,$5
HBAN,$11.755,1439994102184,"755,774",76% bullish,of 17 ratings,$12.50
HBANP,$1345,1439994102212,18,100% bearish,of 1 rating,N/A
HTCH,$1.65,1439994102468,"6,142",100% bearish,of 1 rating,$3.50
HDRA,NULL,1439994102534,0,Not yet rated,NULL,N/A
HURN,$75.05,1439994102563,"3,377",50% bullish,of 2 ratings,$80
HBP,$3.25,1439994102585,"1,080",100% bullish,of 1 rating,N/A
HURC,$30.71,1439994102616,333,100% bearish,of 1 rating,N/A
HDRAW,NULL,1439994102644,0,Not yet rated,NULL,N/A
HDRAR,NULL,1439994102744,0,Not yet rated,NULL,N/A
HDRAU,$10.2,1439994102771,100,Not yet rated,NULL,N/A
HYGS,$7.68,1439994102903,"2,791",50% bullish,of 2 ratings,$13
IACI,$73.6,1439994102933,"71,425",75% bullish,of 4 ratings,$90
IDSY,$3.995,1439994102970,586,100% bearish,of 1 rating,$7
ICAD,$3.6,1439994103063,"7,598",50% bullish,of 2 ratings,$7.25
IBKC,$62.995,1439994103089,"14,870",100% bullish,of 1 rating,$70
IKGH,$1.8997,1439994103127,"54,422",75% bullish,of 4 ratings,N/A
IEP,$72.8,1439994103295,"19,646",75% bullish,of 4 ratings,$99
ICFI,$35.37,1439994103354,"6,048",50% bullish,of 2 ratings,$48.50
ICON,$12.985,1439994103380,"36,708",50% bullish,of 2 ratings,$18.50
IPWR,$7.61,1439994103430,140,100% bullish,of 1 rating,$15
ICLR,$80.15,1439994103458,"61,101",100% bearish,of 3 ratings,$85
ICUI,$121.2,1439994103482,"5,424",Not yet rated,NULL,$122
INVE,$4.63,1439994103673,"26,583",75% bullish,of 4 ratings,$4
IDXX,$77.75,1439994103712,"31,207",100% bearish,of 1 rating,$77
IDRA,$2.58,1439994103777,"200,981",89% bullish,of 9 ratings,$6.50
DSKY,$12.29,1439994103806,"1,750",67% bullish,of 6 ratings,$11.50
RXDX,$13.4,1439994103838,"9,512",100% bullish,of 1 rating,$20
IROQ,NULL,1439994103864,0,100% bullish,of 1 rating,N/A
IRG,$4.44,1439994103935,400,100% bearish,of 1 rating,$4.50
KANG,$16.94,1439994104171,"17,734",50% bullish,of 2 ratings,$22.55
IKNX,NULL,1439994104207,0,100% bearish,of 1 rating,N/A
IIVI,$17.55,1439994104233,"6,459",100% bearish,of 1 rating,$22
IKAN,$2.73,1439994104255,"7,398",83% bullish,of 6 ratings,$5
ILMN,$205.98,1439994104292,"89,449",80% bullish,of 5 ratings,$240
IMMR,$12.25,1439994104319,"28,599",80% bullish,of 5 ratings,$15.50
IMDZ,$16.45,1439994104394,"5,121",100% bearish,of 1 rating,$33
ISNS,$4.1695,1439994104501,300,50% bullish,of 2 ratings,N/A
ICCC,$8.7,1439994104558,"2,139",100% bullish,of 1 rating,N/A
IMMU,$1.8599,1439994104695,"103,282",86% bullish,of 7 ratings,$2
IMGN,$13.27,1439994104730,"73,152",75% bullish,of 4 ratings,$17.50
IMNP,$1.51,1439994104752,"9,970",50% bullish,of 2 ratings,$6
IPXL,$46.56,1439994104833,"66,549",67% bullish,of 3 ratings,$46.50
INCR,$44.38,1439994104855,"41,231",50% bullish,of 2 ratings,$53
IMMY,$7.7482,1439994104891,503,100% bearish,of 1 rating,$11
INCY,$112.73,1439994104932,"95,926",50% bullish,of 6 ratings,$125.50
SAAS,$8.015,1439994104989,"25,144",50% bullish,of 2 ratings,$15
IBCP,$14.47,1439994105182,"5,154",100% bullish,of 1 rating,$14.50
IBTX,$43.23,1439994105227,751,100% bullish,of 2 ratings,$47.25
INDB,$47.75,1439994105263,"4,152",Not yet rated,NULL,$44
IDSA,$3.59,1439994105326,102,Not yet rated,NULL,N/A
INFN,$24.625,1439994105354,"152,739",71% bullish,of 7 ratings,$28
INFI,$9.42,1439994105380,"42,083",50% bullish,of 4 ratings,$18
IPCC,$79.88,1439994105550,342,Not yet rated,NULL,$77.50
III,$4.23,1439994105612,"5,000",57% bullish,of 7 ratings,$6
IMKTA,$53.79,1439994105684,"3,808",100% bearish,of 1 rating,N/A
IFON,$1.3564,1439994105749,"22,868",75% bullish,of 4 ratings,N/A
INOD,$2.58,1439994105779,"21,700",100% bearish,of 1 rating,N/A
INNL,$12.84,1439994105801,"1,944",100% bearish,of 1 rating,$16.50
INWK,$7.62,1439994105835,"4,865",50% bullish,of 2 ratings,$10
IPHS,$48.74,1439994105862,"7,326",100% bearish,of 1 rating,$60
IOSP,$46.365,1439994106046,"7,539",100% bearish,of 1 rating,N/A
ISSC,NULL,1439994106173,0,67% bearish,of 3 ratings,N/A
INGN,$50.5,1439994106229,"12,290",100% bearish,of 1 rating,$50.50
INO,$7.3799,1439994106259,"80,590",89% bullish,of 18 ratings,$20
INOV,$21.33,1439994106293,"7,049",100% bearish,of 1 rating,$33
ITEK,$15.852,1439994106315,"140,819",67% bearish,of 3 ratings,$20
INSM,$27.445,1439994106415,"15,410",71% bullish,of 7 ratings,$32
ISIG,$2.61,1439994106444,"3,100",100% bearish,of 1 rating,N/A
NSIT,$26.165,1439994106469,"10,533",50% bullish,of 2 ratings,N/A
INSY,$34.44,1439994106620,"56,116",75% bullish,of 4 ratings,$48
PODD,$30.32,1439994106646,"20,273",50% bullish,of 2 ratings,$35
IIIN,$17.68,1439994106708,"2,956",100% bearish,of 2 ratings,N/A
NTEC,$5.87,1439994106736,"6,400",Not yet rated,NULL,N/A
IDTI,$18.45,1439994106817,"356,624",60% bullish,of 5 ratings,$25
IART,$62.02,1439994106878,"11,232",100% bearish,of 1 rating,$71.50
IESC,NULL,1439994106982,0,100% bearish,of 1 rating,N/A
ISSI,$22.28,1439994107008,"29,477",67% bullish,of 3 ratings,$19.75
IPCI,$2.16,1439994107065,"9,342",67% bullish,of 6 ratings,$7.75
IQNT,$20.29,1439994107094,"117,135",86% bullish,of 7 ratings,$20
INTC,$28.55,1439994107116,"4,120,036",82% bullish,of 238 ratings,$36
IBKR,$42.12,1439994107249,"11,674",100% bullish,of 1 rating,N/A
IPAR,$28.47,1439994107282,"3,526",67% bullish,of 3 ratings,$38
ICPT,$211.02,1439994107340,"24,805",70% bullish,of 10 ratings,$363
ININ,$40,1439994107366,"12,652",67% bearish,of 3 ratings,$57
ICLD,$1.865,1439994107395,"38,265",75% bullish,of 4 ratings,N/A
ICLDW,NULL,1439994107559,0,100% bearish,of 1 rating,N/A
IDCC,$49.13,1439994107619,"20,892",80% bullish,of 5 ratings,$63
TILE,$25.862,1439994107689,"36,915",67% bearish,of 3 ratings,$27
IMI,$2.04,1439994107721,330,67% bullish,of 3 ratings,$2.22
ISCA,$33.6,1439994107787,"7,569",100% bearish,of 1 rating,N/A
IBOC,$27.21,1439994107820,"8,204",100% bearish,of 1 rating,N/A
INAP,$8.68,1439994107919,"11,675",75% bullish,of 4 ratings,$11
IGLD,$7.49,1439994107958,"1,400",50% bullish,of 2 ratings,N/A
IIJI,NULL,1439994107991,0,50% bullish,of 2 ratings,$11.50
PTNT,$3.03,1439994108088,300,Not yet rated,NULL,N/A
INPH,NULL,1439994108117,0,50% bullish,of 2 ratings,N/A
XENT,$29.8,1439994108147,"8,769",50% bullish,of 2 ratings,$36.50
INTX,NULL,1439994108302,0,67% bullish,of 3 ratings,N/A
ISIL,$10.74,1439994108331,"86,818",50% bullish,of 6 ratings,$15
IILG,$21.24,1439994108367,"6,106",100% bearish,of 1 rating,$30.50
IVAC,$4.98,1439994108534,700,Not yet rated,NULL,$6.625
INTL,$27.67,1439994108565,"4,968",67% bearish,of 3 ratings,N/A
ITCI,$30.308,1439994108594,"74,263",75% bearish,of 4 ratings,$40
IIN,NULL,1439994108620,0,100% bearish,of 1 rating,$12
INTU,$105.92,1439994108665,"169,833",100% bullish,of 7 ratings,$107.50
INTLL,$25.94,1439994108757,133,Not yet rated,NULL,N/A
ISRG,$524,1439994108794,"11,227",67% bullish,of 3 ratings,$600
SNAK,$8.75,1439994108926,"7,710",50% bullish,of 2 ratings,$14
INVT,$0.2996,1439994108954,"1,079",67% bullish,of 3 ratings,N/A
ISTR,$15.61,1439994108975,2,100% bearish,of 1 rating,$18.50
NVIV,$11.175,1439994109146,"61,362",50% bullish,of 4 ratings,$24.50
ISBC,$12.24,1439994109172,"143,723",100% bullish,of 1 rating,$13.25
ITIC,NULL,1439994109194,0,100% bearish,of 2 ratings,N/A
IVTY,$11.82,1439994109328,"1,229",Not yet rated,NULL,$18
IPAS,$1.0699,1439994109478,"23,100",67% bullish,of 3 ratings,N/A
IPCM,$79.4,1439994109508,"29,154",50% bullish,of 2 ratings,$80.125
DTUL,NULL,1439994109534,0,Not yet rated,NULL,N/A
DFVL,NULL,1439994109572,0,Not yet rated,NULL,N/A
IPGP,$91.535,1439994109671,"27,657",100% bearish,of 2 ratings,$109.50
IRIX,$7.05,1439994109696,"1,600",100% bearish,of 1 rating,N/A
IRMD,$26.28,1439994109725,"2,895",67% bearish,of 3 ratings,$25
IRDM,$6.8,1439994109754,"51,288",60% bullish,of 5 ratings,$11.50
IRDMB,$270,1439994109890,49,67% bearish,of 3 ratings,N/A
IRBT,$30.853,1439994110057,"13,339",67% bullish,of 6 ratings,$37
IRWD,$11.67,1439994110082,"64,006",100% bearish,of 1 rating,$13
GNMA,$50.0088,1439994110141,552,Not yet rated,NULL,N/A
IRCP,NULL,1439994110168,0,100% bullish,of 2 ratings,N/A
COMT,$33.4,1439994110247,188,100% bearish,of 1 rating,N/A
FCHI,$49.01,1439994110300,432,Not yet rated,NULL,N/A
IFGL,$29.9258,1439994110432,862,Not yet rated,NULL,N/A
IFEU,$39.8599,1439994110467,"14,082",Not yet rated,NULL,N/A
IFAS,NULL,1439994110498,0,Not yet rated,NULL,N/A
ACWX,$42.49,1439994110528,"8,170",100% bearish,of 1 rating,N/A
IFNA,NULL,1439994110605,0,Not yet rated,NULL,N/A
ACWI,$58.58,1439994110685,"32,697",Not yet rated,NULL,N/A
AAXJ,$55.0401,1439994110813,"81,584",Not yet rated,NULL,N/A
AXJS,NULL,1439994110857,0,Not yet rated,NULL,N/A
AAIT,$30.49,1439994110912,100,100% bullish,of 1 rating,N/A
EEMA,$52.085,1439994111015,"8,501",Not yet rated,NULL,N/A
EMDI,NULL,1439994111098,0,Not yet rated,NULL,N/A
EEME,NULL,1439994111128,0,100% bearish,of 1 rating,N/A
EMEY,$25.31,1439994111159,300,Not yet rated,NULL,N/A
EVAL,$37.18,1439994111233,314,Not yet rated,NULL,N/A
EGRW,$48.5,1439994111262,100,Not yet rated,NULL,N/A
EEML,$28.71,1439994111291,300,Not yet rated,NULL,N/A
EUFN,$22.9513,1439994111370,"29,523",100% bearish,of 1 rating,N/A
IEUS,$47.55,1439994111505,550,100% bearish,of 1 rating,N/A
UAE,NULL,1439994111531,0,Not yet rated,NULL,N/A
QAT,NULL,1439994111552,0,Not yet rated,NULL,N/A
IBB,$364.12,1439994111701,"245,259",63% bullish,of 8 ratings,N/A
SOXX,$84.57,1439994111872,"60,597",50% bullish,of 2 ratings,N/A
ICLN,$10.0608,1439994111906,"17,550",50% bullish,of 2 ratings,N/A
ISHG,$78.53,1439994111928,759,100% bearish,of 1 rating,N/A
INDY,$29.67,1439994111962,"31,139",100% bullish,of 1 rating,N/A
WOOD,$52.2299,1439994112006,336,50% bullish,of 2 ratings,N/A
EMIF,$29.71,1439994112036,500,Not yet rated,NULL,N/A
ISIS,$51.27,1439994112264,"103,489",53% bullish,of 15 ratings,$67
ISLE,$18.83,1439994112323,"39,798",50% bullish,of 4 ratings,$16
ISRL,$138,1439994112349,34,100% bearish,of 1 rating,N/A
IGOV,$89.86,1439994112371,"4,356",100% bearish,of 1 rating,N/A
ITRI,$33.14,1439994112401,"10,253",Not yet rated,NULL,$37
ITRN,$25.38,1439994112570,186,50% bullish,of 2 ratings,N/A
ITUS,NULL,1439994112600,0,Not yet rated,NULL,N/A
IXYS,$10.57,1439994112700,"13,008",50% bullish,of 4 ratings,N/A
JJSF,$117.81,1439994112729,"6,713",100% bearish,of 1 rating,N/A
JCOM,$72.48,1439994112772,"6,604",100% bullish,of 2 ratings,$77
JBHT,$79.16,1439994112801,"50,298",50% bullish,of 4 ratings,$89.50
XXIA,$15.6,1439994112829,"28,854",71% bullish,of 7 ratings,$14.625
JASO,$8.01,1439994112971,"147,730",82% bullish,of 17 ratings,$10
MAYS,NULL,1439994113003,0,Not yet rated,NULL,N/A
JKHY,$71.47,1439994113102,"16,575",50% bullish,of 2 ratings,$72
JXSB,NULL,1439994113190,0,Not yet rated,NULL,N/A
JAXB,NULL,1439994113229,0,100% bullish,of 1 rating,N/A
JACK,$85.085,1439994113259,"43,038",83% bullish,of 6 ratings,$105
JAGX,NULL,1439994113319,0,Not yet rated,NULL,N/A
JAKK,$9.5198,1439994113364,"35,370",60% bearish,of 5 ratings,$10.50
JRVR,$26.69,1439994113525,56,Not yet rated,NULL,$32
JMBA,$13.5,1439994113554,"9,044",75% bullish,of 4 ratings,$18
JASNW,$0.21,1439994113621,"2,000",50% bullish,of 2 ratings,N/A
ERW,NULL,1439994113689,0,Not yet rated,NULL,N/A
JASN,$5.23,1439994113718,"2,600",50% bullish,of 2 ratings,$9.50
JAZZ,$184.93,1439994113750,"51,186",80% bullish,of 15 ratings,$206.50
JBLU,$24.08,1439994113777,"679,034",94% bullish,of 16 ratings,$27
JD,$26.54,1439994113857,"1,413,581",75% bullish,of 16 ratings,$36
JTPY,NULL,1439994114059,0,100% bearish,of 1 rating,N/A
DATE,$6.49,1439994114159,24,75% bullish,of 4 ratings,$9
JST,$4.31,1439994114193,"5,600",75% bullish,of 4 ratings,N/A
JCTCF,NULL,1439994114224,0,100% bullish,of 1 rating,N/A
JIVE,$4.12,1439994114247,"30,870",75% bullish,of 4 ratings,$5
WYIGU,$10.0434,1439994114291,"1,000",Not yet rated,NULL,N/A
JOEZ,$0.185,1439994114323,"11,149",92% bullish,of 12 ratings,N/A
JBSS,$48,1439994114393,"1,032",67% bearish,of 3 ratings,N/A
JOUT,$25.99,1439994114458,225,100% bearish,of 1 rating,$34
JUNO,$40.04,1439994114591,"292,735",73% bullish,of 11 ratings,$71.50
JNP,$9.8,1439994114622,"1,050",100% bullish,of 3 ratings,$15
KTWO,$21.85,1439994114649,"6,386",100% bearish,of 1 rating,$28.50
KALU,$84.41,1439994114729,"12,542",67% bearish,of 3 ratings,$91
KMDA,NULL,1439994114833,0,50% bullish,of 2 ratings,$8
KBIO,$1.9643,1439994114865,"5,240",50% bullish,of 4 ratings,N/A
KNDI,$7.8474,1439994114891,"130,324",86% bullish,of 22 ratings,N/A
KCLI,$47.84,1439994114978,649,Not yet rated,NULL,N/A
KBSF,NULL,1439994115033,0,100% bullish,of 1 rating,N/A
KCAP,$4.8,1439994115075,"8,647",75% bullish,of 4 ratings,$6
KPTI,$13.16,1439994115166,"52,010",67% bearish,of 3 ratings,$41
KRNY,$11.7599,1439994115195,"48,070",100% bearish,of 1 rating,$12
KELYA,$14.91,1439994115331,"11,365",67% bullish,of 6 ratings,$20
KMPH,$21.88,1439994115360,"6,710",100% bearish,of 2 ratings,$22
KFFB,$8.89,1439994115440,"1,305",100% bearish,of 1 rating,N/A
KELYB,NULL,1439994115488,0,50% bullish,of 2 ratings,N/A
GMCR,$49.9,1439994115514,"241,676",71% bullish,of 42 ratings,$64
KERX,$6.19,1439994115644,"96,048",82% bullish,of 11 ratings,$12
KTEC,$12.0899,1439994115672,300,Not yet rated,NULL,N/A
KEQU,$17.09,1439994115743,198,100% bullish,of 1 rating,N/A
KFRC,$28.58,1439994115803,"76,334",100% bullish,of 2 ratings,$29
KBAL,$11.28,1439994115898,"8,848",50% bullish,of 2 ratings,N/A
KTCC,$10.725,1439994115931,"15,925",100% bearish,of 1 rating,$15
KE,$11.335,1439994115998,"1,678",67% bearish,of 3 ratings,$16
KGJI,$0.8,1439994116066,"18,575",89% bullish,of 9 ratings,N/A
KIN,$5.92,1439994116093,900,50% bullish,of 2 ratings,$6.25
KONE,$4.12,1439994116174,8,Not yet rated,NULL,N/A
KINS,$8.5868,1439994116226,"1,002",100% bullish,of 1 rating,N/A
KIRK,$26.39,1439994116300,"8,664",50% bullish,of 2 ratings,$32
KITE,$56.04,1439994116360,"96,514",88% bullish,of 8 ratings,$85
KLAC,$49.97,1439994116401,"72,857",100% bearish,of 1 rating,$61.50
KLXI,$38.335,1439994116533,"39,088",100% bearish,of 1 rating,$49
KZ,$7.15,1439994116562,"18,958",60% bearish,of 5 ratings,N/A
KONA,$20.38,1439994116588,"1,150",50% bullish,of 2 ratings,$28
KOPN,$2.87,1439994116633,"23,575",50% bullish,of 2 ratings,$4.50
KOSS,NULL,1439994116773,0,100% bearish,of 2 ratings,N/A
KRNT,$13.2,1439994116800,796,50% bullish,of 2 ratings,$18
KWEB,$32.86,1439994116860,"8,953",Not yet rated,NULL,N/A
KTOS,$4.645,1439994116934,"25,649",50% bullish,of 2 ratings,$8.50
KLIC,$10.23,1439994116964,"32,474",80% bullish,of 5 ratings,$13
KUTV,$0.7999,1439994116990,200,50% bullish,of 2 ratings,N/A
KVHI,$10.747,1439994117019,"2,280",100% bearish,of 1 rating,$16
KYTH,$74.62,1439994117050,"22,026",100% bullish,of 3 ratings,$66
FSTR,$19.51,1439994117156,"2,781",100% bearish,of 1 rating,$40.50
LJPC,$26.395,1439994117302,"12,248",87% bullish,of 15 ratings,$32
LSBK,NULL,1439994117334,0,Not yet rated,NULL,N/A
