Symbol,Price,Date,Volume,Rating,RatingVoteCount,OneYearEstimate
TWOU,$34.09,1440609302972,"76,860",50% bullish,of 2 ratings,$39
PIH,$7.17,1440609303001,400,100% bearish,of 1 rating,N/A
TFSCR,NULL,1440609303033,0,Not yet rated,NULL,N/A
TFSCU,NULL,1440609303064,0,Not yet rated,NULL,N/A
FCCY,$11.5901,1440609303085,"1,041",100% bullish,of 1 rating,$13
FLWS,$9.46,1440609303119,"216,660",100% bullish,of 5 ratings,$15
TFSC,$9.73,1440609303173,"4,500",100% bearish,of 1 rating,N/A
TFSCW,NULL,1440609303215,0,100% bearish,of 1 rating,N/A
DGLD,$83.0648,1440609303364,"10,798",100% bullish,of 1 rating,N/A
DSLV,$77.1461,1440609303468,"13,997",100% bearish,of 1 rating,N/A
FCTY,$7.85,1440609303500,"1,367",100% bullish,of 1 rating,$8.50
UGLD,$9.045,1440609303531,"137,616",100% bearish,of 1 rating,N/A
VNET,$17.4,1440609303557,"442,534",60% bullish,of 5 ratings,$29.50
USLV,$11.315,1440609303587,"485,628",86% bullish,of 7 ratings,N/A
SRCE,$28.72,1440609303613,"7,957",100% bullish,of 3 ratings,$33
JOBS,$27.33,1440609303750,"45,551",50% bullish,of 4 ratings,$36
SIXD,$2.7201,1440609304000,"314,708",Not yet rated,NULL,N/A
EGHT,$7.52,1440609304026,"144,327",82% bullish,of 17 ratings,$11
AAON,$20.04,1440609304100,"80,576",100% bearish,of 1 rating,$24
CAFD,$13.565,1440609304168,"107,858",Not yet rated,NULL,$25
ABY,$20.73,1440609304226,"373,681",100% bearish,of 2 ratings,$46
SHLM,$32.45,1440609304328,"37,922",100% bearish,of 1 rating,$50
AVHI,$13.99,1440609304361,"8,116",100% bearish,of 1 rating,$19
ABAX,$46.41,1440609304416,"52,180",100% bearish,of 1 rating,$60
ABGB,$6.37,1440609304455,"162,428",67% bullish,of 3 ratings,$5.50
ABEO,$4.48,1440609304484,"60,308",50% bullish,of 4 ratings,$15.50
ABEOW,$1.85,1440609304514,"2,286",100% bullish,of 1 rating,N/A
ABMD,$95.05,1440609304586,"108,155",75% bullish,of 4 ratings,$100.50
AXAS,$1.55,1440609304813,"299,222",78% bullish,of 9 ratings,$3.50
ACHC,$68.46,1440609304945,"295,686",50% bullish,of 2 ratings,$92
ACTG,$8.84,1440609304972,"141,070",67% bullish,of 3 ratings,$18.50
ACST,$0.34,1440609305124,"9,701",100% bullish,of 2 ratings,N/A
XLRN,$27.505,1440609305200,"57,325",50% bullish,of 2 ratings,$57
AXDX,$18.01,1440609305231,"85,689",100% bearish,of 1 rating,N/A
ACAD,$34.18,1440609305257,"246,289",80% bullish,of 20 ratings,$48
ARAY,$6.305,1440609305289,"304,118",100% bearish,of 1 rating,$10.50
VXDN,$1.76,1440609305330,"22,049",100% bearish,of 1 rating,N/A
VXUP,$1.7899,1440609305461,"36,089",100% bearish,of 1 rating,N/A
ACRX,$4.01,1440609305499,"92,078",67% bearish,of 6 ratings,$5.50
ANCX,$19.88,1440609305526,"12,539",Not yet rated,NULL,$20
ACET,$22.02,1440609305595,"39,261",75% bullish,of 4 ratings,$30
AKAO,$6.75,1440609305659,"57,994",75% bullish,of 4 ratings,$15
ACHN,$7.03,1440609305696,"643,040",90% bullish,of 21 ratings,$16
ACIW,$20.66,1440609305720,"176,146",67% bearish,of 3 ratings,$24
ACOR,$31.16,1440609306061,"343,618",67% bearish,of 3 ratings,$38.50
ACTS,$1.58,1440609306094,"11,998",100% bearish,of 1 rating,N/A
ACNB,$19.93,1440609306115,"2,000",Not yet rated,NULL,N/A
ACUR,$0.5221,1440609306137,"24,139",100% bullish,of 5 ratings,$1
ATVI,$26.36,1440609306178,"1,785,191",68% bullish,of 84 ratings,$31.50
ACPW,$1.8001,1440609306204,"17,356",100% bullish,of 4 ratings,$3.50
ACXM,$19.93,1440609306271,"119,858",67% bullish,of 3 ratings,N/A
ACTA,$12.83,1440609306296,"25,185",67% bearish,of 3 ratings,$25
ADMP,$3.3652,1440609306454,"14,506",50% bullish,of 2 ratings,$10
ADUS,$28.08,1440609306511,"21,990",100% bearish,of 1 rating,$31
AEY,$2.2503,1440609306539,"1,945",100% bearish,of 2 ratings,N/A
ADAP,$11.23,1440609306560,"20,746",67% bullish,of 3 ratings,$22
ADMS,$19.0001,1440609306692,"24,326",100% bearish,of 2 ratings,$36
ADMA,$9.258,1440609306822,"1,504",Not yet rated,NULL,$19
ADEP,$6.463,1440609306851,"26,444",50% bullish,of 2 ratings,$10.75
ADBE,$75.28,1440609306909,"763,532",65% bullish,of 17 ratings,$90
ADRO,$18.83,1440609306936,"153,870",80% bullish,of 5 ratings,$45.50
AMD,$1.675,1440609306961,"4,086,587",83% bullish,of 103 ratings,$2
ADTN,$15.11,1440609307009,"97,742",67% bullish,of 3 ratings,$17.125
ADXS,$12.71,1440609307147,"542,308",64% bullish,of 14 ratings,$27
ADXSW,$8.43,1440609307316,"26,805",100% bullish,of 1 rating,N/A
YPRO,$23.0316,1440609307341,800,100% bearish,of 1 rating,N/A
MULT,NULL,1440609307370,0,100% bearish,of 1 rating,N/A
AEIS,$23.5,1440609307392,"58,507",50% bullish,of 2 ratings,$32.50
AEGR,$17.0299,1440609307424,"103,741",50% bullish,of 6 ratings,$26
AEGN,$17.575,1440609307445,"37,869",100% bearish,of 2 ratings,$21
AEHR,NULL,1440609307579,0,50% bullish,of 2 ratings,N/A
AERI,$15.315,1440609307747,"137,609",75% bullish,of 4 ratings,$31.50
AEPI,$53.28,1440609307830,"4,272",100% bearish,of 1 rating,N/A
AVAV,$23.0249,1440609307926,"29,422",50% bullish,of 4 ratings,$31
AMTX,$2.47,1440609307957,"11,252",50% bullish,of 2 ratings,$26.11
AEZS,$0.086,1440609307986,"2,219,720",90% bullish,of 21 ratings,$1.50
AFMD,$9.0701,1440609308059,"100,587",50% bullish,of 4 ratings,$15
AEMD,$6.94,1440609308093,"4,930",Not yet rated,NULL,$27.50
AGEN,$6.43,1440609308188,"459,559",85% bullish,of 13 ratings,$14
AFFX,$8.95,1440609308215,"117,349",80% bullish,of 5 ratings,$12
AGRX,$8.14,1440609308241,"4,499",100% bearish,of 1 rating,$17.50
AGFS,$9.91,1440609308372,"12,821",100% bearish,of 1 rating,N/A
AGYS,$9.54,1440609308402,"7,200",100% bearish,of 1 rating,N/A
AGIO,$82.41,1440609308457,"170,208",88% bullish,of 8 ratings,$114
AGFSW,$1.86,1440609308503,"4,703",100% bearish,of 2 ratings,N/A
AIMT,$20.95,1440609308563,"101,720",Not yet rated,NULL,N/A
AIRT,$21.23,1440609308788,711,100% bullish,of 1 rating,N/A
AIRM,$34.77,1440609308813,"85,803",80% bearish,of 5 ratings,$53
AKBA,$6.08,1440609308940,"67,973",100% bearish,of 1 rating,$18
AMCN,$4.38,1440609308970,"420,502",83% bullish,of 6 ratings,N/A
AIXG,$5.702,1440609308992,"13,286",67% bearish,of 3 ratings,$5.25
AKER,$2.5,1440609309026,"33,700",Not yet rated,NULL,N/A
ATSG,$8.57,1440609309078,"79,512",67% bullish,of 3 ratings,$13
AKRX,$37.67,1440609309133,"356,912",78% bullish,of 9 ratings,$56
AKAM,$65.95,1440609309320,"549,555",63% bullish,of 8 ratings,$77
ALSK,$2.02,1440609309365,"51,712",78% bullish,of 18 ratings,$2
AMRI,$19.56,1440609309396,"168,761",75% bearish,of 4 ratings,$24
ALRM,$15.76,1440609309417,"67,235",100% bearish,of 1 rating,$22
ABDC,$11.71,1440609309499,"33,419",Not yet rated,NULL,$15
ADHD,$7.8575,1440609309609,"65,907",50% bullish,of 4 ratings,$18
ALDR,$36.97,1440609309713,"160,939",67% bearish,of 3 ratings,$62
ALDX,$6.64,1440609309746,"7,459",100% bearish,of 1 rating,$14.50
ALXN,$166.925,1440609309777,"405,379",88% bullish,of 8 ratings,$223
ALCO,$40.715,1440609309846,"3,670",50% bullish,of 2 ratings,N/A
ALXA,$1.11,1440609309871,"11,469",83% bullish,of 6 ratings,$2.125
ALGN,$55.065,1440609310004,"171,563",100% bearish,of 2 ratings,$73
ALIM,$3.11,1440609310031,"24,239",80% bullish,of 5 ratings,$10
ALKS,$57.078,1440609310160,"228,400",67% bullish,of 3 ratings,$75
ALGT,$209.11,1440609310193,"36,189",100% bearish,of 2 ratings,$235
ALLB,$22.5,1440609310255,300,Not yet rated,NULL,N/A
AIQ,$13.06,1440609310295,"10,622",67% bullish,of 3 ratings,N/A
AFOP,$18.16,1440609310354,"55,384",75% bullish,of 8 ratings,$21
ARLP,$24.2182,1440609310424,"47,697",67% bearish,of 3 ratings,$32
AHGP,$34.32,1440609310484,"21,975",67% bullish,of 3 ratings,N/A
AHPI,NULL,1440609310567,0,50% bullish,of 2 ratings,N/A
AMOT,$18.15,1440609310613,"34,899",100% bearish,of 1 rating,N/A
ALQA,$4.24,1440609310747,"6,387",75% bullish,of 4 ratings,$8.50
ALLT,$4.91,1440609310822,"35,785",75% bullish,of 4 ratings,$6.25
MDRX,$13.09,1440609310849,"722,671",60% bullish,of 5 ratings,$16
AFAM,$44.38,1440609310901,"29,203",50% bullish,of 2 ratings,$44
ALNY,$96.615,1440609310950,"166,506",67% bullish,of 3 ratings,$148.50
SMCP,NULL,1440609311104,0,Not yet rated,NULL,N/A
AOSL,$7.24,1440609311133,"32,251",67% bullish,of 3 ratings,$9
ALTR,$46.73,1440609311160,"676,937",80% bearish,of 5 ratings,$54
ATEC,$0.58,1440609311185,"119,442",100% bullish,of 1 rating,$2
ASPS,$24.93,1440609311324,"107,218",67% bullish,of 3 ratings,$46.50
AMRN,$1.8601,1440609311395,"485,276",85% bullish,of 39 ratings,$8
AIMC,$24.34,1440609311425,"22,203",100% bearish,of 2 ratings,$28.50
AMAG,$60.38,1440609311452,"156,084",100% bullish,of 2 ratings,$77.50
AMRK,$10.36,1440609311532,470,50% bullish,of 2 ratings,$14
AYA,$19.48,1440609311659,"9,098",100% bearish,of 1 rating,$40
AMZN,$482.9399,1440609311742,"1,720,156",81% bullish,of 264 ratings,$646
AMBA,$85.6,1440609311769,"973,099",83% bullish,of 12 ratings,$102.50
AMBC,$15.27,1440609311830,"78,851",100% bearish,of 1 rating,$16.50
AMBCW,$7,1440609311910,"3,000",100% bearish,of 1 rating,N/A
EPAX,$2.69,1440609311940,"42,721",100% bearish,of 1 rating,N/A
DOX,$55.35,1440609311968,"288,255",67% bearish,of 3 ratings,$60
AMCX,$69.25,1440609311989,"388,061",67% bullish,of 3 ratings,$87.50
AMED,$37.47,1440609312165,"56,849",100% bearish,of 1 rating,$42
AMDA,$0.465,1440609312190,"632,756",90% bullish,of 10 ratings,$1
ASBI,$22,1440609312389,"2,400",Not yet rated,NULL,N/A
UHAL,$363.02,1440609312414,"5,590",100% bullish,of 2 ratings,$393.50
AMOV,$17.162,1440609312441,"3,515",100% bearish,of 1 rating,N/A
ATAX,$5.09,1440609312479,"74,609",100% bullish,of 1 rating,$6.50
AGNC,$19.3,1440609312571,"1,662,611",71% bullish,of 28 ratings,$22
AAL,$37.464,1440609312597,"4,025,083",93% bullish,of 88 ratings,$57
AGNCB,$24.12,1440609312627,"5,700",Not yet rated,NULL,N/A
AGNCP,$25.32,1440609312653,"2,800",Not yet rated,NULL,N/A
MTGE,$15.33,1440609312784,"112,923",75% bullish,of 4 ratings,$19.50
MTGEP,$24.69,1440609312852,300,Not yet rated,NULL,N/A
ACSF,$12.0499,1440609312948,"9,182",100% bearish,of 1 rating,$15
AETI,$3.75,1440609312973,116,67% bearish,of 3 ratings,N/A
ACAS,$13.14,1440609313030,"643,657",60% bullish,of 5 ratings,$16.75
ANCI,$1.53,1440609313059,"2,800",100% bearish,of 1 rating,N/A
AMIC,NULL,1440609313166,0,Not yet rated,NULL,N/A
AMNB,$22.73,1440609313273,"3,017",Not yet rated,NULL,$25.50
APEI,$20.95,1440609313340,"14,411",100% bearish,of 1 rating,$25.50
ANAT,$98.38,1440609313370,"13,670",100% bullish,of 1 rating,N/A
ARII,$37.91,1440609313406,"91,458",67% bearish,of 3 ratings,$45
AMSC,$4,1440609313472,"74,335",50% bullish,of 4 ratings,N/A
ASEI,$36.84,1440609313510,"11,955",100% bearish,of 1 rating,$52.50
AMRB,$9.96,1440609313531,"4,604",Not yet rated,NULL,$11
AMSWA,$8.55,1440609313604,"8,456",100% bearish,of 2 ratings,$10.75
AMWD,$63.8725,1440609313731,"71,385",50% bullish,of 2 ratings,$70
CRMT,$36.335,1440609313830,"11,850",100% bearish,of 1 rating,$39
ABCB,$26.115,1440609313917,"35,019",Not yet rated,NULL,$31
ASRVP,NULL,1440609313999,0,Not yet rated,NULL,N/A
AMSF,$46.85,1440609314030,"15,481",Not yet rated,NULL,$57.50
ASRV,$3.2,1440609314056,"21,904",100% bullish,of 2 ratings,N/A
ATLO,$23.35,1440609314128,"1,764",Not yet rated,NULL,N/A
AMGN,$149.1,1440609314197,"1,500,387",89% bullish,of 19 ratings,$185
AMKR,$4.55,1440609314226,"741,685",100% bearish,of 2 ratings,$5
AMPH,$13.153,1440609314247,"77,180",50% bullish,of 2 ratings,$20
FOLD,$13.49,1440609314378,"496,945",56% bullish,of 9 ratings,$21
AMSG,$77.7,1440609314478,"160,274",100% bearish,of 1 rating,$85.50
AMSGP,NULL,1440609314507,0,Not yet rated,NULL,N/A
AFSI,$57.11,1440609314533,"237,228",60% bullish,of 5 ratings,$72
ASYS,$4.94,1440609314607,"19,410",67% bullish,of 3 ratings,$12
AMRS,$1.5917,1440609314741,"41,526",70% bullish,of 10 ratings,N/A
ALOG,$77.96,1440609314921,"19,141",100% bearish,of 2 ratings,$100.50
ADI,$51.64,1440609314955,"806,482",67% bullish,of 3 ratings,$69
ANAC,$125.59,1440609314981,"123,578",80% bullish,of 5 ratings,$180.50
ANAD,$0.3426,1440609315054,"145,926",100% bullish,of 2 ratings,$.50
ABCW,$38.58,1440609315082,"4,788",67% bullish,of 3 ratings,N/A
ANCB,$22.45,1440609315224,900,Not yet rated,NULL,$23
AMCF,$0.2481,1440609315262,"1,800",100% bullish,of 7 ratings,N/A
ANGI,$4.71,1440609315325,"146,615",64% bullish,of 11 ratings,$5.50
ANIP,$48.1,1440609315358,"58,611",89% bullish,of 19 ratings,$66
ANGO,$14.58,1440609315460,"10,509",67% bullish,of 3 ratings,$19
ANIK,$33.8,1440609315487,"25,970",60% bullish,of 5 ratings,$51.25
ATRS,$1.65,1440609315678,"339,937",92% bullish,of 12 ratings,$4.50
ANSS,$86.765,1440609315733,"137,663",100% bearish,of 1 rating,$100
ANTH,$6.56,1440609315760,"379,780",80% bullish,of 10 ratings,$13
ABAC,$0.7,1440609315837,600,100% bearish,of 1 rating,N/A
APIC,$5.975,1440609315968,"42,203",100% bearish,of 1 rating,$19
ATNY,$2.32,1440609315998,"8,100",50% bullish,of 2 ratings,$3.75
APOG,$48.69,1440609316026,"73,534",50% bullish,of 2 ratings,$67
APOL,$10.67,1440609316099,"496,700",87% bearish,of 68 ratings,$14
AINV,$6.348,1440609316159,"394,889",50% bullish,of 4 ratings,$8
APPF,$16.3,1440609316184,"18,505",50% bullish,of 2 ratings,$22
ARCI,NULL,1440609316313,0,Not yet rated,NULL,N/A
AAPL,$106.1152,1440609316399,"27,844,897",86% bullish,of 2349 ratings,$150
APDN,$3.15,1440609316530,"19,165",Not yet rated,NULL,$9
APDNW,$1.2282,1440609316556,400,Not yet rated,NULL,N/A
AGTC,$14.6499,1440609316690,"43,232",50% bullish,of 2 ratings,$33
AMCC,$5.3401,1440609316732,"171,973",80% bullish,of 5 ratings,$8
AREX,$1.7288,1440609316769,"239,246",100% bearish,of 1 rating,$3
AMAT,$14.83,1440609316818,"9,690,624",82% bullish,of 11 ratings,$23
AAOI,$19.04,1440609316905,"79,757",50% bullish,of 4 ratings,$26
APRI,$1.1899,1440609316936,"38,714",83% bullish,of 6 ratings,$4.86
APTO,$4.7212,1440609317000,806,Not yet rated,NULL,$17
AQMS,$4.96,1440609317033,"14,217",Not yet rated,NULL,N/A
AQXP,$17.99,1440609317181,"131,208",50% bullish,of 2 ratings,$2
AUMA,NULL,1440609317287,0,Not yet rated,NULL,N/A
AUMAU,NULL,1440609317312,0,Not yet rated,NULL,N/A
AUMAW,NULL,1440609317459,0,Not yet rated,NULL,N/A
ARDM,$6.95,1440609317558,202,100% bullish,of 1 rating,$26
ABIO,$0.8637,1440609317625,"59,105",50% bullish,of 2 ratings,$3.75
ARCW,$3.51,1440609317654,"11,001",100% bearish,of 2 ratings,$10.50
ABUS,$6.525,1440609317683,"153,186",86% bullish,of 14 ratings,$23
PETX,$16.78,1440609317704,"224,287",100% bearish,of 2 ratings,$26
RKDA,$5.855,1440609317758,"5,141",100% bearish,of 2 ratings,$10
ARCB,$27.545,1440609317857,"103,029",67% bearish,of 3 ratings,$39.50
ACGL,$67.015,1440609317967,"77,685",50% bullish,of 2 ratings,$72
ARNA,$2.59,1440609318102,"1,202,904",90% bullish,of 77 ratings,$5.50
ACAT,$25.06,1440609318129,"33,176",100% bearish,of 3 ratings,$33
ARDX,$17.355,1440609318174,"48,730",50% bullish,of 2 ratings,$24.50
ARCC,$14.815,1440609318198,"837,079",67% bearish,of 3 ratings,$17.875
AGII,$55.6,1440609318399,"36,703",Not yet rated,NULL,$59.50
ARIS,$3.8543,1440609318425,"114,680",Not yet rated,NULL,$4.50
ARGS,$6.17,1440609318476,"20,650",50% bullish,of 2 ratings,$19.50
AGIIL,$25.5,1440609318501,"8,383",Not yet rated,NULL,N/A
ARIA,$6.34,1440609318553,"1,448,969",87% bullish,of 46 ratings,$9
ARMH,$40.39,1440609318581,"2,816,543",54% bearish,of 13 ratings,$61
ARKR,$24.5,1440609318658,500,50% bullish,of 2 ratings,N/A
ARWA,NULL,1440609318723,0,Not yet rated,NULL,N/A
ARTX,$1.34,1440609318799,"152,616",88% bullish,of 16 ratings,$4.50
ARWAR,$0.27,1440609318936,800,Not yet rated,NULL,N/A
ARWAU,NULL,1440609319042,0,100% bullish,of 1 rating,N/A
ARQL,$1.62,1440609319150,"103,039",75% bullish,of 4 ratings,$5
ARWAW,NULL,1440609319181,0,Not yet rated,NULL,N/A
ARRY,$5.43,1440609319202,"608,009",100% bullish,of 7 ratings,$10
ARRS,$25.06,1440609319282,"315,194",50% bullish,of 2 ratings,$38
ARWR,$5.25,1440609319352,"335,559",75% bullish,of 4 ratings,$10.50
AROW,$26.89,1440609319496,"7,029",Not yet rated,NULL,N/A
DWAT,$9.607,1440609319520,915,100% bearish,of 1 rating,N/A
ARTNA,$21.97,1440609319570,"6,597",100% bearish,of 1 rating,$29
ASNA,$10.96,1440609319674,"969,826",50% bullish,of 2 ratings,$18
ARTW,$4.396,1440609319707,"3,518",75% bearish,of 4 ratings,N/A
ASBB,$24.74,1440609319727,74,Not yet rated,NULL,N/A
ASND,$19.43,1440609319806,"64,954",100% bullish,of 1 rating,$30
ASCMA,$26.79,1440609319862,"16,743",100% bearish,of 1 rating,$45
ASTI,$0.1101,1440609319951,"880,923",83% bullish,of 6 ratings,$3
ASMI,NULL,1440609319993,0,NULL,NULL,NULL
APWC,$1.81,1440609320131,200,100% bearish,of 1 rating,N/A
AZPN,$36.51,1440609320335,"178,725",50% bullish,of 2 ratings,$42
ASML,$86.55,1440609320370,"359,411",50% bullish,of 4 ratings,$127
ASFI,$8.815,1440609320398,"9,917",100% bullish,of 1 rating,N/A
ASMB,$12.27,1440609320424,"17,168",67% bullish,of 3 ratings,N/A
ASTE,$36.37,1440609320463,"15,300",100% bearish,of 1 rating,$48
ALOT,$12.59,1440609320495,"17,397",100% bearish,of 1 rating,N/A
ATRO,$49.5,1440609320595,"53,706",100% bearish,of 2 ratings,$80
ASUR,$5.5,1440609320698,"8,400",50% bullish,of 2 ratings,$8
ASTC,$1.9,1440609320764,"14,264",100% bullish,of 5 ratings,N/A
ATRA,$38.4,1440609320918,"30,917",50% bullish,of 2 ratings,$68
ATAI,$2.34,1440609320943,"2,650",100% bearish,of 1 rating,N/A
AFCB,$27.3,1440609320968,100,Not yet rated,NULL,N/A
ATHN,$128.69,1440609320996,"54,255",67% bearish,of 3 ratings,$153
AAPC,NULL,1440609321228,0,Not yet rated,NULL,N/A
ATNI,$70.05,1440609321292,"14,907",100% bearish,of 1 rating,$69.50
ATHX,$1.08,1440609321322,"79,596",89% bullish,of 9 ratings,$5
ATLC,$3.7,1440609321359,"9,262",67% bullish,of 3 ratings,N/A
AAME,$3.6,1440609321426,798,Not yet rated,NULL,N/A
ACFC,$5.661,1440609321455,"69,188",Not yet rated,NULL,$6.50
AFH,$16.2,1440609321501,"21,846",Not yet rated,NULL,$21.50
ATML,$7.49,1440609321560,"3,089,855",78% bullish,of 9 ratings,$9.50
AAWW,$38.98,1440609321715,"79,847",50% bullish,of 2 ratings,$65
ATOS,$0.74,1440609321742,"54,709",100% bullish,of 7 ratings,$7
ATRC,$24.95,1440609321901,"52,050",100% bullish,of 1 rating,$30
LIFE,$13.8,1440609322004,"18,708",86% bullish,of 7 ratings,$43
ATTU,$13.3,1440609322029,"31,006",100% bearish,of 1 rating,$20.50
ATRI,$371.85,1440609322058,824,Not yet rated,NULL,N/A
AUBN,$27.699,1440609322169,"1,596",Not yet rated,NULL,N/A
ATRM,$2.83,1440609322197,500,50% bullish,of 2 ratings,N/A
EARS,$4.64,1440609322404,"4,159",100% bearish,of 2 ratings,$11.50
ABTL,$16.73,1440609322431,"28,432",100% bullish,of 4 ratings,$20.25
AUPH,$3.05,1440609322491,"2,800",100% bearish,of 1 rating,$8
AUDC,$3.09,1440609322519,"15,953",80% bullish,of 5 ratings,$5
ADAT,$0.34,1440609322540,"1,382,002",100% bullish,of 2 ratings,N/A
ADP,$75.64,1440609322571,"1,050,460",100% bearish,of 1 rating,$88
ADSK,$48.46,1440609322790,"706,407",67% bullish,of 6 ratings,$69.50
AVGO,$112.66,1440609322820,"1,152,700",88% bullish,of 8 ratings,$165
AVNU,$12.21,1440609322927,"4,386",Not yet rated,NULL,$14
AAVL,$10.05,1440609322958,"122,324",100% bearish,of 1 rating,$20
AVNW,$1.16,1440609322985,"10,596",50% bullish,of 2 ratings,$2.20
AVEO,$1.24,1440609323131,"427,953",75% bullish,of 8 ratings,$3
AVGR,$14.26,1440609323226,"9,138",100% bearish,of 1 rating,$20
CAR,$39.58,1440609323298,"1,308,934",80% bullish,of 5 ratings,$60
AWRE,$3.0701,1440609323359,"6,178",67% bullish,of 3 ratings,N/A
AVID,$7.92,1440609323384,"96,476",100% bearish,of 1 rating,$20
AXPWW,$0.8999,1440609323427,400,Not yet rated,NULL,N/A
ACLS,$3.05,1440609323453,"170,086",67% bullish,of 6 ratings,$4.75
AXPW,$1.0401,1440609323589,"33,797",83% bullish,of 6 ratings,N/A
AXGN,$3.77,1440609323692,"6,146",Not yet rated,NULL,$5
AXTI,$2.15,1440609323822,"49,935",50% bullish,of 2 ratings,$2.75
BCOM,$19.36,1440609323875,"2,130",100% bearish,of 1 rating,N/A
BEAV,$45.82,1440609323914,"320,603",67% bearish,of 3 ratings,$59
RILY,$9.9999,1440609323953,"1,696",Not yet rated,NULL,N/A
BWINA,NULL,1440609324088,0,Not yet rated,NULL,N/A
BOSC,$2.26,1440609324113,544,50% bullish,of 2 ratings,N/A
BIDU,$137.9,1440609324146,"3,103,803",81% bullish,of 88 ratings,$210
BWINB,$22.6799,1440609324172,"5,533",Not yet rated,NULL,N/A
BLDP,$1.1798,1440609324247,"315,213",91% bullish,of 22 ratings,$2.50
BCPC,$55.84,1440609324309,"41,243",100% bearish,of 1 rating,$75
BANF,$58.7399,1440609324387,"2,610",Not yet rated,NULL,$68
BANFP,NULL,1440609324449,0,Not yet rated,NULL,N/A
BOCH,$5.72,1440609324475,"5,920",Not yet rated,NULL,$6.50
BKMU,$6.81,1440609324558,"15,651",Not yet rated,NULL,$8
BMRC,$47.75,1440609324608,"6,625",Not yet rated,NULL,$52
OZRK,$40.33,1440609324774,"204,530",67% bullish,of 3 ratings,$49.50
BOTJ,NULL,1440609324800,0,Not yet rated,NULL,N/A
BKSC,$15.7155,1440609324821,903,Not yet rated,NULL,N/A
BWFG,$18,1440609324859,"1,500",100% bearish,of 1 rating,N/A
BFIN,$11.742,1440609324959,"4,164",Not yet rated,NULL,$13
BZUN,$4.4427,1440609324989,"121,993",50% bullish,of 2 ratings,$11.50
BANR,$42.66,1440609325113,"10,071",100% bullish,of 3 ratings,$50
TAPR,$32.26,1440609325140,"4,467",100% bearish,of 1 rating,N/A
BHACU,NULL,1440609325196,0,Not yet rated,NULL,N/A
BHACR,NULL,1440609325291,0,Not yet rated,NULL,N/A
BHAC,NULL,1440609325322,0,Not yet rated,NULL,N/A
BHACW,NULL,1440609325496,0,Not yet rated,NULL,N/A
BYBK,$5,1440609325525,375,100% bearish,of 1 rating,N/A
BSET,$28.75,1440609325556,"12,958",100% bearish,of 1 rating,$35
BBSI,$32.77,1440609325582,"36,910",67% bearish,of 3 ratings,$62.50
BYLK,$12.65,1440609325628,300,Not yet rated,NULL,$14
BV,$4.95,1440609325653,"122,409",67% bullish,of 6 ratings,$9
BCBP,NULL,1440609325782,0,Not yet rated,NULL,N/A
BBCN,$14.015,1440609325809,"79,758",100% bearish,of 1 rating,$16
BECN,$34,1440609325964,"152,975",50% bullish,of 2 ratings,$40
BDCV,$4.73,1440609325989,"28,478",100% bearish,of 1 rating,$10.19
BSF,$8.24,1440609326037,"3,023",Not yet rated,NULL,N/A
BELFA,$14.71,1440609326229,"2,207",100% bearish,of 1 rating,N/A
BEBE,$1.7,1440609326256,"37,829",75% bullish,of 4 ratings,$3.075
BELFB,$17.8,1440609326332,"8,266",100% bearish,of 1 rating,N/A
BLPH,$5.18,1440609326402,"18,427",100% bearish,of 1 rating,$12.50
BNCL,$12.335,1440609326501,"164,847",100% bullish,of 3 ratings,$12.50
BBBY,$60.09,1440609326533,"838,109",71% bullish,of 7 ratings,$75
BBGI,$4.08,1440609326556,100,100% bearish,of 1 rating,N/A
BNTC,$7.9,1440609326585,"14,161",100% bullish,of 1 rating,N/A
BNFT,$34.14,1440609326615,"54,048",67% bullish,of 3 ratings,$46
BLCM,$15.575,1440609326745,"65,597",50% bullish,of 4 ratings,$40
BGMD,$0.755,1440609326770,"5,650",100% bullish,of 10 ratings,N/A
BGCP,$8.445,1440609326967,"481,115",88% bullish,of 8 ratings,$14
BIND,$4.2099,1440609327027,"34,220",75% bullish,of 4 ratings,$13.50
BGFV,$10.4301,1440609327052,"34,431",57% bullish,of 7 ratings,$12
BIOC,$1.8506,1440609327115,"168,778",83% bullish,of 6 ratings,$3.85
ORPN,$5.27,1440609327192,"3,991",100% bullish,of 1 rating,$28.50
BIOD,$0.6578,1440609327331,"34,834",80% bullish,of 5 ratings,$4
BCDA,NULL,1440609327358,0,Not yet rated,NULL,N/A
BASI,$1.64,1440609327385,"3,202",Not yet rated,NULL,N/A
BDSI,$6.19,1440609327587,"397,666",88% bullish,of 8 ratings,$17
BIOL,$1.38,1440609327626,"21,334",Not yet rated,NULL,N/A
BLRX,$1.3,1440609327655,"62,740",100% bullish,of 12 ratings,$5
BCRX,$10.56,1440609327676,"166,220",63% bullish,of 8 ratings,$18
BIIB,$286.26,1440609327760,"878,873",88% bullish,of 16 ratings,$400
BLFS,$1.9801,1440609327886,"1,973",100% bearish,of 1 rating,$4.75
BMRN,$121.77,1440609327983,"298,416",80% bullish,of 5 ratings,$160
BRLI,NULL,1440609328011,0,NULL,NULL,NULL
BVXV,$3.3,1440609328039,"2,200",Not yet rated,NULL,N/A
BIOS,$2.17,1440609328086,"559,084",71% bullish,of 7 ratings,$4
BPTH,$1.03,1440609328111,"16,978",100% bullish,of 2 ratings,$5
BBC,$28.82,1440609328293,"10,858",Not yet rated,NULL,N/A
BVXVW,NULL,1440609328386,0,100% bearish,of 1 rating,N/A
BBP,$30.34,1440609328434,"5,543",Not yet rated,NULL,N/A
BSPM,$0.64,1440609328465,"14,548",50% bullish,of 2 ratings,N/A
BSTC,$46.38,1440609328567,"14,423",100% bearish,of 1 rating,$76
BOTA,$2.12,1440609328637,"24,472",88% bullish,of 8 ratings,N/A
TECH,$94.03,1440609328815,"56,045",100% bullish,of 1 rating,$117
BBOX,$14.9,1440609328920,"26,732",100% bearish,of 1 rating,N/A
BDMS,NULL,1440609328955,0,100% bearish,of 1 rating,N/A
BEAT,$13.86,1440609328982,"293,445",67% bearish,of 3 ratings,$15
BITI,$17,1440609329022,"6,252",100% bullish,of 1 rating,$28
BLKB,$57.745,1440609329048,"38,322",100% bearish,of 2 ratings,$66
BDE,$7.1,1440609329077,"21,780",50% bullish,of 2 ratings,$9
BJRI,$43.45,1440609329105,"82,515",50% bullish,of 2 ratings,$55
BBRY,$6.635,1440609329272,"1,859,240",61% bullish,of 330 ratings,$9
HAWK,$39.26,1440609329369,"309,506",91% bullish,of 11 ratings,$49
ADRA,$26.41,1440609329504,765,100% bearish,of 1 rating,N/A
ADRE,$28.472,1440609329536,"6,281",100% bearish,of 1 rating,N/A
ADRU,$21.52,1440609329562,346,100% bearish,of 1 rating,N/A
ADRD,$21.3799,1440609329589,"7,784",100% bearish,of 1 rating,N/A
BKCC,$9.05,1440609329610,"153,570",100% bullish,of 2 ratings,$10
BLMN,$19.29,1440609329743,"354,738",83% bullish,of 6 ratings,$27.50
BBLU,$0.7644,1440609329968,"58,114",100% bullish,of 2 ratings,$4.43
BCOR,$13.295,1440609330045,"58,310",57% bullish,of 7 ratings,$15
BHBK,$13.892,1440609330070,"60,772",100% bullish,of 1 rating,$14.50
BUFF,$26.02,1440609330095,"88,622",83% bullish,of 12 ratings,$31.50
BLUE,$124.284,1440609330124,"232,687",71% bullish,of 7 ratings,$217.50
BLBD,$11.99,1440609330154,"14,935",Not yet rated,NULL,N/A
NILE,$32.12,1440609330258,"55,405",50% bullish,of 2 ratings,$34
BKEPP,$7.01,1440609330440,"39,177",100% bearish,of 1 rating,N/A
BKEP,$5.81,1440609330465,"22,828",100% bearish,of 1 rating,$8.50
BPMC,$25.8,1440609330493,"58,922",50% bullish,of 2 ratings,$47.50
BNCN,$19.88,1440609330627,"19,042",Not yet rated,NULL,$24
BOBE,$42.65,1440609330654,"45,600",75% bullish,of 4 ratings,$57
BOJA,$20.77,1440609330680,"68,623",100% bullish,of 1 rating,$30
BOFI,$117.99,1440609330705,"66,975",100% bullish,of 6 ratings,$144
BOKF,$58.01,1440609330894,"105,425",100% bearish,of 1 rating,$69
WIFI,$7.32,1440609330941,"113,020",50% bullish,of 2 ratings,$13.50
BONA,$11.439,1440609331072,"52,450",75% bullish,of 4 ratings,$8.50
BNSO,$1.3341,1440609331159,240,100% bearish,of 1 rating,N/A
BAMM,$3.2,1440609331185,"1,651",60% bullish,of 5 ratings,N/A
BPFH,$11.57,1440609331232,"146,889",100% bearish,of 1 rating,$14
BPFHW,$5,1440609331257,"1,100",100% bearish,of 1 rating,N/A
EPAY,$24.58,1440609331326,"36,852",100% bearish,of 2 ratings,$30
BPFHP,NULL,1440609331353,0,100% bearish,of 1 rating,N/A
BCLI,$2.85,1440609331520,"16,032",80% bullish,of 5 ratings,$12
BDBD,$7.975,1440609331562,"200,052",60% bullish,of 5 ratings,$10
BBRG,$12.29,1440609331651,"34,924",67% bullish,of 3 ratings,$14.50
BDGE,$26.4,1440609331826,"5,467",Not yet rated,NULL,$31.75
BLIN,NULL,1440609331858,0,50% bullish,of 2 ratings,$2.20
BBEPP,$12.7995,1440609331879,"10,631",100% bearish,of 1 rating,N/A
BCOV,$5.08,1440609331911,"24,866",67% bullish,of 3 ratings,$10.20
BBEP,$2.5,1440609331968,"697,131",69% bullish,of 13 ratings,$5.625
BRID,NULL,1440609332046,0,100% bearish,of 1 rating,N/A
BSFT,$29.8,1440609332275,"57,160",57% bullish,of 7 ratings,$40.50
BYFC,$1.38,1440609332312,900,50% bullish,of 2 ratings,N/A
BWEN,$3.1899,1440609332339,"7,700",100% bullish,of 3 ratings,$8
BVSN,$5.7,1440609332360,"1,501",60% bearish,of 5 ratings,N/A
BRCM,$48.93,1440609332404,"2,289,741",75% bullish,of 12 ratings,$56
BRCD,$10.27,1440609332538,"2,517,187",92% bullish,of 13 ratings,$11.50
BRKL,$10.4,1440609332564,"54,793",100% bearish,of 1 rating,$10.75
BRKR,$18.27,1440609332723,"74,160",100% bearish,of 2 ratings,$22
BRKS,$10,1440609332756,"22,694",67% bullish,of 3 ratings,$15.25
BSQR,$5.83,1440609332851,"13,794",67% bullish,of 3 ratings,N/A
BLMT,$20.55,1440609332881,737,Not yet rated,NULL,N/A
BMTC,$28.38,1440609332910,"45,632",Not yet rated,NULL,$34
BWLD,$188.52,1440609332977,"125,964",82% bullish,of 11 ratings,$205
BLDR,$13.4,1440609333009,"476,025",50% bullish,of 2 ratings,$22
CFFI,NULL,1440609333076,0,100% bearish,of 1 rating,N/A
BUR,$1.8,1440609333177,"7,251",100% bearish,of 1 rating,$8
CHRW,$65.9,1440609333307,"535,831",Not yet rated,NULL,$72
CDNS,$18.9,1440609333439,"583,941",75% bullish,of 4 ratings,$22.50
CCMP,$42.2,1440609333465,"26,618",50% bullish,of 2 ratings,$59
CA,$26.13,1440609333498,"1,046,627",50% bullish,of 4 ratings,$33
CZR,$8.5225,1440609333595,"205,408",60% bearish,of 5 ratings,$10.50
CACQ,$6.9399,1440609333623,"9,217",100% bearish,of 1 rating,$12.25
PRSS,$4.44,1440609333753,"3,599",80% bullish,of 5 ratings,$4.50
CDZI,$7.65,1440609333780,"30,112",100% bearish,of 1 rating,N/A
CSTE,$38.5,1440609333801,"419,040",100% bearish,of 1 rating,$65
CLMS,$10.22,1440609333941,"26,228",Not yet rated,NULL,$10.50
CLBS,$1.29,1440609333973,"54,167",79% bullish,of 14 ratings,$4
CHY,$10.9749,1440609334074,"148,757",Not yet rated,NULL,N/A
CHI,$10.2327,1440609334101,"203,444",100% bearish,of 1 rating,N/A
CFGE,NULL,1440609334231,0,Not yet rated,NULL,N/A
CCD,$18.56,1440609334258,"281,080",Not yet rated,NULL,N/A
CHW,$7.3499,1440609334391,"87,904",100% bearish,of 1 rating,N/A
CGO,$11.72,1440609334418,"18,462",100% bearish,of 1 rating,N/A
CAMP,$15.45,1440609334498,"123,554",88% bullish,of 8 ratings,$25
CSQ,$9.4308,1440609334627,"231,011",Not yet rated,NULL,N/A
CFNB,NULL,1440609334663,0,100% bearish,of 1 rating,N/A
CALA,$4.63,1440609334695,"225,630",100% bullish,of 3 ratings,$19.50
CALM,$47.58,1440609334795,"317,197",80% bullish,of 5 ratings,$65
CVGW,$57.27,1440609334821,"89,565",50% bullish,of 2 ratings,$58.50
CALD,$15.19,1440609334848,"143,927",100% bearish,of 1 rating,$20.50
CLMT,$24.63,1440609334998,"110,924",75% bullish,of 8 ratings,$31
ABCD,$4.92,1440609335024,"29,626",83% bullish,of 6 ratings,N/A
CAMBU,NULL,1440609335191,0,100% bearish,of 1 rating,N/A
CAMBW,NULL,1440609335216,0,Not yet rated,NULL,N/A
CAMB,$10.05,1440609335237,200,Not yet rated,NULL,N/A
CAMT,$2.58,1440609335371,"17,962",73% bullish,of 11 ratings,$4
CSIQ,$16.56,1440609335508,"1,410,763",86% bullish,of 28 ratings,$42.50
CAC,$39.42,1440609335534,"1,324",Not yet rated,NULL,N/A
CGIX,$9.6099,1440609335560,"26,679",67% bullish,of 3 ratings,$14.375
CPLA,$47.33,1440609335585,"22,504",67% bearish,of 3 ratings,$65
CPHC,NULL,1440609335610,0,100% bearish,of 1 rating,N/A
CBNJ,$10.8999,1440609335752,"23,311",100% bullish,of 1 rating,N/A
CBF,$28.43,1440609335780,"73,642",Not yet rated,NULL,$32
CCBG,$14.79,1440609335801,"2,180",Not yet rated,NULL,$17.25
CFFN,$11.765,1440609336133,"319,755",Not yet rated,NULL,$12.75
CSWC,$44.77,1440609336164,"8,914",Not yet rated,NULL,N/A
CAPN,$1.68,1440609336270,"46,810",100% bullish,of 1 rating,$10.85
CAPNW,$0.49,1440609336298,"8,600",Not yet rated,NULL,N/A
CPTA,$13.54,1440609336402,"41,043",100% bearish,of 1 rating,$18.50
CAPR,$4.0104,1440609336485,"19,753",Not yet rated,NULL,$12
CARA,$17.3,1440609336620,"219,563",50% bullish,of 4 ratings,$25
CPLP,$6.38,1440609336658,"272,780",71% bullish,of 7 ratings,$11
CPST,$0.354,1440609336687,"327,133",95% bullish,of 22 ratings,$1.25
CBYL,$5.18,1440609336714,"3,411",100% bearish,of 1 rating,$20
CARB,$10.92,1440609336735,"47,228",75% bullish,of 4 ratings,$12
CRME,$8.54,1440609336878,"6,304",89% bullish,of 9 ratings,$11.25
CFNL,$21.52,1440609336910,"28,862",Not yet rated,NULL,$24
CRDC,$0.36,1440609336965,"67,232",100% bullish,of 1 rating,$1.25
CATM,$33.51,1440609337114,"37,537",100% bearish,of 1 rating,$44
CSII,$22.613,1440609337229,"57,729",100% bearish,of 2 ratings,$42.125
CECO,$3.42,1440609337339,"117,539",67% bearish,of 3 ratings,$6
CKEC,$22.22,1440609337365,"59,697",50% bullish,of 2 ratings,$35.915
CLBH,$12.52,1440609337391,"2,699",Not yet rated,NULL,$16.50
CDNA,$6.5,1440609337412,"3,900",100% bearish,of 1 rating,$9
CARO,$15.061,1440609337556,250,100% bearish,of 1 rating,$19
CTRE,$11.41,1440609337607,"74,817",50% bullish,of 2 ratings,$13.50
CRZO,$28.255,1440609337687,"344,677",67% bearish,of 3 ratings,$55.50
CRTN,$2.51,1440609337824,500,100% bearish,of 1 rating,N/A
TAST,$11.85,1440609337882,"66,241",Not yet rated,NULL,$14.25
CART,$5.35,1440609337917,210,100% bearish,of 1 rating,N/A
CARV,$7.1075,1440609337938,"12,446",50% bullish,of 2 ratings,N/A
CASM,$1.12,1440609338012,"5,800",100% bullish,of 1 rating,$3.50
CACB,$5.22,1440609338226,"21,357",Not yet rated,NULL,$5.50
CSCD,$15.005,1440609338254,"34,857",100% bullish,of 2 ratings,$17
CWST,$5.92,1440609338284,"20,191",50% bullish,of 2 ratings,$7.25
CASY,$102.75,1440609338385,"74,697",50% bullish,of 2 ratings,$99.50
CASS,$46.75,1440609338512,"5,707",100% bearish,of 1 rating,N/A
CASI,$1.445,1440609338538,990,100% bullish,of 1 rating,$3.50
CPRX,$3.3,1440609338565,"269,953",71% bullish,of 7 ratings,$7
CATY,$28.22,1440609338694,"179,073",100% bearish,of 1 rating,$33.50
CVCO,$71.36,1440609338719,"10,092",100% bearish,of 1 rating,N/A
CATYW,NULL,1440609338789,0,100% bearish,of 1 rating,N/A
CAVM,$65.48,1440609338923,"262,873",67% bearish,of 3 ratings,$72
CATB,$10.84,1440609338950,"16,971",100% bearish,of 1 rating,$28
CNLM,NULL,1440609338976,0,Not yet rated,NULL,N/A
CBFV,$20.12,1440609339146,"4,475",Not yet rated,NULL,$25
CNLMU,NULL,1440609339203,0,100% bullish,of 1 rating,N/A
CBOE,$60.98,1440609339275,"163,448",Not yet rated,NULL,$60
CNLMW,NULL,1440609339303,0,Not yet rated,NULL,N/A
CNLMR,NULL,1440609339364,0,Not yet rated,NULL,N/A
CDK,$46.7,1440609339403,"330,983",67% bearish,of 3 ratings,$50
CDW,$38.02,1440609339507,"382,146",75% bullish,of 4 ratings,$44
CECE,$9.1,1440609339680,"34,945",50% bullish,of 2 ratings,$16
CELG,$114.1799,1440609339724,"1,745,266",92% bullish,of 13 ratings,$155.50
CELGZ,$1.64,1440609339753,"19,600",80% bullish,of 5 ratings,N/A
CLDN,$1.04,1440609339774,"53,987",71% bullish,of 7 ratings,$3
CLDX,$13.56,1440609339857,"564,559",89% bullish,of 9 ratings,$36
CLRBW,NULL,1440609340055,0,Not yet rated,NULL,N/A
CPXX,$1.99,1440609340080,"91,767",100% bullish,of 2 ratings,$7
CLLS,$29.28,1440609340109,"91,787",75% bullish,of 4 ratings,$51.50
CLRB,$3.0291,1440609340245,603,100% bearish,of 1 rating,N/A
CBMG,$22.18,1440609340270,"37,967",50% bullish,of 2 ratings,N/A
CYAD,$50.77,1440609340302,"1,000",100% bullish,of 1 rating,$87.50
CLTX,$2.5094,1440609340328,"124,467",100% bullish,of 2 ratings,N/A
CLSN,$1.87,1440609340349,"63,906",80% bullish,of 10 ratings,$7.50
CEMP,$32.99,1440609340638,"224,417",71% bullish,of 7 ratings,$52
CFBK,$1.37,1440609340745,"1,700",Not yet rated,NULL,N/A
CENTA,$12.585,1440609340779,"92,659",Not yet rated,NULL,N/A
CETX,$2.2772,1440609340801,800,Not yet rated,NULL,$5.60
CSFL,$13.53,1440609340878,"36,686",Not yet rated,NULL,$15
CVCY,$11.2,1440609340904,100,Not yet rated,NULL,$12
CENT,$11.95,1440609341035,"17,045",Not yet rated,NULL,$10
CNBKA,$41.98,1440609341330,782,50% bullish,of 2 ratings,N/A
CENX,$4.25,1440609341362,"1,058,614",67% bullish,of 6 ratings,$9
CERE,$1.16,1440609341394,"166,670",88% bullish,of 8 ratings,N/A
CNTY,$5.75,1440609341418,"9,086",80% bullish,of 5 ratings,$7.75
CPHD,$47.34,1440609341442,"205,240",67% bearish,of 3 ratings,$66.50
CRNT,$1.34,1440609341480,"20,946",50% bullish,of 2 ratings,$2
CETV,$1.99,1440609341501,"39,933",67% bullish,of 3 ratings,$2.80
CERN,$60.3,1440609341647,"685,780",67% bullish,of 3 ratings,$79
CERS,$4.705,1440609341924,"169,345",75% bullish,of 4 ratings,$7
CERU,$3.33,1440609341953,"9,403",75% bullish,of 4 ratings,$15
KOOL,$0.63,1440609341979,"29,821",100% bullish,of 5 ratings,$7
CEVA,$17.71,1440609342055,"18,341",100% bearish,of 1 rating,$25
HOTR,$1.4599,1440609342115,"73,641",100% bullish,of 2 ratings,$5
HOTRW,NULL,1440609342270,0,Not yet rated,NULL,N/A
CTHR,$1.27,1440609342302,"2,152",50% bullish,of 2 ratings,$2.50
GTLS,$21.84,1440609342323,"72,267",50% bullish,of 4 ratings,$40
CYOU,$19.403,1440609342360,"81,965",50% bullish,of 6 ratings,$24
CHFN,$12.2,1440609342399,"2,898",Not yet rated,NULL,$14
CHEK,$2.07,1440609342459,"39,633",Not yet rated,NULL,$7.75
CHTR,$173.1,1440609342503,"365,002",100% bearish,of 2 ratings,$196
CHKP,$78.48,1440609342646,"530,871",50% bullish,of 4 ratings,$92
CEMI,$3.62,1440609342707,"53,312",50% bullish,of 2 ratings,$7.50
CHEKW,NULL,1440609342835,0,Not yet rated,NULL,N/A
CHFC,$30.77,1440609342861,"10,461",100% bearish,of 1 rating,$36
CHKE,$25.88,1440609342990,"17,491",100% bearish,of 1 rating,$32.50
CHMG,$26.6999,1440609343043,"1,000",Not yet rated,NULL,$30
CBNK,$16.48,1440609343068,636,100% bearish,of 1 rating,N/A
CCXI,$6.7,1440609343093,"27,568",67% bullish,of 3 ratings,$14
CHEV,$14.4,1440609343123,350,Not yet rated,NULL,N/A
CADC,NULL,1440609343259,0,78% bullish,of 9 ratings,N/A
CHMA,$23.36,1440609343294,"18,998",Not yet rated,NULL,$40
PLCE,$57.855,1440609343323,"214,835",100% bearish,of 1 rating,$71
CALI,$0.89,1440609343390,"1,410",67% bullish,of 3 ratings,N/A
CMRX,$47.8,1440609343461,"119,531",50% bullish,of 2 ratings,$57
CAAS,$5.765,1440609343567,"14,670",93% bullish,of 14 ratings,$11.50
CBAK,$1.7601,1440609343700,"30,664",67% bullish,of 9 ratings,N/A
CBPO,$93.11,1440609343828,"80,977",75% bullish,of 8 ratings,$140.50
CCCL,$0.7437,1440609343897,"16,900",100% bullish,of 6 ratings,N/A
CHOP,$1.33,1440609343922,"11,350",50% bullish,of 2 ratings,N/A
CCCR,$0.7255,1440609343956,978,67% bearish,of 3 ratings,N/A
JRJC,$2.9601,1440609343985,"96,008",82% bullish,of 11 ratings,N/A
CHLN,$2.06,1440609344087,"2,603",67% bullish,of 3 ratings,N/A
HGSH,$1.7,1440609344154,"1,500",67% bullish,of 3 ratings,N/A
CJJD,$1.72,1440609344230,"27,510",100% bullish,of 1 rating,N/A
HTHT,$24.215,1440609344384,"63,998",50% bullish,of 2 ratings,$28.40
CREG,$0.6686,1440609344410,"5,630",100% bullish,of 3 ratings,N/A
CHNR,$1.67,1440609344431,"2,010",100% bearish,of 1 rating,N/A
CNIT,$1.35,1440609344459,"43,490",67% bullish,of 6 ratings,N/A
CPGI,$6.91,1440609344619,200,Not yet rated,NULL,N/A
CNTF,$0.76,1440609344692,"31,406",Not yet rated,NULL,N/A
CXDC,$5.759,1440609344795,"34,537",67% bearish,of 3 ratings,N/A
CSUN,$1.3901,1440609344833,"14,875",80% bullish,of 5 ratings,N/A
CNET,$0.7751,1440609344864,"20,013",50% bullish,of 2 ratings,N/A
CNYD,$2.96,1440609344892,"2,316",67% bullish,of 3 ratings,N/A
IMOS,$16.2,1440609344919,"102,763",60% bullish,of 5 ratings,$21.50
CCIH,$6.2354,1440609344993,"181,960",67% bullish,of 6 ratings,$12.65
CHSCM,$25.8,1440609345092,"8,859",Not yet rated,NULL,N/A
CHSCL,$26.9695,1440609345237,"17,630",Not yet rated,NULL,N/A
CHSCO,$28.06,1440609345343,"10,526",Not yet rated,NULL,N/A
CHSCN,$26.5123,1440609345375,"2,363",Not yet rated,NULL,N/A
CHSCP,$30.4964,1440609345475,"1,033",Not yet rated,NULL,N/A
CHDN,$130.51,1440609345504,"9,687",Not yet rated,NULL,$165
CDTX,$14.12,1440609345605,"7,904",Not yet rated,NULL,$22
CHUY,$30.6701,1440609345739,"54,591",50% bullish,of 2 ratings,$34
CINF,$51.33,1440609345769,"194,620",50% bullish,of 4 ratings,$50.50
CMPR,$66.28,1440609345801,"90,868",50% bullish,of 2 ratings,$72.50
CIFC,$7,1440609345827,"1,702",100% bearish,of 1 rating,N/A
CMCT,$15,1440609345870,620,100% bearish,of 1 rating,N/A
CTAS,$82.26,1440609346005,"149,484",100% bearish,of 1 rating,$91
CIDM,$0.5976,1440609346035,"56,737",50% bullish,of 2 ratings,$2.10
CRUS,$27.705,1440609346139,"281,555",75% bullish,of 12 ratings,$44.50
CSCO,$24.8,1440609346164,"17,336,605",84% bullish,of 208 ratings,$32
CPHR,$5.33,1440609346219,"7,889",100% bearish,of 1 rating,$17
CTRN,$26.64,1440609346390,"43,183",100% bearish,of 1 rating,$31.50
CZFC,NULL,1440609346471,0,Not yet rated,NULL,N/A
CZNC,$19.54,1440609346541,"5,204",Not yet rated,NULL,N/A
CZWI,$8.99,1440609346576,500,Not yet rated,NULL,N/A
CIZN,$19.33,1440609346601,902,Not yet rated,NULL,N/A
CTXS,$66.58,1440609346626,"478,537",86% bullish,of 7 ratings,$80
CHCO,$46.4101,1440609346674,"9,253",Not yet rated,NULL,$46
CLNE,$4.24,1440609346927,"441,331",80% bullish,of 15 ratings,$9
CDTI,$1.4769,1440609346953,"26,073",75% bullish,of 4 ratings,$3.20
CIVB,$10.05,1440609346978,"3,400",Not yet rated,NULL,$11
CLNT,$1.32,1440609347111,"6,962",75% bullish,of 8 ratings,N/A
CIVBP,NULL,1440609347154,0,Not yet rated,NULL,N/A
CLFD,$16.79,1440609347203,"19,245",67% bullish,of 3 ratings,$18
CLRO,$11.53,1440609347308,"35,429",50% bullish,of 2 ratings,$14.25
CBLI,$3.59,1440609347351,"32,181",60% bullish,of 5 ratings,N/A
CLIR,$4.6,1440609347377,"35,327",100% bullish,of 3 ratings,N/A
CLVS,$68.07,1440609347406,"339,714",60% bullish,of 5 ratings,$101.50
CSBK,$13.73,1440609347436,"34,819",Not yet rated,NULL,N/A
CMFN,$10.9526,1440609347509,"10,441",100% bearish,of 1 rating,$15.50
CME,$89.65,1440609347586,"421,287",67% bullish,of 3 ratings,$102
CCNE,$16.63,1440609347615,"2,036",50% bullish,of 2 ratings,$21.50
CISG,$7.4,1440609347723,"53,397",100% bullish,of 5 ratings,$10
CNV,$4.23,1440609347863,"14,060",50% bullish,of 2 ratings,$7.15
COBZ,$12.63,1440609347995,"18,855",100% bullish,of 1 rating,$14
CDXS,$3.41,1440609348067,"19,463",64% bullish,of 11 ratings,$6
COKE,$158.81,1440609348093,"6,175",79% bullish,of 19 ratings,N/A
CWAY,$11.2489,1440609348122,"1,078",Not yet rated,NULL,N/A
CVLY,$20.25,1440609348224,100,Not yet rated,NULL,N/A
CDRB,$11.85,1440609348249,"8,834",67% bullish,of 3 ratings,N/A
JVA,$4.38,1440609348282,"4,048",83% bullish,of 6 ratings,$7
CCOI,$26.77,1440609348383,"132,215",50% bullish,of 4 ratings,$35
CGNT,$1.41,1440609348451,"16,335",100% bullish,of 2 ratings,$2
CTSH,$60.0799,1440609348483,"1,301,252",90% bullish,of 10 ratings,$75
COHR,$55.73,1440609348580,"39,492",50% bullish,of 2 ratings,$72
CGNX,$33.22,1440609348610,"354,500",50% bullish,of 2 ratings,$47
CHRS,$27.23,1440609348714,"99,421",67% bearish,of 3 ratings,$37
COHU,$9.16,1440609348857,"67,098",100% bearish,of 1 rating,$14.25
CLRX,$0.54,1440609348903,"25,092",50% bullish,of 2 ratings,N/A
CLCT,$18.25,1440609349000,"3,726",100% bearish,of 1 rating,N/A
COLL,$14.29,1440609349035,"26,712",100% bearish,of 1 rating,$26
CIGI,$41.39,1440609349098,"2,998",100% bearish,of 1 rating,$52
COLB,$29,1440609349127,"26,131",Not yet rated,NULL,$36
CBAN,NULL,1440609349154,0,Not yet rated,NULL,N/A
CLCD,$6.48,1440609349179,"38,174",100% bearish,of 1 rating,$20.50
COLM,$59.5,1440609349325,"33,495",100% bearish,of 1 rating,$71
CMCO,$18.1,1440609349400,"23,441",60% bullish,of 5 ratings,$28
CBMX,$1.1001,1440609349428,"20,184",83% bullish,of 6 ratings,$3.15
CMCSA,$54.24,1440609349528,"4,174,261",66% bullish,of 35 ratings,$69.50
CMCSK,$54.991,1440609349616,"1,266,572",Not yet rated,NULL,$84
CBSH,$42.98,1440609349674,"114,873",50% bullish,of 2 ratings,$46
CUBN,$13.55,1440609349827,300,Not yet rated,NULL,N/A
CBSHP,$25.33,1440609349857,"1,453",100% bearish,of 1 rating,N/A
CVGI,$4.75,1440609349878,"64,729",50% bullish,of 2 ratings,$6
CSAL,$20.08,1440609349962,"218,407",75% bullish,of 4 ratings,$30
JCS,$8.65,1440609350009,"1,554",67% bullish,of 3 ratings,N/A
COMM,$28.441,1440609350035,"269,718",67% bearish,of 3 ratings,$35
ESXB,$5.05,1440609350098,"1,520",Not yet rated,NULL,N/A
CYHHZ,$0.01,1440609350180,"26,798",100% bullish,of 1 rating,N/A
CWBC,NULL,1440609350314,0,Not yet rated,NULL,N/A
CTBI,$34.13,1440609350335,"8,013",Not yet rated,NULL,$36
COB,$10.3478,1440609350467,"2,236",100% bullish,of 1 rating,$11.75
CVLT,$34.475,1440609350515,"152,791",75% bullish,of 4 ratings,$44.50
CIL,$32.83,1440609350693,400,Not yet rated,NULL,N/A
CDC,$33.36,1440609350719,"13,885",Not yet rated,NULL,N/A
CID,$33.02,1440609350772,700,Not yet rated,NULL,N/A
CIZ,$32.7588,1440609350851,586,100% bearish,of 1 rating,N/A
CSF,$35.48,1440609350881,"1,207",100% bearish,of 1 rating,N/A
CSA,$31.8999,1440609350901,150,Not yet rated,NULL,N/A
CFO,$33.8944,1440609350929,"7,991",100% bearish,of 1 rating,N/A
CFA,$34.1586,1440609351074,"3,540",100% bearish,of 1 rating,N/A
CDL,NULL,1440609351113,0,Not yet rated,NULL,N/A
CPSI,$44.47,1440609351247,"30,636",100% bearish,of 1 rating,$45.50
CTG,$6.45,1440609351304,"10,030",100% bearish,of 1 rating,$8.50
CGEN,$4.7483,1440609351330,"42,185",50% bullish,of 2 ratings,$11
CSB,$32.44,1440609351405,1,Not yet rated,NULL,N/A
SCOR,$52.875,1440609351462,"118,557",100% bearish,of 1 rating,$66
CMTL,$25.63,1440609351550,"17,805",100% bearish,of 2 ratings,$37
CNAT,$3.51,1440609351663,"51,563",83% bullish,of 6 ratings,$13
CNSI,$18.51,1440609351736,"146,577",100% bearish,of 2 ratings,$29
CHCI,$0.7192,1440609351764,"37,661",50% bullish,of 2 ratings,N/A
CNCE,$14.94,1440609351841,"45,095",75% bullish,of 4 ratings,$22
CXRX,$67.12,1440609351979,"1,345",100% bearish,of 1 rating,$90
CCUR,$4.7608,1440609352004,"36,456",75% bullish,of 4 ratings,N/A
CDOR,$1.26,1440609352049,400,100% bullish,of 1 rating,N/A
CDORO,NULL,1440609352078,0,100% bearish,of 1 rating,N/A
CDORP,$6.37,1440609352213,"1,210",100% bearish,of 1 rating,N/A
CFMS,$19.38,1440609352316,"102,523",Not yet rated,NULL,$27
CTWS,$34.19,1440609352444,"3,571",100% bearish,of 1 rating,$44
CNMD,$52.61,1440609352471,"35,584",Not yet rated,NULL,$59
CNFR,$10.3004,1440609352492,"6,786",Not yet rated,NULL,N/A
CONN,$29.38,1440609352627,"207,084",67% bullish,of 3 ratings,$48.50
CNXR,$6.45,1440609352653,"13,882",100% bearish,of 1 rating,$12
CNOB,$18.89,1440609352684,"12,054",100% bullish,of 1 rating,$23.50
CNSL,$18.7755,1440609352786,"44,031",100% bearish,of 1 rating,$23
CTCT,$23.89,1440609352919,"84,573",67% bullish,of 3 ratings,$37
CPSS,$5.7099,1440609352947,"15,645",100% bullish,of 1 rating,$10
CWCO,$10.104,1440609352968,"27,489",67% bullish,of 3 ratings,$14.50
CFRXW,$1.88,1440609353018,200,100% bearish,of 1 rating,N/A
CFRX,$4.9442,1440609353096,"21,128",Not yet rated,NULL,$14
CTRL,$7.745,1440609353269,"53,827",50% bullish,of 2 ratings,$11
CFRXZ,NULL,1440609353320,0,Not yet rated,NULL,N/A
CPRT,$33.48,1440609353405,"74,251",67% bearish,of 3 ratings,$40
CTRV,$3.81,1440609353459,"6,800",Not yet rated,NULL,$6.40
CORT,$4.68,1440609353480,"302,497",67% bullish,of 3 ratings,$12
BVA,NULL,1440609353564,0,50% bullish,of 2 ratings,N/A
CRBP,$1.86,1440609353620,"174,356",100% bullish,of 2 ratings,$6.25
CSOD,$34.86,1440609353724,"176,433",50% bullish,of 2 ratings,$42
CORI,$9.915,1440609353926,"24,012",100% bearish,of 1 rating,$18
COSI,$1,1440609353996,"144,460",100% bullish,of 1 rating,N/A
CORE,$59.2001,1440609354021,"47,780",100% bearish,of 1 rating,$72
CRVL,$30.21,1440609354048,"6,480",100% bearish,of 1 rating,N/A
COST,$134.54,1440609354077,"686,104",79% bullish,of 24 ratings,$154.50
CSGP,$168.94,1440609354181,"64,535",50% bullish,of 2 ratings,$235
CPAH,NULL,1440609354313,0,50% bullish,of 2 ratings,N/A
COWN,$4.96,1440609354447,"624,575",75% bullish,of 4 ratings,$7
ICBK,$18.21,1440609354475,200,Not yet rated,NULL,$21
CVTI,$21.84,1440609354505,"64,099",67% bearish,of 3 ratings,$39
COWNL,$27.01,1440609354550,"6,000",Not yet rated,NULL,N/A
CPSH,$2.18,1440609354612,"14,080",Not yet rated,NULL,N/A
COVS,$2.495,1440609354641,"41,326",67% bullish,of 3 ratings,N/A
CBRL,$140.135,1440609354717,"89,762",50% bullish,of 2 ratings,$155
CRAI,$21.6,1440609354774,"7,775",100% bearish,of 1 rating,$36
BREW,$7.37,1440609354906,"39,280",67% bullish,of 6 ratings,$15
CRAY,$19.72,1440609355033,"69,585",83% bullish,of 6 ratings,$38.50
GLDI,$10.9305,1440609355102,"14,852",100% bearish,of 1 rating,N/A
CACC,$195.072,1440609355129,"49,216",50% bullish,of 2 ratings,$158.50
SLVO,$9.71,1440609355180,"56,490",100% bearish,of 1 rating,N/A
CRESY,$9.4538,1440609355270,"8,061",100% bearish,of 1 rating,$19
CRTO,$41.122,1440609355362,"123,069",67% bullish,of 6 ratings,$64
CREE,$25.19,1440609355390,"411,778",65% bullish,of 17 ratings,$29.50
CRDS,$1.01,1440609355555,"10,400",50% bullish,of 4 ratings,$4.50
CCRN,$13.505,1440609355644,"37,030",100% bearish,of 1 rating,$14.25
CROX,$13.4701,1440609355669,"432,312",63% bullish,of 8 ratings,$16.50
CRWS,$7.93,1440609355694,"4,000",Not yet rated,NULL,$10
CYRX,$2.94,1440609355831,"6,395",Not yet rated,NULL,$9
CRWN,$4.47,1440609355856,"26,810",75% bullish,of 4 ratings,N/A
CYRXW,$0.8501,1440609355909,"8,600",Not yet rated,NULL,N/A
CSGS,$29.77,1440609356011,"42,625",Not yet rated,NULL,$40
CTCM,$1.7,1440609356096,"56,165",80% bearish,of 5 ratings,$3.90
CSPI,$5.8899,1440609356143,950,67% bullish,of 3 ratings,N/A
CTIC,$1.51,1440609356169,"685,695",84% bullish,of 76 ratings,$5.75
CCLP,$13.05,1440609356194,"26,544",67% bearish,of 3 ratings,$20
CTRP,$63.29,1440609356297,"693,128",75% bullish,of 8 ratings,$92
CTIB,NULL,1440609356426,0,100% bearish,of 1 rating,N/A
CUI,$4.95,1440609356515,"10,083",50% bullish,of 2 ratings,$10
CPIX,$6.15,1440609356558,"63,700",Not yet rated,NULL,N/A
CUNB,$21.2,1440609356592,"3,162",Not yet rated,NULL,$24.50
CRIS,$2.33,1440609356661,"210,838",100% bullish,of 8 ratings,$6
CMLS,$1.36,1440609356687,"247,947",50% bullish,of 4 ratings,$6
CUTR,$14.25,1440609356712,"17,222",67% bearish,of 3 ratings,$18
CVV,$10.52,1440609356941,"7,318",100% bullish,of 5 ratings,N/A
CYBR,$46.42,1440609356972,"513,489",86% bullish,of 7 ratings,$66
CYAN,$7.2601,1440609356998,820,100% bearish,of 1 rating,N/A
CVBF,$15.49,1440609357023,"82,962",Not yet rated,NULL,$18
CYCCP,$5.5,1440609357173,300,100% bearish,of 1 rating,N/A
CYBX,$65.58,1440609357200,"120,869",50% bullish,of 4 ratings,$71.50
CYBE,$5.86,1440609357230,"3,535",100% bearish,of 1 rating,N/A
CYCC,$0.5093,1440609357256,"87,907",73% bullish,of 11 ratings,N/A
CBAY,$2.5198,1440609357390,"41,957",100% bullish,of 1 rating,$4
CY,$9.04,1440609357522,"2,355,686",80% bullish,of 10 ratings,$15.50
CYNA,$16.2,1440609357547,"9,392",100% bullish,of 1 rating,$31.50
CYNO,$31.99,1440609357575,"30,373",67% bearish,of 3 ratings,$45.50
CYRN,$1.63,1440609357600,"7,150",67% bullish,of 3 ratings,$4
CYTX,$0.3301,1440609357798,"964,190",83% bullish,of 12 ratings,$5.50
CYTK,$6.55,1440609357826,"88,780",71% bullish,of 14 ratings,$13.50
CONE,$30.905,1440609357866,"108,996",67% bearish,of 3 ratings,$35
CYTR,$2.085,1440609357998,"226,499",67% bullish,of 6 ratings,$10
CTSO,$6.35,1440609358030,"34,251",Not yet rated,NULL,$15.625
DAEG,$0.3599,1440609358051,"5,496",100% bearish,of 1 rating,N/A
TVIX,$14.27,1440609358080,"15,583,807",81% bullish,of 16 ratings,N/A
TVIZ,$18.69,1440609358101,"4,720",100% bearish,of 1 rating,N/A
ZIV,$40.2389,1440609358279,"67,949",Not yet rated,NULL,N/A
DAKT,$8.2,1440609358405,"266,478",50% bullish,of 2 ratings,$14
DJCO,$191.3,1440609358437,301,Not yet rated,NULL,N/A
DAIO,$2.5703,1440609358483,"1,600",Not yet rated,NULL,N/A
DTLK,$5.4401,1440609358509,"36,038",100% bearish,of 1 rating,$9
XIV,$26.47,1440609358539,"15,092,910",75% bearish,of 4 ratings,N/A
DARA,$0.865,1440609358640,"67,183",83% bullish,of 6 ratings,$1.50
DWCH,$4.812,1440609358891,"11,104",75% bullish,of 4 ratings,$8.25
DRAM,$1.1297,1440609358924,"17,050",78% bullish,of 9 ratings,N/A
PLAY,$32.83,1440609358954,"112,587",100% bullish,of 5 ratings,$42
DWSN,$4.302,1440609358975,"6,206",67% bullish,of 3 ratings,N/A
DTEA,$12.72,1440609359011,"20,905",100% bearish,of 2 ratings,$24
TRAK,$62.75,1440609359043,"302,444",50% bullish,of 2 ratings,$62.50
DBVT,$37.72,1440609359109,"20,282",100% bearish,of 1 rating,$53
DHRM,$1.546,1440609359139,"3,987",Not yet rated,NULL,N/A
DFRG,$14.17,1440609359329,"68,820",100% bearish,of 1 rating,$20
TACO,$12.65,1440609359456,"103,242",75% bullish,of 4 ratings,$20
TACOW,$3.91,1440609359550,"12,200",100% bullish,of 1 rating,N/A
DELT,$2.65,1440609359635,400,Not yet rated,NULL,N/A
DENN,$11.26,1440609359682,"92,576",100% bullish,of 3 ratings,$15
DGAS,$20.49,1440609359714,"16,347",67% bearish,of 3 ratings,N/A
DELTW,NULL,1440609359810,0,Not yet rated,NULL,N/A
DCTH,$0.3801,1440609359841,"349,534",78% bullish,of 9 ratings,N/A
XRAY,$51.48,1440609359870,"170,014",100% bullish,of 1 rating,$58
DERM,$24.21,1440609359905,"50,000",100% bearish,of 1 rating,$33.50
DEPO,$27.43,1440609359937,"151,239",60% bullish,of 5 ratings,$29
DEST,$11.325,1440609360067,"37,922",50% bullish,of 2 ratings,N/A
DXLG,$4.52,1440609360092,"131,201",100% bearish,of 1 rating,$8
DSCI,$5.63,1440609360118,"19,386",50% bullish,of 2 ratings,$16
DXM,$0.3101,1440609360271,"58,365",50% bullish,of 2 ratings,N/A
DSWL,$1.71,1440609360297,"57,990",100% bullish,of 1 rating,N/A
DXCM,$90.16,1440609360464,"242,496",57% bullish,of 7 ratings,$98
DHXM,NULL,1440609360496,0,Not yet rated,NULL,N/A
DCIX,$1.51,1440609360573,"52,193",50% bullish,of 4 ratings,$3.50
DMND,$28.1,1440609360652,"102,093",75% bullish,of 12 ratings,$32
DHIL,$189,1440609360683,"1,252",Not yet rated,NULL,N/A
FANG,$60.67,1440609360710,"238,467",50% bullish,of 2 ratings,$86.50
DRNA,$9.835,1440609360786,"19,215",67% bearish,of 3 ratings,$25
DGII,$9.5,1440609360920,"10,731",100% bearish,of 1 rating,$10
DRAD,$3.68,1440609360951,"4,800",100% bullish,of 1 rating,$5.25
DMRC,$33.2,1440609360979,"79,179",100% bearish,of 1 rating,$44
DGLY,$7.88,1440609361010,"322,921",50% bullish,of 6 ratings,$20
APPS,$2.29,1440609361109,"50,975",100% bearish,of 1 rating,$10.25
DCOM,$16.435,1440609361183,"40,564",100% bearish,of 2 ratings,$16.50
DIOD,$19.11,1440609361213,"44,870",75% bearish,of 4 ratings,$24
DPRX,$12.35,1440609361342,"3,402",100% bullish,of 2 ratings,$27.75
DISCB,$25.45,1440609361377,12,100% bearish,of 1 rating,$35
DISCA,$26.07,1440609361447,"933,203",67% bullish,of 3 ratings,$34
DSCO,$0.37,1440609361472,"142,576",83% bullish,of 6 ratings,$2.75
DISCK,$24.81,1440609361497,"770,829",100% bearish,of 1 rating,$32
DVCR,NULL,1440609361627,0,100% bullish,of 1 rating,N/A
DISH,$57.32,1440609361728,"415,791",69% bullish,of 13 ratings,$73
BAGR,$2.7285,1440609361753,"18,786",100% bearish,of 1 rating,$6
DLHC,$2.4197,1440609361906,"2,421",100% bearish,of 1 rating,N/A
DGICA,$14.05,1440609361934,"4,915",100% bearish,of 1 rating,$17
DNBF,$26.1,1440609361960,"1,926",Not yet rated,NULL,$27.50
DLTR,$74.49,1440609361985,"570,773",82% bullish,of 11 ratings,$88
DGICB,NULL,1440609362239,0,100% bearish,of 1 rating,N/A
DMLP,$13.7,1440609362268,"17,407",100% bearish,of 1 rating,N/A
HILL,$9.67,1440609362332,"1,544,892",60% bearish,of 5 ratings,$9.75
DRWIW,$0.046,1440609362365,"1,400",Not yet rated,NULL,N/A
DORM,$50.065,1440609362427,"77,806",100% bearish,of 1 rating,$56
DRWI,$0.229,1440609362462,"65,300",60% bullish,of 5 ratings,$.45
DRYS,$0.3513,1440609362527,"1,380,300",77% bullish,of 31 ratings,$.60
DSKX,$3.12,1440609362672,"65,297",100% bullish,of 1 rating,N/A
DSPG,$8.38,1440609362803,"11,525",100% bearish,of 1 rating,$13.50
CADT,NULL,1440609362835,0,Not yet rated,NULL,N/A
DWA,$19.6,1440609362861,"312,796",63% bullish,of 8 ratings,$26
CADTR,NULL,1440609362933,0,Not yet rated,NULL,N/A
CADTU,NULL,1440609362959,0,Not yet rated,NULL,N/A
CADTW,NULL,1440609363044,0,Not yet rated,NULL,N/A
DTSI,$26.05,1440609363188,"22,949",100% bearish,of 2 ratings,$39.50
DNKN,$50.2,1440609363256,"353,748",67% bullish,of 15 ratings,$56.50
DXPE,$26.63,1440609363320,"65,331",50% bullish,of 2 ratings,N/A
DRRX,$1.876,1440609363347,"216,148",50% bullish,of 6 ratings,$3
DYAX,$22.265,1440609363375,"213,370",89% bullish,of 9 ratings,$30
BOOM,$8.96,1440609363404,"46,480",67% bullish,of 3 ratings,$12
DYSL,$1.4301,1440609363511,"70,290",100% bullish,of 2 ratings,N/A
DVAX,$25.74,1440609363641,"69,435",70% bullish,of 10 ratings,$40
DYNT,$2.95,1440609363671,"3,348",75% bullish,of 4 ratings,N/A
EBMT,$11.16,1440609363774,"1,745",Not yet rated,NULL,$13.50
ETFC,$24.53,1440609363904,"1,302,115",57% bullish,of 14 ratings,$33
EGLE,$6.22,1440609364001,"4,100",60% bullish,of 5 ratings,N/A
EGRX,$73.82,1440609364038,"177,481",67% bullish,of 3 ratings,$97
EGBN,$41.0275,1440609364086,"51,290",Not yet rated,NULL,$48
EWBC,$37.41,1440609364146,"736,810",100% bearish,of 1 rating,$50
ELNK,$7.93,1440609364219,"262,250",60% bullish,of 5 ratings,$9.50
EACQU,$10.2,1440609364245,"1,000",Not yet rated,NULL,N/A
EML,$16.78,1440609364412,"3,557",Not yet rated,NULL,N/A
EBIX,$26.455,1440609364471,"99,001",69% bullish,of 13 ratings,$40
EVBS,$6.5,1440609364496,"1,518",Not yet rated,NULL,$7
EBAY,$25.39,1440609364551,"3,810,780",81% bullish,of 117 ratings,$48
ELON,$0.5397,1440609364701,"66,240",50% bullish,of 2 ratings,N/A
ECTE,$1.3602,1440609364806,"10,736",75% bullish,of 4 ratings,N/A
ECHO,$22.83,1440609364866,"102,585",67% bearish,of 3 ratings,$35.50
SATS,$42.3325,1440609364999,"33,512",50% bullish,of 2 ratings,$60
EROC,$1.24,1440609365032,"163,976",50% bullish,of 2 ratings,$3
ECACU,$10.06,1440609365132,"4,100",Not yet rated,NULL,N/A
ESES,$3.0501,1440609365158,286,100% bearish,of 1 rating,$7
EEI,$10.99,1440609365183,402,67% bearish,of 3 ratings,N/A
EDAP,$3.4418,1440609365208,"69,537",60% bullish,of 5 ratings,$4.50
EFUT,$4.2843,1440609365368,400,Not yet rated,NULL,N/A
EDGW,$6.6401,1440609365394,"9,507",100% bearish,of 1 rating,N/A
EDUC,$4.9,1440609365468,"1,233",100% bearish,of 1 rating,N/A
EGAN,$3.2601,1440609365710,"22,151",50% bullish,of 2 ratings,$6.25
EHTH,$13.461,1440609365737,"22,811",50% bullish,of 4 ratings,$16.50
EGLT,$10.265,1440609365763,"21,846",50% bullish,of 2 ratings,$21
ESLT,$74.4218,1440609365971,"12,804",67% bullish,of 3 ratings,N/A
LOCO,$11.6594,1440609366031,"285,264",69% bullish,of 13 ratings,$20
EMITF,$1.204,1440609366103,"2,765",75% bullish,of 4 ratings,N/A
ELRC,$10.36,1440609366235,"15,562",100% bearish,of 1 rating,N/A
ESIO,$4.18,1440609366268,"77,928",50% bullish,of 2 ratings,$10
ERI,$9.3601,1440609366295,"34,374",100% bearish,of 1 rating,$10
EFII,$42.615,1440609366320,"67,420",80% bullish,of 5 ratings,$55
ELEC,NULL,1440609366363,0,Not yet rated,NULL,N/A
ELSE,$3.85,1440609366430,206,60% bullish,of 5 ratings,N/A
EA,$64.09,1440609366456,"1,413,702",77% bullish,of 35 ratings,$80
EBIO,$3.1,1440609366706,"237,228",100% bearish,of 2 ratings,$8.35
ELECW,NULL,1440609366731,0,Not yet rated,NULL,N/A
ELECU,NULL,1440609366807,0,Not yet rated,NULL,N/A
CAPX,NULL,1440609366895,0,Not yet rated,NULL,N/A
RDEN,$10.34,1440609366952,"27,548",100% bearish,of 4 ratings,$15
LONG,$16.51,1440609367040,"54,405",67% bullish,of 3 ratings,$15.75
ESBK,$19.9399,1440609367171,"1,000",Not yet rated,NULL,N/A
ELTK,$1.1201,1440609367201,"19,133",67% bearish,of 3 ratings,N/A
EMCI,$22.48,1440609367226,"7,743",Not yet rated,NULL,N/A
EMCF,NULL,1440609367255,0,100% bearish,of 1 rating,N/A
EMMS,$1.13,1440609367330,"12,343",67% bullish,of 6 ratings,N/A
EMKR,$6.84,1440609367409,"52,129",75% bullish,of 4 ratings,$8.50
NYNY,$4.09,1440609367498,"25,023",50% bullish,of 2 ratings,N/A
EMMSP,NULL,1440609367523,0,100% bearish,of 1 rating,N/A
ERS,$2.766,1440609367711,"3,000",Not yet rated,NULL,N/A
ENTA,$39.04,1440609367736,"60,766",50% bullish,of 2 ratings,$42
ENDP,$73.34,1440609367875,"562,269",50% bullish,of 6 ratings,$104
ECPG,$38.34,1440609367950,"47,665",100% bullish,of 2 ratings,$52
WIRE,$30.7,1440609368005,"13,618",100% bearish,of 1 rating,$37
EFOI,$17.45,1440609368134,"562,369",50% bullish,of 2 ratings,$20.50
EIGI,$14.79,1440609368155,"363,595",67% bearish,of 3 ratings,$22.50
ELGX,$12.33,1440609368188,"198,074",75% bullish,of 4 ratings,$17
ECYT,$5,1440609368219,"104,608",83% bullish,of 6 ratings,$12
WATT,$6.026,1440609368247,"108,852",50% bullish,of 2 ratings,$13
ERII,$2.63,1440609368319,"45,856",80% bullish,of 5 ratings,$2.50
EXXI,$1.4,1440609368382,"675,802",86% bullish,of 7 ratings,$3.50
ENOC,$8.22,1440609368553,"71,488",75% bullish,of 4 ratings,$18
ENG,$0.994,1440609368590,"38,053",100% bullish,of 3 ratings,N/A
ESGR,$144.528,1440609368766,"17,575",100% bearish,of 1 rating,$185
ENPH,$4.4,1440609368826,"257,673",75% bullish,of 4 ratings,$11
ENTL,$21.65,1440609368852,"6,740",Not yet rated,NULL,$28
ENFC,$17.82,1440609368892,800,Not yet rated,NULL,N/A
ETRM,$0.2363,1440609368983,"436,568",69% bearish,of 35 ratings,$1.625
ENTG,$13.26,1440609369008,"127,943",100% bearish,of 1 rating,$18
EBTC,$21,1440609369051,"1,704",Not yet rated,NULL,N/A
EFSC,$23.35,1440609369234,"6,545",Not yet rated,NULL,$27
EGT,$2.08,1440609369291,400,100% bullish,of 1 rating,N/A
ENZN,$0.9601,1440609369367,"138,902",100% bullish,of 9 ratings,N/A
ENVI,$1.81,1440609369395,"1,580",67% bullish,of 3 ratings,N/A
EPIQ,$12.97,1440609369422,"31,488",100% bearish,of 1 rating,$18
ENZY,$9.098,1440609369447,"2,270",67% bullish,of 3 ratings,$9.50
EPRS,$4.61,1440609369738,"33,253",82% bullish,of 11 ratings,$15
EPZM,$16.805,1440609369767,"66,100",60% bullish,of 5 ratings,$34
EQFN,NULL,1440609369870,0,100% bearish,of 1 rating,N/A
EQIX,$253.585,1440609369914,"192,592",75% bullish,of 4 ratings,$312.50
EAC,$3.12,1440609369941,"7,211",100% bearish,of 1 rating,$8
PLUS,$74.545,1440609370014,"13,492",50% bullish,of 2 ratings,$88
ERIC,$9.55,1440609370092,"1,522,804",67% bullish,of 9 ratings,$12.20
ERIE,$80.47,1440609370195,"5,883",Not yet rated,NULL,$73
ESCR,$0.1599,1440609370225,"2,922",50% bullish,of 2 ratings,N/A
ESCA,$16.7629,1440609370257,"4,174",100% bearish,of 1 rating,$22
ESCRP,$1.1801,1440609370325,"1,477",100% bearish,of 1 rating,N/A
ESMC,NULL,1440609370351,0,Not yet rated,NULL,N/A
ESPR,$50.34,1440609370414,"347,320",70% bearish,of 10 ratings,$123
ESSA,$12.68,1440609370688,"2,600",100% bearish,of 1 rating,N/A
EPIX,$5.23,1440609370757,"1,000",Not yet rated,NULL,N/A
CLWT,$2.56,1440609370916,500,100% bearish,of 1 rating,N/A
ESND,$33.215,1440609370942,"38,011",100% bearish,of 2 ratings,$40
ESSX,$0.4,1440609370964,"10,138",50% bullish,of 2 ratings,N/A
ETSY,$12.68,1440609370996,"180,059",80% bullish,of 5 ratings,$16
EEFT,$63.16,1440609371096,"63,855",100% bearish,of 1 rating,$67.50
ESEA,$5.69,1440609371143,200,100% bullish,of 1 rating,$15
EVK,$3.61,1440609371174,"3,950",75% bearish,of 4 ratings,N/A
EVEP,$7.27,1440609371276,"158,542",50% bullish,of 2 ratings,$15
EVLV,$2.09,1440609371317,"58,885",60% bullish,of 5 ratings,$6.50
EVOL,$5.82,1440609371347,"4,764",75% bullish,of 4 ratings,$10
EVOK,$3.75,1440609371445,"43,884",100% bearish,of 1 rating,$13.375
EXA,$10.8,1440609371473,"3,443",100% bearish,of 1 rating,$13
EXAS,$19.85,1440609371518,"264,549",78% bullish,of 9 ratings,$31
EXAC,$18.02,1440609371647,"5,816",100% bearish,of 1 rating,$22.50
EXFO,$2.7,1440609371841,"2,400",67% bearish,of 3 ratings,$3.95
EXEL,$5.24,1440609371870,"1,485,583",81% bullish,of 16 ratings,$6
EXLS,$35,1440609371974,"27,348",50% bullish,of 2 ratings,$41
EXTR,$2.67,1440609372103,"182,415",80% bullish,of 5 ratings,$3
EXPD,$48.14,1440609372128,"680,500",80% bullish,of 5 ratings,$52
ESRX,$81.234,1440609372157,"1,062,132",67% bearish,of 6 ratings,$101
EXPE,$110.83,1440609372186,"498,262",64% bullish,of 11 ratings,$130
EXLP,$18,1440609372314,"48,165",100% bearish,of 1 rating,$25
EXPO,$41.61,1440609372344,"23,372",100% bearish,of 1 rating,$45.50
EYEGW,NULL,1440609372413,0,Not yet rated,NULL,N/A
EYEG,$3.66,1440609372473,"21,755",Not yet rated,NULL,N/A
EZCH,$20.525,1440609372546,"36,300",75% bullish,of 8 ratings,$19.50
EZPW,$5.85,1440609372574,"119,617",50% bullish,of 4 ratings,$7.50
FB,$84.275,1440609372717,"13,672,997",73% bullish,of 1066 ratings,$111
FFIV,$120.065,1440609372766,"308,973",63% bullish,of 8 ratings,$132
FWM,$2.375,1440609372920,"33,868",100% bearish,of 2 ratings,$3.20
FALC,$1.5999,1440609372978,"21,743",63% bearish,of 8 ratings,N/A
FCS,$12.97,1440609373074,"246,484",67% bearish,of 3 ratings,$17
DAVE,$13.985,1440609373131,"3,437",100% bearish,of 1 rating,$15.50
FRP,$15.32,1440609373157,"44,962",100% bearish,of 1 rating,$18
FARM,$21.16,1440609373182,"10,619",100% bearish,of 1 rating,$35
FMNB,$7.97,1440609373231,"1,850",Not yet rated,NULL,N/A
FFKT,$26.12,1440609373330,"5,180",Not yet rated,NULL,$29
FAST,$37.7599,1440609373361,"802,159",80% bullish,of 5 ratings,$45.50
FARO,$36.98,1440609373465,"31,385",50% bullish,of 2 ratings,$48
FATE,$6.18,1440609373517,"14,260",50% bullish,of 2 ratings,$11
FBSS,$15.51,1440609373653,300,Not yet rated,NULL,N/A
FBRC,$21.95,1440609373693,"15,208",100% bearish,of 1 rating,$29
FDML,$8.31,1440609373780,"56,813",50% bullish,of 4 ratings,$14
FEIC,$73.348,1440609373875,"58,856",50% bullish,of 2 ratings,$95.50
FNHC,$21.4,1440609373912,"84,706",100% bearish,of 1 rating,$35
FENX,$9.38,1440609373945,"46,858",100% bullish,of 1 rating,$14.25
FHCO,$1.3004,1440609373973,"21,926",50% bullish,of 4 ratings,N/A
ONEQ,$179.103,1440609374111,"17,730",100% bullish,of 1 rating,N/A
FCSC,$5.31,1440609374143,"62,019",100% bearish,of 1 rating,$8.125
LION,$18.54,1440609374275,"45,692",100% bullish,of 1 rating,$20
FGEN,$22.275,1440609374309,"86,514",100% bearish,of 1 rating,$39
FRGI,$50.6,1440609374383,"37,589",50% bullish,of 2 ratings,$70
FDUS,$13.55,1440609374408,"31,840",50% bullish,of 2 ratings,$18
FSAM,$8.19,1440609374435,"3,778",100% bearish,of 1 rating,$10.25
FSFR,$8.63,1440609374671,"35,035",100% bearish,of 1 rating,$11.50
FSC,$6.11,1440609374697,"360,545",60% bullish,of 5 ratings,$8
FSCFL,$23.99,1440609374718,"2,570",Not yet rated,NULL,N/A
FITB,$18.76,1440609374854,"4,291,325",54% bullish,of 13 ratings,$22
FNGN,$31.72,1440609374930,"132,194",67% bullish,of 3 ratings,$47
FISI,$24.37,1440609374959,"2,991",100% bullish,of 2 ratings,$24.50
FITBI,$27.11,1440609375032,"3,945",Not yet rated,NULL,N/A
FNTC,NULL,1440609375092,0,Not yet rated,NULL,N/A
FNJN,$1.59,1440609375128,"15,512",100% bearish,of 1 rating,$5
FNSR,$15.17,1440609375158,"415,813",71% bullish,of 7 ratings,$24.50
FNTCU,$10.15,1440609375318,10,Not yet rated,NULL,N/A
FEYE,$36.9085,1440609375447,"1,573,434",87% bullish,of 15 ratings,$55.50
FNTCW,NULL,1440609375481,0,Not yet rated,NULL,N/A
FBNC,$16.67,1440609375532,"1,676",100% bullish,of 1 rating,$20
FRBA,$6.05,1440609375582,"10,900",Not yet rated,NULL,$8
FNLC,$18.27,1440609375634,"3,893",100% bullish,of 1 rating,N/A
BUSE,$6.3,1440609375664,"12,192",Not yet rated,NULL,$6.875
FCVA,$4.6,1440609375766,845,Not yet rated,NULL,N/A
FBIZ,$44.02,1440609375791,"16,466",100% bearish,of 2 ratings,$52
FCAP,$27.02,1440609375962,202,Not yet rated,NULL,N/A
FCLF,NULL,1440609376165,0,Not yet rated,NULL,N/A
FCFS,$38.4099,1440609376195,"96,722",100% bearish,of 3 ratings,$48
FCNCA,$230,1440609376224,"1,035",Not yet rated,NULL,N/A
FCBC,$17.06,1440609376250,"3,685",Not yet rated,NULL,$18
FCCO,$11.81,1440609376277,"1,904",Not yet rated,NULL,$13.25
FCFP,$6.9,1440609376327,201,Not yet rated,NULL,N/A
FBNK,$16.6,1440609376494,"13,385",100% bearish,of 1 rating,$17.50
FDEF,$37.01,1440609376554,"11,249",Not yet rated,NULL,$38
FFBC,$17.69,1440609376626,"52,815",67% bearish,of 3 ratings,$20.25
FFNM,$6.37,1440609376686,200,Not yet rated,NULL,N/A
FFBCW,NULL,1440609376711,0,100% bearish,of 1 rating,N/A
FFIN,$29.72,1440609376843,"37,605",50% bullish,of 2 ratings,$31.75
THFF,$32.74,1440609376888,"3,516",Not yet rated,NULL,$35
FFNW,$11.83,1440609377058,"17,121",Not yet rated,NULL,$14
INBK,$29.52,1440609377132,"5,380",50% bullish,of 2 ratings,$37
FFWM,$20.68,1440609377198,"11,274",Not yet rated,NULL,$24
FMBH,NULL,1440609377227,0,Not yet rated,NULL,N/A
FNBC,$33.45,1440609377272,"11,552",Not yet rated,NULL,$40
FRME,$25.23,1440609377308,"47,779",Not yet rated,NULL,$26.50
FIBK,$26.07,1440609377406,"27,877",Not yet rated,NULL,$32
FMBI,$16.85,1440609377438,"89,869",Not yet rated,NULL,$20
FNFG,$8.61,1440609377536,"890,375",80% bullish,of 5 ratings,$9
FNWB,$11.72,1440609377634,"5,568",Not yet rated,NULL,N/A
FSFG,NULL,1440609377895,0,Not yet rated,NULL,N/A
FSGI,$2.47,1440609377927,"6,172",Not yet rated,NULL,N/A
FSBK,$7.49,1440609377948,"3,308",100% bullish,of 1 rating,N/A
FBZ,$9.74,1440609378042,200,Not yet rated,NULL,N/A
FSLR,$44.32,1440609378074,"612,848",74% bullish,of 39 ratings,$65
BICK,$18.78,1440609378099,300,100% bullish,of 1 rating,N/A
FCAN,$22.9399,1440609378142,225,Not yet rated,NULL,N/A
FTCS,$35.193,1440609378166,"8,653",100% bearish,of 1 rating,N/A
FV,$22.3598,1440609378350,"1,352,323",100% bearish,of 1 rating,N/A
FCA,$18.8088,1440609378376,460,Not yet rated,NULL,N/A
IFV,$17.3498,1440609378507,"588,136",100% bearish,of 1 rating,N/A
FEMB,$41.88,1440609378589,18,Not yet rated,NULL,N/A
FEUZ,$31.2,1440609378678,"10,810",Not yet rated,NULL,N/A
FTSM,$59.8707,1440609378703,"4,051",100% bearish,of 1 rating,N/A
MDIV,$18.71,1440609378734,"149,918",Not yet rated,NULL,N/A
TDIV,$23.5055,1440609378763,"163,614",100% bearish,of 1 rating,N/A
FTGC,$21.6388,1440609378834,"16,096",Not yet rated,NULL,N/A
FTHI,$18.68,1440609379170,"8,700",Not yet rated,NULL,N/A
HYLS,$48.88,1440609379206,"13,157",100% bearish,of 1 rating,N/A
FHK,$32.05,1440609379227,"22,496",Not yet rated,NULL,N/A
SKYY,$27.718,1440609379256,"31,332",100% bullish,of 1 rating,N/A
FGM,$35.165,1440609379277,"26,726",Not yet rated,NULL,N/A
FPXI,NULL,1440609379312,0,Not yet rated,NULL,N/A
YDIV,NULL,1440609379333,0,Not yet rated,NULL,N/A
CU,$11.792,1440609379660,"5,645",100% bearish,of 1 rating,N/A
FTLB,NULL,1440609379757,0,100% bearish,of 1 rating,N/A
PLTM,$6.14,1440609379783,"6,307",100% bearish,of 1 rating,N/A
LMBS,$50.57,1440609379813,100,Not yet rated,NULL,N/A
FJP,$45.99,1440609379865,"15,123",Not yet rated,NULL,N/A
FONE,$33.7899,1440609379917,100,Not yet rated,NULL,N/A
FMB,NULL,1440609379994,0,Not yet rated,NULL,N/A
CIBR,$17.38,1440609380048,"37,111",Not yet rated,NULL,N/A
QABA,$36.01,1440609380082,"7,279",100% bearish,of 1 rating,N/A
GRID,NULL,1440609380244,0,100% bearish,of 1 rating,N/A
CARZ,$33.5713,1440609380272,"2,698",100% bearish,of 1 rating,N/A
QQEW,$39.9501,1440609380347,"100,876",Not yet rated,NULL,N/A
RDVY,$20.2101,1440609380406,"4,348",Not yet rated,NULL,N/A
QQXT,$38.73,1440609380431,"19,236",Not yet rated,NULL,N/A
QCLN,$13.98,1440609380493,"15,252",Not yet rated,NULL,N/A
QTEC,$37.905,1440609380576,"13,996",Not yet rated,NULL,N/A
AIRR,$15.6,1440609380775,"1,328",100% bearish,of 1 rating,N/A
FTSL,$48.4171,1440609380871,"52,403",100% bearish,of 1 rating,N/A
FSZ,$38.805,1440609380897,"30,642",Not yet rated,NULL,N/A
QINC,$19.552,1440609380931,"4,121",Not yet rated,NULL,N/A
FDIV,$46.42,1440609380952,934,100% bearish,of 1 rating,N/A
FTW,NULL,1440609381030,0,Not yet rated,NULL,N/A
TUSA,$23.8099,1440609381083,"5,938",Not yet rated,NULL,N/A
FKO,$22.59,1440609381108,300,Not yet rated,NULL,N/A
FKU,$40.65,1440609381259,"14,910",Not yet rated,NULL,N/A
SVVC,$9.325,1440609381390,"7,328",50% bullish,of 2 ratings,$26
FUNC,$8.13,1440609381415,200,Not yet rated,NULL,N/A
FSV,$30.86,1440609381585,"2,900",Not yet rated,NULL,$33.60
FIVE,$35.055,1440609381611,"174,693",75% bearish,of 4 ratings,$44
FISV,$81.63,1440609381640,"587,126",100% bearish,of 3 ratings,$90
FPRX,$17.74,1440609381746,"163,981",50% bullish,of 2 ratings,$35
FMER,$17.29,1440609381797,"518,998",50% bullish,of 2 ratings,$20
FLXN,$22.795,1440609381855,"32,699",100% bearish,of 1 rating,$40
FIVN,$4.02,1440609381880,"101,700",100% bullish,of 1 rating,$8.50
FLKS,$12.35,1440609381955,"18,291",50% bullish,of 2 ratings,$27
FLML,$20.875,1440609382018,"44,357",50% bullish,of 2 ratings,$30
SKOR,$50.2,1440609382042,100,Not yet rated,NULL,N/A
MBSD,$24.9,1440609382181,700,Not yet rated,NULL,N/A
FLEX,$10.085,1440609382285,"929,056",63% bullish,of 8 ratings,$12
FLXS,$30.59,1440609382354,"7,091",100% bearish,of 2 ratings,N/A
FLIR,$27.19,1440609382421,"232,792",100% bearish,of 1 rating,$38.50
FLDM,$11.47,1440609382484,"130,849",67% bearish,of 3 ratings,$21.50
FFIC,$19.72,1440609382561,"41,613",Not yet rated,NULL,$21
FOGO,$18.1,1440609382645,"23,953",50% bullish,of 2 ratings,$25.50
FOMX,$9.39,1440609382674,"46,048",50% bullish,of 2 ratings,$23.50
FORTY,$30.979,1440609382700,731,100% bearish,of 1 rating,N/A
FONR,$9.45,1440609382725,"23,699",100% bullish,of 1 rating,N/A
FES,$0.92,1440609382868,"19,749",50% bullish,of 2 ratings,$1
FORM,$6.09,1440609382927,"97,476",67% bullish,of 3 ratings,$10.50
FORR,$31.04,1440609382948,"15,385",Not yet rated,NULL,N/A
FTNT,$41.183,1440609383034,"358,551",80% bullish,of 10 ratings,$52
FBIO,$2.45,1440609383094,"47,670",83% bullish,of 6 ratings,N/A
FWRD,$44.97,1440609383229,"36,960",100% bearish,of 1 rating,$50
FORD,$1.63,1440609383274,"7,189,137",67% bullish,of 3 ratings,N/A
FWP,$25.3195,1440609383329,"29,903",100% bearish,of 1 rating,$45
FOSL,$57.68,1440609383416,"335,897",60% bearish,of 5 ratings,$80
FMI,$20.57,1440609383552,"51,286",100% bearish,of 2 ratings,$27.50
FXCB,$17.01,1440609383582,"4,628",Not yet rated,NULL,$19
FOXF,$15.18,1440609383683,"27,727",100% bearish,of 1 rating,$19
FELE,$27.86,1440609383744,"48,331",50% bullish,of 4 ratings,$33
FRED,$12.7974,1440609383772,"63,487",50% bullish,of 2 ratings,$16.50
FRAN,$10.68,1440609383793,"264,360",50% bullish,of 4 ratings,$15
FREE,$0.346,1440609383826,"204,322",92% bullish,of 12 ratings,N/A
FEIM,$10.51,1440609383988,"2,086",100% bearish,of 1 rating,N/A
RAIL,$19.4,1440609384018,"32,644",100% bearish,of 1 rating,$24.50
FRPT,$12.125,1440609384090,"117,103",67% bearish,of 3 ratings,$23.50
FTR,$4.74,1440609384117,"9,075,165",78% bullish,of 27 ratings,$6.25
FTRPR,$96.0399,1440609384376,"47,194",100% bearish,of 1 rating,N/A
FRPH,$30.52,1440609384413,"1,039",100% bearish,of 1 rating,N/A
FSBW,$22.9999,1440609384478,438,Not yet rated,NULL,N/A
FSYS,$6.1347,1440609384581,"19,092",67% bullish,of 3 ratings,$10
FCEL,$0.7201,1440609384640,"377,425",88% bullish,of 41 ratings,$2.65
FTEK,$2.0699,1440609384668,"51,818",75% bullish,of 4 ratings,N/A
FTD,$28.82,1440609384702,"27,823",100% bearish,of 1 rating,$40
FULL,$3.07,1440609384723,"15,509",67% bearish,of 3 ratings,$4.25
FLL,$1.47,1440609384799,"13,835",75% bullish,of 4 ratings,$3.50
FULLL,$25.15,1440609384825,272,Not yet rated,NULL,N/A
FSNN,NULL,1440609384970,0,67% bullish,of 3 ratings,$6
FFHL,$0.883,1440609385031,"1,100",50% bullish,of 4 ratings,N/A
FULT,$11.73,1440609385098,"324,456",100% bearish,of 1 rating,$13
FXEN,$0.77,1440609385194,"26,260",75% bullish,of 4 ratings,$1.10
GK,$66.07,1440609385327,"30,584",Not yet rated,NULL,$78
FXENP,$15.86,1440609385356,560,100% bearish,of 1 rating,N/A
WILC,$4.854,1440609385460,"5,000",100% bullish,of 2 ratings,N/A
GAIA,$5.85,1440609385488,"4,812",50% bullish,of 2 ratings,$8.50
GALE,$1.48,1440609385516,"900,062",89% bullish,of 47 ratings,$4
GLPG,$60.0982,1440609385542,"42,639",100% bullish,of 1 rating,$75
GALT,$1.77,1440609385573,"26,600",80% bullish,of 5 ratings,N/A
GALTU,NULL,1440609385681,0,100% bearish,of 1 rating,N/A
GLMD,$8.56,1440609385784,"41,175",67% bullish,of 3 ratings,$20.50
GALTW,NULL,1440609385861,0,100% bullish,of 1 rating,N/A
GLPI,$31.09,1440609385929,"218,624",100% bearish,of 1 rating,$37.50
GPIC,$10.6,1440609386060,159,100% bearish,of 1 rating,N/A
GRMN,$37.18,1440609386161,"319,191",50% bullish,of 6 ratings,$46.50
GGACW,$0.11,1440609386250,"17,010",Not yet rated,NULL,N/A
GGACR,NULL,1440609386318,0,100% bullish,of 1 rating,N/A
GGAC,$9.85,1440609386345,189,100% bearish,of 1 rating,N/A
GENC,$9.49,1440609386393,220,100% bearish,of 1 rating,N/A
GARS,$14.0958,1440609386420,"18,434",Not yet rated,NULL,$16
GNCMA,$16.65,1440609386552,"52,593",100% bearish,of 1 rating,$12
GFN,$3.53,1440609386635,"9,702",100% bearish,of 2 ratings,$8
GGACU,$10.02,1440609386836,872,Not yet rated,NULL,N/A
GENE,$2.02,1440609386867,"59,453",100% bullish,of 12 ratings,N/A
GFNCP,NULL,1440609386967,0,Not yet rated,NULL,N/A
GNMK,$9.2,1440609387019,"50,209",67% bullish,of 6 ratings,$14
GFNSL,$25.63,1440609387046,"1,000",Not yet rated,NULL,N/A
GNCA,$11.94,1440609387102,"30,741",100% bearish,of 1 rating,$20
GNTX,$15.035,1440609387128,"894,553",Not yet rated,NULL,$20
GHDX,$24.45,1440609387180,"38,925",50% bullish,of 2 ratings,$30
GNVC,$2.3,1440609387318,"13,408",90% bullish,of 10 ratings,$8.50
THRM,$41.8,1440609387339,"243,412",75% bearish,of 4 ratings,$55.50
GTWN,NULL,1440609387416,0,Not yet rated,NULL,N/A
GERN,$2.91,1440609387571,"960,732",88% bullish,of 16 ratings,$5.25
GEVO,$2.25,1440609387600,"313,323",75% bullish,of 12 ratings,$5
GEOS,$13.98,1440609387629,"48,087",100% bearish,of 3 ratings,$21
GABC,$28.77,1440609387733,"4,155",Not yet rated,NULL,$31
ROCK,$16.23,1440609387763,"24,243",80% bullish,of 5 ratings,$24
GIGA,$1.44,1440609387869,"2,268",100% bearish,of 1 rating,N/A
GIGM,$0.5602,1440609387923,"4,000",100% bullish,of 2 ratings,N/A
GIII,$63.87,1440609387948,"47,231",67% bullish,of 3 ratings,$75
GILD,$103.367,1440609388018,"4,116,660",91% bullish,of 87 ratings,$129
GILT,$4.19,1440609388122,"1,599",50% bullish,of 2 ratings,N/A
GLADO,$25.4,1440609388155,725,Not yet rated,NULL,N/A
GBCI,$24.33,1440609388179,"183,330",50% bullish,of 2 ratings,$31
GOOD,$14.24,1440609388290,"53,324",Not yet rated,NULL,$19
GLAD,$8.14,1440609388320,"55,225",50% bullish,of 2 ratings,$8.75
GOODN,$25.27,1440609388508,300,Not yet rated,NULL,N/A
GOODO,$25,1440609388534,400,Not yet rated,NULL,N/A
GOODP,$25.25,1440609388688,15,Not yet rated,NULL,N/A
GAIN,$7.24,1440609388728,"84,309",100% bullish,of 2 ratings,$8.25
GAINO,$25.1301,1440609388830,"1,837",Not yet rated,NULL,N/A
GAINN,$25.15,1440609388857,"16,489",Not yet rated,NULL,N/A
LAND,$9.12,1440609389152,"7,784",50% bullish,of 2 ratings,$13.75
GLBZ,$11.0101,1440609389247,150,Not yet rated,NULL,N/A
GBT,$39.9,1440609389299,"101,730",100% bearish,of 1 rating,N/A
ENT,$11.06,1440609389510,"231,823",100% bearish,of 1 rating,$18
GBLI,$26.66,1440609389538,"1,799",Not yet rated,NULL,N/A
GAINP,$26,1440609389572,"2,644",Not yet rated,NULL,N/A
GDEF,NULL,1440609389663,0,Not yet rated,NULL,N/A
GPACU,NULL,1440609389706,0,Not yet rated,NULL,N/A
GSOL,$8.2,1440609389737,"10,317",100% bearish,of 1 rating,N/A
ACTX,$12.5599,1440609389762,100,100% bullish,of 1 rating,N/A
QQQC,$18.0328,1440609389837,"3,390",100% bearish,of 1 rating,N/A
SOCL,$16.6543,1440609390043,"27,235",100% bullish,of 2 ratings,N/A
GAI,$5.82,1440609390116,746,50% bullish,of 2 ratings,N/A
SRET,NULL,1440609390179,0,Not yet rated,NULL,N/A
YLCO,NULL,1440609390207,0,Not yet rated,NULL,N/A
GSM,$12.29,1440609390232,"252,146",50% bullish,of 2 ratings,$23
ALTY,NULL,1440609390260,0,Not yet rated,NULL,N/A
GBIM,$2.06,1440609390342,"19,403",50% bullish,of 2 ratings,N/A
GLBS,$1.0101,1440609390520,"2,500",67% bullish,of 3 ratings,N/A
GLUU,$4.12,1440609390556,"756,525",92% bullish,of 26 ratings,$9
GLRI,$1.02,1440609390597,"4,100",100% bearish,of 1 rating,$4.25
GLNG,$33.43,1440609390765,"299,208",83% bullish,of 6 ratings,$58
GLYC,$6.69,1440609390849,"10,117",50% bullish,of 2 ratings,$14
GMLP,$17.375,1440609390877,"59,689",50% bullish,of 4 ratings,$32.50
GOGO,$14.8,1440609390917,"296,816",80% bullish,of 5 ratings,$25
GDEN,$8.959,1440609390977,"7,556",50% bullish,of 2 ratings,N/A
GLDC,NULL,1440609391007,0,50% bullish,of 2 ratings,N/A
GBDC,$16.44,1440609391086,"90,669",Not yet rated,NULL,$17.75
GOGL,$2.53,1440609391115,"157,103",75% bullish,of 4 ratings,$5
GOOG,$605.87,1440609391245,"919,273",89% bullish,of 70 ratings,$825
GTIM,$6.35,1440609391350,"18,341",Not yet rated,NULL,$11.50
GPIA,NULL,1440609391530,0,Not yet rated,NULL,N/A
GPRO,$44.116,1440609391566,"3,690,477",78% bullish,of 58 ratings,$72
GOOGL,$636.98,1440609391603,"919,253",88% bullish,of 1080 ratings,$749
GMAN,$4.068,1440609391664,"68,308",60% bullish,of 5 ratings,$8.50
GPIAU,NULL,1440609391691,0,Not yet rated,NULL,N/A
GPIAW,NULL,1440609391820,0,Not yet rated,NULL,N/A
LOPE,$36.16,1440609391862,"61,189",100% bearish,of 2 ratings,$50
GBSN,$0.3528,1440609391959,"5,527,306",100% bearish,of 1 rating,$8.25
GBSNU,NULL,1440609391987,0,NULL,NULL,NULL
GRVY,$3.25,1440609392012,550,50% bullish,of 2 ratings,N/A
GLDD,$5.21,1440609392094,"76,221",100% bearish,of 4 ratings,$7.75
GNBC,$11,1440609392178,"5,696",100% bearish,of 1 rating,$16.50
GSBC,$38.85,1440609392233,"3,184",100% bullish,of 1 rating,$44
GRBK,$12.21,1440609392334,"63,940",77% bullish,of 13 ratings,N/A
GCBC,$28.5,1440609392498,14,100% bullish,of 1 rating,N/A
GPP,$13.165,1440609392555,"31,160",Not yet rated,NULL,$20.50
GPRE,$17.88,1440609392581,"162,195",67% bullish,of 6 ratings,$28.50
GLRE,$23.56,1440609392717,"40,428",50% bullish,of 2 ratings,$41
GRPN,$4.03,1440609392737,"3,390,202",61% bullish,of 71 ratings,$6.75
GRIF,$30.75,1440609392768,300,100% bearish,of 1 rating,N/A
GRFS,$30.27,1440609392814,"44,729",50% bullish,of 2 ratings,$35
GSIG,$12.35,1440609392954,"33,970",100% bearish,of 2 ratings,N/A
OMAB,$38.07,1440609392986,"18,735",100% bullish,of 1 rating,$44
GGAL,$18,1440609393007,"79,998",80% bullish,of 5 ratings,$40
GSIT,$4.7,1440609393089,"2,203",100% bearish,of 1 rating,N/A
GSVC,$8.2596,1440609393160,"12,891",50% bullish,of 2 ratings,$14.50
GFED,$14.775,1440609393343,300,Not yet rated,NULL,$17
GBNK,$15.3,1440609393368,"6,710",100% bearish,of 1 rating,$18
GTXI,$0.7953,1440609393422,"10,276",100% bullish,of 5 ratings,$.75
GULTU,$0.3,1440609393511,"60,800",100% bearish,of 1 rating,N/A
GIFI,$11.12,1440609393537,"22,734",100% bearish,of 1 rating,$16
GUID,$6.79,1440609393564,"37,499",100% bearish,of 3 ratings,$10
GURE,$1.59,1440609393590,"10,878",88% bullish,of 8 ratings,N/A
GPOR,$32.49,1440609393735,"489,020",75% bullish,of 4 ratings,$55
GWPH,$100.01,1440609393760,"40,305",78% bullish,of 9 ratings,$148.50
GWGH,$7.1101,1440609393810,"1,400",100% bearish,of 1 rating,$15.05
HLG,NULL,1440609393898,0,100% bearish,of 1 rating,N/A
HEES,$17.07,1440609393991,"148,950",67% bearish,of 3 ratings,$31
GYRO,NULL,1440609394025,0,100% bearish,of 1 rating,N/A
HNRG,$7.419,1440609394050,"70,863",100% bearish,of 1 rating,$10
HALL,$11,1440609394268,"7,591",Not yet rated,NULL,N/A
HALO,$16.65,1440609394293,"487,020",67% bullish,of 3 ratings,$22.50
HMPR,$1.81,1440609394351,"22,364",100% bullish,of 1 rating,N/A
HBHCL,$24.3899,1440609394507,"15,461",Not yet rated,NULL,N/A
HAFC,$23.55,1440609394646,"34,960",100% bullish,of 2 ratings,$28.50
HNH,$25.99,1440609394674,644,100% bullish,of 1 rating,N/A
HBK,$13.74,1440609394721,304,50% bullish,of 2 ratings,N/A
HBHC,$25.74,1440609394807,"109,411",50% bullish,of 2 ratings,$30
HNSN,$0.4987,1440609394852,"22,474",88% bullish,of 8 ratings,$.40
HQCL,$10.8675,1440609394878,"41,090",67% bullish,of 3 ratings,$14
HLIT,$5.53,1440609394905,"114,013",100% bearish,of 1 rating,$6.50
HDNG,$9.51,1440609394937,"6,589",50% bullish,of 4 ratings,N/A
HRMN,NULL,1440609395040,0,Not yet rated,NULL,N/A
HRMNU,NULL,1440609395215,0,Not yet rated,NULL,N/A
HRMNW,NULL,1440609395262,0,Not yet rated,NULL,N/A
HART,$0.9,1440609395388,"64,105",100% bearish,of 1 rating,N/A
HBIO,$4.42,1440609395413,"25,133",Not yet rated,NULL,$10
TINY,$2.492,1440609395452,"3,650",50% bullish,of 2 ratings,$5.26
HCAPL,$25.3,1440609395586,"2,080",Not yet rated,NULL,N/A
HAS,$71.7241,1440609395634,"413,398",63% bullish,of 8 ratings,$84.50
HCAP,$12.131,1440609395665,"2,964",50% bullish,of 2 ratings,$15
HA,$22.2,1440609395686,"200,584",67% bullish,of 9 ratings,$27
HWKN,$35.45,1440609395770,"9,391",Not yet rated,NULL,N/A
HCOM,$21.9,1440609395818,"6,877",100% bearish,of 1 rating,$28
HIIQ,$4.35,1440609396016,"3,746",50% bullish,of 2 ratings,$7
HWBK,NULL,1440609396043,0,100% bearish,of 1 rating,N/A
HAYN,$35.64,1440609396089,"19,291",100% bearish,of 1 rating,$59
HDS,$31.29,1440609396115,"1,178,922",100% bearish,of 2 ratings,$39.50
HCSG,$32.82,1440609396294,"60,230",50% bullish,of 4 ratings,$35
HSTM,$24.18,1440609396367,"15,588",50% bullish,of 2 ratings,$33.75
HQY,$28.03,1440609396440,"50,072",67% bullish,of 3 ratings,$31
HTBX,$5.04,1440609396469,"14,466",50% bullish,of 2 ratings,$15.50
HTLD,$20.04,1440609396494,"112,699",Not yet rated,NULL,$22.50
HWAY,$11.92,1440609396521,"73,402",100% bearish,of 1 rating,$15
HTLF,$35.2,1440609396542,"12,241",100% bullish,of 1 rating,$39.50
HTWR,$80.99,1440609396680,"48,986",50% bullish,of 2 ratings,$103
HSII,$19.6475,1440609396706,"34,254",100% bullish,of 3 ratings,$25
HELE,$82.43,1440609396749,"65,960",67% bearish,of 3 ratings,$100
HMTV,$13.25,1440609397025,"22,958",100% bearish,of 1 rating,$16
HMNY,$2.27,1440609397078,200,100% bearish,of 1 rating,N/A
HERO,NULL,1440609397116,0,NULL,NULL,NULL
HSIC,$133.687,1440609397212,"97,174",83% bullish,of 6 ratings,$146
HCACU,$9.9505,1440609397233,"2,000",Not yet rated,NULL,N/A
HNNA,$24.43,1440609397268,"4,582",Not yet rated,NULL,N/A
HTBK,$10.6,1440609397289,"11,606",Not yet rated,NULL,$12
HFWA,$17.34,1440609397317,"7,046",100% bullish,of 1 rating,$20
HEOP,$7.61,1440609397539,"2,892",Not yet rated,NULL,$8.50
HRTX,$31.79,1440609397571,"246,990",67% bullish,of 6 ratings,$41
MLHR,$26.44,1440609397596,"87,234",50% bullish,of 2 ratings,$33.50
HCCI,$10.83,1440609397639,"12,313",100% bearish,of 1 rating,$16.50
HSKA,$32.74,1440609397666,"9,509",100% bearish,of 1 rating,$38
HFFC,$15.85,1440609397819,"2,540",Not yet rated,NULL,N/A
HIBB,$37.82,1440609397866,"195,714",100% bearish,of 1 rating,$46.50
HPJ,$2.19,1440609398023,"17,199",75% bullish,of 4 ratings,$12.43
HIMX,$6.33,1440609398051,"416,396",86% bullish,of 21 ratings,$8.50
HSGX,$5.62,1440609398077,"1,300",100% bearish,of 1 rating,$17
HIHO,$3.8326,1440609398098,"10,231",Not yet rated,NULL,N/A
HIFS,$115.76,1440609398129,"1,082",Not yet rated,NULL,N/A
HMNF,$11.14,1440609398325,477,Not yet rated,NULL,N/A
HOLI,$16.83,1440609398360,"114,261",50% bullish,of 4 ratings,$27
HBCP,$24.35,1440609398454,"2,047",Not yet rated,NULL,$29
HMSY,$9.78,1440609398479,"527,703",67% bullish,of 3 ratings,$19.35
HOLX,$37.9,1440609398504,"813,058",67% bullish,of 3 ratings,$42
HFBL,$21.54,1440609398635,200,Not yet rated,NULL,N/A
HOMB,$36.95,1440609398660,"72,910",Not yet rated,NULL,$42
HMIN,$26.46,1440609398838,"59,514",100% bearish,of 2 ratings,$35
AWAY,$26.9,1440609398910,"210,497",67% bullish,of 3 ratings,$36
HMST,$21.63,1440609398940,"56,627",100% bullish,of 2 ratings,$27
HTBI,$17.97,1440609398977,"12,633",67% bullish,of 3 ratings,$18.625
HOFT,$23,1440609399073,"10,017",100% bearish,of 1 rating,N/A
HKTV,$4.43,1440609399102,"23,145",100% bearish,of 1 rating,N/A
CETC,$0.69,1440609399128,"34,152",86% bullish,of 7 ratings,N/A
HFBC,$10.9699,1440609399157,"4,117",Not yet rated,NULL,N/A
HBNC,$22.705,1440609399334,"8,178",100% bullish,of 1 rating,$27
HZNP,$27.945,1440609399442,"573,855",85% bullish,of 20 ratings,$40
HRZN,$10.05,1440609399575,"29,415",50% bullish,of 2 ratings,$14.25
ZINC,$7.01,1440609399596,"192,141",100% bearish,of 1 rating,$17
HWCC,$7.2,1440609399678,"20,559",100% bearish,of 1 rating,$9
HOVNP,$4.45,1440609399810,"1,300",100% bearish,of 1 rating,N/A
HMHC,$21.95,1440609399847,"617,784",Not yet rated,NULL,$27
HDP,$22.88,1440609399875,"168,591",67% bearish,of 3 ratings,$30.50
HSNI,$60.15,1440609399942,"79,488",Not yet rated,NULL,$80
HUBG,$36.895,1440609399974,"23,280",100% bearish,of 1 rating,$43
HTGM,$5.555,1440609400075,"5,911",100% bearish,of 1 rating,$19.50
HCBK,$8.965,1440609400105,"814,140",83% bullish,of 6 ratings,$8.61
HBMD,$14.41,1440609400142,100,100% bearish,of 1 rating,N/A
HDSN,$3.02,1440609400287,"4,689",100% bullish,of 1 rating,$6.25
HSON,$2.53,1440609400350,"4,003",100% bearish,of 1 rating,$5
HBAN,$10.319,1440609400434,"2,992,603",76% bullish,of 17 ratings,$12.29
HURN,$71.99,1440609400628,"72,734",50% bullish,of 2 ratings,$80
HBANP,$1350,1440609400656,25,100% bearish,of 1 rating,N/A
HURC,$28.87,1440609400681,"3,300",100% bearish,of 1 rating,N/A
HDRAU,NULL,1440609400877,0,Not yet rated,NULL,N/A
HBP,$3.06,1440609400924,"6,673",100% bullish,of 1 rating,N/A
HDRAW,NULL,1440609400969,0,Not yet rated,NULL,N/A
HTCH,$1.43,1440609401020,"43,008",100% bearish,of 1 rating,$3.50
HDRA,NULL,1440609401067,0,Not yet rated,NULL,N/A
HYGS,$7.76,1440609401113,"14,045",50% bullish,of 2 ratings,$13
HDRAR,NULL,1440609401165,0,Not yet rated,NULL,N/A
IDSY,$3.7002,1440609401211,"75,949",100% bearish,of 1 rating,$7
IACI,$67.4,1440609401384,"266,470",75% bullish,of 4 ratings,$90
IBKC,$57.55,1440609401515,"65,715",100% bullish,of 1 rating,$70
IKGH,$1.5084,1440609401547,"8,072",75% bullish,of 4 ratings,N/A
ICAD,$3.37,1440609401650,"65,130",50% bullish,of 2 ratings,$7.25
IEP,$68.266,1440609401679,"33,187",75% bullish,of 4 ratings,$99
ICFI,$34.005,1440609401709,"21,439",50% bullish,of 2 ratings,$48.50
ICLR,$76.71,1440609401780,"189,270",100% bearish,of 3 ratings,$85
ICON,$12.45,1440609401808,"346,144",50% bullish,of 2 ratings,$18.50
ICUI,$110.685,1440609401835,"17,604",Not yet rated,NULL,$122
INVE,$4.2,1440609402007,"13,738",75% bullish,of 4 ratings,$4
IPWR,$7.1801,1440609402038,"8,589",100% bullish,of 1 rating,$15
IDXX,$70.32,1440609402077,"130,838",100% bearish,of 1 rating,$77
IDRA,$2.62,1440609402106,"448,962",89% bullish,of 9 ratings,$6.50
DSKY,$10.65,1440609402132,"63,422",67% bullish,of 6 ratings,$11.50
IROQ,$16.761,1440609402181,"1,050",100% bullish,of 1 rating,N/A
IRG,$4.57,1440609402317,"16,441",100% bearish,of 1 rating,$4.50
IIVI,$16.9,1440609402494,"58,984",100% bearish,of 1 rating,$22
RXDX,$12.34,1440609402538,"44,257",100% bullish,of 1 rating,$20
IKNX,$11.95,1440609402584,100,100% bearish,of 1 rating,N/A
IKAN,$2.725,1440609402719,"28,285",83% bullish,of 6 ratings,$5
KANG,$14.69,1440609402740,"205,328",50% bullish,of 2 ratings,$22.55
ISNS,$3.96,1440609402771,"6,480",50% bullish,of 2 ratings,N/A
ILMN,$189.3,1440609402799,"1,137,456",80% bullish,of 5 ratings,$240
IMMR,$11.59,1440609402824,"36,528",80% bullish,of 5 ratings,$15.50
IMDZ,$14.4,1440609402977,"49,196",100% bearish,of 1 rating,$33
ICCC,$7.66,1440609403012,"7,043",100% bullish,of 1 rating,N/A
IMGN,$13.065,1440609403040,"361,474",75% bullish,of 4 ratings,$17.50
IMNP,$1.14,1440609403113,"89,426",50% bullish,of 2 ratings,$6
IPXL,$42.1275,1440609403244,"172,581",67% bullish,of 3 ratings,$46.50
IMMU,$1.85,1440609403269,"225,033",86% bullish,of 7 ratings,$2
IMMY,$7.29,1440609403458,"6,802",100% bearish,of 1 rating,$11
SAAS,$7.26,1440609403518,"108,715",50% bullish,of 2 ratings,$15
INCY,$102.29,1440609403543,"324,465",50% bullish,of 6 ratings,$125.50
INCR,$41.1,1440609403594,"62,754",50% bullish,of 2 ratings,$53
IBCP,$13.9701,1440609403698,"31,766",100% bullish,of 1 rating,$14.50
INDB,$43.54,1440609403723,"18,557",Not yet rated,NULL,$44
IBTX,$38.82,1440609403786,"17,530",100% bullish,of 2 ratings,$47.25
IDSA,$3.35,1440609403819,"5,156",Not yet rated,NULL,N/A
INFI,$8.58,1440609403919,"190,681",50% bullish,of 4 ratings,$18
IPCC,$77.77,1440609403946,"5,156",Not yet rated,NULL,$77.50
INFN,$20.56,1440609403981,"1,132,353",71% bullish,of 7 ratings,$28
III,$3.98,1440609404006,"7,320",57% bullish,of 7 ratings,$6
IMKTA,$50.895,1440609404251,"28,025",100% bearish,of 1 rating,N/A
IFON,$1.22,1440609404276,"9,380",75% bullish,of 4 ratings,N/A
INOD,$2.39,1440609404408,"10,620",100% bearish,of 1 rating,N/A
INWK,$6.85,1440609404437,"41,798",50% bullish,of 2 ratings,$10
IPHS,$45.69,1440609404476,"28,787",100% bearish,of 1 rating,$60
IOSP,$47.01,1440609404502,"117,264",100% bearish,of 1 rating,N/A
INNL,$12.4,1440609404542,"1,365",100% bearish,of 1 rating,$16.50
ISSC,$2.88,1440609404568,"3,438",67% bearish,of 3 ratings,N/A
ITEK,$11.21,1440609404790,"281,669",100% bearish,of 3 ratings,$20
INO,$6.48,1440609404821,"356,401",89% bullish,of 18 ratings,$20
INGN,$45.29,1440609404879,"55,782",100% bearish,of 1 rating,$50.50
INOV,$20.49,1440609404953,"185,671",100% bearish,of 1 rating,$33
NSIT,$25.365,1440609404980,"65,432",50% bullish,of 2 ratings,N/A
INSM,$22.94,1440609405012,"134,925",71% bullish,of 7 ratings,$31.50
ISIG,$2.6,1440609405114,"4,700",100% bearish,of 1 rating,N/A
IIIN,$17.17,1440609405186,"24,763",100% bearish,of 2 ratings,N/A
INSY,$31.39,1440609405319,"155,098",75% bullish,of 4 ratings,$48
PODD,$28.405,1440609405367,"107,159",67% bearish,of 3 ratings,$35
NTEC,$5.5,1440609405427,"17,400",100% bearish,of 1 rating,N/A
IART,$58.235,1440609405457,"153,587",100% bearish,of 1 rating,$71.50
IDTI,$17.15,1440609405559,"650,967",60% bullish,of 5 ratings,$25
ISSI,$21.79,1440609405691,"100,478",67% bullish,of 3 ratings,$19.75
INTC,$26.535,1440609405724,"12,591,792",82% bullish,of 238 ratings,$36
IQNT,$17.91,1440609405757,"61,278",86% bullish,of 7 ratings,$20
IESC,$7.25,1440609405778,"1,493",100% bearish,of 1 rating,N/A
IPAR,$25.35,1440609405822,"15,079",67% bullish,of 3 ratings,$38
IPCI,$2.1,1440609405854,"42,893",67% bullish,of 6 ratings,$8
IBKR,$36.93,1440609405955,"174,829",100% bullish,of 1 rating,N/A
ININ,$34.69,1440609405980,"22,067",67% bearish,of 3 ratings,$57
ICPT,$172.44,1440609406157,"126,119",70% bullish,of 10 ratings,$359.50
ICLD,$1.77,1440609406255,"83,628",75% bullish,of 4 ratings,N/A
ICLDW,NULL,1440609406310,0,100% bearish,of 1 rating,N/A
IMI,$2,1440609406387,"100,135",67% bullish,of 3 ratings,$2.22
IDCC,$47.26,1440609406446,"68,270",80% bullish,of 5 ratings,$63
TILE,$23.53,1440609406474,"189,210",100% bearish,of 3 ratings,$27
INAP,$7.84,1440609406581,"57,804",75% bullish,of 4 ratings,$11
ISCA,$30.51,1440609406621,"42,219",100% bearish,of 1 rating,N/A
IBOC,$24.31,1440609406756,"32,665",100% bearish,of 1 rating,N/A
IIJI,$10.13,1440609406787,100,50% bullish,of 2 ratings,$11.50
IGLD,$6.9701,1440609406818,"3,215",50% bullish,of 2 ratings,N/A
INPH,$0.29,1440609406856,"12,900",50% bullish,of 2 ratings,N/A
PTNT,$2.77,1440609406919,"10,402",Not yet rated,NULL,N/A
XENT,$25,1440609406996,"41,131",50% bullish,of 2 ratings,$36.50
ISIL,$9.98,1440609407171,"230,191",50% bullish,of 6 ratings,$15
INTX,$2.045,1440609407196,"125,618",67% bullish,of 3 ratings,N/A
IILG,$19.41,1440609407238,"44,074",100% bearish,of 1 rating,$29
INTL,$25.605,1440609407264,"28,591",67% bearish,of 3 ratings,N/A
IVAC,$4.66,1440609407330,"8,511",100% bearish,of 1 rating,$6.625
IIN,$6.02,1440609407394,100,100% bearish,of 1 rating,$12
INTLL,$25.5,1440609407457,"3,350",Not yet rated,NULL,N/A
INTU,$82.04,1440609407593,"1,204,643",86% bullish,of 7 ratings,$107.50
ISRG,$500.77,1440609407635,"55,431",67% bullish,of 3 ratings,$600
ITCI,$25.025,1440609407700,"283,385",75% bearish,of 4 ratings,$40
INVT,$0.2699,1440609407728,"26,302",67% bullish,of 3 ratings,N/A
SNAK,$8.33,1440609407862,"76,546",50% bullish,of 2 ratings,$14
ISBC,$11.34,1440609407887,"667,824",100% bullish,of 1 rating,$13.25
ISTR,$15.75,1440609408046,502,100% bearish,of 1 rating,$18.50
IVTY,$13.43,1440609408088,"5,154",Not yet rated,NULL,$18
ITIC,$71,1440609408151,600,100% bearish,of 2 ratings,N/A
IPAS,$1.07,1440609408183,"1,884",67% bullish,of 3 ratings,N/A
NVIV,$9.26,1440609408213,"90,792",50% bullish,of 4 ratings,$24.50
DTUL,NULL,1440609408317,0,Not yet rated,NULL,N/A
DFVL,NULL,1440609408462,0,Not yet rated,NULL,N/A
IRMD,$24.8376,1440609408489,"2,261",67% bearish,of 3 ratings,$25
IPCM,$79.05,1440609408545,"54,512",50% bullish,of 2 ratings,$80.125
IRDM,$6.8,1440609408617,"176,811",60% bullish,of 5 ratings,$11.50
IRDMB,$271.95,1440609408708,906,67% bearish,of 3 ratings,N/A
IRIX,$6.7,1440609408735,"26,511",100% bearish,of 1 rating,N/A
IPGP,$83.635,1440609408763,"98,521",100% bearish,of 2 ratings,$109.50
IRBT,$27.61,1440609408867,"120,901",67% bullish,of 6 ratings,$37
FCHI,NULL,1440609409002,0,NULL,NULL,NULL
IRCP,NULL,1440609409035,0,100% bullish,of 2 ratings,N/A
IRWD,$10.6999,1440609409069,"253,084",100% bearish,of 1 rating,$13
COMT,$31.02,1440609409096,"3,431",100% bearish,of 1 rating,N/A
GNMA,$50.2299,1440609409166,"2,588",Not yet rated,NULL,N/A
IFAS,NULL,1440609409193,0,NULL,NULL,NULL
IFEU,$37.64,1440609409222,"18,576",Not yet rated,NULL,N/A
IFNA,NULL,1440609409427,0,NULL,NULL,NULL
IFGL,$27.9225,1440609409486,"18,092",Not yet rated,NULL,N/A
ACWI,$53.9199,1440609409517,"971,961",Not yet rated,NULL,N/A
AAXJ,$51.2,1440609409591,"752,399",Not yet rated,NULL,N/A
EMDI,NULL,1440609409745,0,NULL,NULL,NULL
EEMA,$48,1440609409775,"5,177",Not yet rated,NULL,N/A
AXJS,NULL,1440609409793,0,NULL,NULL,NULL
AAIT,NULL,1440609409821,0,NULL,NULL,NULL
ACWX,$39.6243,1440609409879,"680,537",100% bearish,of 1 rating,N/A
EGRW,NULL,1440609410029,0,NULL,NULL,NULL
EEME,NULL,1440609410052,0,NULL,NULL,NULL
EMEY,NULL,1440609410076,0,NULL,NULL,NULL
EEML,$26.42,1440609410102,"1,886",Not yet rated,NULL,N/A
EVAL,NULL,1440609410121,0,NULL,NULL,NULL
EUFN,$21.44,1440609410251,"280,532",100% bearish,of 1 rating,N/A
IEUS,$44.7112,1440609410383,"3,888",100% bearish,of 1 rating,N/A
QAT,$20.285,1440609410530,688,Not yet rated,NULL,N/A
UAE,$16.815,1440609410597,300,Not yet rated,NULL,N/A
IBB,$328.03,1440609410623,"544,058",63% bullish,of 8 ratings,N/A
EMIF,$27.26,1440609410644,"30,846",Not yet rated,NULL,N/A
SOXX,$77.45,1440609410672,"282,769",50% bullish,of 2 ratings,N/A
INDY,$26.8599,1440609410896,"68,149",50% bullish,of 2 ratings,N/A
ICLN,$9.128,1440609410927,"9,234",50% bullish,of 2 ratings,N/A
WOOD,$46.5031,1440609410962,"4,631",50% bullish,of 2 ratings,N/A
ISIS,$46.845,1440609410991,"741,703",53% bullish,of 15 ratings,$67
ISHG,$80.566,1440609411023,"22,767",100% bearish,of 1 rating,N/A
IGOV,$91.94,1440609411060,"27,729",100% bearish,of 1 rating,N/A
ISLE,$15.95,1440609411091,"95,951",50% bullish,of 4 ratings,$16
ISRL,$125,1440609411197,115,100% bearish,of 1 rating,N/A
ITRI,$29.64,1440609411223,"106,795",Not yet rated,NULL,$37
IXYS,$10.41,1440609411514,"32,426",50% bullish,of 4 ratings,N/A
ITUS,NULL,1440609411541,0,Not yet rated,NULL,N/A
ITRN,$23.58,1440609411622,"1,286",50% bullish,of 2 ratings,N/A
XXIA,$14.88,1440609411676,"86,923",71% bullish,of 7 ratings,$14.625
MAYS,NULL,1440609411726,0,Not yet rated,NULL,N/A
JASO,$7.25,1440609411774,"383,894",82% bullish,of 17 ratings,$10
JJSF,$112.28,1440609411807,"18,155",100% bearish,of 1 rating,N/A
JCOM,$65.79,1440609411926,"62,766",100% bullish,of 2 ratings,$77
JBHT,$72.07,1440609411956,"410,934",50% bullish,of 4 ratings,$89.50
JACK,$78.835,1440609412091,"131,575",83% bullish,of 6 ratings,$105
JKHY,$67.35,1440609412112,"335,896",50% bullish,of 2 ratings,$72
JXSB,$23.95,1440609412145,400,Not yet rated,NULL,N/A
JAXB,$12.28,1440609412192,"64,500",100% bullish,of 1 rating,N/A
JAGX,$3.2,1440609412241,"1,600",Not yet rated,NULL,N/A
JAKK,$9.14,1440609412290,"187,800",60% bearish,of 5 ratings,$11
ERW,NULL,1440609412529,0,Not yet rated,NULL,N/A
JMBA,$13.32,1440609412560,"62,236",75% bullish,of 4 ratings,$18
JASN,$4.71,1440609412598,"8,629",50% bullish,of 2 ratings,$9.50
JAZZ,$160.13,1440609412627,"132,236",80% bullish,of 15 ratings,$206.50
JD,$24.94,1440609412735,"3,432,773",75% bullish,of 16 ratings,$36
JASNW,NULL,1440609412761,0,50% bullish,of 2 ratings,N/A
JRVR,$26.41,1440609412787,"26,754",Not yet rated,NULL,$32
JBLU,$21.56,1440609412928,"2,370,358",94% bullish,of 18 ratings,$27
JTPY,$2.92,1440609412958,920,100% bearish,of 1 rating,N/A
JIVE,$4.22,1440609413132,"218,367",75% bullish,of 4 ratings,$5
JCTCF,$9.5,1440609413159,100,100% bullish,of 1 rating,N/A
DATE,$5.7,1440609413189,"78,757",75% bullish,of 4 ratings,$9
WYIGU,$10.01,1440609413295,"64,843",Not yet rated,NULL,N/A
JOEZ,$0.1801,1440609413404,"148,587",92% bullish,of 12 ratings,N/A
JST,$3.745,1440609413468,"17,473",75% bullish,of 4 ratings,N/A
JNP,$9.4,1440609413507,"9,815",100% bullish,of 3 ratings,$15
JOUT,$22.6,1440609413549,"5,686",100% bearish,of 1 rating,$34
JBSS,$51.5096,1440609413581,"18,574",67% bearish,of 3 ratings,N/A
JUNO,$34.9499,1440609413649,"518,235",73% bullish,of 11 ratings,$71.50
KTWO,$20.9,1440609413676,"42,842",100% bearish,of 1 rating,$28.50
KALU,$78.4,1440609413706,"34,482",67% bearish,of 3 ratings,$91
KBIO,$2.1,1440609413898,"118,895",50% bullish,of 4 ratings,N/A
KMDA,$3.28,1440609413963,"2,400",50% bullish,of 2 ratings,$8
KNDI,$5.9399,1440609414031,"125,579",86% bullish,of 22 ratings,N/A
KCLI,$46.01,1440609414091,"5,245",Not yet rated,NULL,N/A
KPTI,$12.73,1440609414233,"78,464",67% bearish,of 3 ratings,$39
KBSF,$3.8,1440609414293,300,100% bullish,of 1 rating,N/A
KELYA,$13.69,1440609414335,"58,111",67% bullish,of 6 ratings,$20
KELYB,NULL,1440609414379,0,50% bullish,of 2 ratings,N/A
KMPH,$19.5,1440609414407,"13,434",100% bearish,of 2 ratings,$22
KCAP,$4.48,1440609414434,"77,887",75% bullish,of 4 ratings,$6
