Symbol,Price,Date,Volume,Rating,RatingVoteCount,OneYearEstimate
TFSCU,$10.22,1441048502986,"1,000",Not yet rated,NULL,N/A
PIH,$7.74,1441048503012,"3,600",100% bearish,of 1 rating,N/A
TFSC,NULL,1441048503041,0,100% bearish,of 1 rating,N/A
TFSCR,NULL,1441048503070,0,Not yet rated,NULL,N/A
FCCY,$11.57,1441048503092,491,100% bullish,of 1 rating,$13
TFSCW,$0.23,1441048503113,932,100% bearish,of 1 rating,N/A
FCTY,$7.8605,1441048503149,"2,843",100% bullish,of 1 rating,$8.50
FLWS,$8.3,1441048503245,"389,879",80% bullish,of 5 ratings,$15
VNET,$17.82,1441048503415,"250,204",60% bullish,of 5 ratings,$35
TWOU,$35,1441048503442,"120,022",50% bullish,of 2 ratings,$39
JOBS,$27.025,1441048503468,"50,109",50% bullish,of 4 ratings,$36
DSLV,$68.885,1441048503608,"6,521",100% bearish,of 1 rating,N/A
UGLD,$9.2989,1441048503661,"89,009",100% bearish,of 1 rating,N/A
DGLD,$80.9946,1441048503740,"8,881",100% bullish,of 1 rating,N/A
SRCE,$29.7,1441048503797,"9,588",100% bullish,of 3 ratings,$33
USLV,$12.6355,1441048503822,"191,477",86% bullish,of 7 ratings,N/A
EGHT,$7.84,1441048504117,"138,405",82% bullish,of 17 ratings,$11
CAFD,$14.92,1441048504146,"62,672",Not yet rated,NULL,$25
AVHI,$14.24,1441048504181,"14,770",100% bearish,of 1 rating,$19
AAON,$20.7,1441048504239,"31,730",100% bearish,of 1 rating,$24
SHLM,$34.36,1441048504260,"20,881",100% bearish,of 1 rating,$47
SIXD,$2.305,1441048504290,"68,749",Not yet rated,NULL,N/A
ABAX,$47.075,1441048504346,"48,172",100% bearish,of 1 rating,$60
ABEOW,$1.8689,1441048504531,"2,675",100% bullish,of 1 rating,N/A
ABY,$22.77,1441048504627,"334,292",100% bearish,of 2 ratings,$46
ABEO,$4.75,1441048504659,"44,045",50% bullish,of 4 ratings,$15.50
ABMD,$96.43,1441048504699,"151,882",75% bullish,of 4 ratings,$100.50
ABGB,$5.82,1441048504724,"27,039",67% bullish,of 3 ratings,$5.50
AXAS,$1.9231,1441048504856,"597,370",78% bullish,of 9 ratings,$3.50
ACHC,$72.99,1441048504992,"297,489",50% bullish,of 2 ratings,$92
ACAD,$36.93,1441048505020,"329,995",80% bullish,of 20 ratings,$48
ACTG,$9.46,1441048505051,"66,816",67% bullish,of 3 ratings,$18.50
AXDX,$19.46,1441048505077,"76,150",100% bearish,of 1 rating,N/A
XLRN,$28.91,1441048505102,"41,280",50% bullish,of 2 ratings,$57
ACST,$0.3566,1441048505153,"25,322",100% bullish,of 2 ratings,N/A
ARAY,$6.77,1441048505257,"549,721",100% bearish,of 1 rating,$10.50
ANCX,$20.39,1441048505290,"13,235",Not yet rated,NULL,$20
VXDN,$1.95,1441048505394,"32,610",100% bearish,of 1 rating,N/A
VXUP,$1.59,1441048505426,"43,883",100% bearish,of 1 rating,N/A
ACRX,$4.35,1441048505527,"159,456",67% bearish,of 6 ratings,$5.50
ACHN,$7.47,1441048505694,"970,847",90% bullish,of 21 ratings,$16
AKAO,$6.89,1441048505748,"21,546",75% bullish,of 4 ratings,$15
ACET,$22.22,1441048505774,"20,117",75% bullish,of 4 ratings,$30
ACIW,$21.36,1441048505802,"115,859",67% bearish,of 3 ratings,$24
ACNB,$20,1441048505829,670,Not yet rated,NULL,N/A
ACOR,$31.875,1441048505850,"384,848",67% bearish,of 3 ratings,$38.50
ACTS,$1.7,1441048506106,"55,224",100% bearish,of 1 rating,N/A
ATVI,$28.84,1441048506132,"5,615,058",67% bullish,of 84 ratings,$31.50
ACPW,$2.01,1441048506158,"110,028",100% bullish,of 4 ratings,$3.50
ACUR,$2.97,1441048506293,"15,790",100% bullish,of 5 ratings,$5
ACTA,$14.12,1441048506319,"28,598",67% bearish,of 3 ratings,$25
ACXM,$20.99,1441048506340,"144,349",67% bullish,of 3 ratings,N/A
ADMS,$20.09,1441048506474,"23,258",100% bearish,of 2 ratings,$36
ADAP,$10.74,1441048506609,"61,848",67% bullish,of 3 ratings,$22
ADUS,$28.84,1441048506639,"29,447",100% bearish,of 1 rating,$31
AEY,$2.32,1441048506689,"1,200",100% bearish,of 2 ratings,N/A
ADMP,$3.633,1441048506746,"6,032",50% bullish,of 2 ratings,$10
ADEP,$7.22,1441048506771,"62,522",50% bullish,of 2 ratings,$10.75
ADMA,$9.31,1441048506798,"8,699",Not yet rated,NULL,$19
ADRO,$19.2,1441048507052,"148,973",80% bullish,of 5 ratings,$45.50
ADBE,$78.551,1441048507080,"709,185",65% bullish,of 17 ratings,$90
AMD,$1.83,1441048507109,"3,116,967",83% bullish,of 103 ratings,$2
ADTN,$15.98,1441048507130,"96,609",67% bullish,of 3 ratings,$17.125
AEIS,$24.1699,1441048507159,"63,089",50% bullish,of 2 ratings,$32.50
ADXS,$14.8492,1441048507291,"510,494",64% bullish,of 14 ratings,$27
ADXSW,$10.11,1441048507421,"6,039",100% bullish,of 1 rating,N/A
MULT,NULL,1441048507470,0,100% bearish,of 1 rating,N/A
AEGR,$17.79,1441048507501,"93,542",50% bullish,of 6 ratings,$26
YPRO,$23.0899,1441048507530,185,100% bearish,of 1 rating,N/A
AEGN,$18.44,1441048507603,"46,628",100% bearish,of 2 ratings,$21
AEHR,$2.3699,1441048507627,"3,200",50% bullish,of 2 ratings,N/A
AMTX,$2.992,1441048507755,"6,000",50% bullish,of 2 ratings,$26.11
AEZS,$0.0866,1441048507852,"8,480,624",90% bullish,of 21 ratings,$1.50
AVAV,$23.97,1441048507929,"20,075",50% bullish,of 4 ratings,$31
AERI,$15.9,1441048507960,"316,207",75% bullish,of 4 ratings,$31.50
AEMD,$7.53,1441048508015,"138,251",Not yet rated,NULL,$27.50
AFMD,$10.13,1441048508058,"74,853",50% bullish,of 4 ratings,$15
AEPI,$55.01,1441048508115,"8,303",100% bearish,of 1 rating,N/A
AGEN,$7.11,1441048508220,"291,053",85% bullish,of 13 ratings,$14
AFFX,$9.3,1441048508290,"159,080",80% bullish,of 5 ratings,$12.50
AGYS,$10.27,1441048508321,"20,568",100% bearish,of 1 rating,N/A
AGRX,$8.91,1441048508389,"2,600",100% bearish,of 1 rating,$17.50
AGFS,$9.81,1441048508495,"41,644",100% bearish,of 1 rating,N/A
AGIO,$87.77,1441048508563,"98,264",88% bullish,of 8 ratings,$114
AIMT,$21.05,1441048508629,"127,020",Not yet rated,NULL,N/A
AGFSW,$2.05,1441048508726,"23,800",100% bearish,of 2 ratings,N/A
AIRT,$22.485,1441048508801,768,100% bullish,of 1 rating,N/A
ATSG,$9,1441048508827,"48,581",67% bullish,of 3 ratings,$13
AIRM,$37.4,1441048508849,"75,770",80% bearish,of 5 ratings,$53
AMCN,$4.56,1441048508880,"71,078",83% bullish,of 6 ratings,N/A
AKAM,$71.25,1441048509032,"599,787",63% bullish,of 8 ratings,$77
AIXG,$6.36,1441048509059,"8,112",67% bearish,of 3 ratings,$5.25
AKER,$2.56,1441048509214,"20,189",Not yet rated,NULL,N/A
AKBA,$7.08,1441048509239,"75,308",100% bearish,of 1 rating,$18
AKRX,$39.91,1441048509268,"204,754",78% bullish,of 9 ratings,$56
ALRM,$16.92,1441048509395,"38,553",100% bearish,of 1 rating,$22
ALSK,$2.2,1441048509423,"64,833",78% bullish,of 18 ratings,$2
AMRI,$20.09,1441048509562,"59,473",75% bearish,of 4 ratings,$24
ABDC,$13.04,1441048509613,"20,309",Not yet rated,NULL,$15
ALXN,$172.94,1441048509707,"495,004",88% bullish,of 8 ratings,$223
ADHD,$7.7,1441048509734,"90,720",50% bullish,of 4 ratings,$18
ALDR,$38.73,1441048509760,"193,127",67% bearish,of 3 ratings,$62
ALDX,$7.5076,1441048509791,"2,489",100% bearish,of 1 rating,$14.50
ALXA,$1.1108,1441048509892,"2,760",83% bullish,of 6 ratings,$2.125
ALIM,$3.41,1441048510075,"15,653",80% bullish,of 5 ratings,$10
ALGN,$56.73,1441048510100,"135,286",100% bearish,of 2 ratings,$73
ALKS,$60.07,1441048510147,"220,321",67% bullish,of 3 ratings,$75
ALGT,$204.91,1441048510172,"79,938",100% bearish,of 2 ratings,$235
ALCO,$41.66,1441048510199,"2,628",50% bullish,of 2 ratings,N/A
AFOP,$18.98,1441048510363,"96,003",75% bullish,of 8 ratings,$21
ALLB,$22.64,1441048510494,100,Not yet rated,NULL,N/A
AIQ,$14.33,1441048510525,"5,600",67% bullish,of 3 ratings,N/A
ARLP,$25.73,1441048510596,"103,868",67% bearish,of 3 ratings,$32
AHGP,$36.03,1441048510624,"45,821",67% bullish,of 3 ratings,N/A
AHPI,$1.45,1441048510655,"1,280",50% bullish,of 2 ratings,N/A
AMOT,$19.12,1441048510705,"55,076",100% bearish,of 1 rating,N/A
ALQA,$4.43,1441048510806,"13,885",75% bullish,of 4 ratings,$8.50
ALLT,$5.24,1441048510878,"210,576",75% bullish,of 4 ratings,$6.25
MDRX,$13.72,1441048510904,"646,117",60% bullish,of 5 ratings,$16
AOSL,$7.55,1441048511094,"20,524",67% bullish,of 3 ratings,$9
AFAM,$44.21,1441048511121,"28,874",50% bullish,of 2 ratings,$44
ALNY,$103.67,1441048511142,"730,981",67% bullish,of 3 ratings,$148.50
SMCP,NULL,1441048511273,0,Not yet rated,NULL,N/A
AIMC,$25.08,1441048511334,"28,263",100% bearish,of 2 ratings,$28.50
ALTR,$48.7,1441048511408,"530,737",80% bearish,of 5 ratings,$54
ATEC,$0.576,1441048511467,"44,800",100% bullish,of 1 rating,$2
ASPS,$27.35,1441048511492,"104,396",67% bullish,of 3 ratings,$46.50
AMRN,$2.22,1441048511539,"767,104",85% bullish,of 39 ratings,$8
AMAG,$63.53,1441048511568,"268,641",100% bullish,of 2 ratings,$77.50
AMRK,$10.51,1441048511669,"2,400",50% bullish,of 2 ratings,$14
AYA,$20.59,1441048511801,"6,567",100% bearish,of 1 rating,$40
AMZN,$513,1441048511837,"1,026,648",81% bullish,of 264 ratings,$646
AMBC,$16.27,1441048511977,"115,831",100% bearish,of 1 rating,$16.50
AMBA,$94.9501,1441048512003,"1,607,308",83% bullish,of 12 ratings,$102.50
AMBCW,$7.75,1441048512033,500,100% bearish,of 1 rating,N/A
DOX,$57.34,1441048512134,"99,657",67% bearish,of 3 ratings,$60
AMCX,$72.31,1441048512164,"199,524",67% bullish,of 3 ratings,$87.50
EPAX,$2.69,1441048512266,"6,800",100% bearish,of 1 rating,N/A
AMED,$38.64,1441048512397,"93,616",100% bearish,of 1 rating,$42
ASBI,$22.73,1441048512427,641,Not yet rated,NULL,N/A
ATAX,$5.39,1441048512478,"76,749",100% bullish,of 1 rating,$6.50
AMDA,$0.4699,1441048512523,"389,326",90% bullish,of 10 ratings,$1
UHAL,$373.88,1441048512553,"4,907",100% bullish,of 2 ratings,$393.50
AMOV,$18.14,1441048512580,295,100% bearish,of 1 rating,N/A
AAL,$38.977,1441048512621,"5,416,895",93% bullish,of 88 ratings,$57
AGNC,$19.185,1441048512880,"1,841,645",71% bullish,of 28 ratings,$22
MTGE,$15.259,1441048512907,"267,105",75% bullish,of 4 ratings,$19.50
AGNCB,$24.17,1441048512936,"23,463",Not yet rated,NULL,N/A
ACSF,$12.1401,1441048512972,"25,761",100% bearish,of 1 rating,$15
AGNCP,$25.35,1441048513045,"5,318",Not yet rated,NULL,N/A
MTGEP,$24.2001,1441048513072,"2,800",Not yet rated,NULL,N/A
ACAS,$13.91,1441048513147,"483,533",60% bullish,of 5 ratings,$16.75
ANCI,$1.55,1441048513308,200,100% bearish,of 1 rating,N/A
AETI,$3.57,1441048513345,"8,400",67% bearish,of 3 ratings,N/A
ANAT,$99.61,1441048513376,"30,566",100% bullish,of 1 rating,N/A
AMNB,$23.53,1441048513445,"1,854",Not yet rated,NULL,$25.50
APEI,$22.07,1441048513472,"33,209",100% bearish,of 1 rating,$25.50
ARII,$41.67,1441048513500,"135,790",67% bearish,of 3 ratings,$45
AMIC,NULL,1441048513745,0,100% bearish,of 1 rating,N/A
ASEI,$39.41,1441048513777,"10,800",100% bearish,of 1 rating,$52.50
AMRB,$10.0936,1441048513802,"60,177",Not yet rated,NULL,$11
AMSWA,$9.05,1441048513960,"182,458",100% bearish,of 2 ratings,$10.75
AMSC,$5.45,1441048513985,"283,496",50% bullish,of 4 ratings,N/A
CRMT,$35.51,1441048514011,"11,995",100% bearish,of 1 rating,$39
AMWD,$66.56,1441048514035,"60,133",50% bullish,of 2 ratings,$70
ASRVP,NULL,1441048514244,0,Not yet rated,NULL,N/A
AMSF,$46.56,1441048514282,"28,636",Not yet rated,NULL,$57.50
AMGN,$152.11,1441048514304,"1,488,750",89% bullish,of 19 ratings,$185
ASRV,$3.296,1441048514337,"2,477",100% bullish,of 2 ratings,N/A
FOLD,$14.54,1441048514362,"926,621",56% bullish,of 9 ratings,$21
ATLO,$23,1441048514391,517,Not yet rated,NULL,N/A
ABCB,$27.29,1441048514412,"36,745",Not yet rated,NULL,$31
AMKR,$5.43,1441048514576,"1,331,729",100% bearish,of 2 ratings,$5
AMPH,$12.9,1441048514601,"42,565",50% bullish,of 2 ratings,$20
AMSGP,$150.44,1441048514865,500,Not yet rated,NULL,N/A
AMSG,$78.78,1441048514947,"98,754",100% bearish,of 1 rating,$85.50
ASYS,$5.41,1441048514994,"24,900",67% bullish,of 3 ratings,$12
AMRS,$1.81,1441048515223,"109,855",70% bullish,of 10 ratings,N/A
AFSI,$58.009,1441048515249,"130,682",60% bullish,of 5 ratings,$72
ANAC,$131.35,1441048515287,"179,455",80% bullish,of 5 ratings,$180.50
ADI,$56.03,1441048515316,"995,626",67% bullish,of 3 ratings,$69
ANAD,$0.3401,1441048515340,"43,510",100% bullish,of 2 ratings,$.50
ALOG,$80.5,1441048515415,"36,396",100% bearish,of 2 ratings,$100.50
ANCB,$21.98,1441048515554,500,Not yet rated,NULL,$23
ABCW,$40.141,1441048515606,"5,253",67% bullish,of 3 ratings,N/A
ANGI,$5.29,1441048515689,"331,571",64% bullish,of 11 ratings,$5.50
ANIK,$35.36,1441048515865,"75,101",60% bullish,of 5 ratings,$51.25
AMCF,$0.205,1441048515895,"155,645",100% bullish,of 7 ratings,N/A
ANIP,$49.29,1441048515916,"69,233",89% bullish,of 19 ratings,$66
ANGO,$14.74,1441048515953,"76,259",67% bullish,of 3 ratings,$19
ANSS,$88.78,1441048516050,"132,012",100% bearish,of 1 rating,$100
ANTH,$6.9,1441048516077,"335,581",80% bullish,of 10 ratings,$13
ATRS,$1.76,1441048516108,"260,319",92% bullish,of 12 ratings,$4.50
ATNY,$2.34,1441048516129,"3,602",50% bullish,of 2 ratings,$3.75
ABAC,$0.786,1441048516261,"3,025",100% bearish,of 1 rating,N/A
APIC,$6.42,1441048516419,"31,889",100% bearish,of 1 rating,$19
APOG,$52.14,1441048516517,"67,419",50% bullish,of 2 ratings,$67
APOL,$11.17,1441048516542,"580,779",87% bearish,of 68 ratings,$14
AAPL,$113.12,1441048516603,"23,502,665",86% bullish,of 2357 ratings,$150
APPF,$16,1441048516672,"34,383",50% bullish,of 2 ratings,$22
AINV,$6.52,1441048516758,"1,282,077",50% bullish,of 4 ratings,$8
ARCI,$1.18,1441048516784,"3,600",Not yet rated,NULL,N/A
APDN,$3.53,1441048516831,"72,632",Not yet rated,NULL,$9
APDNW,$1.4,1441048516865,"6,420",Not yet rated,NULL,N/A
AMAT,$16.11,1441048516966,"5,760,526",82% bullish,of 11 ratings,$23
AGTC,$16.4,1441048516991,"15,646",50% bullish,of 2 ratings,$33
AMCC,$5.85,1441048517144,"168,481",80% bullish,of 5 ratings,$8
AAOI,$20.72,1441048517171,"95,489",50% bullish,of 4 ratings,$26
AREX,$2.57,1441048517196,"415,854",100% bearish,of 1 rating,$3
APRI,$1.66,1441048517325,"1,251,643",83% bullish,of 6 ratings,$4.86
APTO,$5.4,1441048517351,"3,876",Not yet rated,NULL,$17
AQMS,$4.9,1441048517500,"24,744",Not yet rated,NULL,N/A
AUMA,NULL,1441048517604,0,Not yet rated,NULL,N/A
AUMAW,NULL,1441048517662,0,Not yet rated,NULL,N/A
AQXP,$16.875,1441048517692,"215,489",50% bullish,of 2 ratings,$2
AUMAU,NULL,1441048517734,0,Not yet rated,NULL,N/A
ARDM,$6.9,1441048517759,"2,351",100% bullish,of 1 rating,$26
PETX,$17.46,1441048517792,"102,781",100% bearish,of 2 ratings,$26
ABUS,$7.12,1441048517959,"217,718",86% bullish,of 14 ratings,$23
ABIO,$0.9055,1441048518012,"102,338",50% bullish,of 2 ratings,$3.75
ARCW,$3.7042,1441048518038,"6,259",100% bearish,of 2 ratings,$10.50
ACAT,$26.45,1441048518174,"69,637",100% bearish,of 3 ratings,$33
ACGL,$68.4549,1441048518206,"149,559",50% bullish,of 2 ratings,$72
ARCB,$29.04,1441048518237,"63,155",67% bearish,of 3 ratings,$39.50
RKDA,$6.4,1441048518304,"6,161",100% bearish,of 2 ratings,$10
ARNA,$2.67,1441048518333,"1,199,766",90% bullish,of 78 ratings,$5.50
ARDX,$18.93,1441048518439,"42,503",50% bullish,of 2 ratings,$24.50
ARCC,$15.7872,1441048518502,"611,684",67% bearish,of 3 ratings,$17.75
AGII,$55.87,1441048518730,"37,875",Not yet rated,NULL,$59.50
ARGS,$6.19,1441048518800,"30,262",50% bullish,of 2 ratings,$19.50
ARIA,$9.305,1441048518827,"6,661,169",87% bullish,of 46 ratings,$9
ARIS,$3.6401,1441048518860,"9,143",Not yet rated,NULL,$4.50
AGIIL,$25.31,1441048518888,"2,625",Not yet rated,NULL,N/A
ARTX,$1.48,1441048518991,"12,761",88% bullish,of 16 ratings,$4.50
ARKR,$24.8391,1441048519041,927,50% bullish,of 2 ratings,N/A
ARMH,$42.285,1441048519143,"710,016",54% bearish,of 13 ratings,$60
ARWAR,NULL,1441048519168,0,Not yet rated,NULL,N/A
ARQL,$1.705,1441048519329,"45,546",75% bullish,of 4 ratings,$5
ARWAU,NULL,1441048519354,0,100% bullish,of 1 rating,N/A
ARWAW,NULL,1441048519379,0,Not yet rated,NULL,N/A
ARWA,NULL,1441048519404,0,Not yet rated,NULL,N/A
ARRY,$5.88,1441048519536,"946,295",100% bullish,of 7 ratings,$10
DWAT,$10.01,1441048519580,5,100% bearish,of 1 rating,N/A
ARRS,$26.45,1441048519613,"331,549",50% bullish,of 2 ratings,$38
ARWR,$5.92,1441048519711,"425,364",75% bullish,of 4 ratings,$10.50
AROW,$27.46,1441048519738,"2,177",Not yet rated,NULL,N/A
ARTW,$4.2899,1441048519879,964,75% bearish,of 4 ratings,N/A
ARTNA,$21.95,1441048519907,"3,676",100% bearish,of 1 rating,$29
ASBB,NULL,1441048520045,0,Not yet rated,NULL,N/A
ASNA,$12.045,1441048520102,"941,258",50% bullish,of 2 ratings,$18
ASMI,NULL,1441048520201,0,NULL,NULL,NULL
ASND,$19.11,1441048520227,"19,742",50% bullish,of 2 ratings,$30
ASTI,$0.1015,1441048520256,"1,294,702",83% bullish,of 6 ratings,$3
APWC,$1.7499,1441048520359,"2,070",100% bearish,of 1 rating,N/A
ASCMA,$28.05,1441048520398,"26,335",100% bearish,of 1 rating,$45
ASML,$91.24,1441048520485,"289,303",50% bullish,of 4 ratings,$127
AZPN,$37.935,1441048520514,"110,063",50% bullish,of 2 ratings,$42
ASMB,$13.47,1441048520589,"27,123",67% bullish,of 3 ratings,N/A
ALOT,$13.3284,1441048520719,316,100% bearish,of 1 rating,N/A
ASFI,$8.88,1441048520745,"2,100",100% bullish,of 1 rating,N/A
ASTE,$39.46,1441048520776,"90,535",100% bearish,of 1 rating,$48
ATRO,$51.64,1441048520873,"47,059",100% bearish,of 2 ratings,$80
ASUR,$5.7999,1441048520948,"10,500",50% bullish,of 2 ratings,$8
ASTC,$2.02,1441048520978,"22,567",100% bullish,of 5 ratings,N/A
ATRA,$40.98,1441048521080,"147,742",50% bullish,of 2 ratings,$68
ATAI,$2.395,1441048521109,"3,842",100% bearish,of 1 rating,N/A
ATHN,$133.13,1441048521214,"81,808",67% bearish,of 3 ratings,$153
AAPC,NULL,1441048521270,0,Not yet rated,NULL,N/A
AFCB,NULL,1441048521299,0,Not yet rated,NULL,N/A
AAME,$3.48,1441048521345,100,Not yet rated,NULL,N/A
ATHX,$1.14,1441048521450,"98,022",89% bullish,of 9 ratings,$5
ATNI,$72.35,1441048521581,"42,527",100% bearish,of 1 rating,$69.50
ACFC,$5.31,1441048521607,"51,960",100% bearish,of 1 rating,$6.50
AAWW,$41.37,1441048521682,"71,898",50% bullish,of 2 ratings,$65
ATLC,$3.8823,1441048521779,"1,799",67% bullish,of 3 ratings,N/A
AFH,$16.1,1441048521808,"11,292",Not yet rated,NULL,$21.50
ATML,$8.15,1441048521834,"2,257,037",78% bullish,of 9 ratings,$9.50
ATOS,$0.7843,1441048521993,"11,468",100% bullish,of 7 ratings,$7
ATRI,$390.05,1441048522037,368,Not yet rated,NULL,N/A
ATRC,$24.525,1441048522096,"60,667",100% bullish,of 1 rating,$30
ATTU,$13.1,1441048522122,"10,596",100% bearish,of 1 rating,$20.50
AUBN,$26.5,1441048522189,100,Not yet rated,NULL,N/A
LIFE,$14.33,1441048522273,"11,504",86% bullish,of 7 ratings,$43
ATRM,$2.8599,1441048522377,"1,000",50% bullish,of 2 ratings,N/A
AUPH,$3.37,1441048522478,"52,970",100% bearish,of 1 rating,$8
AUDC,$3.4,1441048522517,"41,885",80% bullish,of 5 ratings,$5
ADAT,$0.3002,1441048522566,"193,909",100% bullish,of 2 ratings,N/A
EARS,$4.81,1441048522591,"5,341",100% bearish,of 2 ratings,$11
ABTL,$17.72,1441048522620,"29,572",100% bullish,of 4 ratings,$20.25
ADSK,$46.695,1441048522761,"1,580,424",67% bullish,of 6 ratings,$66
ADP,$77.4001,1441048522862,"694,453",100% bearish,of 1 rating,$88
AAVL,$10.49,1441048522931,"120,967",100% bearish,of 1 rating,$20
AVNU,$12.31,1441048523035,252,Not yet rated,NULL,$14
AVGO,$126.22,1441048523067,"1,055,673",88% bullish,of 8 ratings,$165
AVEO,$1.43,1441048523097,"346,870",75% bullish,of 8 ratings,$3
AVNW,$1.18,1441048523167,"51,037",50% bullish,of 2 ratings,$2.20
AVID,$8.38,1441048523193,"102,122",100% bearish,of 1 rating,$20
AVGR,$14.47,1441048523324,"4,975",100% bearish,of 1 rating,$20
AWRE,$3.24,1441048523350,"2,750",67% bullish,of 3 ratings,N/A
AXPW,$3.3599,1441048523394,"3,929,641",83% bullish,of 6 ratings,N/A
ACLS,$3.28,1441048523480,"324,186",67% bullish,of 6 ratings,$4.75
AXPWW,NULL,1441048523526,0,Not yet rated,NULL,N/A
CAR,$44.225,1441048523558,"636,801",80% bullish,of 5 ratings,$60
AXTI,$2.18,1441048523697,"28,718",50% bullish,of 2 ratings,$2.75
AXGN,$4.77,1441048523732,"208,297",Not yet rated,NULL,$5
BCOM,NULL,1441048523802,0,100% bearish,of 1 rating,N/A
BOSC,$2.21,1441048524044,"2,380",50% bullish,of 2 ratings,N/A
BEAV,$48.88,1441048524074,"254,813",67% bearish,of 3 ratings,$59
BCPC,$58.325,1441048524100,"57,109",100% bearish,of 1 rating,$75
RILY,$10.15,1441048524121,200,Not yet rated,NULL,N/A
BWINB,$23.03,1441048524152,"1,523",Not yet rated,NULL,N/A
BIDU,$147.285,1441048524173,"1,353,049",81% bullish,of 88 ratings,$210
BANF,$60.24,1441048524307,"6,640",Not yet rated,NULL,$68
BLDP,$1.31,1441048524332,"148,147",91% bullish,of 22 ratings,$2.50
BANFP,NULL,1441048524489,0,Not yet rated,NULL,N/A
BKMU,$7.2,1441048524518,"10,365",Not yet rated,NULL,$8
BOCH,$5.76,1441048524547,"2,407",Not yet rated,NULL,$6.50
BWINA,$23.31,1441048524572,280,Not yet rated,NULL,N/A
BMRC,$48,1441048524652,"17,280",Not yet rated,NULL,$52
BKSC,$16.42,1441048524839,"4,046",Not yet rated,NULL,N/A
BOTJ,NULL,1441048524868,0,Not yet rated,NULL,N/A
BFIN,$12.23,1441048524914,"6,514",Not yet rated,NULL,$13
OZRK,$41.75,1441048524966,"113,159",67% bullish,of 3 ratings,$49.50
BANR,$44.05,1441048524995,"39,859",100% bullish,of 3 ratings,$50
BZUN,$5.11,1441048525099,"105,644",50% bullish,of 2 ratings,$11.50
TAPR,NULL,1441048525126,0,100% bearish,of 1 rating,N/A
BWFG,$18.09,1441048525154,206,100% bearish,of 1 rating,N/A
BHACU,NULL,1441048525335,0,Not yet rated,NULL,N/A
BHAC,NULL,1441048525398,0,Not yet rated,NULL,N/A
BHACR,NULL,1441048525431,0,Not yet rated,NULL,N/A
BHACW,$0.1399,1441048525483,200,Not yet rated,NULL,N/A
BBSI,$35.58,1441048525530,"35,163",67% bearish,of 3 ratings,$62.50
BSET,$28.85,1441048525671,"21,136",100% bearish,of 1 rating,$35
BV,$5.19,1441048525699,"198,088",67% bullish,of 6 ratings,$9
BYBK,$4.9,1441048525768,"3,993",100% bearish,of 1 rating,N/A
BBCN,$14.48,1441048525871,"60,039",100% bearish,of 1 rating,$16
BDCV,$4.95,1441048525906,"9,817",100% bearish,of 1 rating,$10.19
BYLK,$12.8236,1441048525931,"5,186",Not yet rated,NULL,$14
BECN,$36.01,1441048526003,"147,555",50% bullish,of 2 ratings,$40
BCBP,$11.4522,1441048526089,"2,000",Not yet rated,NULL,N/A
BSF,$8.56,1441048526146,"2,044",Not yet rated,NULL,N/A
BBGI,$4.07,1441048526252,"4,393",100% bearish,of 1 rating,N/A
BEBE,$1.28,1441048526280,"508,270",75% bullish,of 4 ratings,$2.125
BELFA,$14.8701,1441048526413,210,100% bearish,of 1 rating,N/A
BELFB,$17.63,1441048526444,"17,607",100% bearish,of 1 rating,N/A
BBBY,$62.08,1441048526523,"497,712",71% bullish,of 7 ratings,$75
BLPH,$5.29,1441048526550,"2,925",100% bearish,of 1 rating,$12.50
BNCL,$12.36,1441048526598,"82,614",100% bullish,of 3 ratings,$12.50
BLCM,$16.84,1441048526625,"82,856",50% bullish,of 4 ratings,$40
BGMD,$0.715,1441048526758,"92,472",100% bullish,of 10 ratings,N/A
BNTC,$7.96,1441048526838,"15,247",100% bullish,of 1 rating,N/A
BNFT,$36.21,1441048526868,"45,752",67% bullish,of 3 ratings,$46
BGCP,$8.75,1441048526936,"334,573",88% bullish,of 8 ratings,$14
BIND,$4.76,1441048527030,"157,130",75% bullish,of 4 ratings,$13.50
BGFV,$11.5,1441048527076,"92,765",57% bullish,of 7 ratings,$12
ORPN,$5.85,1441048527163,"7,489",100% bullish,of 1 rating,$28.50
BASI,$1.65,1441048527241,"5,448",Not yet rated,NULL,N/A
BCDA,NULL,1441048527296,0,Not yet rated,NULL,N/A
BIOC,$1.95,1441048527325,"76,386",83% bullish,of 6 ratings,$3.85
BCRX,$11.7,1441048527427,"498,596",63% bullish,of 8 ratings,$18
BIOL,$1.49,1441048527566,"17,860",Not yet rated,NULL,N/A
BDSI,$6.745,1441048527606,"334,917",88% bullish,of 8 ratings,$17
BIOD,$0.6698,1441048527628,"18,049",80% bullish,of 5 ratings,$4
BLFS,$2.885,1441048527698,"6,017,252",100% bearish,of 1 rating,$4.75
BIIB,$298.71,1441048527728,"557,930",88% bullish,of 16 ratings,$400
BLRX,$1.5299,1441048527751,"91,139",100% bullish,of 12 ratings,$5
BVXV,$3.5001,1441048527834,"7,670",Not yet rated,NULL,N/A
BVXVW,$0.75,1441048527967,"4,500",100% bearish,of 1 rating,N/A
BRLI,NULL,1441048528047,0,NULL,NULL,NULL
BPTH,$1.11,1441048528099,"105,142",100% bullish,of 2 ratings,$5
BMRN,$129.52,1441048528130,"262,645",80% bullish,of 5 ratings,$160
BIOS,$2.43,1441048528231,"240,635",71% bullish,of 7 ratings,$4
BBC,$31.53,1441048528363,"7,281",Not yet rated,NULL,N/A
BOTA,$2.1501,1441048528545,"16,501",88% bullish,of 8 ratings,N/A
BEAT,$14.35,1441048528614,"212,282",67% bearish,of 3 ratings,$15
BSPM,$0.6525,1441048528643,"4,884",50% bullish,of 2 ratings,N/A
BSTC,$49.5399,1441048528664,"62,386",100% bearish,of 1 rating,$76
BBP,$32.74,1441048528699,"6,993",Not yet rated,NULL,N/A
BDMS,NULL,1441048528728,0,100% bearish,of 1 rating,N/A
BITI,$17.06,1441048528749,"6,144",100% bullish,of 1 rating,$28
BJRI,$43.29,1441048528793,"64,496",50% bullish,of 2 ratings,$55
BBOX,$15.47,1441048529042,"46,256",100% bearish,of 1 rating,N/A
TECH,$94.57,1441048529138,"51,116",100% bullish,of 1 rating,$117
BBRY,$7.55,1441048529163,"2,030,859",61% bullish,of 330 ratings,$9
BDE,$7.5,1441048529188,"60,562",50% bullish,of 2 ratings,$9
BLKB,$57.0507,1441048529213,"40,570",100% bearish,of 2 ratings,$66
HAWK,$39.34,1441048529357,"153,783",91% bullish,of 11 ratings,$49
BKCC,$9.4599,1441048529387,"175,318",50% bullish,of 2 ratings,$10
ADRD,$22.0799,1441048529493,"8,464",100% bearish,of 1 rating,N/A
ADRU,$21.79,1441048529519,551,100% bearish,of 1 rating,N/A
ADRE,$29.75,1441048529544,"6,949",100% bearish,of 1 rating,N/A
BLMN,$20.88,1441048529675,"835,334",83% bullish,of 6 ratings,$27.50
BCOR,$13.94,1441048529741,"100,103",57% bullish,of 7 ratings,$15
ADRA,$27.1605,1441048529838,845,100% bearish,of 1 rating,N/A
BBLU,$0.7674,1441048529970,"74,032",100% bullish,of 2 ratings,$4.43
BLBD,$11.81,1441048529997,"3,892",Not yet rated,NULL,N/A
BUFF,$25.365,1441048530042,"490,509",83% bullish,of 12 ratings,$31.50
BHBK,$14.01,1441048530140,"86,115",100% bullish,of 1 rating,$14.50
BLUE,$133.9399,1441048530269,"242,676",71% bullish,of 7 ratings,$217.50
BKEP,$6.24,1441048530346,"32,635",100% bearish,of 1 rating,$8.50
NILE,$33.98,1441048530371,"68,672",50% bullish,of 2 ratings,$34
BPMC,$27.46,1441048530449,"21,200",50% bullish,of 2 ratings,$47.50
WIFI,$7.51,1441048530550,"71,946",50% bullish,of 2 ratings,$13.50
BKEPP,NULL,1441048530580,0,100% bearish,of 1 rating,N/A
BOBE,$45.29,1441048530613,"187,890",75% bullish,of 4 ratings,$57
BNCN,$20.57,1441048530641,"177,086",Not yet rated,NULL,$24
BOFI,$115.89,1441048530718,"154,530",100% bullish,of 6 ratings,$144
BOKF,$62.79,1441048530774,"59,279",100% bearish,of 1 rating,$69
BOJA,$20.84,1441048530801,"103,080",100% bullish,of 1 rating,$30
BONA,$11.64,1441048531030,"56,437",75% bullish,of 4 ratings,$8.50
BNSO,$1.3,1441048531057,16,100% bearish,of 1 rating,N/A
BAMM,$3.18,1441048531083,"27,493",60% bullish,of 5 ratings,N/A
BPFH,$11.83,1441048531135,"86,250",100% bearish,of 1 rating,$14
EPAY,$26.7,1441048531268,"56,588",100% bearish,of 2 ratings,$30
BPFHW,NULL,1441048531297,0,100% bearish,of 1 rating,N/A
BPFHP,$25,1441048531485,"2,705",100% bearish,of 1 rating,N/A
BBRG,$12.73,1441048531511,"35,403",67% bullish,of 3 ratings,$14.50
BDBD,$8.21,1441048531559,"306,307",60% bullish,of 5 ratings,$10
BCLI,$3.05,1441048531587,"44,404",80% bullish,of 5 ratings,$12
BBEPP,$14.57,1441048531608,"21,853",100% bearish,of 1 rating,N/A
BDGE,$26.32,1441048531740,"8,781",Not yet rated,NULL,$31.75
BBEP,$2.88,1441048531770,"1,530,611",69% bullish,of 13 ratings,$5.625
BLIN,$1.35,1441048531888,"1,000",100% bullish,of 2 ratings,$2.20
BCOV,$5.34,1441048532095,"24,699",67% bullish,of 3 ratings,$10.20
BRCM,$51.68,1441048532120,"1,366,547",75% bullish,of 12 ratings,$56
BWEN,$3.25,1441048532274,"13,345",75% bullish,of 4 ratings,$8
BYFC,$1.46,1441048532303,107,50% bullish,of 2 ratings,N/A
BVSN,$5.98,1441048532324,"4,579",60% bearish,of 5 ratings,N/A
BRCD,$10.68,1441048532355,"1,033,563",92% bullish,of 13 ratings,$11.50
BRID,NULL,1441048532386,0,100% bearish,of 1 rating,N/A
BSFT,$31.35,1441048532490,"37,787",57% bullish,of 7 ratings,$40.50
BRKL,$10.52,1441048532623,"56,108",100% bearish,of 1 rating,$10.75
BLMT,$20.505,1441048532826,"4,052",Not yet rated,NULL,N/A
BRKS,$10.41,1441048532903,"34,807",67% bullish,of 3 ratings,$15.25
BRKR,$18.365,1441048532924,"100,264",100% bearish,of 2 ratings,$22
BWLD,$190,1441048532955,"71,601",82% bullish,of 11 ratings,$205
BMTC,$29.6,1441048533004,"15,843",Not yet rated,NULL,$34
BSQR,$6.15,1441048533138,"49,294",67% bullish,of 3 ratings,N/A
BLDR,$14.68,1441048533190,"269,406",67% bullish,of 3 ratings,$22
CFFI,$36.06,1441048533293,189,100% bearish,of 1 rating,N/A
BUR,$1.75,1441048533386,"21,100",100% bearish,of 1 rating,$8
CCMP,$43.35,1441048533477,"26,816",50% bullish,of 2 ratings,$59
CA,$27.3,1441048533547,"731,976",50% bullish,of 4 ratings,$33
CHRW,$67.535,1441048533578,"473,250",Not yet rated,NULL,$72
CDNS,$20.045,1441048533599,"393,019",75% bullish,of 4 ratings,$22.50
CDZI,$8.03,1441048533728,"51,670",100% bearish,of 1 rating,N/A
CZR,$9.46,1441048533911,"362,465",60% bearish,of 5 ratings,$10.50
CACQ,$7,1441048533942,"38,725",100% bearish,of 1 rating,$12.25
CSTE,$39.82,1441048533969,"78,488",50% bullish,of 2 ratings,$65
CLBS,$1.55,1441048533994,"96,573",79% bullish,of 14 ratings,$4
PRSS,$4.25,1441048534047,"26,246",80% bullish,of 5 ratings,$4.50
CLMS,$10.645,1441048534182,"34,830",Not yet rated,NULL,$10.50
CHI,$10.601,1441048534211,"155,711",100% bearish,of 1 rating,N/A
CHY,$11.403,1441048534308,"144,558",Not yet rated,NULL,N/A
CCD,$19.4099,1441048534343,"64,288",Not yet rated,NULL,N/A
CFGE,$10.5301,1441048534623,755,Not yet rated,NULL,N/A
CSQ,$9.9301,1441048534696,"232,128",Not yet rated,NULL,N/A
CHW,$7.6,1441048534721,"122,622",100% bearish,of 1 rating,N/A
CGO,$12.32,1441048534748,"13,671",100% bearish,of 1 rating,N/A
CAMP,$16.49,1441048534774,"122,098",88% bullish,of 8 ratings,$25
CVGW,$58.31,1441048534803,"65,128",50% bullish,of 2 ratings,$62
CFNB,NULL,1441048534913,0,100% bearish,of 1 rating,N/A
CALA,$5.86,1441048534970,"299,328",100% bullish,of 3 ratings,$19.50
CAMB,NULL,1441048535174,0,Not yet rated,NULL,N/A
CALM,$53.06,1441048535202,"439,694",80% bullish,of 5 ratings,$65
CALD,$15.77,1441048535223,"136,818",100% bearish,of 1 rating,$21
CLMT,$26.03,1441048535246,"91,938",75% bullish,of 8 ratings,$31
CAMBU,NULL,1441048535278,0,100% bearish,of 1 rating,N/A
ABCD,$5.2,1441048535382,"127,849",83% bullish,of 6 ratings,N/A
CAC,$40,1441048535589,200,Not yet rated,NULL,N/A
CAMBW,NULL,1441048535618,0,Not yet rated,NULL,N/A
CSIQ,$18.72,1441048535646,"854,252",86% bullish,of 28 ratings,$42.50
CPHC,NULL,1441048535679,0,100% bearish,of 1 rating,N/A
CAMT,$2.65,1441048535720,"21,609",73% bullish,of 11 ratings,$4
CBNJ,$11.16,1441048535887,"14,435",100% bearish,of 1 rating,N/A
CGIX,$9.765,1441048535954,"8,022",67% bullish,of 3 ratings,$14.375
CCBG,$14.92,1441048536056,"1,297",Not yet rated,NULL,$17.25
CBF,$30.551,1441048536114,"86,850",Not yet rated,NULL,$32
CPLA,$48.66,1441048536144,"66,298",67% bearish,of 3 ratings,$65
CSWC,$45.38,1441048536165,"4,273",Not yet rated,NULL,N/A
CPLP,$6.99,1441048536193,"214,058",71% bullish,of 7 ratings,$11
CPTA,$13.67,1441048536430,"21,971",100% bearish,of 1 rating,$18.50
CFFN,$12.05,1441048536495,"149,421",Not yet rated,NULL,$12.75
CARA,$18.9,1441048536530,"98,819",50% bullish,of 4 ratings,$25
CPST,$0.4059,1441048536658,"764,511",95% bullish,of 22 ratings,$1.25
CAPNW,$0.6898,1441048536683,100,Not yet rated,NULL,N/A
CAPR,$4.8,1441048536706,"10,809",Not yet rated,NULL,$12
CAPN,$2.3201,1441048536735,"112,267",100% bullish,of 1 rating,$10.85
CARB,$11.06,1441048536968,"60,012",75% bullish,of 4 ratings,$12
CBYL,$5.43,1441048537010,"5,533",100% bearish,of 1 rating,$20
CSII,$24.01,1441048537109,"63,896",100% bearish,of 2 ratings,$42.125
CRME,$8.7801,1441048537149,"7,655",89% bullish,of 9 ratings,$11.25
CRDC,$0.355,1441048537177,"83,433",100% bullish,of 1 rating,$1.25
CFNL,$22.18,1441048537202,"23,212",Not yet rated,NULL,$24
CATM,$34.3,1441048537228,"120,079",100% bearish,of 1 rating,$44
CECO,$3.7199,1441048537358,"118,766",67% bearish,of 3 ratings,$6
CDNA,$6.92,1441048537497,"2,700",100% bearish,of 1 rating,$9
CKEC,$23.57,1441048537603,"49,871",50% bullish,of 2 ratings,$35.915
CTRE,$11.26,1441048537630,"78,589",50% bullish,of 2 ratings,$13.50
CLBH,$12.7,1441048537676,408,Not yet rated,NULL,$16.50
CARO,$15.44,1441048537808,"1,507",100% bearish,of 1 rating,$19
CART,$5.35,1441048537943,"2,200",100% bearish,of 1 rating,N/A
CRZO,$36.6725,1441048537971,"749,544",67% bearish,of 3 ratings,$54.50
TAST,$12.61,1441048538041,"196,909",Not yet rated,NULL,$14.25
CRTN,$2.51,1441048538100,"1,800",100% bearish,of 1 rating,N/A
CASM,$1.15,1441048538125,"13,170",100% bullish,of 1 rating,$3.50
CARV,$6.7,1441048538150,"26,153",50% bullish,of 2 ratings,N/A
CASY,$105.57,1441048538345,"65,297",50% bullish,of 2 ratings,$99.50
CSCD,$15.38,1441048538372,"17,367",100% bullish,of 2 ratings,$17
CACB,$5.34,1441048538450,"41,553",Not yet rated,NULL,$5.50
CWST,$6.17,1441048538507,"23,049",50% bullish,of 2 ratings,$7.25
CASI,$1.4,1441048538585,"7,856",100% bullish,of 1 rating,$3.50
CASS,$48.05,1441048538694,"7,406",100% bearish,of 1 rating,N/A
CPRX,$3.66,1441048538820,"156,132",71% bullish,of 7 ratings,$7
CATB,$11.36,1441048538845,"6,725",100% bearish,of 1 rating,$28
CVCO,$71.11,1441048538915,"3,357",100% bearish,of 1 rating,N/A
CATY,$29.6,1441048538966,"200,176",100% bearish,of 1 rating,$33.50
CAVM,$68.2,1441048538996,"135,968",67% bearish,of 3 ratings,$72
CATYW,NULL,1441048539021,0,100% bearish,of 1 rating,N/A
CNLM,NULL,1441048539101,0,Not yet rated,NULL,N/A
CBFV,$20.46,1441048539158,886,Not yet rated,NULL,$25
CNLMR,NULL,1441048539322,0,Not yet rated,NULL,N/A
CNLMU,NULL,1441048539350,0,100% bullish,of 1 rating,N/A
CNLMW,NULL,1441048539451,0,Not yet rated,NULL,N/A
CBOE,$63.33,1441048539480,"151,123",Not yet rated,NULL,$60
CDW,$39.79,1441048539584,"384,174",75% bullish,of 4 ratings,$44
CDK,$49.59,1441048539715,"202,311",67% bearish,of 3 ratings,$50
CECE,$9.58,1441048539741,"23,844",50% bullish,of 2 ratings,$16
CLDX,$14.8572,1441048539812,"568,390",89% bullish,of 9 ratings,$36
CELGZ,$1.64,1441048539873,"30,275",80% bullish,of 5 ratings,N/A
CPXX,$2.16,1441048539905,"89,007",100% bullish,of 2 ratings,$7
CLDN,$1.125,1441048539926,"37,646",71% bullish,of 7 ratings,$3
CELG,$118.05,1441048539947,"2,558,167",92% bullish,of 13 ratings,$155.50
CLRBW,$0.92,1441048540126,100,Not yet rated,NULL,N/A
CLRB,$3.082,1441048540186,300,100% bearish,of 1 rating,N/A
CLLS,$33.87,1441048540388,"65,602",75% bullish,of 4 ratings,$51.50
CBMG,$23.45,1441048540419,"40,246",50% bullish,of 2 ratings,N/A
CLSN,$2.1,1441048540519,"42,769",80% bullish,of 10 ratings,$7.50
CEMP,$34.62,1441048540663,"376,597",71% bullish,of 7 ratings,$52
CLTX,$2.785,1441048540711,"253,827",100% bullish,of 2 ratings,N/A
CYAD,$48.79,1441048540744,150,100% bullish,of 1 rating,$87.50
CSFL,$13.7599,1441048540949,"32,868",Not yet rated,NULL,$15
CENTA,$12.65,1441048540975,"214,912",Not yet rated,NULL,N/A
CETX,$2.268,1441048541038,"10,852",Not yet rated,NULL,$5.60
CENT,$12.33,1441048541066,"64,019",Not yet rated,NULL,$10
CVCY,$11.21,1441048541102,100,Not yet rated,NULL,$12
CFBK,NULL,1441048541314,0,Not yet rated,NULL,N/A
CNBKA,$41.59,1441048541397,215,50% bullish,of 2 ratings,N/A
CENX,$5.615,1441048541426,"985,244",67% bullish,of 6 ratings,$9
CETV,$2.21,1441048541532,"47,211",67% bullish,of 3 ratings,$2.80
CNTY,$5.8299,1441048541611,"27,558",80% bullish,of 5 ratings,$7.75
CPHD,$48.87,1441048541661,"148,501",67% bearish,of 3 ratings,$66.50
CERE,$1.17,1441048541787,"185,496",88% bullish,of 8 ratings,N/A
CERN,$61.848,1441048541889,"669,510",67% bullish,of 3 ratings,$79
CRNT,$1.48,1441048541915,"165,939",50% bullish,of 2 ratings,$2
CERS,$5,1441048541944,"243,334",75% bullish,of 4 ratings,$7
CERU,$4.1101,1441048541965,"66,885",75% bullish,of 4 ratings,$14
KOOL,$0.683,1441048542005,"9,299",100% bullish,of 5 ratings,$7
HOTR,$1.4601,1441048542093,"67,849",100% bullish,of 2 ratings,$5
CEVA,$19.18,1441048542118,"19,799",100% bearish,of 1 rating,$25
CYOU,$20.9,1441048542384,"170,791",50% bullish,of 6 ratings,$24
CTHR,$1.35,1441048542438,"6,256",50% bullish,of 2 ratings,$2.50
CHTR,$182.01,1441048542520,"394,263",100% bearish,of 2 ratings,$202
HOTRW,NULL,1441048542549,0,Not yet rated,NULL,N/A
GTLS,$25.23,1441048542652,"126,534",50% bullish,of 4 ratings,$40
CHKP,$77.91,1441048542676,"555,010",50% bullish,of 4 ratings,$92
CHEKW,NULL,1441048542717,0,Not yet rated,NULL,N/A
CHFN,$12.47,1441048542848,"3,745",Not yet rated,NULL,$14
CHEK,$2.1101,1441048542876,440,Not yet rated,NULL,$7.75
CEMI,$4.15,1441048542908,"9,974",50% bullish,of 2 ratings,$7.50
CCXI,$6.55,1441048543005,"32,775",67% bullish,of 3 ratings,$14
CHFC,$31.7,1441048543039,"17,294",100% bearish,of 1 rating,$36
CHMG,$26.5,1441048543064,200,Not yet rated,NULL,$30
CHKE,$25.48,1441048543089,"15,609",100% bearish,of 1 rating,$32.50
CADC,$2.9,1441048543449,"3,003",78% bullish,of 9 ratings,N/A
CHMA,$26.08,1441048543480,"40,674",Not yet rated,NULL,$40
CHEV,$14.32,1441048543530,230,Not yet rated,NULL,N/A
CBNK,$16.3,1441048543556,"23,255",100% bearish,of 1 rating,N/A
PLCE,$59.59,1441048543584,"59,850",100% bearish,of 1 rating,$69
CMRX,$49.2,1441048543610,"107,603",50% bullish,of 2 ratings,$57
CALI,$0.885,1441048543818,700,67% bullish,of 3 ratings,N/A
CBPO,$94.51,1441048543969,"110,784",75% bullish,of 8 ratings,$140.50
CCCL,$0.75,1441048543998,"4,500",100% bullish,of 6 ratings,N/A
CHOP,$1.2,1441048544032,"3,968",50% bullish,of 2 ratings,N/A
CBAK,$1.98,1441048544061,"12,601",67% bullish,of 9 ratings,N/A
CCCR,$0.7779,1441048544087,"44,275",67% bearish,of 3 ratings,N/A
JRJC,$3.7,1441048544216,"37,687",82% bullish,of 11 ratings,N/A
HGSH,$1.86,1441048544259,"3,240",67% bullish,of 3 ratings,N/A
CHLN,$2.02,1441048544360,"2,600",67% bullish,of 3 ratings,N/A
CJJD,$1.9,1441048544491,"1,265",100% bullish,of 1 rating,N/A
CNIT,$1.275,1441048544518,"129,319",67% bullish,of 6 ratings,N/A
CAAS,$6.24,1441048544539,"18,839",93% bullish,of 14 ratings,$11.50
HTHT,$25.55,1441048544672,"110,682",50% bullish,of 2 ratings,$28.40
CPGI,$6.8,1441048544721,479,Not yet rated,NULL,N/A
CHNR,$1.6,1441048544749,"8,781",100% bearish,of 1 rating,N/A
CREG,$0.6949,1441048544770,"38,687",100% bullish,of 3 ratings,N/A
CSUN,$1.44,1441048544808,"5,659",80% bullish,of 5 ratings,N/A
CXDC,$5.74,1441048544910,"15,792",67% bearish,of 3 ratings,N/A
CNTF,$0.8099,1441048544997,"46,600",Not yet rated,NULL,N/A
CNYD,$3.29,1441048545067,"2,002",67% bullish,of 3 ratings,N/A
CNET,$0.9,1441048545102,"40,840",50% bullish,of 2 ratings,N/A
CCIH,$7.38,1441048545162,"84,682",67% bullish,of 6 ratings,$12.65
CHSCL,$27.2,1441048545352,"11,055",Not yet rated,NULL,N/A
IMOS,$18.46,1441048545423,"123,042",60% bullish,of 5 ratings,$21.50
CHSCP,$30.74,1441048545452,"3,412",Not yet rated,NULL,N/A
CHSCN,$27.11,1441048545478,"12,582",Not yet rated,NULL,N/A
CHSCM,$26.33,1441048545554,"12,231",Not yet rated,NULL,N/A
CHSCO,$28.37,1441048545607,"4,500",Not yet rated,NULL,N/A
CHDN,$133.07,1441048545634,"37,301",Not yet rated,NULL,$165
CMCT,$15.1999,1441048545922,900,100% bearish,of 1 rating,N/A
CDTX,$14.2,1441048545966,"17,873",Not yet rated,NULL,$22
CIFC,$6.98,1441048545990,200,100% bearish,of 1 rating,N/A
CHUY,$30.655,1441048546016,"62,222",50% bullish,of 2 ratings,$34
CMPR,$70.22,1441048546147,"153,442",50% bullish,of 2 ratings,$72.50
CINF,$52.347,1441048546278,"220,007",50% bullish,of 4 ratings,$50.50
CIDM,$0.5615,1441048546330,"136,209",50% bullish,of 2 ratings,$2.10
CSCO,$25.8499,1441048546465,"10,191,355",84% bullish,of 209 ratings,$32
CTAS,$85.26,1441048546493,"175,568",100% bearish,of 1 rating,$91
CPHR,$5.3999,1441048546518,"24,550",100% bearish,of 1 rating,$17
CRUS,$30.12,1441048546552,"459,120",75% bullish,of 12 ratings,$44.50
CTRN,$26.39,1441048546573,"25,521",100% bearish,of 1 rating,$31.50
CZNC,$19.7,1441048546651,"4,533",Not yet rated,NULL,N/A
CZFC,$12.6801,1441048546754,750,Not yet rated,NULL,N/A
CIZN,$19.4,1441048546897,616,Not yet rated,NULL,N/A
CZWI,$9.1,1441048546964,402,Not yet rated,NULL,N/A
CHCO,$47.595,1441048547029,"11,107",Not yet rated,NULL,$46
CTXS,$68.04,1441048547054,"616,053",86% bullish,of 7 ratings,$80
CIVB,$9.9,1441048547114,497,Not yet rated,NULL,$11
CIVBP,NULL,1441048547187,0,Not yet rated,NULL,N/A
CLNE,$5.335,1441048547242,"544,399",80% bullish,of 15 ratings,$9
CLNT,$1.4,1441048547284,"10,310",75% bullish,of 8 ratings,N/A
CLFD,$16.95,1441048547425,"26,734",67% bullish,of 3 ratings,$18
CDTI,$1.64,1441048547460,"15,479",75% bullish,of 4 ratings,$3.20
CLIR,$4.9799,1441048547561,"22,375",100% bullish,of 3 ratings,N/A
CLRO,$11.42,1441048547586,"6,744",50% bullish,of 2 ratings,$14.25
CLVS,$78.61,1441048547757,"234,374",60% bullish,of 5 ratings,$101.50
CBLI,$4.05,1441048547782,"24,086",60% bullish,of 5 ratings,N/A
CSBK,$13.77,1441048547830,"10,119",Not yet rated,NULL,N/A
CMFN,$11.44,1441048547859,"14,449",100% bearish,of 1 rating,$15.50
CME,$94.9499,1441048547960,"1,036,909",67% bullish,of 3 ratings,$102
CISG,$7.61,1441048548166,"49,468",100% bullish,of 5 ratings,$10
CCNE,$17,1441048548194,"4,396",50% bullish,of 2 ratings,$21.50
COKE,$153.41,1441048548215,"16,560",79% bullish,of 19 ratings,N/A
CNV,$4.48,1441048548244,"4,915",50% bullish,of 2 ratings,$7.15
CWAY,$11.18,1441048548379,600,Not yet rated,NULL,N/A
CDRB,$14,1441048548439,"3,405",67% bullish,of 3 ratings,N/A
CDXS,$3.73,1441048548464,"10,580",64% bullish,of 11 ratings,$6
COBZ,$12.85,1441048548510,"13,592",100% bullish,of 1 rating,$14
CVLY,$20.7,1441048548595,200,Not yet rated,NULL,N/A
CCOI,$27.63,1441048548752,"148,213",50% bullish,of 4 ratings,$35
JVA,$4.6886,1441048548778,"3,975",83% bullish,of 6 ratings,$7
CTSH,$62.875,1441048548942,"1,526,014",90% bullish,of 10 ratings,$75
CHRS,$27.78,1441048548975,"22,093",67% bearish,of 3 ratings,$37
COHR,$58.33,1441048549004,"28,143",50% bullish,of 2 ratings,$72
CGNT,$1.58,1441048549035,"6,273",100% bullish,of 2 ratings,$2
CGNX,$35.73,1441048549061,"151,820",50% bullish,of 2 ratings,$47
CLCT,$18.52,1441048549135,"7,710",100% bearish,of 1 rating,N/A
CLRX,$0.5403,1441048549194,"47,160",50% bullish,of 2 ratings,N/A
COLL,$15.2,1441048549224,"14,799",100% bearish,of 1 rating,$26
CIGI,$43.81,1441048549467,"14,765",100% bearish,of 1 rating,$52
CBAN,$8.75,1441048549510,"1,200",Not yet rated,NULL,N/A
COHU,$9.64,1441048549559,"39,982",100% bearish,of 1 rating,$14.25
CLCD,$6.85,1441048549690,"14,149",100% bearish,of 1 rating,$20.50
CMCO,$18.94,1441048549719,"12,138",60% bullish,of 5 ratings,$28
COLB,$30.27,1441048549781,"90,441",Not yet rated,NULL,$36
CMCSA,$56.3099,1441048549855,"3,325,201",66% bullish,of 35 ratings,$69.50
CBMX,$1.1,1441048549883,"6,390",83% bullish,of 6 ratings,$3.15
COLM,$61.56,1441048549922,"60,186",100% bearish,of 1 rating,$71
CBSH,$44.7,1441048550062,"169,583",50% bullish,of 2 ratings,$46
CBSHP,$25.4,1441048550092,"2,086",100% bearish,of 1 rating,N/A
CMCSK,$57.37,1441048550158,"1,609,149",Not yet rated,NULL,$84
CUBN,$14.1273,1441048550185,"1,250",Not yet rated,NULL,N/A
CVGI,$5.15,1441048550222,"63,260",50% bullish,of 2 ratings,$6
COMM,$32.54,1441048550366,"397,614",67% bearish,of 3 ratings,$35
CSAL,$20.2335,1441048550404,"261,596",75% bullish,of 4 ratings,$30
ESXB,$5.06,1441048550628,"12,057",Not yet rated,NULL,N/A
JCS,$8.6147,1441048550694,"3,040",67% bullish,of 3 ratings,N/A
CTBI,$34.92,1441048550851,"4,668",Not yet rated,NULL,$36
CYHHZ,$0.01,1441048550903,717,100% bullish,of 1 rating,N/A
CWBC,$6.8399,1441048550986,"2,615",Not yet rated,NULL,N/A
COB,$10.44,1441048551047,"1,020",100% bullish,of 1 rating,$11.75
CVLT,$35.84,1441048551075,"152,606",75% bullish,of 4 ratings,$44.50
CIZ,$33.2301,1441048551104,"2,276",100% bearish,of 1 rating,N/A
CID,$33.52,1441048551129,100,Not yet rated,NULL,N/A
CIL,$33.59,1441048551149,700,Not yet rated,NULL,N/A
CSA,$33.03,1441048551294,605,Not yet rated,NULL,N/A
CSF,$36.7871,1441048551485,848,100% bearish,of 1 rating,N/A
CFO,$35.44,1441048551510,"29,146",100% bearish,of 1 rating,N/A
CDC,$34.653,1441048551535,"5,001",Not yet rated,NULL,N/A
CFA,$35.45,1441048551589,"1,885",100% bearish,of 1 rating,N/A
CSB,$33.02,1441048551802,100,Not yet rated,NULL,N/A
CDL,$33.5,1441048551853,110,Not yet rated,NULL,N/A
CPSI,$46,1441048551929,"37,015",100% bearish,of 1 rating,$45.50
CGEN,$4.9323,1441048551957,"72,387",50% bullish,of 2 ratings,$11
CTG,$6.74,1441048551978,"17,954",100% bearish,of 1 rating,$8.50
SCOR,$52.31,1441048552015,"114,615",100% bearish,of 1 rating,$66
CMTL,$26.79,1441048552042,"25,115",100% bearish,of 2 ratings,$37
CHCI,$0.66,1441048552112,"8,073",50% bullish,of 2 ratings,N/A
CNCE,$15.55,1441048552294,"53,310",75% bullish,of 4 ratings,$22
CNSI,$18.86,1441048552364,"66,395",100% bearish,of 2 ratings,$29
CNAT,$3.98,1441048552430,"29,433",83% bullish,of 6 ratings,$13
CXRX,$76.44,1441048552537,"4,300",100% bearish,of 1 rating,$90
CCUR,$5.38,1441048552563,"25,227",75% bullish,of 4 ratings,N/A
CDORO,NULL,1441048552639,0,100% bearish,of 1 rating,N/A
CDORP,$7,1441048552771,700,100% bearish,of 1 rating,N/A
CDOR,$1.39,1441048552801,300,100% bullish,of 1 rating,N/A
CNFR,$10.17,1441048552827,"3,469",Not yet rated,NULL,N/A
CFMS,$16.1501,1441048552852,"1,208,518",100% bearish,of 1 rating,$27
CNOB,$18.98,1441048552983,"12,688",100% bullish,of 1 rating,$23.50
CNMD,$52.615,1441048553016,"52,164",Not yet rated,NULL,$59
CTWS,$34.6,1441048553088,"15,551",100% bearish,of 1 rating,$44
CNXR,$7.1,1441048553108,"44,630",100% bearish,of 1 rating,$12
CONN,$29.75,1441048553190,"233,946",67% bullish,of 3 ratings,$48.50
CNSL,$19.7199,1441048553250,"39,321",100% bearish,of 1 rating,$23
CWCO,$10.57,1441048553501,"35,025",67% bullish,of 3 ratings,$14.50
CPSS,$5.72,1441048553527,"9,428",100% bullish,of 1 rating,$10
CFRX,$4.92,1441048553588,"16,061",Not yet rated,NULL,$14
CFRXW,$2.28,1441048553618,"1,000",100% bearish,of 1 rating,N/A
CTCT,$24.86,1441048553698,"77,982",67% bullish,of 3 ratings,$37
CTRL,$8.98,1441048553730,"40,872",50% bullish,of 2 ratings,$11
CFRXZ,$0.49,1441048553761,"1,498",Not yet rated,NULL,N/A
CTRV,$3.69,1441048553862,"23,085",Not yet rated,NULL,$6.40
CPRT,$34.9,1441048554094,"118,925",67% bearish,of 3 ratings,$40
CRBP,$1.92,1441048554120,"138,423",100% bullish,of 2 ratings,$6.25
CORT,$5,1441048554145,"165,225",67% bullish,of 3 ratings,$12
BVA,$3.849,1441048554295,"13,283",50% bullish,of 2 ratings,N/A
CORI,$10,1441048554348,"96,194",100% bearish,of 1 rating,$18
CSOD,$35.58,1441048554379,"146,104",50% bullish,of 2 ratings,$42
CORE,$60.1529,1441048554429,"64,182",100% bearish,of 1 rating,$72
CRVL,$30.19,1441048554490,"18,163",100% bearish,of 1 rating,N/A
COST,$139.37,1441048554529,"828,522",79% bullish,of 24 ratings,$154.50
COSI,$1.19,1441048554587,"240,257",100% bullish,of 1 rating,N/A
CSGP,$177.28,1441048554657,"71,486",50% bullish,of 2 ratings,$235
CPAH,$0.47,1441048554750,"2,600",50% bullish,of 2 ratings,N/A
ICBK,$18.47,1441048554792,900,Not yet rated,NULL,$21
CVTI,$23.59,1441048554831,"33,581",67% bearish,of 3 ratings,$39
COVS,$2.715,1441048555051,"70,727",67% bullish,of 3 ratings,N/A
COWN,$5.245,1441048555187,"216,039",75% bullish,of 4 ratings,$7
COWNL,$26.25,1441048555233,"4,419",Not yet rated,NULL,N/A
CRAI,$22.56,1441048555260,"12,202",100% bearish,of 1 rating,$36
CPSH,$2.41,1441048555288,300,Not yet rated,NULL,N/A
CBRL,$144.63,1441048555321,"116,783",50% bullish,of 2 ratings,$155
BREW,$8.18,1441048555422,"12,246",67% bullish,of 6 ratings,$15
CRAY,$21.26,1441048555449,"84,773",83% bullish,of 6 ratings,$38.50
GLDI,$11.06,1441048555505,"4,480",100% bearish,of 1 rating,N/A
SLVO,$9.95,1441048555689,"1,071",100% bearish,of 1 rating,N/A
CRESY,$10.47,1441048555817,"5,759",100% bearish,of 1 rating,$19
CREE,$27.28,1441048555845,"271,049",65% bullish,of 17 ratings,$29.50
CRTO,$39.245,1441048555902,"280,547",67% bullish,of 6 ratings,$64
CACC,$203.52,1441048556156,"54,920",50% bullish,of 2 ratings,$158.50
CRWN,$5.18,1441048556199,"362,386",75% bullish,of 4 ratings,N/A
CRDS,$1,1441048556229,"10,554",75% bullish,of 4 ratings,$4.50
CROX,$14.76,1441048556290,"384,547",63% bullish,of 8 ratings,$16.50
CCRN,$13.985,1441048556316,"184,388",100% bearish,of 1 rating,$14.25
CRWS,$8.14,1441048556349,"1,192",Not yet rated,NULL,$10
CSGS,$30.67,1441048556376,"70,557",Not yet rated,NULL,$40
CYRXW,$0.77,1441048556453,"17,601",Not yet rated,NULL,N/A
CYRX,$2.902,1441048556673,"13,784",Not yet rated,NULL,$9
CCLP,$15.4,1441048556701,"40,973",67% bearish,of 3 ratings,$20
CSPI,$5.7,1441048556778,100,67% bullish,of 3 ratings,N/A
CTCM,$1.81,1441048556840,"58,890",80% bearish,of 5 ratings,$3.90
CTIC,$1.585,1441048556995,"180,472",84% bullish,of 76 ratings,$5.75
CTRP,$66.33,1441048557032,"824,720",75% bullish,of 8 ratings,$92.50
CTIB,$3.699,1441048557093,100,100% bearish,of 1 rating,N/A
CPIX,$6.16,1441048557126,"3,633",Not yet rated,NULL,N/A
CUI,$5.23,1441048557224,"5,550",50% bullish,of 2 ratings,$10
CUNB,$21.01,1441048557256,"2,547",Not yet rated,NULL,$24.50
CMLS,$1.435,1441048557353,"204,020",50% bullish,of 4 ratings,$6
CVBF,$16.205,1441048557385,"118,970",Not yet rated,NULL,$18
CUTR,$14.61,1441048557419,"618,479",67% bearish,of 3 ratings,$18
CRIS,$2.6,1441048557489,"177,133",100% bullish,of 8 ratings,$6
CVV,$10.8501,1441048557515,"5,848",100% bullish,of 5 ratings,N/A
CYAN,$7.31,1441048557644,"6,950",100% bearish,of 1 rating,N/A
CYBR,$51.19,1441048557856,"378,766",75% bullish,of 8 ratings,$66
CYBX,$65.33,1441048558024,"79,046",50% bullish,of 4 ratings,$71.50
CYCCP,NULL,1441048558050,0,100% bearish,of 1 rating,N/A
CYCC,$0.5699,1441048558079,"52,752",73% bullish,of 11 ratings,N/A
CYNA,$15.8,1441048558101,"30,823",50% bullish,of 2 ratings,$31.50
CYNO,$31.615,1441048558137,"56,425",67% bearish,of 3 ratings,$45.50
CYBE,$6.74,1441048558158,"8,201",100% bearish,of 1 rating,N/A
CBAY,$2.65,1441048558234,"42,479",100% bullish,of 1 rating,$4
CYRN,$1.72,1441048558364,"15,766",67% bullish,of 3 ratings,$4
CY,$10.03,1441048558390,"1,714,397",80% bullish,of 10 ratings,$15.50
CTSO,$6.97,1441048558530,"31,244",Not yet rated,NULL,$15.625
CYTX,$0.3626,1441048558561,"2,187,376",83% bullish,of 12 ratings,$5.50
CONE,$31.81,1441048558664,"157,980",67% bearish,of 3 ratings,$35.50
CYTK,$6.95,1441048558723,"79,246",71% bullish,of 14 ratings,$13.50
CYTR,$2.415,1441048558829,"226,591",67% bullish,of 6 ratings,$10
TVIZ,$20.31,1441048558890,"2,600",100% bearish,of 1 rating,N/A
DAEG,$0.37,1441048558914,500,100% bearish,of 1 rating,N/A
TVIX,$14.515,1441048558940,"10,086,730",81% bullish,of 16 ratings,N/A
ZIV,$38.69,1441048558967,"76,481",Not yet rated,NULL,N/A
XIV,$25.89,1441048559132,"11,889,520",75% bearish,of 4 ratings,N/A
DJCO,$192.01,1441048559159,100,Not yet rated,NULL,N/A
DAKT,$8.72,1441048559204,"82,059",50% bullish,of 2 ratings,$12
DARA,$0.8899,1441048559229,"36,964",83% bullish,of 6 ratings,$1.50
DTLK,$5.81,1441048559370,"32,333",100% bearish,of 1 rating,$9
DAIO,$2.52,1441048559446,112,Not yet rated,NULL,N/A
DRAM,$1.34,1441048559617,"21,684",78% bullish,of 9 ratings,N/A
PLAY,$33.963,1441048559644,"146,826",100% bullish,of 5 ratings,$42
DWCH,$5.18,1441048559672,"21,290",75% bullish,of 4 ratings,$8.25
DWSN,$4.63,1441048559704,"9,321",67% bullish,of 3 ratings,N/A
TRAK,$62.755,1441048559839,"154,815",50% bullish,of 2 ratings,$62.50
DTEA,$13.85,1441048559865,"45,367",100% bearish,of 2 ratings,$24
DBVT,$39.04,1441048559887,"106,487",100% bearish,of 1 rating,$53
DHRM,$1.64,1441048560021,"8,333",Not yet rated,NULL,N/A
TACO,$12.88,1441048560047,"82,075",75% bullish,of 4 ratings,$20
TACOW,$3.88,1441048560090,"7,950",100% bullish,of 1 rating,N/A
DFRG,$14.8,1441048560120,"54,598",100% bearish,of 1 rating,$20
DCTH,$0.4399,1441048560220,"50,774",78% bullish,of 9 ratings,N/A
DELT,$2.33,1441048560292,500,Not yet rated,NULL,N/A
DGAS,$20.46,1441048560318,"2,902",67% bearish,of 3 ratings,N/A
DELTW,NULL,1441048560513,0,Not yet rated,NULL,N/A
DENN,$11.27,1441048560574,"148,462",100% bullish,of 3 ratings,$15
XRAY,$52.435,1441048560617,"119,522",100% bullish,of 1 rating,$58
DEPO,$27.1136,1441048560704,"387,448",60% bullish,of 5 ratings,$29
DSCI,$5.88,1441048560732,"13,850",50% bullish,of 2 ratings,$16
DERM,$26.05,1441048560785,"71,631",100% bearish,of 1 rating,$33.50
DXLG,$5.92,1441048560807,"105,040",100% bearish,of 1 rating,$8
DSWL,$1.69,1441048560840,"8,390",100% bullish,of 1 rating,N/A
DEST,$11.38,1441048560935,"25,823",50% bullish,of 2 ratings,N/A
DXM,$0.2604,1441048561076,"99,660",50% bullish,of 2 ratings,N/A
DXCM,$93.94,1441048561127,"343,264",57% bullish,of 7 ratings,$98
DHXM,NULL,1441048561182,0,Not yet rated,NULL,N/A
DMND,$30.06,1441048561207,"104,080",75% bullish,of 12 ratings,$32
DHIL,$194.56,1441048561377,"1,978",Not yet rated,NULL,N/A
FANG,$68.4,1441048561437,"728,576",50% bullish,of 2 ratings,$86.50
DCIX,$1.6701,1441048561537,"22,155",50% bullish,of 4 ratings,$3.50
DMRC,$38.1,1441048561568,"31,588",100% bearish,of 1 rating,$44
DGII,$10.23,1441048561598,"36,592",100% bearish,of 1 rating,$11
DRNA,$10.98,1441048561630,"48,812",67% bearish,of 3 ratings,$25
DRAD,$3.76,1441048561668,"15,272",100% bullish,of 1 rating,$5.25
DGLY,$8.31,1441048561729,"42,435",50% bullish,of 6 ratings,$20
APPS,$2.62,1441048561963,"80,966",100% bearish,of 1 rating,$10.25
DCOM,$17.04,1441048562022,"57,179",100% bearish,of 2 ratings,$16
DPRX,$14.35,1441048562055,"7,280",100% bullish,of 2 ratings,$27.75
DIOD,$19.765,1441048562091,"42,784",75% bearish,of 4 ratings,$24
DISCA,$26.62,1441048562154,"721,297",67% bullish,of 3 ratings,$34
DISCB,NULL,1441048562180,0,100% bearish,of 1 rating,$35
DISCK,$25.34,1441048562311,"374,051",100% bearish,of 1 rating,$32
DSCO,$0.4154,1441048562336,"308,385",83% bullish,of 6 ratings,$2.75
DVCR,$10.56,1441048562481,"3,807",100% bullish,of 1 rating,N/A
DISH,$59.145,1441048562517,"357,399",69% bullish,of 13 ratings,$73
BAGR,$2.78,1441048562539,"9,112",100% bearish,of 1 rating,$6
DLHC,$2.435,1441048562571,"4,202",100% bearish,of 1 rating,N/A
DLTR,$76.39,1441048562614,"1,931,693",82% bullish,of 11 ratings,$88
DNBF,$26.07,1441048562743,"3,600",Not yet rated,NULL,$27.50
DGICA,$14.24,1441048562802,"4,704",100% bearish,of 1 rating,$17
DGICB,NULL,1441048562910,0,100% bearish,of 1 rating,N/A
DORM,$50.3499,1441048563068,"42,727",100% bearish,of 1 rating,$56
DMLP,$15.15,1441048563097,"30,366",100% bearish,of 1 rating,N/A
DRWI,$0.205,1441048563154,"101,778",60% bullish,of 5 ratings,$.45
DRYS,$0.4526,1441048563201,"2,515,271",77% bullish,of 31 ratings,$.60
HILL,$9.675,1441048563233,"613,372",60% bearish,of 5 ratings,$9.75
DRWIW,NULL,1441048563254,0,Not yet rated,NULL,N/A
DWA,$20.025,1441048563329,"140,798",63% bullish,of 8 ratings,$26
DSPG,$8.77,1441048563526,"57,985",100% bearish,of 1 rating,$13.50
DSKX,$3.26,1441048563556,"66,765",100% bullish,of 1 rating,N/A
CADTR,NULL,1441048563601,0,Not yet rated,NULL,N/A
CADT,NULL,1441048563625,0,Not yet rated,NULL,N/A
CADTU,NULL,1441048563884,0,Not yet rated,NULL,N/A
CADTW,NULL,1441048563932,0,Not yet rated,NULL,N/A
DYAX,$22.89,1441048564039,"308,199",89% bullish,of 9 ratings,$30
DNKN,$50.4,1441048564068,"336,695",67% bullish,of 15 ratings,$56.50
DXPE,$29.724,1441048564094,"104,655",50% bullish,of 2 ratings,N/A
DTSI,$26.49,1441048564168,"18,510",100% bearish,of 2 ratings,$39.50
BOOM,$11.28,1441048564251,"40,469",67% bullish,of 3 ratings,$12
DRRX,$2.06,1441048564301,"50,406",50% bullish,of 6 ratings,$3
DYSL,$1.49,1441048564326,"21,670",100% bullish,of 2 ratings,N/A
EBMT,$11.6,1441048564531,604,Not yet rated,NULL,$13.50
DVAX,$28.745,1441048564559,"118,175",70% bullish,of 10 ratings,$40
ETFC,$26.315,1441048564581,"847,093",57% bullish,of 14 ratings,$32.50
DYNT,$3.05,1441048564626,200,75% bullish,of 4 ratings,N/A
EGBN,$41.72,1441048564714,"22,472",Not yet rated,NULL,$48
EGLE,$7.1,1441048564857,"23,427",60% bullish,of 5 ratings,N/A
EROC,$1.59,1441048564962,"314,632",50% bullish,of 2 ratings,$3
EGRX,$78.905,1441048564988,"112,372",67% bullish,of 3 ratings,$97
EWBC,$40.28,1441048565016,"239,002",100% bearish,of 1 rating,$50
EVBS,$6.6,1441048565165,"7,754",Not yet rated,NULL,$7
EACQU,$10.2,1441048565200,"2,504",Not yet rated,NULL,N/A
ELNK,$8.4,1441048565228,"222,744",60% bullish,of 5 ratings,$9.50
EML,$16.489,1441048565268,302,Not yet rated,NULL,N/A
EBAY,$27.115,1441048565360,"4,710,428",81% bullish,of 117 ratings,$34
EBIX,$28.36,1441048565419,"184,276",69% bullish,of 13 ratings,$40
ELON,$0.59,1441048565491,"46,680",50% bullish,of 2 ratings,N/A
ECHO,$23.2,1441048565658,"76,636",67% bearish,of 3 ratings,$34.50
ECTE,$1.45,1441048565686,"5,484",75% bullish,of 4 ratings,N/A
SATS,$44.82,1441048565861,"55,367",50% bullish,of 2 ratings,$60
ECACU,$10.1,1441048565887,50,Not yet rated,NULL,N/A
EDUC,$6.02,1441048565916,"20,956",100% bearish,of 1 rating,N/A
EEI,$11.1684,1441048565937,200,67% bearish,of 3 ratings,N/A
EDGW,$7.2,1441048565968,"4,050",100% bearish,of 1 rating,N/A
ESES,$3.2,1441048565989,400,100% bearish,of 1 rating,$7
EDAP,$3.65,1441048566138,"36,846",60% bullish,of 5 ratings,$4.50
EFUT,NULL,1441048566271,0,Not yet rated,NULL,N/A
EGAN,$3.63,1441048566296,"6,886",50% bullish,of 2 ratings,$6.25
EHTH,$14.97,1441048566450,"40,354",50% bullish,of 4 ratings,$16.50
EMITF,$1.21,1441048566499,"21,160",75% bullish,of 4 ratings,N/A
EGLT,$11.28,1441048566632,"123,142",50% bullish,of 2 ratings,$21
LOCO,$13.1462,1441048566702,"460,901",69% bullish,of 13 ratings,$19.50
ESIO,$4.7,1441048566723,"43,596",50% bullish,of 2 ratings,$10
ERI,$9.5,1441048566760,"53,398",100% bearish,of 1 rating,$10
ESLT,$76.01,1441048566782,"3,945",67% bullish,of 3 ratings,N/A
EA,$66.195,1441048566811,"1,046,446",77% bullish,of 35 ratings,$80
ELRC,$10.55,1441048566870,"7,474",100% bearish,of 1 rating,N/A
EFII,$43.73,1441048567032,"26,586",80% bullish,of 5 ratings,$55
ELSE,$3.89,1441048567062,51,60% bullish,of 5 ratings,N/A
ELECU,NULL,1441048567134,0,Not yet rated,NULL,N/A
ELEC,NULL,1441048567158,0,Not yet rated,NULL,N/A
ELECW,NULL,1441048567290,0,Not yet rated,NULL,N/A
EBIO,$3.44,1441048567375,"89,408",100% bearish,of 2 ratings,$8.35
ESBK,$19.78,1441048567501,130,Not yet rated,NULL,N/A
RDEN,$10.935,1441048567544,"26,856",100% bearish,of 4 ratings,$15
CAPX,$22.81,1441048567598,903,Not yet rated,NULL,N/A
LONG,$16.96,1441048567628,"6,450",67% bullish,of 3 ratings,$15.75
ELTK,$1.2501,1441048567654,"63,501",67% bearish,of 3 ratings,N/A
EMCF,$23.2999,1441048567731,350,100% bearish,of 1 rating,N/A
EMCI,$22.94,1441048567825,"5,591",Not yet rated,NULL,N/A
EMKR,$7.01,1441048567955,"59,641",75% bullish,of 4 ratings,$8.50
EMMS,$1.2099,1441048567985,"24,307",83% bullish,of 6 ratings,N/A
EMMSP,$3,1441048568067,200,100% bearish,of 1 rating,N/A
NYNY,$4.205,1441048568093,"17,639",50% bullish,of 2 ratings,N/A
ERS,$2.86,1441048568226,"1,000",Not yet rated,NULL,N/A
ENTA,$39.2201,1441048568285,"79,571",50% bullish,of 2 ratings,$42
WIRE,$32.39,1441048568355,"31,680",100% bearish,of 1 rating,$37
ENDP,$77.25,1441048568445,"429,952",50% bullish,of 6 ratings,$104
ELGX,$12.995,1441048568501,"100,739",75% bullish,of 4 ratings,$17
ECPG,$40.44,1441048568531,"114,456",100% bullish,of 2 ratings,$52
ECYT,$5.25,1441048568590,"146,862",83% bullish,of 6 ratings,$12
EFOI,$22.08,1441048568636,"855,920",50% bullish,of 2 ratings,$24.50
WATT,$7.28,1441048568771,"92,855",50% bullish,of 2 ratings,$13
EIGI,$15.25,1441048568792,"125,847",67% bearish,of 3 ratings,$22.50
ERII,$2.67,1441048568874,"63,012",80% bullish,of 5 ratings,$2.50
ENOC,$9.28,1441048569113,"80,719",75% bullish,of 4 ratings,$18
EXXI,$1.8999,1441048569139,"1,190,945",86% bullish,of 7 ratings,$3.50
ESGR,$145.945,1441048569167,"2,100",100% bearish,of 1 rating,$185
ENPH,$4.6501,1441048569205,"396,862",75% bullish,of 4 ratings,$11
ENG,$1.0399,1441048569272,"11,880",100% bullish,of 3 ratings,N/A
ENTG,$13.72,1441048569334,"315,399",100% bearish,of 1 rating,$18
ENFC,$17.8,1441048569364,"2,200",Not yet rated,NULL,N/A
ENTL,$22.21,1441048569385,"7,416",Not yet rated,NULL,$28
ETRM,$0.2712,1441048569594,"550,958",69% bearish,of 35 ratings,$1.625
EFSC,$23.85,1441048569622,"7,162",Not yet rated,NULL,$27
EGT,$2.128,1441048569757,816,100% bullish,of 1 rating,N/A
ENVI,$1.89,1441048569811,"25,258",67% bullish,of 3 ratings,N/A
EBTC,$21,1441048569836,100,Not yet rated,NULL,N/A
ENZY,$9.978,1441048569861,"9,724",67% bullish,of 3 ratings,$9.50
EPIQ,$12.84,1441048570003,"54,177",100% bearish,of 1 rating,$18
ENZN,$1,1441048570030,"266,357",100% bullish,of 9 ratings,N/A
EQIX,$266.5,1441048570216,"176,300",75% bullish,of 4 ratings,$312.50
EPZM,$19.96,1441048570246,"203,283",60% bullish,of 5 ratings,$34
EPRS,$5,1441048570285,"42,937",82% bullish,of 11 ratings,$15
EQFN,$8.39,1441048570314,35,100% bearish,of 1 rating,N/A
PLUS,$75.43,1441048570378,"28,913",50% bullish,of 2 ratings,$88
ERIC,$9.77,1441048570406,"991,611",67% bullish,of 9 ratings,$12.20
ERIE,$81.37,1441048570483,"4,546",Not yet rated,NULL,$73
EAC,$3.51,1441048570630,"12,373",100% bearish,of 1 rating,$8
ESCA,$17.9,1441048570784,"3,760",100% bearish,of 1 rating,$22
ESPR,$48.32,1441048570870,"610,692",70% bearish,of 10 ratings,$122.50
ESCRP,$1.4599,1441048570900,"3,444",100% bearish,of 1 rating,N/A
ESCR,$0.123,1441048570927,"132,432",50% bullish,of 2 ratings,N/A
ESSA,$12.8101,1441048570974,959,100% bearish,of 1 rating,N/A
ESMC,$1.39,1441048571001,"4,266",Not yet rated,NULL,N/A
ESSX,$0.487,1441048571179,"36,619",50% bullish,of 2 ratings,N/A
ESND,$34.6,1441048571213,"50,980",100% bearish,of 2 ratings,$40
EPIX,NULL,1441048571234,0,Not yet rated,NULL,N/A
ETSY,$14.215,1441048571265,"330,611",80% bullish,of 5 ratings,$16
CLWT,$2.5,1441048571322,300,100% bullish,of 1 rating,N/A
ESEA,$5.2,1441048571398,"2,460",100% bullish,of 1 rating,$15
EEFT,$64.77,1441048571467,"81,105",100% bearish,of 1 rating,$67.50
EVEP,$8.7,1441048571532,"190,765",50% bullish,of 2 ratings,$15
EVK,$3.96,1441048571670,832,75% bearish,of 4 ratings,N/A
EVLV,$2.68,1441048571709,"69,028",60% bullish,of 5 ratings,$5.125
EVOK,$3.88,1441048571734,"19,215",100% bearish,of 1 rating,$13.375
EVOL,$6.02,1441048571886,"4,156",75% bullish,of 4 ratings,$10
EXAS,$22.09,1441048571930,"273,089",78% bullish,of 9 ratings,$31
EXAC,$19.13,1441048571983,"16,779",100% bearish,of 1 rating,$22.50
EXEL,$6.02,1441048572011,"3,052,009",81% bullish,of 16 ratings,$6
EXA,$10.97,1441048572065,"3,979",100% bearish,of 1 rating,$13
EXLS,$36.03,1441048572150,"34,825",50% bullish,of 2 ratings,$41
EXFO,$3.01,1441048572195,"9,355",67% bearish,of 3 ratings,$3.95
EXPE,$115.09,1441048572220,"347,149",64% bullish,of 11 ratings,$130
EXPD,$49.11,1441048572414,"443,857",80% bullish,of 5 ratings,$52
ESRX,$83.46,1441048572489,"1,112,245",67% bearish,of 6 ratings,$101
EXTR,$3,1441048572622,"716,109",80% bullish,of 5 ratings,$3
EXLP,$21.24,1441048572648,"224,024",100% bearish,of 1 rating,$25
EYEGW,NULL,1441048572730,0,Not yet rated,NULL,N/A
EZCH,$22.91,1441048572779,"54,866",75% bullish,of 8 ratings,$19.50
EYEG,$3.67,1441048572832,"7,137",Not yet rated,NULL,N/A
EZPW,$6.2507,1441048572857,"121,481",50% bullish,of 4 ratings,$7
FB,$89.17,1441048573115,"13,419,308",73% bullish,of 1072 ratings,$111
FCS,$13.55,1441048573148,"179,296",67% bearish,of 3 ratings,$17
FRP,$16.3,1441048573176,"81,334",100% bearish,of 1 rating,$18
FFIV,$121.75,1441048573202,"210,474",63% bullish,of 8 ratings,$132
EXPO,$42.62,1441048573245,"31,726",100% bearish,of 1 rating,$45.50
FWM,$2.28,1441048573337,"80,793",100% bearish,of 2 ratings,$3.20
FALC,$1.7001,1441048573397,"20,970",63% bearish,of 8 ratings,N/A
DAVE,$14.58,1441048573559,"23,153",100% bearish,of 1 rating,$15.50
FARM,$22.2,1441048573613,"14,253",100% bearish,of 1 rating,$35
FMNB,$8.28,1441048573659,"12,590",Not yet rated,NULL,N/A
FARO,$38.67,1441048573801,"36,830",50% bullish,of 2 ratings,$48
FATE,$6.599,1441048573853,"24,707",50% bullish,of 2 ratings,$11
FFKT,$25.63,1441048573879,"2,567",Not yet rated,NULL,$29
FBSS,NULL,1441048574011,0,Not yet rated,NULL,N/A
FAST,$38.55,1441048574039,"771,047",80% bullish,of 5 ratings,$45.50
FBRC,$22.04,1441048574061,"5,246",100% bearish,of 1 rating,$29
FDML,$9.18,1441048574263,"147,024",50% bullish,of 4 ratings,$14
FEIC,$75.735,1441048574333,"95,725",50% bullish,of 2 ratings,$95.50
FNHC,$21.88,1441048574365,"26,081",100% bearish,of 1 rating,$35
FHCO,$1.43,1441048574398,"43,328",50% bullish,of 4 ratings,N/A
FGEN,$24.14,1441048574498,"146,955",100% bearish,of 1 rating,$39
FCSC,$5.67,1441048574522,"47,768",100% bearish,of 1 rating,$8.125
FENX,$9.98,1441048574547,"25,103",100% bullish,of 1 rating,$14.25
LION,$19.28,1441048574731,"31,499",100% bullish,of 1 rating,$20
ONEQ,$187.76,1441048574756,"8,604",100% bullish,of 1 rating,N/A
FRGI,$51.73,1441048574916,"75,860",50% bullish,of 2 ratings,$70
FDUS,$14.84,1441048574995,"17,848",50% bullish,of 2 ratings,$18
FSAM,$8.135,1441048575049,"1,207",100% bearish,of 1 rating,$10.25
FSFR,$8.84,1441048575105,"18,097",100% bearish,of 1 rating,$11.50
FSC,$6.56,1441048575130,"470,875",60% bullish,of 5 ratings,$8
FSCFL,$24.65,1441048575208,"1,975",Not yet rated,NULL,N/A
FITB,$19.915,1441048575236,"1,851,914",54% bullish,of 13 ratings,$22
FITBI,$27.49,1441048575339,"11,604",Not yet rated,NULL,N/A
FNGN,$32.3532,1441048575430,"181,488",67% bullish,of 3 ratings,$47
FISI,$24.7,1441048575458,"10,695",100% bullish,of 2 ratings,$24.50
FNSR,$15.41,1441048575483,"369,699",71% bullish,of 7 ratings,$24.50
FNJN,$1.9235,1441048575777,"9,978",100% bearish,of 1 rating,$5
FNTCU,NULL,1441048575804,0,Not yet rated,NULL,N/A
FNTC,NULL,1441048575839,0,Not yet rated,NULL,N/A
FEYE,$37.77,1441048575942,"1,567,024",87% bullish,of 15 ratings,$55.50
FNLC,$18.41,1441048575969,"4,080",100% bullish,of 1 rating,N/A
FNTCW,$0.39,1441048575991,"2,898",Not yet rated,NULL,N/A
FBNC,$16.78,1441048576127,"1,650",100% bullish,of 1 rating,$20
FRBA,$6.0335,1441048576197,"1,000",Not yet rated,NULL,$8
BUSE,$6.38,1441048576260,"5,902",Not yet rated,NULL,$6.875
FBIZ,$22.4,1441048576285,"26,195",100% bearish,of 2 ratings,$52
FCAP,NULL,1441048576422,0,Not yet rated,NULL,N/A
FCNCA,$236.47,1441048576451,"3,713",Not yet rated,NULL,N/A
FCVA,$4.78,1441048576479,"5,090",Not yet rated,NULL,N/A
FCFS,$41.03,1441048576500,"59,337",100% bearish,of 3 ratings,$47
FCLF,$9.1999,1441048576675,500,Not yet rated,NULL,N/A
FCBC,$17.56,1441048576703,"3,778",Not yet rated,NULL,$18
FFNM,$6.39,1441048576945,200,Not yet rated,NULL,N/A
FCFP,$6.884,1441048576975,"2,600",Not yet rated,NULL,N/A
FCCO,$12.1,1441048577000,"6,100",Not yet rated,NULL,$13.25
FFBC,$18.32,1441048577044,"33,512",67% bearish,of 3 ratings,$20.25
FBNK,$17.1,1441048577071,"13,636",100% bearish,of 1 rating,$17.50
FDEF,$37.48,1441048577101,"7,145",Not yet rated,NULL,$38
FFBCW,NULL,1441048577202,0,100% bearish,of 1 rating,N/A
THFF,$32.99,1441048577386,"1,772",Not yet rated,NULL,$35
FFIN,$30.92,1441048577419,"82,017",50% bullish,of 2 ratings,$31.75
FFNW,$12.21,1441048577450,"3,477",Not yet rated,NULL,$14
INBK,$31.59,1441048577551,"15,480",50% bullish,of 2 ratings,$37
FIBK,$26.55,1441048577589,"53,551",Not yet rated,NULL,$32
FFWM,$21.24,1441048577614,"6,448",Not yet rated,NULL,$24
FRME,$25.97,1441048577746,"29,192",Not yet rated,NULL,$26.50
FMBH,NULL,1441048577825,0,Not yet rated,NULL,N/A
FMBI,$17.56,1441048577852,"112,170",Not yet rated,NULL,$20
FNBC,$34.99,1441048577995,"28,057",Not yet rated,NULL,$40
FNWB,$11.9601,1441048578079,"4,500",Not yet rated,NULL,N/A
FNFG,$9.195,1441048578126,"497,674",80% bullish,of 5 ratings,$9
FSFG,$30.07,1441048578154,100,Not yet rated,NULL,N/A
FSGI,$2.49,1441048578175,"8,641",Not yet rated,NULL,N/A
FSLR,$47.9723,1441048578307,"499,870",72% bullish,of 39 ratings,$65
BICK,$19.56,1441048578445,773,100% bullish,of 1 rating,N/A
FSBK,$7.85,1441048578471,"2,178",100% bullish,of 1 rating,N/A
FBZ,$9.67,1441048578500,600,Not yet rated,NULL,N/A
FCAN,$24.71,1441048578632,800,Not yet rated,NULL,N/A
FTCS,$36.3653,1441048578661,"2,635",100% bearish,of 1 rating,N/A
FCA,$19.7542,1441048578686,104,Not yet rated,NULL,N/A
FV,$23.3678,1441048578707,"1,248,029",100% bearish,of 1 rating,N/A
IFV,$17.7426,1441048578905,"159,128",100% bearish,of 1 rating,N/A
FEUZ,$30.9872,1441048579040,"1,225",Not yet rated,NULL,N/A
FEMB,$41.5,1441048579065,456,Not yet rated,NULL,N/A
FTSM,$59.98,1441048579218,"434,547",100% bearish,of 1 rating,N/A
FGM,$35.585,1441048579251,"3,982",Not yet rated,NULL,N/A
FTGC,$22.62,1441048579278,"43,377",Not yet rated,NULL,N/A
TDIV,$24.83,1441048579312,"38,196",100% bearish,of 1 rating,N/A
MDIV,$19.2285,1441048579443,"110,485",Not yet rated,NULL,N/A
FTHI,$19.43,1441048579473,"1,441",Not yet rated,NULL,N/A
HYLS,$49.4588,1441048579496,"12,721",100% bearish,of 1 rating,N/A
FHK,$33.1499,1441048579575,"2,362",Not yet rated,NULL,N/A
YDIV,$16.4111,1441048579629,"1,992",Not yet rated,NULL,N/A
SKYY,$28.86,1441048579709,"51,362",100% bullish,of 1 rating,N/A
FPXI,$27.13,1441048579734,"1,000",Not yet rated,NULL,N/A
CU,$13.01,1441048579866,"7,189",100% bearish,of 1 rating,N/A
PLTM,$6.41,1441048579891,"6,357",100% bearish,of 1 rating,N/A
FTLB,$19.2999,1441048580204,"1,341",100% bearish,of 1 rating,N/A
FJP,$47.2,1441048580233,"41,751",Not yet rated,NULL,N/A
LMBS,$50.2322,1441048580260,"1,389",Not yet rated,NULL,N/A
FMB,NULL,1441048580280,0,Not yet rated,NULL,N/A
QABA,$37.49,1441048580332,"5,164",100% bearish,of 1 rating,N/A
CIBR,$17.81,1441048580526,"36,959",Not yet rated,NULL,N/A
QCLN,$15.12,1441048580557,"8,288",Not yet rated,NULL,N/A
FONE,$35,1441048580577,500,Not yet rated,NULL,N/A
GRID,NULL,1441048580661,0,100% bearish,of 1 rating,N/A
RDVY,$21.1196,1441048580711,"2,773",Not yet rated,NULL,N/A
CARZ,$35.02,1441048580766,"2,869",100% bearish,of 1 rating,N/A
QQEW,$41.79,1441048580813,"58,864",Not yet rated,NULL,N/A
QQXT,$40.35,1441048581019,"13,102",Not yet rated,NULL,N/A
AIRR,$16.63,1441048581046,"13,765",100% bearish,of 1 rating,N/A
QTEC,$40.04,1441048581079,"22,144",Not yet rated,NULL,N/A
QINC,$20.151,1441048581112,257,Not yet rated,NULL,N/A
FKO,NULL,1441048581213,0,Not yet rated,NULL,N/A
FTSL,$48.77,1441048581240,"23,918",100% bearish,of 1 rating,N/A
FSZ,$39.0442,1441048581313,"5,086",Not yet rated,NULL,N/A
FDIV,$47,1441048581505,"1,797",100% bearish,of 1 rating,N/A
FTW,$31.85,1441048581557,500,Not yet rated,NULL,N/A
TUSA,$24.975,1441048581593,"3,034",Not yet rated,NULL,N/A
FKU,$41.655,1441048581622,"4,439",Not yet rated,NULL,N/A
FUNC,$8.0538,1441048581671,"2,704",Not yet rated,NULL,N/A
SVVC,$9.37,1441048581691,"5,294",50% bullish,of 2 ratings,$26
FMER,$17.9,1441048581823,"373,565",50% bullish,of 2 ratings,$20
FSV,$31.8,1441048581954,"8,037",Not yet rated,NULL,$33.60
FIVN,$3.92,1441048582029,"48,761",100% bullish,of 1 rating,$8.50
FISV,$85.4825,1441048582055,"429,481",100% bearish,of 3 ratings,$90
FIVE,$38.62,1441048582126,"418,788",75% bearish,of 4 ratings,$44
FPRX,$19.49,1441048582183,"615,297",50% bullish,of 2 ratings,$35
FLML,$22.33,1441048582230,"38,956",50% bullish,of 2 ratings,$30
SKOR,$50.3,1441048582431,"5,500",Not yet rated,NULL,N/A
MBSD,$24.98,1441048582498,"1,385",Not yet rated,NULL,N/A
FLXN,$24.34,1441048582523,"61,468",100% bearish,of 1 rating,$40
FLKS,$12.16,1441048582608,"11,247",50% bullish,of 2 ratings,$27
FLXS,$31,1441048582662,"12,912",100% bearish,of 2 ratings,N/A
FLDM,$12.1,1441048582692,"135,197",67% bearish,of 3 ratings,$15
FLIR,$28.74,1441048582713,"368,352",100% bearish,of 1 rating,$38.50
FLEX,$10.515,1441048582744,"772,666",63% bullish,of 8 ratings,$12
FOMX,$10.21,1441048582967,"106,059",50% bullish,of 2 ratings,$23.50
FFIC,$19.9,1441048583014,"20,309",Not yet rated,NULL,$20.50
FOGO,$19.39,1441048583039,"86,216",50% bullish,of 2 ratings,$25.50
FONR,$9.675,1441048583071,"2,681",100% bullish,of 1 rating,N/A
FES,$0.901,1441048583168,"47,377",50% bullish,of 2 ratings,$1
FORM,$6.7094,1441048583195,"78,861",67% bullish,of 3 ratings,$10.50
FORTY,$32.4504,1441048583322,378,100% bearish,of 1 rating,N/A
FORR,$31.94,1441048583413,"9,960",Not yet rated,NULL,N/A
FORD,$1.3797,1441048583515,"1,010,813",67% bullish,of 3 ratings,N/A
FWP,$26.16,1441048583591,"15,891",100% bearish,of 1 rating,$45
FBIO,$2.72,1441048583620,"62,688",83% bullish,of 6 ratings,N/A
FTNT,$41.98,1441048583641,"366,966",80% bullish,of 10 ratings,$52
FWRD,$45.1,1441048583669,"75,596",100% bearish,of 1 rating,$50
FOSL,$61.54,1441048583901,"188,453",60% bearish,of 5 ratings,$80
FMI,$23.6,1441048583983,"133,340",100% bearish,of 2 ratings,$27.50
FXCB,$17.23,1441048584013,"4,428",Not yet rated,NULL,$19
FOXF,$14.98,1441048584038,"16,216",100% bearish,of 1 rating,$19
FRED,$13.02,1441048584215,"104,309",50% bullish,of 2 ratings,$15.50
FRAN,$11.22,1441048584242,"171,220",50% bullish,of 4 ratings,$15
FREE,$0.4093,1441048584271,"1,196,614",92% bullish,of 12 ratings,N/A
FELE,$29.42,1441048584293,"56,610",50% bullish,of 4 ratings,$33
RAIL,$21.77,1441048584535,"80,070",100% bearish,of 1 rating,$24.50
FEIM,$10.89,1441048584565,453,100% bearish,of 1 rating,N/A
FRPT,$12.98,1441048584616,"118,104",67% bearish,of 3 ratings,$23.50
FTR,$5.04,1441048584642,"5,479,828",78% bullish,of 27 ratings,$6.25
FTRPR,$100.65,1441048584776,"3,566",100% bearish,of 1 rating,N/A
FTD,$29.82,1441048584850,"68,140",100% bearish,of 1 rating,$40
FRPH,$30.38,1441048584877,"5,313",100% bearish,of 1 rating,N/A
FSBW,$23.03,1441048584915,"1,904",Not yet rated,NULL,N/A
FSYS,$6.91,1441048585087,"10,750",67% bullish,of 3 ratings,$10
FCEL,$0.8253,1441048585113,"473,329",88% bullish,of 41 ratings,$2.65
FTEK,$2.0348,1441048585145,"19,489",75% bullish,of 4 ratings,N/A
FULL,$3.16,1441048585242,"18,074",67% bearish,of 3 ratings,$4.25
FLL,$1.485,1441048585333,"5,085",75% bullish,of 4 ratings,$3.50
FULT,$12.11,1441048585371,"144,403",100% bearish,of 1 rating,$13
FULLL,NULL,1441048585396,0,Not yet rated,NULL,N/A
FSNN,$2.18,1441048585477,"3,582",67% bullish,of 3 ratings,$6
FFHL,$1.06,1441048585578,"2,050",50% bullish,of 4 ratings,N/A
FXEN,$0.9702,1441048585651,"42,346",75% bullish,of 4 ratings,$1.10
FXENP,$15.6499,1441048585745,812,100% bearish,of 1 rating,N/A
GK,$67.58,1441048585787,"18,603",Not yet rated,NULL,$78
GLPG,$60.86,1441048585885,"16,736",100% bullish,of 1 rating,$75
WILC,$4.99,1441048585925,"3,252",100% bullish,of 2 ratings,N/A
GAIA,$6.02,1441048586034,"3,786",50% bullish,of 2 ratings,$8.50
GALT,$2.2,1441048586069,"134,007",80% bullish,of 5 ratings,N/A
GALE,$1.57,1441048586166,"723,874",89% bullish,of 47 ratings,$4
GALTW,NULL,1441048586190,0,100% bullish,of 1 rating,N/A
GALTU,NULL,1441048586326,0,100% bearish,of 1 rating,N/A
GPIC,$10.05,1441048586352,500,100% bearish,of 1 rating,N/A
GLMD,$8.8801,1441048586373,"10,837",67% bullish,of 3 ratings,$20.50
GRMN,$37.68,1441048586503,"302,521",50% bullish,of 6 ratings,$46.50
GLPI,$31.09,1441048586528,"92,079",100% bearish,of 1 rating,$37.50
GGACU,$10.25,1441048586708,100,Not yet rated,NULL,N/A
GGACR,$0.2643,1441048586738,"14,000",100% bullish,of 1 rating,N/A
GGAC,NULL,1441048586764,0,100% bearish,of 1 rating,N/A
GGACW,$0.13,1441048586845,"84,760",Not yet rated,NULL,N/A
GENC,$9.05,1441048586898,"3,900",100% bearish,of 1 rating,N/A
GARS,$14.515,1441048586922,"39,056",Not yet rated,NULL,$16
GNCMA,$17.19,1441048586951,"42,184",100% bearish,of 1 rating,$12
GFN,$3.83,1441048587238,"2,614",100% bearish,of 2 ratings,$8
GENE,$2.41,1441048587268,"102,953",100% bullish,of 12 ratings,N/A
GFNCP,$91.9999,1441048587295,100,Not yet rated,NULL,N/A
GFNSL,$25.6,1441048587325,800,Not yet rated,NULL,N/A
GNMK,$10.27,1441048587354,"145,999",67% bullish,of 6 ratings,$14
GNCA,$11.76,1441048587431,"53,169",100% bearish,of 1 rating,$20
GHDX,$27.634,1441048587452,"80,695",50% bullish,of 2 ratings,$30
GNTX,$15.52,1441048587484,"522,424",Not yet rated,NULL,$20
THRM,$45.62,1441048587670,"74,450",75% bearish,of 4 ratings,$55.50
GNVC,$2.54,1441048587730,"5,518",90% bullish,of 10 ratings,$8.50
GTWN,NULL,1441048587895,0,Not yet rated,NULL,N/A
GEOS,$17.6,1441048587953,"50,895",100% bearish,of 3 ratings,$21
GABC,$28.87,1441048587979,"2,348",Not yet rated,NULL,$31
ROCK,$16.28,1441048588026,"80,919",80% bullish,of 5 ratings,$24
GEVO,$2.45,1441048588051,"159,438",75% bullish,of 12 ratings,$5
GERN,$3.04,1441048588111,"1,038,784",88% bullish,of 16 ratings,$5.25
GIGA,$1.45,1441048588261,"66,943",100% bearish,of 1 rating,N/A
GIII,$69.44,1441048588288,"155,315",67% bullish,of 3 ratings,$75
GIGM,$0.535,1441048588344,"38,436",100% bullish,of 2 ratings,N/A
GILD,$104.998,1441048588473,"3,566,840",91% bullish,of 87 ratings,$129
GILT,$4.26,1441048588520,"5,007",50% bullish,of 2 ratings,N/A
GLADO,$25.5739,1441048588548,"1,325",Not yet rated,NULL,N/A
GLAD,$9.075,1441048588676,"171,402",50% bullish,of 2 ratings,$8.75
GBCI,$25.9,1441048588740,"122,246",50% bullish,of 2 ratings,$31
GOOD,$14.25,1441048588898,"55,689",Not yet rated,NULL,$19
GOODN,$25.5999,1441048588933,"1,244",Not yet rated,NULL,N/A
GOODO,$24.85,1441048589079,"2,627",Not yet rated,NULL,N/A
GOODP,$25.14,1441048589108,7,Not yet rated,NULL,N/A
GAINO,$25.35,1441048589139,"1,142",Not yet rated,NULL,N/A
GAINN,$25.23,1441048589212,"90,272",Not yet rated,NULL,N/A
GAIN,$7.48,1441048589241,"93,171",100% bullish,of 2 ratings,$8.25
GAINP,$25.9735,1441048589314,731,Not yet rated,NULL,N/A
LAND,$9.1,1441048589344,"20,457",50% bullish,of 2 ratings,$13.75
GLBZ,$11.72,1441048589413,454,Not yet rated,NULL,N/A
GBT,$48.71,1441048589566,"79,459",100% bearish,of 1 rating,N/A
GDEF,$10.52,1441048589593,1,Not yet rated,NULL,N/A
ENT,$11.745,1441048589618,"79,412",100% bearish,of 1 rating,$18
GBLI,$27.06,1441048589753,"5,785",Not yet rated,NULL,N/A
GPACU,NULL,1441048589885,0,Not yet rated,NULL,N/A
GSOL,$8.2,1441048589957,"7,938",100% bearish,of 1 rating,N/A
SOCL,$17.55,1441048589987,"11,784",100% bullish,of 2 ratings,N/A
QQQC,$19.2,1441048590020,"1,322",100% bearish,of 1 rating,N/A
ACTX,$13.15,1441048590044,"74,850",100% bullish,of 1 rating,N/A
ALTY,$14.45,1441048590092,"2,925",Not yet rated,NULL,N/A
SRET,$13.1984,1441048590116,532,Not yet rated,NULL,N/A
GAI,$6.11,1441048590291,"2,825",50% bullish,of 2 ratings,N/A
YLCO,$11.84,1441048590317,"2,820",Not yet rated,NULL,N/A
GSM,$13.88,1441048590450,"211,391",50% bullish,of 2 ratings,$22
GBIM,$2.79,1441048590496,"51,438",50% bullish,of 2 ratings,N/A
GLBS,$1.05,1441048590594,"7,696",67% bullish,of 3 ratings,N/A
GLRI,$1.0399,1441048590676,"5,076",100% bearish,of 1 rating,$4.25
GLYC,$6.98,1441048590726,"1,960",50% bullish,of 2 ratings,$14
GLUU,$4.5801,1441048590775,"718,695",92% bullish,of 26 ratings,$9
GLDC,$4,1441048590905,553,50% bullish,of 2 ratings,N/A
GDEN,$9.04,1441048591007,"6,541",50% bullish,of 2 ratings,N/A
GOGO,$15.869,1441048591039,"205,534",80% bullish,of 5 ratings,$25
GLNG,$38.72,1441048591064,"332,563",83% bullish,of 6 ratings,$55.50
GOGL,$3.1,1441048591145,"138,134",75% bullish,of 4 ratings,$5
GBDC,$16.69,1441048591326,"58,536",Not yet rated,NULL,$17.75
GTIM,$6.78,1441048591384,"12,064",Not yet rated,NULL,$11.50
GOOG,$619.65,1441048591485,"644,367",89% bullish,of 71 ratings,$825
GOOGL,$649.25,1441048591554,"557,073",88% bullish,of 1082 ratings,$749
GPRO,$46.61,1441048591582,"2,482,890",78% bullish,of 58 ratings,$72
GMAN,$3.765,1441048591760,"29,243",60% bullish,of 5 ratings,$8.50
GPIAU,NULL,1441048591843,0,Not yet rated,NULL,N/A
GPIA,NULL,1441048591868,0,100% bearish,of 1 rating,N/A
GRVY,$3.2489,1441048591999,"3,700",50% bullish,of 2 ratings,N/A
GPIAW,NULL,1441048592032,0,Not yet rated,NULL,N/A
GMLP,$19.4288,1441048592053,"149,235",50% bullish,of 4 ratings,$30.50
GBSN,$0.299,1441048592074,"5,089,293",50% bullish,of 2 ratings,$8.25
GBSNU,NULL,1441048592125,0,NULL,NULL,NULL
LOPE,$37.22,1441048592208,"71,665",100% bearish,of 2 ratings,$50
GSBC,$40.15,1441048592467,"9,823",100% bullish,of 1 rating,$44
GLDD,$5.53,1441048592526,"53,237",100% bearish,of 4 ratings,$7.75
GNBC,$11.9,1441048592659,"6,104",100% bearish,of 1 rating,$16.50
GPRE,$21.1,1441048592723,"220,923",67% bullish,of 6 ratings,$28.50
GPP,$14.24,1441048592753,"103,961",Not yet rated,NULL,$20.50
GRFS,$30.43,1441048592826,"80,310",50% bullish,of 2 ratings,$35
GLRE,$25.6,1441048592851,"36,228",50% bullish,of 2 ratings,$41
GRIF,$31.7999,1441048593058,100,100% bearish,of 1 rating,N/A
GCBC,$28.5,1441048593087,594,100% bullish,of 1 rating,N/A
GRBK,$11.945,1441048593111,"81,764",77% bullish,of 13 ratings,N/A
GSIG,$12.84,1441048593250,"7,854",100% bearish,of 2 ratings,N/A
OMAB,$41.79,1441048593281,"38,272",100% bullish,of 1 rating,$44
GGAL,$19.205,1441048593308,"61,769",80% bullish,of 5 ratings,$40
GSIT,$4.64,1441048593380,"4,314",100% bearish,of 1 rating,N/A
GRPN,$4.44,1441048593439,"3,162,236",61% bullish,of 71 ratings,$6.75
GSVC,$8.9247,1441048593778,"30,846",50% bullish,of 2 ratings,$14.50
GBNK,$15.73,1441048593812,"7,680",100% bearish,of 1 rating,$18
GTXI,$0.9,1441048593839,"34,610",100% bullish,of 5 ratings,$.75
GUID,$7.07,1441048593916,"4,300",100% bearish,of 3 ratings,$10
GFED,$14.85,1441048593945,"1,306",Not yet rated,NULL,$17
GULTU,$0.3,1441048593971,"1,176,207",100% bearish,of 1 rating,N/A
GIFI,$12.53,1441048594019,"24,287",100% bearish,of 1 rating,$16
GURE,$1.7001,1441048594047,"4,937",88% bullish,of 8 ratings,N/A
GWPH,$106.03,1441048594182,"40,422",78% bullish,of 9 ratings,$148.50
GPOR,$35.775,1441048594222,"757,362",75% bullish,of 4 ratings,$55
GWGH,$7.72,1441048594362,"2,450",100% bearish,of 1 rating,$15.05
HEES,$20.38,1441048594428,"218,388",67% bearish,of 3 ratings,$31
GYRO,$2.7801,1441048594462,"2,400",100% bearish,of 1 rating,N/A
HLG,$9.51,1441048594501,"3,304",100% bearish,of 1 rating,N/A
HNRG,$8.01,1441048594643,"57,991",100% bearish,of 1 rating,$10
HALL,$11.465,1441048594691,"17,942",Not yet rated,NULL,N/A
HBHC,$28.05,1441048594951,"341,255",50% bullish,of 2 ratings,$30
HALO,$17.51,1441048594977,"386,661",67% bullish,of 3 ratings,$22.50
HBK,$13.67,1441048595007,100,50% bullish,of 2 ratings,N/A
HMPR,$1.85,1441048595048,"4,638",100% bullish,of 1 rating,N/A
HBHCL,$24.25,1441048595107,"10,630",Not yet rated,NULL,N/A
HNH,$25.28,1441048595150,"7,281",100% bullish,of 1 rating,N/A
HAFC,$24.18,1441048595287,"82,444",100% bullish,of 2 ratings,$28.50
HNSN,$0.55,1441048595456,"49,603",88% bullish,of 8 ratings,$.40
HDNG,$10.27,1441048595481,"12,519",50% bullish,of 4 ratings,N/A
HQCL,$13.02,1441048595699,"13,923",67% bullish,of 3 ratings,$14
HRMNU,$10.2,1441048595729,"2,100",Not yet rated,NULL,N/A
HRMNW,$0.34,1441048595759,"10,000",Not yet rated,NULL,N/A
HRMN,$9.9001,1441048595785,400,Not yet rated,NULL,N/A
HLIT,$5.8,1441048595827,"156,880",100% bearish,of 1 rating,$6.50
HART,$1.42,1441048595857,"896,241",100% bearish,of 1 rating,N/A
TINY,$2.5,1441048595927,"14,586",50% bullish,of 2 ratings,$5.26
HBIO,$4.32,1441048596010,"18,481",100% bearish,of 1 rating,$10
HCAP,$12.2352,1441048596115,"8,604",50% bullish,of 2 ratings,$15
HCAPL,$25.7,1441048596244,"3,900",Not yet rated,NULL,N/A
HA,$22.79,1441048596280,"268,012",67% bullish,of 9 ratings,$27
HAS,$74.94,1441048596307,"247,860",63% bullish,of 8 ratings,$84.50
HCOM,$22.05,1441048596396,"1,200",100% bearish,of 1 rating,$28
HAYN,$38.01,1441048596591,"13,541",100% bearish,of 1 rating,$59
HWKN,$38.12,1441048596618,"8,985",Not yet rated,NULL,N/A
HDS,$32.98,1441048596680,"442,619",100% bearish,of 2 ratings,$39.50
HWBK,$14.05,1441048596762,200,100% bearish,of 1 rating,N/A
HQY,$29.34,1441048596811,"67,450",67% bullish,of 3 ratings,$32
HCSG,$33.45,1441048596840,"55,445",50% bullish,of 4 ratings,$35
HIIQ,$5.17,1441048596944,"22,956",50% bullish,of 2 ratings,$7
HSTM,$24.86,1441048597103,"12,698",50% bullish,of 2 ratings,$33.75
HTLD,$20.27,1441048597234,"232,509",Not yet rated,NULL,$22.50
HTLF,$36.16,1441048597280,"13,819",100% bullish,of 1 rating,$39.50
HTWR,$85.2,1441048597366,"81,850",50% bullish,of 2 ratings,$103
HELE,$85.545,1441048597444,"37,443",67% bearish,of 3 ratings,$100
HTBX,$4.8156,1441048597547,"6,930",50% bullish,of 2 ratings,$15.50
HWAY,$12.152,1441048597571,"78,493",100% bearish,of 1 rating,$15
HMTV,$13.52,1441048597624,"8,177",100% bearish,of 1 rating,$16
HMNY,$2.18,1441048597649,200,100% bearish,of 1 rating,N/A
HSII,$19.37,1441048597872,"47,687",100% bullish,of 3 ratings,$25
HCACU,$9.92,1441048597902,"16,912",Not yet rated,NULL,N/A
HNNA,$24.728,1441048597974,"3,898",Not yet rated,NULL,N/A
HERO,NULL,1441048597998,0,NULL,NULL,NULL
HSIC,$136.72,1441048598046,"86,831",83% bullish,of 6 ratings,$146
HTBK,$10.49,1441048598191,"22,130",Not yet rated,NULL,$12
HFWA,$17.57,1441048598261,"10,854",100% bullish,of 1 rating,$20
HRTX,$37.925,1441048598481,"1,123,571",67% bullish,of 6 ratings,$41
HCCI,$11.83,1441048598516,"82,139",100% bearish,of 1 rating,$16.50
MLHR,$27.24,1441048598544,"65,811",50% bullish,of 2 ratings,$33.50
HEOP,$7.79,1441048598564,"2,149",Not yet rated,NULL,$8.50
HSKA,$33.75,1441048598598,"20,140",100% bearish,of 1 rating,$38
HFFC,$16,1441048598627,"35,593",Not yet rated,NULL,N/A
HIBB,$39.3,1441048598694,"148,169",100% bearish,of 1 rating,$46.50
HPJ,$2.2,1441048598790,"19,120",75% bullish,of 4 ratings,$12.43
HIHO,$4.22,1441048598920,"42,477",Not yet rated,NULL,N/A
HIFS,$116.25,1441048599051,207,Not yet rated,NULL,N/A
HIMX,$6.91,1441048599078,"667,192",86% bullish,of 21 ratings,$8.50
HSGX,$6.08,1441048599150,"4,385",100% bearish,of 1 rating,$17
HOLI,$17.6,1441048599288,"40,533",50% bullish,of 4 ratings,$27
HMNF,$11.7,1441048599313,200,Not yet rated,NULL,N/A
HBCP,$25.3,1441048599349,829,Not yet rated,NULL,$29
HOLX,$38.77,1441048599441,"692,069",50% bullish,of 4 ratings,$42
HMSY,$10.3893,1441048599466,"527,601",67% bullish,of 3 ratings,$19.35
AWAY,$28.76,1441048599546,"209,787",67% bullish,of 3 ratings,$36
HFBL,NULL,1441048599617,0,Not yet rated,NULL,N/A
HOMB,$38.01,1441048599757,"64,707",Not yet rated,NULL,$42
HMST,$22.05,1441048599785,"33,088",100% bullish,of 2 ratings,$27
HMIN,$26.61,1441048599815,"23,673",100% bearish,of 2 ratings,$35
HKTV,$4.346,1441048600007,"4,043",100% bearish,of 1 rating,N/A
CETC,$0.7297,1441048600075,"7,626",86% bullish,of 7 ratings,N/A
HTBI,$18.16,1441048600105,"22,166",67% bullish,of 3 ratings,$18.625
HOFT,$23.79,1441048600209,"18,039",100% bearish,of 1 rating,N/A
HBNC,$23.5001,1441048600235,"6,996",100% bullish,of 1 rating,$27
HZNP,$29.13,1441048600262,"728,173",85% bullish,of 20 ratings,$40
HFBC,$11.4599,1441048600283,"1,700",Not yet rated,NULL,N/A
HRZN,$10.51,1441048600486,"26,149",50% bullish,of 2 ratings,$14.25
ZINC,$8.14,1441048600516,"557,103",100% bearish,of 1 rating,$17
HDP,$23.58,1441048600541,"114,993",67% bearish,of 3 ratings,$30.50
HMHC,$22.585,1441048600590,"216,626",Not yet rated,NULL,$27
HOVNP,$4.51,1441048600723,"2,700",100% bearish,of 1 rating,N/A
HWCC,$7.69,1441048600762,"57,983",100% bearish,of 1 rating,$9
HTGM,$5.71,1441048600947,"3,499",100% bearish,of 1 rating,$19.50
HSNI,$60.78,1441048601007,"83,777",Not yet rated,NULL,$80
HUBG,$37.7799,1441048601033,"81,053",100% bearish,of 1 rating,$43
HCBK,$9.29,1441048601075,"581,882",83% bullish,of 6 ratings,$8.61
HBMD,$14.46,1441048601164,600,100% bearish,of 1 rating,N/A
HDSN,$3.11,1441048601189,"3,043",100% bullish,of 1 rating,$6.25
HSON,$2.595,1441048601218,"5,404",100% bearish,of 1 rating,$5
HURC,$31.0056,1441048601360,"3,591",100% bearish,of 1 rating,N/A
HBAN,$10.89,1441048601492,"1,959,891",76% bullish,of 17 ratings,$12.29
HURN,$72.74,1441048601523,"66,300",50% bullish,of 2 ratings,$80
HBANP,NULL,1441048601565,0,100% bearish,of 1 rating,N/A
HTCH,$1.4928,1441048601621,"70,667",100% bearish,of 1 rating,$3.50
HBP,$3.1499,1441048601718,"2,700",100% bullish,of 1 rating,N/A
HDRA,NULL,1441048601847,0,Not yet rated,NULL,N/A
HYGS,$9.28,1441048601935,"25,143",50% bullish,of 2 ratings,$13
HDRAR,$0.36,1441048601963,"10,000",Not yet rated,NULL,N/A
HDRAW,$0.264,1441048601988,600,Not yet rated,NULL,N/A
HDRAU,NULL,1441048602016,0,Not yet rated,NULL,N/A
IBKC,$60.81,1441048602096,"52,190",100% bullish,of 1 rating,$70
IDSY,$3.8,1441048602148,"9,550",100% bearish,of 1 rating,$7
IACI,$69.55,1441048602173,"298,960",75% bullish,of 4 ratings,$90
IKGH,$1.44,1441048602723,"17,262",75% bullish,of 4 ratings,N/A
IEP,$73.41,1441048602824,"33,059",75% bullish,of 4 ratings,$99
ICAD,$4.05,1441048602853,"25,176",100% bullish,of 2 ratings,$7.25
ICFI,$34.315,1441048602955,"24,418",50% bullish,of 2 ratings,$48.50
ICUI,$113.36,1441048602981,"37,288",Not yet rated,NULL,$122
ICLR,$77.55,1441048603006,"231,767",100% bearish,of 3 ratings,$85
ICON,$13.82,1441048603032,"312,514",50% bullish,of 2 ratings,$18.50
IPWR,$7.33,1441048603163,"4,808",100% bullish,of 1 rating,$15
INVE,$4.6,1441048603204,"52,095",75% bullish,of 4 ratings,$4
IDRA,$3.025,1441048603228,"942,963",89% bullish,of 9 ratings,$6.50
IROQ,$16.99,1441048603494,981,100% bullish,of 1 rating,N/A
IDXX,$71.59,1441048603538,"175,040",100% bearish,of 1 rating,$76
DSKY,$10.99,1441048603564,"51,169",67% bullish,of 6 ratings,$11.50
IRG,$4.995,1441048603638,"6,108",100% bearish,of 1 rating,$4.25
IIVI,$16.69,1441048603695,"78,491",100% bearish,of 1 rating,$22
RXDX,$13.47,1441048603720,"48,430",100% bullish,of 1 rating,$20
KANG,$15.61,1441048603915,"175,415",50% bullish,of 2 ratings,$22.55
IKAN,$2.74,1441048603975,"94,450",83% bullish,of 6 ratings,$5
ISNS,$4.14,1441048604003,"23,615",50% bullish,of 2 ratings,N/A
IKNX,$12.241,1441048604043,"4,300",100% bearish,of 1 rating,N/A
ICCC,$7.26,1441048604105,"6,102",100% bullish,of 1 rating,N/A
IMMR,$11.59,1441048604159,"70,167",80% bullish,of 5 ratings,$15.50
ILMN,$198.082,1441048604187,"429,959",80% bullish,of 5 ratings,$245
IMNP,$1.315,1441048604381,"39,123",50% bullish,of 2 ratings,$6
IMDZ,$16.03,1441048604430,"27,933",100% bearish,of 1 rating,$33
IMGN,$13.51,1441048604456,"398,583",75% bullish,of 4 ratings,$17.50
IPXL,$40.75,1441048604597,"454,556",67% bullish,of 3 ratings,$46.50
IMMU,$2.14,1441048604622,"246,257",86% bullish,of 7 ratings,$2
IMMY,$7.9399,1441048604693,"4,600",100% bearish,of 1 rating,$11
INCR,$41.02,1441048604794,"195,250",50% bullish,of 2 ratings,$53
SAAS,$7.615,1441048604874,"156,709",50% bullish,of 2 ratings,$15
INCY,$116.7,1441048604904,"537,563",50% bullish,of 6 ratings,$125.50
INDB,$44.89,1441048604939,"37,042",Not yet rated,NULL,$44
IBCP,$14.05,1441048605037,"25,309",100% bullish,of 1 rating,$14.50
IBTX,$41.6,1441048605077,"4,714",100% bullish,of 2 ratings,$47.25
IDSA,$3.56,1441048605140,454,Not yet rated,NULL,N/A
INFN,$21.86,1441048605222,"1,210,990",71% bullish,of 7 ratings,$28
INFI,$8.917,1441048605416,"169,967",50% bullish,of 4 ratings,$18
IPCC,$77.13,1441048605476,"5,999",Not yet rated,NULL,$77.50
IFON,$1.25,1441048605502,"14,760",75% bullish,of 4 ratings,N/A
III,$3.89,1441048605523,"39,110",57% bullish,of 7 ratings,$6
INNL,$13,1441048605559,"1,800",100% bearish,of 1 rating,$16.50
IMKTA,$50.15,1441048605581,"37,667",100% bearish,of 1 rating,N/A
INWK,$7.27,1441048605655,"37,499",50% bullish,of 2 ratings,$10
IOSP,$49.08,1441048605896,"157,515",100% bearish,of 1 rating,N/A
INOD,$2.45,1441048605928,"32,705",100% bearish,of 1 rating,N/A
IPHS,$48.01,1441048605992,"22,916",100% bearish,of 1 rating,$60
ISSC,$2.8075,1441048606023,"2,100",67% bearish,of 3 ratings,N/A
INGN,$49.36,1441048606048,"113,620",100% bearish,of 1 rating,$50.50
ITEK,$12.3199,1441048606123,"120,470",100% bearish,of 3 ratings,$20
INO,$7.5199,1441048606303,"567,202",89% bullish,of 18 ratings,$20
INOV,$21.89,1441048606330,"170,394",100% bearish,of 1 rating,$33
NSIT,$25.325,1441048606466,"53,038",50% bullish,of 2 ratings,N/A
IIIN,$17.25,1441048606531,"16,580",100% bearish,of 2 ratings,N/A
INSM,$24.81,1441048606562,"167,910",71% bullish,of 7 ratings,$31.50
ISIG,$2.7,1441048606597,"18,369",100% bearish,of 1 rating,N/A
PODD,$29.65,1441048606734,"129,604",67% bearish,of 3 ratings,$35
INSY,$32.43,1441048606786,"167,756",75% bullish,of 4 ratings,$48
NTEC,$5.5,1441048606811,"29,600",100% bearish,of 1 rating,N/A
IART,$60.235,1441048607053,"86,272",100% bearish,of 2 ratings,$71.50
INTC,$28.78,1441048607094,"16,271,626",82% bullish,of 238 ratings,$36
IDTI,$19.05,1441048607127,"663,264",60% bullish,of 5 ratings,$25
IESC,$7.25,1441048607155,"9,100",100% bearish,of 1 rating,N/A
ISSI,$21.99,1441048607224,"89,461",67% bullish,of 3 ratings,$19.75
IQNT,$18.33,1441048607256,"101,827",86% bullish,of 7 ratings,$20
IPAR,$25.31,1441048607325,"39,514",67% bullish,of 3 ratings,$38
IPCI,$2.3,1441048607350,"28,220",67% bullish,of 6 ratings,$8
IBKR,$39.645,1441048607538,"265,019",100% bullish,of 1 rating,N/A
ININ,$35.19,1441048607599,"46,133",67% bearish,of 3 ratings,$57
ICLD,$1.89,1441048607681,"61,815",75% bullish,of 4 ratings,N/A
ICLDW,NULL,1441048607706,0,100% bearish,of 1 rating,N/A
ICPT,$190.75,1441048607727,"131,023",70% bullish,of 10 ratings,$359.50
IDCC,$49.52,1441048607876,"127,930",80% bullish,of 5 ratings,$63
TILE,$24.05,1441048607909,"387,186",100% bearish,of 3 ratings,$27
IMI,$2.045,1441048608010,"23,214",67% bullish,of 3 ratings,$2.22
IBOC,$25.44,1441048608145,"18,447",100% bearish,of 1 rating,N/A
INAP,$8,1441048608172,"42,680",75% bullish,of 4 ratings,$11
ISCA,$31.99,1441048608198,"24,197",100% bearish,of 1 rating,N/A
IGLD,$6.8901,1441048608225,937,50% bullish,of 2 ratings,N/A
IIJI,NULL,1441048608355,0,50% bullish,of 2 ratings,$11.50
PTNT,$3.03,1441048608379,300,Not yet rated,NULL,N/A
XENT,$25.38,1441048608523,"66,355",50% bullish,of 2 ratings,$36.50
INPH,$0.3169,1441048608572,"16,059",50% bullish,of 2 ratings,N/A
INTX,$2.045,1441048608598,"69,579",67% bullish,of 3 ratings,N/A
ISIL,$10.5,1441048608652,"251,279",50% bullish,of 6 ratings,$15
IILG,$19.93,1441048608677,"62,319",100% bearish,of 1 rating,$29
INTL,$26.46,1441048608745,"35,274",67% bearish,of 3 ratings,N/A
IVAC,$4.76,1441048608811,"10,380",100% bearish,of 1 rating,$6.625
INTLL,$25.943,1441048608966,"1,500",Not yet rated,NULL,N/A
ITCI,$26.67,1441048608993,"242,834",75% bearish,of 4 ratings,$40
IIN,NULL,1441048609029,0,100% bearish,of 1 rating,$12
INTU,$85.42,1441048609060,"839,508",86% bullish,of 7 ratings,$107.50
ISRG,$512.415,1441048609162,"71,068",67% bullish,of 3 ratings,$600
INVT,$0.3374,1441048609228,"94,664",67% bullish,of 3 ratings,N/A
SNAK,$8.6001,1441048609428,"17,568",50% bullish,of 2 ratings,$14
NVIV,$9.77,1441048609466,"107,119",50% bullish,of 4 ratings,$24.50
ISTR,$15.74,1441048609500,202,100% bearish,of 1 rating,$18.50
ITIC,$71.02,1441048609521,534,100% bearish,of 2 ratings,N/A
ISBC,$11.75,1441048609541,"630,236",100% bullish,of 1 rating,$13.25
IPAS,$1.08,1441048609601,"31,781",67% bullish,of 3 ratings,N/A
IVTY,$14.01,1441048609674,"3,900",Not yet rated,NULL,$18
DFVL,$66.6,1441048609876,3,Not yet rated,NULL,N/A
DTUL,NULL,1441048609907,0,Not yet rated,NULL,N/A
IPGP,$84.695,1441048609985,"95,449",67% bearish,of 3 ratings,$109.50
IPCM,$79.38,1441048610011,"64,756",50% bullish,of 2 ratings,$80.125
IRMD,$24.3,1441048610093,"19,116",67% bearish,of 3 ratings,$25
IRIX,$6.81,1441048610179,"32,813",100% bearish,of 1 rating,N/A
IRDMB,$279,1441048610234,100,67% bearish,of 3 ratings,N/A
IRDM,$7.505,1441048610273,"287,744",60% bullish,of 5 ratings,$11.50
IRBT,$29.2775,1441048610307,"69,670",67% bullish,of 6 ratings,$37
FCHI,NULL,1441048610439,0,NULL,NULL,NULL
IRCP,NULL,1441048610465,0,100% bullish,of 2 ratings,N/A
IRWD,$11.02,1441048610503,"281,714",100% bearish,of 1 rating,$13
IFAS,NULL,1441048610629,0,NULL,NULL,NULL
GNMA,$50.19,1441048610732,"6,100",Not yet rated,NULL,N/A
COMT,$34.49,1441048610761,"7,285",100% bearish,of 1 rating,N/A
IFEU,$38.05,1441048610866,"72,442",Not yet rated,NULL,N/A
ACWX,$40.79,1441048610972,"145,947",100% bearish,of 1 rating,N/A
IFGL,$28.24,1441048610996,"318,286",Not yet rated,NULL,N/A
IFNA,NULL,1441048611019,0,NULL,NULL,NULL
ACWI,$55.87,1441048611177,"872,468",Not yet rated,NULL,N/A
AAXJ,$53.31,1441048611205,"979,153",Not yet rated,NULL,N/A
AXJS,NULL,1441048611232,0,NULL,NULL,NULL
AAIT,NULL,1441048611250,0,NULL,NULL,NULL
EMDI,NULL,1441048611268,0,NULL,NULL,NULL
EEME,NULL,1441048611407,0,NULL,NULL,NULL
EGRW,NULL,1441048611478,0,NULL,NULL,NULL
EEMA,$50.3501,1441048611507,"44,214",Not yet rated,NULL,N/A
EMEY,NULL,1441048611567,0,NULL,NULL,NULL
EVAL,NULL,1441048611711,0,NULL,NULL,NULL
EEML,$27.4,1441048611735,"2,600",Not yet rated,NULL,N/A
IEUS,$45.91,1441048611876,"4,507",100% bearish,of 1 rating,N/A
UAE,$18.76,1441048611913,"1,885",Not yet rated,NULL,N/A
QAT,$22.04,1441048611980,"10,500",Not yet rated,NULL,N/A
EUFN,$21.8055,1441048612004,"33,923",100% bearish,of 1 rating,N/A
IBB,$342.33,1441048612034,"540,545",63% bullish,of 8 ratings,N/A
EMIF,$28.61,1441048612055,"28,066",Not yet rated,NULL,N/A
SOXX,$83.2,1441048612189,"276,963",50% bullish,of 2 ratings,N/A
WOOD,$48.098,1441048612217,"11,473",50% bullish,of 2 ratings,N/A
ICLN,$9.4785,1441048612321,"3,721",50% bullish,of 2 ratings,N/A
INDY,$27.36,1441048612421,"31,855",50% bullish,of 2 ratings,N/A
ISHG,$79.6599,1441048612469,"3,114",100% bearish,of 1 rating,N/A
ISIS,$50.32,1441048612599,"818,110",53% bullish,of 15 ratings,$67
ISRL,$126.9501,1441048612683,100,100% bearish,of 1 rating,N/A
ITRI,$29.98,1441048612713,"100,438",100% bearish,of 1 rating,$37
IGOV,$90.416,1441048612750,"213,771",100% bearish,of 1 rating,N/A
ISLE,$18.45,1441048612780,"283,854",50% bullish,of 4 ratings,$16
ITRN,$23.9,1441048612812,500,50% bullish,of 2 ratings,N/A
IXYS,$11.73,1441048613041,"123,563",50% bullish,of 4 ratings,N/A
ITUS,$4.03,1441048613094,"1,100",Not yet rated,NULL,N/A
XXIA,$15.48,1441048613122,"316,505",71% bullish,of 7 ratings,$14.625
MAYS,$59.93,1441048613146,160,Not yet rated,NULL,N/A
JJSF,$113.91,1441048613171,"12,386",100% bearish,of 1 rating,N/A
JBHT,$72.995,1441048613370,"366,482",50% bullish,of 4 ratings,$89.50
JCOM,$68.97,1441048613402,"53,325",100% bullish,of 2 ratings,$77
JACK,$78.545,1441048613538,"191,973",83% bullish,of 6 ratings,$105
JASO,$8.01,1441048613572,"573,242",82% bullish,of 17 ratings,$10
JKHY,$68.06,1441048613593,"86,103",50% bullish,of 2 ratings,$72
JXSB,NULL,1441048613624,0,Not yet rated,NULL,N/A
JAXB,$13.71,1441048613673,400,100% bullish,of 1 rating,N/A
JAGX,$2.9999,1441048613846,"13,353",Not yet rated,NULL,$10.50
JRVR,$27.6,1441048613998,"38,178",Not yet rated,NULL,$32
JMBA,$13.96,1441048614128,"45,778",75% bullish,of 4 ratings,$18
JASN,$4.97,1441048614157,"3,175",50% bullish,of 2 ratings,$9.50
JAKK,$9.57,1441048614182,"373,424",60% bearish,of 5 ratings,$11
JASNW,NULL,1441048614261,0,50% bullish,of 2 ratings,N/A
ERW,NULL,1441048614313,0,Not yet rated,NULL,N/A
JBLU,$22.32,1441048614391,"2,172,293",94% bullish,of 18 ratings,$27
JAZZ,$168.444,1441048614445,"139,947",80% bullish,of 15 ratings,$206.50
JD,$25.92,1441048614595,"4,135,154",75% bullish,of 16 ratings,$36
JTPY,$2.95,1441048614727,"1,370",100% bearish,of 1 rating,N/A
JST,$3.85,1441048614787,"14,835",75% bullish,of 4 ratings,N/A
JCTCF,NULL,1441048614852,0,100% bullish,of 1 rating,N/A
DATE,$6.06,1441048614878,"18,750",75% bullish,of 4 ratings,$9
WYIGU,NULL,1441048614921,0,100% bearish,of 1 rating,N/A
JIVE,$4.515,1441048614946,"91,543",75% bullish,of 4 ratings,$5
JOEZ,$0.1625,1441048615027,"103,754",92% bullish,of 12 ratings,N/A
JBSS,$51.52,1441048615165,"13,924",67% bearish,of 3 ratings,N/A
JOUT,$25.3484,1441048615225,"7,244",100% bearish,of 1 rating,$34
JUNO,$36.28,1441048615264,"401,386",73% bullish,of 11 ratings,$71.50
JNP,$10.89,1441048615361,"23,551",100% bullish,of 3 ratings,$15
KALU,$83.06,1441048615396,"27,187",67% bearish,of 3 ratings,$91
KBIO,$2.0596,1441048615490,"18,790",50% bullish,of 4 ratings,N/A
KTWO,$21.05,1441048615518,"18,732",100% bearish,of 1 rating,$28.50
KNDI,$6.8199,1441048615588,"109,757",86% bullish,of 22 ratings,N/A
KMDA,$3.48,1441048615620,"2,586",50% bullish,of 2 ratings,$8
KCLI,$46.31,1441048615723,"9,970",Not yet rated,NULL,N/A
KBSF,NULL,1441048615749,0,100% bullish,of 1 rating,N/A
KPTI,$13.905,1441048615775,"149,922",67% bearish,of 3 ratings,$39
