Symbol,Price,Date,Volume,Rating,RatingVoteCount,OneYearEstimate
PIH,$7.22,1440623402673,"6,200",100% bearish,of 1 rating,N/A
FLWS,$9.6,1440623402716,"360,452",100% bullish,of 5 ratings,$15
FCCY,$11.6,1440623402814,"2,264",100% bullish,of 1 rating,$13
FCTY,$8.01,1440623402844,"4,467",100% bullish,of 1 rating,$8.50
SRCE,$29.15,1440623403043,"46,378",100% bullish,of 3 ratings,$33
VNET,$15.77,1440623403175,"930,701",60% bullish,of 5 ratings,$29.50
DGLD,$83.54,1440623403200,"18,113",100% bullish,of 1 rating,N/A
TWOU,$34.59,1440623403367,"167,487",50% bullish,of 2 ratings,$39
DSLV,$76.25,1440623403415,"20,579",100% bearish,of 1 rating,N/A
JOBS,$27.03,1440623403735,"83,386",50% bullish,of 4 ratings,$36
UGLD,$9.01,1440623403759,"171,028",100% bearish,of 1 rating,N/A
USLV,$11.35,1440623403784,"675,434",86% bullish,of 7 ratings,N/A
EGHT,$7.725,1440623404223,"463,172",82% bullish,of 17 ratings,$11
SIXD,$2.89,1440623404279,"407,448",Not yet rated,NULL,N/A
CAFD,$14.21,1440623404306,"228,939",Not yet rated,NULL,$25
AVHI,$13.96,1440623404372,"27,749",100% bearish,of 1 rating,$19
ABGB,$6.58,1440623404784,"267,694",67% bullish,of 3 ratings,$5.50
AAON,$20.13,1440623404809,"163,751",100% bearish,of 1 rating,$24
ABAX,$46.96,1440623405190,"127,185",100% bearish,of 1 rating,$60
SHLM,$33.24,1440623405274,"110,908",100% bearish,of 1 rating,$50
ABY,$21.3,1440623405332,"801,230",100% bearish,of 2 ratings,$46
ABMD,$97.29,1440623405356,"353,665",75% bullish,of 4 ratings,$100.50
ABEO,$4.58,1440623405717,"98,771",50% bullish,of 4 ratings,$15.50
ABEOW,$1.85,1440623405851,"2,345",100% bullish,of 1 rating,N/A
AXAS,$1.59,1440623406068,"740,977",78% bullish,of 9 ratings,$3.50
ACHC,$70.4016,1440623406096,"623,609",50% bullish,of 2 ratings,$92
ACTG,$8.935,1440623406121,"279,772",67% bullish,of 3 ratings,$18.50
ACAD,$36.38,1440623406259,"701,693",80% bullish,of 20 ratings,$48
ACST,$0.34,1440623406572,"21,805",100% bullish,of 2 ratings,N/A
AXDX,$18.61,1440623406597,"158,740",100% bearish,of 1 rating,N/A
XLRN,$28.25,1440623406847,"170,451",50% bullish,of 2 ratings,$57
ANCX,$19.7,1440623406977,"28,386",Not yet rated,NULL,$20
VXDN,$1.97,1440623407110,"42,365",100% bearish,of 1 rating,N/A
ARAY,$6.42,1440623407135,"827,313",100% bearish,of 1 rating,$10.50
VXUP,$1.47,1440623407269,"68,784",100% bearish,of 1 rating,N/A
ACRX,$4.21,1440623407400,"173,012",67% bearish,of 6 ratings,$5.50
ACHN,$7.34,1440623407526,"1,750,040",90% bullish,of 21 ratings,$16
ACET,$22.68,1440623407552,"84,389",75% bullish,of 4 ratings,$30
ACIW,$21.08,1440623407578,"489,897",67% bearish,of 3 ratings,$24
AKAO,$6.71,1440623407626,"120,839",75% bullish,of 4 ratings,$15
ACNB,$19.76,1440623407939,"4,700",Not yet rated,NULL,N/A
TFSCR,NULL,1440623407987,0,Not yet rated,NULL,N/A
TFSC,$9.73,1440623408120,"11,900",100% bearish,of 1 rating,N/A
ACPW,$1.8,1440623408153,"36,556",100% bullish,of 4 ratings,$3.50
TFSCU,NULL,1440623408174,0,Not yet rated,NULL,N/A
ACTS,$1.57,1440623408196,"21,329",100% bearish,of 1 rating,N/A
TFSCW,NULL,1440623408248,0,100% bearish,of 1 rating,N/A
ACOR,$31.96,1440623408334,"830,337",67% bearish,of 3 ratings,$38.50
ACTA,$13,1440623408466,"72,427",67% bearish,of 3 ratings,$25
ACUR,$0.51,1440623408496,"48,034",100% bullish,of 5 ratings,$1
ATVI,$27.29,1440623408523,"4,845,029",68% bullish,of 84 ratings,$31.50
ADAP,$11.45,1440623408792,"197,620",67% bullish,of 3 ratings,$22
ADMS,$19.73,1440623408851,"45,781",100% bearish,of 2 ratings,$36
AEY,$2.3,1440623409016,"2,445",100% bearish,of 2 ratings,N/A
ACXM,$20.37,1440623409049,"317,175",67% bullish,of 3 ratings,N/A
ADMP,$3.46,1440623409103,"26,598",50% bullish,of 2 ratings,$10
ADEP,$6.5,1440623409450,"37,513",50% bullish,of 2 ratings,$10.75
ADUS,$28.29,1440623409477,"54,197",100% bearish,of 1 rating,$31
ADRO,$19.34,1440623409617,"226,833",80% bullish,of 5 ratings,$45.50
ADBE,$80.1945,1440623409642,"2,753,301",65% bullish,of 17 ratings,$90
AEIS,$24.11,1440623409715,"124,976",50% bullish,of 2 ratings,$32.50
ADXSW,$9.12,1440623409953,"32,595",100% bullish,of 1 rating,N/A
ADXS,$13.65,1440623409995,"856,278",64% bullish,of 14 ratings,$27
ADMA,$9.05,1440623410020,"4,747",Not yet rated,NULL,$19
AMD,$1.72,1440623410085,"7,340,404",83% bullish,of 103 ratings,$2
MULT,NULL,1440623410148,0,100% bearish,of 1 rating,N/A
ADTN,$15.345,1440623410184,"272,984",67% bullish,of 3 ratings,$17.125
AEGR,$17.7,1440623410227,"300,099",50% bullish,of 6 ratings,$26
YPRO,$22.97,1440623410316,"2,612",100% bearish,of 1 rating,N/A
AEGN,$17.96,1440623410361,"119,754",100% bearish,of 2 ratings,$21
AMTX,$2.48,1440623410616,"28,939",50% bullish,of 2 ratings,$26.11
AEHR,$2.32,1440623410641,"3,124",50% bullish,of 2 ratings,N/A
AERI,$15.96,1440623410797,"239,646",75% bullish,of 4 ratings,$31.50
AFMD,$10.04,1440623410856,"169,869",50% bullish,of 4 ratings,$15
AEPI,$54.3,1440623410926,"9,804",100% bearish,of 1 rating,N/A
AEZS,$0.0802,1440623411072,"4,829,729",90% bullish,of 21 ratings,$1.50
AGRX,$8.42,1440623411132,"14,139",100% bearish,of 1 rating,$17.50
AVAV,$23.41,1440623411158,"76,687",50% bullish,of 4 ratings,$31
AGEN,$6.91,1440623411368,"912,255",85% bullish,of 13 ratings,$14
AGFS,$10.05,1440623411444,"42,033",100% bearish,of 1 rating,N/A
AEMD,$6.92,1440623411502,"19,705",Not yet rated,NULL,$27.50
AGYS,$9.54,1440623411577,"41,357",100% bearish,of 1 rating,N/A
AGIO,$87.45,1440623411635,"404,843",88% bullish,of 8 ratings,$114
AGFSW,$1.89,1440623411766,"17,243",100% bearish,of 2 ratings,N/A
AFFX,$9.24,1440623411799,"356,438",80% bullish,of 5 ratings,$12
AIXG,$5.81,1440623412509,"15,318",67% bearish,of 3 ratings,$5.25
AIRM,$35.85,1440623412591,"217,057",80% bearish,of 5 ratings,$53
AIRT,$22.68,1440623412623,885,100% bullish,of 1 rating,N/A
ATSG,$8.73,1440623412654,"229,466",67% bullish,of 3 ratings,$13
AIMT,$22.67,1440623412676,"128,544",Not yet rated,NULL,N/A
AKAM,$68.17,1440623412707,"1,272,952",63% bullish,of 8 ratings,$77
AKER,$2.52,1440623412734,"79,700",Not yet rated,NULL,N/A
AMCN,$4.49,1440623412760,"503,016",83% bullish,of 6 ratings,N/A
AKBA,$6.35,1440623412922,"178,822",100% bearish,of 1 rating,$18
AMRI,$20.02,1440623413052,"535,651",75% bearish,of 4 ratings,$24
AKRX,$39.0053,1440623413126,"751,839",78% bullish,of 9 ratings,$56
ALSK,$2.03,1440623413186,"100,565",78% bullish,of 18 ratings,$2
ALRM,$16.29,1440623413284,"202,192",100% bearish,of 1 rating,$22
ABDC,$11.74,1440623413312,"60,064",Not yet rated,NULL,$15
ADHD,$7.84,1440623413340,"134,132",50% bullish,of 4 ratings,$18
ALDR,$38.54,1440623413366,"289,269",67% bearish,of 3 ratings,$62
ALDX,$6.77,1440623413496,"7,837",100% bearish,of 1 rating,$14.50
ALXA,$1.11,1440623413524,"15,709",83% bullish,of 6 ratings,$2.125
ALXN,$173.5192,1440623413546,"1,236,156",88% bullish,of 8 ratings,$223
ALCO,$41.7,1440623413677,"7,959",50% bullish,of 2 ratings,N/A
ALGN,$55.9433,1440623413772,"479,511",100% bearish,of 2 ratings,$73
ALKS,$60.0628,1440623413908,"557,994",67% bullish,of 3 ratings,$75
ALGT,$215.93,1440623413998,"78,020",100% bearish,of 2 ratings,$235
AIQ,$13.61,1440623414228,"16,186",67% bullish,of 3 ratings,N/A
ALLB,$22.52,1440623414253,705,Not yet rated,NULL,N/A
AHPI,$1.5,1440623414279,"1,200",50% bullish,of 2 ratings,N/A
ALIM,$3.23,1440623414300,"85,874",80% bullish,of 5 ratings,$10
AMOT,$18.6,1440623414457,"65,104",100% bearish,of 1 rating,N/A
ALQA,$4.2,1440623414556,"30,733",75% bullish,of 4 ratings,$8.50
ARLP,$24.429,1440623414586,"92,950",67% bearish,of 3 ratings,$32
ALLT,$4.95,1440623414694,"157,608",75% bullish,of 4 ratings,$6.25
AFOP,$18.51,1440623414722,"125,310",75% bullish,of 8 ratings,$21
AHGP,$35.02,1440623414774,"36,890",67% bullish,of 3 ratings,N/A
MDRX,$13.57,1440623414876,"2,181,483",60% bullish,of 5 ratings,$16
AFAM,$45.24,1440623415078,"65,720",50% bullish,of 2 ratings,$44
ALNY,$102.2377,1440623415580,"475,945",67% bullish,of 3 ratings,$148.50
AOSL,$7.22,1440623415622,"73,462",67% bullish,of 3 ratings,$9
AMRN,$1.9,1440623415681,"1,047,072",85% bullish,of 39 ratings,$8
AMRK,$10.35,1440623415720,"2,070",50% bullish,of 2 ratings,$14
ATEC,$0.5795,1440623415785,"131,134",100% bullish,of 1 rating,$2
ALTR,$47.91,1440623415857,"2,524,127",80% bearish,of 5 ratings,$54
SMCP,$22.33,1440623415916,600,Not yet rated,NULL,N/A
AMAG,$63.26,1440623416000,"550,731",100% bullish,of 2 ratings,$77.50
ASPS,$25.43,1440623416103,"231,584",67% bullish,of 3 ratings,$46.50
AYA,$19.82,1440623416180,"14,095",100% bearish,of 1 rating,$40
AIMC,$24.33,1440623416208,"79,827",100% bearish,of 2 ratings,$28.50
AMBC,$15.56,1440623416263,"380,426",100% bearish,of 1 rating,$16.50
AMBA,$89.94,1440623416484,"1,692,374",83% bullish,of 12 ratings,$102.50
EPAX,$2.68,1440623416616,"120,564",100% bearish,of 1 rating,N/A
AMCX,$69.72,1440623416817,"708,632",67% bullish,of 3 ratings,$87.50
AMED,$38.52,1440623416954,"151,312",100% bearish,of 1 rating,$42
AMDA,$0.4749,1440623416986,"879,262",90% bullish,of 10 ratings,$1
DOX,$56.4,1440623417013,"578,823",67% bearish,of 3 ratings,$60
UHAL,$367.96,1440623417092,"11,822",100% bullish,of 2 ratings,$393.50
AMZN,$500,1440623417140,"3,511,552",81% bullish,of 264 ratings,$646
AMBCW,$7,1440623417366,"6,500",100% bearish,of 1 rating,N/A
ASBI,$22.34,1440623417430,"8,323",Not yet rated,NULL,N/A
ATAX,$5.15,1440623417462,"135,079",100% bullish,of 1 rating,$6.50
AAL,$38.8,1440623417494,"9,684,069",93% bullish,of 88 ratings,$57
AMOV,$17.49,1440623417521,"8,473",100% bearish,of 1 rating,N/A
AGNC,$19.3189,1440623417560,"3,143,170",71% bullish,of 28 ratings,$22
AGNCP,$25.25,1440623417694,"3,450",Not yet rated,NULL,N/A
MTGE,$15.39,1440623417888,"337,978",75% bullish,of 4 ratings,$19.50
AGNCB,$24.18,1440623418209,"17,136",Not yet rated,NULL,N/A
MTGEP,$24.58,1440623418308,"5,900",Not yet rated,NULL,N/A
AMIC,$9.66,1440623418334,3,Not yet rated,NULL,N/A
ACSF,$12.06,1440623418363,"21,371",100% bearish,of 1 rating,$15
ACAS,$13.2189,1440623418469,"2,274,742",60% bullish,of 5 ratings,$16.75
ANCI,$1.53,1440623418559,"2,800",100% bearish,of 1 rating,N/A
APEI,$21.3,1440623418846,"39,846",100% bearish,of 1 rating,$25.50
ANAT,$99.6699,1440623419268,"32,223",100% bullish,of 1 rating,N/A
AMNB,$22.9,1440623419397,"9,778",Not yet rated,NULL,$25.50
AMRB,$10.05,1440623419528,"19,704",Not yet rated,NULL,$11
AMSWA,$8.54,1440623419560,"40,622",100% bearish,of 2 ratings,$10.75
ASEI,$37.18,1440623419582,"33,425",100% bearish,of 1 rating,$52.50
AETI,$3.8,1440623419603,"1,244",67% bearish,of 3 ratings,N/A
ARII,$37.99,1440623419738,"190,315",67% bearish,of 3 ratings,$45
AMSC,$4.11,1440623419763,"95,507",50% bullish,of 4 ratings,N/A
AMWD,$65.17,1440623419993,"114,098",50% bullish,of 2 ratings,$70
ASRVP,NULL,1440623420286,0,Not yet rated,NULL,N/A
ATLO,$23.4,1440623420482,"9,014",Not yet rated,NULL,N/A
ABCB,$26.62,1440623420511,"99,298",Not yet rated,NULL,$31
CRMT,$36.22,1440623420539,"32,730",100% bearish,of 1 rating,$39
ASRV,$3.23,1440623420565,"42,971",100% bullish,of 2 ratings,N/A
AMGN,$153.9615,1440623420586,"3,487,290",89% bullish,of 19 ratings,$185
AMSF,$47.04,1440623420619,"45,548",Not yet rated,NULL,$57.50
AMKR,$4.62,1440623420719,"1,616,982",100% bearish,of 2 ratings,$5
FOLD,$14.375,1440623420744,"1,187,545",56% bullish,of 9 ratings,$21
ASYS,$4.97,1440623421292,"64,605",67% bullish,of 3 ratings,$12
AMSG,$79.03,1440623421319,"478,643",100% bearish,of 1 rating,$85.50
AMSGP,NULL,1440623421451,0,Not yet rated,NULL,N/A
AMPH,$13.53,1440623421521,"220,263",50% bullish,of 2 ratings,$20
AMRS,$1.59,1440623421654,"57,126",70% bullish,of 10 ratings,N/A
ADI,$54.22,1440623421704,"3,194,023",67% bullish,of 3 ratings,$69
ANCB,$22.2,1440623421729,"1,232",Not yet rated,NULL,$23
ANAC,$132.24,1440623421798,"329,869",80% bullish,of 5 ratings,$180.50
AFSI,$57.7816,1440623421924,"499,548",60% bullish,of 5 ratings,$72
ALOG,$78.97,1440623421955,"50,266",100% bearish,of 2 ratings,$100.50
ANAD,$0.329,1440623422053,"206,065",100% bullish,of 2 ratings,$.50
ANGI,$4.82,1440623422086,"463,755",64% bullish,of 11 ratings,$5.50
AMCF,$0.244,1440623422185,"2,516",100% bullish,of 7 ratings,N/A
ABCW,$39.78,1440623422213,"12,004",67% bullish,of 3 ratings,N/A
ANGO,$14.79,1440623422244,"75,863",67% bullish,of 3 ratings,$19
ANIP,$50.06,1440623422314,"149,491",89% bullish,of 19 ratings,$66
ANIK,$34.27,1440623422549,"62,061",60% bullish,of 5 ratings,$51.25
ANSS,$87.75,1440623422578,"414,040",100% bearish,of 1 rating,$100
ANTH,$6.82,1440623422604,"762,937",80% bullish,of 10 ratings,$13
ATRS,$1.69,1440623422682,"675,555",92% bullish,of 12 ratings,$4.50
ABAC,$0.7392,1440623422738,"2,300",100% bearish,of 1 rating,N/A
APOG,$49.6,1440623422892,"173,609",50% bullish,of 2 ratings,$67
APPF,$17.01,1440623423035,"28,456",50% bullish,of 2 ratings,$22
APIC,$6.2,1440623423096,"77,287",100% bearish,of 1 rating,$19
ATNY,$2.33,1440623423121,"24,500",50% bullish,of 2 ratings,$3.75
APOL,$10.84,1440623423167,"1,019,604",87% bearish,of 68 ratings,$14
AINV,$6.38,1440623423195,"735,887",50% bullish,of 4 ratings,$8
APDN,$3.2,1440623423325,"28,635",Not yet rated,NULL,$9
AAPL,$109.84,1440623423363,"59,715,392",86% bullish,of 2349 ratings,$150
ARCI,NULL,1440623423424,0,Not yet rated,NULL,N/A
AGTC,$15.48,1440623423686,"110,765",50% bullish,of 2 ratings,$33
APDNW,$1.08,1440623423752,"18,930",Not yet rated,NULL,N/A
AMAT,$15.24,1440623423853,"21,509,615",82% bullish,of 11 ratings,$23
AMCC,$5.48,1440623423982,"447,682",80% bullish,of 5 ratings,$8
AREX,$1.71,1440623424007,"454,108",100% bearish,of 1 rating,$3
APTO,$4.91,1440623424035,"3,633",Not yet rated,NULL,$17
AAOI,$19.7,1440623424057,"222,717",50% bullish,of 4 ratings,$26
APRI,$1.24,1440623424086,"70,371",83% bullish,of 6 ratings,$4.86
AQMS,$5,1440623424222,"17,667",Not yet rated,NULL,N/A
AUMAW,NULL,1440623424606,0,Not yet rated,NULL,N/A
ARDM,$6.95,1440623424670,777,100% bullish,of 1 rating,$26
AUMAU,NULL,1440623424701,0,Not yet rated,NULL,N/A
PETX,$17.3,1440623424745,"341,863",100% bearish,of 2 ratings,$26
AQXP,$18.3,1440623424774,"241,170",50% bullish,of 2 ratings,$2
AUMA,NULL,1440623424800,0,Not yet rated,NULL,N/A
ARCW,$3.49,1440623424882,"17,623",100% bearish,of 2 ratings,$10.50
ABUS,$6.903,1440623425015,"428,578",86% bullish,of 14 ratings,$23
ARCB,$28.15,1440623425197,"198,910",67% bearish,of 3 ratings,$39.50
ARNA,$2.72,1440623425231,"2,661,210",90% bullish,of 77 ratings,$5.50
ABIO,$0.8789,1440623425260,"70,827",50% bullish,of 2 ratings,$3.75
ACGL,$67.2434,1440623425429,"321,306",50% bullish,of 2 ratings,$72
ARDX,$17.7,1440623425473,"91,990",50% bullish,of 2 ratings,$24.50
ACAT,$25.57,1440623425498,"77,679",100% bearish,of 3 ratings,$33
RKDA,$5.88,1440623425533,"13,165",100% bearish,of 2 ratings,$10
ARCC,$14.8748,1440623425663,"1,935,325",67% bearish,of 3 ratings,$17.875
AGII,$55.79,1440623425732,"130,457",Not yet rated,NULL,$59.50
AGIIL,$25.68,1440623425829,"12,689",Not yet rated,NULL,N/A
ARIS,$3.95,1440623425882,"153,082",Not yet rated,NULL,$4.50
ARGS,$6.14,1440623425926,"32,281",50% bullish,of 2 ratings,$19.50
ARIA,$6.69,1440623425995,"2,535,974",87% bullish,of 46 ratings,$9
ARTX,$1.35,1440623426059,"200,307",88% bullish,of 16 ratings,$4.50
ARMH,$41.21,1440623426099,"3,601,976",54% bearish,of 13 ratings,$61
ARKR,$24.5,1440623426128,510,50% bullish,of 2 ratings,N/A
ARWA,NULL,1440623426383,0,Not yet rated,NULL,N/A
ARWAR,$0.27,1440623426511,900,Not yet rated,NULL,N/A
ARRY,$5.68,1440623426589,"1,213,873",100% bullish,of 7 ratings,$10
ARWAU,NULL,1440623426614,0,100% bullish,of 1 rating,N/A
ARQL,$1.66,1440623426744,"171,139",75% bullish,of 4 ratings,$5
ARWAW,NULL,1440623426768,0,Not yet rated,NULL,N/A
DWAT,$9.64,1440623426794,"1,015",100% bearish,of 1 rating,N/A
ARTNA,$22.22,1440623426923,"18,058",100% bearish,of 1 rating,$29
ARWR,$5.56,1440623426953,"612,680",75% bullish,of 4 ratings,$10.50
AROW,$27.17,1440623426974,"22,723",Not yet rated,NULL,N/A
ARRS,$25.66,1440623427006,"619,613",50% bullish,of 2 ratings,$38
ARTW,$4.28,1440623427143,"3,718",75% bearish,of 4 ratings,N/A
ASND,$20.86,1440623427246,"103,989",100% bullish,of 1 rating,$30
ASBB,$24.12,1440623427378,300,Not yet rated,NULL,N/A
ASCMA,$26.72,1440623427404,"44,035",100% bearish,of 1 rating,$45
ASNA,$11.27,1440623427432,"2,336,484",50% bullish,of 2 ratings,$18
ASMI,NULL,1440623427533,0,NULL,NULL,NULL
ASTI,$0.1231,1440623427666,"1,266,904",83% bullish,of 6 ratings,$3
ASFI,$8.89,1440623427823,"13,517",100% bullish,of 1 rating,N/A
ASMB,$12.83,1440623427965,"37,830",67% bullish,of 3 ratings,N/A
APWC,$1.91,1440623428110,300,100% bearish,of 1 rating,N/A
ASML,$88.4,1440623428135,"789,889",50% bullish,of 4 ratings,$127
AZPN,$36.99,1440623428164,"709,364",50% bullish,of 2 ratings,$42
ATRO,$50.41,1440623428191,"138,395",100% bearish,of 2 ratings,$80
ASTE,$36.33,1440623428333,"46,783",100% bearish,of 1 rating,$48
ALOT,$12.71,1440623428567,"19,797",100% bearish,of 1 rating,N/A
ASTC,$1.86,1440623428699,"23,264",100% bullish,of 5 ratings,N/A
ASUR,$5.29,1440623428745,"9,925",50% bullish,of 2 ratings,$8
ATAI,$2.25,1440623428875,"8,028",100% bearish,of 1 rating,N/A
ATHN,$131.42,1440623428913,"169,689",67% bearish,of 3 ratings,$153
AAME,$3.46,1440623428943,"1,098",Not yet rated,NULL,N/A
ATRA,$39.45,1440623428969,"81,489",50% bullish,of 2 ratings,$68
ATHX,$1.11,1440623429017,"176,627",89% bullish,of 9 ratings,$5
AFCB,$27.3,1440623429043,200,Not yet rated,NULL,N/A
AAPC,NULL,1440623429117,0,Not yet rated,NULL,N/A
ACFC,$5.78,1440623429298,"87,419",Not yet rated,NULL,$6.50
AAWW,$39.46,1440623429498,"405,122",50% bullish,of 2 ratings,$65
AFH,$16.32,1440623429526,"39,741",Not yet rated,NULL,$21.50
ATLC,$3.77,1440623429563,"9,762",67% bullish,of 3 ratings,N/A
ATNI,$70.76,1440623429590,"45,630",100% bearish,of 1 rating,$69.50
ATML,$7.76,1440623429720,"6,007,304",78% bullish,of 9 ratings,$9.50
LIFE,$14.3,1440623430009,"30,462",86% bullish,of 7 ratings,$43
ATTU,$13.25,1440623430045,"51,592",100% bearish,of 1 rating,$20.50
ATRC,$25.5,1440623430066,"142,014",100% bullish,of 1 rating,$30
ATOS,$0.72,1440623430107,"157,849",100% bullish,of 7 ratings,$7
AUDC,$3.11,1440623430135,"26,577",80% bullish,of 5 ratings,$5
ATRI,$380.37,1440623430163,"2,934",Not yet rated,NULL,N/A
AUBN,$26.5,1440623430194,"2,992",Not yet rated,NULL,N/A
ATRM,$2.83,1440623430221,500,50% bullish,of 2 ratings,N/A
ADAT,$0.35,1440623430644,"1,765,247",100% bullish,of 2 ratings,N/A
AUPH,$3.01,1440623430669,"14,135",100% bearish,of 1 rating,$8
ABTL,$17.14,1440623430694,"51,123",100% bullish,of 4 ratings,$20.25
EARS,$4.77,1440623430719,"8,959",100% bearish,of 2 ratings,$11.50
AVGO,$119,1440623430856,"3,499,909",88% bullish,of 8 ratings,$165
ADP,$77.8,1440623430887,"3,084,547",100% bearish,of 1 rating,$88
ADSK,$49.13,1440623430921,"2,883,864",67% bullish,of 6 ratings,$69.50
AAVL,$10.51,1440623430991,"284,464",100% bearish,of 1 rating,$20
AVID,$7.995,1440623431016,"266,607",100% bearish,of 1 rating,$20
AVEO,$1.34,1440623431041,"993,684",75% bullish,of 8 ratings,$3
AVNU,$12.25,1440623431219,"13,073",Not yet rated,NULL,$14
AVNW,$1.14,1440623431250,"28,033",50% bullish,of 2 ratings,$2.20
AVGR,$14.13,1440623431276,"16,638",100% bearish,of 1 rating,$20
CAR,$41.2,1440623431351,"2,516,625",80% bullish,of 5 ratings,$60
AWRE,$3.06,1440623431410,"11,568",67% bullish,of 3 ratings,N/A
AXPW,$1.05,1440623431818,"49,248",83% bullish,of 6 ratings,N/A
ACLS,$3.08,1440623431974,"456,424",67% bullish,of 6 ratings,$4.75
AXGN,$3.8,1440623432130,"36,788",Not yet rated,NULL,$5
BEAV,$47,1440623432158,"742,275",67% bearish,of 3 ratings,$59
AXTI,$2.16,1440623432293,"55,416",50% bullish,of 2 ratings,$2.75
AXPWW,$0.9,1440623432318,"1,665",Not yet rated,NULL,N/A
BIDU,$142.69,1440623432347,"4,707,084",81% bullish,of 88 ratings,$210
BCOM,$19.34,1440623432376,"3,530",100% bearish,of 1 rating,N/A
BCPC,$56.72,1440623432454,"83,645",100% bearish,of 1 rating,$75
BWINA,$23.31,1440623432659,100,Not yet rated,NULL,N/A
RILY,$9.99,1440623432754,"1,891",Not yet rated,NULL,N/A
BANF,$59.35,1440623432787,"10,583",Not yet rated,NULL,$68
BOSC,$2.22,1440623432817,944,50% bullish,of 2 ratings,N/A
BANFP,$27,1440623432885,200,Not yet rated,NULL,N/A
BLDP,$1.17,1440623432913,"476,393",91% bullish,of 22 ratings,$2.50
BWINB,$22.85,1440623433043,"13,057",Not yet rated,NULL,N/A
BKMU,$6.91,1440623433175,"64,999",Not yet rated,NULL,$8
BOCH,$5.8,1440623433619,"9,563",Not yet rated,NULL,$6.50
BKSC,$15.42,1440623433667,"1,197",Not yet rated,NULL,N/A
BMRC,$47.9,1440623433860,"12,670",Not yet rated,NULL,$52
BANR,$43.7,1440623434002,"38,294",100% bullish,of 3 ratings,$50
BFIN,$11.96,1440623434132,"20,529",Not yet rated,NULL,$13
BOTJ,NULL,1440623434543,0,Not yet rated,NULL,N/A
OZRK,$41.35,1440623435014,"474,695",67% bullish,of 3 ratings,$49.50
TAPR,$32.26,1440623435043,"6,117",100% bearish,of 1 rating,N/A
BZUN,$4.69,1440623435149,"248,535",50% bullish,of 2 ratings,$11.50
BHAC,NULL,1440623435251,0,Not yet rated,NULL,N/A
BWFG,$17.85,1440623435275,"12,662",100% bearish,of 1 rating,N/A
BHACW,NULL,1440623435673,0,Not yet rated,NULL,N/A
BHACR,NULL,1440623435741,0,Not yet rated,NULL,N/A
BBSI,$34.28,1440623435775,"56,710",67% bearish,of 3 ratings,$62.50
BHACU,NULL,1440623435829,0,Not yet rated,NULL,N/A
BYBK,$4.9,1440623435856,575,100% bearish,of 1 rating,N/A
BBCN,$14.295,1440623435889,"246,059",100% bearish,of 1 rating,$16
BYLK,$12.7,1440623435934,"2,428",Not yet rated,NULL,$14
BSET,$29.79,1440623435993,"60,156",100% bearish,of 1 rating,$35
BCBP,$11.43,1440623436207,"1,782",Not yet rated,NULL,N/A
BDCV,$4.8,1440623436283,"29,078",100% bearish,of 1 rating,$10.19
BV,$4.95,1440623436311,"428,467",67% bullish,of 6 ratings,$9
BSF,$8.45,1440623436463,"13,973",Not yet rated,NULL,N/A
BBGI,$4.11,1440623436703,500,100% bearish,of 1 rating,N/A
BECN,$34.73,1440623436760,"389,143",50% bullish,of 2 ratings,$40
BBBY,$61.25,1440623437169,"2,222,116",71% bullish,of 7 ratings,$75
BEBE,$1.72,1440623437312,"83,496",75% bullish,of 4 ratings,$3.075
BELFB,$17.95,1440623437412,"23,240",100% bearish,of 1 rating,N/A
BELFA,$15.35,1440623437457,"8,595",100% bearish,of 1 rating,N/A
BLPH,$4.87,1440623437482,"25,489",100% bearish,of 1 rating,$12.50
BNCL,$12.4,1440623437831,"430,815",100% bullish,of 3 ratings,$12.50
BLCM,$16.68,1440623437874,"169,042",50% bullish,of 4 ratings,$40
BNFT,$34.67,1440623438202,"110,885",67% bullish,of 3 ratings,$46
BNTC,$7.9,1440623438230,"17,297",100% bullish,of 1 rating,N/A
BGMD,$0.751,1440623438514,"76,835",100% bullish,of 10 ratings,N/A
BIND,$4.34,1440623438542,"66,919",75% bullish,of 4 ratings,$13.50
BGCP,$8.61,1440623438670,"1,091,463",88% bullish,of 8 ratings,$14
ORPN,$5.12,1440623438699,"6,991",100% bullish,of 1 rating,$28.50
BGFV,$10.68,1440623438725,"89,453",57% bullish,of 7 ratings,$12
BCDA,NULL,1440623438828,0,Not yet rated,NULL,N/A
BIOC,$1.83,1440623438878,"235,891",83% bullish,of 6 ratings,$3.85
BASI,$1.58,1440623438908,"3,502",Not yet rated,NULL,N/A
BCRX,$10.98,1440623438981,"595,922",63% bullish,of 8 ratings,$18
BIOD,$0.654,1440623439008,"52,121",80% bullish,of 5 ratings,$4
BIIB,$298.2142,1440623439066,"1,837,741",88% bullish,of 16 ratings,$400
BDSI,$6.445,1440623439153,"745,370",88% bullish,of 8 ratings,$17
BLFS,$1.98,1440623439331,"7,018",100% bearish,of 1 rating,$4.75
BIOL,$1.37,1440623439379,"31,468",Not yet rated,NULL,N/A
BMRN,$128.0846,1440623439466,"722,247",80% bullish,of 5 ratings,$160
BLRX,$1.29,1440623439515,"78,804",100% bullish,of 12 ratings,$5
BVXV,$3.69,1440623439646,"4,696",Not yet rated,NULL,N/A
BVXVW,$0.87,1440623439776,"1,200",100% bearish,of 1 rating,N/A
BPTH,$1,1440623439820,"85,006",100% bullish,of 2 ratings,$5
BBP,$31.93,1440623439925,"12,420",Not yet rated,NULL,N/A
BRLI,NULL,1440623439948,0,NULL,NULL,NULL
BBC,$30.28,1440623439976,"18,049",Not yet rated,NULL,N/A
BIOS,$2.27,1440623440000,"1,131,311",71% bullish,of 7 ratings,$4
BSTC,$48.5,1440623440031,"36,572",100% bearish,of 1 rating,$76
BOTA,$2.1,1440623440161,"63,092",88% bullish,of 8 ratings,N/A
BSPM,$0.64,1440623440294,"20,148",50% bullish,of 2 ratings,N/A
BEAT,$14.36,1440623440373,"451,898",67% bearish,of 3 ratings,$15
TECH,$95.4885,1440623440423,"162,008",100% bullish,of 1 rating,$117
BITI,$16.77,1440623440448,"38,769",100% bullish,of 1 rating,$28
BJRI,$44.06,1440623440663,"203,856",50% bullish,of 2 ratings,$55
BDMS,NULL,1440623440704,0,100% bearish,of 1 rating,N/A
BDE,$7.16,1440623440795,"81,279",50% bullish,of 2 ratings,$9
BLKB,$58.28,1440623440992,"143,384",100% bearish,of 2 ratings,$66
BBOX,$15.32,1440623441022,"107,365",100% bearish,of 1 rating,N/A
BBRY,$6.8,1440623441051,"3,246,955",61% bullish,of 330 ratings,$9
BKCC,$9.0766,1440623441122,"268,597",100% bullish,of 2 ratings,$10
HAWK,$40.055,1440623441183,"618,581",91% bullish,of 11 ratings,$49
ADRA,$26.37,1440623441256,938,100% bearish,of 1 rating,N/A
ADRE,$29.04,1440623441321,"17,087",100% bearish,of 1 rating,N/A
ADRU,$21.75,1440623441454,809,100% bearish,of 1 rating,N/A
ADRD,$21.7,1440623441484,"9,611",100% bearish,of 1 rating,N/A
BLMN,$19.57,1440623441613,"1,068,010",83% bullish,of 6 ratings,$27.50
BCOR,$13.42,1440623441640,"177,803",57% bullish,of 7 ratings,$15
BUFF,$25.99,1440623441812,"177,300",83% bullish,of 12 ratings,$31.50
BBLU,$0.77,1440623441853,"93,697",100% bullish,of 2 ratings,$4.43
BKEPP,$7.09,1440623442056,"43,063",100% bearish,of 1 rating,N/A
NILE,$32.93,1440623442093,"93,629",50% bullish,of 2 ratings,$34
BHBK,$13.88,1440623442123,"98,284",100% bullish,of 1 rating,$14.50
BLBD,$12.23,1440623442185,"19,968",Not yet rated,NULL,N/A
BKEP,$5.78,1440623442213,"39,004",100% bearish,of 1 rating,$8.50
BPMC,$25.93,1440623442234,"94,633",50% bullish,of 2 ratings,$47.50
BOBE,$43.33,1440623442370,"108,640",75% bullish,of 4 ratings,$57
BNCN,$20.35,1440623442396,"112,124",Not yet rated,NULL,$24
BLUE,$129.67,1440623442472,"388,568",71% bullish,of 7 ratings,$217.50
BOFI,$119.01,1440623442573,"168,842",100% bullish,of 6 ratings,$144
WIFI,$7.44,1440623442667,"231,669",50% bullish,of 2 ratings,$13.50
BOJA,$20.67,1440623442808,"160,463",100% bullish,of 1 rating,$30
BOKF,$59.1818,1440623442839,"242,714",100% bearish,of 1 rating,$69
BONA,$11.61,1440623442865,"76,973",75% bullish,of 4 ratings,$8.50
BAMM,$3.15,1440623442903,"2,076",60% bullish,of 5 ratings,N/A
BNSO,$1.25,1440623442933,420,100% bearish,of 1 rating,N/A
BPFH,$11.74,1440623442959,"365,165",100% bearish,of 1 rating,$14
BPFHP,$25.05,1440623443111,"1,000",100% bearish,of 1 rating,N/A
EPAY,$25.17,1440623443249,"124,888",100% bearish,of 2 ratings,$30
BPFHW,$4.54,1440623443317,"2,503",100% bearish,of 1 rating,N/A
BBRG,$12.51,1440623443378,"78,964",67% bullish,of 3 ratings,$14.50
BCLI,$2.86,1440623443407,"32,711",80% bullish,of 5 ratings,$12
BDBD,$8.02,1440623443428,"572,222",60% bullish,of 5 ratings,$10
BBEP,$2.48,1440623443474,"1,193,538",69% bullish,of 13 ratings,$5.625
BBEPP,$13.1,1440623443664,"23,401",100% bearish,of 1 rating,N/A
BLIN,$1.312,1440623443792,"4,700",50% bullish,of 2 ratings,$2.20
BDGE,$26.62,1440623443824,"20,172",Not yet rated,NULL,$31.75
BCOV,$5.22,1440623443850,"72,764",67% bullish,of 3 ratings,$10.20
BSFT,$30.79,1440623443929,"195,826",57% bullish,of 7 ratings,$40.50
BRID,NULL,1440623443992,0,100% bearish,of 1 rating,N/A
BVSN,$5.75,1440623444020,"4,401",60% bearish,of 5 ratings,N/A
BRCM,$49.85,1440623444072,"5,268,951",75% bullish,of 12 ratings,$56
BYFC,$1.38,1440623444300,"1,500",50% bullish,of 2 ratings,N/A
BRCD,$10.3832,1440623444325,"6,331,504",92% bullish,of 13 ratings,$11.50
BWEN,$3.14,1440623444354,"18,414",100% bullish,of 3 ratings,$8
BMTC,$28.63,1440623444590,"82,696",Not yet rated,NULL,$34
BRKR,$18.5178,1440623444621,"396,415",100% bearish,of 2 ratings,$22
BRKS,$10.17,1440623444642,"139,880",67% bullish,of 3 ratings,$15.25
BRKL,$10.54,1440623444674,"222,006",100% bearish,of 1 rating,$10.75
BLMT,$20.73,1440623444722,"6,621",Not yet rated,NULL,N/A
BUR,$1.78,1440623444808,"10,292",100% bearish,of 1 rating,$8
BLDR,$13.83,1440623444868,"780,146",50% bullish,of 2 ratings,$22
BSQR,$5.93,1440623444898,"36,551",67% bullish,of 3 ratings,N/A
CFFI,$35.1,1440623445032,"1,722",100% bearish,of 1 rating,N/A
BWLD,$193.09,1440623445061,"264,222",82% bullish,of 11 ratings,$205
CA,$26.61,1440623445163,"2,920,590",50% bullish,of 4 ratings,$33
CHRW,$67.26,1440623445192,"1,721,247",Not yet rated,NULL,$72
CDNS,$19.51,1440623445393,"1,274,724",75% bullish,of 4 ratings,$22.50
CCMP,$42.9,1440623445438,"70,575",50% bullish,of 2 ratings,$59
PRSS,$4.38,1440623445931,"5,570",80% bullish,of 5 ratings,$4.50
CSTE,$39.0802,1440623445958,"866,572",100% bearish,of 1 rating,$65
CACQ,$6.93,1440623445986,"62,617",100% bearish,of 1 rating,$12.25
CDZI,$7.75,1440623446094,"48,750",100% bearish,of 1 rating,N/A
CLBS,$1.26,1440623446122,"90,190",79% bullish,of 14 ratings,$4
CZR,$8.455,1440623446149,"542,232",60% bearish,of 5 ratings,$10.50
CLMS,$10.4,1440623446176,"56,397",Not yet rated,NULL,$10.50
CCD,$18.76,1440623446201,"331,677",Not yet rated,NULL,N/A
CHY,$11.15,1440623446736,"260,846",Not yet rated,NULL,N/A
CHI,$10.48,1440623446831,"284,662",100% bearish,of 1 rating,N/A
CSQ,$9.7,1440623446883,"445,511",Not yet rated,NULL,N/A
CFGE,NULL,1440623446916,0,Not yet rated,NULL,N/A
CGO,$11.9,1440623446963,"27,751",100% bearish,of 1 rating,N/A
CAMP,$15.76,1440623447016,"253,068",88% bullish,of 8 ratings,$25
CHW,$7.47,1440623447044,"181,099",100% bearish,of 1 rating,N/A
CFNB,$13.45,1440623447109,155,100% bearish,of 1 rating,N/A
CVGW,$59.62,1440623447145,"195,519",50% bullish,of 2 ratings,$58.50
CALA,$4.8,1440623447215,"317,520",100% bullish,of 3 ratings,$19.50
CALD,$15.52,1440623447275,"337,354",100% bearish,of 1 rating,$20.50
ABCD,$4.96,1440623447351,"82,764",83% bullish,of 6 ratings,N/A
CALM,$48.18,1440623447376,"607,938",80% bullish,of 5 ratings,$65
CAMBU,NULL,1440623447556,0,100% bearish,of 1 rating,N/A
CAMB,$10.05,1440623447580,400,Not yet rated,NULL,N/A
CLMT,$24.77,1440623447616,"261,125",75% bullish,of 8 ratings,$31
CAC,$40.05,1440623447815,"8,904",Not yet rated,NULL,N/A
CAMBW,NULL,1440623447887,0,Not yet rated,NULL,N/A
CAMT,$2.57,1440623447918,"36,380",73% bullish,of 11 ratings,$4
CGIX,$9.92,1440623447946,"40,791",67% bullish,of 3 ratings,$14.375
CSIQ,$17.1801,1440623447971,"2,455,251",86% bullish,of 28 ratings,$42.50
CPLA,$47.79,1440623448021,"76,643",67% bearish,of 3 ratings,$65
CPHC,$10.23,1440623448163,200,100% bearish,of 1 rating,N/A
CCBG,$14.77,1440623448212,"14,904",Not yet rated,NULL,$17.25
CBNJ,$10.97,1440623448236,"28,577",100% bullish,of 1 rating,N/A
CPTA,$13.72,1440623448410,"74,326",100% bearish,of 1 rating,$18.50
CSWC,$44.68,1440623448441,"12,407",Not yet rated,NULL,N/A
CPLP,$6.47,1440623448463,"441,355",71% bullish,of 7 ratings,$11
CBF,$28.88,1440623448545,"119,987",Not yet rated,NULL,$32
CAPN,$1.88,1440623448672,"117,772",100% bullish,of 1 rating,$10.85
CAPNW,$0.49,1440623448713,"14,000",Not yet rated,NULL,N/A
CFFN,$11.92,1440623448815,"675,253",Not yet rated,NULL,$12.75
CARA,$18.25,1440623448852,"420,484",50% bullish,of 4 ratings,$25
CAPR,$4.1,1440623448880,"25,952",Not yet rated,NULL,$12
CPST,$0.3564,1440623448901,"502,648",95% bullish,of 22 ratings,$1.25
CARB,$11.09,1440623448932,"94,445",75% bullish,of 4 ratings,$12
CBYL,$5.36,1440623448958,"21,445",100% bearish,of 1 rating,$20
CRDC,$0.36,1440623449087,"320,677",100% bullish,of 1 rating,$1.25
CRME,$8.78,1440623449258,"12,412",89% bullish,of 9 ratings,$11.25
CFNL,$21.87,1440623449284,"75,618",Not yet rated,NULL,$24
CSII,$23.04,1440623449338,"143,392",100% bearish,of 2 ratings,$42.125
CATM,$34.22,1440623449418,"155,886",100% bearish,of 1 rating,$44
CLBH,$12.52,1440623449766,"2,799",Not yet rated,NULL,$16.50
CARO,$15.66,1440623449794,"1,130",100% bearish,of 1 rating,$19
CKEC,$22.53,1440623449828,"124,857",50% bullish,of 2 ratings,$35.915
CTRE,$11.52,1440623449861,"260,820",50% bullish,of 2 ratings,$13.50
CDNA,$6.5,1440623449882,"9,461",100% bearish,of 1 rating,$9
CRZO,$28.69,1440623449959,"623,624",67% bearish,of 3 ratings,$55.50
CECO,$3.49,1440623450014,"241,483",67% bearish,of 3 ratings,$6
CART,$5.35,1440623450051,310,100% bearish,of 1 rating,N/A
TAST,$12.225,1440623450118,"213,290",Not yet rated,NULL,$14.25
CRTN,$2.51,1440623450183,600,100% bearish,of 1 rating,N/A
CASM,$1.11,1440623450636,"7,400",100% bullish,of 1 rating,$3.50
CARV,$7.23,1440623450684,"18,150",50% bullish,of 2 ratings,N/A
CWST,$6.01,1440623450839,"68,974",50% bullish,of 2 ratings,$7.25
CATB,$11.13,1440623450865,"19,771",100% bearish,of 1 rating,$28
CACB,$5.3,1440623450994,"62,923",Not yet rated,NULL,$5.50
CSCD,$14.95,1440623451021,"67,197",100% bullish,of 2 ratings,$17
CPRX,$3.46,1440623451042,"455,203",71% bullish,of 7 ratings,$7
CASS,$49.08,1440623451076,"22,595",100% bearish,of 1 rating,N/A
CASY,$105.91,1440623451097,"217,184",50% bullish,of 2 ratings,$99.50
CASI,$1.43,1440623451127,"1,790",100% bullish,of 1 rating,$3.50
CVCO,$71.19,1440623451256,"24,489",100% bearish,of 1 rating,N/A
CATY,$28.9,1440623451336,"434,606",100% bearish,of 1 rating,$33.50
CBFV,$20.25,1440623451402,"7,575",Not yet rated,NULL,$25
CAVM,$67.51,1440623451427,"500,888",67% bearish,of 3 ratings,$72
CATYW,NULL,1440623451643,0,100% bearish,of 1 rating,N/A
CBOE,$62.7225,1440623451773,"533,488",Not yet rated,NULL,$60
CNLM,NULL,1440623451803,0,Not yet rated,NULL,N/A
CNLMR,NULL,1440623451824,0,Not yet rated,NULL,N/A
CNLMU,NULL,1440623451855,0,100% bullish,of 1 rating,N/A
CDK,$47.65,1440623451880,"1,404,390",67% bearish,of 3 ratings,$50
CNLMW,NULL,1440623451907,0,Not yet rated,NULL,N/A
CECE,$9.25,1440623452265,"70,083",50% bullish,of 2 ratings,$16
CLDN,$1.03,1440623452364,"83,449",71% bullish,of 7 ratings,$3
CPXX,$2.01,1440623452391,"126,837",100% bullish,of 2 ratings,$7
CELGZ,$1.68,1440623452446,"32,700",80% bullish,of 5 ratings,N/A
CELG,$119.2157,1440623452551,"4,492,805",92% bullish,of 13 ratings,$155.50
CLDX,$14.36,1440623452579,"1,143,823",89% bullish,of 9 ratings,$36
CDW,$39.48,1440623452644,"959,254",75% bullish,of 4 ratings,$44
CLRB,$3.13,1440623452751,"1,203",100% bearish,of 1 rating,N/A
CLRBW,$0.935,1440623452776,800,Not yet rated,NULL,N/A
CLLS,$30.54,1440623452815,"107,764",75% bullish,of 4 ratings,$51.50
CBMG,$22.65,1440623452840,"50,535",50% bullish,of 2 ratings,N/A
CLSN,$1.9,1440623452976,"113,758",80% bullish,of 10 ratings,$7.50
CEMP,$34.25,1440623453167,"474,077",71% bullish,of 7 ratings,$52
CYAD,$50.8,1440623453226,"2,019",100% bullish,of 1 rating,$87.50
CETX,$2.27,1440623453310,"6,300",Not yet rated,NULL,$5.60
CLTX,$2.18,1440623453371,"311,525",100% bullish,of 2 ratings,N/A
CETV,$2.11,1440623453598,"163,458",67% bullish,of 3 ratings,$2.80
CSFL,$13.83,1440623453625,"96,234",Not yet rated,NULL,$15
CFBK,$1.37,1440623453681,"3,310",Not yet rated,NULL,N/A
CENT,$11.88,1440623453758,"57,119",Not yet rated,NULL,$10
CVCY,$11.21,1440623453890,"4,282",Not yet rated,NULL,$12
CENX,$4.37,1440623453919,"1,660,801",67% bullish,of 6 ratings,$9
CNTY,$5.85,1440623453994,"18,386",80% bullish,of 5 ratings,$7.75
CENTA,$12.35,1440623454026,"232,190",Not yet rated,NULL,N/A
CNBKA,$41.5,1440623454124,"3,861",50% bullish,of 2 ratings,N/A
CPHD,$48.6092,1440623454174,"454,390",67% bearish,of 3 ratings,$66.50
CRNT,$1.35,1440623454342,"39,184",50% bullish,of 2 ratings,$2
CERN,$61.63,1440623454503,"2,210,358",67% bullish,of 3 ratings,$79
CERU,$3.5,1440623454531,"24,815",75% bullish,of 4 ratings,$15
CERE,$1.2,1440623454556,"222,931",88% bullish,of 8 ratings,N/A
KOOL,$0.615,1440623454605,"56,021",100% bullish,of 5 ratings,$7
CYOU,$19.44,1440623454701,"129,686",50% bullish,of 6 ratings,$24
CERS,$4.77,1440623454727,"398,466",75% bullish,of 4 ratings,$7
CEVA,$18.1,1440623454859,"60,213",100% bearish,of 1 rating,$25
HOTRW,NULL,1440623454907,0,Not yet rated,NULL,N/A
CHTR,$177.6,1440623454992,"696,360",100% bearish,of 2 ratings,$196
CTHR,$1.3,1440623455093,"4,396",50% bullish,of 2 ratings,$2.50
CHKP,$79.52,1440623455136,"1,118,318",50% bullish,of 4 ratings,$92
HOTR,$1.46,1440623455163,"100,583",100% bullish,of 2 ratings,$5
GTLS,$21.96,1440623455193,"146,392",50% bullish,of 4 ratings,$40
CHFN,$12.41,1440623455218,"20,513",Not yet rated,NULL,$14
CHEK,$1.94,1440623455514,"48,083",Not yet rated,NULL,$7.75
CEMI,$3.66,1440623455577,"74,853",50% bullish,of 2 ratings,$7.50
CHFC,$31.24,1440623455773,"52,743",100% bearish,of 1 rating,$36
CCXI,$7.09,1440623455831,"73,504",67% bullish,of 3 ratings,$14
CHEKW,NULL,1440623455855,0,Not yet rated,NULL,N/A
CHMG,$26.2,1440623455880,"1,772",Not yet rated,NULL,$30
CHEV,$14.3,1440623456134,"2,182",Not yet rated,NULL,N/A
CHMA,$24.12,1440623456263,"44,626",Not yet rated,NULL,$40
CHKE,$25.94,1440623456289,"26,987",100% bearish,of 1 rating,$32.50
CBNK,$16.15,1440623456419,"12,165",100% bearish,of 1 rating,N/A
CADC,NULL,1440623456452,0,78% bullish,of 9 ratings,N/A
CMRX,$50.42,1440623456548,"339,990",50% bullish,of 2 ratings,$57
CALI,$0.89,1440623456578,"4,723",67% bullish,of 3 ratings,N/A
PLCE,$58.05,1440623456612,"453,161",100% bearish,of 1 rating,$71
CAAS,$5.89,1440623456637,"23,312",93% bullish,of 14 ratings,$11.50
CBAK,$1.79,1440623456872,"38,481",67% bullish,of 9 ratings,N/A
CBPO,$96.4576,1440623456974,"139,648",75% bullish,of 8 ratings,$140.50
CHOP,$1.26,1440623457029,"15,880",50% bullish,of 2 ratings,N/A
CCCR,$0.86,1440623457056,"16,434",67% bearish,of 3 ratings,N/A
CCCL,$0.74,1440623457124,"32,400",100% bullish,of 6 ratings,N/A
JRJC,$3.03,1440623457190,"165,008",82% bullish,of 11 ratings,N/A
CHLN,$2.08,1440623457221,"7,911",67% bullish,of 3 ratings,N/A
CNIT,$1.37,1440623457319,"51,274",67% bullish,of 6 ratings,N/A
HGSH,$1.67,1440623457344,"6,100",67% bullish,of 3 ratings,N/A
CJJD,$1.74,1440623457560,"29,210",100% bullish,of 1 rating,N/A
HTHT,$24.43,1440623457588,"160,987",50% bullish,of 2 ratings,$28.40
CREG,$0.68,1440623457614,"33,955",100% bullish,of 3 ratings,N/A
CPGI,$6.88,1440623457643,500,Not yet rated,NULL,N/A
CSUN,$1.31,1440623457749,"27,125",80% bullish,of 5 ratings,N/A
CHNR,$1.67,1440623457781,"4,392",100% bearish,of 1 rating,N/A
CNTF,$0.76,1440623457806,"56,806",Not yet rated,NULL,N/A
CNET,$0.78,1440623458075,"23,413",50% bullish,of 2 ratings,N/A
IMOS,$16.4608,1440623458108,"178,735",60% bullish,of 5 ratings,$21.50
CNYD,$2.96,1440623458134,"3,016",67% bullish,of 3 ratings,N/A
CCIH,$6.2,1440623458159,"253,721",67% bullish,of 6 ratings,$12.65
CXDC,$5.75,1440623458218,"42,248",67% bearish,of 3 ratings,N/A
CHSCL,$26.99,1440623458351,"21,349",Not yet rated,NULL,N/A
CHSCM,$25.82,1440623458376,"18,839",Not yet rated,NULL,N/A
CHSCN,$26.56,1440623458420,"5,476",Not yet rated,NULL,N/A
CHSCO,$28.36,1440623458654,"14,241",Not yet rated,NULL,N/A
CHUY,$30.91,1440623458684,"137,707",50% bullish,of 2 ratings,$34
CHSCP,$30.5,1440623458750,"4,633",Not yet rated,NULL,N/A
CHDN,$133.53,1440623458783,"31,169",Not yet rated,NULL,$165
CIFC,$7.21,1440623458810,"5,966",100% bearish,of 1 rating,N/A
CDTX,$14.26,1440623458837,"12,653",Not yet rated,NULL,$22
CMCT,$15.8,1440623458991,803,100% bearish,of 1 rating,N/A
CMPR,$68.21,1440623459061,"218,298",50% bullish,of 2 ratings,$72.50
CINF,$52.1904,1440623459092,"748,029",50% bullish,of 4 ratings,$50.50
CIDM,$0.5615,1440623459168,"122,770",50% bullish,of 2 ratings,$2.10
CTAS,$84.01,1440623459226,"568,176",100% bearish,of 1 rating,$91
CPHR,$5.8,1440623459252,"11,999",100% bearish,of 1 rating,$17
CRUS,$28.6,1440623459326,"834,740",75% bullish,of 12 ratings,$44.50
CSCO,$25.707,1440623459456,"33,739,111",84% bullish,of 208 ratings,$32
CZWI,$8.99,1440623459742,784,Not yet rated,NULL,N/A
CZNC,$19.74,1440623459790,"19,061",Not yet rated,NULL,N/A
CTRN,$26.78,1440623459819,"110,212",100% bearish,of 1 rating,$31.50
CZFC,NULL,1440623459839,0,Not yet rated,NULL,N/A
CIZN,$19.38,1440623459868,"1,114",Not yet rated,NULL,N/A
CTXS,$68.41,1440623459899,"2,125,926",86% bullish,of 7 ratings,$80
CHCO,$47.15,1440623459999,"34,191",Not yet rated,NULL,$46
CIVB,$10.26,1440623460133,"3,708",Not yet rated,NULL,$11
CLNE,$4.43,1440623460238,"833,284",80% bullish,of 15 ratings,$9
CLNT,$1.37,1440623460321,"7,162",75% bullish,of 8 ratings,N/A
CDTI,$1.52,1440623460387,"45,538",75% bullish,of 4 ratings,$3.20
CIVBP,NULL,1440623460413,0,Not yet rated,NULL,N/A
CLFD,$16.98,1440623460439,"40,037",67% bullish,of 3 ratings,$18
CLRO,$11.5,1440623460645,"38,212",50% bullish,of 2 ratings,$14.25
CBLI,$3.66,1440623460750,"40,955",60% bullish,of 5 ratings,N/A
CSBK,$13.75,1440623460780,"85,383",Not yet rated,NULL,N/A
CLVS,$71.51,1440623460883,"620,984",60% bullish,of 5 ratings,$101.50
CLIR,$4.63,1440623460907,"46,731",100% bullish,of 3 ratings,N/A
CMFN,$10.9,1440623461044,"24,903",100% bearish,of 1 rating,$15.50
CME,$91.7583,1440623461298,"1,355,230",67% bullish,of 3 ratings,$102
CISG,$7.43,1440623461432,"110,746",100% bullish,of 5 ratings,$10
CCNE,$16.81,1440623461461,"14,293",50% bullish,of 2 ratings,$21.50
CWAY,$11.21,1440623461531,"2,848",Not yet rated,NULL,N/A
CNV,$4.405,1440623461558,"64,109",50% bullish,of 2 ratings,$7.15
COBZ,$12.87,1440623461711,"50,032",100% bullish,of 1 rating,$14
CDXS,$3.4,1440623461845,"35,651",64% bullish,of 11 ratings,$6
COKE,$161.8,1440623461915,"23,676",79% bullish,of 19 ratings,N/A
JVA,$4.37,1440623461947,"7,270",83% bullish,of 6 ratings,$7
CVLY,$20.32,1440623461979,"1,022",Not yet rated,NULL,N/A
CCOI,$27.52,1440623462011,"437,894",50% bullish,of 4 ratings,$35
CGNT,$1.46,1440623462045,"23,535",100% bullish,of 2 ratings,$2
CDRB,$12.39,1440623462074,"14,299",67% bullish,of 3 ratings,N/A
CTSH,$62.16,1440623462107,"3,429,861",90% bullish,of 10 ratings,$75
CGNX,$33.83,1440623462312,"725,784",50% bullish,of 2 ratings,$47
COHR,$55.93,1440623462443,"103,745",50% bullish,of 2 ratings,$72
CHRS,$27.4,1440623462608,"202,083",67% bearish,of 3 ratings,$37
COHU,$9.25,1440623462681,"153,379",100% bearish,of 1 rating,$14.25
CLRX,$0.5146,1440623462708,"37,117",50% bullish,of 2 ratings,N/A
COLL,$15.09,1440623462734,"37,971",100% bearish,of 1 rating,$26
CLCD,$6.23,1440623462912,"79,054",100% bearish,of 1 rating,$20.50
CLCT,$18.37,1440623463052,"11,218",100% bearish,of 1 rating,N/A
CIGI,$42.29,1440623463092,"15,627",100% bearish,of 1 rating,$52
COLM,$60.86,1440623463120,"103,096",100% bearish,of 1 rating,$71
CBMX,$1.05,1440623463145,"24,537",83% bullish,of 6 ratings,$3.15
COLB,$29.68,1440623463178,"125,637",Not yet rated,NULL,$36
CBAN,$8.77,1440623463205,200,Not yet rated,NULL,N/A
CMCO,$18,1440623463226,"64,317",60% bullish,of 5 ratings,$28
CMCSA,$55.4,1440623463439,"9,441,972",66% bullish,of 35 ratings,$69.50
CMCSK,$55.72,1440623463625,"4,560,846",Not yet rated,NULL,$84
CBSH,$43.7588,1440623463650,"236,480",50% bullish,of 2 ratings,$46
CVGI,$4.81,1440623463906,"137,581",50% bullish,of 2 ratings,$6
ESXB,$5.06,1440623463963,"2,788",Not yet rated,NULL,N/A
COMM,$29.5,1440623464036,"726,738",67% bearish,of 3 ratings,$35
CSAL,$20.194,1440623464061,"442,009",75% bullish,of 4 ratings,$30
JCS,$8.63,1440623464092,"1,778",67% bullish,of 3 ratings,N/A
CYHHZ,$0.011,1440623464119,"88,798",100% bullish,of 1 rating,N/A
CUBN,$13.5,1440623464192,"5,624",Not yet rated,NULL,N/A
CBSHP,$25.31,1440623464258,"1,735",100% bearish,of 1 rating,N/A
CWBC,$6.79,1440623464325,"16,855",Not yet rated,NULL,N/A
CTBI,$34.58,1440623464388,"25,785",Not yet rated,NULL,$36
CVLT,$35.14,1440623464519,"421,390",75% bullish,of 4 ratings,$44.50
COB,$10.37,1440623464590,"11,090",100% bullish,of 1 rating,$11.75
CIZ,$33.65,1440623464782,"8,967",100% bearish,of 1 rating,N/A
CID,$33.02,1440623464947,900,Not yet rated,NULL,N/A
CFO,$34.88,1440623464998,"15,381",100% bearish,of 1 rating,N/A
CDC,$34.06,1440623465023,"17,390",Not yet rated,NULL,N/A
CSB,$32.44,1440623465222,2,Not yet rated,NULL,N/A
CSA,$31.8999,1440623465252,150,Not yet rated,NULL,N/A
CSF,$36.02,1440623465284,"7,544",100% bearish,of 1 rating,N/A
CDL,NULL,1440623465312,0,Not yet rated,NULL,N/A
CIL,$32.83,1440623465352,600,Not yet rated,NULL,N/A
CFA,$34.18,1440623465379,"8,250",100% bearish,of 1 rating,N/A
CPSI,$45.14,1440623465414,"57,844",100% bearish,of 1 rating,$45.50
CGEN,$4.95,1440623465553,"118,852",50% bullish,of 2 ratings,$11
CTG,$6.47,1440623465659,"38,329",100% bearish,of 1 rating,$8.50
SCOR,$53.42,1440623465717,"325,411",100% bearish,of 1 rating,$66
CHCI,$0.7192,1440623466342,"41,447",50% bullish,of 2 ratings,N/A
CMTL,$25.42,1440623466560,"66,952",100% bearish,of 2 ratings,$37
CDORO,NULL,1440623466694,0,100% bearish,of 1 rating,N/A
CNAT,$3.53,1440623466724,"80,660",83% bullish,of 6 ratings,$13
CXRX,$69.8095,1440623466750,"8,418",100% bearish,of 1 rating,$90
CNCE,$15.74,1440623466771,"101,744",75% bullish,of 4 ratings,$22
CNSI,$18.5,1440623466799,"207,246",100% bearish,of 2 ratings,$29
CDOR,$1.27,1440623466826,"3,270",100% bullish,of 1 rating,N/A
CCUR,$4.61,1440623467003,"63,040",75% bullish,of 4 ratings,N/A
CFMS,$19.35,1440623467098,"216,038",Not yet rated,NULL,$27
CNFR,$10.48,1440623467131,"24,311",Not yet rated,NULL,N/A
CDORP,$6.37,1440623467159,"1,310",100% bearish,of 1 rating,N/A
CTWS,$34.43,1440623467235,"17,118",100% bearish,of 1 rating,$44
CNMD,$53.11,1440623467291,"114,849",Not yet rated,NULL,$59
CNOB,$19.19,1440623467423,"41,186",100% bullish,of 1 rating,$23.50
CNXR,$6.38,1440623467448,"39,668",100% bearish,of 1 rating,$12
CONN,$30.27,1440623467662,"571,115",67% bullish,of 3 ratings,$48.50
CTCT,$24.17,1440623467792,"199,968",67% bullish,of 3 ratings,$37
CWCO,$10.2,1440623467817,"54,611",67% bullish,of 3 ratings,$14.50
CFRXZ,NULL,1440623467858,0,Not yet rated,NULL,N/A
CNSL,$19.43,1440623467884,"158,288",100% bearish,of 1 rating,$23
CPSS,$5.77,1440623467905,"33,059",100% bullish,of 1 rating,$10
CFRX,$5.06,1440623468075,"32,965",Not yet rated,NULL,$14
CTRV,$3.75,1440623468109,"11,242",Not yet rated,NULL,$6.40
CFRXW,$1.89,1440623468136,"1,200",100% bearish,of 1 rating,N/A
CRBP,$1.85,1440623468203,"271,943",100% bullish,of 2 ratings,$6.25
CTRL,$7.85,1440623468285,"106,372",50% bullish,of 2 ratings,$11
CORT,$5,1440623468337,"442,059",67% bullish,of 3 ratings,$12
CPRT,$34.12,1440623468367,"248,600",67% bearish,of 3 ratings,$40
BVA,$3.85,1440623468472,300,50% bullish,of 2 ratings,N/A
CORI,$10.35,1440623468607,"51,923",100% bearish,of 1 rating,$18
CSOD,$35.67,1440623468634,"364,561",50% bullish,of 2 ratings,$42
CORE,$59.56,1440623468655,"113,957",100% bearish,of 1 rating,$72
CSGP,$175.24,1440623468790,"126,923",50% bullish,of 2 ratings,$235
COST,$138.36,1440623468974,"2,024,798",79% bullish,of 24 ratings,$154.50
CRVL,$30.88,1440623469025,"28,197",100% bearish,of 1 rating,N/A
COSI,$1.06,1440623469155,"203,920",100% bullish,of 1 rating,N/A
CPAH,$0.41,1440623469176,"10,200",50% bullish,of 2 ratings,N/A
CVTI,$22.46,1440623469207,"141,228",67% bearish,of 3 ratings,$39
COVS,$2.53,1440623469234,"65,843",67% bullish,of 3 ratings,N/A
ICBK,$18.55,1440623469367,400,Not yet rated,NULL,$21
COWNL,$27,1440623469438,"9,195",Not yet rated,NULL,N/A
COWN,$5,1440623469499,"2,047,572",75% bullish,of 4 ratings,$7
CBRL,$143.1184,1440623469632,"209,151",50% bullish,of 2 ratings,$155
CRAI,$21.81,1440623469658,"32,874",100% bearish,of 1 rating,$36
CPSH,$2.19,1440623469679,"16,164",Not yet rated,NULL,N/A
CRAY,$19.85,1440623469711,"298,021",83% bullish,of 6 ratings,$38.50
BREW,$7.37,1440623469872,"65,198",67% bullish,of 6 ratings,$15
CACC,$195.7191,1440623470471,"93,142",50% bullish,of 2 ratings,$158.50
CREE,$25.66,1440623470502,"1,207,596",65% bullish,of 17 ratings,$29.50
SLVO,$9.72,1440623470602,"66,977",100% bearish,of 1 rating,N/A
GLDI,$11.04,1440623470677,"17,569",100% bearish,of 1 rating,N/A
CCRN,$13.75,1440623470746,"122,472",100% bearish,of 1 rating,$14.25
CROX,$13.995,1440623470777,"1,021,890",63% bullish,of 8 ratings,$16.50
CRESY,$10.01,1440623470798,"139,841",100% bearish,of 1 rating,$19
CRTO,$42.42,1440623470826,"233,020",67% bullish,of 6 ratings,$64
CRWS,$7.95,1440623470975,"10,000",Not yet rated,NULL,$10
CYRXW,$0.811,1440623471322,"34,000",Not yet rated,NULL,N/A
CRWN,$4.53,1440623471350,"96,114",75% bullish,of 4 ratings,N/A
CSGS,$30.03,1440623471377,"123,688",Not yet rated,NULL,$40
CCLP,$13.67,1440623471398,"56,337",67% bearish,of 3 ratings,$20
CRDS,$1.02,1440623471435,"25,986",50% bullish,of 4 ratings,$4.50
CTCM,$1.7,1440623471533,"161,388",80% bearish,of 5 ratings,$3.90
CYRX,$2.89,1440623471559,"19,892",Not yet rated,NULL,$9
CSPI,$5.88,1440623471584,"1,150",67% bullish,of 3 ratings,N/A
CTRP,$63,1440623471796,"1,434,130",75% bullish,of 8 ratings,$92
CTIC,$1.51,1440623471822,"1,758,313",84% bullish,of 76 ratings,$5.75
CUNB,$21.08,1440623471849,"21,519",Not yet rated,NULL,$24.50
CTIB,$3.556,1440623471876,400,100% bearish,of 1 rating,N/A
CPIX,$6.01,1440623472007,"65,500",Not yet rated,NULL,N/A
CUI,$5.13,1440623472037,"23,888",50% bullish,of 2 ratings,$10
CMLS,$1.39,1440623472141,"718,720",50% bullish,of 4 ratings,$6
CRIS,$2.38,1440623472344,"445,552",100% bullish,of 8 ratings,$6
CUTR,$14.25,1440623472372,"50,955",67% bearish,of 3 ratings,$18
CVBF,$15.76,1440623472393,"470,066",Not yet rated,NULL,$18
CVV,$10.75,1440623472424,"15,662",100% bullish,of 5 ratings,N/A
CYBR,$50.25,1440623472622,"1,156,369",71% bullish,of 7 ratings,$66
CYCC,$0.5098,1440623472650,"145,759",73% bullish,of 11 ratings,N/A
CYAN,$7.26,1440623472685,970,100% bearish,of 1 rating,N/A
CYBE,$5.92,1440623472864,"7,259",100% bearish,of 1 rating,N/A
CYBX,$67.07,1440623472889,"321,711",50% bullish,of 4 ratings,$71.50
CBAY,$2.6,1440623472918,"64,711",100% bullish,of 1 rating,$4
CYCCP,$5.5,1440623473022,340,100% bearish,of 1 rating,N/A
CYNA,$16.29,1440623473048,"37,680",100% bullish,of 1 rating,$31.50
CYNO,$32.51,1440623473182,"102,793",67% bearish,of 3 ratings,$45.50
CYRN,$1.69,1440623473210,"54,366",67% bullish,of 3 ratings,$4
CONE,$31.42,1440623473255,"287,024",67% bearish,of 3 ratings,$35
CY,$9.3,1440623473311,"4,486,494",80% bullish,of 10 ratings,$15.50
CYTK,$6.73,1440623473410,"151,086",71% bullish,of 14 ratings,$13.50
CYTX,$0.3261,1440623473604,"1,420,625",83% bullish,of 12 ratings,$5.50
CTSO,$6.5,1440623473629,"54,541",Not yet rated,NULL,$15.625
TVIZ,$17.26,1440623474127,"9,420",100% bearish,of 1 rating,N/A
DAEG,$0.35,1440623474190,"9,296",100% bearish,of 1 rating,N/A
CYTR,$2.18,1440623474217,"471,402",67% bullish,of 6 ratings,$10
TVIX,$12.4,1440623474247,"25,021,553",81% bullish,of 16 ratings,N/A
XIV,$28.21,1440623474357,"28,047,325",75% bearish,of 4 ratings,N/A
DJCO,$195,1440623474408,"2,353",Not yet rated,NULL,N/A
ZIV,$41.89,1440623474433,"112,819",Not yet rated,NULL,N/A
DARA,$0.85,1440623474660,"92,983",83% bullish,of 6 ratings,$1.50
DRAM,$1.13,1440623474687,"34,850",78% bullish,of 9 ratings,N/A
DAIO,$2.57,1440623474754,"6,200",Not yet rated,NULL,N/A
DTLK,$5.48,1440623474814,"101,931",100% bearish,of 1 rating,$9
DAKT,$8.24,1440623474885,"524,021",50% bullish,of 2 ratings,$14
DWCH,$4.86,1440623474917,"22,538",75% bullish,of 4 ratings,$8.25
PLAY,$33.46,1440623475019,"237,565",100% bullish,of 5 ratings,$42
DTEA,$12.91,1440623475090,"62,141",100% bearish,of 2 ratings,$24
DWSN,$4.26,1440623475115,"26,351",67% bullish,of 3 ratings,N/A
DBVT,$38.2781,1440623475247,"55,592",100% bearish,of 1 rating,$53
TRAK,$62.875,1440623475284,"544,080",50% bullish,of 2 ratings,$62.50
DFRG,$14.38,1440623475478,"167,709",100% bearish,of 1 rating,$20
TACO,$12,1440623475516,"267,157",75% bullish,of 4 ratings,$20
TACOW,$4.04,1440623475579,"161,305",100% bullish,of 1 rating,N/A
DHRM,$1.46,1440623475615,"5,006",Not yet rated,NULL,N/A
DCTH,$0.3902,1440623475680,"503,575",78% bullish,of 9 ratings,N/A
DELT,$2.5,1440623475812,"1,400",Not yet rated,NULL,N/A
DGAS,$20.12,1440623475865,"16,397",67% bearish,of 3 ratings,N/A
DELTW,NULL,1440623475975,0,Not yet rated,NULL,N/A
DENN,$11.45,1440623476077,"328,121",100% bullish,of 3 ratings,$15
DSCI,$5.81,1440623476148,"53,355",50% bullish,of 2 ratings,$16
XRAY,$52.6437,1440623476209,"938,741",100% bullish,of 1 rating,$58
DEST,$11.37,1440623476338,"79,340",50% bullish,of 2 ratings,N/A
DERM,$25.08,1440623476363,"90,136",100% bearish,of 1 rating,$33.50
DEPO,$28.395,1440623476538,"498,948",60% bullish,of 5 ratings,$29
DXLG,$4.43,1440623476638,"247,705",100% bearish,of 1 rating,$8
DSWL,$1.7,1440623476663,"59,272",100% bullish,of 1 rating,N/A
DHXM,NULL,1440623476986,0,Not yet rated,NULL,N/A
DXCM,$91.519,1440623477046,"533,221",57% bullish,of 7 ratings,$98
DXM,$0.3,1440623477070,"80,435",50% bullish,of 2 ratings,N/A
DMND,$27.93,1440623477095,"327,763",75% bullish,of 12 ratings,$32
DCIX,$1.67,1440623477274,"83,742",50% bullish,of 4 ratings,$3.50
DMRC,$34.3,1440623477466,"122,587",100% bearish,of 1 rating,$44
DRNA,$10.52,1440623477530,"60,212",67% bearish,of 3 ratings,$25
DGII,$9.7,1440623477618,"44,281",100% bearish,of 1 rating,$10
DHIL,$192,1440623477650,"4,150",Not yet rated,NULL,N/A
FANG,$62.09,1440623477671,"570,088",50% bullish,of 2 ratings,$86.50
DRAD,$3.69,1440623477755,"6,870",100% bullish,of 1 rating,$5.25
APPS,$2.32,1440623478049,"179,958",100% bearish,of 1 rating,$10.25
DGLY,$8.14,1440623478077,"431,147",50% bullish,of 6 ratings,$20
DIOD,$19.5,1440623478102,"124,931",75% bearish,of 4 ratings,$24
DPRX,$12.25,1440623478151,"4,758",100% bullish,of 2 ratings,$27.75
DISCA,$26.52,1440623478227,"2,024,467",67% bullish,of 3 ratings,$34
DCOM,$16.6,1440623478542,"108,511",100% bearish,of 2 ratings,$16.50
DISH,$58.57,1440623478643,"1,917,889",69% bullish,of 13 ratings,$73
DISCB,$25.45,1440623478713,18,100% bearish,of 1 rating,$35
DSCO,$0.3625,1440623478848,"225,517",83% bullish,of 6 ratings,$2.75
DVCR,$10.6,1440623478877,"1,363",100% bullish,of 1 rating,N/A
DISCK,$25.1,1440623478907,"1,837,339",100% bearish,of 1 rating,$32
BAGR,$2.66,1440623478985,"46,146",100% bearish,of 1 rating,$6
DLTR,$77.34,1440623479077,"1,938,073",82% bullish,of 11 ratings,$88
DNBF,$26.15,1440623479103,"2,494",Not yet rated,NULL,$27.50
DLHC,$2.5,1440623479124,"5,421",100% bearish,of 1 rating,N/A
DGICA,$14.2,1440623479402,"12,752",100% bearish,of 1 rating,$17
DMLP,$13.75,1440623479539,"29,206",100% bearish,of 1 rating,N/A
HILL,$9.68,1440623479583,"3,184,329",60% bearish,of 5 ratings,$9.75
DORM,$50.7,1440623479611,"225,691",100% bearish,of 1 rating,$56
DGICB,NULL,1440623479636,0,100% bearish,of 1 rating,N/A
DWA,$19.75,1440623479661,"841,193",63% bullish,of 8 ratings,$26
DRWI,$0.2288,1440623479690,"82,315",60% bullish,of 5 ratings,$.45
DRWIW,$0.045,1440623479974,"2,102",Not yet rated,NULL,N/A
DSKX,$3.14,1440623480105,"128,795",100% bullish,of 1 rating,N/A
DRYS,$0.3577,1440623480131,"1,771,931",77% bullish,of 31 ratings,$.60
CADTR,NULL,1440623480187,0,Not yet rated,NULL,N/A
DSPG,$8.57,1440623480212,"57,508",100% bearish,of 1 rating,$13.50
CADTU,$10.05,1440623480388,"1,000",Not yet rated,NULL,N/A
DTSI,$26.39,1440623480442,"55,778",100% bearish,of 2 ratings,$39.50
CADT,NULL,1440623480468,0,Not yet rated,NULL,N/A
DYAX,$23.16,1440623480597,"690,885",89% bullish,of 9 ratings,$30
DNKN,$50.85,1440623480627,"733,403",67% bullish,of 15 ratings,$56.50
DRRX,$1.96,1440623480648,"919,303",50% bullish,of 6 ratings,$3
CADTW,NULL,1440623480790,0,Not yet rated,NULL,N/A
DXPE,$26.53,1440623480939,"161,701",50% bullish,of 2 ratings,N/A
DYNT,$2.95,1440623481044,"3,648",75% bullish,of 4 ratings,N/A
BOOM,$9.01,1440623481070,"66,131",67% bullish,of 3 ratings,$12
DYSL,$1.39,1440623481113,"159,112",100% bullish,of 2 ratings,N/A
ETFC,$25.2651,1440623481258,"2,709,884",57% bullish,of 14 ratings,$33
DVAX,$27.06,1440623481287,"222,759",70% bullish,of 10 ratings,$40
EGBN,$41.48,1440623481393,"112,485",Not yet rated,NULL,$48
EGRX,$79.01,1440623481500,"369,305",67% bullish,of 3 ratings,$97
EGLE,$6.46,1440623481558,"30,410",60% bullish,of 5 ratings,N/A
EBMT,$11.14,1440623481587,"2,645",Not yet rated,NULL,$13.50
EWBC,$38.5877,1440623481630,"2,096,332",100% bearish,of 1 rating,$50
EROC,$1.26,1440623481715,"396,160",50% bullish,of 2 ratings,$3
ELNK,$8.24,1440623481746,"588,128",60% bullish,of 5 ratings,$9.50
EACQU,$10.2,1440623481771,"9,200",Not yet rated,NULL,N/A
EBAY,$26.17,1440623482123,"9,562,490",81% bullish,of 117 ratings,$48
EBIX,$27.37,1440623482181,"271,280",69% bullish,of 13 ratings,$40
ECHO,$22.89,1440623482316,"230,068",67% bearish,of 3 ratings,$35.50
EVBS,$6.49,1440623482362,"6,318",Not yet rated,NULL,$7
ELON,$0.6097,1440623482388,"72,843",50% bullish,of 2 ratings,N/A
ECTE,$1.52,1440623482519,"13,086",75% bullish,of 4 ratings,N/A
EML,$16.74,1440623482545,"4,377",Not yet rated,NULL,N/A
EEI,$10.97,1440623482570,824,67% bearish,of 3 ratings,N/A
SATS,$43.37,1440623482902,"99,943",50% bullish,of 2 ratings,$60
EDAP,$3.8,1440623482929,"109,665",60% bullish,of 5 ratings,$4.50
EDGW,$6.69,1440623483212,"17,455",100% bearish,of 1 rating,N/A
ECACU,$10.06,1440623483309,"6,100",Not yet rated,NULL,N/A
ESES,$3.46,1440623483377,"2,632",100% bearish,of 1 rating,$7
EFUT,$4.21,1440623483404,500,Not yet rated,NULL,N/A
EGAN,$3.26,1440623483437,"29,476",50% bullish,of 2 ratings,$6.25
EDUC,$4.97,1440623483473,"1,733",100% bearish,of 1 rating,N/A
EHTH,$13.76,1440623483647,"79,030",50% bullish,of 4 ratings,$16.50
LOCO,$11.6301,1440623483680,"579,809",69% bullish,of 13 ratings,$20
EGLT,$10.35,1440623483752,"43,493",50% bullish,of 2 ratings,$21
EMITF,$1.27,1440623483780,"14,165",75% bullish,of 4 ratings,N/A
ESIO,$4.21,1440623483911,"170,489",50% bullish,of 2 ratings,$10
ESLT,$74.93,1440623483938,"21,044",67% bullish,of 3 ratings,N/A
ELRC,$10.35,1440623484076,"39,389",100% bearish,of 1 rating,N/A
EFII,$43.15,1440623484211,"281,646",80% bullish,of 5 ratings,$55
EA,$66.5,1440623484240,"2,780,853",77% bullish,of 35 ratings,$80
ERI,$9.27,1440623484261,"89,656",100% bearish,of 1 rating,$10
ELSE,$3.85,1440623484393,309,60% bullish,of 5 ratings,N/A
ELEC,NULL,1440623484552,0,Not yet rated,NULL,N/A
ELECW,NULL,1440623484609,0,Not yet rated,NULL,N/A
ESBK,$19.51,1440623484712,"3,000",Not yet rated,NULL,N/A
ELECU,$10.02,1440623484774,"2,867",Not yet rated,NULL,N/A
RDEN,$10.5,1440623484846,"91,576",100% bearish,of 4 ratings,$15
CAPX,$22.0116,1440623484905,100,Not yet rated,NULL,N/A
ELTK,$1.16,1440623484975,"39,333",67% bearish,of 3 ratings,N/A
EBIO,$3.23,1440623485062,"424,066",100% bearish,of 2 ratings,$8.35
LONG,$16.88,1440623485627,"86,829",67% bullish,of 3 ratings,$15.75
EMKR,$6.9,1440623485817,"182,893",75% bullish,of 4 ratings,$8.50
EMCI,$22.86,1440623485842,"21,028",Not yet rated,NULL,N/A
EMMS,$1.11,1440623485904,"57,980",67% bullish,of 6 ratings,N/A
NYNY,$4.19,1440623485929,"60,185",50% bullish,of 2 ratings,N/A
EMCF,NULL,1440623485970,0,100% bearish,of 1 rating,N/A
ERS,$2.8,1440623486059,"7,800",Not yet rated,NULL,N/A
ENTA,$41.39,1440623486245,"179,987",50% bullish,of 2 ratings,$42
EMMSP,$3,1440623486266,"5,998",100% bearish,of 1 rating,N/A
ECPG,$38.84,1440623486292,"128,358",100% bullish,of 2 ratings,$52
WIRE,$30.8,1440623486352,"61,735",100% bearish,of 1 rating,$37
ELGX,$12.62,1440623486374,"522,735",75% bullish,of 4 ratings,$17
ECYT,$5.05,1440623486399,"257,035",83% bullish,of 6 ratings,$12
WATT,$6.19,1440623486569,"157,084",50% bullish,of 2 ratings,$13
ENDP,$76.3708,1440623486636,"1,344,257",50% bullish,of 6 ratings,$104
EIGI,$15.2,1440623486792,"721,104",67% bearish,of 3 ratings,$22.50
ENG,$0.98,1440623486964,"46,750",100% bullish,of 3 ratings,N/A
EFOI,$18.6,1440623486992,"928,390",50% bullish,of 2 ratings,$20.50
ENOC,$8.3,1440623487018,"153,982",75% bullish,of 4 ratings,$18
ESGR,$146.94,1440623487150,"40,544",100% bearish,of 1 rating,$185
ENFC,$17.83,1440623487190,928,Not yet rated,NULL,N/A
EXXI,$1.46,1440623487215,"1,054,815",86% bullish,of 7 ratings,$3.50
ENTG,$13.47,1440623487391,"493,873",100% bearish,of 1 rating,$18
EBTC,$21.25,1440623487464,"7,116",Not yet rated,NULL,N/A
ENPH,$4.48,1440623487555,"504,061",75% bullish,of 4 ratings,$11
ETRM,$0.249,1440623487590,"630,704",69% bearish,of 35 ratings,$1.625
ENTL,$21.83,1440623487654,"21,934",Not yet rated,NULL,$28
ERII,$2.67,1440623487680,"65,403",80% bullish,of 5 ratings,$2.50
EFSC,$23.45,1440623487908,"55,897",Not yet rated,NULL,$27
ENZN,$0.97,1440623488051,"304,733",100% bullish,of 9 ratings,N/A
EGT,$2.09,1440623488112,986,100% bullish,of 1 rating,N/A
EPRS,$4.75,1440623488140,"68,302",82% bullish,of 11 ratings,$15
ENZY,$9.06,1440623488179,"7,267",67% bullish,of 3 ratings,$9.50
ENVI,$1.86,1440623488243,"13,856",67% bullish,of 3 ratings,N/A
EPIQ,$13.22,1440623488314,"76,256",100% bearish,of 1 rating,$18
EPZM,$17.52,1440623488766,"233,074",60% bullish,of 5 ratings,$34
PLUS,$75.82,1440623488804,"43,867",50% bullish,of 2 ratings,$88
EQFN,NULL,1440623488975,0,100% bearish,of 1 rating,N/A
EAC,$3.14,1440623489001,"9,802",100% bearish,of 1 rating,$8
EQIX,$260.8522,1440623489058,"499,590",75% bullish,of 4 ratings,$312.50
ERIC,$9.7,1440623489087,"2,536,059",67% bullish,of 9 ratings,$12.20
ERIE,$81.9364,1440623489184,"19,001",Not yet rated,NULL,$73
ESCRP,$1.19,1440623489288,"7,202",100% bearish,of 1 rating,N/A
ESPR,$52.85,1440623489360,"758,494",70% bearish,of 10 ratings,$123
ESCR,$0.17,1440623489413,"5,478",50% bullish,of 2 ratings,N/A
ESCA,$17.04,1440623489441,"13,955",100% bearish,of 1 rating,$22
ESMC,$1.3,1440623489462,200,Not yet rated,NULL,N/A
EPIX,$4.85,1440623489596,"2,140",Not yet rated,NULL,N/A
ESND,$33.64,1440623489624,"94,961",100% bearish,of 2 ratings,$40
ESSA,$12.71,1440623489674,"6,470",100% bearish,of 1 rating,N/A
ESSX,$0.3801,1440623490023,"25,826",50% bullish,of 2 ratings,N/A
ETSY,$13.04,1440623490050,"349,659",80% bullish,of 5 ratings,$16
EEFT,$64.22,1440623490127,"260,063",100% bearish,of 1 rating,$67.50
CLWT,$2.56,1440623490228,500,100% bearish,of 1 rating,N/A
EVK,$3.63,1440623490255,"4,850",75% bearish,of 4 ratings,N/A
EVLV,$2.23,1440623490282,"199,566",60% bullish,of 5 ratings,$6.50
EVEP,$7.07,1440623490312,"431,109",50% bullish,of 2 ratings,$15
ESEA,$5.69,1440623490335,400,100% bullish,of 1 rating,$15
EVOK,$3.9,1440623490415,"58,894",100% bearish,of 1 rating,$13.375
EXA,$11.01,1440623490583,"20,773",100% bearish,of 1 rating,$13
EXAC,$18.15,1440623490656,"26,131",100% bearish,of 1 rating,$22.50
EXEL,$5.64,1440623490691,"3,845,110",81% bullish,of 16 ratings,$6
EXAS,$21.06,1440623490712,"788,911",78% bullish,of 9 ratings,$31
EXFO,$2.65,1440623490788,"5,000",67% bearish,of 3 ratings,$3.95
EVOL,$6.07,1440623490815,"10,668",75% bullish,of 4 ratings,$10
EXPD,$48.94,1440623491364,"1,477,077",80% bullish,of 5 ratings,$52
EXLS,$35.66,1440623491524,"75,950",50% bullish,of 2 ratings,$41
EXPE,$115.24,1440623491583,"1,108,880",64% bullish,of 11 ratings,$130
EYEGW,NULL,1440623491618,0,Not yet rated,NULL,N/A
ESRX,$84.0899,1440623491643,"5,545,254",67% bearish,of 6 ratings,$101
EXPO,$42.09,1440623491672,"78,529",100% bearish,of 1 rating,$45.50
EXTR,$2.68,1440623491698,"495,157",80% bullish,of 5 ratings,$3
EYEG,$3.74,1440623491777,"34,173",Not yet rated,NULL,N/A
EZPW,$5.78,1440623491858,"370,936",50% bullish,of 4 ratings,$7.50
FB,$87.11,1440623492046,"28,663,816",73% bullish,of 1066 ratings,$111
EZCH,$20.6228,1440623492212,"79,189",75% bullish,of 8 ratings,$19.50
FFIV,$122.45,1440623492238,"712,231",63% bullish,of 8 ratings,$132
FCS,$13.3,1440623492285,"610,247",67% bearish,of 3 ratings,$17
FRP,$15.52,1440623492311,"142,511",100% bearish,of 1 rating,$18
EXLP,$18.6281,1440623492371,"263,853",100% bearish,of 1 rating,$25
FWM,$2.4,1440623492443,"89,628",100% bearish,of 2 ratings,$3.20
FALC,$1.59,1440623492623,"25,982",63% bearish,of 8 ratings,N/A
FARO,$37.56,1440623492669,"68,395",50% bullish,of 2 ratings,$48
DAVE,$14.34,1440623492703,"10,517",100% bearish,of 1 rating,$15.50
FFKT,$26.01,1440623492755,"12,487",Not yet rated,NULL,$29
FARM,$21.91,1440623492802,"26,648",100% bearish,of 1 rating,$35
FMNB,$8.03,1440623492830,"2,736",Not yet rated,NULL,N/A
FATE,$6.61,1440623492962,"42,384",50% bullish,of 2 ratings,$11
FAST,$38.08,1440623493020,"2,029,493",80% bullish,of 5 ratings,$45.50
FBSS,$15.5,1440623493199,409,Not yet rated,NULL,N/A
FBRC,$22.04,1440623493428,"22,764",100% bearish,of 1 rating,$29
FDML,$8.29,1440623493509,"233,763",50% bullish,of 4 ratings,$14
FNHC,$21.77,1440623493654,"115,557",100% bearish,of 1 rating,$35
FCSC,$5.43,1440623493684,"127,665",100% bearish,of 1 rating,$8.125
FHCO,$1.32,1440623493705,"29,680",50% bullish,of 4 ratings,N/A
FENX,$9.51,1440623493726,"83,465",100% bullish,of 1 rating,$14.25
FEIC,$73.99,1440623493763,"236,057",50% bullish,of 2 ratings,$95.50
FGEN,$23.04,1440623493784,"170,904",100% bearish,of 1 rating,$39
ONEQ,$184.87,1440623493944,"33,020",100% bullish,of 1 rating,N/A
FRGI,$51.26,1440623494233,"114,553",50% bullish,of 2 ratings,$70
FSCFL,$24.11,1440623494258,"5,070",Not yet rated,NULL,N/A
FSC,$6.21,1440623494284,"743,601",60% bullish,of 5 ratings,$8
FSAM,$8.35,1440623494305,"20,098",100% bearish,of 1 rating,$10.25
FDUS,$14.15,1440623494333,"45,548",50% bullish,of 2 ratings,$18
LION,$18.83,1440623494466,"93,728",100% bullish,of 1 rating,$20
FITB,$19.1938,1440623494542,"9,107,609",54% bullish,of 13 ratings,$22
FITBI,$27.51,1440623494611,"9,896",Not yet rated,NULL,N/A
FSFR,$8.73,1440623494662,"72,715",100% bearish,of 1 rating,$11.50
FNGN,$31.86,1440623494688,"414,333",67% bullish,of 3 ratings,$47
FISI,$24.74,1440623494742,"20,700",100% bullish,of 2 ratings,$24.50
FNSR,$15.415,1440623494874,"1,023,468",71% bullish,of 7 ratings,$24.50
FNTCU,$10.15,1440623494938,20,Not yet rated,NULL,N/A
FNJN,$1.6,1440623494963,"21,109",100% bearish,of 1 rating,$5
FNTC,NULL,1440623495008,0,Not yet rated,NULL,N/A
FEYE,$38.1,1440623495596,"2,909,160",87% bullish,of 15 ratings,$55.50
FBNC,$16.87,1440623495641,"16,982",100% bullish,of 1 rating,$20
FNTCW,NULL,1440623495670,0,Not yet rated,NULL,N/A
FRBA,$6.05,1440623495699,"11,000",Not yet rated,NULL,$8
FNLC,$18.68,1440623495742,"16,381",100% bullish,of 1 rating,N/A
BUSE,$6.33,1440623495767,"71,590",Not yet rated,NULL,$6.875
FCFS,$39.15,1440623495796,"234,688",100% bearish,of 3 ratings,$48
FCAP,$27.02,1440623495849,404,Not yet rated,NULL,N/A
FCVA,$4.6,1440623496206,"1,345",Not yet rated,NULL,N/A
FCNCA,$234.56,1440623496237,"8,639",Not yet rated,NULL,N/A
FCBC,$17.42,1440623496259,"35,973",Not yet rated,NULL,$18
FCLF,$9.07,1440623496296,600,Not yet rated,NULL,N/A
FCFP,$6.9,1440623496320,402,Not yet rated,NULL,N/A
FBIZ,$44.2,1440623496349,"43,159",100% bearish,of 2 ratings,$52
FCCO,$11.95,1440623496388,"2,304",Not yet rated,NULL,$13.25
FBNK,$16.75,1440623496455,"36,959",100% bearish,of 1 rating,$17.50
FFBCW,NULL,1440623496846,0,100% bearish,of 1 rating,N/A
FFNM,$6.38,1440623496871,205,Not yet rated,NULL,N/A
FDEF,$37.46,1440623497003,"26,096",Not yet rated,NULL,$38
FFWM,$20.48,1440623497035,"21,268",Not yet rated,NULL,$24
FFBC,$18.05,1440623497056,"227,672",67% bearish,of 3 ratings,$20.25
THFF,$33.12,1440623497077,"18,360",Not yet rated,NULL,$35
FFNW,$11.88,1440623497114,"22,493",Not yet rated,NULL,$14
FFIN,$30.34,1440623497140,"149,081",50% bullish,of 2 ratings,$31.75
FIBK,$26.25,1440623497312,"101,895",Not yet rated,NULL,$32
INBK,$29.66,1440623497402,"7,885",50% bullish,of 2 ratings,$37
FMBH,$21.56,1440623497483,174,Not yet rated,NULL,N/A
FMBI,$17.25,1440623497511,"236,177",Not yet rated,NULL,$20
FNBC,$34.14,1440623497536,"65,060",Not yet rated,NULL,$40
FRME,$25.58,1440623497561,"140,258",Not yet rated,NULL,$26.50
FNWB,$11.85,1440623497782,"21,898",Not yet rated,NULL,N/A
FSFG,$30.03,1440623497852,980,Not yet rated,NULL,N/A
FSBK,$7.58,1440623497923,"4,964",100% bullish,of 1 rating,N/A
FNFG,$8.8518,1440623497950,"2,867,878",80% bullish,of 5 ratings,$9
FSGI,$2.45,1440623497971,"15,668",Not yet rated,NULL,N/A
FSLR,$46.167,1440623498006,"1,200,940",74% bullish,of 39 ratings,$65
FBZ,$9.74,1440623498037,400,Not yet rated,NULL,N/A
BICK,$18.78,1440623498141,300,100% bullish,of 1 rating,N/A
FCAN,$22.9399,1440623498313,225,Not yet rated,NULL,N/A
FTCS,$36,1440623498342,"15,817",100% bearish,of 1 rating,N/A
FCA,$18.82,1440623498410,"4,557",Not yet rated,NULL,N/A
FV,$22.95,1440623498515,"3,423,583",100% bearish,of 1 rating,N/A
IFV,$17.66,1440623498644,"780,250",100% bearish,of 1 rating,N/A
FEMB,$41.88,1440623498675,36,Not yet rated,NULL,N/A
FEUZ,$31.2,1440623498718,"11,010",Not yet rated,NULL,N/A
MDIV,$18.89,1440623498743,"283,690",Not yet rated,NULL,N/A
FTSM,$59.89,1440623498780,"11,391",100% bearish,of 1 rating,N/A
TDIV,$24.21,1440623498805,"270,562",100% bearish,of 1 rating,N/A
FGM,$35.73,1440623498947,"42,376",Not yet rated,NULL,N/A
FTGC,$21.66,1440623498976,"22,287",Not yet rated,NULL,N/A
FHK,$32.53,1440623499366,"56,942",Not yet rated,NULL,N/A
FTHI,$18.78,1440623499391,"10,900",Not yet rated,NULL,N/A
HYLS,$48.94,1440623499450,"36,704",100% bearish,of 1 rating,N/A
YDIV,$16,1440623499644,"2,817",Not yet rated,NULL,N/A
FPXI,NULL,1440623499696,0,Not yet rated,NULL,N/A
PLTM,$6.14,1440623499726,"7,391",100% bearish,of 1 rating,N/A
CU,$12.27,1440623499774,"7,676",100% bearish,of 1 rating,N/A
FTLB,$18.9859,1440623499829,"14,350",100% bearish,of 1 rating,N/A
SKYY,$29.08,1440623499853,"63,510",100% bullish,of 1 rating,N/A
FJP,$46.52,1440623499903,"58,147",Not yet rated,NULL,N/A
LMBS,$50.1,1440623500074,244,Not yet rated,NULL,N/A
FMB,$51.04,1440623500118,450,Not yet rated,NULL,N/A
FONE,$33.7899,1440623500145,100,Not yet rated,NULL,N/A
QABA,$36.36,1440623500218,"11,496",100% bearish,of 1 rating,N/A
CIBR,$17.84,1440623500352,"97,767",Not yet rated,NULL,N/A
QCLN,$14.43,1440623500376,"20,894",Not yet rated,NULL,N/A
RDVY,$20.44,1440623500680,"11,098",Not yet rated,NULL,N/A
CARZ,$34.42,1440623500718,"8,324",100% bearish,of 1 rating,N/A
QQEW,$41.01,1440623500747,"126,951",Not yet rated,NULL,N/A
AIRR,$15.66,1440623500780,"2,408",100% bearish,of 1 rating,N/A
QQXT,$39.81,1440623500801,"39,437",Not yet rated,NULL,N/A
GRID,NULL,1440623500851,0,100% bearish,of 1 rating,N/A
FTSL,$48.48,1440623500876,"84,886",100% bearish,of 1 rating,N/A
FKO,$22.59,1440623501095,600,Not yet rated,NULL,N/A
QINC,$19.83,1440623501123,"6,431",Not yet rated,NULL,N/A
FDIV,$46.42,1440623501144,934,100% bearish,of 1 rating,N/A
FSZ,$39.2,1440623501275,"51,910",Not yet rated,NULL,N/A
FTW,NULL,1440623501302,0,Not yet rated,NULL,N/A
FUNC,$8.15,1440623501546,730,Not yet rated,NULL,N/A
TUSA,$24.4,1440623501575,"10,278",Not yet rated,NULL,N/A
QTEC,$39.11,1440623501596,"148,578",Not yet rated,NULL,N/A
FMER,$17.61,1440623501631,"1,318,047",50% bullish,of 2 ratings,$20
FKU,$41.38,1440623501659,"47,137",Not yet rated,NULL,N/A
SVVC,$9.32,1440623501684,"10,466",50% bullish,of 2 ratings,$26
FSV,$31.24,1440623501893,"20,062",Not yet rated,NULL,$33.60
FISV,$84.6469,1440623501956,"1,557,767",100% bearish,of 3 ratings,$90
FIVE,$36.16,1440623502103,"580,815",75% bearish,of 4 ratings,$44
FPRX,$18.9,1440623502131,"353,859",50% bullish,of 2 ratings,$35
FIVN,$4.05,1440623502178,"156,771",100% bullish,of 1 rating,$8.50
FLML,$21.69,1440623502320,"127,868",50% bullish,of 2 ratings,$30
FLKS,$12.32,1440623502351,"45,193",50% bullish,of 2 ratings,$27
FLXS,$31.09,1440623502394,"18,443",100% bearish,of 2 ratings,N/A
FLXN,$23.97,1440623502423,"66,117",100% bearish,of 1 rating,$40
SKOR,$50.2,1440623502448,200,Not yet rated,NULL,N/A
FLEX,$10.32,1440623502534,"2,175,889",63% bullish,of 8 ratings,$12
FLIR,$27.63,1440623502584,"859,825",100% bearish,of 1 rating,$38.50
MBSD,$24.9,1440623502613,"1,000",Not yet rated,NULL,N/A
FLDM,$11.75,1440623502718,"320,397",67% bearish,of 3 ratings,$21.50
FFIC,$19.91,1440623502900,"116,400",Not yet rated,NULL,$21
FOMX,$9.67,1440623502925,"94,418",50% bullish,of 2 ratings,$23.50
FES,$0.93,1440623503606,"30,680",50% bullish,of 2 ratings,$1
FORM,$6.18,1440623503644,"235,749",67% bullish,of 3 ratings,$10.50
FORR,$31.63,1440623503670,"38,445",Not yet rated,NULL,N/A
FTNT,$42.54,1440623503703,"887,293",80% bullish,of 10 ratings,$52
FBIO,$2.46,1440623503724,"81,054",83% bullish,of 6 ratings,N/A
FORTY,$30,1440623503745,847,100% bearish,of 1 rating,N/A
FONR,$9.62,1440623503781,"34,439",100% bullish,of 1 rating,N/A
FOGO,$18.15,1440623503807,"35,414",50% bullish,of 2 ratings,$25.50
FOSL,$58.56,1440623504167,"736,515",60% bearish,of 5 ratings,$80
FWRD,$44.99,1440623504201,"135,025",100% bearish,of 1 rating,$50
FWP,$25.73,1440623504222,"70,849",100% bearish,of 1 rating,$45
FXCB,$17.06,1440623504243,"15,676",Not yet rated,NULL,$19
FORD,$1.89,1440623504276,"9,909,434",67% bullish,of 3 ratings,N/A
FMI,$21.78,1440623504304,"189,532",100% bearish,of 2 ratings,$27.50
FRAN,$10.835,1440623504690,"562,610",50% bullish,of 4 ratings,$15
FREE,$0.52,1440623504727,"245,872",92% bullish,of 12 ratings,N/A
FOXF,$15.35,1440623504748,"63,226",100% bearish,of 1 rating,$19
RAIL,$19.5,1440623504770,"92,241",100% bearish,of 1 rating,$24.50
FRED,$12.9,1440623504807,"189,961",50% bullish,of 2 ratings,$16.50
FELE,$28.03,1440623504834,"135,617",50% bullish,of 4 ratings,$33
FEIM,$10.75,1440623504855,"5,202",100% bearish,of 1 rating,N/A
FRPT,$12.4,1440623504987,"279,197",67% bearish,of 3 ratings,$23.50
FRPH,$30.65,1440623505323,"6,764",100% bearish,of 1 rating,N/A
FTD,$29.41,1440623505351,"75,825",100% bearish,of 1 rating,$40
FTR,$4.84,1440623505377,"18,988,798",78% bullish,of 27 ratings,$6.25
FTRPR,$97.27,1440623505426,"59,476",100% bearish,of 1 rating,N/A
FSYS,$6.17,1440623505502,"29,616",67% bullish,of 3 ratings,$10
FCEL,$0.7261,1440623505558,"716,896",88% bullish,of 41 ratings,$2.65
FTEK,$2.03,1440623505587,"64,548",75% bullish,of 4 ratings,N/A
FSBW,$23.18,1440623505617,"1,438",Not yet rated,NULL,N/A
FULL,$3.07,1440623505717,"17,601",67% bearish,of 3 ratings,$4.25
FULLL,$25.15,1440623505750,372,Not yet rated,NULL,N/A
FLL,$1.48,1440623505843,"22,759",75% bullish,of 4 ratings,$3.50
FULT,$11.94,1440623505868,"793,485",100% bearish,of 1 rating,$13
FFHL,$0.883,1440623506078,"1,100",50% bullish,of 4 ratings,N/A
FSNN,$2.23,1440623506124,"14,000",67% bullish,of 3 ratings,$6
FXEN,$0.81,1440623506279,"58,703",75% bullish,of 4 ratings,$1.10
GK,$67.67,1440623506329,"80,867",Not yet rated,NULL,$78
FXENP,$15.82,1440623506355,860,100% bearish,of 1 rating,N/A
WILC,$4.8,1440623506384,"8,011",100% bullish,of 2 ratings,N/A
GAIA,$5.85,1440623506486,"11,049",50% bullish,of 2 ratings,$8.50
GLPG,$61.16,1440623506518,"47,170",100% bullish,of 1 rating,$75
GLMD,$8.86,1440623506719,"57,273",67% bullish,of 3 ratings,$20.50
GALT,$1.86,1440623506749,"90,387",80% bullish,of 5 ratings,N/A
GALTU,NULL,1440623506788,0,100% bearish,of 1 rating,N/A
GALE,$1.49,1440623506815,"1,633,236",89% bullish,of 47 ratings,$4
GALTW,NULL,1440623506852,0,100% bullish,of 1 rating,N/A
GPIC,$9.79,1440623506885,471,100% bearish,of 1 rating,N/A
GRMN,$37.72,1440623507021,"1,059,934",50% bullish,of 6 ratings,$46.50
GLPI,$31.3963,1440623507048,"509,341",100% bearish,of 1 rating,$37.50
GGAC,$9.85,1440623507694,378,100% bearish,of 1 rating,N/A
GGACR,$0.2,1440623507731,"60,100",100% bullish,of 1 rating,N/A
GENC,$9.21,1440623508090,654,100% bearish,of 1 rating,N/A
GARS,$14.05,1440623508120,"28,260",Not yet rated,NULL,$16
GNCMA,$16.78,1440623508152,"151,323",100% bearish,of 1 rating,$12
GENE,$2.04,1440623508174,"185,394",100% bullish,of 12 ratings,N/A
GHDX,$25.95,1440623508219,"159,967",50% bullish,of 2 ratings,$30
GGACU,$10.02,1440623508250,"1,744",Not yet rated,NULL,N/A
GGACW,$0.11,1440623508310,"18,010",Not yet rated,NULL,N/A
GFN,$3.45,1440623508439,"20,300",100% bearish,of 2 ratings,$8
GNCA,$12.65,1440623508467,"107,894",100% bearish,of 1 rating,$20
GFNCP,$94.18,1440623508606,700,Not yet rated,NULL,N/A
GFNSL,$25.66,1440623508631,"1,935",Not yet rated,NULL,N/A
THRM,$42.87,1440623508662,"431,501",75% bearish,of 4 ratings,$55.50
GNTX,$15.24,1440623508763,"1,773,752",Not yet rated,NULL,$20
GNMK,$9.46,1440623508892,"167,127",67% bullish,of 6 ratings,$14
GNVC,$2.39,1440623508995,"19,008",90% bullish,of 10 ratings,$8.50
GTWN,NULL,1440623509027,0,Not yet rated,NULL,N/A
GERN,$3.05,1440623509122,"1,989,548",88% bullish,of 16 ratings,$5.25
GEOS,$14.14,1440623509154,"111,190",100% bearish,of 3 ratings,$21
GABC,$29.26,1440623509214,"18,289",Not yet rated,NULL,$31
ROCK,$16.37,1440623509239,"96,032",80% bullish,of 5 ratings,$24
GILT,$4.26,1440623509476,"7,561",50% bullish,of 2 ratings,N/A
GIII,$65.65,1440623509506,"169,781",67% bullish,of 3 ratings,$75
GIGM,$0.5651,1440623509536,"9,100",100% bullish,of 2 ratings,N/A
GEVO,$2.2,1440623509583,"514,637",75% bullish,of 12 ratings,$5
GIGA,$1.44,1440623509639,"9,068",100% bearish,of 1 rating,N/A
GILD,$106.9472,1440623509714,"10,340,183",91% bullish,of 87 ratings,$129
GBCI,$25.11,1440623509771,"368,339",50% bullish,of 2 ratings,$31
GLAD,$8.235,1440623509850,"126,242",50% bullish,of 2 ratings,$8.75
GOOD,$14.24,1440623509939,"113,374",Not yet rated,NULL,$19
GOODN,$25.27,1440623509984,600,Not yet rated,NULL,N/A
GOODO,$25,1440623510009,582,Not yet rated,NULL,N/A
GLADO,$25.49,1440623510149,"6,175",Not yet rated,NULL,N/A
GOODP,$25.25,1440623510250,30,Not yet rated,NULL,N/A
GAIN,$7.3,1440623510920,"166,118",100% bullish,of 2 ratings,$8.25
GAINO,$25.21,1440623510948,"4,708",Not yet rated,NULL,N/A
GAINP,$25.63,1440623510969,"2,814",Not yet rated,NULL,N/A
GAINN,$25.15,1440623510999,"20,189",Not yet rated,NULL,N/A
LAND,$9.555,1440623511023,"19,432",50% bullish,of 2 ratings,$13.75
GLBZ,$12.05,1440623511176,899,Not yet rated,NULL,N/A
ENT,$11.25,1440623511207,"615,897",100% bearish,of 1 rating,$18
GDEF,NULL,1440623511243,0,Not yet rated,NULL,N/A
GBT,$40.75,1440623511308,"167,788",100% bearish,of 1 rating,N/A
GBLI,$26.79,1440623511341,"10,475",Not yet rated,NULL,N/A
GPACU,$9.98,1440623511441,3,Not yet rated,NULL,N/A
GSOL,$8.13,1440623511541,"20,477",100% bearish,of 1 rating,N/A
SOCL,$17.11,1440623511572,"48,160",100% bullish,of 2 ratings,N/A
ACTX,$12.83,1440623511602,102,100% bullish,of 1 rating,N/A
QQQC,$18.42,1440623511676,"4,690",100% bearish,of 1 rating,N/A
ALTY,$14.218,1440623511746,180,Not yet rated,NULL,N/A
SRET,NULL,1440623511922,0,Not yet rated,NULL,N/A
YLCO,NULL,1440623511988,0,Not yet rated,NULL,N/A
GAI,$5.81,1440623512023,"1,346",50% bullish,of 2 ratings,N/A
GSM,$12.54,1440623512075,"552,599",50% bullish,of 2 ratings,$23
GLBS,$1.13,1440623512122,"4,100",67% bullish,of 3 ratings,N/A
GBIM,$2.1,1440623512158,"20,003",50% bullish,of 2 ratings,N/A
GLYC,$6.73,1440623512255,"13,117",50% bullish,of 2 ratings,$14
GLRI,$0.9,1440623512283,"26,800",100% bearish,of 1 rating,$4.25
GLUU,$4.2,1440623512618,"1,365,731",92% bullish,of 26 ratings,$9
GLNG,$34.2,1440623512702,"627,835",83% bullish,of 6 ratings,$58
GOGO,$15.4,1440623512728,"754,563",80% bullish,of 5 ratings,$25
GMLP,$17.25,1440623512754,"172,439",50% bullish,of 4 ratings,$32.50
GLDC,$3.96,1440623512807,"1,180",50% bullish,of 2 ratings,N/A
GDEN,$9.05,1440623512941,"21,943",50% bullish,of 2 ratings,N/A
GOGL,$2.57,1440623513010,"308,174",75% bullish,of 4 ratings,$5
GTIM,$6.36,1440623513035,"31,154",Not yet rated,NULL,$11.50
GOOG,$628.84,1440623513065,"2,126,030",89% bullish,of 70 ratings,$825
GBDC,$16.48,1440623513088,"152,632",Not yet rated,NULL,$17.75
GMAN,$4.11,1440623513226,"88,751",60% bullish,of 5 ratings,$8.50
GOOGL,$660.4,1440623513286,"2,338,946",88% bullish,of 1080 ratings,$749
GPRO,$46.53,1440623513364,"7,685,160",78% bullish,of 58 ratings,$72
GPIAW,NULL,1440623513729,0,Not yet rated,NULL,N/A
GPIAU,NULL,1440623513754,0,Not yet rated,NULL,N/A
GPIA,NULL,1440623513806,0,Not yet rated,NULL,N/A
GBSNU,NULL,1440623514136,0,NULL,NULL,NULL
LOPE,$36.49,1440623514161,"152,376",100% bearish,of 2 ratings,$50
GBSN,$0.36,1440623514307,"6,871,419",100% bearish,of 1 rating,$8.25
GPP,$13.2,1440623514333,"63,840",Not yet rated,NULL,$20.50
GRVY,$3.25,1440623514354,"1,075",50% bullish,of 2 ratings,N/A
GNBC,$11.44,1440623514392,"18,247",100% bearish,of 1 rating,$16.50
GLDD,$5.29,1440623514413,"210,370",100% bearish,of 4 ratings,$7.75
GSBC,$39.7,1440623514487,"21,601",100% bullish,of 1 rating,$44
GRBK,$12.38,1440623514718,"170,058",77% bullish,of 13 ratings,N/A
GPRE,$18.19,1440623514775,"439,174",67% bullish,of 6 ratings,$28.50
GLRE,$23.74,1440623514848,"182,887",50% bullish,of 2 ratings,$41
GCBC,$28.5,1440623514906,28,100% bullish,of 1 rating,N/A
GRIF,$28.2,1440623514936,434,100% bearish,of 1 rating,N/A
OMAB,$38.74,1440623515041,"29,220",100% bullish,of 1 rating,$44
GRPN,$4.23,1440623515110,"8,945,978",61% bullish,of 71 ratings,$6.75
GRFS,$30.5,1440623515137,"162,713",50% bullish,of 2 ratings,$35
GSIG,$12.87,1440623515350,"70,193",100% bearish,of 2 ratings,N/A
GTXI,$0.818,1440623515429,"27,180",100% bullish,of 5 ratings,$.75
GSIT,$4.65,1440623515483,"6,253",100% bearish,of 1 rating,N/A
GGAL,$18.57,1440623515557,"287,543",80% bullish,of 5 ratings,$40
GSVC,$8.66,1440623515615,"74,164",50% bullish,of 2 ratings,$14.50
GBNK,$15.65,1440623515747,"21,260",100% bearish,of 1 rating,$18
GFED,$14.6,1440623515777,614,Not yet rated,NULL,$17
GUID,$6.93,1440623515880,"107,807",100% bearish,of 3 ratings,$10
GURE,$1.59,1440623515926,"30,220",88% bullish,of 8 ratings,N/A
GIFI,$11.23,1440623516059,"40,538",100% bearish,of 1 rating,$16
GULTU,$0.2901,1440623516095,"65,390",100% bearish,of 1 rating,N/A
GWPH,$103.65,1440623516116,"123,617",78% bullish,of 9 ratings,$148.50
GPOR,$32.8666,1440623516191,"1,306,915",75% bullish,of 4 ratings,$55
HEES,$17.09,1440623516221,"341,600",67% bearish,of 3 ratings,$31
GWGH,$7.25,1440623516246,"1,600",100% bearish,of 1 rating,$15.05
GYRO,NULL,1440623516399,0,100% bearish,of 1 rating,N/A
HLG,NULL,1440623516478,0,100% bearish,of 1 rating,N/A
HNRG,$7.49,1440623516671,"117,840",100% bearish,of 1 rating,$10
HBK,$13.74,1440623516800,504,50% bullish,of 2 ratings,N/A
HALO,$17.46,1440623516875,"998,153",67% bullish,of 3 ratings,$22.50
HALL,$11.15,1440623516901,"23,140",Not yet rated,NULL,N/A
HBHC,$26.39,1440623516926,"339,801",50% bullish,of 2 ratings,$30
HMPR,$1.85,1440623516953,"52,908",100% bullish,of 1 rating,N/A
HNH,$25.99,1440623517128,"8,696",100% bullish,of 1 rating,N/A
HNSN,$0.51,1440623517270,"48,574",88% bullish,of 8 ratings,$.40
HBHCL,$24.33,1440623517295,"28,183",Not yet rated,NULL,N/A
HLIT,$5.61,1440623517763,"292,595",100% bearish,of 1 rating,$6.50
HQCL,$11.8,1440623517788,"56,752",67% bullish,of 3 ratings,$14
HDNG,$9.6,1440623517870,"15,379",50% bullish,of 4 ratings,N/A
HAFC,$23.8,1440623517917,"137,072",100% bullish,of 2 ratings,$28.50
HRMN,NULL,1440623518125,0,Not yet rated,NULL,N/A
HRMNU,NULL,1440623518171,0,Not yet rated,NULL,N/A
HRMNW,NULL,1440623518203,0,Not yet rated,NULL,N/A
TINY,$2.48,1440623518230,"11,319",50% bullish,of 2 ratings,$5.26
HART,$0.88,1440623518303,"97,940",100% bearish,of 1 rating,N/A
HCAP,$12.07,1440623518333,"5,084",50% bullish,of 2 ratings,$15
HCAPL,$25.2,1440623518361,"4,214",Not yet rated,NULL,N/A
HBIO,$4.56,1440623518438,"81,766",Not yet rated,NULL,$10
HAS,$72.79,1440623518544,"1,234,139",63% bullish,of 8 ratings,$84.50
HA,$22.79,1440623518569,"441,760",67% bullish,of 9 ratings,$27
HCSG,$33.296,1440623519133,"227,806",50% bullish,of 4 ratings,$35
HCOM,$22,1440623519190,"19,330",100% bearish,of 1 rating,$28
HWBK,$13.5001,1440623519211,200,100% bearish,of 1 rating,N/A
HAYN,$36.37,1440623519233,"42,207",100% bearish,of 1 rating,$59
HWKN,$35.88,1440623519262,"22,130",Not yet rated,NULL,N/A
HIIQ,$4.35,1440623519291,"18,388",50% bullish,of 2 ratings,$7
HDS,$31.4542,1440623519320,"2,454,676",100% bearish,of 2 ratings,$39.50
HSTM,$24.44,1440623519394,"57,416",50% bullish,of 2 ratings,$33.75
HTLD,$20.45,1440623519541,"377,420",Not yet rated,NULL,$22.50
HTWR,$81.91,1440623519579,"134,820",50% bullish,of 2 ratings,$103
HTLF,$36.2,1440623519609,"30,554",100% bullish,of 1 rating,$39.50
HQY,$28.69,1440623519634,"120,329",67% bullish,of 3 ratings,$31
HWAY,$11.99,1440623519669,"240,996",100% bearish,of 1 rating,$15
HSII,$19.85,1440623519694,"84,757",100% bullish,of 3 ratings,$25
HTBX,$5.01,1440623519887,"19,016",50% bullish,of 2 ratings,$15.50
HELE,$84.83,1440623519935,"192,338",67% bearish,of 3 ratings,$100
HMTV,$13.54,1440623520296,"55,844",100% bearish,of 1 rating,$16
HSIC,$137.2535,1440623520351,"347,947",83% bullish,of 6 ratings,$146
HMNY,$2.27,1440623520378,300,100% bearish,of 1 rating,N/A
HERO,NULL,1440623520447,0,NULL,NULL,NULL
HCACU,$9.92,1440623520509,"3,850",Not yet rated,NULL,N/A
HFWA,$17.59,1440623520535,"33,486",100% bullish,of 1 rating,$20
HNNA,$24.51,1440623520556,"5,843",Not yet rated,NULL,N/A
MLHR,$26.81,1440623520585,"314,103",50% bullish,of 2 ratings,$33.50
HCCI,$11,1440623520974,"38,551",100% bearish,of 1 rating,$16.50
HRTX,$33.4,1440623521006,"721,670",67% bullish,of 6 ratings,$41
HTBK,$10.74,1440623521028,"34,687",Not yet rated,NULL,$12
HEOP,$7.81,1440623521076,"19,621",Not yet rated,NULL,$8.50
HIBB,$38.13,1440623521106,"332,876",100% bearish,of 1 rating,$46.50
HPJ,$2.19,1440623521158,"20,759",75% bullish,of 4 ratings,$12.43
HSKA,$34.15,1440623521187,"29,631",100% bearish,of 1 rating,$38
HFFC,$15.82,1440623521215,"2,940",Not yet rated,NULL,N/A
HIMX,$6.4,1440623521609,"700,477",86% bullish,of 21 ratings,$8.50
HIFS,$116.86,1440623521635,"2,841",Not yet rated,NULL,N/A
HIHO,$3.65,1440623521661,"12,452",Not yet rated,NULL,N/A
HSGX,$5.78,1440623521687,"3,624",100% bearish,of 1 rating,$17
HOLI,$16.922,1440623521712,"225,725",50% bullish,of 4 ratings,$27
HOLX,$38.7154,1440623521843,"2,142,489",67% bullish,of 3 ratings,$42
HMNF,$11.15,1440623521978,"2,877",Not yet rated,NULL,N/A
HOMB,$37.7,1440623522012,"167,338",Not yet rated,NULL,$42
HMSY,$10.0388,1440623522045,"1,380,533",67% bullish,of 3 ratings,$19.35
HBCP,$24.52,1440623522113,"2,465",Not yet rated,NULL,$29
HFBL,$21.54,1440623522150,300,Not yet rated,NULL,N/A
HMIN,$27.05,1440623522171,"131,237",100% bearish,of 2 ratings,$35
AWAY,$27.533,1440623522242,"716,138",67% bullish,of 3 ratings,$36
HMST,$21.93,1440623522376,"134,686",100% bullish,of 2 ratings,$27
HTBI,$18.01,1440623522444,"33,133",67% bullish,of 3 ratings,$18.625
HKTV,$4.44,1440623522683,"24,132",100% bearish,of 1 rating,N/A
CETC,$0.698,1440623522708,"55,669",86% bullish,of 7 ratings,N/A
HOFT,$23.5,1440623522937,"28,993",100% bearish,of 1 rating,N/A
HZNP,$29.07,1440623523065,"1,359,319",85% bullish,of 20 ratings,$40
ZINC,$7.04,1440623523163,"518,420",100% bearish,of 1 rating,$17
HDP,$23.14,1440623523404,"353,180",67% bearish,of 3 ratings,$30.50
HFBC,$11.02,1440623523432,"5,017",Not yet rated,NULL,N/A
HRZN,$10.06,1440623523453,"48,276",50% bullish,of 2 ratings,$14.25
HBNC,$23.26,1440623523486,"18,824",100% bullish,of 1 rating,$27
HWCC,$7.21,1440623523770,"41,510",100% bearish,of 1 rating,$9
HMHC,$22.53,1440623523804,"1,015,950",Not yet rated,NULL,$27
HOVNP,$4.49,1440623523873,"5,400",100% bearish,of 1 rating,N/A
HBMD,$14.25,1440623523906,700,100% bearish,of 1 rating,N/A
HSNI,$61.15,1440623523979,"192,925",Not yet rated,NULL,$80
HUBG,$37.71,1440623524006,"159,437",100% bearish,of 1 rating,$43
HTGM,$5.72,1440623524031,"18,927",100% bearish,of 1 rating,$19.50
HCBK,$9.2118,1440623524312,"2,750,820",83% bullish,of 6 ratings,$8.61
HDSN,$3.05,1440623524346,"177,447",100% bullish,of 1 rating,$6.25
HSON,$2.58,1440623524372,"4,803",100% bearish,of 1 rating,$5
HBAN,$10.5821,1440623524397,"6,275,690",76% bullish,of 17 ratings,$12.29
HBANP,$1328.5,1440623524447,27,100% bearish,of 1 rating,N/A
HURN,$73.53,1440623524527,"155,355",50% bullish,of 2 ratings,$80
HBP,$3.06,1440623524562,"6,843",100% bullish,of 1 rating,N/A
HURC,$29.42,1440623524662,"9,783",100% bearish,of 1 rating,N/A
HDRAW,NULL,1440623525116,0,Not yet rated,NULL,N/A
HTCH,$1.45,1440623525158,"58,708",100% bearish,of 1 rating,$3.50
HDRAR,NULL,1440623525186,0,Not yet rated,NULL,N/A
IACI,$69.72,1440623525213,"694,242",75% bullish,of 4 ratings,$90
IDSY,$3.76,1440623525234,"80,121",100% bearish,of 1 rating,$7
IBKC,$58.9,1440623525301,"132,136",100% bullish,of 1 rating,$70
HDRAU,NULL,1440623525369,0,Not yet rated,NULL,N/A
HDRA,NULL,1440623525396,0,Not yet rated,NULL,N/A
IKGH,$1.5,1440623525546,"74,483",75% bullish,of 4 ratings,N/A
HYGS,$7.84,1440623525573,"22,409",50% bullish,of 2 ratings,$13
IEP,$69.7,1440623525621,"94,344",75% bullish,of 4 ratings,$99
ICAD,$3.4,1440623525646,"80,734",50% bullish,of 2 ratings,$7.25
ICFI,$34.48,1440623525791,"58,609",50% bullish,of 2 ratings,$48.50
ICLR,$77.5387,1440623525917,"447,543",100% bearish,of 3 ratings,$85
ICON,$12.6,1440623526150,"887,541",50% bullish,of 2 ratings,$18.50
IPWR,$7.16,1440623526283,"16,559",100% bullish,of 1 rating,$15
ICUI,$113.28,1440623526308,"60,597",Not yet rated,NULL,$122
INVE,$4.27,1440623526583,"21,964",75% bullish,of 4 ratings,$4
IROQ,$16.77,1440623526679,"1,635",100% bullish,of 1 rating,N/A
IDRA,$2.83,1440623526704,"1,051,058",89% bullish,of 9 ratings,$6.50
IRG,$4.56,1440623526733,"23,851",100% bearish,of 1 rating,$4.50
IDXX,$71.9214,1440623526768,"279,436",100% bearish,of 1 rating,$77
DSKY,$10.88,1440623526871,"121,836",67% bullish,of 6 ratings,$11.50
RXDX,$13.13,1440623526900,"108,308",100% bullish,of 1 rating,$20
IKAN,$2.73,1440623526926,"40,462",83% bullish,of 6 ratings,$5
KANG,$14.9007,1440623527158,"723,985",50% bullish,of 2 ratings,$22.55
IIVI,$16.96,1440623527211,"139,655",100% bearish,of 1 rating,$22
IKNX,$11.96,1440623527231,710,100% bearish,of 1 rating,N/A
ILMN,$195.6765,1440623527261,"1,957,956",80% bullish,of 5 ratings,$240
ISNS,$3.95,1440623527315,"13,845",50% bullish,of 2 ratings,N/A
IMMR,$11.75,1440623527535,"98,825",80% bullish,of 5 ratings,$15.50
IMDZ,$15.44,1440623527565,"72,174",100% bearish,of 1 rating,$33
IMNP,$1.11,1440623527666,"123,881",50% bullish,of 2 ratings,$6
IPXL,$43.4248,1440623527693,"520,051",67% bullish,of 3 ratings,$46.50
ICCC,$7.54,1440623527757,"13,143",100% bullish,of 1 rating,N/A
IMMU,$1.89,1440623527843,"560,600",86% bullish,of 7 ratings,$2
IMMY,$7.32,1440623527874,"9,404",100% bearish,of 1 rating,$11
IMGN,$13.78,1440623527901,"831,674",75% bullish,of 4 ratings,$17.50
INCY,$108.477,1440623528335,"997,558",50% bullish,of 6 ratings,$125.50
INDB,$44.07,1440623528364,"97,216",Not yet rated,NULL,$44
SAAS,$7.385,1440623528391,"243,302",50% bullish,of 2 ratings,$15
IBTX,$40.04,1440623528426,"32,896",100% bullish,of 2 ratings,$47.25
INCR,$41.73,1440623528463,"210,703",50% bullish,of 2 ratings,$53
IBCP,$14.15,1440623528526,"81,036",100% bullish,of 1 rating,$14.50
IDSA,$3.4,1440623528551,"5,256",Not yet rated,NULL,N/A
INFI,$9.02,1440623528684,"446,967",50% bullish,of 4 ratings,$18
INFN,$21.025,1440623528734,"2,326,197",71% bullish,of 7 ratings,$28
III,$3.96,1440623528761,"15,261",57% bullish,of 7 ratings,$6
IMKTA,$51.79,1440623528790,"68,191",100% bearish,of 1 rating,N/A
IPCC,$77.82,1440623528817,"26,864",Not yet rated,NULL,$77.50
INWK,$6.97,1440623528948,"144,748",50% bullish,of 2 ratings,$10
INNL,$11.8,1440623528975,"1,944",100% bearish,of 1 rating,$16.50
IFON,$1.21,1440623529126,"26,171",75% bullish,of 4 ratings,N/A
INOD,$2.35,1440623529187,"22,434",100% bearish,of 1 rating,N/A
IOSP,$47.59,1440623529355,"255,516",100% bearish,of 1 rating,N/A
ISSC,$2.82,1440623529380,"5,961",67% bearish,of 3 ratings,N/A
IPHS,$46.64,1440623529406,"82,492",100% bearish,of 1 rating,$60
INOV,$20.91,1440623529427,"390,878",100% bearish,of 1 rating,$33
NSIT,$25.64,1440623529565,"165,456",50% bullish,of 2 ratings,N/A
ITEK,$12.04,1440623529620,"396,251",100% bearish,of 3 ratings,$20
INGN,$47.04,1440623529766,"124,190",100% bearish,of 1 rating,$50.50
PODD,$29.155,1440623530204,"234,107",67% bearish,of 3 ratings,$35
INO,$6.8,1440623530231,"811,038",89% bullish,of 18 ratings,$20
INSM,$24.21,1440623530252,"360,419",71% bullish,of 7 ratings,$31.50
IIIN,$17,1440623530299,"44,536",100% bearish,of 2 ratings,N/A
ISIG,$2.51,1440623530386,"9,900",100% bearish,of 1 rating,N/A
INSY,$32.84,1440623530438,"494,731",75% bullish,of 4 ratings,$48
IDTI,$17.885,1440623530543,"1,902,813",60% bullish,of 5 ratings,$25
IART,$59.71,1440623530591,"286,392",100% bearish,of 1 rating,$71.50
INTC,$27.29,1440623530744,"29,850,398",82% bullish,of 238 ratings,$36
IESC,$7.25,1440623530798,"2,693",100% bearish,of 1 rating,N/A
NTEC,$5.75,1440623530842,"43,099",100% bearish,of 1 rating,N/A
ISSI,$22,1440623530868,"197,497",67% bullish,of 3 ratings,$19.75
IPCI,$2.08,1440623530901,"94,388",67% bullish,of 6 ratings,$8
IQNT,$18.8,1440623531003,"281,288",86% bullish,of 7 ratings,$20
IBKR,$38.1876,1440623531111,"528,790",100% bullish,of 1 rating,N/A
IPAR,$26.02,1440623531179,"54,529",67% bullish,of 3 ratings,$38
ICPT,$184.9478,1440623531413,"245,765",70% bullish,of 10 ratings,$359.50
IMI,$2.02,1440623531477,"102,978",67% bullish,of 3 ratings,$2.22
ICLDW,NULL,1440623531510,0,100% bearish,of 1 rating,N/A
IDCC,$48.32,1440623531647,"255,501",80% bullish,of 5 ratings,$63
TILE,$23.71,1440623531675,"500,383",100% bearish,of 3 ratings,$27
INAP,$7.91,1440623531700,"240,609",75% bullish,of 4 ratings,$11
ININ,$35.185,1440623531737,"77,261",67% bearish,of 3 ratings,$57
ICLD,$1.8,1440623531959,"173,347",75% bullish,of 4 ratings,N/A
IIJI,$8.87,1440623531991,104,50% bullish,of 2 ratings,$11.50
IBOC,$24.92,1440623532014,"120,184",100% bearish,of 1 rating,N/A
ISCA,$30.79,1440623532045,"140,160",100% bearish,of 1 rating,N/A
IGLD,$6.92,1440623532367,"4,336",50% bullish,of 2 ratings,N/A
INTX,$2.03,1440623532569,"152,536",67% bullish,of 3 ratings,N/A
PTNT,$2.97,1440623532595,"11,202",Not yet rated,NULL,N/A
XENT,$25.77,1440623532620,"159,551",50% bullish,of 2 ratings,$36.50
INTL,$26.08,1440623532858,"89,399",67% bearish,of 3 ratings,N/A
IILG,$19.61,1440623532886,"132,675",100% bearish,of 1 rating,$29
ISIL,$10.27,1440623532907,"601,713",50% bullish,of 6 ratings,$15
IVAC,$4.61,1440623532927,"19,709",100% bearish,of 1 rating,$6.625
INPH,$0.29,1440623532968,"15,595",50% bullish,of 2 ratings,N/A
ITCI,$25.98,1440623533054,"408,482",75% bearish,of 4 ratings,$40
INTLL,$25.78,1440623533082,"4,025",Not yet rated,NULL,N/A
IIN,$6.02,1440623533153,200,100% bearish,of 1 rating,$12
ISRG,$508.389,1440623533248,"194,766",67% bullish,of 3 ratings,$600
INVT,$0.272,1440623533282,"65,603",67% bullish,of 3 ratings,N/A
SNAK,$8.37,1440623533308,"145,955",50% bullish,of 2 ratings,$14
INTU,$83.29,1440623533329,"3,464,106",86% bullish,of 7 ratings,$107.50
ISBC,$11.57,1440623533758,"1,885,641",100% bullish,of 1 rating,$13.25
NVIV,$9.66,1440623533784,"170,119",50% bullish,of 4 ratings,$24.50
IPAS,$1.02,1440623533990,"3,574",67% bullish,of 3 ratings,N/A
DTUL,NULL,1440623534033,0,Not yet rated,NULL,N/A
ISTR,$15.52,1440623534069,"7,402",100% bearish,of 1 rating,$18.50
ITIC,$70.26,1440623534097,"1,020",100% bearish,of 2 ratings,N/A
DFVL,NULL,1440623534117,0,Not yet rated,NULL,N/A
IPGP,$84.77,1440623534250,"315,368",100% bearish,of 2 ratings,$109.50
IPCM,$79.05,1440623534280,"143,412",50% bullish,of 2 ratings,$80.125
IVTY,$13.33,1440623534431,"6,722",Not yet rated,NULL,$18
IRIX,$6.71,1440623534747,"38,652",100% bearish,of 1 rating,N/A
IRDMB,$273,1440623534908,"1,046",67% bearish,of 3 ratings,N/A
IRMD,$25.99,1440623534974,"7,464",67% bearish,of 3 ratings,$25
IRDM,$6.91,1440623535001,"533,418",60% bullish,of 5 ratings,$11.50
IRBT,$27.81,1440623535023,"284,202",67% bullish,of 6 ratings,$37
IRWD,$11,1440623535080,"963,560",100% bearish,of 1 rating,$13
COMT,$31.29,1440623535213,"20,114",100% bearish,of 1 rating,N/A
IFNA,NULL,1440623535353,0,NULL,NULL,NULL
GNMA,$50.15,1440623535413,"3,345",Not yet rated,NULL,N/A
FCHI,NULL,1440623535436,0,NULL,NULL,NULL
IFEU,$37.95,1440623535484,"38,349",Not yet rated,NULL,N/A
IRCP,NULL,1440623535511,0,100% bullish,of 2 ratings,N/A
IFAS,NULL,1440623535536,0,NULL,NULL,NULL
IFGL,$28.32,1440623535568,"88,237",Not yet rated,NULL,N/A
ACWX,$40.36,1440623535797,"1,432,836",100% bearish,of 1 rating,N/A
EMDI,NULL,1440623536205,0,NULL,NULL,NULL
AAIT,NULL,1440623536333,0,NULL,NULL,NULL
ACWI,$54.3749,1440623536359,"3,873,008",Not yet rated,NULL,N/A
AXJS,NULL,1440623536377,0,NULL,NULL,NULL
AAXJ,$52.36,1440623536409,"2,269,143",Not yet rated,NULL,N/A
EEMA,$48.91,1440623536438,"11,167",Not yet rated,NULL,N/A
EGRW,NULL,1440623536510,0,NULL,NULL,NULL
EEME,NULL,1440623536531,0,NULL,NULL,NULL
EMEY,NULL,1440623536579,0,NULL,NULL,NULL
EVAL,NULL,1440623536939,0,NULL,NULL,NULL
UAE,$17.62,1440623536964,500,Not yet rated,NULL,N/A
EEML,$26.31,1440623536989,"10,348",Not yet rated,NULL,N/A
QAT,$20.01,1440623538069,824,Not yet rated,NULL,N/A
EUFN,$21.82,1440623538107,"357,436",100% bearish,of 1 rating,N/A
IEUS,$45.39,1440623538135,"11,415",100% bearish,of 1 rating,N/A
SOXX,$79.8,1440623538199,"438,451",50% bullish,of 2 ratings,N/A
ICLN,$9.28,1440623538229,"11,121",50% bullish,of 2 ratings,N/A
EMIF,$28.12,1440623538271,"31,901",Not yet rated,NULL,N/A
IBB,$340.3,1440623538295,"1,326,479",63% bullish,of 8 ratings,N/A
WOOD,$46.84,1440623538329,"12,539",50% bullish,of 2 ratings,N/A
IGOV,$91.55,1440623538618,"53,081",100% bearish,of 1 rating,N/A
ISIS,$49.0141,1440623538664,"1,235,791",53% bullish,of 15 ratings,$67
INDY,$27.34,1440623538692,"126,601",50% bullish,of 2 ratings,N/A
ISHG,$80.31,1440623538798,"24,147",100% bearish,of 1 rating,N/A
ISRL,$133,1440623538824,"1,000",100% bearish,of 1 rating,N/A
ISLE,$16.36,1440623538987,"204,472",50% bullish,of 4 ratings,$16
ITRI,$29.5,1440623539158,"341,379",Not yet rated,NULL,$37
XXIA,$15.02,1440623539223,"309,022",71% bullish,of 7 ratings,$14.625
ITUS,$4.09,1440623539251,300,Not yet rated,NULL,N/A
ITRN,$23.77,1440623539330,"1,477",50% bullish,of 2 ratings,N/A
IXYS,$10.59,1440623539359,"99,587",50% bullish,of 4 ratings,N/A
JJSF,$114.15,1440623539388,"41,055",100% bearish,of 1 rating,N/A
MAYS,NULL,1440623539469,0,Not yet rated,NULL,N/A
JCOM,$67.64,1440623539675,"387,209",100% bullish,of 2 ratings,$77
JBHT,$72.87,1440623540059,"1,319,446",50% bullish,of 4 ratings,$89.50
JASO,$7.51,1440623540536,"675,704",82% bullish,of 17 ratings,$10
JACK,$79.93,1440623540941,"350,455",83% bullish,of 6 ratings,$105
JAXB,$12.8,1440623541043,"64,800",100% bullish,of 1 rating,N/A
JKHY,$68.7237,1440623541104,"784,632",50% bullish,of 2 ratings,$72
JAKK,$9.36,1440623541132,"353,335",60% bearish,of 5 ratings,$11
JXSB,$23.51,1440623541171,"4,194",Not yet rated,NULL,N/A
JAGX,$3.24,1440623541231,"3,429",Not yet rated,NULL,N/A
JRVR,$26.42,1440623541302,"61,110",Not yet rated,NULL,$32
ERW,NULL,1440623541326,0,Not yet rated,NULL,N/A
JAZZ,$165.3502,1440623541491,"314,642",80% bullish,of 15 ratings,$206.50
JASN,$4.8,1440623541514,"16,026",50% bullish,of 2 ratings,$9.50
JASNW,NULL,1440623541538,0,50% bullish,of 2 ratings,N/A
JMBA,$13.51,1440623541571,"162,851",75% bullish,of 4 ratings,$18
JD,$25.59,1440623541602,"9,301,188",75% bullish,of 16 ratings,$36
JTPY,$2.92,1440623541704,"2,620",100% bearish,of 1 rating,N/A
JBLU,$22.247,1440623541735,"4,396,207",94% bullish,of 18 ratings,$27
JCTCF,$9.5,1440623541865,100,100% bullish,of 1 rating,N/A
JST,$3.81,1440623542302,"32,079",75% bullish,of 4 ratings,N/A
JOEZ,$0.1601,1440623542355,"241,695",92% bullish,of 12 ratings,N/A
JBSS,$53.56,1440623542380,"50,469",67% bearish,of 3 ratings,N/A
DATE,$5.69,1440623542458,"109,332",75% bullish,of 4 ratings,$9
JIVE,$4.27,1440623542519,"373,781",75% bullish,of 4 ratings,$5
WYIGU,$10,1440623542588,"67,255",Not yet rated,NULL,N/A
JOUT,$22.59,1440623542621,"11,198",100% bearish,of 1 rating,$34
JNP,$9.725,1440623542667,"24,340",100% bullish,of 3 ratings,$15
KBIO,$1.94,1440623542770,"167,770",50% bullish,of 4 ratings,N/A
KTWO,$21.31,1440623542795,"108,501",100% bearish,of 1 rating,$28.50
JUNO,$36.5,1440623542832,"944,334",73% bullish,of 11 ratings,$71.50
