Symbol,Price,Date,Volume,Rating,RatingVoteCount,OneYearEstimate
TFSCR,NULL,1440090902010,0,Not yet rated,NULL,N/A
FLWS,$9.61,1440090902048,"100,375",100% bullish,of 5 ratings,$15
TFSC,NULL,1440090902084,0,100% bearish,of 1 rating,N/A
PIH,$7.49,1440090902115,"3,740",100% bearish,of 1 rating,N/A
TFSCU,NULL,1440090902142,0,Not yet rated,NULL,N/A
TFSCW,NULL,1440090902164,0,100% bearish,of 1 rating,N/A
FCTY,NULL,1440090902193,0,100% bullish,of 1 rating,$8.50
FCCY,NULL,1440090902219,0,100% bullish,of 1 rating,$13
SRCE,$30.085,1440090902402,"4,384",100% bullish,of 3 ratings,$33
VNET,$20.11,1440090902432,"189,038",60% bullish,of 5 ratings,$29.50
TWOU,$34.961,1440090902529,"114,704",50% bullish,of 2 ratings,$39
USLV,$15.2508,1440090902563,"241,374",86% bullish,of 7 ratings,N/A
DSLV,$58.54,1440090902599,"8,517",100% bearish,of 1 rating,N/A
UGLD,$9.75,1440090902625,"162,647",100% bearish,of 1 rating,N/A
JOBS,$25.95,1440090902696,"70,863",50% bullish,of 4 ratings,$36
DGLD,$77.461,1440090902722,"7,103",100% bullish,of 1 rating,N/A
AVHI,$13.86,1440090903098,"12,932",100% bearish,of 1 rating,$19
CAFD,$15.63,1440090903125,"68,524",Not yet rated,NULL,$25
SIXD,$2.1,1440090903170,"52,787",Not yet rated,NULL,N/A
EGHT,$8.3399,1440090903227,"111,802",82% bullish,of 17 ratings,$11
ABY,$21,1440090903248,"67,305",100% bearish,of 2 ratings,$46
ABAX,$47.5,1440090903270,"58,740",100% bearish,of 1 rating,$60
SHLM,$35.54,1440090903309,"37,844",100% bearish,of 1 rating,$50
ABGB,$4.01,1440090903331,"56,262",67% bullish,of 3 ratings,$5.50
AAON,$22.57,1440090903477,"22,803",100% bearish,of 1 rating,$24
ABEOW,$1.71,1440090903614,"1,450",100% bullish,of 1 rating,N/A
ABEO,$5.01,1440090903644,"79,327",67% bullish,of 3 ratings,$15.50
AXAS,$1.67,1440090903672,"211,707",78% bullish,of 9 ratings,$3.50
ACTG,$8.72,1440090903693,"80,072",67% bullish,of 3 ratings,$18.50
ABMD,$103.585,1440090903715,"134,930",75% bullish,of 4 ratings,$100.50
ACAD,$36.78,1440090903942,"374,741",80% bullish,of 20 ratings,$48
XLRN,$29.2303,1440090904044,"30,334",50% bullish,of 2 ratings,$57
ACST,$0.3602,1440090904074,"30,900",100% bullish,of 2 ratings,N/A
AXDX,$18.755,1440090904107,"67,153",100% bearish,of 1 rating,N/A
ACHC,$77.2101,1440090904144,"239,078",50% bullish,of 2 ratings,$92
ANCX,$18.93,1440090904166,"12,497",Not yet rated,NULL,$19
VXUP,$17.9,1440090904235,"16,570",Not yet rated,NULL,N/A
ARAY,$5.865,1440090904261,"533,190",100% bearish,of 1 rating,$10.50
VXDN,$13.7,1440090904459,"3,515",Not yet rated,NULL,N/A
AKAO,$7.07,1440090904566,"45,813",75% bullish,of 4 ratings,$15
ACET,$24.965,1440090904593,"36,707",75% bullish,of 4 ratings,$30
ACHN,$8.095,1440090904650,"511,064",90% bullish,of 21 ratings,$16
ACNB,$20.15,1440090904724,472,Not yet rated,NULL,N/A
ACRX,$4.29,1440090904755,"118,329",67% bearish,of 6 ratings,$5.50
ACIW,$22.4,1440090904782,"113,757",50% bullish,of 2 ratings,$24
ACTS,$1.35,1440090904813,"27,685",100% bearish,of 1 rating,N/A
ACOR,$29.435,1440090904860,"85,247",67% bearish,of 3 ratings,$38.50
ACPW,$1.8501,1440090905057,"6,235",100% bullish,of 4 ratings,$3.50
ATVI,$28.18,1440090905126,"1,924,545",68% bullish,of 84 ratings,$31.50
ACTA,$13.37,1440090905192,"58,725",67% bearish,of 3 ratings,$25
ACXM,$20.41,1440090905258,"85,985",67% bullish,of 3 ratings,N/A
ACUR,$0.61,1440090905285,638,100% bullish,of 5 ratings,$1
ADMP,$3.545,1440090905415,"4,038",50% bullish,of 2 ratings,$10
ADMS,$20.005,1440090905445,"34,964",100% bearish,of 2 ratings,$36
ADAP,$15.07,1440090905547,"24,083",67% bullish,of 3 ratings,$22
ADEP,$7.07,1440090905704,"12,377",50% bullish,of 2 ratings,$10.75
ADMA,$9.5599,1440090905737,350,Not yet rated,NULL,$19
ADUS,$29.35,1440090905766,"34,883",100% bearish,of 1 rating,$31
ADBE,$83.72,1440090905787,"533,891",65% bullish,of 17 ratings,$90
AEY,$2.3201,1440090905835,"3,024",100% bearish,of 2 ratings,N/A
ADTN,$15.62,1440090905864,"127,393",67% bullish,of 3 ratings,$17.125
AMD,$1.725,1440090906049,"4,254,699",83% bullish,of 102 ratings,$2
ADXS,$14.15,1440090906084,"353,396",64% bullish,of 14 ratings,$27
ADRO,$20.44,1440090906186,"59,337",80% bullish,of 5 ratings,$45.50
AEIS,$25.38,1440090906213,"66,639",50% bullish,of 2 ratings,$32.50
YPRO,$23.2299,1440090906386,"1,502",100% bearish,of 1 rating,N/A
MULT,NULL,1440090906411,0,100% bearish,of 1 rating,N/A
AEHR,$2.1364,1440090906574,"1,069",50% bullish,of 2 ratings,N/A
AEGR,$18.18,1440090906606,"115,365",50% bullish,of 6 ratings,$26
AEPI,$56.61,1440090906634,"2,736",100% bearish,of 1 rating,N/A
ADXSW,$9.97,1440090906669,"2,792",100% bullish,of 1 rating,N/A
AEGN,$18.6,1440090906691,"60,840",100% bearish,of 1 rating,$21
AMTX,$3.52,1440090906722,"10,899",50% bullish,of 2 ratings,$26.11
AERI,$15.92,1440090906764,"161,256",75% bullish,of 4 ratings,$31.50
AVAV,$24.78,1440090906855,"49,098",50% bullish,of 4 ratings,$31
AEZS,$0.1061,1440090906938,"4,443,838",90% bullish,of 21 ratings,$1.50
AFFX,$9.4,1440090906988,"86,274",80% bullish,of 5 ratings,$12
AEMD,$6.65,1440090907097,"17,018",Not yet rated,NULL,$27.50
AFMD,$10.335,1440090907204,"105,448",50% bullish,of 4 ratings,$15
AGEN,$7.34,1440090907296,"234,483",85% bullish,of 13 ratings,$14
AGRX,$8.3,1440090907330,"20,182",100% bearish,of 1 rating,$17.50
AGFS,$9.58,1440090907381,"102,809",100% bearish,of 1 rating,N/A
AGIO,$87.64,1440090907426,"130,171",88% bullish,of 8 ratings,$114
AGYS,$9.59,1440090907515,"5,054",100% bearish,of 1 rating,N/A
AIMT,$21.64,1440090907542,"91,822",Not yet rated,NULL,N/A
AGFSW,$1.8375,1440090907577,"5,945",100% bearish,of 2 ratings,N/A
AIRT,$22.5,1440090907675,"2,019",100% bullish,of 1 rating,N/A
AIRM,$37.62,1440090907705,"59,681",80% bearish,of 5 ratings,$53
ATSG,$9.32,1440090907769,"28,166",67% bullish,of 3 ratings,$13
AMCN,$4.9101,1440090907935,"282,532",83% bullish,of 6 ratings,N/A
AIXG,$6.06,1440090907965,"5,978",67% bearish,of 3 ratings,$6
AKAM,$70.75,1440090908065,"606,212",63% bullish,of 8 ratings,$77
AKBA,$6.33,1440090908139,"137,802",100% bearish,of 1 rating,$18
AKRX,$41.74,1440090908172,"217,356",78% bullish,of 9 ratings,$56
ALRM,$16.975,1440090908205,"114,200",100% bearish,of 1 rating,$22
ALSK,$2.145,1440090908234,"35,160",78% bullish,of 18 ratings,$2
AKER,$2.81,1440090908271,"4,227",Not yet rated,NULL,N/A
AMRI,$20,1440090908310,"55,136",75% bearish,of 4 ratings,$24
ADHD,$8.51,1440090908501,"71,623",50% bullish,of 4 ratings,$18
ABDC,$12.9199,1440090908534,"5,086",Not yet rated,NULL,$15
ALDX,$7.75,1440090908563,"8,170",100% bearish,of 1 rating,$14.50
ALDR,$37.34,1440090908594,"135,373",67% bearish,of 3 ratings,$62
ALXN,$181.575,1440090908633,"278,582",88% bullish,of 8 ratings,$223
ALXA,$1.09,1440090908690,"7,820",83% bullish,of 6 ratings,$2.125
ALCO,$42.61,1440090908787,"2,220",50% bullish,of 2 ratings,N/A
ALIM,$3.4499,1440090908944,"22,199",80% bullish,of 5 ratings,$10
ALGN,$58.65,1440090908975,"164,875",100% bearish,of 2 ratings,$73
ALKS,$63.935,1440090909003,"197,026",67% bullish,of 3 ratings,$75
ALGT,$219.98,1440090909030,"39,502",100% bearish,of 1 rating,$235
ALLB,$23.59,1440090909078,200,Not yet rated,NULL,N/A
AIQ,$14.7,1440090909208,"4,925",67% bullish,of 3 ratings,N/A
AFOP,$17.66,1440090909252,"77,582",75% bullish,of 8 ratings,$21
AHGP,$37.19,1440090909309,"25,142",67% bullish,of 3 ratings,N/A
ARLP,$24.97,1440090909339,"68,028",67% bearish,of 3 ratings,$32
AMOT,$16.34,1440090909389,"25,511",100% bearish,of 1 rating,N/A
AHPI,$1.44,1440090909444,700,50% bullish,of 2 ratings,N/A
ALQA,$4.46,1440090909520,"15,297",75% bullish,of 4 ratings,$8.50
ALLT,$5.04,1440090909574,"27,705",75% bullish,of 4 ratings,$6.25
AFAM,$47.61,1440090909771,"21,768",50% bullish,of 2 ratings,$44
MDRX,$13.96,1440090909831,"558,507",60% bullish,of 5 ratings,$16
ALNY,$106.09,1440090909881,"249,120",67% bullish,of 3 ratings,$148.50
SMCP,NULL,1440090909902,0,Not yet rated,NULL,N/A
AOSL,$7.2,1440090909923,"18,102",67% bullish,of 3 ratings,$9
ATEC,$0.5901,1440090910065,"11,838",100% bullish,of 1 rating,$2
ALTR,$48.95,1440090910098,"628,908",80% bearish,of 5 ratings,$54
ASPS,$29.32,1440090910197,"28,262",67% bullish,of 3 ratings,$46.50
AIMC,$25.81,1440090910228,"8,840",100% bearish,of 1 rating,$28.50
AMRK,NULL,1440090910265,0,50% bullish,of 2 ratings,$14
AMRN,$1.99,1440090910294,"1,070,358",85% bullish,of 39 ratings,$8
AMAG,$62.25,1440090910327,"78,679",100% bullish,of 2 ratings,$77.50
AYA,$22.006,1440090910470,"17,141",100% bearish,of 1 rating,$40
AMZN,$518.215,1440090910569,"1,373,596",81% bullish,of 263 ratings,$646
AMBC,$15.73,1440090910631,"75,821",100% bearish,of 1 rating,$16.50
AMBCW,$7.35,1440090910658,"1,600",100% bearish,of 1 rating,N/A
EPAX,$2.67,1440090910731,"29,013",100% bearish,of 1 rating,N/A
AMBA,$99.0801,1440090910760,"1,000,416",83% bullish,of 12 ratings,$102.50
AMCX,$69.8401,1440090910789,"366,296",67% bullish,of 3 ratings,$85.50
DOX,$59.2,1440090910923,"72,747",100% bullish,of 2 ratings,$60
AMDA,$0.485,1440090910949,"739,949",90% bullish,of 10 ratings,$1
UHAL,$373.43,1440090911095,"5,985",100% bullish,of 2 ratings,$393.50
ATAX,$5.3136,1440090911125,"45,492",100% bullish,of 1 rating,$6.50
AMED,$41.19,1440090911203,"151,268",100% bearish,of 1 rating,$42
ASBI,$22.65,1440090911257,600,Not yet rated,NULL,N/A
AAL,$42.365,1440090911297,"2,661,033",93% bullish,of 87 ratings,$57
AMOV,$18.38,1440090911328,"5,676",100% bearish,of 1 rating,N/A
AGNC,$20.02,1440090911354,"1,746,619",75% bullish,of 28 ratings,$22
AGNCB,$24.3,1440090911485,"11,400",Not yet rated,NULL,N/A
AGNCP,$25.394,1440090911518,"1,672",Not yet rated,NULL,N/A
MTGE,$15.98,1440090911617,"77,055",75% bullish,of 4 ratings,$19.50
MTGEP,NULL,1440090911678,0,Not yet rated,NULL,N/A
ACAS,$14.22,1440090911748,"549,600",60% bullish,of 5 ratings,$16.75
ACSF,$12.745,1440090911836,"4,376",100% bearish,of 1 rating,$15
AETI,NULL,1440090911874,0,67% bearish,of 3 ratings,N/A
ANCI,$1.5695,1440090911901,"2,100",100% bearish,of 1 rating,N/A
AMIC,NULL,1440090911964,0,Not yet rated,NULL,N/A
ANAT,$102.48,1440090912062,"4,055",100% bullish,of 1 rating,N/A
APEI,$21.64,1440090912096,"22,773",100% bearish,of 1 rating,$25.50
AMNB,$23.04,1440090912127,"1,944",Not yet rated,NULL,$25.50
ARII,$38.63,1440090912222,"73,908",67% bearish,of 3 ratings,$45
AMRB,$10.002,1440090912273,583,Not yet rated,NULL,$11
ASEI,$39.46,1440090912363,"39,657",100% bearish,of 1 rating,$52.50
AMSWA,$9.29,1440090912395,"4,244",100% bearish,of 2 ratings,$10.75
AMSC,$3.7688,1440090912495,"13,871",50% bullish,of 4 ratings,N/A
AMWD,$62.765,1440090912526,"57,625",50% bullish,of 2 ratings,$58
CRMT,$42.545,1440090912627,"10,190",100% bearish,of 1 rating,$49
AMSF,$50.57,1440090912659,"25,381",Not yet rated,NULL,$57.50
ABCB,$27.7725,1440090912757,"18,936",Not yet rated,NULL,$31
ASRV,$3.26,1440090912944,"1,460",100% bullish,of 2 ratings,N/A
ASRVP,NULL,1440090912972,0,Not yet rated,NULL,N/A
ATLO,$23.6228,1440090912996,"2,259",Not yet rated,NULL,N/A
AMGN,$162.9299,1440090913018,"799,176",89% bullish,of 19 ratings,$185
AMKR,$4.255,1440090913060,"377,675",100% bearish,of 2 ratings,$5
AMPH,$14.2,1440090913156,"73,662",50% bullish,of 2 ratings,$20
FOLD,$15.48,1440090913184,"298,562",56% bullish,of 9 ratings,$21
AMSG,$82.18,1440090913261,"94,467",100% bearish,of 1 rating,$85.50
ASYS,$5.5,1440090913419,"27,885",67% bullish,of 3 ratings,$12
AMSGP,NULL,1440090913444,0,Not yet rated,NULL,N/A
AFSI,$63.91,1440090913477,"184,208",60% bullish,of 5 ratings,$72
AMRS,$1.6488,1440090913652,"34,205",70% bullish,of 10 ratings,N/A
ANAD,$0.38,1440090913707,"117,165",100% bullish,of 2 ratings,$.50
ADI,$55.51,1440090913733,"1,647,407",67% bullish,of 3 ratings,$69
ANAC,$130.88,1440090913760,"176,981",80% bullish,of 5 ratings,$180.50
AMCF,$0.2599,1440090913906,"1,284",100% bullish,of 7 ratings,N/A
ALOG,$83.09,1440090913934,"20,902",100% bearish,of 2 ratings,$100.50
ANCB,NULL,1440090913977,0,Not yet rated,NULL,$23
ABCW,$39.84,1440090914004,"7,507",67% bullish,of 3 ratings,N/A
ANGI,$4.25,1440090914211,"146,835",64% bullish,of 11 ratings,$5.50
ANGO,$14.72,1440090914238,"13,926",67% bullish,of 3 ratings,$19
ANIP,$52.54,1440090914260,"94,652",89% bullish,of 19 ratings,$66
ANSS,$93.88,1440090914440,"134,730",100% bearish,of 1 rating,$100
ANTH,$8.37,1440090914590,"396,055",80% bullish,of 10 ratings,$13
ATRS,$1.81,1440090914616,"154,260",92% bullish,of 12 ratings,$4.50
ATNY,$2.34,1440090914691,500,50% bullish,of 2 ratings,$3.75
APOG,$51.75,1440090914762,"48,167",100% bullish,of 1 rating,$62
APOL,$11.079,1440090914792,"375,713",87% bearish,of 68 ratings,$14
ABAC,$0.79,1440090914819,"6,310",100% bearish,of 1 rating,N/A
AINV,$6.5238,1440090914848,"602,236",50% bullish,of 4 ratings,$8
ANIK,$34.79,1440090914979,"27,718",60% bullish,of 5 ratings,$51.25
APIC,$6.891,1440090915044,"139,076",100% bearish,of 1 rating,$19
APPF,$16.43,1440090915141,"13,930",50% bullish,of 2 ratings,$22
AAPL,$112.5298,1440090915200,"22,698,194",86% bullish,of 2335 ratings,$150
ARCI,$1.25,1440090915350,200,Not yet rated,NULL,N/A
AMAT,$16.06,1440090915554,"3,302,522",82% bullish,of 11 ratings,$23
AREX,$2.38,1440090915583,"215,672",100% bearish,of 1 rating,$3
AMCC,$5.31,1440090915615,"129,349",80% bullish,of 5 ratings,$8
APDNW,NULL,1440090915642,0,Not yet rated,NULL,N/A
AGTC,$15.27,1440090915671,"75,039",50% bullish,of 2 ratings,$33
APRI,$1.3,1440090915714,"310,225",83% bullish,of 6 ratings,$4.86
AAOI,$20.8,1440090915868,"115,107",50% bullish,of 4 ratings,$26
APTO,$4.9226,1440090915942,"5,350",Not yet rated,NULL,$17
AQXP,$15.892,1440090916022,"274,017",50% bullish,of 2 ratings,$2
AQMS,$5.05,1440090916052,"5,582",Not yet rated,NULL,N/A
AUMA,NULL,1440090916154,0,Not yet rated,NULL,N/A
APDN,$3.23,1440090916214,"25,111",Not yet rated,NULL,$9
AUMAU,NULL,1440090916347,0,Not yet rated,NULL,N/A
AUMAW,NULL,1440090916382,0,Not yet rated,NULL,N/A
PETX,$16.96,1440090916584,"105,515",100% bearish,of 2 ratings,$26
ABIO,$0.89,1440090916641,"52,519",50% bullish,of 2 ratings,$3.75
ARDM,$7.1307,1440090916696,"3,807",100% bullish,of 1 rating,$26
ABUS,$7.55,1440090916718,"173,094",86% bullish,of 14 ratings,$23
ARCW,$3.59,1440090916749,995,100% bearish,of 2 ratings,$10.50
ARCB,$31.05,1440090916884,"72,357",50% bullish,of 2 ratings,$39.50
ACGL,$72.41,1440090916925,"73,240",50% bullish,of 2 ratings,$72
ACAT,$28.05,1440090917056,"43,405",100% bearish,of 3 ratings,$33
RKDA,$5.75,1440090917084,"3,804",100% bearish,of 2 ratings,$10
ARNA,$2.91,1440090917223,"822,657",90% bullish,of 77 ratings,$5.50
ARDX,$17.61,1440090917255,"32,457",50% bullish,of 2 ratings,$24.50
AGII,$58.4,1440090917282,"41,238",Not yet rated,NULL,$59.50
ARCC,$15.82,1440090917354,"256,735",67% bearish,of 3 ratings,$17.875
ARIA,$6.905,1440090917500,"878,240",87% bullish,of 46 ratings,$9
ARIS,$3.28,1440090917692,"2,625",Not yet rated,NULL,$4.50
AGIIL,$25.55,1440090917722,"2,217",Not yet rated,NULL,N/A
ARMH,$41.86,1440090917747,"689,447",54% bearish,of 13 ratings,$61
ARKR,NULL,1440090917777,0,50% bullish,of 2 ratings,N/A
ARTX,$1.53,1440090917827,"108,938",88% bullish,of 16 ratings,$4.50
ARWA,NULL,1440090918551,0,Not yet rated,NULL,N/A
ARWAU,NULL,1440090918637,0,100% bullish,of 1 rating,N/A
ARWAR,NULL,1440090918662,0,Not yet rated,NULL,N/A
ARWAW,NULL,1440090919203,0,Not yet rated,NULL,N/A
ARGS,$5.8,1440090919230,"71,040",50% bullish,of 2 ratings,$19.50
ARQL,$1.66,1440090919573,"84,261",75% bullish,of 4 ratings,$5
ARRS,$27.43,1440090919706,"250,693",50% bullish,of 2 ratings,$38
ARRY,$5.43,1440090919732,"326,521",100% bullish,of 7 ratings,$10
DWAT,NULL,1440090919861,0,100% bearish,of 1 rating,N/A
AROW,$27.27,1440090919923,"5,903",Not yet rated,NULL,N/A
ARTNA,$22.61,1440090919949,"10,885",100% bearish,of 1 rating,$29
ARTW,$4.5099,1440090919994,300,75% bearish,of 4 ratings,N/A
ASBB,$23.72,1440090920304,305,Not yet rated,NULL,N/A
ASNA,$11.66,1440090920338,"742,134",50% bullish,of 2 ratings,$18
ARWR,$5.53,1440090920367,"291,421",75% bullish,of 4 ratings,$10.50
ASND,$17.52,1440090920390,"15,861",100% bullish,of 1 rating,$30
ASTI,$0.1247,1440090920412,"844,780",83% bullish,of 6 ratings,$3
ASCMA,$27.9,1440090920449,"35,695",100% bearish,of 1 rating,$45
APWC,$2,1440090920470,600,100% bearish,of 1 rating,N/A
ASMI,$36.57,1440090920631,300,50% bullish,of 2 ratings,N/A
ASML,$87.66,1440090920715,"505,984",67% bullish,of 3 ratings,$127
ASMB,$12.99,1440090920760,"36,596",67% bullish,of 3 ratings,N/A
ASFI,$9.01,1440090920858,"2,610",100% bullish,of 1 rating,N/A
ASTE,$36.71,1440090920883,"9,498",100% bearish,of 1 rating,$48
ALOT,$13.14,1440090920912,"1,312",100% bearish,of 1 rating,N/A
AZPN,$38.66,1440090921148,"262,688",50% bullish,of 2 ratings,$42
ATRO,$53.7,1440090921187,"42,826",100% bearish,of 2 ratings,$80
ASTC,$2.36,1440090921279,"9,358",100% bullish,of 5 ratings,N/A
ASUR,$5.8187,1440090921309,"2,758",100% bearish,of 1 rating,$8
ATAI,$2.93,1440090921331,"17,651",100% bearish,of 1 rating,N/A
ATRA,$43.857,1440090921364,"43,839",50% bullish,of 2 ratings,$68
ATHN,$135.76,1440090921386,"31,751",67% bearish,of 3 ratings,$153
ATHX,$1.19,1440090921529,"66,523",89% bullish,of 9 ratings,$5
AAME,$3.44,1440090921711,104,Not yet rated,NULL,N/A
AFCB,NULL,1440090921741,0,Not yet rated,NULL,N/A
AAPC,$10.2,1440090921772,170,Not yet rated,NULL,N/A
ACFC,$6.2,1440090921809,"41,072",Not yet rated,NULL,$6.50
ATNI,$73.62,1440090921835,"22,015",100% bearish,of 1 rating,$69.50
ATLC,$3.98,1440090921872,492,67% bullish,of 3 ratings,N/A
AFH,$16.94,1440090922143,"7,477",Not yet rated,NULL,$21.50
AAWW,$41.83,1440090922175,"196,861",50% bullish,of 2 ratings,$65
ATML,$7.34,1440090922206,"1,592,980",78% bullish,of 9 ratings,$9.50
ATTU,$14.57,1440090922276,"18,889",100% bearish,of 1 rating,$20.50
ATRC,$26.4,1440090922311,"29,375",100% bullish,of 1 rating,$30
ATRM,$2.87,1440090922332,690,50% bullish,of 2 ratings,N/A
ATRI,$394.45,1440090922370,501,Not yet rated,NULL,N/A
ATOS,$0.9172,1440090922536,"95,409",100% bullish,of 7 ratings,$7
LIFE,$14.66,1440090922566,"14,094",86% bullish,of 7 ratings,$43
AUBN,$27.21,1440090922669,100,Not yet rated,NULL,N/A
AUPH,$3.373,1440090922802,"2,900",100% bearish,of 1 rating,$8
AUDC,$3.29,1440090922832,"46,277",80% bullish,of 5 ratings,$5
ADAT,$0.11,1440090922935,"50,455",100% bullish,of 2 ratings,N/A
ABTL,$18.495,1440090923034,"44,002",100% bullish,of 4 ratings,$20.25
ADSK,$53.26,1440090923066,"598,079",83% bullish,of 6 ratings,$69.50
EARS,$5.01,1440090923099,"35,045",100% bearish,of 2 ratings,$11.50
ADP,$82.91,1440090923132,"655,886",100% bearish,of 1 rating,$88
AVGO,$117.21,1440090923159,"911,257",88% bullish,of 8 ratings,$160
AVNU,$12.49,1440090923189,"1,220",Not yet rated,NULL,$14
AAVL,$10.5,1440090923218,"145,234",100% bearish,of 1 rating,$20
AVEO,$1.42,1440090923365,"559,418",75% bullish,of 8 ratings,$3
AVID,$7.82,1440090923461,"77,793",100% bearish,of 1 rating,$20
AVNW,$1.12,1440090923545,"25,841",50% bullish,of 2 ratings,$2.20
AVGR,$15.2,1440090923703,"16,421",100% bearish,of 1 rating,$20
AWRE,$3.34,1440090923762,"7,594",67% bullish,of 3 ratings,N/A
AXPWW,NULL,1440090923787,0,Not yet rated,NULL,N/A
AXPW,$1.1,1440090923815,"27,751",83% bullish,of 6 ratings,N/A
CAR,$44.87,1440090923839,"539,238",80% bullish,of 5 ratings,$60
ACLS,$3.355,1440090923874,"442,450",67% bullish,of 6 ratings,$4.75
AXGN,$3.862,1440090923900,"15,759",Not yet rated,NULL,$5
AXTI,$2.16,1440090924005,"7,830",50% bullish,of 2 ratings,$2.75
BCOM,$19.98,1440090924146,187,100% bearish,of 1 rating,N/A
RILY,$9.8601,1440090924188,505,Not yet rated,NULL,N/A
BOSC,$2.25,1440090924216,"2,414",50% bullish,of 2 ratings,N/A
BIDU,$158.15,1440090924242,"1,738,373",81% bullish,of 88 ratings,$215
BEAV,$49.94,1440090924374,"242,086",67% bearish,of 3 ratings,$59
BCPC,$59.96,1440090924544,"38,297",100% bearish,of 1 rating,$75
BWINB,$23.13,1440090924602,148,Not yet rated,NULL,N/A
BLDP,$1.305,1440090924637,"135,898",91% bullish,of 22 ratings,$2.50
BANF,$61.39,1440090924678,506,Not yet rated,NULL,$68
BOCH,$5.78,1440090924736,"12,190",Not yet rated,NULL,$6.50
BKMU,$7.185,1440090924788,"25,527",Not yet rated,NULL,$8
BWINA,NULL,1440090924817,0,Not yet rated,NULL,N/A
BMRC,$48.75,1440090925072,"3,268",Not yet rated,NULL,$52
BANFP,NULL,1440090925133,0,Not yet rated,NULL,N/A
BOTJ,NULL,1440090925161,0,Not yet rated,NULL,N/A
BKSC,$15.83,1440090925238,800,Not yet rated,NULL,N/A
BFIN,$12,1440090925297,"5,534",Not yet rated,NULL,$13
OZRK,$41.78,1440090925328,"64,502",67% bullish,of 3 ratings,$49.50
BANR,$45.67,1440090925429,"20,065",100% bullish,of 3 ratings,$50
BWFG,$18.25,1440090925518,"1,627",100% bearish,of 1 rating,N/A
TAPR,$30.03,1440090925565,600,100% bearish,of 1 rating,N/A
BHAC,NULL,1440090925593,0,Not yet rated,NULL,N/A
BHACR,NULL,1440090925620,0,Not yet rated,NULL,N/A
BHACU,$10.19,1440090925788,200,Not yet rated,NULL,N/A
BBSI,$34.8599,1440090925849,"41,503",67% bearish,of 3 ratings,$62.50
BZUN,$6.1107,1440090925922,"371,003",50% bullish,of 2 ratings,$13.85
BHACW,NULL,1440090925947,0,Not yet rated,NULL,N/A
BSET,$30.57,1440090926079,"33,684",100% bearish,of 1 rating,$35
BYBK,NULL,1440090926215,0,100% bearish,of 1 rating,N/A
BV,$5.165,1440090926240,"101,706",67% bullish,of 6 ratings,$9
BCBP,$11.68,1440090926316,"4,354",Not yet rated,NULL,N/A
BYLK,$12.96,1440090926378,"1,904",Not yet rated,NULL,$14
BECN,$36.44,1440090926410,"92,934",50% bullish,of 2 ratings,$40
BDCV,$5.04,1440090926442,"8,015",100% bearish,of 1 rating,$10.19
BBCN,$15.19,1440090926468,"67,901",100% bearish,of 1 rating,$16
BSF,$8.85,1440090926511,"3,442",Not yet rated,NULL,N/A
BBGI,$4.8499,1440090926683,100,100% bearish,of 1 rating,N/A
BEBE,$1.83,1440090926709,"28,199",75% bullish,of 4 ratings,$3.075
BBBY,$63.25,1440090926786,"600,892",71% bullish,of 7 ratings,$75
BELFA,NULL,1440090926943,0,100% bearish,of 1 rating,N/A
BELFB,$19.69,1440090927076,"7,764",100% bearish,of 1 rating,N/A
BLCM,$17.63,1440090927112,"63,055",50% bullish,of 4 ratings,$40
BLPH,$5.66,1440090927160,"26,624",100% bearish,of 1 rating,$12.50
BNCL,$12.8,1440090927210,"123,548",100% bullish,of 3 ratings,$12.50
BNTC,$8.22,1440090927235,"76,378",100% bullish,of 1 rating,N/A
BNFT,$37.7,1440090927265,"26,803",67% bullish,of 3 ratings,$46
BGMD,$0.8093,1440090927454,"155,903",100% bullish,of 10 ratings,N/A
BGCP,$9.2664,1440090927485,"255,673",88% bullish,of 8 ratings,$14
BIND,$4.64,1440090927590,"27,787",67% bullish,of 3 ratings,$13.50
ORPN,$5.5,1440090927655,"4,450",100% bullish,of 1 rating,$28.50
BASI,$1.3,1440090927747,"6,406",Not yet rated,NULL,N/A
BGFV,$11.135,1440090927772,"34,481",57% bullish,of 7 ratings,$12
BCRX,$11.77,1440090927966,"133,302",63% bullish,of 8 ratings,$18
BIOC,$2.03,1440090927995,"480,652",83% bullish,of 6 ratings,$3.85
BCDA,NULL,1440090928018,0,Not yet rated,NULL,N/A
BDSI,$6.36,1440090928040,"253,741",88% bullish,of 8 ratings,$17
BIOD,$0.65,1440090928080,"67,501",80% bullish,of 5 ratings,$4
BLFS,$2.08,1440090928190,"11,509",100% bearish,of 1 rating,$4.75
BIIB,$310.475,1440090928252,"384,624",88% bullish,of 16 ratings,$400
BIOL,$1.5,1440090928326,"41,774",Not yet rated,NULL,N/A
BLRX,$1.465,1440090928434,"107,597",100% bullish,of 12 ratings,$5
BMRN,$132.44,1440090928502,"277,160",80% bullish,of 5 ratings,$160
BVXV,$4,1440090928563,"6,358",Not yet rated,NULL,N/A
BVXVW,$0.7051,1440090928592,"3,000",100% bearish,of 1 rating,N/A
BRLI,NULL,1440090928729,0,83% bullish,of 6 ratings,N/A
BIOS,$1.63,1440090928760,"433,516",71% bullish,of 7 ratings,$4
BPTH,$1.18,1440090928782,"6,944",100% bullish,of 2 ratings,$5
BBC,$31,1440090928859,"8,932",Not yet rated,NULL,N/A
BBP,$33.05,1440090928955,"28,280",Not yet rated,NULL,N/A
BOTA,$2.32,1440090929360,"48,266",88% bullish,of 8 ratings,N/A
BSTC,$49.94,1440090929415,"40,715",100% bearish,of 1 rating,$76
TECH,$104.13,1440090929598,"24,125",100% bullish,of 1 rating,$117
BEAT,$12.92,1440090929635,"225,623",67% bearish,of 3 ratings,$15
BSPM,$0.7002,1440090929661,"2,200",50% bullish,of 2 ratings,N/A
BITI,$18.56,1440090929834,"23,125",100% bullish,of 1 rating,$28
BJRI,$46.21,1440090930217,"41,951",50% bullish,of 2 ratings,$55
BDMS,NULL,1440090930243,0,100% bearish,of 1 rating,N/A
BDE,$7.52,1440090930272,"38,951",50% bullish,of 2 ratings,$9
BLKB,$59.89,1440090930298,"41,943",100% bearish,of 2 ratings,$66
BBOX,$15.27,1440090930333,"13,711",100% bearish,of 1 rating,N/A
HAWK,$44.05,1440090930355,"137,391",90% bullish,of 10 ratings,$49
BKCC,$9.3,1440090930435,"51,668",100% bullish,of 2 ratings,$10
BBRY,$7.3664,1440090930760,"2,105,908",61% bullish,of 330 ratings,$9
ADRD,$22.77,1440090930831,"2,138",100% bearish,of 1 rating,N/A
ADRE,$30.25,1440090930860,"4,267",Not yet rated,NULL,N/A
ADRA,$27.77,1440090930962,908,Not yet rated,NULL,N/A
ADRU,$22.5308,1440090930988,208,100% bearish,of 1 rating,N/A
BLMN,$21.14,1440090931018,"286,692",83% bullish,of 6 ratings,$27.50
BLBD,$11.95,1440090931238,"1,800",Not yet rated,NULL,N/A
BCOR,$13.535,1440090931375,"60,185",57% bullish,of 7 ratings,$15
BHBK,$14.2,1440090931411,"19,482",100% bullish,of 1 rating,$14.50
NILE,$34.34,1440090931437,"19,468",50% bullish,of 2 ratings,$34
BLUE,$123.31,1440090931463,"312,301",71% bullish,of 7 ratings,$217.50
BUFF,$26.79,1440090931495,"102,025",83% bullish,of 12 ratings,$31.50
BBLU,$0.8809,1440090931521,"57,479",100% bullish,of 2 ratings,$4.43
BKEP,$6.8999,1440090931654,"22,364",100% bearish,of 1 rating,$8.50
BKEPP,$7.75,1440090931744,"9,900",100% bearish,of 1 rating,N/A
BNCN,$21.54,1440090931875,"21,666",Not yet rated,NULL,$23
BPMC,$26.42,1440090931979,"43,779",50% bullish,of 2 ratings,$47.50
BOBE,$45.19,1440090932040,"25,071",75% bullish,of 4 ratings,$57
WIFI,$8.28,1440090932079,"161,497",50% bullish,of 2 ratings,$13.50
BOFI,$128.72,1440090932105,"71,455",100% bullish,of 6 ratings,$144
BOJA,$20.9,1440090932141,"99,622",100% bullish,of 1 rating,$30
BOKF,$63.32,1440090932296,"31,528",100% bearish,of 1 rating,$71
BNSO,$1.3816,1440090932357,"3,002",100% bearish,of 1 rating,N/A
BONA,$11.9599,1440090932439,"115,399",75% bullish,of 4 ratings,$8.50
BAMM,$3.2078,1440090932507,"1,958",60% bullish,of 5 ratings,N/A
BPFHP,NULL,1440090932598,0,100% bearish,of 1 rating,N/A
BPFH,$12.27,1440090932627,"151,668",100% bearish,of 1 rating,$14
EPAY,$26.14,1440090932653,"45,467",100% bearish,of 2 ratings,$30
BPFHW,NULL,1440090932682,0,100% bearish,of 1 rating,N/A
BDBD,$8.48,1440090932813,"240,566",60% bullish,of 5 ratings,$10
BCLI,$3.0399,1440090932991,"37,089",80% bullish,of 5 ratings,$12
BBEPP,$13.5099,1440090933037,"17,311",100% bearish,of 1 rating,N/A
BBEP,$2.33,1440090933065,"894,638",69% bullish,of 13 ratings,$5.625
BDGE,$27.42,1440090933129,"5,405",Not yet rated,NULL,$31.75
BBRG,$12.99,1440090933195,"16,647",67% bullish,of 3 ratings,$14.50
BLIN,$1.33,1440090933264,"19,477",50% bullish,of 2 ratings,$2.20
BRID,NULL,1440090933296,0,100% bearish,of 1 rating,N/A
BCOV,$5.27,1440090933325,"51,028",67% bullish,of 3 ratings,$10.20
BRCM,$50,1440090933400,"1,545,998",75% bullish,of 12 ratings,$56
BSFT,$31.76,1440090933502,"43,564",57% bullish,of 7 ratings,$40.50
BVSN,$5.932,1440090933531,"1,608",60% bearish,of 5 ratings,N/A
BWEN,$3.4,1440090933719,"18,411",100% bullish,of 3 ratings,$8
BYFC,$1.49,1440090933748,"13,810",50% bullish,of 2 ratings,N/A
BRCD,$9.88,1440090933791,"2,579,878",92% bullish,of 13 ratings,$12.50
BRKL,$10.85,1440090933887,"42,156",100% bearish,of 1 rating,$10.75
BRKR,$19.61,1440090934062,"302,886",100% bearish,of 2 ratings,$22
BLMT,$20.84,1440090934101,"3,042",Not yet rated,NULL,N/A
BSQR,$6.48,1440090934167,"53,433",67% bullish,of 3 ratings,N/A
BRKS,$10.55,1440090934199,"50,915",67% bullish,of 3 ratings,$15.25
BMTC,$29.49,1440090934228,"9,298",Not yet rated,NULL,$34
BWLD,$193.92,1440090934256,"111,429",82% bullish,of 11 ratings,$205
BUR,$1.99,1440090934298,816,100% bearish,of 1 rating,$8
BLDR,$15.06,1440090934427,"493,917",50% bullish,of 2 ratings,$22
CFFI,NULL,1440090934528,0,100% bearish,of 1 rating,N/A
CHRW,$69.65,1440090934554,"484,076",Not yet rated,NULL,$72
CCMP,$44.4,1440090934685,"25,126",50% bullish,of 2 ratings,$59
CA,$28.44,1440090934715,"620,591",50% bullish,of 4 ratings,$33
CDNS,$20.65,1440090934815,"498,258",75% bullish,of 4 ratings,$22.50
CDZI,$7.42,1440090934871,"8,383",100% bearish,of 1 rating,N/A
CACQ,$7.31,1440090934898,"10,905",100% bearish,of 1 rating,$12.25
CSTE,$43.64,1440090934969,"433,643",100% bearish,of 1 rating,$65
CZR,$7.06,1440090934994,"365,034",60% bearish,of 5 ratings,$10.50
CLMS,$11.72,1440090935144,"13,066",Not yet rated,NULL,$10.50
CLBS,$1.368,1440090935175,"57,382",79% bullish,of 14 ratings,$4
CHY,$11.789,1440090935221,"112,995",Not yet rated,NULL,N/A
PRSS,$4.35,1440090935247,"3,805",80% bullish,of 5 ratings,$4.50
CHI,$10.98,1440090935385,"72,329",100% bearish,of 1 rating,N/A
CCD,$20.7,1440090935434,"29,100",Not yet rated,NULL,N/A
CFGE,NULL,1440090935525,0,Not yet rated,NULL,N/A
CHW,$7.85,1440090935593,"126,907",100% bearish,of 1 rating,N/A
CSQ,$10.24,1440090935725,"170,780",Not yet rated,NULL,N/A
CAMP,$15.88,1440090935773,"104,833",88% bullish,of 8 ratings,$25
CVGW,$54.47,1440090935807,"57,947",50% bullish,of 2 ratings,$58.50
CFNB,NULL,1440090935857,0,100% bearish,of 1 rating,N/A
CALA,$5.11,1440090935903,"141,963",100% bullish,of 3 ratings,$19.50
CGO,$12.48,1440090935933,"14,085",100% bearish,of 1 rating,N/A
CALM,$50.3292,1440090936037,"149,511",80% bullish,of 5 ratings,$65
CALD,$15.74,1440090936110,"66,316",100% bearish,of 1 rating,$20.50
CLMT,$26.282,1440090936175,"66,341",75% bullish,of 8 ratings,$31
CAMB,$9.95,1440090936278,400,Not yet rated,NULL,N/A
ABCD,$4.8,1440090936308,"40,855",83% bullish,of 6 ratings,N/A
CAMBU,NULL,1440090936410,0,100% bearish,of 1 rating,N/A
CAMBW,NULL,1440090936438,0,Not yet rated,NULL,N/A
CAC,$39.765,1440090936655,"1,596",Not yet rated,NULL,N/A
CAMT,$2.8,1440090936707,"16,370",73% bullish,of 11 ratings,$4
CPHC,$10.53,1440090936743,196,100% bearish,of 1 rating,N/A
CSIQ,$19.16,1440090936785,"1,817,690",86% bullish,of 28 ratings,$45
CGIX,$9.87,1440090936817,"14,940",67% bullish,of 3 ratings,$14.375
CBNJ,$10.87,1440090936838,900,100% bullish,of 1 rating,N/A
CPLA,$48.28,1440090936918,"24,097",50% bullish,of 2 ratings,$65
CBF,$30.06,1440090936973,"38,866",Not yet rated,NULL,$32
CCBG,$15.1,1440090937131,"3,265",Not yet rated,NULL,$17.25
CPLP,$6.9028,1440090937271,"312,716",71% bullish,of 7 ratings,$11
CSWC,$47.9,1440090937321,"6,199",Not yet rated,NULL,N/A
CPTA,$14.67,1440090937356,"28,563",Not yet rated,NULL,$18.50
CAPN,$2.289,1440090937449,"126,144",100% bullish,of 1 rating,$10.85
CAPNW,$0.76,1440090937551,"3,300",Not yet rated,NULL,N/A
CAPR,$3.97,1440090937682,"13,713",Not yet rated,NULL,$12
CFFN,$12.05,1440090937712,"107,395",Not yet rated,NULL,$12.75
CPST,$0.385,1440090937823,"343,051",95% bullish,of 22 ratings,$1
CARA,$21.29,1440090937857,"132,443",50% bullish,of 4 ratings,$25
CBYL,$6.93,1440090937879,"14,208",100% bearish,of 1 rating,$20
CRDC,$0.39,1440090937927,"13,563",100% bullish,of 1 rating,$1.25
CFNL,$22.71,1440090937957,"39,695",Not yet rated,NULL,$24
CARB,$11.27,1440090938065,"34,921",75% bullish,of 4 ratings,$12
CRME,$9.35,1440090938199,"16,582",89% bullish,of 9 ratings,$11.25
CSII,$24.0699,1440090938273,"79,659",100% bearish,of 2 ratings,$42.125
CECO,$3.625,1440090938364,"85,000",67% bearish,of 3 ratings,$6
CDNA,$6.3694,1440090938494,"1,900",100% bearish,of 1 rating,$9
CKEC,$22.26,1440090938523,"66,462",50% bullish,of 2 ratings,$35.915
CLBH,NULL,1440090938550,0,Not yet rated,NULL,$16.50
CTRE,$11.98,1440090938580,"160,607",50% bullish,of 2 ratings,N/A
CATM,$35.25,1440090938682,"148,809",100% bearish,of 1 rating,$44
CARO,$15.43,1440090938716,"8,733",100% bearish,of 1 rating,$19
CART,$5.45,1440090938846,"2,256",100% bearish,of 1 rating,N/A
CRZO,$33.37,1440090938874,"172,667",67% bearish,of 3 ratings,$57
CRTN,$2.71,1440090938908,100,100% bearish,of 1 rating,N/A
TAST,$12.37,1440090939009,"80,840",Not yet rated,NULL,$14.25
CARV,$6.04,1440090939034,317,50% bullish,of 2 ratings,N/A
CACB,$5.53,1440090939170,"21,833",Not yet rated,NULL,$5.50
CASM,$1.091,1440090939305,"36,048",100% bullish,of 1 rating,$3.50
CSCD,$14.3699,1440090939332,"37,094",100% bullish,of 2 ratings,$17
CWST,$6.36,1440090939391,"24,301",50% bullish,of 2 ratings,$7
CASI,$1.49,1440090939461,"7,980",100% bullish,of 1 rating,$3.50
CASY,$107.36,1440090939487,"75,091",50% bullish,of 2 ratings,$99.50
CASS,$49.59,1440090939649,"5,008",100% bearish,of 1 rating,N/A
CPRX,$3.629,1440090939674,"413,910",71% bullish,of 7 ratings,$7
CATY,$30.74,1440090939723,"110,068",100% bearish,of 1 rating,$33.50
CATYW,NULL,1440090939807,0,100% bearish,of 1 rating,N/A
CATB,$11.7801,1440090939857,"6,807",100% bearish,of 1 rating,$28
CVCO,$73.5,1440090939986,"5,886",100% bearish,of 1 rating,N/A
CBFV,$20.45,1440090940035,"2,573",Not yet rated,NULL,N/A
CAVM,$68.59,1440090940057,"123,283",67% bearish,of 3 ratings,$72
CNLM,$9.98,1440090940878,200,Not yet rated,NULL,N/A
CNLMR,NULL,1440090940908,0,Not yet rated,NULL,N/A
CNLMU,$10.4,1440090940934,100,100% bullish,of 1 rating,N/A
CBOE,$63.535,1440090940983,"111,968",Not yet rated,NULL,$60
CDK,$48.25,1440090941010,"150,928",67% bearish,of 3 ratings,$50
CNLMW,NULL,1440090941076,0,Not yet rated,NULL,N/A
CECE,$9.68,1440090941139,"63,906",50% bullish,of 2 ratings,$16
CDW,$39.03,1440090941165,"187,998",75% bullish,of 4 ratings,$44
CPXX,$2.1395,1440090941298,"23,995",100% bullish,of 2 ratings,$7
CELG,$126.31,1440090941332,"1,349,411",92% bullish,of 13 ratings,$155.50
CLDX,$13.8768,1440090941403,"645,455",89% bullish,of 9 ratings,$36
CELGZ,$1.81,1440090941437,"16,649",80% bullish,of 5 ratings,N/A
CLRB,$3.08,1440090941459,500,100% bearish,of 1 rating,N/A
CLRBW,NULL,1440090941495,0,Not yet rated,NULL,N/A
CLDN,$1.05,1440090941602,"83,523",71% bullish,of 7 ratings,$3
CLLS,$30.5,1440090941630,"53,025",75% bullish,of 4 ratings,$51.50
CLSN,$2.07,1440090941880,"20,344",80% bullish,of 10 ratings,$7.50
CBMG,$21.57,1440090941931,"56,133",50% bullish,of 2 ratings,N/A
CYAD,$53.29,1440090941963,"1,418",100% bullish,of 1 rating,$87.50
CEMP,$36.065,1440090942061,"318,648",71% bullish,of 7 ratings,$52
CETX,$2.5325,1440090942096,"7,752",Not yet rated,NULL,$5.60
CLTX,$2.27,1440090942146,"5,119,809",100% bullish,of 2 ratings,N/A
CFBK,$1.372,1440090942190,100,Not yet rated,NULL,N/A
CETV,$2,1440090942222,"30,218",67% bullish,of 3 ratings,$2.80
CENT,$12.1567,1440090942323,"15,437",Not yet rated,NULL,$10
CSFL,$14.02,1440090942409,"51,102",Not yet rated,NULL,$15
CVCY,NULL,1440090942457,0,Not yet rated,NULL,$12
CENTA,$12.85,1440090942590,"29,369",Not yet rated,NULL,N/A
CENX,$5.28,1440090942618,"950,776",67% bullish,of 6 ratings,$9
CNBKA,$41.1,1440090942644,34,100% bullish,of 1 rating,N/A
CNTY,$6.2653,1440090942793,"5,468",80% bullish,of 5 ratings,$7.75
CPHD,$47.95,1440090942872,"112,844",50% bullish,of 2 ratings,$66.50
CRNT,$1.43,1440090942899,"60,552",50% bullish,of 2 ratings,$2
CERE,$1.23,1440090942951,"239,724",88% bullish,of 8 ratings,N/A
CERS,$4.9125,1440090943082,"144,796",75% bullish,of 4 ratings,$7
CERU,$3.3496,1440090943110,"11,075",75% bullish,of 4 ratings,$15
CERN,$63.63,1440090943137,"363,896",67% bullish,of 3 ratings,$79
KOOL,$0.6866,1440090943244,"3,670",100% bullish,of 5 ratings,$7
HOTR,$1.3,1440090943328,"137,266",100% bullish,of 2 ratings,$5
CEVA,$18.7,1440090943409,"14,088",100% bearish,of 1 rating,$25
CYOU,$20,1440090943440,"175,131",50% bullish,of 6 ratings,$24
CTHR,$1.206,1440090943516,"80,663",50% bullish,of 2 ratings,$2.50
HOTRW,$0.1399,1440090943542,"4,399",Not yet rated,NULL,N/A
GTLS,$23.01,1440090943672,"79,440",50% bullish,of 4 ratings,$40
CHTR,$183.3,1440090943745,"405,074",100% bearish,of 2 ratings,$196
CHFN,$12.47,1440090943779,"2,322",Not yet rated,NULL,$14
CHKP,$79.87,1440090943805,"327,826",50% bullish,of 4 ratings,$92
CHEKW,NULL,1440090943874,0,Not yet rated,NULL,N/A
CHEK,$3.08,1440090944054,38,Not yet rated,NULL,$7.75
CHFC,$32.12,1440090944112,"24,141",100% bearish,of 1 rating,$36
CCXI,$7,1440090944142,"20,291",67% bullish,of 3 ratings,$14
CEMI,$4.41,1440090944164,"8,918",50% bullish,of 2 ratings,$7.50
CHMG,$26.6,1440090944200,"3,212",Not yet rated,NULL,$30
CHEV,$14.67,1440090944293,400,Not yet rated,NULL,N/A
CHKE,$26.14,1440090944426,"3,161",100% bearish,of 1 rating,$32.50
CHMA,$25.8,1440090944553,"49,849",Not yet rated,NULL,$40
CBNK,$16.52,1440090944582,100,100% bearish,of 1 rating,N/A
PLCE,$60.43,1440090944613,"123,449",100% bearish,of 1 rating,$71
CMRX,$48.42,1440090944658,"49,245",50% bullish,of 2 ratings,$57
CADC,NULL,1440090944714,0,78% bullish,of 9 ratings,N/A
CAAS,$6.69,1440090944846,"8,756",93% bullish,of 14 ratings,$11.50
CALI,$0.916,1440090944936,"4,592",67% bullish,of 3 ratings,N/A
CBPO,$101.65,1440090945040,"56,536",75% bullish,of 8 ratings,$140.50
CBAK,$2.04,1440090945074,"33,326",67% bullish,of 9 ratings,N/A
JRJC,$4.2,1440090945105,"24,097",82% bullish,of 11 ratings,N/A
CCCL,$0.86,1440090945127,"1,972",100% bullish,of 6 ratings,N/A
CCCR,$0.8,1440090945179,"11,457",67% bearish,of 3 ratings,N/A
HGSH,NULL,1440090945256,0,67% bullish,of 3 ratings,N/A
CHOP,$1.23,1440090945411,"4,600",50% bullish,of 2 ratings,N/A
CJJD,$2.02,1440090945571,"9,763",100% bullish,of 1 rating,N/A
CHLN,$1.86,1440090945602,"16,408",67% bullish,of 3 ratings,N/A
CNIT,$1.61,1440090945661,"63,172",67% bullish,of 6 ratings,N/A
HTHT,$25.86,1440090945712,"17,145",50% bullish,of 2 ratings,$28
CREG,$0.7516,1440090945738,"8,926",100% bullish,of 3 ratings,N/A
CHNR,NULL,1440090945760,0,100% bearish,of 1 rating,N/A
CSUN,$1.3982,1440090945793,"11,789",80% bullish,of 5 ratings,N/A
CPGI,$6.7065,1440090945958,140,Not yet rated,NULL,N/A
CNTF,$0.92,1440090946094,"22,200",Not yet rated,NULL,N/A
CXDC,$6.21,1440090946190,"23,802",67% bullish,of 3 ratings,N/A
CNYD,NULL,1440090946219,0,67% bullish,of 3 ratings,N/A
CCIH,$8.76,1440090946241,"50,992",67% bullish,of 6 ratings,$12.65
IMOS,$15.37,1440090946375,"75,999",60% bullish,of 5 ratings,$21.50
CNET,$0.8465,1440090946402,"22,597",50% bullish,of 2 ratings,N/A
CHSCM,$26.22,1440090946478,"18,422",Not yet rated,NULL,N/A
CHSCO,$28.4,1440090946536,"1,900",Not yet rated,NULL,N/A
CHSCL,$27.0007,1440090946563,"11,283",Not yet rated,NULL,N/A
CHSCP,$30.3,1440090946636,"3,631",Not yet rated,NULL,N/A
CHDN,$133.53,1440090946778,"30,799",Not yet rated,NULL,$165
CHSCN,$27.2401,1440090946806,"1,624",Not yet rated,NULL,N/A
CDTX,$14.15,1440090946833,"14,668",Not yet rated,NULL,$22
CHUY,$31.798,1440090946964,"62,382",50% bullish,of 2 ratings,$34
CIFC,$7.09,1440090947057,"1,160",Not yet rated,NULL,N/A
CMCT,$15.384,1440090947095,100,100% bearish,of 1 rating,N/A
CMPR,$69.01,1440090947225,"111,180",50% bullish,of 2 ratings,$72.50
CINF,$55.89,1440090947321,"98,779",50% bullish,of 4 ratings,$50.50
CIDM,$0.6549,1440090947351,"48,482",50% bullish,of 2 ratings,$2.10
CPHR,$6.4,1440090947407,"7,153",100% bearish,of 1 rating,$16
CTAS,$86.865,1440090947430,"115,023",100% bearish,of 1 rating,$91
CSCO,$27.135,1440090947456,"8,916,730",84% bullish,of 208 ratings,$32
CRUS,$28.3,1440090947516,"515,404",75% bullish,of 12 ratings,$44.50
CZNC,$19.9,1440090947719,"8,052",Not yet rated,NULL,N/A
CTRN,$27.905,1440090947760,"88,435",100% bearish,of 1 rating,$30.50
CIZN,NULL,1440090947822,0,Not yet rated,NULL,N/A
CTXS,$76.085,1440090947848,"250,131",86% bullish,of 7 ratings,$80
CZWI,NULL,1440090947874,0,Not yet rated,NULL,N/A
CZFC,$12.75,1440090947921,700,Not yet rated,NULL,N/A
CHCO,$47.54,1440090948137,"17,079",Not yet rated,NULL,$46
CDTI,$1.56,1440090948227,"58,058",75% bullish,of 4 ratings,$3.20
CLNE,$4.2,1440090948256,"362,293",80% bullish,of 15 ratings,$9
CIVB,$10.3,1440090948292,"2,800",Not yet rated,NULL,$11
CIVBP,NULL,1440090948323,0,Not yet rated,NULL,N/A
CLRO,$12.25,1440090948392,"5,027",50% bullish,of 2 ratings,$14.25
CLNT,$1.81,1440090948414,"7,354",75% bullish,of 8 ratings,N/A
CLFD,$17.21,1440090948444,"39,767",67% bullish,of 3 ratings,$18
CLIR,$5.1853,1440090948651,"19,427",100% bullish,of 3 ratings,N/A
CBLI,$3.99,1440090948728,"7,821",60% bullish,of 5 ratings,N/A
CSBK,$13.71,1440090948782,"21,431",Not yet rated,NULL,N/A
CLVS,$74.23,1440090948828,"152,273",60% bullish,of 5 ratings,$101.50
CME,$96.6,1440090948986,"376,962",67% bullish,of 3 ratings,$102
CCNE,$17.265,1440090949022,"1,364",50% bullish,of 2 ratings,$21.50
CMFN,$11.69,1440090949044,"7,729",100% bearish,of 1 rating,$15.50
CISG,$8.24,1440090949118,"75,331",100% bullish,of 5 ratings,$10
COBZ,$12.97,1440090949340,"46,465",100% bullish,of 1 rating,$14
COKE,$157.875,1440090949370,"15,058",79% bullish,of 19 ratings,N/A
CWAY,$11.45,1440090949443,"5,300",Not yet rated,NULL,N/A
CNV,$4.6,1440090949506,"66,937",50% bullish,of 2 ratings,$7.15
CDRB,$11.845,1440090949607,"2,496",67% bullish,of 3 ratings,N/A
CVLY,NULL,1440090949640,0,Not yet rated,NULL,N/A
CDXS,$3.99,1440090949706,"17,455",64% bullish,of 11 ratings,$6
JVA,$4.6764,1440090949742,"4,554",83% bullish,of 6 ratings,$7
CCOI,$29.13,1440090949923,"81,419",50% bullish,of 4 ratings,$35
CGNT,$1.633,1440090949955,"12,021",100% bullish,of 2 ratings,$2
CGNX,$36.57,1440090950055,"181,525",50% bullish,of 2 ratings,$47
CTSH,$65.92,1440090950116,"1,166,975",90% bullish,of 10 ratings,$74.50
COHR,$57.87,1440090950186,"28,042",50% bullish,of 2 ratings,$72
CHRS,$29.36,1440090950257,"42,418",67% bearish,of 3 ratings,$37
COHU,$9.68,1440090950390,"26,805",100% bearish,of 1 rating,$14.25
COLL,$14.55,1440090950422,"21,244",100% bearish,of 1 rating,$26
CLRX,$0.51,1440090950443,"17,077",50% bullish,of 2 ratings,N/A
CLCT,$19,1440090950521,"3,081",100% bearish,of 1 rating,N/A
CIGI,$45.84,1440090950697,"3,700",100% bearish,of 1 rating,$52
CBAN,$8.76,1440090950722,705,Not yet rated,NULL,N/A
CLCD,$7.7,1440090950871,"6,910",100% bearish,of 1 rating,$20.50
COLM,$64.1,1440090951006,"34,224",100% bearish,of 1 rating,$71
COLB,$31.99,1440090951033,"93,774",Not yet rated,NULL,$36
CMCO,$19.96,1440090951055,"155,946",60% bullish,of 5 ratings,$28
CMCSA,$58.165,1440090951190,"5,140,397",66% bullish,of 35 ratings,$69.50
CBMX,$1.1674,1440090951243,"5,080",83% bullish,of 6 ratings,$3.15
CMCSK,$58.735,1440090951276,"1,338,292",Not yet rated,NULL,$84
CBSH,$46.06,1440090951371,"83,820",50% bullish,of 2 ratings,$46
CBSHP,$25.201,1440090951565,"2,992",100% bearish,of 1 rating,N/A
COMM,$30.68,1440090951651,"297,671",67% bearish,of 3 ratings,$35
CVGI,$4.62,1440090951721,"29,477",50% bullish,of 2 ratings,$6
CUBN,NULL,1440090951785,0,Not yet rated,NULL,N/A
CSAL,$21.85,1440090951818,"153,110",75% bullish,of 4 ratings,$30
JCS,$9.31,1440090951884,"5,100",67% bullish,of 3 ratings,N/A
ESXB,$5.1,1440090951974,"33,502",Not yet rated,NULL,N/A
CYHHZ,$0.011,1440090952106,"12,449",100% bullish,of 1 rating,N/A
CTBI,$34.76,1440090952309,"3,803",Not yet rated,NULL,$36
CWBC,$6.752,1440090952363,200,Not yet rated,NULL,N/A
COB,$10.59,1440090952442,"1,900",100% bullish,of 1 rating,$11.75
CIZ,$34.0754,1440090952474,"4,910",100% bearish,of 1 rating,N/A
CVLT,$36.87,1440090952504,"74,303",75% bullish,of 4 ratings,$44.50
CIL,$34.44,1440090952524,"1,400",Not yet rated,NULL,N/A
CSA,NULL,1440090952584,0,Not yet rated,NULL,N/A
CID,$34.7,1440090952719,"10,500",Not yet rated,NULL,N/A
CSF,$38.02,1440090952861,175,100% bearish,of 1 rating,N/A
CDC,$36.137,1440090952922,442,Not yet rated,NULL,N/A
CFO,$36.8499,1440090952995,"3,727",100% bearish,of 1 rating,N/A
CFA,$37.15,1440090953053,200,100% bearish,of 1 rating,N/A
CDL,NULL,1440090953127,0,Not yet rated,NULL,N/A
CSB,$34.01,1440090953377,"2,380",Not yet rated,NULL,N/A
CPSI,$45.46,1440090953413,"10,879",100% bearish,of 1 rating,$45.50
CMTL,$26.78,1440090953514,"10,923",100% bearish,of 2 ratings,$37
CGEN,$5.1471,1440090953542,"92,435",50% bullish,of 2 ratings,$11
CTG,$6.72,1440090953576,"7,818",100% bearish,of 1 rating,$8.50
CHCI,$0.612,1440090953605,"9,605",50% bullish,of 2 ratings,N/A
SCOR,$60.96,1440090953632,"174,376",100% bearish,of 1 rating,$66
CNAT,$4.27,1440090953678,"21,075",83% bullish,of 6 ratings,$13
CNSI,$18.96,1440090953779,"9,048",100% bearish,of 2 ratings,$29
CNCE,$15.61,1440090953933,"106,547",75% bullish,of 4 ratings,$22
CXRX,$76.51,1440090954039,"1,262",Not yet rated,NULL,$90
CDORO,NULL,1440090954168,0,100% bearish,of 1 rating,N/A
CDOR,$1.46,1440090954223,"3,012",100% bullish,of 1 rating,N/A
CFMS,$21.97,1440090954266,"57,586",Not yet rated,NULL,$27
CCUR,$5.11,1440090954294,"2,859",75% bullish,of 4 ratings,N/A
CNMD,$55.85,1440090954322,"11,118",Not yet rated,NULL,$59
CDORP,NULL,1440090954366,0,100% bearish,of 1 rating,N/A
CNOB,$20.2,1440090954462,"8,228",100% bullish,of 1 rating,$23.50
CNFR,$10.4,1440090954498,"14,960",Not yet rated,NULL,N/A
CTWS,$34.9,1440090954629,"6,356",100% bearish,of 1 rating,$44
CNSL,$20.04,1440090954768,"46,421",100% bearish,of 1 rating,$23
CNXR,$6.34,1440090954816,"11,650",100% bearish,of 1 rating,$12
CWCO,$11.3116,1440090954841,"27,307",67% bullish,of 3 ratings,$14.50
CONN,$31.87,1440090954870,"105,751",67% bullish,of 3 ratings,$48.50
CTCT,$23.82,1440090955071,"81,628",67% bullish,of 3 ratings,$37
CPSS,$5.64,1440090955120,"9,120",100% bullish,of 1 rating,$10
CFRX,$5.12,1440090955215,"17,725",Not yet rated,NULL,$14
CFRXW,NULL,1440090955287,0,100% bearish,of 1 rating,N/A
CFRXZ,$0.51,1440090955315,400,Not yet rated,NULL,N/A
CTRV,$4.111,1440090955354,"15,887",Not yet rated,NULL,$6.40
CTRL,$7.82,1440090955457,"95,243",50% bullish,of 2 ratings,$11
CRBP,$2.1599,1440090955486,"1,156,554",100% bullish,of 2 ratings,$6.25
CPRT,$35.635,1440090955520,"88,293",67% bearish,of 3 ratings,$40
CORT,$4.835,1440090955669,"92,373",67% bullish,of 3 ratings,$12
BVA,NULL,1440090955818,0,50% bullish,of 2 ratings,N/A
CORE,$63.03,1440090955872,"19,087",100% bearish,of 1 rating,$72
CORI,$10.88,1440090955921,"18,037",100% bearish,of 1 rating,$18
CSOD,$37.45,1440090955979,"193,548",50% bullish,of 2 ratings,$42
COST,$143.56,1440090956117,"414,133",83% bullish,of 24 ratings,$154.50
CSGP,$189.99,1440090956140,"34,079",50% bullish,of 2 ratings,$235
CRVL,$32.86,1440090956167,"2,683",100% bearish,of 1 rating,N/A
COSI,$1.1,1440090956198,"125,492",100% bullish,of 1 rating,N/A
CPAH,$0.4673,1440090956335,"1,750",50% bullish,of 2 ratings,N/A
CVTI,$24.06,1440090956440,"46,765",67% bearish,of 3 ratings,$39
ICBK,NULL,1440090956469,0,Not yet rated,NULL,$21
COVS,$2.715,1440090956496,"42,575",67% bullish,of 3 ratings,N/A
COWN,$5.27,1440090956628,"238,100",75% bullish,of 4 ratings,$7
COWNL,$27.21,1440090956653,"2,400",Not yet rated,NULL,N/A
CPSH,$2.4,1440090956682,"2,700",Not yet rated,NULL,N/A
BREW,$7.8299,1440090956931,"21,326",67% bullish,of 6 ratings,$15
CBRL,$146.79,1440090957025,"70,263",50% bullish,of 2 ratings,$155
CRAI,$22.57,1440090957057,"7,462",Not yet rated,NULL,$36
CRAY,$21.465,1440090957083,"76,364",83% bullish,of 6 ratings,$38.50
GLDI,$11.1,1440090957110,"2,528",100% bearish,of 1 rating,N/A
CACC,$193.3899,1440090957132,"47,566",50% bullish,of 2 ratings,$158.50
SLVO,$10.5599,1440090957161,"4,117",100% bearish,of 1 rating,N/A
CRESY,$10.91,1440090957328,"78,973",100% bearish,of 1 rating,$19
CREE,$25.98,1440090957410,"332,285",65% bullish,of 17 ratings,$28.50
CROX,$14.68,1440090957551,"254,018",63% bullish,of 8 ratings,$16.50
CRTO,$45.53,1440090957638,"280,443",67% bullish,of 6 ratings,$64
CCRN,$14.78,1440090957663,"100,315",100% bearish,of 1 rating,$14.25
CRDS,$1.06,1440090957710,"21,600",50% bullish,of 4 ratings,$4.50
CRWN,$4.685,1440090957843,"61,826",75% bullish,of 4 ratings,N/A
CRWS,$8.08,1440090957914,665,Not yet rated,NULL,$10
CYRX,$3.09,1440090957941,"8,838",Not yet rated,NULL,$9
CYRXW,$0.95,1440090957970,"10,300",Not yet rated,NULL,N/A
CSGS,$31.7,1440090957996,"36,024",Not yet rated,NULL,$40
CTCM,$1.735,1440090958130,"129,536",80% bearish,of 5 ratings,$3.90
CCLP,$14.8516,1440090958157,"15,444",67% bearish,of 3 ratings,$21
CSPI,$6.17,1440090958179,855,67% bullish,of 3 ratings,N/A
CTIB,$3.54,1440090958432,"2,475",100% bearish,of 1 rating,N/A
CTIC,$1.645,1440090958458,"818,801",84% bullish,of 76 ratings,$5.75
CTRP,$64.03,1440090958484,"1,193,984",75% bullish,of 8 ratings,$92
CUNB,$22.15,1440090958647,"3,190",Not yet rated,NULL,$24.50
CUI,$5.3,1440090958778,"34,620",50% bullish,of 2 ratings,$10
CPIX,$5.86,1440090958805,"3,789",Not yet rated,NULL,N/A
CRIS,$2.61,1440090958827,"124,604",100% bullish,of 8 ratings,$6
CMLS,$1.21,1440090958864,"306,043",50% bullish,of 4 ratings,$6
CUTR,$14.62,1440090958957,"10,321",67% bearish,of 3 ratings,$18
CYAN,$7.5399,1440090958992,"3,690",100% bearish,of 1 rating,N/A
CVBF,$16.83,1440090959041,"144,101",Not yet rated,NULL,$18
CVV,$11.92,1440090959090,"21,701",100% bullish,of 5 ratings,N/A
CYBR,$56.52,1440090959290,"914,215",86% bullish,of 7 ratings,$66
CYBX,$64.17,1440090959330,"379,454",50% bullish,of 4 ratings,$70
CYBE,$5.9399,1440090959368,"7,178",100% bearish,of 1 rating,N/A
CYCC,$0.591,1440090959498,"31,012",73% bullish,of 11 ratings,N/A
CBAY,$2.6731,1440090959582,"32,596",100% bullish,of 1 rating,$4
CYNA,$16.01,1440090959635,"15,207",100% bullish,of 1 rating,$31.50
CYCCP,NULL,1440090959663,0,100% bearish,of 1 rating,N/A
CY,$9.535,1440090959714,"2,385,979",80% bullish,of 10 ratings,$15.50
CYNO,$33.09,1440090959893,"46,802",67% bearish,of 3 ratings,$45.50
CYTK,$6.36,1440090959921,"87,093",71% bullish,of 14 ratings,$13.50
CYRN,$1.725,1440090959994,"55,091",67% bullish,of 3 ratings,$4
CONE,$33.6835,1440090960059,"135,342",67% bearish,of 3 ratings,$35
CYTX,$0.395,1440090960229,"361,781",83% bullish,of 12 ratings,$5.50
CYTR,$2.27,1440090960337,"144,514",67% bullish,of 6 ratings,$10
CTSO,$7.14,1440090960364,"40,645",Not yet rated,NULL,$15.625
DAEG,$0.33,1440090960443,"13,173",100% bearish,of 1 rating,N/A
TVIX,$6.71,1440090960581,"6,776,459",81% bullish,of 16 ratings,N/A
XIV,$43.5889,1440090960687,"8,662,637",75% bearish,of 4 ratings,N/A
ZIV,$48,1440090960718,"49,453",Not yet rated,NULL,N/A
DJCO,$205.8,1440090960816,200,Not yet rated,NULL,N/A
DARA,$0.89,1440090960846,"19,322",83% bullish,of 6 ratings,$1.50
DAKT,$11.83,1440090960944,"94,571",50% bullish,of 2 ratings,$14
TVIZ,$13.6,1440090960981,200,100% bearish,of 1 rating,N/A
DAIO,$2.6699,1440090961079,"21,180",Not yet rated,NULL,N/A
DTLK,$5.4,1440090961105,"39,749",100% bearish,of 1 rating,$9
DRAM,$1.43,1440090961309,"1,012",78% bullish,of 9 ratings,N/A
PLAY,$34.95,1440090961335,"109,301",100% bullish,of 5 ratings,$42
DWCH,$5.25,1440090961465,"27,003",75% bullish,of 4 ratings,$8.25
DTEA,$11.99,1440090961659,"47,831",100% bearish,of 2 ratings,$24
DBVT,$40.752,1440090961716,"29,322",100% bearish,of 1 rating,$53
DWSN,$4.385,1440090961744,"6,130",67% bullish,of 3 ratings,$6
DFRG,$14.83,1440090961817,"33,889",100% bearish,of 1 rating,$20
TRAK,$62.98,1440090961842,"652,827",50% bullish,of 2 ratings,$62.50
DHRM,$1.8595,1440090961891,"5,738",Not yet rated,NULL,N/A
TACO,$13.28,1440090961919,"59,089",100% bullish,of 3 ratings,$20
DCTH,$0.4985,1440090962095,"89,723",78% bullish,of 9 ratings,N/A
TACOW,$4.43,1440090962193,"5,233",100% bullish,of 1 rating,N/A
DGAS,$20.25,1440090962244,"7,258",67% bearish,of 3 ratings,N/A
DELT,$2.77,1440090962269,"3,668",Not yet rated,NULL,N/A
DELTW,NULL,1440090962298,0,Not yet rated,NULL,N/A
DENN,$12.145,1440090962324,"130,866",100% bullish,of 3 ratings,$15
XRAY,$55.81,1440090962574,"95,236",100% bullish,of 1 rating,$58
DSCI,$6.38,1440090962679,"19,246",50% bullish,of 2 ratings,$16
DEST,$11.787,1440090962716,"13,945",50% bullish,of 2 ratings,N/A
DEPO,$30.23,1440090962747,"308,814",60% bullish,of 5 ratings,$29
DXLG,$4.72,1440090962769,"10,888",100% bearish,of 1 rating,$8
DSWL,NULL,1440090962804,0,100% bullish,of 1 rating,N/A
DERM,$24.135,1440090962847,"48,982",100% bearish,of 1 rating,$33.50
DXM,$0.313,1440090962905,"64,527",50% bullish,of 2 ratings,N/A
DXCM,$90.99,1440090963215,"349,846",57% bullish,of 7 ratings,$98
DHXM,NULL,1440090963245,0,Not yet rated,NULL,N/A
DHIL,$191.58,1440090963267,116,Not yet rated,NULL,N/A
DMND,$31.015,1440090963350,"116,785",75% bullish,of 12 ratings,$32
FANG,$70.96,1440090963406,"261,113",50% bullish,of 2 ratings,$86
DRNA,$9.89,1440090963541,"44,613",67% bearish,of 3 ratings,$25
DCIX,$1.79,1440090963572,"14,943",50% bullish,of 4 ratings,$3.50
DMRC,$35.9,1440090963683,"34,765",100% bearish,of 1 rating,$44
DRAD,$4,1440090963711,"6,220",100% bullish,of 1 rating,$5.25
DGII,$10.065,1440090963786,"15,637",100% bearish,of 1 rating,$10
DGLY,$7.08,1440090963815,"63,273",50% bullish,of 6 ratings,$20
DCOM,$17.03,1440090963841,"39,101",100% bearish,of 2 ratings,$16.50
APPS,$2.34,1440090963867,"36,112",100% bearish,of 1 rating,$10.25
DISCA,$27.75,1440090964105,"2,432,666",67% bullish,of 3 ratings,$34
DPRX,$12.18,1440090964132,"71,118",100% bullish,of 2 ratings,$27.75
DIOD,$19.375,1440090964166,"42,853",75% bearish,of 4 ratings,$24
DISCK,$26.71,1440090964261,"2,889,152",100% bearish,of 1 rating,$32
DSCO,$0.44,1440090964292,"71,357",83% bullish,of 6 ratings,$2.75
DISCB,$30.53,1440090964318,50,100% bearish,of 1 rating,$35
DISH,$63.7,1440090964357,"637,738",69% bullish,of 13 ratings,$73
DLTR,$80.72,1440090964719,"563,770",82% bullish,of 11 ratings,$88
DNBF,$26.71,1440090964753,"1,238",Not yet rated,NULL,$27.50
DVCR,$11.15,1440090964775,"6,649",100% bullish,of 1 rating,N/A
BAGR,$3.05,1440090964810,"5,056",100% bearish,of 1 rating,$6
DGICA,$14.41,1440090964832,"3,190",100% bearish,of 1 rating,$17
DLHC,$2.5629,1440090964862,"1,204",100% bearish,of 1 rating,N/A
DGICB,NULL,1440090964921,0,100% bearish,of 1 rating,N/A
DMLP,$13.95,1440090965240,"39,538",100% bearish,of 1 rating,N/A
DRWIW,$0.068,1440090965275,200,Not yet rated,NULL,N/A
HILL,$9.675,1440090965333,"3,739,509",60% bearish,of 5 ratings,$9
DORM,$50.39,1440090965364,"33,031",100% bearish,of 1 rating,$56
DRYS,$0.3471,1440090965394,"1,977,266",77% bullish,of 31 ratings,$.60
DWA,$18.1,1440090965416,"180,530",63% bullish,of 8 ratings,$26
DRWI,$0.2499,1440090965466,"363,272",60% bullish,of 5 ratings,$.45
DSKX,$3.22,1440090965725,"93,540",100% bullish,of 1 rating,N/A
CADT,NULL,1440090965827,0,Not yet rated,NULL,N/A
DSPG,$8.8,1440090965852,"19,645",100% bearish,of 1 rating,$13.50
CADTU,NULL,1440090965889,0,Not yet rated,NULL,N/A
DTSI,$27.13,1440090966076,"26,460",100% bearish,of 2 ratings,$39.50
CADTW,NULL,1440090966111,0,Not yet rated,NULL,N/A
CADTR,NULL,1440090966183,0,Not yet rated,NULL,N/A
DRRX,$2.01,1440090966427,"73,715",50% bullish,of 6 ratings,$3
DXPE,$28.53,1440090966450,"47,192",50% bullish,of 2 ratings,N/A
DNKN,$50.145,1440090966481,"681,025",67% bullish,of 15 ratings,$56.50
BOOM,$10.24,1440090966508,"23,813",67% bullish,of 3 ratings,$12
DYAX,$22.3689,1440090966579,"77,790",89% bullish,of 9 ratings,$30
DYSL,$1.71,1440090966663,"362,704",100% bullish,of 2 ratings,N/A
DYNT,$2.95,1440090966724,"5,539",75% bullish,of 4 ratings,N/A
DVAX,$28.135,1440090966878,"93,751",70% bullish,of 10 ratings,$40
ETFC,$26.655,1440090967033,"849,856",57% bullish,of 14 ratings,$33
EBMT,$11.46,1440090967263,"1,300",Not yet rated,NULL,$13.50
EGBN,$43.62,1440090967589,"22,098",Not yet rated,NULL,$48
EROC,$1.1799,1440090967617,"164,007",50% bullish,of 2 ratings,$3
EGLE,$6.71,1440090967643,"7,300",60% bullish,of 5 ratings,N/A
EWBC,$42.83,1440090967824,"607,786",100% bearish,of 1 rating,$50
ELNK,$8.64,1440090967852,"207,501",60% bullish,of 5 ratings,$9.50
EML,$17.0392,1440090967882,"12,500",Not yet rated,NULL,N/A
EACQU,$10.2,1440090967911,944,Not yet rated,NULL,N/A
EGRX,$65.34,1440090967933,"144,214",67% bullish,of 3 ratings,$97
EBAY,$26.69,1440090968107,"3,536,645",81% bullish,of 117 ratings,$48
EBIX,$29.5,1440090968407,"96,548",69% bullish,of 13 ratings,$40
ECHO,$25.83,1440090968488,"127,425",67% bearish,of 3 ratings,$35.50
ELON,$0.599,1440090968515,"6,919",50% bullish,of 2 ratings,N/A
EVBS,$6.45,1440090968537,886,Not yet rated,NULL,$7
ECTE,$1.49,1440090968559,"1,900",75% bullish,of 4 ratings,N/A
SATS,$45.5,1440090968691,"43,266",50% bullish,of 2 ratings,$60
EEI,$11.29,1440090968833,800,67% bearish,of 3 ratings,N/A
ESES,$3.4,1440090968866,"1,649",100% bearish,of 1 rating,$7
ECACU,$10.09,1440090968904,"13,500",Not yet rated,NULL,N/A
EDAP,$3.4563,1440090968970,"23,521",60% bullish,of 5 ratings,$4.50
EDGW,$7.15,1440090969008,"11,300",100% bearish,of 1 rating,N/A
EDUC,$4.7,1440090969042,"5,966",100% bearish,of 1 rating,N/A
EFUT,$4.2711,1440090969069,"1,000",Not yet rated,NULL,N/A
EGAN,$3.5,1440090969147,"105,300",50% bullish,of 2 ratings,$6.25
EGLT,$11.35,1440090969304,"43,222",50% bullish,of 2 ratings,$21
EHTH,$14.32,1440090969435,"41,225",50% bullish,of 4 ratings,$16.50
LOCO,$12.571,1440090969488,"1,017,962",69% bullish,of 13 ratings,$20
EMITF,$1.299,1440090969619,"3,704",75% bullish,of 4 ratings,N/A
ESLT,$81.336,1440090969655,"2,656",100% bullish,of 2 ratings,N/A
ELRC,$10.26,1440090969681,"7,360",100% bearish,of 1 rating,N/A
EA,$68.6,1440090969723,"1,583,588",77% bullish,of 35 ratings,$80
ERI,$9.4401,1440090969748,"38,846",100% bearish,of 1 rating,$10
ELSE,$4.07,1440090969931,486,60% bullish,of 5 ratings,N/A
ESIO,$4.615,1440090969959,"45,505",50% bullish,of 2 ratings,$10
EFII,$44.18,1440090970091,"38,977",80% bullish,of 5 ratings,$55
ELECU,NULL,1440090970173,0,Not yet rated,NULL,N/A
ELEC,NULL,1440090970199,0,Not yet rated,NULL,N/A
EBIO,$3.18,1440090970221,"419,093",100% bearish,of 2 ratings,$8.35
ELECW,NULL,1440090970252,0,Not yet rated,NULL,N/A
RDEN,$10.63,1440090970537,"34,156",100% bearish,of 4 ratings,$15
CAPX,NULL,1440090970570,0,Not yet rated,NULL,N/A
ESBK,$19.51,1440090970672,"2,700",Not yet rated,NULL,N/A
ELTK,$1.13,1440090970700,"25,248",67% bearish,of 3 ratings,N/A
EMCI,$23.62,1440090970754,"6,000",Not yet rated,NULL,N/A
EMKR,$7.07,1440090970831,"29,688",75% bullish,of 4 ratings,$8.50
EMCF,NULL,1440090970900,0,100% bearish,of 1 rating,N/A
EMMSP,NULL,1440090970999,0,100% bearish,of 1 rating,N/A
LONG,$17.05,1440090971033,"19,151",67% bullish,of 3 ratings,$15.75
EMMS,$1.33,1440090971132,"11,100",67% bullish,of 6 ratings,N/A
NYNY,$4.01,1440090971158,"29,049",50% bullish,of 2 ratings,N/A
ERS,$3.39,1440090971192,"1,385",Not yet rated,NULL,N/A
ECPG,$39.36,1440090971365,"62,776",100% bullish,of 2 ratings,$52
ENTA,$40.75,1440090971450,"54,945",50% bullish,of 2 ratings,$42
ENDP,$81.97,1440090971689,"469,002",50% bullish,of 6 ratings,$104
WIRE,$32.74,1440090971719,"17,548",100% bearish,of 1 rating,$37
ECYT,$5.02,1440090971749,"126,719",83% bullish,of 6 ratings,$12
ELGX,$13.1,1440090971783,"205,090",75% bullish,of 4 ratings,$17
EFOI,$17.2799,1440090971824,"398,320",50% bullish,of 2 ratings,$20.50
EIGI,$15.49,1440090971882,"206,301",67% bearish,of 3 ratings,$20
WATT,$7,1440090971908,"33,066",50% bullish,of 2 ratings,$13
ERII,$2.84,1440090972125,"23,862",80% bullish,of 5 ratings,$2.50
EXXI,$1.625,1440090972156,"484,509",86% bullish,of 7 ratings,$3.50
ENOC,$8.0936,1440090972178,"67,612",75% bullish,of 4 ratings,$18
ENG,$1.022,1440090972212,"17,756",100% bullish,of 3 ratings,N/A
ENFC,$18.1337,1440090972319,"2,684",Not yet rated,NULL,N/A
ENPH,$4.52,1440090972345,"230,459",75% bullish,of 4 ratings,$11
ESGR,$152.17,1440090972373,"8,786",100% bearish,of 1 rating,$185
ENTL,$22.21,1440090972639,"6,209",Not yet rated,NULL,$28
ENTG,$14.02,1440090972687,"76,952",100% bearish,of 1 rating,$18
ETRM,$0.2473,1440090972726,"279,035",69% bearish,of 35 ratings,$1.625
EBTC,$20.62,1440090972821,640,Not yet rated,NULL,N/A
EFSC,$24.64,1440090972852,"10,030",Not yet rated,NULL,$27
EGT,$2.15,1440090972873,"6,725",100% bullish,of 1 rating,N/A
ENZN,$1.1,1440090972962,"209,125",100% bullish,of 9 ratings,N/A
ENZY,$8.99,1440090973106,"4,576",67% bullish,of 3 ratings,$9.50
ENVI,$1.7701,1440090973135,"5,814",67% bullish,of 3 ratings,N/A
EPIQ,$14.01,1440090973275,"34,241",100% bearish,of 1 rating,$18
PLUS,$79.05,1440090973304,"103,112",50% bullish,of 2 ratings,$88
EPZM,$16.35,1440090973349,"56,454",60% bullish,of 5 ratings,$34
EPRS,$4.82,1440090973437,"52,196",82% bullish,of 11 ratings,$15
EQFN,$8.3,1440090973580,"1,200",Not yet rated,NULL,N/A
EQIX,$280.18,1440090973647,"103,318",67% bullish,of 3 ratings,$312.50
EAC,$3.65,1440090973677,"9,179",100% bearish,of 1 rating,$8
ERIC,$9.88,1440090973778,"483,434",63% bullish,of 8 ratings,$13.30
ERIE,$86.68,1440090973940,"4,501",Not yet rated,NULL,$73
ESCR,$0.181,1440090973971,"40,816",50% bullish,of 2 ratings,N/A
ESCA,$18.2632,1440090973997,"3,329",100% bearish,of 1 rating,$22
ESCRP,NULL,1440090974129,0,100% bearish,of 1 rating,N/A
ESMC,$1.3,1440090974155,101,Not yet rated,NULL,N/A
ESPR,$52.56,1440090974233,"853,387",67% bearish,of 9 ratings,$123
ESSA,$12.87,1440090974293,"1,954",100% bearish,of 1 rating,N/A
EPIX,NULL,1440090974326,0,Not yet rated,NULL,N/A
ESND,$35.79,1440090974419,"19,925",50% bullish,of 2 ratings,$40
ESSX,$0.48,1440090974583,"18,600",50% bullish,of 2 ratings,N/A
CLWT,NULL,1440090974609,0,100% bearish,of 1 rating,N/A
ETSY,$14.25,1440090974739,"342,135",80% bullish,of 5 ratings,$16
EEFT,$68.06,1440090974790,"71,091",100% bearish,of 1 rating,$67.50
ESEA,$6.12,1440090974873,"1,922",100% bullish,of 1 rating,$15
EVK,$3.86,1440090974923,"1,312",75% bearish,of 4 ratings,N/A
EVEP,$7.9345,1440090974970,"136,821",50% bullish,of 2 ratings,$15
EVLV,$2.21,1440090975102,"57,915",60% bullish,of 5 ratings,$6.50
EVOK,$4.2599,1440090975207,"141,184",100% bearish,of 1 rating,$13.75
EVOL,$6.25,1440090975337,"7,387",75% bullish,of 4 ratings,$10
EXAS,$21.85,1440090975363,"224,235",78% bullish,of 9 ratings,$31
EXA,$10.67,1440090975392,"5,422",100% bearish,of 1 rating,$13
EXAC,$18.82,1440090975425,"12,273",100% bearish,of 1 rating,$22.50
EXEL,$5.485,1440090975625,"1,260,563",81% bullish,of 16 ratings,$6
EXFO,$2.8999,1440090975770,600,67% bearish,of 3 ratings,$3.95
EXLS,$37.05,1440090975830,"33,934",100% bullish,of 1 rating,$41
EXPE,$118.89,1440090976000,"262,489",64% bullish,of 11 ratings,$130
EXPO,$43.015,1440090976032,"13,275",100% bearish,of 1 rating,$45.50
EXPD,$49.79,1440090976054,"678,395",80% bullish,of 5 ratings,$50.50
ESRX,$88.74,1440090976127,"1,052,633",67% bearish,of 6 ratings,$101
EXLP,$19.1432,1440090976189,"34,079",100% bearish,of 1 rating,$27
EXTR,$2.9,1440090976228,"422,619",80% bullish,of 5 ratings,$3
EYEG,$4.2282,1440090976263,"11,885",Not yet rated,NULL,N/A
EZCH,$21.118,1440090976360,"41,024",75% bullish,of 8 ratings,$19.50
FFIV,$128.25,1440090976589,"274,223",71% bullish,of 7 ratings,$132
EZPW,$6.1,1440090976624,"52,045",50% bullish,of 4 ratings,$7.50
EYEGW,NULL,1440090976719,0,Not yet rated,NULL,N/A
FCS,$13.42,1440090976749,"392,153",67% bearish,of 3 ratings,$17
FB,$91.5,1440090976775,"14,708,930",73% bullish,of 1065 ratings,$111
FRP,$16.78,1440090976851,"13,350",100% bearish,of 1 rating,$18
FWM,$2.33,1440090976994,"67,311",100% bearish,of 2 ratings,$3.20
DAVE,$14.06,1440090977075,"11,304",100% bearish,of 1 rating,$15.50
FALC,$1.6201,1440090977131,"7,982",63% bearish,of 8 ratings,N/A
FARM,$22.49,1440090977159,"6,414",100% bearish,of 1 rating,$35
FFKT,$26.83,1440090977290,"1,778",Not yet rated,NULL,$29
FARO,$39.03,1440090977320,"35,919",50% bullish,of 2 ratings,$48
FAST,$39.615,1440090977342,"505,523",80% bullish,of 5 ratings,$46
FMNB,$8.09,1440090977374,"2,346",Not yet rated,NULL,N/A
FATE,$6.0299,1440090977569,"101,424",50% bullish,of 2 ratings,$11
FBSS,$15.451,1440090977640,163,Not yet rated,NULL,N/A
FBRC,$22.8,1440090977730,"2,625",100% bearish,of 1 rating,$29
FDML,$9.235,1440090977756,"76,865",50% bullish,of 4 ratings,$14
FNHC,$22.45,1440090977902,"20,300",100% bearish,of 1 rating,$35
FEIC,$80.41,1440090977991,"127,408",50% bullish,of 2 ratings,$95.50
FHCO,$1.3948,1440090978037,"13,200",50% bullish,of 4 ratings,N/A
FENX,$9.73,1440090978075,"13,409",100% bullish,of 1 rating,$14.25
FGEN,$24.7,1440090978173,"60,537",100% bearish,of 1 rating,$39
LION,$19.37,1440090978203,"28,951",100% bullish,of 1 rating,$20
FCSC,$5.8,1440090978228,"63,713",100% bearish,of 1 rating,$8.125
ONEQ,$192.68,1440090978262,"10,209",100% bullish,of 1 rating,N/A
FDUS,$14.86,1440090978519,"11,363",100% bullish,of 1 rating,$18
FSAM,$8.8704,1440090978571,"1,232",100% bearish,of 1 rating,$11
FRGI,$53.59,1440090978675,"46,390",50% bullish,of 2 ratings,$70
FSCFL,$24.84,1440090978759,"2,875",Not yet rated,NULL,N/A
FSFR,$9.1,1440090978837,"32,010",100% bearish,of 1 rating,$11.50
FITB,$20.52,1440090978868,"1,864,257",54% bullish,of 13 ratings,$22
FITBI,$27.7443,1440090978930,"2,011",Not yet rated,NULL,N/A
FSC,$6.561,1440090978972,"415,678",75% bullish,of 4 ratings,$8
FNGN,$34.49,1440090978999,"127,475",67% bullish,of 3 ratings,$47
FISI,$24.75,1440090979032,"35,017",100% bullish,of 2 ratings,$24.50
FNSR,$16.01,1440090979136,"520,452",71% bullish,of 7 ratings,$24.50
FNJN,$1.73,1440090979189,"5,972",100% bearish,of 1 rating,$5
FNTC,$9.82,1440090979244,100,Not yet rated,NULL,N/A
FNTCU,NULL,1440090979290,0,Not yet rated,NULL,N/A
FEYE,$40.59,1440090979372,"1,855,649",87% bullish,of 15 ratings,$55.50
FNTCW,NULL,1440090979397,0,Not yet rated,NULL,N/A
FNLC,$18.72,1440090979671,"2,610",100% bullish,of 1 rating,N/A
FBNC,$16.92,1440090979731,"13,257",100% bullish,of 1 rating,$20
FRBA,$6.0499,1440090979914,500,Not yet rated,NULL,$8
FCVA,$4.78,1440090979947,"1,580",Not yet rated,NULL,N/A
FCAP,$27,1440090979976,200,Not yet rated,NULL,N/A
BUSE,$6.33,1440090979999,"26,689",Not yet rated,NULL,$6.875
FCFS,$38.43,1440090980022,"35,784",100% bearish,of 2 ratings,$48
FBIZ,$43.85,1440090980047,"5,574",100% bearish,of 2 ratings,$52
FCNCA,$242.51,1440090980184,"1,138",Not yet rated,NULL,N/A
FCLF,NULL,1440090980379,0,Not yet rated,NULL,N/A
FCCO,$11.9,1440090980427,836,Not yet rated,NULL,$13.25
FCBC,$17.68,1440090980559,"2,792",Not yet rated,NULL,$18
FCFP,$6.824,1440090980587,"1,500",Not yet rated,NULL,N/A
FBNK,$16.36,1440090980613,"1,480",100% bearish,of 1 rating,$17.50
FFIN,$31.04,1440090980799,"41,215",50% bullish,of 2 ratings,$31.75
FDEF,$37.9,1440090980825,"9,543",Not yet rated,NULL,$38
FFBCW,NULL,1440090980956,0,100% bearish,of 1 rating,N/A
FFNW,$12.54,1440090981057,"20,414",Not yet rated,NULL,$14
FFWM,$21.27,1440090981149,"5,316",Not yet rated,NULL,$24
FFBC,$18.98,1440090981179,"42,223",67% bearish,of 3 ratings,$20.25
FFNM,$6.42,1440090981205,100,Not yet rated,NULL,N/A
THFF,$33.26,1440090981236,"3,157",Not yet rated,NULL,$35
FIBK,$27.215,1440090981373,"19,823",Not yet rated,NULL,$32
INBK,$31.7593,1440090981405,"6,314",50% bullish,of 2 ratings,$37
FRME,$25.605,1440090981700,"63,884",Not yet rated,NULL,$26.50
FMBI,$18.02,1440090981901,"85,146",Not yet rated,NULL,$20
FMBH,NULL,1440090981952,0,Not yet rated,NULL,N/A
FNBC,$34.96,1440090982057,"28,646",Not yet rated,NULL,$41.50
FSGI,$2.49,1440090982265,"2,957",Not yet rated,NULL,N/A
FNFG,$9.3801,1440090982336,"803,917",80% bullish,of 5 ratings,$9
FSLR,$48.4689,1440090982364,"616,222",74% bullish,of 39 ratings,$65
FNWB,$12.06,1440090982393,"6,470",Not yet rated,NULL,N/A
FSFG,$31.12,1440090982421,100,Not yet rated,NULL,N/A
FSBK,$7.8501,1440090982644,"3,389",100% bullish,of 1 rating,N/A
BICK,$19.93,1440090982669,400,100% bullish,of 1 rating,N/A
FBZ,NULL,1440090982695,0,Not yet rated,NULL,N/A
FTCS,$37.85,1440090982854,"25,894",Not yet rated,NULL,N/A
FCAN,$24.94,1440090982875,400,Not yet rated,NULL,N/A
FCA,$20.8905,1440090982961,"3,750",Not yet rated,NULL,N/A
FV,$24.04,1440090983065,"715,287",Not yet rated,NULL,N/A
IFV,$18.1,1440090983145,"1,038,860",100% bearish,of 1 rating,N/A
FTSM,$59.938,1440090983227,"5,996",100% bearish,of 1 rating,N/A
FEUZ,$31.383,1440090983255,425,Not yet rated,NULL,N/A
FEMB,$42.01,1440090983315,100,Not yet rated,NULL,N/A
TDIV,$25.21,1440090983418,"99,074",100% bearish,of 1 rating,N/A
MDIV,$19.7005,1440090983486,"85,644",Not yet rated,NULL,N/A
FGM,$35.82,1440090983618,"16,458",Not yet rated,NULL,N/A
FTHI,$20.24,1440090983645,"5,292",Not yet rated,NULL,N/A
FTGC,$22.615,1440090983776,"59,279",Not yet rated,NULL,N/A
HYLS,$49.7152,1440090983801,"10,515",100% bearish,of 1 rating,N/A
FHK,$33.91,1440090983933,"59,541",Not yet rated,NULL,N/A
FPXI,$28.12,1440090983989,825,Not yet rated,NULL,N/A
YDIV,$16.86,1440090984038,"1,800",Not yet rated,NULL,N/A
SKYY,$29.6257,1440090984067,"23,178",100% bullish,of 1 rating,N/A
CU,$13.04,1440090984128,"4,323",100% bearish,of 1 rating,N/A
PLTM,$6.7399,1440090984198,"3,332",100% bearish,of 1 rating,N/A
FJP,$48.15,1440090984334,"58,005",Not yet rated,NULL,N/A
FTLB,NULL,1440090984444,0,100% bearish,of 1 rating,N/A
LMBS,NULL,1440090984474,0,Not yet rated,NULL,N/A
FMB,$51.14,1440090984578,"4,628",Not yet rated,NULL,N/A
CIBR,$18.6811,1440090984805,"79,127",Not yet rated,NULL,N/A
FONE,$35.3,1440090984831,"1,749",Not yet rated,NULL,N/A
QABA,$38.44,1440090984861,"19,877",100% bearish,of 1 rating,N/A
GRID,$32.3901,1440090984999,100,100% bearish,of 1 rating,N/A
QCLN,$15.31,1440090985028,"11,611",Not yet rated,NULL,N/A
RDVY,$22.0599,1440090985071,"1,646",Not yet rated,NULL,N/A
CARZ,$35.8184,1440090985097,"1,457",100% bearish,of 1 rating,N/A
QQXT,$41.8644,1440090985296,"1,381",Not yet rated,NULL,N/A
AIRR,$16.521,1440090985587,"3,859",100% bearish,of 1 rating,N/A
QTEC,$40.77,1440090985639,"41,662",Not yet rated,NULL,N/A
QQEW,$42.9205,1440090985718,"68,786",Not yet rated,NULL,N/A
FTSL,$48.9727,1440090985805,"17,012",100% bearish,of 1 rating,N/A
QINC,NULL,1440090985868,0,Not yet rated,NULL,N/A
FTW,NULL,1440090986258,0,Not yet rated,NULL,N/A
FSZ,$39.77,1440090986286,"11,551",Not yet rated,NULL,N/A
FKO,NULL,1440090986314,0,Not yet rated,NULL,N/A
TUSA,NULL,1440090986344,0,Not yet rated,NULL,N/A
FDIV,$48.09,1440090986448,323,100% bearish,of 1 rating,N/A
FUNC,$8.27,1440090986478,800,Not yet rated,NULL,N/A
FKU,$42.9,1440090986508,"10,279",Not yet rated,NULL,N/A
SVVC,$10.6,1440090986695,"10,175",100% bullish,of 1 rating,$26
FSV,$32.02,1440090986787,"1,820",Not yet rated,NULL,$33.60
FMER,$17.93,1440090986942,"281,514",50% bullish,of 2 ratings,$20
FIVE,$36.35,1440090987031,"87,737",75% bearish,of 4 ratings,$44
FISV,$89.01,1440090987057,"266,764",100% bearish,of 3 ratings,$90
FPRX,$18.32,1440090987084,"99,458",50% bullish,of 2 ratings,$35
FIVN,$4.19,1440090987135,"155,026",100% bullish,of 1 rating,$8.50
FLKS,$14.255,1440090987219,"32,197",50% bullish,of 2 ratings,$27
FLML,$21.1899,1440090987276,"81,166",50% bullish,of 2 ratings,$30
MBSD,$24.932,1440090987350,805,Not yet rated,NULL,N/A
FLXN,$24.15,1440090987376,"46,532",100% bearish,of 1 rating,$40
SKOR,$50.5,1440090987543,200,Not yet rated,NULL,N/A
FLEX,$10.815,1440090987603,"919,951",63% bullish,of 8 ratings,$12
FLXS,$32.23,1440090987629,"29,031",100% bearish,of 2 ratings,N/A
FLDM,$12.7,1440090988000,"210,889",67% bearish,of 3 ratings,$21.50
FLIR,$29.805,1440090988128,"248,480",100% bearish,of 1 rating,$38.50
FOMX,$10.11,1440090988218,"179,762",50% bullish,of 2 ratings,$23.50
FFIC,$20.49,1440090988246,"8,300",Not yet rated,NULL,$21
FORM,$6.15,1440090988324,"50,821",67% bullish,of 3 ratings,$10.50
FORR,$32.7,1440090988386,"11,772",Not yet rated,NULL,N/A
FES,$0.9484,1440090988407,300,50% bullish,of 2 ratings,$1
FORTY,NULL,1440090988451,0,Not yet rated,NULL,N/A
FOGO,$18.73,1440090988483,"68,366",50% bullish,of 2 ratings,$25.50
FONR,$9.76,1440090988588,"16,861",100% bullish,of 1 rating,N/A
FORD,$1.0001,1440090988681,"85,811",50% bullish,of 2 ratings,N/A
FTNT,$45.09,1440090988717,"701,322",80% bullish,of 10 ratings,$52
FWRD,$48.11,1440090988753,"141,926",100% bearish,of 1 rating,$50
FBIO,$2.8,1440090988787,"60,184",83% bullish,of 6 ratings,N/A
FWP,$25.675,1440090988814,"4,971",100% bearish,of 1 rating,$45
FOSL,$61.05,1440090988885,"323,554",50% bullish,of 4 ratings,$70
FMI,$20,1440090989225,"61,919",100% bearish,of 2 ratings,$27.50
FXCB,$17.27,1440090989252,"1,084",Not yet rated,NULL,$19
FRAN,$10.29,1440090989274,"205,725",50% bullish,of 4 ratings,$15
FOXF,$15.43,1440090989308,"9,885",100% bearish,of 1 rating,$19
RAIL,$20.675,1440090989339,"30,565",100% bearish,of 1 rating,$24.50
FELE,$29.25,1440090989411,"103,641",50% bullish,of 4 ratings,$33
FRED,$14.51,1440090989473,"35,718",50% bullish,of 2 ratings,$16.50
FREE,$0.5,1440090989499,"2,093,760",92% bullish,of 12 ratings,N/A
FTR,$5.23,1440090989628,"7,772,902",78% bullish,of 27 ratings,$6.25
FRPT,$13.32,1440090989682,"118,897",67% bearish,of 3 ratings,$23.50
FEIM,$11.09,1440090989708,"2,300",100% bearish,of 1 rating,N/A
FTRPR,$103.57,1440090989734,"101,848",100% bearish,of 1 rating,N/A
FSBW,$23.44,1440090989929,1,Not yet rated,NULL,N/A
FRPH,$30.87,1440090989990,200,100% bearish,of 1 rating,N/A
FTD,$29.96,1440090990063,"16,476",100% bearish,of 1 rating,$40
FSYS,$6.555,1440090990193,"26,834",67% bullish,of 3 ratings,$10
FTEK,$2.195,1440090990219,"20,125",75% bullish,of 4 ratings,N/A
FULL,$3.1928,1440090990245,"2,235",67% bearish,of 3 ratings,$4.25
FCEL,$0.7843,1440090990272,"453,903",88% bullish,of 40 ratings,$2.65
FULLL,$25.38,1440090990294,"1,400",Not yet rated,NULL,N/A
FLL,$1.599,1440090990459,"48,795",75% bullish,of 4 ratings,$2.825
FULT,$12.65,1440090990797,"221,355",100% bearish,of 1 rating,$13
FSNN,$2.552,1440090990827,"1,600",67% bullish,of 3 ratings,$6
FFHL,NULL,1440090990853,0,50% bullish,of 4 ratings,N/A
FXENP,NULL,1440090990895,0,100% bearish,of 1 rating,N/A
WILC,$5.1499,1440090990986,"5,470",100% bullish,of 2 ratings,N/A
FXEN,$0.9701,1440090991017,"34,950",75% bullish,of 4 ratings,$1.10
GK,$70.91,1440090991043,"9,149",Not yet rated,NULL,$78
GAIA,$5.94,1440090991330,"8,880",50% bullish,of 2 ratings,$8.50
GALT,$2.01,1440090991431,"33,382",80% bullish,of 5 ratings,N/A
GALTW,NULL,1440090991473,0,100% bullish,of 1 rating,N/A
GLPG,$63.65,1440090991534,"3,635",100% bullish,of 1 rating,$75
GALTU,NULL,1440090991561,0,100% bearish,of 1 rating,N/A
GLPI,$32.63,1440090991590,"113,277",100% bearish,of 1 rating,$37.50
GALE,$1.36,1440090991616,"444,626",89% bullish,of 47 ratings,$4
GLMD,$8.6,1440090991787,"1,969",67% bullish,of 3 ratings,$20.50
GPIC,$10.89,1440090991983,200,100% bearish,of 1 rating,N/A
GGACU,NULL,1440090992008,0,Not yet rated,NULL,N/A
GGACR,NULL,1440090992037,0,100% bullish,of 1 rating,N/A
GRMN,$39.5,1440090992068,"194,890",50% bullish,of 6 ratings,$48
GGAC,NULL,1440090992169,0,100% bearish,of 1 rating,N/A
GGACW,$0.12,1440090992195,500,Not yet rated,NULL,N/A
GARS,$14.784,1440090992330,"6,354",Not yet rated,NULL,$16
GENC,$9.43,1440090992414,200,100% bearish,of 1 rating,N/A
GNCMA,$17.02,1440090992463,"30,647",100% bearish,of 1 rating,$12
GFN,$3.8,1440090992488,"17,281",100% bearish,of 2 ratings,$8
GFNCP,NULL,1440090992546,0,Not yet rated,NULL,N/A
GENE,$2.56,1440090992679,"124,862",100% bullish,of 12 ratings,N/A
GFNSL,$25.76,1440090992706,"1,300",Not yet rated,NULL,N/A
GNMK,$9.135,1440090992728,"41,083",67% bullish,of 6 ratings,$14
GNCA,$12.6068,1440090992955,"62,150",100% bearish,of 1 rating,$20
GHDX,$25.33,1440090993046,"33,124",50% bullish,of 2 ratings,$30
GEOS,$15.27,1440090993082,"65,659",100% bearish,of 3 ratings,$25.50
THRM,$45.1444,1440090993112,"86,808",75% bearish,of 4 ratings,$55.50
GNTX,$15.404,1440090993147,"540,453",Not yet rated,NULL,$20
GTWN,$18.57,1440090993174,1,Not yet rated,NULL,N/A
GNVC,$2.41,1440090993215,"3,510",90% bullish,of 10 ratings,$8.50
GERN,$3.08,1440090993350,"364,816",88% bullish,of 16 ratings,$5.25
GABC,$29.74,1440090993478,"5,382",Not yet rated,NULL,$31.50
GEVO,$2.35,1440090993514,"164,460",75% bullish,of 12 ratings,$5
ROCK,$18.14,1440090993578,"15,940",80% bullish,of 5 ratings,$24
GIGM,$0.625,1440090993606,"6,100",100% bullish,of 2 ratings,N/A
GIGA,$1.4,1440090993657,"4,581",100% bearish,of 1 rating,N/A
GILD,$113.16,1440090993788,"2,377,477",91% bullish,of 86 ratings,$129
GIII,$67.69,1440090993813,"37,661",67% bullish,of 3 ratings,$75
GILT,$4.5,1440090993889,"8,806",50% bullish,of 2 ratings,N/A
GBCI,$26.489,1440090994022,"97,640",50% bullish,of 2 ratings,$31
GLAD,$8.35,1440090994052,"30,240",50% bullish,of 2 ratings,$8.75
GOOD,$15.629,1440090994339,"10,257",Not yet rated,NULL,$19
GLADO,$25.52,1440090994370,152,Not yet rated,NULL,N/A
GOODP,NULL,1440090994477,0,Not yet rated,NULL,N/A
GOODN,$25.6499,1440090994523,400,Not yet rated,NULL,N/A
GOODO,NULL,1440090994610,0,Not yet rated,NULL,N/A
GAIN,$7.6914,1440090994799,"83,069",100% bullish,of 2 ratings,$8.25
GAINN,$25.3,1440090994824,"30,801",Not yet rated,NULL,N/A
GAINO,$25.7499,1440090994977,200,Not yet rated,NULL,N/A
GLBZ,NULL,1440090995078,0,Not yet rated,NULL,N/A
GAINP,$26.065,1440090995186,"1,222",Not yet rated,NULL,N/A
GBT,$43.72,1440090995220,"53,108",100% bearish,of 1 rating,N/A
LAND,$9.48,1440090995247,"9,675",50% bullish,of 2 ratings,$13.75
GDEF,NULL,1440090995339,0,Not yet rated,NULL,N/A
ENT,$11.565,1440090995471,"200,502",100% bearish,of 1 rating,$18
GBLI,$26.52,1440090995496,"5,000",Not yet rated,NULL,N/A
GPACU,NULL,1440090995535,0,Not yet rated,NULL,N/A
GSOL,$8.35,1440090995676,"5,247",100% bearish,of 1 rating,N/A
ACTX,$13.78,1440090995702,"1,051",100% bullish,of 1 rating,N/A
QQQC,$20.1959,1440090995783,"8,373",100% bearish,of 1 rating,N/A
SOCL,$17.7728,1440090995838,"34,941",100% bullish,of 2 ratings,N/A
SRET,$13.85,1440090995978,"1,301",Not yet rated,NULL,N/A
YLCO,$12.1099,1440090996011,100,Not yet rated,NULL,N/A
ALTY,NULL,1440090996067,0,Not yet rated,NULL,N/A
GAI,$5.4001,1440090996110,"1,762",50% bullish,of 2 ratings,N/A
GBIM,$2.246,1440090996136,"7,583",50% bullish,of 2 ratings,N/A
GSM,$13.61,1440090996166,"110,262",50% bullish,of 2 ratings,$24.50
GLBS,NULL,1440090996330,0,67% bullish,of 3 ratings,N/A
GLRI,$1.163,1440090996436,"2,789",100% bearish,of 1 rating,$6
GLUU,$4.56,1440090996462,"1,492,584",92% bullish,of 26 ratings,$9
GOGO,$15.75,1440090996598,"297,271",80% bullish,of 5 ratings,$25
GLNG,$37.3,1440090996654,"213,338",83% bullish,of 6 ratings,$58
GLYC,$7.25,1440090996680,"1,412",50% bullish,of 2 ratings,$14
GMLP,$19.55,1440090996706,"101,586",50% bullish,of 4 ratings,$32.50
GLDC,NULL,1440090996758,0,50% bullish,of 2 ratings,N/A
GDEN,$8.9,1440090996893,"6,095",50% bullish,of 2 ratings,N/A
GOGL,$3.18,1440090996960,"146,243",75% bullish,of 4 ratings,$5
GTIM,$6.3501,1440090997034,"45,775",Not yet rated,NULL,$11.50
GBDC,$16.495,1440090997067,"28,678",Not yet rated,NULL,$17.75
GOOG,$645.095,1440090997089,"593,518",89% bullish,of 65 ratings,$825
GOOGL,$677.7372,1440090997221,"576,711",88% bullish,of 1079 ratings,$749
GPRO,$50.8901,1440090997253,"3,612,807",78% bullish,of 58 ratings,$72
GMAN,$4.5,1440090997359,"26,896",60% bullish,of 5 ratings,$8
GPIA,NULL,1440090997493,0,Not yet rated,NULL,N/A
GPIAU,NULL,1440090997523,0,Not yet rated,NULL,N/A
GPIAW,NULL,1440090997586,0,Not yet rated,NULL,N/A
GRVY,$3.67,1440090997747,519,50% bullish,of 2 ratings,N/A
LOPE,$36.6,1440090997885,"72,358",100% bearish,of 2 ratings,$50
GLDD,$5.5,1440090998019,"57,006",100% bearish,of 4 ratings,$7.75
GBSNU,$17.05,1440090998050,"2,450",Not yet rated,NULL,N/A
GSBC,$40.5125,1440090998074,"9,163",100% bullish,of 1 rating,$44
GBSN,$2.0999,1440090998108,"38,083",100% bearish,of 1 rating,$8.25
GRBK,$13.8,1440090998132,"65,654",77% bullish,of 13 ratings,N/A
GNBC,$12.58,1440090998165,"3,999",100% bearish,of 1 rating,$17
GPP,$14.75,1440090998314,"23,693",Not yet rated,NULL,$20.50
GPRE,$20.235,1440090998340,"221,424",67% bullish,of 6 ratings,$28.50
GCBC,NULL,1440090998523,0,100% bullish,of 1 rating,N/A
GLRE,$26.21,1440090998748,"87,551",100% bullish,of 1 rating,$41
GRFS,$31.11,1440090998780,"40,626",50% bullish,of 2 ratings,$35
GSIG,$13.32,1440090998807,"6,260",100% bearish,of 2 ratings,N/A
GGAL,$19.12,1440090998841,"115,085",80% bullish,of 5 ratings,$40
GRPN,$4.0501,1440090998866,"3,138,556",61% bullish,of 71 ratings,$6.75
GRIF,NULL,1440090998893,0,100% bearish,of 1 rating,N/A
OMAB,$40.525,1440090998938,"7,742",100% bullish,of 1 rating,$44
GSIT,$4.85,1440090999025,"6,532",100% bearish,of 1 rating,N/A
GTXI,$0.9101,1440090999194,"41,495",100% bullish,of 5 ratings,$.75
GSVC,$9.29,1440090999225,"22,142",50% bullish,of 2 ratings,$14.50
GBNK,$15.84,1440090999327,"10,387",100% bearish,of 1 rating,$18
GFED,NULL,1440090999362,0,Not yet rated,NULL,$17
GULTU,$0.307,1440090999567,"2,909,132",100% bearish,of 1 rating,N/A
GIFI,$12.38,1440090999601,"24,280",100% bearish,of 1 rating,$16
GUID,$7.7,1440090999628,"54,383",100% bearish,of 3 ratings,$10
GURE,$1.75,1440090999673,"19,018",88% bullish,of 8 ratings,N/A
GPOR,$33.84,1440090999700,"307,521",75% bullish,of 4 ratings,$55
GWPH,$102.46,1440090999759,"137,083",78% bullish,of 9 ratings,$148.50
GWGH,$7.55,1440090999857,200,100% bearish,of 1 rating,$15.05
GYRO,$3,1440090999899,"4,726",100% bearish,of 1 rating,N/A
HLG,NULL,1440090999995,0,100% bearish,of 1 rating,N/A
HEES,$16.4667,1440091000025,"115,841",67% bearish,of 3 ratings,$31
HNRG,$7.22,1440091000129,"79,575",100% bearish,of 1 rating,$10
HALL,$11.5779,1440091000283,"3,758",Not yet rated,NULL,N/A
HALO,$17.806,1440091000371,"411,473",67% bullish,of 3 ratings,$22.50
HBHC,$27.5,1440091000414,"95,223",50% bullish,of 2 ratings,$30
HBK,$13.72,1440091000445,550,50% bullish,of 2 ratings,N/A
HBHCL,$24.5727,1440091000549,"13,428",Not yet rated,NULL,N/A
HMPR,$1.92,1440091000578,"181,605",100% bullish,of 1 rating,N/A
HNH,$28.5,1440091000625,"7,869",100% bullish,of 1 rating,N/A
HNSN,$0.503,1440091000651,"23,263",88% bullish,of 8 ratings,$.40
HAFC,$24.79,1440091000874,"24,416",100% bullish,of 2 ratings,$28.50
HLIT,$5.69,1440091000932,"64,934",100% bearish,of 1 rating,$6.50
HDNG,$10.32,1440091000966,966,50% bullish,of 4 ratings,N/A
HRMN,NULL,1440091001065,0,Not yet rated,NULL,N/A
HQCL,$9.89,1440091001092,"5,853",67% bullish,of 3 ratings,N/A
HRMNU,NULL,1440091001254,0,Not yet rated,NULL,N/A
HRMNW,NULL,1440091001463,0,Not yet rated,NULL,N/A
TINY,$2.4542,1440091001498,"7,852",50% bullish,of 2 ratings,$5.26
HART,$0.6301,1440091001529,"69,833",100% bearish,of 1 rating,N/A
HCAP,$12.114,1440091001555,"4,439",50% bullish,of 2 ratings,$15
HBIO,$4.33,1440091001592,"12,944",Not yet rated,NULL,$10
HCAPL,$25.51,1440091001621,"1,087",Not yet rated,NULL,N/A
HAS,$78.3,1440091001687,"228,981",63% bullish,of 8 ratings,$84.50
HWKN,$36.36,1440091001972,"4,548",Not yet rated,NULL,N/A
HA,$24.6685,1440091002003,"205,940",67% bullish,of 9 ratings,$27
HDS,$33.76,1440091002030,"398,701",100% bearish,of 2 ratings,$39.50
HWBK,$13.49,1440091002105,328,100% bearish,of 1 rating,N/A
HAYN,$39.04,1440091002164,"27,919",100% bearish,of 1 rating,$59
HCOM,$22.73,1440091002190,754,100% bearish,of 1 rating,$28
HCSG,$34.18,1440091002362,"42,185",50% bullish,of 4 ratings,$35
HIIQ,$4.58,1440091002399,"13,950",50% bullish,of 2 ratings,$7
HQY,$31.225,1440091002495,"76,475",67% bullish,of 3 ratings,$31
HSTM,$24.98,1440091002530,"39,499",50% bullish,of 2 ratings,$33.75
HWAY,$12.43,1440091002562,"91,569",100% bearish,of 1 rating,$15
HTWR,$85.98,1440091002661,"42,298",50% bullish,of 2 ratings,$103
HTLF,$36.44,1440091002693,"17,077",100% bullish,of 1 rating,$39.50
HTLD,$20.66,1440091002720,"139,588",Not yet rated,NULL,$22.50
HTBX,$5.4,1440091002795,"15,558",50% bullish,of 2 ratings,$15.50
HSII,$20.24,1440091002926,"31,402",100% bullish,of 3 ratings,$25
HELE,$88.83,1440091003170,"69,802",67% bearish,of 3 ratings,$100
HMTV,$12.97,1440091003198,806,100% bearish,of 1 rating,$16
HMNY,$2.29,1440091003227,"1,100",100% bearish,of 1 rating,N/A
HCACU,$10.02,1440091003248,200,Not yet rated,NULL,N/A
HNNA,$23,1440091003393,"5,148",Not yet rated,NULL,N/A
HERO,$0.0681,1440091003423,"605,176",81% bullish,of 16 ratings,$.75
HSIC,$143.62,1440091003445,"86,156",83% bullish,of 6 ratings,$146
HTBK,$10.77,1440091003478,"22,586",Not yet rated,NULL,$12
HEOP,$7.79,1440091003617,"4,452",Not yet rated,NULL,$8.50
HFWA,$18.05,1440091003649,"6,123",100% bullish,of 1 rating,$20
MLHR,$28.805,1440091003720,"64,355",50% bullish,of 2 ratings,$33.50
HCCI,$11.955,1440091003874,"3,354",100% bearish,of 1 rating,$16.50
HRTX,$33.11,1440091003903,"206,850",67% bullish,of 6 ratings,$41
HSKA,$33.65,1440091003925,"13,888",100% bearish,of 1 rating,$38
HFFC,$16.209,1440091004126,"2,302",Not yet rated,NULL,N/A
HIBB,$39.355,1440091004152,"93,424",100% bearish,of 1 rating,$48.50
HPJ,$2.65,1440091004304,"12,950",75% bullish,of 4 ratings,$12.43
HIHO,$4.22,1440091004332,"5,120",Not yet rated,NULL,N/A
HIMX,$6.6,1440091004366,"1,022,855",86% bullish,of 21 ratings,$8.50
HMSY,$9.26,1440091004395,"326,713",67% bullish,of 3 ratings,$19.35
HIFS,$118.35,1440091004463,461,Not yet rated,NULL,N/A
HSGX,$6.28,1440091004492,"2,000",100% bearish,of 1 rating,$17
HMNF,$11.2,1440091004600,100,Not yet rated,NULL,N/A
HOLI,$17.41,1440091004629,"140,435",50% bullish,of 4 ratings,$27
HOLX,$41.34,1440091004960,"386,398",67% bullish,of 3 ratings,$42
HBCP,$24.05,1440091005063,"1,545",Not yet rated,NULL,$29
HFBL,$21.8,1440091005090,"6,661",Not yet rated,NULL,N/A
AWAY,$30.23,1440091005218,"238,657",67% bullish,of 3 ratings,$36
HOMB,$39.78,1440091005246,"32,246",Not yet rated,NULL,$41
HMST,$21.26,1440091005276,"40,236",100% bullish,of 2 ratings,$27
HMIN,$29.13,1440091005303,"58,265",100% bearish,of 2 ratings,$35
CETC,$0.8111,1440091005380,"59,425",86% bullish,of 7 ratings,N/A
HKTV,$4.9101,1440091005518,"15,500",100% bearish,of 1 rating,N/A
HTBI,$18.48,1440091005549,"13,541",67% bullish,of 3 ratings,$18.625
HOFT,$24.67,1440091005581,"11,458",100% bearish,of 1 rating,N/A
HFBC,$11.5,1440091005681,"3,400",Not yet rated,NULL,N/A
HZNP,$30.11,1440091005772,"621,617",85% bullish,of 20 ratings,$40
ZINC,$7.54,1440091005813,"200,169",100% bearish,of 1 rating,$17
HBNC,$24.48,1440091005945,"17,449",100% bullish,of 1 rating,$27
HRZN,$10.79,1440091006035,"24,057",100% bearish,of 1 rating,$14.25
HOVNP,NULL,1440091006242,0,100% bearish,of 1 rating,N/A
HBMD,NULL,1440091006283,0,100% bearish,of 1 rating,N/A
HDP,$25.24,1440091006314,"139,567",67% bearish,of 3 ratings,$30.50
HMHC,$22.26,1440091006336,"152,463",Not yet rated,NULL,$27
HWCC,$7.26,1440091006370,"27,963",100% bearish,of 1 rating,$9
HTGM,$5.76,1440091006402,"8,584",100% bearish,of 1 rating,$19.50
HSNI,$61.985,1440091006432,"71,496",Not yet rated,NULL,$80
HCBK,$9.92,1440091006503,"537,159",83% bullish,of 6 ratings,$8.61
HDSN,$2.9509,1440091006709,"39,524",100% bullish,of 1 rating,$6.25
HUBG,$40.06,1440091006768,"64,930",100% bearish,of 1 rating,$43
HBAN,$11.39,1440091006817,"2,158,504",76% bullish,of 17 ratings,$12.50
HSON,$2.94,1440091006868,"4,761",100% bearish,of 1 rating,$5
HBANP,$1358,1440091006922,79,100% bearish,of 1 rating,N/A
HURC,$30.24,1440091006977,"7,597",100% bearish,of 1 rating,N/A
HURN,$74.41,1440091007104,"31,169",50% bullish,of 2 ratings,$80
HTCH,$1.635,1440091007234,"25,330",100% bearish,of 1 rating,$3.50
HDRA,$9.69,1440091007275,100,Not yet rated,NULL,N/A
HBP,$3.2,1440091007298,"2,800",100% bullish,of 1 rating,N/A
HDRAR,$0.3701,1440091007334,"1,700",Not yet rated,NULL,N/A
HDRAW,NULL,1440091007364,0,Not yet rated,NULL,N/A
HDRAU,$10.1,1440091007398,"5,825",Not yet rated,NULL,N/A
HYGS,$7.44,1440091007491,"12,882",50% bullish,of 2 ratings,$13
IDSY,$3.885,1440091007628,"10,438",100% bearish,of 1 rating,$7
IACI,$71.68,1440091007956,"323,206",75% bullish,of 4 ratings,$90
IBKC,$61.74,1440091007986,"42,046",100% bullish,of 1 rating,$70
ICAD,$3.53,1440091008023,"12,761",50% bullish,of 2 ratings,$7.25
ICLR,$79.75,1440091008052,"117,555",100% bearish,of 3 ratings,$85
IKGH,$1.75,1440091008074,"2,800",75% bullish,of 4 ratings,N/A
ICFI,$36.15,1440091008117,"40,595",50% bullish,of 2 ratings,$48.50
IEP,$68.57,1440091008148,"65,073",75% bullish,of 4 ratings,$99
ICON,$12.7725,1440091008170,"147,868",50% bullish,of 2 ratings,$18.50
IPWR,$7.5,1440091008599,"5,540",100% bullish,of 1 rating,$15
ICUI,$120.42,1440091008630,"23,711",Not yet rated,NULL,$122
IDRA,$2.5199,1440091008686,"741,228",89% bullish,of 9 ratings,$6.50
INVE,$4.6,1440091008712,"42,997",75% bullish,of 4 ratings,$4
IDXX,$76.3605,1440091008743,"158,018",100% bearish,of 1 rating,$77
IROQ,NULL,1440091008843,0,100% bullish,of 1 rating,N/A
DSKY,$11.84,1440091009001,"287,548",67% bullish,of 6 ratings,$11.50
KANG,$15.5,1440091009030,"219,587",50% bullish,of 2 ratings,$22.55
RXDX,$12.57,1440091009107,"75,662",100% bullish,of 1 rating,$20
IIVI,$17.91,1440091009173,"60,223",100% bearish,of 1 rating,$22
IRG,$4.74,1440091009195,"5,468",100% bearish,of 1 rating,$4.50
ILMN,$200.99,1440091009245,"275,048",80% bullish,of 5 ratings,$240
IKAN,$2.727,1440091009271,"25,102",83% bullish,of 6 ratings,$5
IKNX,NULL,1440091009303,0,100% bearish,of 1 rating,N/A
ISNS,$4.085,1440091009439,"16,051",50% bullish,of 2 ratings,N/A
IMMR,$11.33,1440091009584,"114,046",80% bullish,of 5 ratings,$15.50
ICCC,$8.34,1440091009722,"9,716",100% bullish,of 1 rating,N/A
IMGN,$12.69,1440091009798,"293,996",75% bullish,of 4 ratings,$17.50
IMDZ,$16.2,1440091009856,"27,352",100% bearish,of 1 rating,$33
INCR,$43.63,1440091009882,"132,378",50% bullish,of 2 ratings,$53
IMMY,$7.405,1440091009938,"9,488",100% bearish,of 1 rating,$11
IMMU,$1.755,1440091009960,"212,158",86% bullish,of 7 ratings,$2
IPXL,$44.37,1440091009990,"222,097",67% bullish,of 3 ratings,$46.50
IMNP,$1.4499,1440091010128,"55,592",50% bullish,of 2 ratings,$6
SAAS,$7.65,1440091010280,"145,809",50% bullish,of 2 ratings,$15
INDB,$47.11,1440091010304,"10,763",Not yet rated,NULL,$44
INCY,$110.01,1440091010336,"287,570",50% bullish,of 6 ratings,$125.50
IBTX,$43.495,1440091010378,"15,634",100% bullish,of 2 ratings,$47.25
IBCP,$14.36,1440091010439,"10,592",100% bullish,of 1 rating,$14.50
IDSA,$3.54,1440091010510,"2,325",Not yet rated,NULL,N/A
INFN,$22.13,1440091010751,"1,325,166",71% bullish,of 7 ratings,$28
INFI,$9.05,1440091010814,"212,587",50% bullish,of 4 ratings,$18
IPCC,$81.25,1440091010842,"9,404",Not yet rated,NULL,$77.50
IFON,$1.21,1440091010863,"133,827",75% bullish,of 4 ratings,N/A
III,$4.255,1440091010903,"19,223",57% bullish,of 7 ratings,$6
IMKTA,$54.43,1440091010997,"35,363",100% bearish,of 1 rating,N/A
INWK,$7.46,1440091011025,"28,660",50% bullish,of 2 ratings,$10
INNL,$12.63,1440091011158,588,100% bearish,of 1 rating,$16.50
INOD,$2.5,1440091011242,"27,817",100% bearish,of 1 rating,N/A
IOSP,$46.35,1440091011374,"31,273",100% bearish,of 1 rating,N/A
ISSC,$2.93,1440091011401,"8,862",67% bearish,of 3 ratings,N/A
IPHS,$48.68,1440091011430,"16,345",100% bearish,of 1 rating,$60
INOV,$21.07,1440091011531,"112,953",100% bearish,of 1 rating,$33
ITEK,$14.52,1440091011579,"240,850",100% bearish,of 3 ratings,$20
INO,$7.255,1440091011609,"508,399",89% bullish,of 18 ratings,$20
INGN,$49.83,1440091011711,"55,832",100% bearish,of 1 rating,$50.50
IIIN,$17.89,1440091011973,"30,221",100% bearish,of 2 ratings,N/A
NSIT,$26.44,1440091012011,"34,128",50% bullish,of 2 ratings,N/A
PODD,$29.36,1440091012040,"181,678",50% bullish,of 2 ratings,$35
ISIG,$2.6,1440091012106,"8,800",100% bearish,of 1 rating,N/A
INSY,$32.55,1440091012138,"241,805",75% bullish,of 4 ratings,$48
INSM,$26.34,1440091012167,"51,114",71% bullish,of 7 ratings,$31.50
NTEC,$6.03,1440091012238,"12,278",Not yet rated,NULL,N/A
IART,$60.86,1440091012472,"75,436",100% bearish,of 1 rating,$71.50
IDTI,$17.79,1440091012504,"890,061",60% bullish,of 5 ratings,$25
INTC,$27.7899,1440091012604,"8,472,582",82% bullish,of 238 ratings,$36
IPCI,$2.15,1440091012693,"18,803",67% bullish,of 6 ratings,$7.75
IESC,$7.08,1440091012735,"1,500",100% bearish,of 1 rating,N/A
IPAR,$28.24,1440091012765,"12,458",67% bullish,of 3 ratings,$38
ISSI,$22.33,1440091012786,"140,914",67% bullish,of 3 ratings,$19.75
IQNT,$19.6,1440091012822,"276,525",86% bullish,of 7 ratings,$20
IBKR,$40.285,1440091012932,"220,563",100% bullish,of 1 rating,N/A
ININ,$39.875,1440091013016,"41,109",67% bearish,of 3 ratings,$57
ICPT,$198.49,1440091013065,"100,278",70% bullish,of 10 ratings,$359.50
ICLD,$1.81,1440091013201,"177,709",75% bullish,of 4 ratings,N/A
IDCC,$48.87,1440091013234,"65,012",80% bullish,of 5 ratings,$63
TILE,$25.2,1440091013286,"132,690",67% bearish,of 3 ratings,$27
ICLDW,NULL,1440091013333,0,100% bearish,of 1 rating,N/A
IMI,$2,1440091013418,"1,600",67% bullish,of 3 ratings,$2.22
INAP,$8.71,1440091013513,"54,753",75% bullish,of 4 ratings,$11
ISCA,$32.01,1440091013544,"12,486",100% bearish,of 1 rating,N/A
IBOC,$26.35,1440091013570,"45,910",100% bearish,of 1 rating,N/A
IGLD,$7.25,1440091013704,712,50% bullish,of 2 ratings,N/A
IIJI,$9.23,1440091013858,400,50% bullish,of 2 ratings,$11.50
INPH,$0.3248,1440091013884,"12,518",50% bullish,of 2 ratings,N/A
XENT,$28.01,1440091013929,"58,324",50% bullish,of 2 ratings,$36.50
PTNT,$3,1440091014063,810,Not yet rated,NULL,N/A
INTX,$2.52,1440091014110,"5,218",67% bullish,of 3 ratings,N/A
IILG,$21,1440091014138,"25,976",100% bearish,of 1 rating,$30.50
ISIL,$10.495,1440091014194,"208,888",50% bullish,of 6 ratings,$15
INTL,$27,1440091014329,"23,620",67% bearish,of 3 ratings,N/A
IVAC,$4.925,1440091014355,"7,828",Not yet rated,NULL,$6.625
INTLL,NULL,1440091014382,0,Not yet rated,NULL,N/A
INTU,$103.94,1440091014521,"271,626",100% bullish,of 7 ratings,$110.50
IIN,$6.42,1440091014550,510,100% bearish,of 1 rating,$12
ITCI,$29.41,1440091014626,"170,612",75% bearish,of 4 ratings,$40
ISRG,$519.3025,1440091014684,"38,195",67% bullish,of 3 ratings,$600
ISBC,$12.005,1440091014915,"757,448",100% bullish,of 1 rating,$13.25
INVT,$0.2986,1440091014940,"15,129",67% bullish,of 3 ratings,N/A
SNAK,$8.56,1440091014973,"17,358",50% bullish,of 2 ratings,$14
ISTR,$15.69,1440091015001,4,100% bearish,of 1 rating,$18.50
NVIV,$10.952,1440091015071,"133,335",50% bullish,of 4 ratings,$24.50
ITIC,NULL,1440091015131,0,100% bearish,of 2 ratings,N/A
IVTY,$11.925,1440091015165,"15,409",Not yet rated,NULL,$18
DTUL,NULL,1440091015262,0,Not yet rated,NULL,N/A
DFVL,NULL,1440091015394,0,Not yet rated,NULL,N/A
IPGP,$87.645,1440091015426,"66,753",100% bearish,of 2 ratings,$109.50
IPCM,$79.17,1440091015527,"119,971",50% bullish,of 2 ratings,$80.125
IPAS,$1.0621,1440091015556,"12,468",67% bullish,of 3 ratings,N/A
IRMD,$25.34,1440091015658,"15,353",67% bearish,of 3 ratings,$25
IRIX,$7.18,1440091015740,"13,000",100% bearish,of 1 rating,N/A
IRDM,$6.75,1440091015797,"152,003",60% bullish,of 5 ratings,$11.50
IRDMB,$267.5,1440091015822,120,67% bearish,of 3 ratings,N/A
IRBT,$30.04,1440091015872,"92,869",67% bullish,of 6 ratings,$37
IRCP,$33.5,1440091016003,957,100% bullish,of 2 ratings,N/A
COMT,$33.01,1440091016217,"4,100",100% bearish,of 1 rating,N/A
GNMA,$50,1440091016306,"2,246",Not yet rated,NULL,N/A
IRWD,$11.235,1440091016354,"520,007",100% bearish,of 1 rating,$13
FCHI,$47.9,1440091016441,470,Not yet rated,NULL,N/A
IFEU,$39.3801,1440091016490,"3,815",Not yet rated,NULL,N/A
IFAS,$28.84,1440091016570,300,Not yet rated,NULL,N/A
IFGL,$29.615,1440091016601,"12,065",Not yet rated,NULL,N/A
IFNA,$55.731,1440091016646,"3,600",Not yet rated,NULL,N/A
ACWX,$41.65,1440091016702,"327,483",100% bearish,of 1 rating,N/A
ACWI,$57.5099,1440091016775,"342,999",Not yet rated,NULL,N/A
AAXJ,$53.92,1440091016834,"832,262",Not yet rated,NULL,N/A
AXJS,NULL,1440091016907,0,Not yet rated,NULL,N/A
AAIT,$30.2135,1440091016965,306,100% bullish,of 1 rating,N/A
EMDI,$44.2402,1440091017065,860,Not yet rated,NULL,N/A
EEMA,$50.8801,1440091017090,"6,547",Not yet rated,NULL,N/A
EEME,$38.47,1440091017158,571,100% bearish,of 1 rating,N/A
EGRW,$46.251,1440091017363,"5,037",Not yet rated,NULL,N/A
EMEY,$24.3966,1440091017521,500,Not yet rated,NULL,N/A
IEUS,$46.58,1440091017548,"1,697",100% bearish,of 1 rating,N/A
EEML,$28.308,1440091017578,"1,120",Not yet rated,NULL,N/A
QAT,NULL,1440091017599,0,Not yet rated,NULL,N/A
EVAL,$36.3,1440091017656,"3,982",Not yet rated,NULL,N/A
EUFN,$22.46,1440091017677,"80,352",100% bearish,of 1 rating,N/A
IBB,$356.7,1440091017806,"435,278",63% bullish,of 8 ratings,N/A
SOXX,$81.63,1440091017975,"333,811",50% bullish,of 2 ratings,N/A
ICLN,$9.7235,1440091018007,"11,047",50% bullish,of 2 ratings,N/A
UAE,$17.95,1440091018034,"1,450",Not yet rated,NULL,N/A
EMIF,$29.4199,1440091018055,"3,050",Not yet rated,NULL,N/A
WOOD,$50.2228,1440091018106,"6,536",50% bullish,of 2 ratings,N/A
INDY,$29.045,1440091018201,"202,155",100% bullish,of 1 rating,N/A
ISHG,$79.39,1440091018345,"1,498",100% bearish,of 1 rating,N/A
IGOV,$91.27,1440091018431,"7,049",100% bearish,of 1 rating,N/A
ISRL,$136.99,1440091018504,121,100% bearish,of 1 rating,N/A
ISLE,$17.67,1440091018529,"93,018",50% bullish,of 4 ratings,$16
ITRI,$32.595,1440091018560,"71,941",Not yet rated,NULL,$37
ITRN,$24.81,1440091018587,"1,763",50% bullish,of 2 ratings,N/A
ISIS,$48.53,1440091018719,"387,860",53% bullish,of 15 ratings,$67
ITUS,$4.35,1440091018766,"3,900",Not yet rated,NULL,N/A
IXYS,$10.815,1440091018958,"81,290",50% bullish,of 4 ratings,N/A
MAYS,$59,1440091019018,100,Not yet rated,NULL,N/A
XXIA,$15.635,1440091019048,"105,394",71% bullish,of 7 ratings,$14.625
JJSF,$117.38,1440091019086,"9,728",100% bearish,of 1 rating,N/A
JBHT,$78.98,1440091019151,"261,675",50% bullish,of 4 ratings,$89.50
JCOM,$71.88,1440091019189,"32,422",100% bullish,of 2 ratings,$77
JASO,$7.825,1440091019215,"400,557",82% bullish,of 17 ratings,$10
JKHY,$70.64,1440091019432,"64,015",50% bullish,of 2 ratings,$72
JACK,$84.735,1440091019458,"139,099",83% bullish,of 6 ratings,$105
JAXB,$13.22,1440091019599,15,100% bullish,of 1 rating,N/A
JAGX,$2.95,1440091019655,300,Not yet rated,NULL,N/A
JMBA,$13.42,1440091019684,"34,434",75% bullish,of 4 ratings,$18
JXSB,NULL,1440091019713,0,Not yet rated,NULL,N/A
JAKK,$9.69,1440091019819,"350,629",60% bearish,of 5 ratings,$10.50
ERW,NULL,1440091019893,0,Not yet rated,NULL,N/A
JRVR,$26.7,1440091019953,"5,511",Not yet rated,NULL,$32
JAZZ,$184,1440091020151,"107,855",80% bullish,of 15 ratings,$206.50
JASNW,$0.25,1440091020181,"5,000",50% bullish,of 2 ratings,N/A
JASN,$4.95,1440091020207,"28,052",50% bullish,of 2 ratings,$9.50
JBLU,$23.0736,1440091020229,"2,148,446",94% bullish,of 16 ratings,$27
JD,$25.3,1440091020265,"3,285,935",75% bullish,of 16 ratings,$36
JTPY,$3,1440091020314,"2,116",100% bearish,of 1 rating,N/A
JCTCF,NULL,1440091020446,0,100% bullish,of 1 rating,N/A
WYIGU,$10.0524,1440091020653,400,Not yet rated,NULL,N/A
JST,$4.14,1440091020683,"28,648",75% bullish,of 4 ratings,N/A
DATE,$6.48,1440091020706,"100,048",75% bullish,of 4 ratings,$9
JIVE,$4.12,1440091020728,"239,559",75% bullish,of 4 ratings,$5
JOEZ,$0.18,1440091020758,"106,815",92% bullish,of 12 ratings,N/A
JBSS,$48.99,1440091020861,"10,383",67% bearish,of 3 ratings,N/A
JUNO,$38.99,1440091021083,"547,689",73% bullish,of 11 ratings,$71.50
JOUT,$24.02,1440091021115,"2,605",100% bearish,of 1 rating,$34
JNP,$9.84,1440091021147,"9,385",100% bullish,of 3 ratings,$15
KTWO,$21.555,1440091021169,"81,227",100% bearish,of 1 rating,$28.50
KBIO,$1.91,1440091021213,"36,237",50% bullish,of 4 ratings,N/A
KALU,$84.08,1440091021253,"37,148",67% bearish,of 3 ratings,$91
KMDA,$3.709,1440091021310,"7,815",50% bullish,of 2 ratings,$8
KCLI,$47.75,1440091021561,"3,663",Not yet rated,NULL,N/A
KNDI,$7.38,1440091021595,"195,929",86% bullish,of 22 ratings,N/A
KBSF,$3.9,1440091021621,"1,750",100% bullish,of 1 rating,N/A
KPTI,$13.5,1440091021648,"145,288",67% bearish,of 3 ratings,$39
KRNY,$11.56,1440091021691,"169,020",100% bearish,of 1 rating,$12
KCAP,$4.7659,1440091021777,"38,871",75% bullish,of 4 ratings,$6
KELYA,$14.88,1440091021862,"45,901",67% bullish,of 6 ratings,$20
KELYB,NULL,1440091022005,0,50% bullish,of 2 ratings,N/A
KERX,$5.66,1440091022030,"388,287",82% bullish,of 11 ratings,$12
