Symbol,Price,Date,Volume,Rating,RatingVoteCount,OneYearEstimate
FLWS,$8.465,1441138203010,"326,046",80% bullish,of 5 ratings,$15
FCTY,$7.98,1441138203052,"1,500",100% bullish,of 1 rating,$8.50
PIH,$7.54,1441138203088,"3,850",100% bearish,of 1 rating,N/A
FCCY,$11.66,1441138203139,"1,414",100% bullish,of 1 rating,$13
SRCE,$28.93,1441138203307,"23,090",100% bullish,of 3 ratings,$33
DGLD,$79.94,1441138203499,"8,953",100% bullish,of 1 rating,N/A
VNET,$17.16,1441138203536,"423,223",60% bullish,of 5 ratings,$35
TWOU,$34.02,1441138203583,"153,464",50% bullish,of 2 ratings,$39
DSLV,$69.5282,1441138203668,"8,768",100% bearish,of 1 rating,N/A
UGLD,$9.431,1441138203799,"200,081",100% bearish,of 1 rating,N/A
JOBS,$25.64,1441138203931,"110,069",50% bullish,of 4 ratings,$36
USLV,$12.49,1441138203956,"148,968",86% bullish,of 7 ratings,N/A
CAFD,$14.71,1441138204379,"112,444",Not yet rated,NULL,$25
SIXD,$2.5901,1441138204410,"73,699",Not yet rated,NULL,N/A
AVHI,$13.88,1441138204447,"18,338",100% bearish,of 1 rating,$19
SHLM,$33.3,1441138204508,"64,736",100% bearish,of 1 rating,$47
EGHT,$7.7,1441138204736,"261,828",82% bullish,of 17 ratings,$11
AAON,$19.82,1441138204765,"58,634",100% bearish,of 1 rating,$24
ABGB,$5.67,1441138204870,"62,898",67% bullish,of 3 ratings,$5.50
ABAX,$47.13,1441138204894,"146,463",100% bearish,of 1 rating,$60
ABY,$21.74,1441138205170,"451,898",100% bearish,of 2 ratings,$46
ABEOW,$1.6001,1441138205251,550,100% bullish,of 1 rating,N/A
ABEO,$4.62,1441138205326,"70,718",50% bullish,of 4 ratings,$15.50
ABMD,$93.1711,1441138205600,"314,977",75% bullish,of 4 ratings,$100.50
AXAS,$1.75,1441138205676,"963,088",78% bullish,of 9 ratings,$3.50
ACTG,$8.98,1441138205908,"303,208",67% bullish,of 3 ratings,$18.50
ACHC,$71.21,1441138205938,"236,151",50% bullish,of 2 ratings,$92
ACST,$0.3377,1441138206042,"9,201",100% bullish,of 2 ratings,N/A
ACAD,$35.91,1441138206175,"417,550",80% bullish,of 20 ratings,$48
AXDX,$19.33,1441138206379,"137,483",100% bearish,of 1 rating,N/A
XLRN,$28.3,1441138206410,"47,959",50% bullish,of 2 ratings,$57
ANCX,$19.75,1441138206550,"14,390",Not yet rated,NULL,$20
ARAY,$6.64,1441138206655,"347,386",100% bearish,of 1 rating,$10.50
VXDN,$1.7,1441138206883,"146,519",100% bearish,of 1 rating,N/A
VXUP,$1.76,1441138206920,"96,194",100% bearish,of 1 rating,N/A
ACET,$21.63,1441138207219,"45,470",75% bullish,of 4 ratings,$30
ACHN,$7.08,1441138207429,"1,097,579",90% bullish,of 21 ratings,$16
AKAO,$6.7699,1441138207480,"28,360",75% bullish,of 4 ratings,$15
ACNB,$20,1441138207566,"3,107",Not yet rated,NULL,N/A
ACRX,$4.37,1441138207734,"229,123",67% bearish,of 6 ratings,$5.50
ACTS,$1.65,1441138207764,"11,137",100% bearish,of 1 rating,N/A
ACIW,$20.77,1441138207867,"238,070",67% bearish,of 3 ratings,$24
ACOR,$31.58,1441138207896,"447,743",67% bearish,of 3 ratings,$38.50
TFSCU,NULL,1441138208029,0,Not yet rated,NULL,N/A
TFSC,NULL,1441138208094,0,100% bearish,of 1 rating,N/A
TFSCW,$0.26,1441138208131,"1,600",100% bearish,of 1 rating,N/A
ACPW,$1.911,1441138208261,"41,154",100% bullish,of 4 ratings,$3.25
ATVI,$27.76,1441138208287,"5,659,920",67% bullish,of 84 ratings,$31.50
TFSCR,NULL,1441138208457,0,Not yet rated,NULL,N/A
ACXM,$20.45,1441138208484,"155,794",67% bullish,of 3 ratings,N/A
ACUR,$2.9151,1441138208512,"9,558",100% bullish,of 5 ratings,$5
ACTA,$13.9028,1441138208539,"65,445",67% bearish,of 3 ratings,$25
ADMS,$19.5701,1441138208560,"35,267",100% bearish,of 2 ratings,$36
ADMP,$3.661,1441138208691,"13,615",50% bullish,of 2 ratings,$10
ADAP,$11.33,1441138208771,"77,878",67% bullish,of 3 ratings,$22
AEY,$2.3301,1441138208829,"8,846",100% bearish,of 2 ratings,N/A
ADUS,$28.38,1441138208873,"37,688",100% bearish,of 1 rating,$31
ADEP,$6.63,1441138208901,"73,825",50% bullish,of 2 ratings,$10.75
ADBE,$75.825,1441138209078,"1,295,951",65% bullish,of 17 ratings,$90
ADMA,$9.02,1441138209128,"4,545",Not yet rated,NULL,$19
ADXS,$13.51,1441138209159,"375,622",64% bullish,of 14 ratings,$27
ADTN,$15.7176,1441138209216,"182,113",67% bullish,of 3 ratings,$17.125
ADRO,$19.09,1441138209246,"144,815",80% bullish,of 5 ratings,$45.50
AMD,$1.72,1441138209279,"4,244,848",83% bullish,of 103 ratings,$2
AEIS,$23.56,1441138209306,"108,078",50% bullish,of 2 ratings,$32.50
ADXSW,$9.2884,1441138209376,"8,723",100% bullish,of 1 rating,N/A
YPRO,$23.0788,1441138209459,"1,721",100% bearish,of 1 rating,N/A
AEGR,$17.2,1441138209536,"236,264",50% bullish,of 6 ratings,$26
MULT,NULL,1441138209618,0,100% bearish,of 1 rating,N/A
AERI,$15.1751,1441138209896,"366,207",75% bullish,of 4 ratings,$31.50
AEPI,$52.39,1441138209927,"7,425",100% bearish,of 1 rating,N/A
AEGN,$17.92,1441138209968,"63,953",100% bearish,of 2 ratings,$21
AEHR,$2.28,1441138210028,"23,226",50% bullish,of 2 ratings,N/A
AEZS,$0.0884,1441138210055,"5,708,448",90% bullish,of 21 ratings,$1.50
AEMD,$7.4428,1441138210091,"15,458",Not yet rated,NULL,$27.50
AMTX,$2.82,1441138210113,"8,164",50% bullish,of 2 ratings,$26.11
AVAV,$23.38,1441138210134,"64,928",50% bullish,of 4 ratings,$31
AFMD,$10.1,1441138210189,"69,487",50% bullish,of 4 ratings,$15
AFFX,$8.97,1441138210214,"191,165",80% bullish,of 5 ratings,$12.50
AGIO,$84.43,1441138210350,"131,370",88% bullish,of 8 ratings,$114
AGRX,$8.35,1441138210376,"12,070",100% bearish,of 1 rating,$17.50
AGYS,$9.98,1441138210508,"17,755",100% bearish,of 1 rating,N/A
AGFS,$9.7101,1441138210537,"36,988",100% bearish,of 1 rating,N/A
AGEN,$6.85,1441138210637,"402,023",85% bullish,of 13 ratings,$14
AGFSW,$2,1441138210670,"5,200",100% bearish,of 2 ratings,N/A
AIMT,$21.8,1441138210709,"103,210",Not yet rated,NULL,$35.50
AIRT,$22.3,1441138210740,504,100% bullish,of 1 rating,N/A
AIRM,$35.93,1441138210761,"173,170",80% bearish,of 5 ratings,$53
AMCN,$4.47,1441138210846,"112,309",83% bullish,of 6 ratings,N/A
AKBA,$7.47,1441138210949,"181,067",100% bearish,of 1 rating,$18
ATSG,$8.64,1441138211023,"129,450",67% bullish,of 3 ratings,$13
AKER,$2.53,1441138211051,420,Not yet rated,NULL,N/A
AIXG,$6.26,1441138211073,"4,102",67% bearish,of 3 ratings,$5.25
AKRX,$38.58,1441138211106,"444,067",78% bullish,of 9 ratings,$56
AKAM,$70.16,1441138211136,"952,798",63% bullish,of 8 ratings,$77.50
ALRM,$15.81,1441138211240,"234,622",100% bearish,of 1 rating,$22
ALSK,$2.2,1441138211269,"68,356",78% bullish,of 18 ratings,$2
AMRI,$19.48,1441138211374,"106,109",75% bearish,of 4 ratings,$24
ADHD,$8.095,1441138211507,"86,143",50% bullish,of 4 ratings,$18
ABDC,$12.88,1441138211542,"4,400",Not yet rated,NULL,$15
ALDR,$38.6,1441138211568,"238,372",67% bearish,of 3 ratings,$62
ALDX,$6.85,1441138211608,"4,175",100% bearish,of 1 rating,$14.50
ALCO,$41.58,1441138211640,"4,520",50% bullish,of 2 ratings,N/A
ALXN,$170.79,1441138211697,"1,073,463",88% bullish,of 8 ratings,$223
ALGN,$53.88,1441138211724,"484,816",100% bearish,of 2 ratings,$73
ALXA,$1.16,1441138211750,"20,403",83% bullish,of 6 ratings,$2.125
ALKS,$59.29,1441138211923,"731,837",67% bullish,of 3 ratings,$75
ALIM,$3.1,1441138212051,"69,570",80% bullish,of 5 ratings,$10
ALGT,$195,1441138212090,"191,819",100% bearish,of 2 ratings,$235
ALLB,$22.82,1441138212112,202,Not yet rated,NULL,N/A
AHGP,$35.37,1441138212186,"37,458",67% bullish,of 3 ratings,N/A
AFOP,$18.49,1441138212214,"136,550",75% bullish,of 8 ratings,$21
AIQ,$13.8,1441138212236,"9,154",67% bullish,of 3 ratings,N/A
AHPI,$1.4401,1441138212501,600,50% bullish,of 2 ratings,N/A
ARLP,$25.33,1441138212532,"106,912",67% bearish,of 3 ratings,$32
ALQA,$4.66,1441138212561,"22,470",75% bullish,of 4 ratings,$8.50
ALLT,$5.14,1441138212589,"41,142",75% bullish,of 4 ratings,$6.25
AMOT,$17.81,1441138212614,"66,793",100% bearish,of 1 rating,N/A
MDRX,$13.24,1441138212640,"1,125,457",60% bullish,of 5 ratings,$16
AFAM,$44.15,1441138212784,"43,484",50% bullish,of 2 ratings,$44
ALNY,$97.82,1441138212811,"413,772",67% bullish,of 3 ratings,$151.50
AOSL,$7.34,1441138212949,"35,313",67% bullish,of 3 ratings,$9
SMCP,$22.88,1441138212983,"2,900",Not yet rated,NULL,N/A
ATEC,$0.58,1441138213085,"30,737",100% bullish,of 1 rating,$2
ALTR,$48.23,1441138213111,"1,640,646",80% bearish,of 5 ratings,$54
ASPS,$25.7,1441138213142,"145,485",67% bullish,of 3 ratings,$46.50
AMAG,$60.67,1441138213244,"340,815",100% bullish,of 2 ratings,$77.50
AIMC,$23.76,1441138213310,"62,328",100% bearish,of 2 ratings,$28.50
AMRK,$10.5,1441138213339,"1,800",50% bullish,of 2 ratings,$14
AMRN,$2.11,1441138213367,"932,806",85% bullish,of 39 ratings,$8
AMZN,$495.35,1441138213402,"1,495,025",81% bullish,of 265 ratings,$646
AYA,$20.39,1441138213505,"23,996",100% bearish,of 1 rating,$40
AMBCW,NULL,1441138213530,0,100% bearish,of 1 rating,N/A
AMBA,$90,1441138213559,"2,806,097",83% bullish,of 12 ratings,$102.50
AMBC,$15.9489,1441138213688,"94,251",100% bearish,of 1 rating,$16.50
AMCX,$69.47,1441138213765,"266,451",67% bullish,of 3 ratings,$87.50
AMED,$39.35,1441138213831,"248,066",100% bearish,of 1 rating,$42
EPAX,$2.685,1441138213865,"42,873",100% bearish,of 1 rating,N/A
AMDA,$0.4781,1441138213891,"448,561",90% bullish,of 10 ratings,$1
DOX,$56.08,1441138213960,"193,376",67% bearish,of 3 ratings,$60
UHAL,$365.81,1441138213985,"8,736",100% bullish,of 2 ratings,$393.50
ASBI,$22.7999,1441138214026,500,Not yet rated,NULL,N/A
ATAX,$5.34,1441138214169,"47,295",100% bullish,of 1 rating,$6.50
AMOV,$17.96,1441138214201,"2,510",100% bearish,of 1 rating,N/A
AAL,$39.18,1441138214269,"8,420,253",93% bullish,of 88 ratings,$57
AGNCB,$24.1226,1441138214299,"17,271",Not yet rated,NULL,N/A
AGNCP,$25.3303,1441138214328,"4,551",Not yet rated,NULL,N/A
AGNC,$19.075,1441138214353,"1,497,707",71% bullish,of 28 ratings,$22
MTGE,$15.19,1441138214396,"375,064",75% bullish,of 4 ratings,$19.50
MTGEP,$24.2665,1441138214524,970,Not yet rated,NULL,N/A
ACAS,$13.48,1441138214610,"700,813",60% bullish,of 5 ratings,$16.75
ACSF,$12.211,1441138214636,"40,963",100% bearish,of 1 rating,$15
ANCI,NULL,1441138214773,0,100% bearish,of 1 rating,N/A
AMIC,NULL,1441138214802,0,100% bearish,of 1 rating,N/A
AETI,$3.3801,1441138214834,"1,769",67% bearish,of 3 ratings,N/A
ANAT,$97.69,1441138214860,"25,908",100% bullish,of 1 rating,N/A
APEI,$21.31,1441138214940,"51,811",100% bearish,of 1 rating,$25.50
AMRB,$9.91,1441138215038,"4,247",Not yet rated,NULL,$11
AMNB,$23.16,1441138215068,"4,414",Not yet rated,NULL,$25.50
ASEI,$38.16,1441138215118,"16,146",100% bearish,of 1 rating,$52.50
AMSWA,$8.71,1441138215169,"55,354",100% bearish,of 2 ratings,$10.75
ARII,$40,1441138215194,"162,580",67% bearish,of 3 ratings,$45
AMSC,$5.035,1441138215269,"150,144",50% bullish,of 4 ratings,N/A
CRMT,$35.77,1441138215329,"41,113",100% bearish,of 1 rating,$39
AMWD,$64.74,1441138215360,"65,899",50% bullish,of 2 ratings,$70
AMSF,$45.78,1441138215562,"15,091",Not yet rated,NULL,$57.50
ASRV,$3.25,1441138215587,"13,287",100% bullish,of 2 ratings,N/A
ASRVP,NULL,1441138215715,0,Not yet rated,NULL,N/A
AMPH,$13.28,1441138215742,"154,995",50% bullish,of 2 ratings,$20
ATLO,$22.48,1441138215764,"5,066",Not yet rated,NULL,N/A
FOLD,$14.27,1441138215796,"1,158,025",56% bullish,of 9 ratings,$21
AMGN,$147.49,1441138215825,"2,462,553",89% bullish,of 19 ratings,$185
ABCB,$26.36,1441138215930,"45,694",Not yet rated,NULL,$31
AMKR,$5.05,1441138216064,"1,163,836",100% bearish,of 2 ratings,$5
ASYS,$5.45,1441138216091,"25,413",67% bullish,of 3 ratings,$12
AMSG,$76,1441138216113,"194,622",100% bearish,of 1 rating,$85.50
AMSGP,$148.51,1441138216134,400,Not yet rated,NULL,N/A
AFSI,$56.01,1441138216174,"303,356",60% bullish,of 5 ratings,$72
ANAC,$129.36,1441138216269,"261,298",80% bullish,of 5 ratings,$180.50
ANCB,$21.84,1441138216446,"14,792",Not yet rated,NULL,$23
AMRS,$1.8,1441138216475,"76,779",70% bullish,of 10 ratings,N/A
ADI,$53.47,1441138216497,"1,624,101",75% bullish,of 4 ratings,$69
ALOG,$79.68,1441138216527,"54,864",100% bearish,of 2 ratings,$100.50
ANAD,$0.3,1441138216549,"153,197",100% bullish,of 2 ratings,$.50
AMCF,$0.2,1441138216782,"13,570",100% bullish,of 7 ratings,N/A
ABCW,$40,1441138216815,"18,224",67% bullish,of 3 ratings,N/A
ANGI,$5.095,1441138216848,"219,323",64% bullish,of 11 ratings,$5.50
ANIK,$34.59,1441138216883,"87,546",60% bullish,of 5 ratings,$51.25
ANSS,$86.62,1441138216909,"269,702",100% bearish,of 1 rating,$100
ANGO,$14.55,1441138216943,"45,440",67% bullish,of 3 ratings,$19
ANIP,$50.4453,1441138216976,"164,797",89% bullish,of 19 ratings,$66
ATRS,$1.815,1441138217006,"679,370",92% bullish,of 12 ratings,$4.50
ANTH,$6.77,1441138217109,"402,513",80% bullish,of 10 ratings,$13
ATNY,$2.42,1441138217320,"1,100",50% bullish,of 2 ratings,$3.75
ABAC,$0.7459,1441138217416,"7,128",100% bearish,of 1 rating,N/A
AINV,$6.32,1441138217443,"1,066,054",50% bullish,of 4 ratings,$8
APIC,$6.26,1441138217471,"78,803",100% bearish,of 1 rating,$19
APOG,$50.07,1441138217501,"74,894",50% bullish,of 2 ratings,$67
APOL,$10.81,1441138217526,"719,051",87% bearish,of 68 ratings,$14
APDN,$3.4919,1441138217602,"68,868",Not yet rated,NULL,$9
APPF,$15.22,1441138217695,"33,221",50% bullish,of 2 ratings,$22
ARCI,$1.12,1441138217728,"6,720",Not yet rated,NULL,N/A
AAPL,$108.19,1441138217762,"36,269,408",86% bullish,of 2358 ratings,$150
APDNW,$1.5,1441138217783,"13,780",Not yet rated,NULL,N/A
AMAT,$15.46,1441138217859,"8,605,307",82% bullish,of 11 ratings,$23
AMCC,$5.64,1441138217885,"271,847",80% bullish,of 5 ratings,$8
AAOI,$19.56,1441138217913,"142,573",50% bullish,of 4 ratings,$26
AGTC,$15.68,1441138218249,"38,468",50% bullish,of 2 ratings,$33
APRI,$1.774,1441138218276,"753,525",83% bullish,of 6 ratings,$4.86
AREX,$2.29,1441138218354,"1,521,014",50% bullish,of 2 ratings,$3
AUMA,$9.75,1441138218414,600,Not yet rated,NULL,N/A
APTO,$5.275,1441138218443,"1,153",Not yet rated,NULL,$17
AQMS,$4.84,1441138218485,"9,746",Not yet rated,NULL,N/A
ARDM,$7.42,1441138218516,"1,200",100% bullish,of 1 rating,$26
AQXP,$16.68,1441138218543,"121,565",50% bullish,of 2 ratings,$2
AUMAU,NULL,1441138218569,0,Not yet rated,NULL,N/A
ABIO,$0.91,1441138218832,"29,509",50% bullish,of 2 ratings,$3.75
PETX,$17.56,1441138218859,"138,168",100% bearish,of 2 ratings,$26
AUMAW,$0.25,1441138218880,100,Not yet rated,NULL,N/A
ABUS,$6.78,1441138218934,"255,799",86% bullish,of 14 ratings,$23
ARCW,$3.5,1441138219014,"5,813",100% bearish,of 2 ratings,$10.50
RKDA,$6.32,1441138219063,"7,592",100% bearish,of 2 ratings,$10
ACGL,$67.785,1441138219207,"309,719",50% bullish,of 2 ratings,$72
ARNA,$2.56,1441138219263,"1,310,945",90% bullish,of 78 ratings,$5.50
ARCB,$27.53,1441138219295,"107,411",67% bearish,of 3 ratings,$39.50
ARDX,$18.52,1441138219317,"52,597",50% bullish,of 2 ratings,$24.50
ACAT,$25.5,1441138219367,"53,592",100% bearish,of 3 ratings,$33
ARCC,$15.37,1441138219394,"1,260,478",67% bearish,of 3 ratings,$17.75
AGII,$54.98,1441138219602,"43,414",Not yet rated,NULL,$59.50
ARIS,$3.66,1441138219699,"9,856",Not yet rated,NULL,$4.50
ARIA,$9.181,1441138219744,"3,542,323",87% bullish,of 46 ratings,$9
ARGS,$6.2,1441138219774,"36,822",50% bullish,of 2 ratings,$19.50
AGIIL,$25.35,1441138219829,"3,535",Not yet rated,NULL,N/A
ARKR,$25.003,1441138219875,242,50% bullish,of 2 ratings,N/A
ARMH,$41.165,1441138219963,"726,344",54% bearish,of 13 ratings,$60
ARTX,$1.4699,1441138220005,"129,664",88% bullish,of 16 ratings,$4.50
ARWA,NULL,1441138220135,0,Not yet rated,NULL,N/A
ARWAR,NULL,1441138220164,0,Not yet rated,NULL,N/A
ARWAU,$10.2,1441138220194,200,100% bullish,of 1 rating,N/A
ARRY,$5.66,1441138220219,"862,636",100% bullish,of 7 ratings,$10
ARWAW,NULL,1441138220246,0,Not yet rated,NULL,N/A
ARQL,$1.63,1441138220274,"80,218",75% bullish,of 4 ratings,$5
DWAT,$9.6439,1441138220527,"9,100",100% bearish,of 1 rating,N/A
AROW,$26.774,1441138220583,"15,745",Not yet rated,NULL,N/A
ARRS,$25.57,1441138220608,"709,369",50% bullish,of 2 ratings,$38
ARTNA,$21.705,1441138220635,"12,771",100% bearish,of 1 rating,$29
ARWR,$5.64,1441138220661,"397,259",75% bullish,of 4 ratings,$10.50
ARTW,$3.9592,1441138220686,"12,614",75% bearish,of 4 ratings,N/A
ASBB,$24.11,1441138220815,100,Not yet rated,NULL,N/A
ASMI,NULL,1441138220946,0,NULL,NULL,NULL
ASNA,$12.02,1441138220981,"1,345,490",50% bullish,of 2 ratings,$18
ASCMA,$27.62,1441138221012,"55,519",100% bearish,of 1 rating,$45
ASTI,$0.21,1441138221040,"16,364,538",83% bullish,of 6 ratings,$3
APWC,$1.72,1441138221119,100,100% bearish,of 1 rating,N/A
ASML,$89.04,1441138221187,"475,806",50% bullish,of 4 ratings,$127
ASND,$19.3,1441138221248,"106,367",50% bullish,of 2 ratings,$30
ASMB,$13.64,1441138221285,"39,069",67% bullish,of 3 ratings,N/A
ASFI,$8.88,1441138221379,"8,500",100% bullish,of 1 rating,N/A
AZPN,$37.22,1441138221405,"319,714",50% bullish,of 2 ratings,$42
ASTE,$38.1661,1441138221486,"43,258",100% bearish,of 1 rating,$49
ATRO,$49.21,1441138221618,"56,182",100% bearish,of 2 ratings,$80
ASUR,$5.51,1441138221645,"5,038",50% bullish,of 2 ratings,$8
ALOT,$13.26,1441138221666,"1,396",100% bearish,of 1 rating,N/A
ASTC,$2.05,1441138221792,"20,956",100% bullish,of 5 ratings,N/A
ATAI,$2.44,1441138221862,"34,261",100% bearish,of 1 rating,N/A
ATHN,$129.66,1441138221891,"111,998",67% bearish,of 3 ratings,$153
ATHX,$1.12,1441138221924,"91,152",89% bullish,of 9 ratings,$5
ATRA,$38.82,1441138221956,"76,029",50% bullish,of 2 ratings,$68
AAME,$3.51,1441138222025,"1,403",Not yet rated,NULL,N/A
AFCB,NULL,1441138222052,0,Not yet rated,NULL,N/A
AAPC,$10.1,1441138222133,8,Not yet rated,NULL,N/A
ACFC,$5.4,1441138222238,"27,832",100% bearish,of 1 rating,$6.50
ATNI,$71.231,1441138222306,"35,752",100% bearish,of 1 rating,$69.50
AAWW,$38.4407,1441138222331,"264,392",50% bullish,of 2 ratings,$65
ATLC,$3.9,1441138222366,"19,411",67% bullish,of 3 ratings,N/A
ATOS,$0.7501,1441138222497,"32,899",100% bullish,of 7 ratings,$7
ATML,$7.881,1441138222579,"7,823,777",78% bullish,of 9 ratings,$9.50
ATRI,$378.165,1441138222625,"1,406",Not yet rated,NULL,N/A
AFH,$16.01,1441138222654,"42,290",Not yet rated,NULL,$21.50
ATRM,$2.72,1441138222711,400,50% bullish,of 2 ratings,N/A
ATRC,$23.82,1441138222743,"80,825",100% bullish,of 1 rating,$30
ATTU,$12.951,1441138222772,"48,987",100% bearish,of 1 rating,$20.50
LIFE,$14.01,1441138222839,"39,425",86% bullish,of 7 ratings,$43
AUBN,$26.85,1441138222911,"1,793",Not yet rated,NULL,N/A
ADAT,$0.2801,1441138223062,"98,497",100% bullish,of 2 ratings,N/A
AUPH,$3.4668,1441138223118,"53,906",100% bearish,of 1 rating,$8
AUDC,$3.26,1441138223148,"53,874",80% bullish,of 5 ratings,$5
EARS,$4.67,1441138223192,"13,473",100% bearish,of 2 ratings,$11
ABTL,$17.5,1441138223226,"46,191",100% bullish,of 4 ratings,$20.25
ADSK,$45.44,1441138223257,"2,345,357",67% bullish,of 6 ratings,$66
AVGO,$119,1441138223323,"2,195,703",88% bullish,of 8 ratings,$165
ADP,$74.98,1441138223348,"1,196,492",100% bearish,of 1 rating,$88
AAVL,$10.22,1441138223374,"186,127",100% bearish,of 1 rating,$20
AVID,$8.22,1441138223759,"307,352",100% bearish,of 1 rating,$20
AVNW,$1.19,1441138223844,"28,735",50% bullish,of 2 ratings,N/A
AVNU,$12.8099,1441138223885,"13,021",Not yet rated,NULL,$14
AVEO,$1.37,1441138223913,"516,178",75% bullish,of 8 ratings,$3
AVGR,$14.54,1441138223934,"14,439",100% bearish,of 1 rating,$20
CAR,$42.59,1441138224607,"795,320",80% bullish,of 5 ratings,$60
AWRE,$3.24,1441138225039,"8,237",67% bullish,of 3 ratings,N/A
AXPWW,$1.0001,1441138225071,100,Not yet rated,NULL,N/A
ACLS,$3.16,1441138225106,"270,960",67% bullish,of 6 ratings,$4.75
AXPW,$1.8399,1441138225291,"1,811,075",83% bullish,of 6 ratings,N/A
AXTI,$2.1532,1441138225351,"14,152",50% bullish,of 2 ratings,$2.75
BOSC,$2.1501,1441138225423,200,50% bullish,of 2 ratings,N/A
AXGN,$4.7089,1441138225571,"48,203",Not yet rated,NULL,$5
RILY,$9.75,1441138225601,400,Not yet rated,NULL,N/A
BEAV,$47.66,1441138225622,"768,559",67% bearish,of 3 ratings,$59
BIDU,$143.33,1441138225675,"2,184,952",81% bullish,of 88 ratings,$210
BLDP,$1.34,1441138225882,"204,366",91% bullish,of 22 ratings,$2.50
BWINB,$22.5499,1441138225908,"4,200",Not yet rated,NULL,N/A
BWINA,NULL,1441138225948,0,Not yet rated,NULL,N/A
BCPC,$57.55,1441138226045,"68,114",100% bearish,of 1 rating,$75
BANFP,NULL,1441138226203,0,Not yet rated,NULL,N/A
BCOM,NULL,1441138226237,0,100% bearish,of 1 rating,N/A
BANF,$58.08,1441138226258,"14,023",Not yet rated,NULL,$68
BKMU,$6.97,1441138226346,"37,956",Not yet rated,NULL,$8
BKSC,$16.98,1441138226398,100,Not yet rated,NULL,N/A
BOTJ,$11.11,1441138226429,25,Not yet rated,NULL,N/A
BOCH,$5.7741,1441138226479,"6,457",Not yet rated,NULL,$6.50
OZRK,$39.13,1441138226563,"434,030",67% bullish,of 3 ratings,$49.50
BMRC,$47.915,1441138226611,"5,937",Not yet rated,NULL,$52
BFIN,$12.17,1441138226636,"11,050",Not yet rated,NULL,$13
BWFG,$18.19,1441138226765,400,100% bearish,of 1 rating,N/A
BANR,$43.12,1441138226800,"54,891",100% bullish,of 3 ratings,$50
BZUN,$4.91,1441138226841,"133,089",50% bullish,of 2 ratings,$11.50
BHAC,$9.82,1441138227102,520,Not yet rated,NULL,N/A
BHACR,NULL,1441138227133,0,Not yet rated,NULL,N/A
BHACW,NULL,1441138227159,0,Not yet rated,NULL,N/A
BBSI,$34.2267,1441138227185,"30,407",67% bearish,of 3 ratings,$62.50
BHACU,NULL,1441138227231,0,Not yet rated,NULL,N/A
BV,$5.18,1441138227317,"297,390",67% bullish,of 6 ratings,$9
BSET,$28.08,1441138227347,"38,988",100% bearish,of 1 rating,$35
TAPR,$32.58,1441138227368,550,100% bearish,of 1 rating,N/A
BCBP,$11.54,1441138227521,892,Not yet rated,NULL,N/A
BDCV,$4.95,1441138227652,"7,981",100% bearish,of 1 rating,$10.19
BBCN,$13.87,1441138227685,"175,195",100% bearish,of 1 rating,$16
BECN,$35.06,1441138227750,"122,600",50% bullish,of 2 ratings,$40
BYBK,$5,1441138227782,"1,113",100% bearish,of 1 rating,N/A
BYLK,$13,1441138227803,"17,808",Not yet rated,NULL,$14
BSF,$8.3,1441138227884,"5,213",Not yet rated,NULL,N/A
BBGI,$4.25,1441138228018,549,100% bearish,of 1 rating,N/A
BEBE,$1.27,1441138228059,"447,076",75% bullish,of 4 ratings,$2.125
BELFA,$14.87,1441138228120,218,100% bearish,of 1 rating,N/A
BBBY,$60.8,1441138228192,"930,770",71% bullish,of 7 ratings,$75
BNFT,$35.38,1441138228259,"89,563",67% bullish,of 3 ratings,$46
BELFB,$17.59,1441138228289,"19,100",100% bearish,of 1 rating,N/A
BLPH,$4.54,1441138228321,"35,184",100% bearish,of 1 rating,$12.50
BLCM,$16.4,1441138228389,"71,769",50% bullish,of 4 ratings,$40
BNCL,$12.275,1441138228416,"296,479",100% bullish,of 3 ratings,$12.50
BGMD,$0.67,1441138228625,"77,890",100% bullish,of 10 ratings,N/A
BNTC,$7.66,1441138228650,"7,447",100% bullish,of 1 rating,N/A
BGCP,$8.695,1441138228676,"699,452",88% bullish,of 8 ratings,$14
BGFV,$11.0885,1441138228718,"86,257",57% bullish,of 7 ratings,$12
BASI,$1.64,1441138228827,"2,625",Not yet rated,NULL,N/A
BIND,$4.71,1441138228854,"90,227",75% bullish,of 4 ratings,$13.50
ORPN,$5.7199,1441138228933,"6,511",100% bullish,of 1 rating,$28.50
BCRX,$11.17,1441138228983,"531,511",63% bullish,of 8 ratings,$18
BIOD,$0.725,1441138229020,"153,060",80% bullish,of 5 ratings,$4
BCDA,NULL,1441138229041,0,Not yet rated,NULL,N/A
BDSI,$6.41,1441138229118,"701,953",88% bullish,of 8 ratings,$17
BIOC,$1.96,1441138229150,"92,697",83% bullish,of 6 ratings,$3.85
BIIB,$292.46,1441138229177,"1,031,440",88% bullish,of 16 ratings,$400
BIOL,$1.47,1441138229364,"25,773",Not yet rated,NULL,N/A
BLRX,$1.5,1441138229392,"103,262",100% bullish,of 12 ratings,$5
BLFS,$2.3799,1441138229587,"425,284",100% bearish,of 1 rating,$4.75
BVXV,$3.53,1441138229618,"5,812",Not yet rated,NULL,N/A
BMRN,$124.74,1441138229644,"545,544",80% bullish,of 5 ratings,$160
BPTH,$1.16,1441138229670,"337,587",100% bullish,of 2 ratings,$5
BVXVW,$0.75,1441138229721,"4,700",100% bearish,of 1 rating,N/A
BIOS,$2.385,1441138229814,"703,446",71% bullish,of 7 ratings,$4
BBC,$30.56,1441138229848,"14,229",Not yet rated,NULL,N/A
BRLI,NULL,1441138229894,0,NULL,NULL,NULL
BSPM,$0.64,1441138229977,"21,393",50% bullish,of 2 ratings,N/A
BSTC,$47.616,1441138230025,"20,299",100% bearish,of 1 rating,$76
BBP,$31.78,1441138230079,"25,555",Not yet rated,NULL,N/A
BOTA,$2.18,1441138230232,"28,785",88% bullish,of 8 ratings,N/A
BEAT,$14.365,1441138230330,"351,683",67% bearish,of 3 ratings,$15
TECH,$92.1623,1441138230486,"81,673",100% bullish,of 1 rating,$117
BDMS,NULL,1441138230514,0,100% bearish,of 1 rating,N/A
BITI,$17,1441138230536,"7,386",100% bullish,of 1 rating,$28
BBOX,$14.74,1441138230669,"56,518",100% bearish,of 1 rating,N/A
BJRI,$43.171,1441138230697,"120,949",50% bullish,of 2 ratings,$55
BDE,$7.06,1441138230721,"87,076",50% bullish,of 2 ratings,$9
BBRY,$7.31,1441138230742,"2,514,829",61% bullish,of 330 ratings,$9
BLKB,$55.36,1441138230777,"82,900",100% bearish,of 2 ratings,$66
HAWK,$37.95,1441138230973,"271,987",91% bullish,of 11 ratings,$49
ADRU,$21.1812,1441138231006,100,100% bearish,of 1 rating,N/A
BKCC,$9.27,1441138231039,"142,080",50% bullish,of 2 ratings,$10
ADRD,$21.38,1441138231065,"87,081",100% bearish,of 1 rating,N/A
ADRA,$26.12,1441138231092,"9,122",100% bearish,of 1 rating,N/A
ADRE,$28.92,1441138231138,"3,812",100% bearish,of 1 rating,N/A
BLMN,$20.57,1441138231399,"882,256",83% bullish,of 6 ratings,$27.50
BCOR,$13.41,1441138231425,"148,015",57% bullish,of 7 ratings,$15
BLBD,$11.755,1441138231459,"6,396",Not yet rated,NULL,N/A
BBLU,$0.78,1441138231558,"67,818",100% bullish,of 2 ratings,$4.43
BUFF,$24.38,1441138231585,"561,083",83% bullish,of 12 ratings,$31.50
BKEP,$6.08,1441138231643,"12,895",100% bearish,of 1 rating,$8.50
BLUE,$130.461,1441138231669,"280,036",71% bullish,of 7 ratings,$217.50
NILE,$33.61,1441138231747,"50,514",50% bullish,of 2 ratings,$34
BKEPP,$7.49,1441138231805,"1,700",100% bearish,of 1 rating,N/A
BPMC,$27.49,1441138231832,"53,766",50% bullish,of 2 ratings,$47.50
BHBK,$13.5948,1441138231970,"56,777",100% bullish,of 1 rating,$14.50
BOBE,$45.12,1441138232005,"158,771",75% bullish,of 4 ratings,$57
BNCN,$20.54,1441138232038,"50,911",Not yet rated,NULL,$24
BOFI,$109.56,1441138232076,"198,644",100% bullish,of 6 ratings,$144
WIFI,$7.39,1441138232101,"106,850",50% bullish,of 2 ratings,$13.50
BOJA,$20.79,1441138232136,"92,647",100% bullish,of 1 rating,$30
EPAY,$26.358,1441138232486,"80,670",100% bearish,of 2 ratings,$30
BOKF,$60.3,1441138232517,"161,954",100% bearish,of 1 rating,$69
BAMM,$3.18,1441138232538,"9,974",60% bullish,of 5 ratings,N/A
BONA,$11.31,1441138232567,"106,138",75% bullish,of 4 ratings,$8.50
BPFH,$11.421,1441138232603,"307,893",100% bearish,of 1 rating,$14
BNSO,$1.31,1441138232624,"2,000",100% bearish,of 1 rating,N/A
BPFHP,$25,1441138232654,"2,940",100% bearish,of 1 rating,N/A
BCLI,$3.02,1441138232713,"29,031",80% bullish,of 5 ratings,$12
BPFHW,NULL,1441138232849,0,100% bearish,of 1 rating,N/A
BBEPP,$14.04,1441138232912,"39,362",100% bearish,of 1 rating,N/A
BBEP,$2.66,1441138232937,"1,135,900",69% bullish,of 13 ratings,$5.625
BBRG,$12.09,1441138233070,"56,777",67% bullish,of 3 ratings,$14.50
BDBD,$8.275,1441138233100,"599,597",60% bullish,of 5 ratings,$10
BDGE,$26.01,1441138233165,"8,027",Not yet rated,NULL,$31.75
BCOV,$5.12,1441138233200,"68,607",67% bullish,of 3 ratings,$10.20
BRID,$8.1601,1441138233256,"1,000",100% bearish,of 1 rating,N/A
BSFT,$31.69,1441138233326,"119,421",57% bullish,of 7 ratings,$40.50
BLIN,$1.33,1441138233359,600,100% bullish,of 2 ratings,$2.20
BRCM,$49.84,1441138233427,"4,061,814",69% bullish,of 13 ratings,$56
BYFC,$1.45,1441138233506,502,50% bullish,of 2 ratings,N/A
BVSN,$6.07,1441138233637,"2,000",60% bearish,of 5 ratings,N/A
BWEN,$3.1,1441138233669,"10,743",75% bullish,of 4 ratings,$8
BRKL,$10.1,1441138233691,"304,199",100% bearish,of 1 rating,$10.75
BRCD,$10.185,1441138233726,"2,210,888",92% bullish,of 13 ratings,$11.50
BRKS,$10.11,1441138233772,"79,754",67% bullish,of 3 ratings,$15.25
BRKR,$17.82,1441138233834,"303,349",100% bearish,of 2 ratings,$22
BLMT,$20.72,1441138233968,"6,849",Not yet rated,NULL,N/A
BMTC,$28.71,1441138233995,"33,350",Not yet rated,NULL,$34
BSQR,$5.9801,1441138234026,"34,832",67% bullish,of 3 ratings,N/A
BUR,$1.797,1441138234129,"4,294",100% bearish,of 1 rating,$8
BWLD,$190.571,1441138234194,"228,580",82% bullish,of 11 ratings,$205
CA,$26.48,1441138234323,"1,400,784",50% bullish,of 4 ratings,$33
CFFI,$35,1441138234349,749,100% bearish,of 1 rating,N/A
BLDR,$14.33,1441138234374,"531,234",67% bullish,of 3 ratings,$22
CCMP,$41.84,1441138234412,"30,402",50% bullish,of 2 ratings,$59
CHRW,$65.89,1441138234441,"777,206",Not yet rated,NULL,$72
CDNS,$19.68,1441138234543,"1,121,889",75% bullish,of 4 ratings,$22.50
CZR,$9.03,1441138234700,"520,798",60% bearish,of 5 ratings,$10.50
CACQ,$7.18,1441138234745,"36,614",100% bearish,of 1 rating,$12.25
PRSS,$4.4199,1441138234771,"17,936",80% bullish,of 5 ratings,$4.50
CDZI,$8.01,1441138234805,"14,439",100% bearish,of 1 rating,N/A
CSTE,$38.76,1441138234836,"104,481",50% bullish,of 2 ratings,$65
CLMS,$10.03,1441138234905,"43,623",Not yet rated,NULL,$10.50
CLBS,$1.6979,1441138234933,"329,182",79% bullish,of 14 ratings,$4
CHY,$11.2,1441138235103,"290,803",Not yet rated,NULL,N/A
CHI,$10.4119,1441138235147,"235,281",100% bearish,of 1 rating,N/A
CHW,$7.3866,1441138235204,"121,692",100% bearish,of 1 rating,N/A
CGO,$11.83,1441138235336,"23,654",100% bearish,of 1 rating,N/A
CCD,$18.9601,1441138235410,"140,109",Not yet rated,NULL,N/A
CFGE,$10.34,1441138235466,80,Not yet rated,NULL,N/A
CVGW,$56.36,1441138235496,"63,053",50% bullish,of 2 ratings,$62
CSQ,$9.69,1441138235526,"340,178",Not yet rated,NULL,N/A
CAMP,$16.0114,1441138235632,"311,153",88% bullish,of 8 ratings,$25
CALA,$5.465,1441138235661,"201,429",100% bullish,of 3 ratings,$19.50
CFNB,$13.26,1441138235688,101,100% bearish,of 1 rating,N/A
CALD,$15.7,1441138235713,"311,218",100% bearish,of 1 rating,$21
CALM,$51.6,1441138235932,"334,809",80% bullish,of 5 ratings,$63.50
CLMT,$25.2997,1441138235962,"124,843",75% bullish,of 8 ratings,$31
CAMB,$9.95,1441138236039,"1,856",Not yet rated,NULL,N/A
CAMBU,NULL,1441138236140,0,100% bearish,of 1 rating,N/A
ABCD,$4.9953,1441138236166,"79,810",83% bullish,of 6 ratings,N/A
CAC,$40.05,1441138236192,"7,682",Not yet rated,NULL,N/A
CAMBW,NULL,1441138236216,0,Not yet rated,NULL,N/A
CSIQ,$17.95,1441138236674,"1,143,502",86% bullish,of 28 ratings,$42.50
CAMT,$2.57,1441138236727,"22,859",73% bullish,of 11 ratings,$4
CPHC,NULL,1441138236754,0,100% bearish,of 1 rating,N/A
CGIX,$9.47,1441138236784,"12,131",67% bullish,of 3 ratings,$14.375
CBF,$29.64,1441138236922,"144,891",Not yet rated,NULL,$32
CPLP,$6.92,1441138236985,"138,991",71% bullish,of 7 ratings,$11
CBNJ,$11.035,1441138237056,"16,891",100% bearish,of 1 rating,N/A
CCBG,$14.82,1441138237115,"16,790",Not yet rated,NULL,$17.25
CPLA,$47.7,1441138237214,"58,279",67% bearish,of 3 ratings,$65
CSWC,$44.97,1441138237250,"12,831",Not yet rated,NULL,N/A
CPTA,$13.72,1441138237351,"30,129",100% bearish,of 1 rating,$18.50
CFFN,$11.72,1441138237384,"669,180",Not yet rated,NULL,$12.75
CAPR,$4.48,1441138237447,"14,761",Not yet rated,NULL,$12
CPST,$0.3806,1441138237478,"636,488",95% bullish,of 22 ratings,$1.25
CAPNW,NULL,1441138237529,0,Not yet rated,NULL,N/A
CARA,$18.52,1441138237666,"90,137",50% bullish,of 4 ratings,$25
CAPN,$2.17,1441138237736,"69,907",100% bullish,of 1 rating,$10.85
CBYL,$5.07,1441138237807,"9,386",100% bearish,of 1 rating,$20
CRDC,$0.336,1441138237877,"219,471",100% bullish,of 1 rating,$1.25
CFNL,$21.53,1441138237964,"54,069",Not yet rated,NULL,$24
CARB,$11.02,1441138237989,"85,042",75% bullish,of 4 ratings,$12
CDNA,$6.93,1441138238192,"3,403",100% bearish,of 1 rating,$9
CSII,$23.3869,1441138238225,"189,695",100% bearish,of 2 ratings,$42.125
CECO,$3.62,1441138238250,"161,059",67% bearish,of 3 ratings,$6
CRME,$8.8,1441138238276,"10,088",89% bullish,of 9 ratings,$11.25
CTRE,$10.83,1441138238326,"159,414",50% bullish,of 2 ratings,$13.50
CATM,$33.77,1441138238407,"263,216",100% bearish,of 1 rating,$44
CLBH,$12.599,1441138238436,"3,324",Not yet rated,NULL,$16.50
CKEC,$23.1,1441138238514,"120,306",50% bullish,of 2 ratings,$35.915
CART,$5.3499,1441138238592,100,100% bearish,of 1 rating,N/A
CARO,$15.28,1441138238646,"5,380",100% bearish,of 1 rating,$19
CRZO,$33.98,1441138238674,"802,513",67% bearish,of 3 ratings,$54.50
CARV,$5.8101,1441138238948,100,50% bullish,of 2 ratings,N/A
TAST,$12.66,1441138238982,"99,314",Not yet rated,NULL,$14.25
CASM,$1.16,1441138239077,"44,684",100% bullish,of 1 rating,$3.50
CSCD,$14.95,1441138239107,"13,953",100% bullish,of 2 ratings,$17
CACB,$5.25,1441138239134,"34,008",Not yet rated,NULL,$5.50
CWST,$5.99,1441138239162,"41,359",50% bullish,of 2 ratings,$7.25
CRTN,$2.51,1441138239190,404,100% bearish,of 1 rating,N/A
CASY,$104.67,1441138239215,"164,150",50% bullish,of 2 ratings,$99.50
CASS,$47.5,1441138239461,"12,053",100% bearish,of 1 rating,N/A
CPRX,$3.61,1441138239547,"308,101",71% bullish,of 7 ratings,$7
CATYW,NULL,1441138239593,0,100% bearish,of 1 rating,N/A
CASI,$1.44,1441138239618,"3,448",100% bullish,of 1 rating,$3.50
CATY,$28.33,1441138239646,"333,309",100% bearish,of 1 rating,$33.50
CATB,$10.69,1441138239667,"14,712",100% bearish,of 1 rating,$28
CAVM,$65.54,1441138239800,"216,714",67% bearish,of 3 ratings,$72
CVCO,$70.89,1441138240688,"20,305",100% bearish,of 1 rating,N/A
CNLM,NULL,1441138240850,0,Not yet rated,NULL,N/A
CNLMR,$0.34,1441138240881,114,Not yet rated,NULL,N/A
CNLMW,$0.3,1441138240951,"3,100",Not yet rated,NULL,N/A
CBFV,$21,1441138241024,"3,750",Not yet rated,NULL,$25
CNLMU,NULL,1441138241094,0,100% bullish,of 1 rating,N/A
CBOE,$62.44,1441138241306,"227,196",Not yet rated,NULL,$60
CDW,$38.22,1441138241780,"464,560",75% bullish,of 4 ratings,$44
CELG,$115.56,1441138241934,"3,076,132",92% bullish,of 13 ratings,$155.50
CDK,$47.71,1441138241988,"363,247",67% bearish,of 3 ratings,$50
CPXX,$2.23,1441138242088,"70,263",100% bullish,of 2 ratings,$7
CELGZ,$1.76,1441138242159,"10,200",80% bullish,of 5 ratings,N/A
CLDN,$1.15,1441138242189,"157,873",71% bullish,of 7 ratings,$3
CLDX,$14.34,1441138242263,"638,162",89% bullish,of 9 ratings,$36
CECE,$9.24,1441138242291,"54,307",50% bullish,of 2 ratings,$16
CLRBW,NULL,1441138242320,0,Not yet rated,NULL,N/A
CLTX,$2.53,1441138242428,"119,367",100% bullish,of 2 ratings,N/A
CLRB,$3.07,1441138242459,"3,360",100% bearish,of 1 rating,N/A
CBMG,$22.89,1441138242484,"65,031",50% bullish,of 2 ratings,N/A
CLSN,$2.0395,1441138242520,"32,009",80% bullish,of 10 ratings,$7.50
CLLS,$32.68,1441138242542,"54,005",75% bullish,of 4 ratings,$51.50
CYAD,$48,1441138242618,"1,260",100% bullish,of 1 rating,$87.50
CEMP,$33.37,1441138242761,"287,692",71% bullish,of 7 ratings,$52
CSFL,$13.27,1441138242908,"65,383",Not yet rated,NULL,$15
CETX,$2.4499,1441138242955,"29,501",Not yet rated,NULL,$5.60
CETV,$2.09,1441138243087,"45,525",67% bullish,of 3 ratings,$2.80
CFBK,$1.34,1441138243115,200,Not yet rated,NULL,N/A
CVCY,$11.28,1441138243148,"1,255",Not yet rated,NULL,$12
CENX,$5.275,1441138243179,"1,498,677",67% bullish,of 6 ratings,$9
CNBKA,$40.35,1441138243247,"1,400",50% bullish,of 2 ratings,N/A
CENTA,$12.82,1441138243275,"131,787",Not yet rated,NULL,N/A
CENT,$12.4603,1441138243304,"55,310",Not yet rated,NULL,$10
CNTY,$5.85,1441138243336,"7,691",80% bullish,of 5 ratings,$7.75
CRNT,$1.4399,1441138243518,"83,719",50% bullish,of 2 ratings,$2
CERN,$59.84,1441138243551,"1,090,900",67% bullish,of 3 ratings,$79
CPHD,$47.03,1441138243577,"352,027",67% bearish,of 3 ratings,$66.50
CERE,$1.08,1441138243602,"255,928",88% bullish,of 8 ratings,N/A
KOOL,$0.69,1441138243855,"64,637",100% bullish,of 5 ratings,$7
CERS,$4.72,1441138243883,"288,452",75% bullish,of 4 ratings,$7
CYOU,$19.0598,1441138243942,"105,532",50% bullish,of 6 ratings,$24
HOTR,$1.4499,1441138243967,"178,064",100% bullish,of 2 ratings,$5
HOTRW,NULL,1441138244035,0,Not yet rated,NULL,N/A
CEVA,$18.91,1441138244107,"49,858",100% bearish,of 1 rating,$25
GTLS,$23.56,1441138244203,"273,579",50% bullish,of 4 ratings,$40
CTHR,$1.29,1441138244235,"6,649",50% bullish,of 2 ratings,$2.50
CHTR,$177.76,1441138244280,"722,229",100% bearish,of 2 ratings,$202
CHFN,$12.23,1441138244335,"9,327",Not yet rated,NULL,$14
CERU,$4.2499,1441138244381,"41,195",75% bullish,of 4 ratings,$14
CHKP,$77.23,1441138244410,"1,065,478",50% bullish,of 4 ratings,$92
CHEK,$2.16,1441138244552,"2,475",Not yet rated,NULL,$7.75
CEMI,$4.2,1441138244614,"13,014",50% bullish,of 2 ratings,$7.50
CHEKW,NULL,1441138244683,0,Not yet rated,NULL,N/A
CHFC,$30.8,1441138244710,"29,209",100% bearish,of 1 rating,$36
CCXI,$6.19,1441138244739,"57,794",67% bullish,of 3 ratings,$14
CHKE,$25.58,1441138244841,"13,537",100% bearish,of 1 rating,$32.50
CHMG,$26.35,1441138244916,700,Not yet rated,NULL,$30
CHMA,$26.1,1441138244970,"73,578",Not yet rated,NULL,$40
CHEV,$14.53,1441138244995,679,Not yet rated,NULL,N/A
PLCE,$58.49,1441138245065,"125,731",100% bearish,of 1 rating,$69
CMRX,$47.54,1441138245127,"127,756",50% bullish,of 2 ratings,$57
CBNK,$16.39,1441138245166,600,100% bearish,of 1 rating,N/A
CADC,$2.99,1441138245195,"2,900",78% bullish,of 9 ratings,N/A
CALI,$0.85,1441138245420,"10,357",67% bullish,of 3 ratings,N/A
CAAS,$6.08,1441138245619,"10,138",93% bullish,of 14 ratings,$11.50
CBAK,$1.84,1441138245646,"24,060",67% bullish,of 9 ratings,N/A
CBPO,$92.8,1441138245671,"107,111",75% bullish,of 8 ratings,$140.50
CCCL,$0.7799,1441138245934,"1,200",100% bullish,of 6 ratings,N/A
CCCR,$0.6899,1441138245976,"1,945",67% bearish,of 3 ratings,N/A
CHOP,$1.1399,1441138246003,"10,399",50% bullish,of 2 ratings,N/A
HGSH,$1.7916,1441138246069,"7,600",67% bullish,of 3 ratings,N/A
CHLN,$1.9507,1441138246095,"2,300",67% bullish,of 3 ratings,N/A
CNIT,$1.25,1441138246130,"86,295",67% bullish,of 6 ratings,N/A
JRJC,$3.42,1441138246172,"68,815",82% bullish,of 11 ratings,N/A
HTHT,$25.4813,1441138246277,"62,063",50% bullish,of 2 ratings,$28.40
CJJD,$1.8101,1441138246305,"3,801",100% bullish,of 1 rating,N/A
CREG,$0.66,1441138246364,"9,649",100% bullish,of 3 ratings,N/A
CPGI,$6.84,1441138246394,200,Not yet rated,NULL,N/A
CSUN,$1.3801,1441138246448,"21,107",80% bullish,of 5 ratings,N/A
CHNR,$1.53,1441138246501,600,100% bearish,of 1 rating,N/A
CXDC,$5.78,1441138246604,"25,262",67% bearish,of 3 ratings,N/A
CNYD,$3.05,1441138246734,"4,602",67% bullish,of 3 ratings,N/A
CNTF,$0.8001,1441138246770,"51,979",Not yet rated,NULL,N/A
CCIH,$7.187,1441138246792,"162,563",67% bullish,of 6 ratings,$12.65
CNET,$0.8141,1441138246868,"34,908",50% bullish,of 2 ratings,N/A
IMOS,$18.69,1441138246897,"138,318",60% bullish,of 5 ratings,$21.50
CHSCN,$26.8752,1441138247003,"9,985",Not yet rated,NULL,N/A
CHSCM,$26.33,1441138247094,"14,048",Not yet rated,NULL,N/A
CHSCL,$27.15,1441138247129,"20,329",Not yet rated,NULL,N/A
CHSCP,$30.56,1441138247158,"1,742",Not yet rated,NULL,N/A
CHDN,$131.69,1441138247180,"45,238",Not yet rated,NULL,$165
CHUY,$30.92,1441138247224,"92,837",50% bullish,of 2 ratings,$34
CDTX,$14.08,1441138247370,"24,748",Not yet rated,NULL,$22
CHSCO,$28.4,1441138247395,"2,941",Not yet rated,NULL,N/A
CMCT,$15.3,1441138247696,808,100% bearish,of 1 rating,N/A
CMPR,$67.97,1441138247721,"188,423",50% bullish,of 2 ratings,$72.50
CINF,$50.89,1441138247850,"395,863",50% bullish,of 4 ratings,$50.50
CIDM,$0.5533,1441138247948,"119,419",50% bullish,of 2 ratings,$2.10
CIFC,$6.88,1441138247977,"2,100",100% bearish,of 1 rating,N/A
CSCO,$25.105,1441138248005,"15,189,806",83% bullish,of 210 ratings,$32
CPHR,$5.16,1441138248026,"9,050",100% bearish,of 1 rating,$17
CTAS,$82.97,1441138248047,"257,557",100% bearish,of 1 rating,$91
CZWI,$8.97,1441138248191,979,Not yet rated,NULL,N/A
CZNC,$19.39,1441138248221,"6,215",Not yet rated,NULL,N/A
CRUS,$28.99,1441138248294,"432,765",75% bullish,of 12 ratings,$44.50
CTRN,$25.88,1441138248322,"48,980",100% bearish,of 1 rating,$31.50
CIZN,NULL,1441138248357,0,Not yet rated,NULL,N/A
CZFC,$12.71,1441138248472,"1,882",Not yet rated,NULL,N/A
CTXS,$65.31,1441138248500,"1,122,076",86% bullish,of 7 ratings,$80
CHCO,$46.11,1441138248684,"22,232",Not yet rated,NULL,$46
CIVB,$10.2499,1441138248709,"4,619",Not yet rated,NULL,$11
CIVBP,NULL,1441138248746,0,Not yet rated,NULL,N/A
CLNE,$4.83,1441138248784,"637,046",80% bullish,of 15 ratings,$9
CLFD,$16.72,1441138248930,"58,662",67% bullish,of 3 ratings,$18
CDTI,$1.57,1441138249031,"73,220",75% bullish,of 4 ratings,$3.20
CLRO,$11.35,1441138249060,"1,952",50% bullish,of 2 ratings,$14.25
CBLI,$3.98,1441138249164,"39,107",60% bullish,of 5 ratings,N/A
CLNT,$1.41,1441138249193,"18,055",75% bullish,of 8 ratings,N/A
CLIR,$4.69,1441138249223,"20,395",100% bullish,of 3 ratings,N/A
CLVS,$78.965,1441138249255,"409,675",60% bullish,of 5 ratings,$101.50
CSBK,$13.56,1441138249294,"43,115",Not yet rated,NULL,N/A
CMFN,$11.35,1441138249322,"4,366",100% bearish,of 1 rating,$15.50
CCNE,$17,1441138249507,"9,148",50% bullish,of 2 ratings,$21.50
CISG,$7.6,1441138249591,"50,981",100% bullish,of 5 ratings,$10
CME,$90.88,1441138249654,"729,828",67% bullish,of 3 ratings,$102
CNV,$4.46,1441138249736,"28,230",50% bullish,of 2 ratings,$7.15
CWAY,$11.12,1441138249761,"2,604",Not yet rated,NULL,N/A
COKE,$152.49,1441138249787,"19,306",79% bullish,of 19 ratings,N/A
CDXS,$3.63,1441138249919,"12,970",64% bullish,of 11 ratings,$6
COBZ,$12.48,1441138249951,"29,446",100% bullish,of 1 rating,$14
CDRB,$11.89,1441138250029,"9,587",67% bullish,of 3 ratings,N/A
JVA,$4.5848,1441138250062,"10,853",83% bullish,of 6 ratings,$7
CCOI,$27.18,1441138250130,"162,822",50% bullish,of 4 ratings,$35
CGNX,$34.2,1441138250157,"238,777",50% bullish,of 2 ratings,$47
CGNT,$1.53,1441138250184,"5,532",100% bullish,of 2 ratings,$2
CVLY,$20.58,1441138250222,866,Not yet rated,NULL,N/A
COHR,$55.44,1441138250431,"48,355",50% bullish,of 2 ratings,$72
CTSH,$61.1,1441138250463,"2,172,226",90% bullish,of 10 ratings,$75
CHRS,$27.01,1441138250526,"42,494",67% bearish,of 3 ratings,$37
COHU,$9.36,1441138250559,"49,948",100% bearish,of 1 rating,$14.25
CLCT,$17.71,1441138250694,"43,472",100% bearish,of 1 rating,N/A
CLRX,$0.669,1441138250720,"144,452",50% bullish,of 2 ratings,N/A
COLL,$13.07,1441138250750,"91,795",100% bearish,of 1 rating,$26
CBAN,$8.8,1441138250782,400,Not yet rated,NULL,N/A
COLB,$29.151,1441138250854,"113,245",Not yet rated,NULL,$36
CLCD,$6.26,1441138250884,"36,882",100% bearish,of 1 rating,$20.50
CIGI,$43.62,1441138250926,"65,367",100% bearish,of 1 rating,$52
CMCO,$18.48,1441138250988,"57,562",60% bullish,of 5 ratings,$28
COLM,$60.031,1441138251023,"62,188",100% bearish,of 1 rating,$71
CMCSA,$55,1441138251120,"6,876,926",66% bullish,of 35 ratings,$69.50
CBMX,$1.13,1441138251148,"17,457",83% bullish,of 6 ratings,$3.15
CMCSK,$56.22,1441138251211,"2,183,482",Not yet rated,NULL,$84
CBSH,$42.88,1441138251343,"147,689",50% bullish,of 2 ratings,$46
CVGI,$4.7811,1441138251627,"87,603",50% bullish,of 2 ratings,$6
CUBN,NULL,1441138251658,0,Not yet rated,NULL,N/A
COMM,$31.67,1441138251702,"753,982",67% bearish,of 3 ratings,$35
CSAL,$20.1,1441138251730,"412,776",75% bullish,of 4 ratings,$30
CTBI,$34.155,1441138251756,"14,855",Not yet rated,NULL,$36
ESXB,$5.08,1441138251788,"9,400",Not yet rated,NULL,N/A
CBSHP,$25.39,1441138251897,"2,406",100% bearish,of 1 rating,N/A
JCS,$9.015,1441138251925,"4,557",67% bullish,of 3 ratings,N/A
CYHHZ,$0.0109,1441138252003,"69,946",100% bullish,of 1 rating,N/A
COB,$10.37,1441138252171,"8,351",100% bullish,of 1 rating,$11.75
CWBC,$6.83,1441138252197,"4,944",Not yet rated,NULL,N/A
CVLT,$35.08,1441138252229,"246,335",75% bullish,of 4 ratings,$44.50
CID,$32.56,1441138252337,"1,100",Not yet rated,NULL,N/A
CIL,$32.64,1441138252378,800,Not yet rated,NULL,N/A
CFO,$34.41,1441138252567,"108,174",100% bearish,of 1 rating,N/A
CDC,$33.8099,1441138252596,"7,324",Not yet rated,NULL,N/A
CIZ,$32.4899,1441138252627,572,100% bearish,of 1 rating,N/A
CSA,NULL,1441138252700,0,Not yet rated,NULL,N/A
CSF,$36.06,1441138252728,"1,760",100% bearish,of 1 rating,N/A
CDL,NULL,1441138252973,0,Not yet rated,NULL,N/A
CSB,$32.35,1441138253020,"1,050",Not yet rated,NULL,N/A
CGEN,$4.907,1441138253048,"57,223",50% bullish,of 2 ratings,$11
CPSI,$45.65,1441138253074,"47,887",100% bearish,of 1 rating,$45.50
CTG,$6.51,1441138253099,"22,783",100% bearish,of 1 rating,$8.50
CFA,$34.575,1441138253126,"1,000",100% bearish,of 1 rating,N/A
CHCI,$0.67,1441138253304,"6,410",50% bullish,of 2 ratings,N/A
SCOR,$48.11,1441138253358,"314,205",100% bearish,of 1 rating,$66
CMTL,$25.73,1441138253389,"23,005",100% bearish,of 2 ratings,$37
CNSI,$18.11,1441138253491,"45,941",100% bearish,of 2 ratings,$29
CNCE,$15.65,1441138253530,"117,359",75% bullish,of 4 ratings,$22
CNAT,$3.73,1441138253557,"112,890",83% bullish,of 6 ratings,$13
CXRX,$77.2119,1441138253626,832,100% bearish,of 1 rating,$90
CCUR,$5.4599,1441138253655,"26,762",75% bullish,of 4 ratings,N/A
CDOR,$1.3,1441138253754,"6,833",100% bullish,of 1 rating,N/A
CDORP,$6.41,1441138253814,"5,866",100% bearish,of 1 rating,N/A
CDORO,NULL,1441138253853,0,100% bearish,of 1 rating,N/A
CNOB,$18.71,1441138254071,"47,804",100% bullish,of 1 rating,$23.50
CTWS,$34.76,1441138254099,"18,402",100% bearish,of 1 rating,$44
CNMD,$50.996,1441138254140,"79,282",Not yet rated,NULL,$59
CNFR,$9.93,1441138254169,"10,564",Not yet rated,NULL,N/A
CONN,$28.17,1441138254235,"329,339",67% bullish,of 3 ratings,$48.50
CNXR,$7,1441138254267,"39,791",100% bearish,of 1 rating,$12
CNSL,$19.1412,1441138254288,"92,856",100% bearish,of 1 rating,$23
CFMS,$15.545,1441138254310,"234,699",100% bearish,of 1 rating,$27
CTCT,$23.94,1441138254580,"123,897",67% bullish,of 3 ratings,$37
CWCO,$10.28,1441138254627,"39,287",67% bullish,of 3 ratings,$14.50
CFRXW,$1.6,1441138254679,"1,100",100% bearish,of 1 rating,N/A
CPSS,$5.502,1441138254705,"28,013",100% bullish,of 1 rating,$10
CFRXZ,$0.49,1441138254734,"8,233",Not yet rated,NULL,N/A
CFRX,$4.918,1441138254835,"15,648",Not yet rated,NULL,$14
CTRV,$3.6401,1441138254971,"34,287",Not yet rated,NULL,$6.40
BVA,$3.58,1441138255003,200,50% bullish,of 2 ratings,N/A
CTRL,$8.39,1441138255062,"230,340",50% bullish,of 2 ratings,$11
CPRT,$33.87,1441138255092,"530,396",67% bearish,of 3 ratings,$40
CORT,$4.83,1441138255119,"236,991",67% bullish,of 3 ratings,$12
CORE,$59.111,1441138255149,"71,045",100% bearish,of 1 rating,$72
CRBP,$1.8732,1441138255178,"138,492",100% bullish,of 2 ratings,$6.25
CORI,$10.669,1441138255359,"42,274",100% bearish,of 1 rating,$18
CRVL,$29.5,1441138255460,"32,212",100% bearish,of 1 rating,N/A
COSI,$1.1,1441138255522,"72,972",100% bullish,of 1 rating,N/A
CSOD,$35.66,1441138255594,"310,134",50% bullish,of 2 ratings,$42
COST,$138.09,1441138255622,"1,231,911",79% bullish,of 24 ratings,$154.50
CSGP,$170.95,1441138255644,"90,733",50% bullish,of 2 ratings,$235
ICBK,$18.8,1441138255698,"1,000",Not yet rated,NULL,$21
CVTI,$22.28,1441138255836,"78,773",67% bearish,of 3 ratings,$39
COWN,$5.07,1441138255941,"717,828",75% bullish,of 4 ratings,$7
COVS,$2.62,1441138255973,"40,303",67% bullish,of 3 ratings,N/A
CRAI,$22.92,1441138255994,"27,336",100% bearish,of 1 rating,$36
CPSH,$2.39,1441138256033,"1,300",Not yet rated,NULL,N/A
CPAH,$0.45,1441138256068,"3,000",50% bullish,of 2 ratings,N/A
CBRL,$143.33,1441138256128,"209,952",50% bullish,of 2 ratings,$155
COWNL,$26.31,1441138256153,700,Not yet rated,NULL,N/A
BREW,$7.63,1441138256181,"20,590",67% bullish,of 6 ratings,$15
SLVO,$10.001,1441138256443,"1,408",100% bearish,of 1 rating,N/A
CREE,$26.1,1441138256472,"757,678",65% bullish,of 17 ratings,$29.50
CRAY,$20.67,1441138256511,"167,183",83% bullish,of 6 ratings,$38.50
CRESY,$10.46,1441138256602,"15,608",100% bearish,of 1 rating,$19
CRTO,$37.1,1441138256630,"701,436",67% bullish,of 6 ratings,$64
GLDI,$11.0401,1441138256657,"3,866",100% bearish,of 1 rating,N/A
CACC,$199.1509,1441138256687,"82,939",50% bullish,of 2 ratings,$158.50
CROX,$14.0668,1441138256761,"465,388",63% bullish,of 8 ratings,$16.50
CCRN,$13.99,1441138256859,"176,466",100% bearish,of 1 rating,$14.25
CRWS,$8.09,1441138256949,"1,500",Not yet rated,NULL,$10
CRDS,$1.01,1441138256977,"5,200",75% bullish,of 4 ratings,$4.50
CRWN,$5.04,1441138257003,"607,961",75% bullish,of 4 ratings,N/A
CYRX,$2.85,1441138257054,"21,492",Not yet rated,NULL,$9
CSGS,$30.21,1441138257134,"113,942",Not yet rated,NULL,$40
CCLP,$14.18,1441138257187,"42,185",67% bearish,of 3 ratings,$20
CYRXW,$0.7601,1441138257229,"24,600",Not yet rated,NULL,N/A
CSPI,$5.78,1441138257335,"1,813",67% bullish,of 3 ratings,N/A
CTIB,$3.73,1441138257442,"2,653",100% bearish,of 1 rating,N/A
CTCM,$1.765,1441138257468,"416,633",80% bearish,of 5 ratings,$3.90
CTIC,$1.535,1441138257500,"341,560",84% bullish,of 76 ratings,$5.75
CTRP,$65.3339,1441138257521,"940,787",75% bullish,of 8 ratings,$92.50
CUI,$5.14,1441138257597,"14,102",50% bullish,of 2 ratings,$10
CPIX,$6.026,1441138257667,"11,113",Not yet rated,NULL,N/A
CUNB,$21.23,1441138257765,"19,486",Not yet rated,NULL,$24.50
CMLS,$1.29,1441138257797,"527,107",50% bullish,of 4 ratings,$6
CUTR,$14.69,1441138257822,"54,666",67% bearish,of 3 ratings,$18
CRIS,$2.505,1441138257896,"118,347",100% bullish,of 8 ratings,$6
CVV,$11.39,1441138257979,"9,891",100% bullish,of 5 ratings,N/A
CYAN,$6.7201,1441138258027,"3,536",100% bearish,of 1 rating,N/A
CVBF,$15.64,1441138258053,"356,468",Not yet rated,NULL,$18
CYBR,$49.93,1441138258111,"695,762",75% bullish,of 8 ratings,$66
CYBE,$6.81,1441138258243,"3,271",100% bearish,of 1 rating,N/A
CYCC,$0.5591,1441138258326,"40,075",73% bullish,of 11 ratings,N/A
CYBX,$63.35,1441138258378,"144,666",50% bullish,of 4 ratings,$71.50
CYCCP,NULL,1441138258471,0,100% bearish,of 1 rating,N/A
CYNA,$15.84,1441138258499,"11,626",50% bullish,of 2 ratings,$31.50
CYNO,$31.05,1441138258526,"241,415",67% bearish,of 3 ratings,$45.50
CBAY,$2.65,1441138258558,"32,242",100% bullish,of 1 rating,$4
CY,$9.665,1441138258580,"4,475,036",80% bullish,of 10 ratings,$15.50
CONE,$30.75,1441138258662,"206,347",67% bearish,of 3 ratings,$35.50
CYRN,$1.7899,1441138258854,"38,530",67% bullish,of 3 ratings,$4
CYTR,$2.29,1441138258985,"226,977",67% bullish,of 6 ratings,$10
CTSO,$6.8801,1441138259012,"24,997",Not yet rated,NULL,$15.625
CYTX,$0.3791,1441138259038,"1,689,605",83% bullish,of 12 ratings,$5.50
DAEG,$0.37,1441138259063,5,100% bearish,of 1 rating,N/A
CYTK,$6.86,1441138259091,"127,246",71% bullish,of 14 ratings,$13.50
TVIZ,$24.465,1441138259238,"13,112",100% bearish,of 1 rating,N/A
TVIX,$19.26,1441138259367,"14,697,119",81% bullish,of 16 ratings,N/A
DARA,$0.8431,1441138259397,"47,990",83% bullish,of 6 ratings,$1.50
ZIV,$34.75,1441138259449,"190,437",Not yet rated,NULL,N/A
DJCO,$194.95,1441138259502,54,Not yet rated,NULL,N/A
DAKT,$8.35,1441138259537,"146,134",50% bullish,of 2 ratings,$12
XIV,$21.83,1441138259566,"23,714,104",75% bearish,of 4 ratings,N/A
DAIO,$2.6001,1441138259646,"7,175",Not yet rated,NULL,N/A
DTLK,$5.6,1441138259671,"25,477",100% bearish,of 1 rating,$9
DRAM,$1.38,1441138259976,"12,083",78% bullish,of 9 ratings,N/A
DWCH,$5.05,1441138260009,"23,375",75% bullish,of 4 ratings,$8.25
DTEA,$12.85,1441138260039,"51,385",100% bearish,of 2 ratings,$24
DBVT,$38.57,1441138260082,"69,941",100% bearish,of 1 rating,$53
PLAY,$34.31,1441138260109,"122,613",100% bullish,of 5 ratings,$42
TRAK,$62.71,1441138260139,"423,074",50% bullish,of 2 ratings,$62.50
DWSN,$4.44,1441138260246,"18,813",67% bullish,of 3 ratings,N/A
DHRM,$1.65,1441138260300,"5,418",Not yet rated,NULL,N/A
TACO,$12.5,1441138260438,"90,072",75% bullish,of 4 ratings,$20
DFRG,$14.35,1441138260470,"106,438",100% bearish,of 1 rating,$20
DCTH,$0.4223,1441138260502,"31,825",78% bullish,of 9 ratings,N/A
DGAS,$20.38,1441138260523,"2,916",67% bearish,of 3 ratings,N/A
TACOW,$3.52,1441138260544,"4,400",100% bullish,of 1 rating,N/A
DELT,NULL,1441138260579,0,Not yet rated,NULL,N/A
DELTW,NULL,1441138260708,0,Not yet rated,NULL,N/A
XRAY,$50.69,1441138260811,"402,508",100% bullish,of 1 rating,$58
DENN,$11.02,1441138260889,"281,323",100% bullish,of 3 ratings,$15
DSCI,$5.73,1441138260953,"55,836",50% bullish,of 2 ratings,$16
DERM,$25.94,1441138260990,"64,315",100% bearish,of 1 rating,$33.50
DEPO,$26.08,1441138261083,"519,553",60% bullish,of 5 ratings,$29
DXLG,$6,1441138261113,"138,507",100% bearish,of 1 rating,$8
DEST,$11.155,1441138261142,"17,744",50% bullish,of 2 ratings,N/A
DSWL,$1.62,1441138261163,"11,664",100% bullish,of 1 rating,N/A
DXM,$0.2548,1441138261194,"297,230",50% bullish,of 2 ratings,N/A
DXCM,$87.73,1441138261357,"560,431",57% bullish,of 7 ratings,$98
FANG,$64.3617,1441138261464,"582,693",50% bullish,of 2 ratings,$86.50
DHXM,NULL,1441138261491,0,Not yet rated,NULL,N/A
DMND,$29.67,1441138261528,"157,454",75% bullish,of 12 ratings,$32
DCIX,$1.66,1441138261576,"6,682",50% bullish,of 4 ratings,$3.50
DRNA,$10.6205,1441138261602,"62,872",67% bearish,of 3 ratings,$25
DHIL,$189,1441138261629,"5,474",Not yet rated,NULL,N/A
DGII,$10.0201,1441138261770,"63,645",100% bearish,of 1 rating,$11
DRAD,$3.85,1441138261921,"10,557",100% bullish,of 1 rating,$5.25
DIOD,$19.215,1441138261995,"108,430",75% bearish,of 4 ratings,$24
DMRC,$37.19,1441138262020,"29,446",100% bearish,of 1 rating,$44
APPS,$2.46,1441138262058,"230,810",100% bearish,of 1 rating,$10.25
DGLY,$7.89,1441138262086,"75,576",50% bullish,of 6 ratings,$20
DPRX,$14.8,1441138262156,"20,150",100% bullish,of 2 ratings,$27.75
DISCA,$26.13,1441138262182,"2,220,816",67% bullish,of 3 ratings,$34
DCOM,$16.39,1441138262230,"49,543",100% bearish,of 2 ratings,$16
DISCB,NULL,1441138262442,0,100% bearish,of 1 rating,$35
DSCO,$0.415,1441138262473,"156,224",83% bullish,of 6 ratings,$2.75
DISCK,$25.07,1441138262515,"2,105,904",100% bearish,of 1 rating,$32
DISH,$59.24,1441138262570,"801,509",69% bullish,of 13 ratings,$73
DVCR,$10.9004,1441138262607,"13,560",100% bullish,of 1 rating,N/A
BAGR,$2.72,1441138262655,"14,516",100% bearish,of 1 rating,$6
DLHC,$2.58,1441138262681,"1,500",100% bearish,of 1 rating,N/A
DNBF,$26.03,1441138262743,"1,200",Not yet rated,NULL,$27.50
DGICA,$14.22,1441138262953,"11,346",100% bearish,of 1 rating,$17
DLTR,$69.21,1441138262992,"6,854,026",82% bullish,of 11 ratings,$88
DMLP,$14.89,1441138263089,"18,662",100% bearish,of 1 rating,N/A
DORM,$50.23,1441138263119,"190,390",100% bearish,of 1 rating,$56
DGICB,NULL,1441138263145,0,100% bearish,of 1 rating,N/A
HILL,$9.68,1441138263171,"735,494",60% bearish,of 5 ratings,$9.75
DRWI,$0.1951,1441138263222,"71,275",60% bullish,of 5 ratings,$.45
DRYS,$0.4318,1441138263355,"2,100,249",77% bullish,of 31 ratings,$.60
DSKX,$3.29,1441138263501,"25,902",100% bullish,of 1 rating,N/A
DSPG,$8.59,1441138263527,"18,545",100% bearish,of 1 rating,$13.50
DRWIW,$0.03,1441138263556,"5,117",Not yet rated,NULL,N/A
CADT,NULL,1441138263582,0,Not yet rated,NULL,N/A
DWA,$19.43,1441138263604,"270,866",63% bullish,of 8 ratings,$26
CADTU,NULL,1441138263738,0,Not yet rated,NULL,N/A
CADTR,NULL,1441138263773,0,Not yet rated,NULL,N/A
CADTW,NULL,1441138263870,0,Not yet rated,NULL,N/A
DTSI,$25.63,1441138263896,"40,126",100% bearish,of 2 ratings,$39.50
DNKN,$49.28,1441138263944,"1,354,597",67% bullish,of 15 ratings,$56.50
DRRX,$2.06,1441138264027,"122,036",50% bullish,of 6 ratings,$3
DXPE,$29.62,1441138264160,"168,223",50% bullish,of 2 ratings,N/A
DYAX,$22.01,1441138264222,"457,049",89% bullish,of 9 ratings,$30
DYSL,$1.54,1441138264303,"59,740",100% bullish,of 2 ratings,N/A
DYNT,$3.09,1441138264330,300,75% bullish,of 4 ratings,N/A
BOOM,$11.3,1441138264358,"69,891",67% bullish,of 3 ratings,$12
EBMT,$11.54,1441138264497,300,Not yet rated,NULL,$13.50
DVAX,$27.07,1441138264526,"296,064",70% bullish,of 10 ratings,$40
EGBN,$40.91,1441138264574,"36,722",Not yet rated,NULL,$48
ETFC,$24.88,1441138264656,"2,253,293",57% bullish,of 14 ratings,$32.50
EGLE,$6.81,1441138264682,"8,885",60% bullish,of 5 ratings,N/A
EGRX,$76.56,1441138264762,"148,137",67% bullish,of 3 ratings,$97
EROC,$1.52,1441138264865,"119,182",50% bullish,of 2 ratings,$3
ELNK,$8.17,1441138264891,"300,847",60% bullish,of 5 ratings,$9.50
EACQU,$10.15,1441138264953,300,Not yet rated,NULL,N/A
EWBC,$38.56,1441138264980,"527,686",100% bearish,of 1 rating,$50
EBIX,$27.97,1441138265109,"154,494",69% bullish,of 13 ratings,$40
EML,$16.24,1441138265159,"35,653",Not yet rated,NULL,N/A
EVBS,$6.57,1441138265199,"3,700",Not yet rated,NULL,$7
EBAY,$26.41,1441138265239,"7,832,115",81% bullish,of 117 ratings,$34
ELON,$0.58,1441138265291,"60,174",50% bullish,of 2 ratings,N/A
SATS,$43.51,1441138265374,"66,173",50% bullish,of 2 ratings,$60
ECTE,$1.47,1441138265433,"6,598",75% bullish,of 4 ratings,N/A
ECHO,$22.13,1441138265459,"140,407",67% bearish,of 3 ratings,$34.50
ESES,$3.31,1441138265590,880,100% bearish,of 1 rating,$7
EDAP,$3.64,1441138265658,"19,956",60% bullish,of 5 ratings,$4.50
EEI,$11.62,1441138265684,"10,101",67% bearish,of 3 ratings,N/A
ECACU,$10.06,1441138265747,"1,900",Not yet rated,NULL,N/A
EDGW,$7.1,1441138265852,"2,100",100% bearish,of 1 rating,N/A
EGAN,$3.7136,1441138265917,"12,024",50% bullish,of 2 ratings,$6.25
EFUT,$4.65,1441138265996,"1,500",Not yet rated,NULL,N/A
EDUC,$6.3,1441138266028,"40,342",100% bearish,of 1 rating,N/A
EGLT,$12.15,1441138266054,"82,364",50% bullish,of 2 ratings,$21
EHTH,$14.1304,1441138266128,"75,325",50% bullish,of 4 ratings,$16.50
LOCO,$12.79,1441138266184,"427,573",69% bullish,of 13 ratings,$19.50
ESLT,$76.6,1441138266210,"8,537",67% bullish,of 3 ratings,N/A
EMITF,$1.23,1441138266268,858,75% bullish,of 4 ratings,N/A
ERI,$9.3,1441138266355,"49,175",100% bearish,of 1 rating,$10
ELRC,$10.4,1441138266406,"26,000",100% bearish,of 1 rating,N/A
EA,$63.38,1441138266595,"2,624,961",78% bullish,of 36 ratings,$80
ESIO,$4.49,1441138266621,"44,606",50% bullish,of 2 ratings,$10
EFII,$42.71,1441138266643,"111,921",80% bullish,of 5 ratings,$55
ELEC,NULL,1441138266677,0,Not yet rated,NULL,N/A
ELECW,NULL,1441138266785,0,Not yet rated,NULL,N/A
ELECU,NULL,1441138266853,0,Not yet rated,NULL,N/A
EBIO,$3.35,1441138266885,"200,076",100% bearish,of 2 ratings,$8.35
ELSE,NULL,1441138266906,0,60% bullish,of 5 ratings,N/A
RDEN,$10.88,1441138266940,"76,914",100% bearish,of 4 ratings,$15
ESBK,$19.83,1441138267044,130,Not yet rated,NULL,N/A
ELTK,$1.2899,1441138267124,"18,056",67% bearish,of 3 ratings,N/A
CAPX,$22.416,1441138267151,200,Not yet rated,NULL,N/A
LONG,$16.87,1441138267181,"12,659",67% bullish,of 3 ratings,$15.75
EMCI,$22.13,1441138267285,"11,680",Not yet rated,NULL,N/A
EMCF,$23.48,1441138267306,200,100% bearish,of 1 rating,N/A
EMKR,$6.82,1441138267436,"79,748",75% bullish,of 4 ratings,$8.50
EMMSP,NULL,1441138267465,0,100% bearish,of 1 rating,N/A
EMMS,$1.18,1441138267491,"16,325",83% bullish,of 6 ratings,N/A
ERS,$3.2785,1441138267573,"7,365",Not yet rated,NULL,N/A
NYNY,$4.17,1441138267704,"17,647",50% bullish,of 2 ratings,N/A
ENDP,$73.24,1441138267764,"1,511,175",50% bullish,of 6 ratings,$104
ECYT,$5.1,1441138267790,"157,315",83% bullish,of 6 ratings,$12
ELGX,$12.67,1441138267818,"210,565",75% bullish,of 4 ratings,$17
ENTA,$36.98,1441138267872,"128,622",50% bullish,of 2 ratings,$42
ECPG,$38.55,1441138267893,"127,055",100% bullish,of 2 ratings,$52
WIRE,$31.3852,1441138267926,"69,327",100% bearish,of 1 rating,$37
EIGI,$14.75,1441138268061,"484,391",67% bearish,of 3 ratings,$22.50
EFOI,$22.2,1441138268106,"747,227",50% bullish,of 2 ratings,$24.50
ERII,$2.61,1441138268213,"9,649",80% bullish,of 5 ratings,$2.50
ENG,$0.9801,1441138268350,"23,901",100% bullish,of 3 ratings,N/A
EXXI,$1.67,1441138268376,"1,081,255",86% bullish,of 7 ratings,$3.50
WATT,$7.13,1441138268402,"72,242",50% bullish,of 2 ratings,$13
ENTL,$21,1441138268532,"24,558",Not yet rated,NULL,$28
ENPH,$4.42,1441138268562,"420,819",75% bullish,of 4 ratings,$11
ENFC,$17.65,1441138268589,938,Not yet rated,NULL,N/A
ENOC,$8.91,1441138268613,"125,940",75% bullish,of 4 ratings,$18
ESGR,$146.94,1441138268669,"27,246",100% bearish,of 1 rating,$185
ENTG,$13.34,1441138268753,"330,173",100% bearish,of 1 rating,$18
EGT,$1.9797,1441138268852,"4,600",100% bullish,of 1 rating,N/A
ETRM,$0.2721,1441138268881,"258,789",69% bearish,of 35 ratings,$1.625
EFSC,$23.6399,1441138268907,"22,018",Not yet rated,NULL,$27
EBTC,$21,1441138268982,"1,500",Not yet rated,NULL,N/A
ENVI,$1.8,1441138269177,"10,957",67% bullish,of 3 ratings,N/A
ENZY,$9.89,1441138269204,"22,289",67% bullish,of 3 ratings,$9.50
EPRS,$5.02,1441138269236,"28,975",82% bullish,of 11 ratings,$15
EPZM,$19.59,1441138269266,"219,366",60% bullish,of 5 ratings,$34
ENZN,$0.969,1441138269289,"291,207",100% bullish,of 9 ratings,N/A
EPIQ,$12.38,1441138269331,"21,583",100% bearish,of 1 rating,$18
EQIX,$262.07,1441138269367,"495,799",75% bullish,of 4 ratings,$312.50
EQFN,$8.073,1441138269577,"1,100",100% bearish,of 1 rating,N/A
PLUS,$73.56,1441138269604,"41,441",50% bullish,of 2 ratings,$88
EAC,$3.33,1441138269631,"8,890",100% bearish,of 1 rating,$8
ERIE,$80.36,1441138269739,"7,658",Not yet rated,NULL,$73
ESCA,$16.72,1441138269769,"1,600",100% bearish,of 1 rating,$22
ESCR,$0.1445,1441138269876,"232,955",50% bullish,of 2 ratings,N/A
ERIC,$9.55,1441138269904,"2,160,367",67% bullish,of 9 ratings,$12.20
ESCRP,$1.3892,1441138269935,"1,500",100% bearish,of 1 rating,N/A
ESMC,$1.41,1441138269961,310,Not yet rated,NULL,N/A
ESSA,$12.84,1441138270036,"6,300",100% bearish,of 1 rating,N/A
EPIX,$6,1441138270094,362,Not yet rated,NULL,N/A
ESPR,$46.94,1441138270120,"635,562",70% bearish,of 10 ratings,$122.50
ESND,$33.24,1441138270166,"103,253",100% bearish,of 2 ratings,$40
ETSY,$13.97,1441138270301,"221,047",80% bullish,of 5 ratings,$16
ESSX,$0.4999,1441138270351,"51,818",50% bullish,of 2 ratings,N/A
CLWT,$2.496,1441138270380,300,100% bullish,of 1 rating,N/A
ESEA,$4.598,1441138270544,520,100% bullish,of 1 rating,$15
EEFT,$62.31,1441138270645,"84,502",100% bearish,of 1 rating,$67.50
EVEP,$8.38,1441138270667,"205,859",50% bullish,of 2 ratings,$15
EVLV,$2.62,1441138270704,"89,723",60% bullish,of 5 ratings,$4.625
EVOK,$3.4199,1441138270726,"48,644",100% bearish,of 1 rating,$13.375
EVK,$3.758,1441138270758,"2,324",75% bearish,of 4 ratings,N/A
EXA,$10.8,1441138270807,"13,292",100% bearish,of 1 rating,$13
EVOL,$5.75,1441138270888,"16,156",75% bullish,of 4 ratings,$10
EXAS,$21.7,1441138270942,"658,507",78% bullish,of 9 ratings,$31
EXEL,$5.55,1441138271070,"5,988,949",81% bullish,of 16 ratings,$6
EXFO,$3,1441138271107,"3,391",67% bearish,of 3 ratings,$3.95
EXLS,$36.18,1441138271139,"80,555",50% bullish,of 2 ratings,$41
EXAC,$18.76,1441138271164,"21,253",100% bearish,of 1 rating,$22.50
EXPE,$110.39,1441138271240,"852,955",64% bullish,of 11 ratings,$130
ESRX,$81.76,1441138271382,"2,728,510",67% bearish,of 6 ratings,$101
EXPO,$42.03,1441138271409,"37,672",100% bearish,of 1 rating,$45.50
EXLP,$20.3319,1441138271457,"69,258",100% bearish,of 1 rating,$25
EXPD,$47.96,1441138271540,"924,852",80% bullish,of 5 ratings,$52
EZCH,$22.7622,1441138271566,"96,207",75% bullish,of 8 ratings,$19.50
EYEGW,$1.06,1441138271587,"1,800",Not yet rated,NULL,N/A
EYEG,$3.8,1441138271628,"26,119",Not yet rated,NULL,N/A
EXTR,$2.93,1441138271723,"502,448",80% bullish,of 5 ratings,$3
EZPW,$6.18,1441138271876,"195,094",50% bullish,of 4 ratings,$7
FB,$87.02,1441138271904,"18,472,881",73% bullish,of 1072 ratings,$111
FFIV,$118.21,1441138271986,"619,497",63% bullish,of 8 ratings,$132
FCS,$13.18,1441138272066,"434,195",67% bearish,of 3 ratings,$17
FWM,$2.23,1441138272139,"100,340",100% bearish,of 2 ratings,$3.20
DAVE,$14.29,1441138272275,"8,429",100% bearish,of 1 rating,$15.50
FALC,$1.72,1441138272309,"22,754",63% bearish,of 8 ratings,N/A
FFKT,$25.89,1441138272331,"7,000",Not yet rated,NULL,$29
FRP,$15.82,1441138272365,"38,237",100% bearish,of 1 rating,$18
FARO,$37.93,1441138272397,"56,286",50% bullish,of 2 ratings,$48
FARM,$22.38,1441138272427,"30,959",100% bearish,of 1 rating,$35
FMNB,$8.1069,1441138272449,"17,609",Not yet rated,NULL,N/A
FAST,$37.44,1441138272495,"1,233,588",80% bullish,of 5 ratings,$45.50
FBRC,$21.24,1441138272678,"32,640",100% bearish,of 1 rating,$29
FBSS,$15.8,1441138272763,274,Not yet rated,NULL,N/A
FATE,$6.2101,1441138272788,"24,996",50% bullish,of 2 ratings,$11
FDML,$8.98,1441138272847,"192,336",50% bullish,of 4 ratings,$14
FHCO,$1.38,1441138272923,"17,890",50% bullish,of 4 ratings,N/A
FEIC,$73.8078,1441138272979,"96,195",50% bullish,of 2 ratings,$95.50
FNHC,$21.51,1441138273026,"34,210",100% bearish,of 1 rating,$35
FCSC,$5.43,1441138273055,"44,562",100% bearish,of 1 rating,$8.125
ONEQ,$182.33,1441138273163,"17,755",100% bullish,of 1 rating,N/A
FENX,$9.88,1441138273224,"49,579",100% bullish,of 1 rating,$14.25
FGEN,$22.68,1441138273253,"134,669",100% bearish,of 1 rating,$39
FDUS,$14.707,1441138273274,"16,489",50% bullish,of 2 ratings,$18
LION,$18.64,1441138273310,"101,213",100% bullish,of 1 rating,$20
FRGI,$50.56,1441138273339,"91,192",50% bullish,of 2 ratings,$70
FSAM,$7.87,1441138273442,"4,298",100% bearish,of 1 rating,$10.25
FSFR,$8.76,1441138273602,"35,359",100% bearish,of 1 rating,$11.50
FSC,$6.46,1441138273632,"491,248",60% bullish,of 5 ratings,$8
FITB,$19.03,1441138273737,"5,062,110",54% bullish,of 13 ratings,$22
FISI,$24.6,1441138273819,"23,737",100% bullish,of 2 ratings,$24.50
FSCFL,$24.6113,1441138273848,"5,745",Not yet rated,NULL,N/A
FITBI,$27.47,1441138273901,"2,748",Not yet rated,NULL,N/A
FNTCU,NULL,1441138273950,0,Not yet rated,NULL,N/A
FNTC,NULL,1441138274082,0,Not yet rated,NULL,N/A
FNTCW,NULL,1441138274142,0,Not yet rated,NULL,N/A
FNSR,$15.06,1441138274204,"426,743",71% bullish,of 7 ratings,$24
FNLC,$18.38,1441138274306,"10,662",100% bullish,of 1 rating,N/A
FEYE,$36.73,1441138274333,"1,837,265",88% bullish,of 16 ratings,$55.50
FNJN,$1.76,1441138274355,"28,911",100% bearish,of 1 rating,$5
FBNC,$16.57,1441138274384,"13,727",100% bullish,of 1 rating,$20
FNGN,$30.88,1441138274408,"250,507",67% bullish,of 3 ratings,$47
FRBA,$6.09,1441138274563,"5,038",Not yet rated,NULL,$8
BUSE,$6.3,1441138274654,"91,631",Not yet rated,NULL,$6.875
FBIZ,$22.01,1441138274691,"16,538",100% bearish,of 2 ratings,$26
FCAP,$26.5,1441138274716,200,Not yet rated,NULL,N/A
FCFS,$39.3519,1441138274791,"83,797",100% bearish,of 3 ratings,$47
FCVA,$4.8,1441138274816,835,Not yet rated,NULL,N/A
FCNCA,$226.52,1441138275000,"3,638",Not yet rated,NULL,N/A
FBNK,$16.51,1441138275032,"23,477",100% bearish,of 1 rating,$17.50
FCCO,$11.9001,1441138275061,"14,826",Not yet rated,NULL,$13.25
FCFP,$6.9001,1441138275101,"2,800",Not yet rated,NULL,N/A
FCBC,$17.09,1441138275128,"11,189",Not yet rated,NULL,$18
FCLF,$9.3273,1441138275193,"2,405",Not yet rated,NULL,N/A
FDEF,$36.735,1441138275261,"12,874",Not yet rated,NULL,$38
FFNM,$6.39,1441138275368,200,Not yet rated,NULL,N/A
FFBCW,NULL,1441138275438,0,100% bearish,of 1 rating,N/A
FFIN,$29.5972,1441138275512,"99,403",50% bullish,of 2 ratings,$31.75
FFBC,$17.76,1441138275587,"109,223",67% bearish,of 3 ratings,$20.25
THFF,$32.43,1441138275614,"13,327",Not yet rated,NULL,$35
FFNW,$12.19,1441138275639,"16,472",Not yet rated,NULL,$14
FFWM,$20.8,1441138275690,"4,982",Not yet rated,NULL,$24
FIBK,$25.76,1441138275798,"72,491",Not yet rated,NULL,$32
INBK,$30.19,1441138275831,"12,303",50% bullish,of 2 ratings,$37
FRME,$25.631,1441138275929,"183,499",Not yet rated,NULL,$26.50
FMBH,NULL,1441138275959,0,Not yet rated,NULL,N/A
FNFG,$8.94,1441138275986,"1,500,510",80% bullish,of 5 ratings,$9
FNBC,$34.1,1441138276059,"47,554",Not yet rated,NULL,$40
FMBI,$16.8128,1441138276134,"194,140",Not yet rated,NULL,$20
FNWB,$11.96,1441138276162,"10,058",Not yet rated,NULL,N/A
FSFG,$30.94,1441138276206,100,Not yet rated,NULL,N/A
FSGI,$2.49,1441138276357,"2,644",Not yet rated,NULL,N/A
FSLR,$47.2,1441138276414,"927,682",72% bullish,of 39 ratings,$65
BICK,NULL,1441138276507,0,100% bullish,of 1 rating,N/A
FSBK,$7.69,1441138276543,500,100% bullish,of 1 rating,N/A
FTCS,$35.3799,1441138276634,"28,584",100% bearish,of 1 rating,N/A
FCAN,$24.2099,1441138276663,"1,161",Not yet rated,NULL,N/A
FBZ,NULL,1441138276719,0,Not yet rated,NULL,N/A
FCA,$18.62,1441138276749,"8,390",Not yet rated,NULL,N/A
FV,$22.63,1441138276770,"2,996,136",100% bearish,of 1 rating,N/A
IFV,$17.24,1441138276798,"624,387",100% bearish,of 1 rating,N/A
FTSM,$59.96,1441138276954,"344,295",100% bearish,of 1 rating,N/A
FEMB,NULL,1441138276981,0,Not yet rated,NULL,N/A
FEUZ,$30.4699,1441138277130,"2,048",Not yet rated,NULL,N/A
MDIV,$18.95,1441138277164,"202,708",Not yet rated,NULL,N/A
FTGC,$22.2,1441138277263,"190,874",Not yet rated,NULL,N/A
FGM,$34.8899,1441138277288,"16,936",Not yet rated,NULL,N/A
TDIV,$24.09,1441138277423,"85,111",100% bearish,of 1 rating,N/A
HYLS,$49.43,1441138277449,"43,168",100% bearish,of 1 rating,N/A
FHK,$32.1,1441138277477,"12,354",Not yet rated,NULL,N/A
FTHI,$18.94,1441138277504,226,Not yet rated,NULL,N/A
YDIV,$16.259,1441138277529,"2,848",Not yet rated,NULL,N/A
FPXI,$26.49,1441138277579,300,Not yet rated,NULL,N/A
SKYY,$28.144,1441138277812,"77,417",100% bullish,of 1 rating,N/A
PLTM,$6.24,1441138278006,"4,016",100% bearish,of 1 rating,N/A
CU,$12.39,1441138278053,"4,560",100% bearish,of 1 rating,N/A
FTLB,$18.9971,1441138278078,"1,760",100% bearish,of 1 rating,N/A
FJP,$44.91,1441138278099,"22,742",Not yet rated,NULL,N/A
LMBS,$50.27,1441138278128,600,Not yet rated,NULL,N/A
CIBR,$17.3001,1441138278353,"61,589",Not yet rated,NULL,N/A
FONE,NULL,1441138278425,0,Not yet rated,NULL,N/A
GRID,$31.16,1441138278461,320,100% bearish,of 1 rating,N/A
QCLN,$14.73,1441138278558,"14,701",Not yet rated,NULL,N/A
FMB,$51.1743,1441138278586,402,Not yet rated,NULL,N/A
QABA,$36.26,1441138278609,"15,677",100% bearish,of 1 rating,N/A
CARZ,$33.4501,1441138278743,"3,710",100% bearish,of 1 rating,N/A
QQEW,$40.55,1441138278818,"126,859",Not yet rated,NULL,N/A
RDVY,$20.5199,1441138278843,"3,108",Not yet rated,NULL,N/A
QINC,$20.02,1441138279217,100,Not yet rated,NULL,N/A
FKO,$22.33,1441138279247,300,Not yet rated,NULL,N/A
FTSL,$48.8395,1441138279277,"35,695",100% bearish,of 1 rating,N/A
QTEC,$38.89,1441138279350,"62,910",Not yet rated,NULL,N/A
QQXT,$39.31,1441138279378,"17,468",Not yet rated,NULL,N/A
FDIV,$46.5375,1441138279508,200,100% bearish,of 1 rating,N/A
FSZ,$38.36,1441138279673,"21,335",Not yet rated,NULL,N/A
SVVC,$9.2,1441138279801,"13,166",50% bullish,of 2 ratings,$26
FKU,$40.48,1441138279827,"19,808",Not yet rated,NULL,N/A
TUSA,$24.2058,1441138279900,950,Not yet rated,NULL,N/A
FMER,$17.1,1441138280061,"737,596",50% bullish,of 2 ratings,$20
FSV,$31.5,1441138280194,"47,200",Not yet rated,NULL,$33.60
FTW,$31.3499,1441138280227,206,Not yet rated,NULL,N/A
FIVE,$37.23,1441138280257,"718,049",75% bearish,of 4 ratings,$44
AIRR,$16.2301,1441138280283,"5,125",100% bearish,of 1 rating,N/A
FUNC,NULL,1441138280323,0,Not yet rated,NULL,N/A
FISV,$82.78,1441138280355,"572,531",100% bearish,of 3 ratings,$90
FPRX,$18.27,1441138280495,"209,341",50% bullish,of 2 ratings,$35
FLKS,$11.57,1441138280584,"29,643",50% bullish,of 2 ratings,$27
FLML,$21.9008,1441138280626,"87,147",50% bullish,of 2 ratings,$30
FLXN,$24.59,1441138280674,"54,522",100% bearish,of 1 rating,$40
SKOR,$50.76,1441138280700,800,Not yet rated,NULL,N/A
FIVN,$3.91,1441138280722,"106,776",100% bullish,of 1 rating,$8.50
FLXS,$30.838,1441138280922,"19,664",100% bearish,of 2 ratings,N/A
FLEX,$10.15,1441138280989,"1,341,792",63% bullish,of 8 ratings,$12
FLIR,$28.04,1441138281017,"607,920",100% bearish,of 2 ratings,$38.50
FOMX,$9.9201,1441138281044,"85,126",50% bullish,of 2 ratings,$23.50
MBSD,$25.14,1441138281097,408,Not yet rated,NULL,N/A
FLDM,$11.55,1441138281119,"200,380",67% bearish,of 3 ratings,$15
FFIC,$19.21,1441138281288,"47,242",Not yet rated,NULL,$20.50
FOGO,$19.3,1441138281315,"53,461",50% bullish,of 2 ratings,$25.50
FES,$0.8692,1441138281451,"26,025",50% bullish,of 2 ratings,$1
FORTY,$30.43,1441138281476,638,100% bearish,of 1 rating,N/A
FORM,$6.525,1441138281502,"146,058",67% bullish,of 3 ratings,$10.50
FBIO,$2.6701,1441138281640,"31,211",83% bullish,of 6 ratings,N/A
FTNT,$40.961,1441138281716,"819,421",80% bullish,of 10 ratings,$52
FORR,$30.53,1441138281769,"19,234",Not yet rated,NULL,N/A
FONR,$9.59,1441138281796,"3,465",100% bullish,of 1 rating,N/A
FWP,$25.75,1441138281831,"15,303",100% bearish,of 1 rating,$45
FWRD,$43.57,1441138281856,"99,268",100% bearish,of 1 rating,$50
FORD,$1.89,1441138281885,"3,519,776",67% bullish,of 3 ratings,N/A
FOSL,$59.63,1441138281925,"465,010",60% bearish,of 5 ratings,$80
FXCB,$17.03,1441138282100,"10,563",Not yet rated,NULL,$19
FRAN,$11.15,1441138282242,"288,759",50% bullish,of 4 ratings,$15
FMI,$22.955,1441138282267,"112,022",100% bearish,of 2 ratings,$27.50
FOXF,$14.92,1441138282312,"33,897",100% bearish,of 1 rating,$19
FELE,$27.79,1441138282337,"166,528",50% bullish,of 4 ratings,$33
FRED,$12.74,1441138282408,"104,313",50% bullish,of 2 ratings,$15.50
FREE,$0.385,1441138282505,"251,634",92% bullish,of 12 ratings,N/A
RAIL,$20.6,1441138282582,"49,912",100% bearish,of 1 rating,$24.50
FRPH,$30.835,1441138282669,"5,792",100% bearish,of 1 rating,N/A
FRPT,$12.76,1441138282698,"198,923",67% bearish,of 3 ratings,$23.50
FEIM,$11.09,1441138282728,"4,600",100% bearish,of 1 rating,N/A
FSBW,$23.0999,1441138282797,"1,405",Not yet rated,NULL,N/A
FTRPR,$100.56,1441138282860,"1,845",100% bearish,of 1 rating,N/A
FTD,$29.6,1441138282889,"67,960",100% bearish,of 1 rating,$40
FSYS,$6.56,1441138282993,"145,590",67% bullish,of 3 ratings,$10
FTEK,$2.01,1441138283128,"66,669",75% bullish,of 4 ratings,N/A
FCEL,$0.846,1441138283205,"2,407,635",88% bullish,of 41 ratings,$2.65
FULL,$3.1297,1441138283533,"41,347",67% bearish,of 3 ratings,$4.25
FULT,$11.69,1441138283579,"386,144",100% bearish,of 1 rating,$13
FLL,$1.475,1441138283731,"1,762",75% bullish,of 4 ratings,$3.50
FFHL,$0.9703,1441138283760,"1,480",50% bullish,of 4 ratings,N/A
FULLL,$24.96,1441138283781,"2,200",Not yet rated,NULL,N/A
FXENP,$15.63,1441138283818,"1,767",100% bearish,of 1 rating,N/A
FSNN,$2.05,1441138283839,"2,375",67% bullish,of 3 ratings,$6
GK,$65.76,1441138283924,"39,472",Not yet rated,NULL,$78
FTR,$5.03,1441138283970,"8,953,017",78% bullish,of 27 ratings,$6.25
FXEN,$1,1441138284066,"50,270",75% bullish,of 4 ratings,$1.10
GAIA,$6.03,1441138284197,"3,600",50% bullish,of 2 ratings,$8.50
GALE,$1.575,1441138284414,"1,469,565",89% bullish,of 47 ratings,$4
GALTW,NULL,1441138284445,0,100% bullish,of 1 rating,N/A
GALT,$2.2,1441138284472,"27,967",80% bullish,of 5 ratings,N/A
GLMD,$8.98,1441138284547,"55,233",67% bullish,of 3 ratings,$20.50
GALTU,NULL,1441138284695,0,100% bearish,of 1 rating,N/A
GLPG,$58.02,1441138284725,"17,206",100% bullish,of 1 rating,$75
GRMN,$36.78,1441138284802,"644,631",50% bullish,of 6 ratings,$46.50
GLPI,$30.37,1441138284833,"519,814",100% bearish,of 1 rating,$37.50
GPIC,$9.5001,1441138284862,986,100% bearish,of 1 rating,N/A
GGAC,NULL,1441138284964,0,100% bearish,of 1 rating,N/A
GGACR,$0.26,1441138284989,"3,700",100% bullish,of 1 rating,N/A
GGACU,$10.22,1441138285061,100,Not yet rated,NULL,N/A
GGACW,$0.15,1441138285146,"1,263",Not yet rated,NULL,N/A
GARS,$14.25,1441138285307,"22,942",Not yet rated,NULL,$16
WILC,$4.9899,1441138285332,154,100% bullish,of 2 ratings,N/A
GFN,$3.8399,1441138285546,"118,216",100% bearish,of 2 ratings,$8
GFNCP,$91.475,1441138285574,800,Not yet rated,NULL,N/A
GFNSL,$26.1899,1441138285600,"2,600",Not yet rated,NULL,N/A
GNCMA,$16.52,1441138285626,"78,420",100% bearish,of 1 rating,$12
GENE,$2.325,1441138285775,"165,915",100% bullish,of 12 ratings,N/A
GNTX,$15.17,1441138285802,"1,068,046",Not yet rated,NULL,$20
GNCA,$11.32,1441138285841,"73,407",100% bearish,of 1 rating,$20
THRM,$44.34,1441138286084,"150,281",75% bearish,of 4 ratings,$55.50
GHDX,$26.37,1441138286118,"145,742",50% bullish,of 2 ratings,$30
GNMK,$9.63,1441138286152,"57,989",67% bullish,of 6 ratings,$14
GTWN,NULL,1441138286215,0,Not yet rated,NULL,N/A
GNVC,$2.4158,1441138286246,"25,107",90% bullish,of 10 ratings,$8.50
GENC,$9.05,1441138286271,"1,540",100% bearish,of 1 rating,N/A
GEOS,$16.8329,1441138286297,"69,607",100% bearish,of 3 ratings,$21
GERN,$2.93,1441138286430,"1,285,679",88% bullish,of 16 ratings,$5.25
GABC,$28.29,1441138286507,"10,783",Not yet rated,NULL,$31
ROCK,$16,1441138286612,"231,585",80% bullish,of 5 ratings,$24
GEVO,$2.37,1441138286646,"206,136",75% bullish,of 12 ratings,$5
GIII,$66.66,1441138286744,"243,659",67% bullish,of 3 ratings,$75
GIGA,$1.5274,1441138286773,"154,996",100% bearish,of 1 rating,N/A
GILT,$4.12,1441138286875,"4,500",50% bullish,of 2 ratings,N/A
GIGM,$0.5312,1441138286901,"12,098",100% bullish,of 2 ratings,N/A
GILD,$101.45,1441138287078,"5,839,503",91% bullish,of 87 ratings,$129
GOOD,$14.23,1441138287212,"48,446",Not yet rated,NULL,$19
GLADO,$25.35,1441138287246,"2,926",Not yet rated,NULL,N/A
GLAD,$8.86,1441138287267,"155,474",50% bullish,of 2 ratings,$8.75
GBCI,$25.15,1441138287344,"228,135",50% bullish,of 2 ratings,$31
GOODN,$25.61,1441138287371,300,Not yet rated,NULL,N/A
GOODP,$25.2,1441138287397,942,Not yet rated,NULL,N/A
GAIN,$7.36,1441138287577,"72,660",100% bullish,of 2 ratings,$8.25
GAINO,$25.17,1441138287655,842,Not yet rated,NULL,N/A
GOODO,$25,1441138287728,1,Not yet rated,NULL,N/A
LAND,$9.115,1441138287754,"51,714",50% bullish,of 2 ratings,$13.75
GAINN,$24.87,1441138287832,"64,449",Not yet rated,NULL,N/A
GLBZ,$11.25,1441138287912,457,Not yet rated,NULL,N/A
GAINP,$25.7,1441138287966,"1,505",Not yet rated,NULL,N/A
GDEF,$10.54,1441138287997,678,Not yet rated,NULL,N/A
GBT,$49.01,1441138288018,"48,055",100% bearish,of 1 rating,N/A
ENT,$10.96,1441138288099,"243,568",100% bearish,of 1 rating,$18
GBLI,$27.11,1441138288174,"11,742",Not yet rated,NULL,N/A
GSOL,$8.16,1441138288230,"16,958",100% bearish,of 1 rating,N/A
GPACU,NULL,1441138288276,0,Not yet rated,NULL,N/A
QQQC,$18.2988,1441138288409,"3,910",100% bearish,of 1 rating,N/A
ACTX,NULL,1441138288440,0,100% bullish,of 1 rating,N/A
SOCL,$17.05,1441138288461,"22,350",100% bullish,of 2 ratings,N/A
ALTY,$14.06,1441138288538,"1,200",Not yet rated,NULL,N/A
SRET,$12.85,1441138288639,"1,507",Not yet rated,NULL,N/A
YLCO,$11.6,1441138288666,"2,098",Not yet rated,NULL,N/A
GBIM,$2.5632,1441138288817,"10,759",50% bullish,of 2 ratings,N/A
GSM,$13.34,1441138288866,"405,578",50% bullish,of 2 ratings,$22
GLBS,$1.0211,1441138288926,"5,200",67% bullish,of 3 ratings,N/A
GLRI,$1.045,1441138289057,"3,370",100% bearish,of 1 rating,$4.25
GLYC,$6.97,1441138289134,"7,468",50% bullish,of 2 ratings,$14
GOGO,$15.52,1441138289160,"405,863",80% bullish,of 5 ratings,$25
GLNG,$37.76,1441138289233,"513,486",83% bullish,of 6 ratings,$55.50
GMLP,$20.15,1441138289830,"111,412",50% bullish,of 4 ratings,$29
GLDC,$4.0391,1441138289862,"4,460",50% bullish,of 2 ratings,N/A
GDEN,$8.98,1441138289893,"1,500",50% bullish,of 2 ratings,N/A
GOGL,$2.96,1441138289934,"130,945",75% bullish,of 4 ratings,$5
GTIM,$6.68,1441138289959,"17,286",Not yet rated,NULL,$11.50
GAI,$6.13,1441138290036,"19,455",50% bullish,of 2 ratings,N/A
GOOG,$603.1773,1441138290127,"1,401,399",88% bullish,of 72 ratings,$825
GPRO,$43.0135,1441138290289,"8,515,071",78% bullish,of 58 ratings,$72
GOOGL,$633.8749,1441138290319,"918,987",88% bullish,of 1082 ratings,$749
GLUU,$4.3475,1441138290427,"1,237,735",92% bullish,of 26 ratings,$9
GMAN,$3.72,1441138290452,"21,902",60% bullish,of 5 ratings,$8.50
LOPE,$36.8103,1441138290620,"213,294",100% bearish,of 2 ratings,$50
GPIAU,NULL,1441138290652,0,Not yet rated,NULL,N/A
GRVY,$3.29,1441138290748,"8,100",50% bullish,of 2 ratings,N/A
GPIAW,NULL,1441138290777,0,Not yet rated,NULL,N/A
GBSNU,NULL,1441138290882,0,NULL,NULL,NULL
GBSN,$0.2991,1441138290908,"3,157,084",50% bullish,of 2 ratings,$8.25
GPIA,NULL,1441138290934,0,100% bearish,of 1 rating,N/A
GLDD,$5.375,1441138291064,"103,583",100% bearish,of 4 ratings,$7.75
GSBC,$39.83,1441138291094,"23,632",100% bullish,of 1 rating,$44
GBDC,$17.1,1441138291115,"263,689",Not yet rated,NULL,$17.75
GNBC,$11.51,1441138291266,"7,641",100% bearish,of 1 rating,$16.50
GRBK,$11.75,1441138291294,"101,196",77% bullish,of 13 ratings,N/A
GPP,$14.07,1441138291337,"22,798",Not yet rated,NULL,$20.50
GLRE,$25.0655,1441138291472,"115,956",50% bullish,of 2 ratings,$41
GCBC,$28.497,1441138291508,456,100% bullish,of 1 rating,N/A
GPRE,$20.06,1441138291639,"291,038",67% bullish,of 6 ratings,$28.50
GRIF,NULL,1441138291682,0,100% bearish,of 1 rating,N/A
GGAL,$18.74,1441138291733,"152,860",80% bullish,of 5 ratings,$40
GRPN,$4.29,1441138291770,"3,894,252",61% bullish,of 71 ratings,$6.75
OMAB,$40.82,1441138291813,"16,470",100% bullish,of 1 rating,$44
GRFS,$29.68,1441138291870,"316,278",50% bullish,of 2 ratings,$35
GSIG,$12.65,1441138291895,"15,616",100% bearish,of 2 ratings,N/A
GSIT,$4.64,1441138291949,"13,162",100% bearish,of 1 rating,N/A
GTXI,$0.85,1441138292129,"7,925",100% bullish,of 5 ratings,$.75
GBNK,$15.5,1441138292155,"21,139",100% bearish,of 1 rating,$18
GSVC,$8.64,1441138292284,"41,530",50% bullish,of 2 ratings,$15.75
GUID,$6.79,1441138292346,"62,052",100% bearish,of 3 ratings,$10
GULTU,$0.3349,1441138292384,"30,168",100% bearish,of 1 rating,N/A
GFED,$14.8,1441138292417,"1,100",Not yet rated,NULL,$17
GPOR,$34.18,1441138292511,"911,408",75% bullish,of 4 ratings,$54
GURE,$1.6999,1441138292537,"10,695",88% bullish,of 8 ratings,N/A
GIFI,$12.55,1441138292609,"31,672",100% bearish,of 1 rating,$16
GWPH,$104.0107,1441138292681,"105,834",78% bullish,of 9 ratings,$148.50
HEES,$19.4327,1441138292889,"248,427",67% bearish,of 3 ratings,$31
GYRO,$30.38,1441138292924,"99,408",100% bearish,of 1 rating,N/A
GWGH,$8.15,1441138292952,200,100% bearish,of 1 rating,$15.05
HNRG,$7.67,1441138293019,"54,878",100% bearish,of 1 rating,$10
HLG,$8.92,1441138293048,"10,862",100% bearish,of 1 rating,N/A
HALL,$11.35,1441138293177,"14,400",Not yet rated,NULL,N/A
HALO,$16.66,1441138293259,"583,969",67% bullish,of 3 ratings,$22.50
HBK,$13.6,1441138293310,"1,553",50% bullish,of 2 ratings,N/A
HBHCL,$24.15,1441138293394,"22,632",Not yet rated,NULL,N/A
HBHC,$26.545,1441138293442,"323,995",50% bullish,of 2 ratings,$30
HMPR,$1.8,1441138293471,"23,191",100% bullish,of 1 rating,N/A
HNH,$24.48,1441138293492,"13,583",100% bullish,of 1 rating,N/A
HAFC,$23.501,1441138293628,"90,478",100% bullish,of 2 ratings,$28.50
HQCL,$12.42,1441138293662,"15,421",67% bullish,of 3 ratings,$14
HDNG,$10.02,1441138293760,"10,635",50% bullish,of 4 ratings,N/A
HNSN,$0.544,1441138293825,"46,505",88% bullish,of 8 ratings,$.40
HLIT,$5.65,1441138293898,"158,686",100% bearish,of 1 rating,$6.50
HRMN,NULL,1441138293931,0,Not yet rated,NULL,N/A
HRMNU,NULL,1441138294030,0,Not yet rated,NULL,N/A
HRMNW,NULL,1441138294055,0,Not yet rated,NULL,N/A
HCAP,$11.93,1441138294220,"15,993",50% bullish,of 2 ratings,$15
TINY,$2.459,1441138294250,"22,181",50% bullish,of 2 ratings,$5.26
HCAPL,NULL,1441138294286,0,Not yet rated,NULL,N/A
HART,$1.25,1441138294313,"280,007",100% bearish,of 1 rating,N/A
HBIO,$4.33,1441138294385,"32,348",100% bearish,of 1 rating,$10
HAS,$73.0124,1441138294411,"535,879",63% bullish,of 8 ratings,$84.50
HA,$22.32,1441138294492,"347,592",67% bullish,of 9 ratings,$27
HCOM,$21.745,1441138294700,"8,096",100% bearish,of 1 rating,$28
HDS,$32.0038,1441138294863,"1,067,526",100% bearish,of 2 ratings,$39.50
HWKN,$37.78,1441138294930,"25,775",Not yet rated,NULL,N/A
HWBK,NULL,1441138294962,0,100% bearish,of 1 rating,N/A
HAYN,$37.6528,1441138295060,"19,630",100% bearish,of 1 rating,$59
HCSG,$32.953,1441138295087,"175,997",50% bullish,of 4 ratings,$35
HIIQ,$4.78,1441138295126,"33,390",50% bullish,of 2 ratings,$7
HSTM,$24.0158,1441138295260,"66,897",50% bullish,of 2 ratings,$33.75
HWAY,$11.9028,1441138295293,"172,305",100% bearish,of 1 rating,$15
HQY,$29.1207,1441138295315,"106,948",67% bullish,of 3 ratings,$35
HTLD,$19.7068,1441138295346,"435,490",Not yet rated,NULL,$22.50
HTLF,$35.23,1441138295395,"21,721",100% bullish,of 1 rating,$39.50
HTWR,$82.7295,1441138295648,"96,897",50% bullish,of 2 ratings,$103
HTBX,$4,1441138295674,"173,035",50% bullish,of 2 ratings,$15.50
HELE,$82.6623,1441138295705,"110,691",67% bearish,of 3 ratings,$100
HSII,$19.4239,1441138295804,"35,317",100% bullish,of 3 ratings,$25
HCACU,$9.99,1441138296022,600,Not yet rated,NULL,N/A
HMNY,NULL,1441138296051,0,100% bearish,of 1 rating,N/A
HMTV,$13.31,1441138296109,"22,188",100% bearish,of 1 rating,$16
HNNA,$24.65,1441138296134,"6,430",Not yet rated,NULL,N/A
HERO,NULL,1441138296159,0,NULL,NULL,NULL
HSIC,$132.56,1441138296186,"189,659",83% bullish,of 6 ratings,$146
HTBK,$10.24,1441138296352,"96,831",Not yet rated,NULL,$12
HEOP,$7.5,1441138296454,"13,277",Not yet rated,NULL,$8.50
HFWA,$17.23,1441138296606,"27,593",100% bullish,of 1 rating,$20
MLHR,$26.34,1441138296632,"121,771",50% bullish,of 2 ratings,$33.50
HRTX,$35.38,1441138296658,"1,347,797",57% bullish,of 7 ratings,$41
HCCI,$11.43,1441138296679,"29,580",100% bearish,of 1 rating,$16.50
HIBB,$39.0604,1441138296874,"136,008",100% bearish,of 1 rating,$46.50
HSKA,$33.79,1441138296915,"20,834",100% bearish,of 1 rating,$38
HIMX,$6.58,1441138296975,"818,636",86% bullish,of 21 ratings,$8.50
HIHO,$4.15,1441138297003,"19,409",Not yet rated,NULL,N/A
HSGX,$6.04,1441138297074,"3,132",100% bearish,of 1 rating,$17
HFFC,$15.7602,1441138297132,"4,204",Not yet rated,NULL,N/A
HPJ,$2.1601,1441138297160,"14,281",75% bullish,of 4 ratings,$12.43
HIFS,$115.26,1441138297230,"1,400",Not yet rated,NULL,N/A
HMSY,$9.9155,1441138297408,"468,038",67% bullish,of 3 ratings,$19.35
HMNF,$11.689,1441138297496,"1,101",Not yet rated,NULL,N/A
HOLI,$16.78,1441138297535,"175,071",50% bullish,of 4 ratings,$27
HOLX,$37.18,1441138297628,"1,954,990",50% bullish,of 4 ratings,$42
HBCP,$24.5698,1441138297653,909,Not yet rated,NULL,$29
HOMB,$36.53,1441138297819,"60,763",Not yet rated,NULL,$42
HFBL,$21.675,1441138297844,"1,398",Not yet rated,NULL,N/A
AWAY,$27.8918,1441138297981,"579,055",67% bullish,of 3 ratings,$36
HMIN,$25.51,1441138298006,"100,675",100% bearish,of 2 ratings,$35
HKTV,$4.31,1441138298142,"28,087",100% bearish,of 1 rating,N/A
CETC,$0.75,1441138298203,"52,418",86% bullish,of 7 ratings,N/A
HMST,$21.77,1441138298229,"122,104",100% bullish,of 2 ratings,$27
HTBI,$17.97,1441138298278,"90,395",67% bullish,of 3 ratings,$18.625
HOFT,$23.59,1441138298443,"28,619",100% bearish,of 1 rating,N/A
HFBC,$11.37,1441138298517,"25,502",Not yet rated,NULL,N/A
HZNP,$28.9487,1441138298573,"991,924",85% bullish,of 20 ratings,$40
HBNC,$23.52,1441138298646,"19,337",100% bullish,of 1 rating,$27
HRZN,$10.42,1441138298707,"18,478",50% bullish,of 2 ratings,$14.25
HDP,$23.182,1441138298734,"186,137",67% bearish,of 3 ratings,$30.50
ZINC,$7.54,1441138298759,"413,258",100% bearish,of 1 rating,$17
HOVNP,$4,1441138298968,"6,000",100% bearish,of 1 rating,N/A
HWCC,$7.42,1441138298995,"125,171",100% bearish,of 1 rating,$9
HSNI,$59.736,1441138299060,"135,183",Not yet rated,NULL,$80
HMHC,$22.24,1441138299081,"1,042,986",Not yet rated,NULL,$27
HTGM,$5.845,1441138299125,"4,647",100% bearish,of 1 rating,$19.50
HBMD,$14.4,1441138299157,"2,500",100% bearish,of 1 rating,N/A
HUBG,$36.9569,1441138299217,"97,967",100% bearish,of 1 rating,$43
HCBK,$8.84,1441138299254,"1,471,234",83% bullish,of 6 ratings,$8.61
HSON,$2.71,1441138299571,"5,120",100% bearish,of 1 rating,$5
HDSN,$3.1,1441138299599,"3,552",100% bullish,of 1 rating,$6.25
HBAN,$10.45,1441138299629,"3,979,340",76% bullish,of 17 ratings,$12.29
HBANP,$1335,1441138299652,80,100% bearish,of 1 rating,N/A
HURC,$29.185,1441138299684,"7,533",100% bearish,of 1 rating,N/A
HURN,$70.951,1441138299785,"209,170",50% bullish,of 2 ratings,$80
HTCH,$1.4,1441138299827,"192,535",100% bearish,of 1 rating,$3.50
HDRA,NULL,1441138299854,0,Not yet rated,NULL,N/A
HDRAR,NULL,1441138300050,0,Not yet rated,NULL,N/A
HBP,$3.127,1441138300108,"3,592",100% bullish,of 1 rating,N/A
HYGS,$8.97,1441138300218,"15,449",50% bullish,of 2 ratings,$13
HDRAW,NULL,1441138300243,0,Not yet rated,NULL,N/A
HDRAU,$0.05,1441138300272,0,Not yet rated,NULL,N/A
IDSY,$3.76,1441138300375,"7,700",100% bearish,of 1 rating,$7
IACI,$68.93,1441138300403,"512,309",80% bullish,of 5 ratings,$90
IKGH,$1.43,1441138300459,"47,157",75% bullish,of 4 ratings,N/A
ICAD,$3.708,1441138300661,"18,253",100% bullish,of 2 ratings,$7.25
IEP,$70.9684,1441138300733,"46,766",75% bullish,of 4 ratings,$99
ICFI,$33.5,1441138300766,"97,991",50% bullish,of 2 ratings,$48.50
ICLR,$75.351,1441138300859,"242,284",100% bearish,of 3 ratings,$85
IBKC,$58.31,1441138300887,"88,977",100% bullish,of 1 rating,$70
ICON,$13.3294,1441138301033,"465,058",50% bullish,of 2 ratings,$28
ICUI,$110.5426,1441138301119,"94,154",Not yet rated,NULL,$122
IPWR,$7.3699,1441138301249,"4,457",100% bullish,of 1 rating,$15
IDRA,$2.79,1441138301285,"944,987",89% bullish,of 9 ratings,$6.50
INVE,$4.5601,1441138301381,"25,335",75% bullish,of 4 ratings,$4
IDXX,$70.6264,1441138301406,"504,245",100% bearish,of 1 rating,$76
DSKY,$11,1441138301540,"23,378",67% bullish,of 6 ratings,$11.50
RXDX,$13.41,1441138301566,"64,068",100% bullish,of 1 rating,$20
IRG,$4.93,1441138301587,"19,355",100% bearish,of 1 rating,$4.25
IROQ,$16.97,1441138301731,600,100% bullish,of 1 rating,N/A
ILMN,$195.1819,1441138302186,"763,559",80% bullish,of 5 ratings,$245
IKNX,NULL,1441138302393,0,100% bearish,of 1 rating,N/A
ISNS,$4.2,1441138302422,"22,228",50% bullish,of 2 ratings,N/A
KANG,$15.5647,1441138302444,"365,605",50% bullish,of 2 ratings,$23.10
IIVI,$16.5895,1441138302465,"68,699",100% bearish,of 1 rating,$22
ICCC,$6.73,1441138302597,"17,973",100% bullish,of 1 rating,N/A
IKAN,$2.73,1441138302622,"15,738",83% bullish,of 6 ratings,$5
IMDZ,$15.4734,1441138302692,"34,806",100% bearish,of 1 rating,$33
IMMR,$11.2,1441138302773,"239,058",80% bullish,of 5 ratings,$15.50
IMMU,$2.115,1441138302823,"593,972",86% bullish,of 7 ratings,$2
IMNP,$1.23,1441138302853,"87,700",50% bullish,of 2 ratings,$6
IMGN,$13.01,1441138302883,"445,710",75% bullish,of 4 ratings,$17.50
IPXL,$40.7726,1441138302957,"287,033",67% bullish,of 3 ratings,$46.50
IMMY,$7.63,1441138303015,"3,200",100% bearish,of 1 rating,$11
INCR,$41,1441138303183,"385,253",50% bullish,of 2 ratings,$53
SAAS,$7.16,1441138303209,"485,795",50% bullish,of 2 ratings,$15
INCY,$115.115,1441138303365,"713,185",50% bullish,of 6 ratings,$125.50
IBCP,$13.6699,1441138303415,"81,873",100% bullish,of 1 rating,$14.50
IDSA,$3.52,1441138303445,500,Not yet rated,NULL,N/A
INFN,$21.5535,1441138303467,"685,441",71% bullish,of 7 ratings,$28
IBTX,$38.97,1441138303500,"14,754",100% bullish,of 2 ratings,$47.25
INDB,$43.5,1441138303552,"35,589",Not yet rated,NULL,$44
III,$3.64,1441138303682,"48,289",57% bullish,of 7 ratings,$6
INFI,$8.59,1441138303814,"258,362",50% bullish,of 4 ratings,$16.50
IPCC,$74.98,1441138303841,"9,204",Not yet rated,NULL,$77.50
IMKTA,$49.12,1441138303872,"44,184",100% bearish,of 1 rating,N/A
IFON,$1.27,1441138303975,"21,359",75% bullish,of 4 ratings,N/A
INNL,$12.54,1441138304130,"3,776",100% bearish,of 1 rating,$16.50
INOD,$2.327,1441138304158,"2,300",100% bearish,of 1 rating,N/A
INWK,$7.07,1441138304182,"54,333",50% bullish,of 2 ratings,$10
IPHS,$46.72,1441138304217,"72,132",100% bearish,of 1 rating,$60
INGN,$49.27,1441138304243,"154,569",100% bearish,of 1 rating,$50.50
IOSP,$48.14,1441138304320,"100,211",100% bearish,of 1 rating,N/A
INOV,$21.73,1441138304791,"257,010",100% bearish,of 1 rating,$33
ITEK,$12.25,1441138304875,"184,799",100% bearish,of 3 ratings,$20
NSIT,$24.51,1441138304921,"89,316",50% bullish,of 2 ratings,N/A
INO,$7.1771,1441138305013,"585,045",89% bullish,of 18 ratings,$20
ISIG,$2.6401,1441138305041,"3,950",100% bearish,of 1 rating,N/A
ISSC,$2.8,1441138305068,"3,375",67% bearish,of 3 ratings,N/A
INSM,$23.7055,1441138305089,"202,986",71% bullish,of 7 ratings,$31.50
PODD,$28.6241,1441138305308,"190,971",67% bearish,of 3 ratings,$35
IIIN,$16.74,1441138305342,"41,219",100% bearish,of 2 ratings,N/A
NTEC,$5.52,1441138305373,"2,269",100% bearish,of 1 rating,N/A
INSY,$32.33,1441138305440,"518,427",75% bullish,of 4 ratings,$48
IDTI,$18.5308,1441138305474,"1,183,848",60% bullish,of 5 ratings,$25
IESC,$7.12,1441138305574,"1,112",100% bearish,of 1 rating,N/A
ISSI,$21.81,1441138305599,"89,217",67% bullish,of 3 ratings,$19.75
INTC,$27.82,1441138305660,"20,463,087",82% bullish,of 238 ratings,$36
IART,$58.29,1441138305733,"103,289",100% bearish,of 2 ratings,$71.50
IQNT,$18.33,1441138305895,"146,587",86% bullish,of 7 ratings,$20
ICLD,$1.8899,1441138306151,"70,081",75% bullish,of 4 ratings,N/A
IPAR,$24.9226,1441138306180,"30,496",67% bullish,of 3 ratings,$38
IPCI,$2.22,1441138306206,"30,863",67% bullish,of 6 ratings,$8
IBKR,$38.5942,1441138306229,"550,169",100% bullish,of 1 rating,N/A
ININ,$35.24,1441138306269,"58,692",67% bearish,of 3 ratings,$57
ICPT,$184.4206,1441138306368,"164,795",70% bullish,of 10 ratings,$359.50
IDCC,$48.99,1441138306390,"226,634",80% bullish,of 5 ratings,$63
ICLDW,$1.18,1441138306415,425,100% bearish,of 1 rating,N/A
INAP,$8.92,1441138306573,"600,832",75% bullish,of 4 ratings,$11
TILE,$23.33,1441138306599,"242,971",100% bearish,of 3 ratings,$27
IBOC,$24.5989,1441138306643,"46,825",100% bearish,of 1 rating,N/A
IMI,$2.035,1441138306734,"15,307",67% bullish,of 3 ratings,$2.22
ISCA,$31.68,1441138306938,"102,504",100% bearish,of 1 rating,N/A
IIJI,NULL,1441138307015,0,50% bullish,of 2 ratings,$11.50
PTNT,$2.95,1441138307095,405,Not yet rated,NULL,N/A
IGLD,$7.01,1441138307127,"3,600",50% bullish,of 2 ratings,N/A
INTX,$2.03,1441138307149,"50,412",67% bullish,of 3 ratings,N/A
ISIL,$10.295,1441138307182,"537,545",50% bullish,of 6 ratings,$15
INPH,$0.27,1441138307230,"2,900",50% bullish,of 2 ratings,N/A
XENT,$26,1441138307373,"258,002",50% bullish,of 2 ratings,$36.50
IILG,$19.52,1441138307436,"105,574",100% bearish,of 1 rating,$29
INTL,$25.9538,1441138307461,"65,139",67% bearish,of 3 ratings,N/A
IVAC,$4.62,1441138307515,"23,404",100% bearish,of 1 rating,$6.625
ITCI,$26.98,1441138307596,"453,490",75% bearish,of 4 ratings,$40
INTLL,$25.9481,1441138307732,460,Not yet rated,NULL,N/A
INTU,$84.1,1441138307759,"1,215,502",86% bullish,of 7 ratings,$107.50
INVT,$0.3294,1441138307830,"96,501",67% bullish,of 3 ratings,N/A
ISTR,$15.77,1441138307888,"1,246",100% bearish,of 1 rating,$18.50
SNAK,$8.38,1441138307934,"95,921",50% bullish,of 2 ratings,$14
ISRG,$503.42,1441138307961,"155,404",67% bullish,of 3 ratings,$600
IIN,$6.49,1441138307989,"1,300",100% bearish,of 1 rating,$12
ISBC,$11.4783,1441138308015,"1,557,483",100% bullish,of 1 rating,$13.25
NVIV,$9.07,1441138308156,"117,324",50% bullish,of 4 ratings,$24.50
ITIC,$71,1441138308283,200,100% bearish,of 2 ratings,N/A
IVTY,$13.654,1441138308312,"5,656",Not yet rated,NULL,$18
DTUL,$64.48,1441138308380,"1,062",Not yet rated,NULL,N/A
DFVL,$66.06,1441138308410,830,Not yet rated,NULL,N/A
IPAS,$1.08,1441138308513,"12,706",67% bullish,of 3 ratings,N/A
IPGP,$82.0256,1441138308570,"291,060",67% bearish,of 3 ratings,$109.50
IPCM,$79.4405,1441138308646,"68,808",50% bullish,of 2 ratings,$80.125
IRBT,$28.81,1441138308949,"127,145",67% bullish,of 6 ratings,$37
IRCP,NULL,1441138308980,0,100% bullish,of 2 ratings,N/A
IRDMB,$274.9056,1441138309010,400,67% bearish,of 3 ratings,N/A
IRMD,$23.245,1441138309038,"30,661",67% bearish,of 3 ratings,$25
IRIX,$6.47,1441138309064,"35,661",100% bearish,of 1 rating,N/A
IRDM,$7.02,1441138309097,"634,086",60% bullish,of 5 ratings,$11.50
IRWD,$10.9675,1441138309174,"891,175",100% bearish,of 1 rating,$13
COMT,$32.82,1441138309275,"23,131",100% bearish,of 1 rating,N/A
FCHI,NULL,1441138309373,0,NULL,NULL,NULL
GNMA,$50.185,1441138309399,"5,216",Not yet rated,NULL,N/A
IFAS,NULL,1441138309445,0,NULL,NULL,NULL
IFEU,$37.03,1441138309663,"49,194",Not yet rated,NULL,N/A
IFGL,$27.43,1441138309721,"78,250",Not yet rated,NULL,N/A
ACWI,$54,1441138309877,"1,456,543",Not yet rated,NULL,N/A
ACWX,$39.34,1441138309905,"707,616",100% bearish,of 1 rating,N/A
IFNA,NULL,1441138309959,0,NULL,NULL,NULL
AAIT,NULL,1441138310036,0,NULL,NULL,NULL
AAXJ,$51.53,1441138310069,"796,615",Not yet rated,NULL,N/A
AXJS,NULL,1441138310094,0,NULL,NULL,NULL
EMDI,NULL,1441138310165,0,NULL,NULL,NULL
EMEY,NULL,1441138310379,0,NULL,NULL,NULL
EEME,NULL,1441138310407,0,NULL,NULL,NULL
EEMA,$48.4717,1441138310432,"16,603",Not yet rated,NULL,N/A
EGRW,NULL,1441138310476,0,NULL,NULL,NULL
EVAL,NULL,1441138310504,0,NULL,NULL,NULL
EEML,$27.25,1441138310574,"1,379",Not yet rated,NULL,N/A
EUFN,$21.12,1441138310608,"132,667",100% bearish,of 1 rating,N/A
IEUS,$44.36,1441138310706,"15,386",100% bearish,of 1 rating,N/A
UAE,$17.95,1441138310733,"39,459",Not yet rated,NULL,N/A
QAT,$21.49,1441138310761,"21,916",Not yet rated,NULL,N/A
SOXX,$80.05,1441138310893,"324,853",50% bullish,of 2 ratings,N/A
IBB,$332.93,1441138310925,"1,025,960",63% bullish,of 8 ratings,N/A
ICLN,$9.17,1441138310991,"22,141",50% bullish,of 2 ratings,N/A
EMIF,$27.857,1441138311025,"56,678",Not yet rated,NULL,N/A
WOOD,$46.9699,1441138311087,"11,783",50% bullish,of 2 ratings,N/A
INDY,$26.43,1441138311137,"207,417",50% bullish,of 2 ratings,N/A
ISIS,$48.8491,1441138311331,"1,199,289",53% bullish,of 15 ratings,$67
ISHG,$79.98,1441138311370,"8,611",100% bearish,of 1 rating,N/A
IGOV,$90.89,1441138311397,"187,153",100% bearish,of 1 rating,N/A
ITRI,$29.4194,1441138311463,"136,556",100% bearish,of 1 rating,$37
ITUS,$4,1441138311490,"1,600",Not yet rated,NULL,N/A
ISLE,$17.76,1441138311514,"303,345",50% bullish,of 4 ratings,$16
ISRL,NULL,1441138311545,0,100% bearish,of 1 rating,N/A
ITRN,$23.3001,1441138311701,935,50% bullish,of 2 ratings,N/A
IXYS,$11.23,1441138311794,"118,640",50% bullish,of 4 ratings,N/A
XXIA,$15.1062,1441138311839,"191,461",71% bullish,of 7 ratings,$14.625
MAYS,NULL,1441138311866,0,Not yet rated,NULL,N/A
JJSF,$112.2574,1441138311891,"16,467",100% bearish,of 1 rating,N/A
JCOM,$66.75,1441138312021,"169,126",100% bullish,of 2 ratings,$77
JASO,$7.88,1441138312111,"696,175",82% bullish,of 17 ratings,$10
JBHT,$71.52,1441138312153,"642,237",50% bullish,of 4 ratings,$89.50
JACK,$76.541,1441138312237,"301,811",83% bullish,of 6 ratings,$105
JKHY,$65.9354,1441138312264,"406,199",67% bearish,of 3 ratings,$72
JXSB,$24,1441138312339,"2,621",Not yet rated,NULL,N/A
JAGX,$3.3375,1441138312398,"4,450",Not yet rated,NULL,$10.50
JAKK,$9.44,1441138312426,"159,740",60% bearish,of 5 ratings,$11
JAXB,$13.67,1441138312453,"3,478",100% bullish,of 1 rating,N/A
JRVR,$27,1441138312679,"29,309",Not yet rated,NULL,$32
JMBA,$13.89,1441138312710,"88,618",75% bullish,of 4 ratings,$18
ERW,NULL,1441138312731,0,Not yet rated,NULL,N/A
JAZZ,$164.93,1441138312783,"154,132",80% bullish,of 15 ratings,$206.50
JASNW,NULL,1441138312865,0,50% bullish,of 2 ratings,N/A
JASN,$4.94,1441138312935,"6,818",50% bullish,of 2 ratings,$9.50
JBLU,$22.05,1441138312967,"3,334,686",94% bullish,of 18 ratings,$27
JD,$24.75,1441138312989,"4,900,549",75% bullish,of 16 ratings,$36
JCTCF,NULL,1441138313070,0,100% bullish,of 1 rating,N/A
JTPY,$2.9109,1441138313155,"1,008",100% bearish,of 1 rating,N/A
DATE,$6.1,1441138313203,"39,191",75% bullish,of 4 ratings,$9
JIVE,$4.555,1441138313233,"236,840",75% bullish,of 4 ratings,$5
JST,$3.7001,1441138313335,"9,975",75% bullish,of 4 ratings,N/A
JBSS,$51.0719,1441138313384,"21,142",67% bearish,of 3 ratings,N/A
WYIGU,NULL,1441138313420,0,100% bearish,of 1 rating,N/A
JOEZ,$0.17,1441138313477,"16,529",92% bullish,of 12 ratings,N/A
JNP,$11.09,1441138313523,"23,853",100% bullish,of 3 ratings,$15
JOUT,$23.82,1441138313618,"6,880",100% bearish,of 1 rating,$34
KTWO,$20.7533,1441138313719,"60,241",100% bearish,of 1 rating,$28.50
JUNO,$34.9887,1441138313748,"512,218",73% bullish,of 11 ratings,$71.50
