Symbol,Price,Date,Volume,Rating,RatingVoteCount,OneYearEstimate
TFSC,NULL,1440184502617,0,100% bearish,of 1 rating,N/A
FCCY,$11.67,1440184502652,200,100% bullish,of 1 rating,$13
TFSCU,NULL,1440184502689,0,Not yet rated,NULL,N/A
TFSCR,NULL,1440184502725,0,Not yet rated,NULL,N/A
FCTY,$7.63,1440184502748,100,100% bullish,of 1 rating,$8.50
FLWS,$9.18,1440184502779,"150,161",100% bullish,of 5 ratings,$15
TFSCW,NULL,1440184502832,0,100% bearish,of 1 rating,N/A
PIH,$7.1801,1440184502857,"13,900",100% bearish,of 1 rating,N/A
DSLV,$61.0284,1440184502988,"12,662",100% bearish,of 1 rating,N/A
DGLD,$76.235,1440184503024,"15,635",100% bullish,of 1 rating,N/A
TWOU,$33.895,1440184503090,"576,807",50% bullish,of 2 ratings,$39
SRCE,$30,1440184503167,"31,247",100% bullish,of 3 ratings,$33
UGLD,$9.9101,1440184503223,"230,124",100% bearish,of 1 rating,N/A
JOBS,$25.67,1440184503250,"124,944",50% bullish,of 4 ratings,$36
USLV,$14.666,1440184503282,"186,311",86% bullish,of 7 ratings,N/A
VNET,$19.4,1440184503386,"578,495",60% bullish,of 5 ratings,$29.50
EGHT,$8.195,1440184503705,"267,290",82% bullish,of 17 ratings,$11
CAFD,$15.27,1440184503739,"289,682",Not yet rated,NULL,$25
AVHI,$13.99,1440184503766,"31,023",100% bearish,of 1 rating,$19
SHLM,$34.03,1440184503801,"73,625",100% bearish,of 1 rating,$50
SIXD,$1.49,1440184503827,"227,555",Not yet rated,NULL,N/A
ABAX,$47.48,1440184503854,"80,351",100% bearish,of 1 rating,$60
AAON,$21.66,1440184504004,"106,432",100% bearish,of 1 rating,$24
ABEOW,$1.9,1440184504074,"1,981",100% bullish,of 1 rating,N/A
ABEO,$4.867,1440184504164,"125,342",67% bullish,of 3 ratings,$15.50
AXAS,$1.578,1440184504249,"544,106",78% bullish,of 9 ratings,$3.50
ABMD,$96.83,1440184504275,"663,272",75% bullish,of 4 ratings,$100.50
ABGB,$4.11,1440184504307,"27,962",67% bullish,of 3 ratings,$5.50
ABY,$19.89,1440184504329,"846,266",100% bearish,of 2 ratings,$46
ACTG,$8.8099,1440184504466,"211,791",67% bullish,of 3 ratings,$18.50
ACHC,$73.7,1440184504599,"566,971",50% bullish,of 2 ratings,$92
ACST,$0.3567,1440184504654,"39,768",100% bullish,of 2 ratings,N/A
XLRN,$28.53,1440184504681,"86,592",50% bullish,of 2 ratings,$57
ACAD,$35.73,1440184504735,"704,143",80% bullish,of 20 ratings,$48
AXDX,$18.0201,1440184504766,"150,907",100% bearish,of 1 rating,N/A
ANCX,$18.77,1440184504837,"21,345",Not yet rated,NULL,$19
ARAY,$6.605,1440184504867,"2,883,060",100% bearish,of 1 rating,$10.50
VXDN,$9.26,1440184505118,"21,459",Not yet rated,NULL,N/A
VXUP,$21.02,1440184505149,"39,206",Not yet rated,NULL,N/A
AKAO,$6.945,1440184505171,"43,614",75% bullish,of 4 ratings,$15
ACRX,$4.05,1440184505207,"315,644",67% bearish,of 6 ratings,$5.50
ACET,$24.4185,1440184505232,"89,870",75% bullish,of 4 ratings,$30
ACNB,$20.17,1440184505307,500,Not yet rated,NULL,N/A
ACHN,$7.98,1440184505370,"1,270,066",90% bullish,of 21 ratings,$16
ACPW,$1.74,1440184505554,"56,807",100% bullish,of 4 ratings,$3.50
ACOR,$30.02,1440184505605,"416,394",67% bearish,of 3 ratings,$38.50
ACIW,$22.04,1440184505654,"340,985",50% bullish,of 2 ratings,$24
ACTS,$1.33,1440184505683,"26,785",100% bearish,of 1 rating,N/A
ACTA,$13.945,1440184505819,"88,749",67% bearish,of 3 ratings,$25
ATVI,$27.28,1440184505894,"3,840,973",68% bullish,of 84 ratings,$31.50
ACUR,$0.6059,1440184506027,"63,434",100% bullish,of 5 ratings,$1
ADMS,$19.94,1440184506077,"60,541",100% bearish,of 2 ratings,$36
ACXM,$20.15,1440184506171,"227,428",67% bullish,of 3 ratings,N/A
AEY,$2.3,1440184506200,"25,542",100% bearish,of 2 ratings,N/A
ADEP,$6.7563,1440184506226,"25,786",50% bullish,of 2 ratings,$10.75
ADMP,$3.462,1440184506277,"13,700",50% bullish,of 2 ratings,$10
ADUS,$30.08,1440184506433,"37,075",100% bearish,of 1 rating,$31
ADMA,$9.1316,1440184506567,"3,498",Not yet rated,NULL,$19
ADBE,$79.13,1440184506611,"2,809,410",65% bullish,of 17 ratings,$90
ADAP,$12.59,1440184506645,"178,553",67% bullish,of 3 ratings,$22
AMD,$1.76,1440184506746,"5,582,158",83% bullish,of 103 ratings,$2
AEIS,$25.03,1440184506774,"121,057",50% bullish,of 2 ratings,$32.50
ADTN,$15.595,1440184506803,"197,355",67% bullish,of 3 ratings,$17.125
ADRO,$19.54,1440184506829,"207,596",80% bullish,of 5 ratings,$45.50
ADXS,$14.39,1440184506979,"729,726",64% bullish,of 14 ratings,$27
ADXSW,$10.5699,1440184507062,"4,674",100% bullish,of 1 rating,N/A
YPRO,$23.25,1440184507111,"4,020",100% bearish,of 1 rating,N/A
MULT,NULL,1440184507137,0,100% bearish,of 1 rating,N/A
AEGR,$18.42,1440184507273,"244,505",50% bullish,of 6 ratings,$26
AEGN,$18.16,1440184507363,"101,556",100% bearish,of 1 rating,$21
AMTX,$3.17,1440184507428,"12,287",50% bullish,of 2 ratings,$26.11
AEHR,$2.111,1440184507457,"2,764",50% bullish,of 2 ratings,N/A
AEPI,$57.08,1440184507533,"14,203",100% bearish,of 1 rating,N/A
AVAV,$24.46,1440184507560,"97,984",50% bullish,of 4 ratings,$31
AERI,$15.92,1440184507591,"263,038",75% bullish,of 4 ratings,$31.50
AEZS,$0.1051,1440184507639,"3,597,032",90% bullish,of 21 ratings,$1.50
AEMD,$6.78,1440184507857,"185,119",Not yet rated,NULL,$27.50
AGEN,$7.07,1440184507908,"736,652",85% bullish,of 13 ratings,$14
AFMD,$9.807,1440184507934,"148,808",50% bullish,of 4 ratings,$15
AFFX,$9.41,1440184508005,"357,209",80% bullish,of 5 ratings,$12
AGYS,$9.66,1440184508135,"15,702",100% bearish,of 1 rating,N/A
AGFS,$9.75,1440184508270,"59,650",100% bearish,of 1 rating,N/A
AGRX,$8.4989,1440184508301,"33,088",100% bearish,of 1 rating,$17.50
AIRM,$36.41,1440184508332,"162,886",80% bearish,of 5 ratings,$53
AGIO,$85.955,1440184508354,"416,724",88% bullish,of 8 ratings,$114
AIMT,$21.2801,1440184508485,"106,057",Not yet rated,NULL,N/A
AGFSW,$1.76,1440184508512,"26,797",100% bearish,of 2 ratings,N/A
AIRT,$22.46,1440184508534,50,100% bullish,of 1 rating,N/A
ATSG,$9.15,1440184508570,"151,937",67% bullish,of 3 ratings,$13
AMCN,$4.91,1440184508670,"343,631",83% bullish,of 6 ratings,N/A
AIXG,$5.921,1440184508777,"31,037",67% bearish,of 3 ratings,$5.25
AKAM,$68.49,1440184508911,"997,492",63% bullish,of 8 ratings,$77
ALRM,$16.4099,1440184508966,"337,904",100% bearish,of 1 rating,$22
AKER,$2.6493,1440184509044,"92,794",Not yet rated,NULL,N/A
AKBA,$6.66,1440184509101,"148,132",100% bearish,of 1 rating,$18
ALSK,$2.0935,1440184509133,"88,983",78% bullish,of 18 ratings,$2
AKRX,$40.42,1440184509194,"647,721",78% bullish,of 9 ratings,$56
ADHD,$8.32,1440184509351,"175,216",50% bullish,of 4 ratings,$18
ALDR,$37.08,1440184509383,"312,258",67% bearish,of 3 ratings,$62
ABDC,$12.58,1440184509416,"15,761",Not yet rated,NULL,$15
AMRI,$19.67,1440184509444,"157,221",75% bearish,of 4 ratings,$24
ALXN,$175.36,1440184509518,"854,589",88% bullish,of 8 ratings,$223
ALDX,$7.7,1440184509578,"5,763",100% bearish,of 1 rating,$14.50
ALCO,$42.45,1440184509606,"18,637",50% bullish,of 2 ratings,N/A
ALXA,$1.0301,1440184509734,"24,599",83% bullish,of 6 ratings,$2.125
ALGN,$56.545,1440184509819,"221,078",100% bearish,of 2 ratings,$73
ALKS,$60.5,1440184509986,"460,934",67% bullish,of 3 ratings,$75
ALIM,$3.18,1440184510012,"130,017",80% bullish,of 5 ratings,$10
ALGT,$217.03,1440184510064,"123,204",100% bearish,of 1 rating,$235
AFOP,$17.49,1440184510201,"97,546",75% bullish,of 8 ratings,$21
AIQ,$14.7,1440184510238,"8,307",67% bullish,of 3 ratings,N/A
ALLB,$23.1601,1440184510260,"1,104",Not yet rated,NULL,N/A
AHGP,$36.69,1440184510282,"22,910",67% bullish,of 3 ratings,N/A
ARLP,$24.7499,1440184510346,"89,393",67% bearish,of 3 ratings,$32
AMOT,$17.07,1440184510486,"60,383",100% bearish,of 1 rating,N/A
ALQA,$4.37,1440184510516,"30,535",75% bullish,of 4 ratings,$8.50
AHPI,$1.443,1440184510546,300,50% bullish,of 2 ratings,N/A
ALLT,$5.06,1440184510589,"45,268",75% bullish,of 4 ratings,$6.25
MDRX,$13.6,1440184510762,"679,753",60% bullish,of 5 ratings,$16
AFAM,$46.68,1440184510852,"46,873",50% bullish,of 2 ratings,$44
ALNY,$100.62,1440184511036,"297,487",67% bullish,of 3 ratings,$148.50
AOSL,$7.26,1440184511158,"47,937",67% bullish,of 3 ratings,$9
ALTR,$48.21,1440184511219,"1,933,990",80% bearish,of 5 ratings,$54
SMCP,$22.56,1440184511318,"1,500",Not yet rated,NULL,N/A
ATEC,$0.5837,1440184511347,"29,620",100% bullish,of 1 rating,$2
AMRN,$2.03,1440184511374,"619,151",85% bullish,of 39 ratings,$8
ASPS,$28.82,1440184511504,"140,425",67% bullish,of 3 ratings,$46.50
AIMC,$25.335,1440184511537,"65,871",100% bearish,of 1 rating,$28.50
AMAG,$60.44,1440184511559,"331,718",100% bullish,of 2 ratings,$77.50
AYA,$21.63,1440184511636,"56,439",100% bearish,of 1 rating,$40
AMRK,$10.59,1440184511692,"4,545",50% bullish,of 2 ratings,$14
AMZN,$496.035,1440184511767,"2,548,305",81% bullish,of 263 ratings,$646
AMBC,$15.64,1440184511822,"140,824",100% bearish,of 1 rating,$16.50
AMBCW,$7.0532,1440184512001,"1,178",100% bearish,of 1 rating,N/A
AMBA,$89.2543,1440184512094,"4,248,564",83% bullish,of 12 ratings,$102.50
AMDA,$0.4751,1440184512195,"1,075,272",90% bullish,of 10 ratings,$1
EPAX,$2.7036,1440184512224,"72,621",100% bearish,of 1 rating,N/A
ASBI,$22.57,1440184512250,100,Not yet rated,NULL,N/A
AMCX,$67.8,1440184512279,"435,986",67% bullish,of 3 ratings,$85.50
AMED,$40.79,1440184512327,"188,862",100% bearish,of 1 rating,$42
DOX,$57.735,1440184512414,"103,957",50% bullish,of 2 ratings,$60
UHAL,$362.8,1440184512469,"9,469",100% bullish,of 2 ratings,$393.50
ATAX,$5.2501,1440184512624,"136,076",100% bullish,of 1 rating,$6.50
AGNC,$19.635,1440184512686,"2,402,844",75% bullish,of 28 ratings,$22
AAL,$39.995,1440184512716,"6,518,242",93% bullish,of 87 ratings,$57
AMOV,$17.698,1440184512812,"5,163",100% bearish,of 1 rating,N/A
AGNCB,$24.23,1440184512914,"19,268",Not yet rated,NULL,N/A
AGNCP,$25.336,1440184512973,"5,561",Not yet rated,NULL,N/A
MTGE,$15.711,1440184513003,"303,508",75% bullish,of 4 ratings,$19.50
MTGEP,NULL,1440184513106,0,Not yet rated,NULL,N/A
AETI,NULL,1440184513154,0,67% bearish,of 3 ratings,N/A
ACSF,$12.25,1440184513216,"30,099",100% bearish,of 1 rating,$15
ACAS,$13.725,1440184513288,"1,031,045",60% bullish,of 5 ratings,$16.75
ANCI,$1.51,1440184513359,"9,768",100% bearish,of 1 rating,N/A
ANAT,$100.8199,1440184513501,"10,766",100% bullish,of 1 rating,N/A
AMIC,NULL,1440184513528,0,Not yet rated,NULL,N/A
AMNB,$22.96,1440184513552,"12,863",Not yet rated,NULL,$25.50
ARII,$38.84,1440184513732,"133,625",67% bearish,of 3 ratings,$45
AMRB,$10.07,1440184513761,"1,854",Not yet rated,NULL,$11
APEI,$21.37,1440184513795,"52,050",100% bearish,of 1 rating,$25.50
ASEI,$39.71,1440184513817,"38,144",100% bearish,of 1 rating,$52.50
AMSWA,$9.14,1440184513897,"32,974",100% bearish,of 2 ratings,$10.75
ABCB,$27.8,1440184514178,"116,933",Not yet rated,NULL,$31
CRMT,$37.99,1440184514245,"97,130",100% bearish,of 1 rating,$49
AMWD,$68.83,1440184514283,"201,018",50% bullish,of 2 ratings,$58
AMSF,$49.7,1440184514306,"55,981",Not yet rated,NULL,$57.50
AMSC,$3.55,1440184514342,"24,948",50% bullish,of 4 ratings,N/A
ASRV,$3.24,1440184514371,302,100% bullish,of 2 ratings,N/A
ASRVP,NULL,1440184514401,0,Not yet rated,NULL,N/A
ATLO,$23.3,1440184514423,"12,838",Not yet rated,NULL,N/A
AMKR,$4.41,1440184514730,"1,172,530",100% bearish,of 2 ratings,$5
AMGN,$157.77,1440184514756,"2,536,845",89% bullish,of 19 ratings,$185
FOLD,$14.2,1440184514782,"2,045,051",56% bullish,of 9 ratings,$21
AMSG,$81.06,1440184514885,"224,527",100% bearish,of 1 rating,$85.50
AMPH,$13.83,1440184514957,"103,044",50% bullish,of 2 ratings,$20
AFSI,$59.58,1440184514984,"638,367",60% bullish,of 5 ratings,$72
ASYS,$5.215,1440184515028,"31,582",67% bullish,of 3 ratings,$12
AMSGP,NULL,1440184515111,0,Not yet rated,NULL,N/A
ANAC,$131.51,1440184515211,"454,987",80% bullish,of 5 ratings,$180.50
AMRS,$1.631,1440184515242,"51,214",70% bullish,of 10 ratings,N/A
ANAD,$0.34,1440184515276,"114,916",100% bullish,of 2 ratings,$.50
ADI,$54.035,1440184515313,"2,380,712",67% bullish,of 3 ratings,$69
ALOG,$82.75,1440184515339,"41,807",100% bearish,of 2 ratings,$100.50
ANCB,NULL,1440184515375,0,Not yet rated,NULL,$23
ABCW,$39.83,1440184515476,"6,434",67% bullish,of 3 ratings,N/A
AMCF,$0.26,1440184515756,"7,820",100% bullish,of 7 ratings,N/A
ANGI,$4.57,1440184515849,"605,463",64% bullish,of 11 ratings,$5.50
ANIK,$34.7,1440184515887,"64,195",60% bullish,of 5 ratings,$51.25
ANSS,$91.59,1440184515914,"250,875",100% bearish,of 1 rating,$100
ANIP,$49.02,1440184515936,"191,760",89% bullish,of 19 ratings,$66
ANGO,$14.75,1440184515965,"65,920",67% bullish,of 3 ratings,$19
ABAC,$0.73,1440184516226,"36,121",100% bearish,of 1 rating,N/A
ATRS,$1.82,1440184516253,"463,877",92% bullish,of 12 ratings,$4.50
ANTH,$7.15,1440184516293,"1,571,319",80% bullish,of 10 ratings,$13
AINV,$6.4701,1440184516322,"806,128",50% bullish,of 4 ratings,$8
APOG,$51.47,1440184516344,"131,739",100% bullish,of 1 rating,$67
APIC,$6.42,1440184516384,"138,580",100% bearish,of 1 rating,$19
ATNY,$2.37,1440184516411,"2,153",50% bullish,of 2 ratings,$3.75
APOL,$10.98,1440184516433,"660,919",87% bearish,of 68 ratings,$14
APPF,$16.98,1440184516634,"45,794",50% bullish,of 2 ratings,$22
AAPL,$106.36,1440184516767,"55,073,835",86% bullish,of 2336 ratings,$150
ARCI,$1.19,1440184516814,"1,204",Not yet rated,NULL,N/A
AGTC,$16.07,1440184516947,"83,201",50% bullish,of 2 ratings,$33
APDN,$3.12,1440184517079,"55,422",Not yet rated,NULL,$9
AMCC,$5.315,1440184517107,"736,774",80% bullish,of 5 ratings,$8
APRI,$1.3,1440184517129,"140,318",83% bullish,of 6 ratings,$4.86
AMAT,$15.57,1440184517162,"8,318,574",82% bullish,of 11 ratings,$23
AREX,$2.07,1440184517185,"681,813",100% bearish,of 1 rating,$3
APDNW,$1.2,1440184517322,"2,200",Not yet rated,NULL,N/A
AAOI,$19.9,1440184517351,"235,563",50% bullish,of 4 ratings,$26
AQXP,$17.3247,1440184517409,"397,191",50% bullish,of 2 ratings,$2
APTO,$4.921,1440184517541,"3,038",Not yet rated,NULL,$17
AUMA,NULL,1440184517568,0,Not yet rated,NULL,N/A
AQMS,$4.99,1440184517643,"11,614",Not yet rated,NULL,N/A
AUMAU,$10,1440184517702,100,Not yet rated,NULL,N/A
AUMAW,NULL,1440184517992,0,Not yet rated,NULL,N/A
ARDM,$7.14,1440184518024,"4,158",100% bullish,of 1 rating,$26
ARCW,$3.51,1440184518046,"24,833",100% bearish,of 2 ratings,$10.50
PETX,$17.25,1440184518089,"228,876",100% bearish,of 2 ratings,$26
ABIO,$0.8894,1440184518119,"78,044",50% bullish,of 2 ratings,$3.75
ABUS,$7.24,1440184518183,"437,348",86% bullish,of 14 ratings,$23
RKDA,$5.54,1440184518215,"13,974",100% bearish,of 2 ratings,$10
ARCB,$29.49,1440184518278,"146,804",50% bullish,of 2 ratings,$39.50
ACGL,$71.12,1440184518435,"109,616",50% bullish,of 2 ratings,$72
ARDX,$17.5,1440184518512,"78,100",50% bullish,of 2 ratings,$24.50
ACAT,$26.83,1440184518539,"213,754",100% bearish,of 3 ratings,$33
ARNA,$2.94,1440184518619,"3,048,702",90% bullish,of 77 ratings,$5.50
ARCC,$15.39,1440184518674,"1,264,560",67% bearish,of 3 ratings,$17.875
AGII,$57.83,1440184518728,"105,311",Not yet rated,NULL,$59.50
AGIIL,$25.44,1440184518806,"4,914",Not yet rated,NULL,N/A
ARIA,$6.699,1440184518940,"2,344,955",87% bullish,of 46 ratings,$9
ARKR,$25.055,1440184519037,514,50% bullish,of 2 ratings,N/A
ARTX,$1.46,1440184519073,"80,034",88% bullish,of 16 ratings,$4.50
ARGS,$6.15,1440184519169,"73,941",50% bullish,of 2 ratings,$19.50
ARIS,$3.26,1440184519201,"5,846",Not yet rated,NULL,$4.50
ARMH,$40.47,1440184519262,"856,999",54% bearish,of 13 ratings,$61
ARWA,NULL,1440184519330,0,Not yet rated,NULL,N/A
ARWAR,NULL,1440184519397,0,Not yet rated,NULL,N/A
ARWAU,NULL,1440184519491,0,100% bullish,of 1 rating,N/A
ARWAW,NULL,1440184519662,0,Not yet rated,NULL,N/A
ARRY,$5.465,1440184519719,"902,775",100% bullish,of 7 ratings,$10
ARQL,$1.66,1440184519814,"187,707",75% bullish,of 4 ratings,$5
DWAT,$10.0299,1440184519898,"46,263",100% bearish,of 1 rating,N/A
ARRS,$26.35,1440184519944,"743,102",50% bullish,of 2 ratings,$38
ARTNA,$22.45,1440184520037,"32,206",100% bearish,of 1 rating,$29
AROW,$27.1014,1440184520070,"20,198",Not yet rated,NULL,N/A
ARWR,$5.55,1440184520139,"663,954",75% bullish,of 4 ratings,$10.50
ARTW,$4.4246,1440184520174,"3,004",75% bearish,of 4 ratings,N/A
ASBB,$24.65,1440184520322,200,Not yet rated,NULL,N/A
ASND,$17.98,1440184520350,"23,173",100% bullish,of 1 rating,$30
ASCMA,$28.48,1440184520431,"106,134",100% bearish,of 1 rating,$45
ASNA,$11.255,1440184520482,"1,680,266",50% bullish,of 2 ratings,$18
ASTI,$0.1253,1440184520512,"1,607,057",83% bullish,of 6 ratings,$3
APWC,$1.9,1440184520609,400,100% bearish,of 1 rating,N/A
ASMI,NULL,1440184520714,0,NULL,NULL,NULL
ASML,$85.94,1440184520775,"769,186",67% bullish,of 3 ratings,$127
AZPN,$38.29,1440184520802,"563,104",50% bullish,of 2 ratings,$42
ASFI,$8.97,1440184520937,"2,742",100% bullish,of 1 rating,N/A
ASTE,$36.13,1440184520965,"54,969",100% bearish,of 1 rating,$48
ASMB,$12.55,1440184521003,"72,296",67% bullish,of 3 ratings,N/A
ATRO,$52.8,1440184521135,"69,001",100% bearish,of 2 ratings,$80
ALOT,$13.5,1440184521165,733,100% bearish,of 1 rating,N/A
ASTC,$2.21,1440184521267,"31,654",100% bullish,of 5 ratings,N/A
ASUR,$5.66,1440184521297,"10,829",100% bearish,of 1 rating,$8
ATRA,$42.04,1440184521436,"135,200",50% bullish,of 2 ratings,$68
ATAI,$2.73,1440184521462,"29,493",100% bearish,of 1 rating,N/A
ATHN,$131.74,1440184521606,"127,335",67% bearish,of 3 ratings,$153
AFCB,$28.01,1440184521675,168,Not yet rated,NULL,N/A
ATHX,$1.1949,1440184521707,"191,613",89% bullish,of 9 ratings,$5
AAPC,$10.21,1440184521842,197,Not yet rated,NULL,N/A
AAME,$3.6399,1440184521915,831,Not yet rated,NULL,N/A
ACFC,$6.04,1440184521945,"88,126",Not yet rated,NULL,$6.50
ATNI,$74.07,1440184521967,"51,300",100% bearish,of 1 rating,$69.50
AAWW,$41.98,1440184522203,"257,731",50% bullish,of 2 ratings,$65
ATLC,$3.938,1440184522235,"10,300",67% bullish,of 3 ratings,N/A
AFH,$16.6,1440184522307,"63,752",Not yet rated,NULL,$21.50
ATML,$6.99,1440184522335,"1,962,200",78% bullish,of 9 ratings,$9.50
ATOS,$0.852,1440184522407,"157,994",100% bullish,of 7 ratings,$7
ATRC,$25.93,1440184522469,"167,030",100% bullish,of 1 rating,$30
ATRI,$390.01,1440184522631,"2,278",Not yet rated,NULL,N/A
ATRM,$2.99,1440184522730,300,50% bullish,of 2 ratings,N/A
ATTU,$13.83,1440184522769,"35,342",100% bearish,of 1 rating,$20.50
LIFE,$14.36,1440184522801,"27,923",86% bullish,of 7 ratings,$43
AUBN,$27.0001,1440184522867,502,Not yet rated,NULL,N/A
AUDC,$3.2199,1440184522893,"52,382",80% bullish,of 5 ratings,$5
AUPH,$3.18,1440184522925,"13,287",100% bearish,of 1 rating,$8
EARS,$4.82,1440184522954,"11,520",100% bearish,of 2 ratings,$11.50
ADAT,$0.1259,1440184523090,"72,467",100% bullish,of 2 ratings,N/A
ABTL,$17.92,1440184523150,"57,883",100% bullish,of 4 ratings,$20.25
ADP,$79.8099,1440184523354,"1,214,363",100% bearish,of 1 rating,$88
ADSK,$52.24,1440184523412,"1,480,492",83% bullish,of 6 ratings,$69.50
AVGO,$111.94,1440184523514,"2,441,483",88% bullish,of 8 ratings,$160
AAVL,$10.65,1440184523684,"189,326",100% bearish,of 1 rating,$20
AVNU,NULL,1440184523710,0,Not yet rated,NULL,$14
AVEO,$1.3835,1440184523790,"1,273,963",75% bullish,of 8 ratings,$3
AVID,$8.03,1440184523845,"427,727",100% bearish,of 1 rating,$20
AVGR,$14.2599,1440184523875,"16,669",100% bearish,of 1 rating,$20
AVNW,$1.2001,1440184524012,"95,613",50% bullish,of 2 ratings,$2.20
CAR,$41.9601,1440184524054,"1,262,881",80% bullish,of 5 ratings,$60
AXPW,$1.1368,1440184524184,"32,161",83% bullish,of 6 ratings,N/A
AWRE,$3.12,1440184524243,"4,120",67% bullish,of 3 ratings,N/A
AXPWW,NULL,1440184524273,0,Not yet rated,NULL,N/A
ACLS,$3.292,1440184524376,"435,689",67% bullish,of 6 ratings,$4.75
AXTI,$2.17,1440184524402,"31,407",50% bullish,of 2 ratings,$2.75
AXGN,$3.9304,1440184524450,"25,396",Not yet rated,NULL,$5
BCOM,NULL,1440184524651,0,100% bearish,of 1 rating,N/A
RILY,$10,1440184524688,500,Not yet rated,NULL,N/A
BOSC,$2.2101,1440184524711,617,50% bullish,of 2 ratings,N/A
BIDU,$154.65,1440184524750,"2,699,911",81% bullish,of 88 ratings,$210
BCPC,$57.88,1440184524779,"80,101",100% bearish,of 1 rating,$75
BEAV,$48.41,1440184524806,"406,231",67% bearish,of 3 ratings,$59
BWINA,NULL,1440184524840,0,Not yet rated,NULL,N/A
BWINB,$23,1440184525014,"19,794",Not yet rated,NULL,N/A
BLDP,$1.23,1440184525042,"420,342",91% bullish,of 22 ratings,$2.50
BANF,$60.6301,1440184525093,"12,974",Not yet rated,NULL,$68
BANFP,NULL,1440184525264,0,Not yet rated,NULL,N/A
BKMU,$7.15,1440184525296,"101,155",Not yet rated,NULL,$8
BMRC,$48.7,1440184525323,"10,654",Not yet rated,NULL,$52
BOCH,$5.73,1440184525400,"16,683",Not yet rated,NULL,$6.50
BKSC,$15.68,1440184525478,437,Not yet rated,NULL,N/A
OZRK,$40.62,1440184525545,"346,574",67% bullish,of 3 ratings,$49.50
BFIN,$12.16,1440184525576,"19,398",Not yet rated,NULL,$13
BOTJ,$11.321,1440184525635,"3,066",Not yet rated,NULL,N/A
BWFG,$18.08,1440184525867,205,100% bearish,of 1 rating,N/A
BHAC,NULL,1440184525899,0,Not yet rated,NULL,N/A
TAPR,$29.38,1440184525920,"4,450",100% bearish,of 1 rating,N/A
BZUN,$5.6,1440184525973,"347,526",50% bullish,of 2 ratings,$12.60
BANR,$45.61,1440184526112,"49,325",100% bullish,of 3 ratings,$50
BHACU,NULL,1440184526147,0,Not yet rated,NULL,N/A
BHACR,NULL,1440184526244,0,Not yet rated,NULL,N/A
BHACW,NULL,1440184526270,0,Not yet rated,NULL,N/A
BSET,$29.03,1440184526510,"29,130",100% bearish,of 1 rating,$35
BBSI,$34.6,1440184526537,"51,301",67% bearish,of 3 ratings,$62.50
BYLK,$12.95,1440184526576,"4,438",Not yet rated,NULL,$14
BYBK,$5.09,1440184526667,878,100% bearish,of 1 rating,N/A
BBCN,$14.86,1440184526707,"189,143",100% bearish,of 1 rating,$16
BCBP,$11.74,1440184526736,"8,495",Not yet rated,NULL,N/A
BDCV,$4.92,1440184526946,"6,167",100% bearish,of 1 rating,$10.19
BV,$5.1,1440184527000,"203,563",67% bullish,of 6 ratings,$9
BECN,$35.43,1440184527027,"229,822",50% bullish,of 2 ratings,$40
BSF,$8.6999,1440184527060,"13,690",Not yet rated,NULL,N/A
BEBE,$1.81,1440184527194,"108,022",75% bullish,of 4 ratings,$3.075
BBGI,NULL,1440184527222,0,100% bearish,of 1 rating,N/A
BBBY,$61.9199,1440184527352,"1,376,199",71% bullish,of 7 ratings,$75
BELFA,$15.5,1440184527403,100,100% bearish,of 1 rating,N/A
BELFB,$17.9,1440184527536,"36,330",100% bearish,of 1 rating,N/A
BNFT,$36.26,1440184527618,"68,872",67% bullish,of 3 ratings,$46
BLCM,$17.79,1440184527650,"583,620",50% bullish,of 4 ratings,$40
BLPH,$5.04,1440184527677,"23,752",100% bearish,of 1 rating,$12.50
BNCL,$12.68,1440184527699,"246,780",100% bullish,of 3 ratings,$12.50
BNTC,$7.95,1440184527831,"27,448",100% bullish,of 1 rating,N/A
BGMD,$0.88,1440184527891,"195,501",100% bullish,of 10 ratings,N/A
BGCP,$8.855,1440184528024,"1,200,015",88% bullish,of 8 ratings,$14
ORPN,$5.5099,1440184528158,"12,767",100% bullish,of 1 rating,$28.50
BIND,$4.52,1440184528189,"38,266",67% bullish,of 3 ratings,$13.50
BGFV,$10.9,1440184528211,"101,344",57% bullish,of 7 ratings,$12
BASI,$1.39,1440184528293,"4,846",Not yet rated,NULL,N/A
BIOC,$2.06,1440184528351,"406,595",83% bullish,of 6 ratings,$3.85
BCDA,NULL,1440184528377,0,Not yet rated,NULL,N/A
BIOD,$0.6897,1440184528429,"133,754",80% bullish,of 5 ratings,$4
BCRX,$12.01,1440184528455,"430,737",63% bullish,of 8 ratings,$18
BDSI,$6.58,1440184528736,"726,829",88% bullish,of 8 ratings,$17
BIOL,$1.47,1440184528807,"35,624",Not yet rated,NULL,N/A
BIIB,$300.662,1440184528839,"1,240,442",88% bullish,of 16 ratings,$400
BLFS,$2.04,1440184528861,"76,776",100% bearish,of 1 rating,$4.75
BLRX,$1.4499,1440184528944,"190,194",100% bullish,of 12 ratings,$5
BVXVW,NULL,1440184529245,0,100% bearish,of 1 rating,N/A
BMRN,$127.46,1440184529279,"570,478",80% bullish,of 5 ratings,$160
BVXV,$3.9201,1440184529307,"6,557",Not yet rated,NULL,N/A
BRLI,NULL,1440184529326,0,NULL,NULL,NULL
BPTH,$1.1301,1440184529353,"61,846",100% bullish,of 2 ratings,$5
BIOS,$1.835,1440184529398,"751,811",71% bullish,of 7 ratings,$4
BBP,$32.05,1440184529419,"85,439",Not yet rated,NULL,N/A
BBC,$30.7288,1440184529491,"56,376",Not yet rated,NULL,N/A
BSTC,$50.079,1440184529674,"56,505",100% bearish,of 1 rating,$76
BSPM,$0.6792,1440184529774,"10,125",50% bullish,of 2 ratings,N/A
BOTA,$2.23,1440184529800,"39,320",88% bullish,of 8 ratings,N/A
BITI,$17.6,1440184529943,"30,994",100% bullish,of 1 rating,$28
BEAT,$13.61,1440184530075,"240,879",67% bearish,of 3 ratings,$15
BDMS,NULL,1440184530103,0,100% bearish,of 1 rating,N/A
TECH,$102.41,1440184530132,"67,699",100% bullish,of 1 rating,$117
BBOX,$15.365,1440184530262,"44,793",100% bearish,of 1 rating,N/A
BJRI,$44.69,1440184530292,"121,461",50% bullish,of 2 ratings,$55
BDE,$7.395,1440184530321,"143,421",50% bullish,of 2 ratings,$9
BLKB,$58.7,1440184530398,"123,854",100% bearish,of 2 ratings,$66
BBRY,$7.15,1440184530453,"4,088,921",61% bullish,of 330 ratings,$9
HAWK,$42.2375,1440184530524,"394,029",90% bullish,of 10 ratings,$49
ADRA,$26.9551,1440184530612,800,Not yet rated,NULL,N/A
BKCC,$9.09,1440184530642,"279,508",100% bullish,of 2 ratings,$10
ADRD,$22.1847,1440184530746,"6,046",100% bearish,of 1 rating,N/A
ADRU,$22.0853,1440184530903,"2,168",100% bearish,of 1 rating,N/A
ADRE,$29.663,1440184530931,"43,248",Not yet rated,NULL,N/A
BLMN,$20.305,1440184531065,"1,261,494",83% bullish,of 6 ratings,$27.50
BCOR,$13.42,1440184531093,"146,129",57% bullish,of 7 ratings,$15
BUFF,$26.785,1440184531126,"401,569",83% bullish,of 12 ratings,$31.50
BLBD,$11.5715,1440184531226,"6,469",Not yet rated,NULL,N/A
BBLU,$0.8551,1440184531354,"96,349",100% bullish,of 2 ratings,$4.43
BHBK,$14.05,1440184531380,"91,421",100% bullish,of 1 rating,$14.50
NILE,$34.0897,1440184531410,"46,331",50% bullish,of 2 ratings,$34
BLUE,$124,1440184531443,"383,472",71% bullish,of 7 ratings,$217.50
BKEP,$6.6,1440184531542,"36,065",100% bearish,of 1 rating,$8.50
BKEPP,$7.773,1440184531643,"1,100",100% bearish,of 1 rating,N/A
BPMC,$25.79,1440184531731,"33,868",50% bullish,of 2 ratings,$47.50
BNCN,$21.27,1440184531863,"74,529",Not yet rated,NULL,$23
BOFI,$123.81,1440184531915,"257,440",100% bullish,of 6 ratings,$144
WIFI,$7.86,1440184532003,"338,728",50% bullish,of 2 ratings,$13.50
BOBE,$44.67,1440184532055,"80,401",75% bullish,of 4 ratings,$57
BOJA,$20.98,1440184532092,"147,521",100% bullish,of 1 rating,$30
BONA,$11.8175,1440184532134,"147,684",75% bullish,of 4 ratings,$8.50
BNSO,$1.3501,1440184532163,"6,080",100% bearish,of 1 rating,N/A
BOKF,$62.015,1440184532184,"80,068",100% bearish,of 1 rating,$70.50
BAMM,$3.2099,1440184532366,"11,339",60% bullish,of 5 ratings,N/A
BPFH,$12.15,1440184532463,"166,074",100% bearish,of 1 rating,$14
EPAY,$25.39,1440184532532,"84,952",100% bearish,of 2 ratings,$30
BPFHP,$25.14,1440184532558,"1,371",100% bearish,of 1 rating,N/A
BPFHW,$5.5,1440184532632,558,100% bearish,of 1 rating,N/A
BDBD,$8.46,1440184532702,"358,392",60% bullish,of 5 ratings,$10
BCLI,$2.9501,1440184532835,"55,277",80% bullish,of 5 ratings,$12
BBEPP,$13.399,1440184532928,"65,086",100% bearish,of 1 rating,N/A
BBEP,$2.301,1440184532989,"1,635,710",69% bullish,of 13 ratings,$5.625
BLIN,$1.2001,1440184533016,"9,500",50% bullish,of 2 ratings,$2.20
BBRG,$12.48,1440184533044,"47,340",67% bullish,of 3 ratings,$14.50
BDGE,$27.14,1440184533066,"15,133",Not yet rated,NULL,$31.75
BRID,$8.01,1440184533206,120,100% bearish,of 1 rating,N/A
BCOV,$5.235,1440184533232,"89,859",67% bullish,of 3 ratings,$10.20
BRCM,$48.86,1440184533270,"2,943,966",75% bullish,of 12 ratings,$56
BVSN,$5.64,1440184533495,"12,425",60% bearish,of 5 ratings,N/A
BSFT,$31.04,1440184533522,"93,634",57% bullish,of 7 ratings,$40.50
BYFC,$1.37,1440184533653,200,50% bullish,of 2 ratings,N/A
BWEN,$3.26,1440184533686,"15,664",100% bullish,of 3 ratings,$8
BMTC,$29.44,1440184533711,"50,745",Not yet rated,NULL,$34
BRKL,$10.77,1440184533751,"196,326",100% bearish,of 1 rating,$10.75
BRCD,$10.4801,1440184533784,"8,498,668",92% bullish,of 13 ratings,$12.50
BRKS,$10.41,1440184533849,"133,932",67% bullish,of 3 ratings,$15.25
BRKR,$19.12,1440184533998,"127,927",100% bearish,of 2 ratings,$22
BLMT,$20.8697,1440184534026,"11,867",Not yet rated,NULL,N/A
BWLD,$190.93,1440184534218,"183,457",82% bullish,of 11 ratings,$205
BSQR,$6.034,1440184534323,"82,423",67% bullish,of 3 ratings,N/A
BUR,$1.8582,1440184534396,"2,343",100% bearish,of 1 rating,$8
BLDR,$14.91,1440184534422,"779,833",50% bullish,of 2 ratings,$22
CHRW,$67.195,1440184534588,"567,946",Not yet rated,NULL,$72
CFFI,$35.9001,1440184534619,"4,356",100% bearish,of 1 rating,N/A
CA,$27.66,1440184534666,"1,763,324",50% bullish,of 4 ratings,$33
CCMP,$44.1599,1440184534694,"61,214",50% bullish,of 2 ratings,$59
CDZI,$7.54,1440184534749,"17,122",100% bearish,of 1 rating,N/A
CACQ,$7.1,1440184534821,"77,877",100% bearish,of 1 rating,$12.25
CZR,$7.91,1440184534850,"1,051,281",60% bearish,of 5 ratings,$10.50
CDNS,$19.97,1440184534876,"793,931",75% bullish,of 4 ratings,$22.50
CSTE,$44.603,1440184535055,"330,360",100% bearish,of 1 rating,$65
CLMS,$11.46,1440184535319,"50,247",Not yet rated,NULL,$10.50
CHY,$11.5362,1440184535345,"234,749",Not yet rated,NULL,N/A
CLBS,$1.32,1440184535374,"210,917",79% bullish,of 14 ratings,$4
PRSS,$4.38,1440184535397,"12,036",80% bullish,of 5 ratings,$4.50
CCD,$19.5,1440184535534,"192,115",Not yet rated,NULL,N/A
CFGE,NULL,1440184535561,0,Not yet rated,NULL,N/A
CHW,$7.6099,1440184535584,"226,993",100% bearish,of 1 rating,N/A
CHI,$10.6971,1440184535615,"280,547",100% bearish,of 1 rating,N/A
CGO,$12.0156,1440184535783,"24,256",100% bearish,of 1 rating,N/A
CSQ,$9.9,1440184535817,"488,293",Not yet rated,NULL,N/A
CVGW,$54.56,1440184535847,"100,123",50% bullish,of 2 ratings,$58.50
CAMP,$15.735,1440184535880,"210,174",88% bullish,of 8 ratings,$25
CALA,$5.11,1440184535909,"292,099",100% bullish,of 3 ratings,$19.50
CFNB,$13.4,1440184535982,105,100% bearish,of 1 rating,N/A
CALD,$15.42,1440184536050,"253,595",100% bearish,of 1 rating,$20.50
ABCD,$4.74,1440184536464,"111,315",83% bullish,of 6 ratings,N/A
CAMB,NULL,1440184536504,0,Not yet rated,NULL,N/A
CALM,$49.59,1440184536532,"368,632",80% bullish,of 5 ratings,$65
CLMT,$25.19,1440184536559,"305,201",75% bullish,of 8 ratings,$31
CAMBU,NULL,1440184536580,0,100% bearish,of 1 rating,N/A
CAMBW,$0.14,1440184536716,100,Not yet rated,NULL,N/A
CSIQ,$17.58,1440184536743,"2,493,127",86% bullish,of 28 ratings,$45
CAMT,$2.79,1440184536765,"13,612",73% bullish,of 11 ratings,$4
CBNJ,$10.62,1440184536996,"51,570",100% bullish,of 1 rating,N/A
CAC,$40.04,1440184537024,"12,971",Not yet rated,NULL,N/A
CPHC,$10.45,1440184537046,"2,120",100% bearish,of 1 rating,N/A
CGIX,$9.19,1440184537084,"35,982",67% bullish,of 3 ratings,$14.375
CBF,$30.02,1440184537178,"77,443",Not yet rated,NULL,$32
CPLA,$48.9,1440184537206,"44,040",50% bullish,of 2 ratings,$65
CPLP,$7.15,1440184537384,"408,910",71% bullish,of 7 ratings,$11
CCBG,$15.2425,1440184537411,"21,050",Not yet rated,NULL,$17.25
CFFN,$12.01,1440184537544,"450,978",Not yet rated,NULL,$12.75
CPTA,$14.18,1440184537576,"41,858",Not yet rated,NULL,$18.50
CSWC,$47.04,1440184537598,"9,437",Not yet rated,NULL,N/A
CAPN,$1.8488,1440184537630,"229,446",100% bullish,of 1 rating,$10.85
CAPNW,$0.6199,1440184537680,615,Not yet rated,NULL,N/A
CAPR,$3.89,1440184537811,"4,617",Not yet rated,NULL,$12
CPST,$0.3662,1440184537897,"767,221",95% bullish,of 22 ratings,$1.25
CARA,$21.15,1440184537929,"189,410",50% bullish,of 4 ratings,$25
CARB,$11.4,1440184538028,"58,458",75% bullish,of 4 ratings,$12
CBYL,$6.32,1440184538118,"32,060",100% bearish,of 1 rating,$20
CRDC,$0.393,1440184538173,"10,250",100% bullish,of 1 rating,$1.25
CSII,$24.32,1440184538324,"410,639",100% bearish,of 2 ratings,$42.125
CFNL,$22.54,1440184538347,"79,792",Not yet rated,NULL,$24
CRME,$9.49,1440184538385,"20,460",89% bullish,of 9 ratings,$11.25
CDNA,$6.42,1440184538422,"5,800",100% bearish,of 1 rating,$9
CATM,$34.68,1440184538492,"191,909",100% bearish,of 1 rating,$44
CECO,$3.55,1440184538520,"352,750",67% bearish,of 3 ratings,$6
CARO,$15.35,1440184538786,"1,200",100% bearish,of 1 rating,$19
CTRE,$11.99,1440184538814,"140,779",50% bullish,of 2 ratings,N/A
CKEC,$21.98,1440184538836,"209,535",50% bullish,of 2 ratings,$35.915
CLBH,$12.76,1440184538971,200,Not yet rated,NULL,$16.50
CART,NULL,1440184539029,0,100% bearish,of 1 rating,N/A
CRZO,$31.57,1440184539135,"678,437",67% bearish,of 3 ratings,$57
CRTN,NULL,1440184539204,0,100% bearish,of 1 rating,N/A
TAST,$11.9,1440184539234,"174,060",Not yet rated,NULL,$14.25
CASM,$1.0821,1440184539305,"3,558",100% bullish,of 1 rating,$3.50
CACB,$5.41,1440184539380,"57,983",Not yet rated,NULL,$5.50
CARV,$5.61,1440184539408,200,50% bullish,of 2 ratings,N/A
CWST,$6.2,1440184539437,"174,336",50% bullish,of 2 ratings,$7
CSCD,$14.25,1440184539466,"62,765",100% bullish,of 2 ratings,$17
CASY,$104.83,1440184539608,"230,598",50% bullish,of 2 ratings,$99.50
CASS,$47.9,1440184539720,"29,620",100% bearish,of 1 rating,N/A
CASI,$1.4764,1440184539752,"5,814",100% bullish,of 1 rating,$3.50
CATB,$11.25,1440184539845,"64,636",100% bearish,of 1 rating,$28
CATY,$30.29,1440184539872,"364,319",100% bearish,of 1 rating,$33.50
CPRX,$3.68,1440184539951,"760,740",71% bullish,of 7 ratings,$7
CATYW,$10.54,1440184540008,100,100% bearish,of 1 rating,N/A
CAVM,$66.57,1440184540163,"332,295",67% bearish,of 3 ratings,$72
CNLM,$9.97,1440184540199,"1,292",Not yet rated,NULL,N/A
CVCO,$73.42,1440184540221,"30,982",100% bearish,of 1 rating,N/A
CBFV,$20.65,1440184540259,"4,164",Not yet rated,NULL,N/A
CNLMU,NULL,1440184540295,0,100% bullish,of 1 rating,N/A
CNLMR,NULL,1440184540322,0,Not yet rated,NULL,N/A
CNLMW,NULL,1440184540587,0,Not yet rated,NULL,N/A
CBOE,$61.39,1440184540613,"256,464",Not yet rated,NULL,$60
CDK,$48.28,1440184540670,"299,584",67% bearish,of 3 ratings,$50
CPXX,$2.15,1440184540888,"56,768",100% bullish,of 2 ratings,$7
CELG,$119.949,1440184541019,"3,254,302",92% bullish,of 13 ratings,$155.50
CDW,$38.43,1440184541058,"540,420",75% bullish,of 4 ratings,$44
CECE,$9.46,1440184541088,"68,876",50% bullish,of 2 ratings,$16
CELGZ,$1.84,1440184541117,"7,600",80% bullish,of 5 ratings,N/A
CLDN,$1.03,1440184541146,"209,403",71% bullish,of 7 ratings,$3
CLDX,$13.578,1440184541176,"1,724,183",89% bullish,of 9 ratings,$36
CLLS,$29.99,1440184541197,"89,675",75% bullish,of 4 ratings,$51.50
CLRBW,$0.94,1440184541403,200,Not yet rated,NULL,N/A
CBMG,$22.5086,1440184541569,"33,489",50% bullish,of 2 ratings,N/A
CLRB,$3.08,1440184541602,"2,107",100% bearish,of 1 rating,N/A
CLSN,$1.919,1440184541624,"109,567",80% bullish,of 10 ratings,$7.50
CLTX,$3.127,1440184541702,"2,393,355",100% bullish,of 2 ratings,N/A
CYAD,$53.25,1440184541872,573,100% bullish,of 1 rating,$87.50
CETX,$2.5,1440184542002,"12,550",Not yet rated,NULL,$5.60
CFBK,$1.38,1440184542038,"5,900",Not yet rated,NULL,N/A
CENT,$11.9404,1440184542060,"20,751",Not yet rated,NULL,$10
CETV,$2.0401,1440184542082,"137,875",67% bullish,of 3 ratings,$2.80
CEMP,$35.53,1440184542120,"587,674",71% bullish,of 7 ratings,$52
CSFL,$14.07,1440184542142,"100,936",Not yet rated,NULL,$15
CVCY,$10.97,1440184542280,405,Not yet rated,NULL,$12
CENTA,$12.64,1440184542355,"122,094",Not yet rated,NULL,N/A
CNBKA,$40.59,1440184542453,"4,519",100% bullish,of 1 rating,N/A
CENX,$5.16,1440184542556,"1,049,260",67% bullish,of 6 ratings,$9
CNTY,$6.0901,1440184542582,"4,529",80% bullish,of 5 ratings,$7.75
CPHD,$47.98,1440184542753,"395,743",50% bullish,of 2 ratings,$66.50
CERE,$1.101,1440184542806,"392,445",88% bullish,of 8 ratings,N/A
CRNT,$1.37,1440184542836,"262,404",50% bullish,of 2 ratings,$2
CERN,$62.01,1440184542858,"1,078,021",67% bullish,of 3 ratings,$79
CERU,$3.37,1440184542898,"16,939",75% bullish,of 4 ratings,$15
CERS,$4.74,1440184542993,"455,553",75% bullish,of 4 ratings,$7
KOOL,$0.7,1440184543020,"11,436",100% bullish,of 5 ratings,$7
CEVA,$18.37,1440184543151,"37,820",100% bearish,of 1 rating,$25
CYOU,$20.04,1440184543214,"380,474",50% bullish,of 6 ratings,$24
HOTR,$1.4201,1440184543242,"170,185",100% bullish,of 2 ratings,$5
HOTRW,NULL,1440184543285,0,Not yet rated,NULL,N/A
CTHR,$1.24,1440184543492,"47,840",50% bullish,of 2 ratings,$2.50
GTLS,$22.4,1440184543518,"232,626",50% bullish,of 4 ratings,$40
CHFN,$12.49,1440184543659,"27,567",Not yet rated,NULL,$14
CHTR,$176.605,1440184543687,"521,145",100% bearish,of 2 ratings,$196
CHEK,$3.02,1440184543718,700,Not yet rated,NULL,$7.75
CHKP,$77.12,1440184543740,"696,495",50% bullish,of 4 ratings,$92
CHEKW,NULL,1440184543772,0,Not yet rated,NULL,N/A
CEMI,$4.28,1440184543794,"4,239",50% bullish,of 2 ratings,$7.50
CHFC,$31.93,1440184544040,"68,249",100% bearish,of 1 rating,$36
CCXI,$6.61,1440184544066,"88,444",67% bullish,of 3 ratings,$14
CHMG,$26.6,1440184544200,700,Not yet rated,NULL,$30
CHKE,$25.5544,1440184544227,"22,350",100% bearish,of 1 rating,$32.50
CHMA,$23.82,1440184544249,"109,339",Not yet rated,NULL,$40
CHEV,$14.35,1440184544278,"7,950",Not yet rated,NULL,N/A
CADC,NULL,1440184544425,0,78% bullish,of 9 ratings,N/A
CBNK,$16.51,1440184544526,215,100% bearish,of 1 rating,N/A
PLCE,$58.35,1440184544564,"261,396",100% bearish,of 1 rating,$71
CMRX,$46.71,1440184544587,"259,824",50% bullish,of 2 ratings,$57
CBAK,$1.861,1440184544660,"35,459",67% bullish,of 9 ratings,N/A
CAAS,$6.51,1440184544687,"30,770",93% bullish,of 14 ratings,$11.50
CALI,$0.9172,1440184544727,"7,036",67% bullish,of 3 ratings,N/A
CBPO,$98.235,1440184544822,"222,142",75% bullish,of 8 ratings,$140.50
CCCL,$0.8601,1440184544861,"1,030",100% bullish,of 6 ratings,N/A
CCCR,$0.86,1440184545051,"32,928",67% bearish,of 3 ratings,N/A
CHOP,$1.22,1440184545303,"53,042",50% bullish,of 2 ratings,N/A
HGSH,$1.83,1440184545334,"12,300",67% bullish,of 3 ratings,N/A
CNIT,$1.5399,1440184545366,"25,820",67% bullish,of 6 ratings,N/A
CHLN,$2.05,1440184545398,"5,703",67% bullish,of 3 ratings,N/A
JRJC,$3.86,1440184545470,"153,450",82% bullish,of 11 ratings,N/A
CJJD,$1.94,1440184545500,"48,886",100% bullish,of 1 rating,N/A
CPGI,$6.95,1440184545528,"1,288",Not yet rated,NULL,N/A
CHNR,$2.0373,1440184545554,600,100% bearish,of 1 rating,N/A
CREG,$0.7229,1440184545723,"107,321",100% bullish,of 3 ratings,N/A
HTHT,$24.67,1440184545806,"60,265",50% bullish,of 2 ratings,$28
CSUN,$1.38,1440184545866,"16,474",80% bullish,of 5 ratings,N/A
CXDC,$6.19,1440184545939,"108,450",67% bullish,of 3 ratings,N/A
CNTF,$0.8547,1440184546093,"122,901",Not yet rated,NULL,N/A
CNYD,$3.03,1440184546410,"7,691",67% bullish,of 3 ratings,N/A
CCIH,$5.555,1440184546441,"887,040",67% bullish,of 6 ratings,$12.65
IMOS,$16.07,1440184546466,"174,631",60% bullish,of 5 ratings,$21.50
CNET,$0.873,1440184546501,"31,401",50% bullish,of 2 ratings,N/A
CHSCM,$25.87,1440184546532,"31,276",Not yet rated,NULL,N/A
CHSCN,$27.0444,1440184546564,"3,025",Not yet rated,NULL,N/A
CHSCL,$27.08,1440184546606,"22,920",Not yet rated,NULL,N/A
CHSCO,$28.3234,1440184546671,"8,547",Not yet rated,NULL,N/A
CHSCP,$30.29,1440184546880,"2,165",Not yet rated,NULL,N/A
CHUY,$31.64,1440184547000,"145,135",50% bullish,of 2 ratings,$34
CHDN,$134.15,1440184547078,"41,914",Not yet rated,NULL,$165
CDTX,$14.3,1440184547163,"9,732",Not yet rated,NULL,$22
CMCT,$15.02,1440184547190,"2,610",100% bearish,of 1 rating,N/A
CIFC,$6.97,1440184547319,"7,856",Not yet rated,NULL,N/A
CINF,$54.32,1440184547347,"324,318",50% bullish,of 4 ratings,$50.50
CMPR,$68,1440184547376,"360,517",50% bullish,of 2 ratings,$72.50
CTAS,$85.12,1440184547510,"240,860",100% bearish,of 1 rating,$91
CIDM,$0.6298,1440184547539,"70,309",50% bullish,of 2 ratings,$2.10
CPHR,$6.77,1440184547597,"1,200",100% bearish,of 1 rating,$16
CSCO,$26.743,1440184547626,"20,091,552",84% bullish,of 208 ratings,$32
CRUS,$27.48,1440184547708,"659,376",75% bullish,of 12 ratings,$44.50
CZNC,$19.7,1440184547761,"9,287",Not yet rated,NULL,N/A
CTRN,$27.86,1440184547839,"83,142",100% bearish,of 1 rating,$31.50
CZWI,NULL,1440184547977,0,Not yet rated,NULL,N/A
CZFC,$12.7201,1440184548147,700,Not yet rated,NULL,N/A
CIZN,$19.3541,1440184548176,611,Not yet rated,NULL,N/A
CHCO,$47.45,1440184548317,"37,984",Not yet rated,NULL,$46
CTXS,$74.25,1440184548344,"703,445",86% bullish,of 7 ratings,$80
CIVB,$10.0601,1440184548423,"5,537",Not yet rated,NULL,$11
CIVBP,NULL,1440184548485,0,Not yet rated,NULL,N/A
CDTI,$1.57,1440184548663,"60,623",75% bullish,of 4 ratings,$3.20
CLIR,$4.7401,1440184548902,"11,240",100% bullish,of 3 ratings,N/A
CLNT,$1.6999,1440184548931,"52,934",75% bullish,of 8 ratings,N/A
CLFD,$16.9,1440184548960,"39,445",67% bullish,of 3 ratings,$18
CLNE,$4.06,1440184548982,"911,971",80% bullish,of 15 ratings,$9
CLRO,$11.822,1440184549167,"3,103",50% bullish,of 2 ratings,$14.25
CBLI,$3.81,1440184549262,"37,038",60% bullish,of 5 ratings,N/A
CSBK,$13.73,1440184549527,"40,110",Not yet rated,NULL,N/A
CMFN,$11.76,1440184549574,"11,149",100% bearish,of 1 rating,$15.50
CME,$92.26,1440184549599,"925,581",67% bullish,of 3 ratings,$102
CCNE,$17.28,1440184549662,"18,058",50% bullish,of 2 ratings,$21.50
CLVS,$73.52,1440184549770,"285,237",60% bullish,of 5 ratings,$101.50
CNV,$4.6025,1440184549802,"9,423",50% bullish,of 2 ratings,$7.15
CISG,$7.8,1440184549900,"137,281",100% bullish,of 5 ratings,$10
CWAY,$11.26,1440184550005,304,Not yet rated,NULL,N/A
COKE,$154.85,1440184550144,"22,327",79% bullish,of 19 ratings,N/A
CDXS,$4.01,1440184550175,"38,805",64% bullish,of 11 ratings,$6
COBZ,$13,1440184550243,"94,184",100% bullish,of 1 rating,$14
CDRB,$11.2701,1440184550275,"7,216",67% bullish,of 3 ratings,N/A
JVA,$4.6001,1440184550346,"17,299",83% bullish,of 6 ratings,$7
CVLY,$20.55,1440184550376,"6,369",Not yet rated,NULL,N/A
CGNT,$1.66,1440184550552,"31,232",100% bullish,of 2 ratings,$2
CCOI,$28.28,1440184550578,"230,187",50% bullish,of 4 ratings,$35
CTSH,$63.46,1440184550615,"1,834,905",90% bullish,of 10 ratings,$75
CGNX,$35.7,1440184550642,"476,425",50% bullish,of 2 ratings,$47
CHRS,$29.9099,1440184550814,"129,411",67% bearish,of 3 ratings,$37
COHR,$57.24,1440184550842,"85,236",50% bullish,of 2 ratings,$72
CLRX,$0.4901,1440184550979,"58,228",50% bullish,of 2 ratings,N/A
COHU,$9.64,1440184551032,"96,343",100% bearish,of 1 rating,$14.25
COLL,$15.24,1440184551183,"30,863",100% bearish,of 1 rating,$26
CLCT,$18.0201,1440184551211,"53,508",100% bearish,of 1 rating,N/A
CBAN,$8.75,1440184551375,400,Not yet rated,NULL,N/A
CIGI,$44.21,1440184551426,"4,011",100% bearish,of 1 rating,$52
CLCD,$7.18,1440184551453,"10,785",100% bearish,of 1 rating,$20.50
COLB,$31.24,1440184551602,"143,077",Not yet rated,NULL,$36
CMCO,$19.21,1440184551710,"83,037",60% bullish,of 5 ratings,$28
COLM,$62.56,1440184551758,"130,590",100% bearish,of 1 rating,$71
CMCSK,$57.69,1440184551855,"2,167,223",Not yet rated,NULL,$84
CBMX,$1.2,1440184551884,"31,485",83% bullish,of 6 ratings,$3.15
CBSH,$45.35,1440184551914,"197,623",50% bullish,of 2 ratings,$46
CMCSA,$56.9774,1440184552021,"9,006,149",66% bullish,of 35 ratings,$69.50
CBSHP,$25.215,1440184552123,"1,216",100% bearish,of 1 rating,N/A
CUBN,$13.8,1440184552149,"1,185",Not yet rated,NULL,N/A
CSAL,$20.89,1440184552285,"398,233",75% bullish,of 4 ratings,$30
CVGI,$4.69,1440184552315,"58,309",50% bullish,of 2 ratings,$6
COMM,$29.35,1440184552396,"643,940",67% bearish,of 3 ratings,$35
JCS,$9.2135,1440184552447,300,67% bullish,of 3 ratings,N/A
ESXB,$5.1,1440184552539,"11,083",Not yet rated,NULL,N/A
CYHHZ,$0.0113,1440184552583,"4,466",100% bullish,of 1 rating,N/A
CTBI,$34.79,1440184552680,"27,127",Not yet rated,NULL,$36
CWBC,$6.773,1440184552713,"2,410",Not yet rated,NULL,N/A
COB,$10.41,1440184552814,"18,198",100% bullish,of 1 rating,$11.75
CVLT,$36.345,1440184552847,"227,922",75% bullish,of 4 ratings,$44.50
CIZ,$33.4092,1440184552947,"5,078",100% bearish,of 1 rating,N/A
CID,$33.93,1440184552972,100,Not yet rated,NULL,N/A
CIL,$33.88,1440184553002,100,Not yet rated,NULL,N/A
CSA,$33.32,1440184553172,"1,280",Not yet rated,NULL,N/A
CSF,$36.9,1440184553313,"4,191",100% bearish,of 1 rating,N/A
CDC,$35.33,1440184553340,"21,863",Not yet rated,NULL,N/A
CFO,$35.83,1440184553411,"13,884",100% bearish,of 1 rating,N/A
CDL,$34.42,1440184553513,"7,400",Not yet rated,NULL,N/A
CGEN,$5.15,1440184553553,"82,422",50% bullish,of 2 ratings,$11
CSB,NULL,1440184553582,0,Not yet rated,NULL,N/A
CPSI,$45.08,1440184553656,"45,139",100% bearish,of 1 rating,$45.50
CFA,$36.0701,1440184553785,"1,606",100% bearish,of 1 rating,N/A
CTG,$6.61,1440184553977,"16,772",100% bearish,of 1 rating,$8.50
SCOR,$56.55,1440184554018,"337,939",100% bearish,of 1 rating,$66
CHCI,$0.6076,1440184554058,"17,500",50% bullish,of 2 ratings,N/A
CNAT,$4.08,1440184554151,"112,973",83% bullish,of 6 ratings,$13
CNSI,$18.6002,1440184554178,"117,773",100% bearish,of 2 ratings,$29
CNCE,$15.53,1440184554200,"183,958",75% bullish,of 4 ratings,$22
CMTL,$26.23,1440184554232,"37,450",100% bearish,of 2 ratings,$37
CXRX,$72.68,1440184554422,"3,494",Not yet rated,NULL,$90
CCUR,$5.1555,1440184554491,"16,678",75% bullish,of 4 ratings,N/A
CDORO,NULL,1440184554557,0,100% bearish,of 1 rating,N/A
CDORP,$6.7921,1440184554593,800,100% bearish,of 1 rating,N/A
CDOR,$1.4004,1440184554624,"5,049",100% bullish,of 1 rating,N/A
CFMS,$21.46,1440184554729,"222,732",Not yet rated,NULL,$27
CNFR,$10.4026,1440184554865,"15,246",Not yet rated,NULL,N/A
CTWS,$35.06,1440184554996,"28,616",100% bearish,of 1 rating,$44
CNMD,$54.9499,1440184555034,"90,230",Not yet rated,NULL,$59
CONN,$31.22,1440184555068,"216,983",67% bullish,of 3 ratings,$48.50
CNOB,$19.579,1440184555094,"112,553",100% bullish,of 1 rating,$23.50
CNXR,$6.25,1440184555162,"20,100",100% bearish,of 1 rating,$12
CWCO,$10.7399,1440184555241,"117,341",67% bullish,of 3 ratings,$14.50
CNSL,$20,1440184555273,"166,488",100% bearish,of 1 rating,$23
CTCT,$24.16,1440184555391,"173,664",67% bullish,of 3 ratings,$37
CPSS,$5.555,1440184555523,"46,560",100% bullish,of 1 rating,$10
CFRXW,$1.89,1440184555554,"1,275",100% bearish,of 1 rating,N/A
CFRX,$5.0811,1440184555580,"27,570",Not yet rated,NULL,$14
CFRXZ,$0.5311,1440184555658,"2,350",Not yet rated,NULL,N/A
CTRV,$3.69,1440184555731,"40,765",Not yet rated,NULL,$6.40
CTRL,$8.0089,1440184555790,"107,830",50% bullish,of 2 ratings,$11
BVA,$3.7,1440184556060,"3,692",50% bullish,of 2 ratings,N/A
CORI,$10.99,1440184556089,"38,100",100% bearish,of 1 rating,$18
CRBP,$2.0564,1440184556117,"797,944",100% bullish,of 2 ratings,$6.25
CORE,$60.02,1440184556142,"69,892",100% bearish,of 1 rating,$72
CPRT,$34.67,1440184556250,"154,389",67% bearish,of 3 ratings,$40
CORT,$4.6,1440184556380,"332,600",67% bullish,of 3 ratings,$12
CSOD,$36.96,1440184556437,"281,171",50% bullish,of 2 ratings,$42
CRVL,$31.9,1440184556511,"20,498",100% bearish,of 1 rating,N/A
COSI,$1.12,1440184556581,"73,738",100% bullish,of 1 rating,N/A
COST,$139.42,1440184556643,"1,492,974",79% bullish,of 24 ratings,$154.50
CSGP,$181.38,1440184556682,"32,966",50% bullish,of 2 ratings,$235
CPAH,$0.4301,1440184556712,"11,652",50% bullish,of 2 ratings,N/A
COWN,$5.105,1440184557034,"586,845",75% bullish,of 4 ratings,$7
ICBK,$18,1440184557066,416,Not yet rated,NULL,$21
COVS,$2.56,1440184557088,"66,140",67% bullish,of 3 ratings,N/A
CVTI,$22.48,1440184557170,"114,141",67% bearish,of 3 ratings,$39
CRAI,$22.39,1440184557222,"24,110",Not yet rated,NULL,$36
COWNL,$27.19,1440184557253,"3,000",Not yet rated,NULL,N/A
CBRL,$144.4,1440184557356,"241,357",50% bullish,of 2 ratings,$155
CPSH,NULL,1440184557383,0,Not yet rated,NULL,N/A
BREW,$7.286,1440184557526,"46,119",67% bullish,of 6 ratings,$15
CRAY,$20.73,1440184557713,"174,173",83% bullish,of 6 ratings,$38.50
CACC,$193.228,1440184557745,"87,566",50% bullish,of 2 ratings,$158.50
GLDI,$11.09,1440184557779,"34,670",100% bearish,of 1 rating,N/A
SLVO,$10.409,1440184557807,"3,370",100% bearish,of 1 rating,N/A
CREE,$25.38,1440184557843,"615,667",65% bullish,of 17 ratings,$29.50
CRESY,$10.3065,1440184557883,"22,654",100% bearish,of 1 rating,$19
CRTO,$44.52,1440184557975,"424,702",67% bullish,of 6 ratings,$64
CRDS,$1.02,1440184558145,"13,160",50% bullish,of 4 ratings,$4.50
CROX,$14.11,1440184558171,"699,527",63% bullish,of 8 ratings,$16.50
CCRN,$14.32,1440184558199,"117,407",100% bearish,of 1 rating,$14.25
CRWN,$4.58,1440184558752,"102,451",75% bullish,of 4 ratings,N/A
CRWS,$8.04,1440184558779,"2,315",Not yet rated,NULL,$10
CYRX,$3.04,1440184558850,"7,741",Not yet rated,NULL,$9
CYRXW,$0.85,1440184558880,"8,400",Not yet rated,NULL,N/A
CSPI,$6.0801,1440184558909,"2,700",67% bullish,of 3 ratings,N/A
CCLP,$13.8719,1440184558936,"52,512",67% bearish,of 3 ratings,$21
CSGS,$30.98,1440184558982,"109,724",Not yet rated,NULL,$40
CTCM,$1.7,1440184559111,"275,643",80% bearish,of 5 ratings,$3.90
CTIC,$1.675,1440184559214,"1,439,837",84% bullish,of 76 ratings,$5.75
CUI,$4.8299,1440184559367,"87,381",50% bullish,of 2 ratings,$10
CTIB,NULL,1440184559397,0,100% bearish,of 1 rating,N/A
CUNB,$22.03,1440184559442,"37,240",Not yet rated,NULL,$24.50
CTRP,$63.165,1440184559499,"1,128,665",75% bullish,of 8 ratings,$92
CMLS,$1.27,1440184559655,"745,871",50% bullish,of 4 ratings,$6
CUTR,$14.49,1440184559790,"45,062",67% bearish,of 3 ratings,$18
CPIX,$5.92,1440184559822,"3,115",Not yet rated,NULL,N/A
CRIS,$2.58,1440184559852,"334,370",100% bullish,of 8 ratings,$6
CYAN,$6.98,1440184559880,"1,560",100% bearish,of 1 rating,N/A
CVBF,$16.65,1440184559922,"303,464",Not yet rated,NULL,$18
CYBR,$51.7951,1440184560014,"1,701,082",86% bullish,of 7 ratings,$66
CVV,$11.32,1440184560053,"24,056",100% bullish,of 5 ratings,N/A
CYBE,$5.93,1440184560315,"8,250",100% bearish,of 1 rating,N/A
CYBX,$66.45,1440184560341,"404,890",50% bullish,of 4 ratings,$70
CYCC,$0.5699,1440184560397,"118,657",73% bullish,of 11 ratings,N/A
CBAY,$2.692,1440184560639,"37,528",100% bullish,of 1 rating,$4
CYCCP,NULL,1440184560745,0,100% bearish,of 1 rating,N/A
CYNA,$15.985,1440184560904,"21,391",100% bullish,of 1 rating,$31.50
CY,$9.3,1440184561096,"2,410,481",80% bullish,of 10 ratings,$15.50
CYRN,$1.64,1440184561128,"247,254",67% bullish,of 3 ratings,$4
CONE,$33.01,1440184561178,"304,703",67% bearish,of 3 ratings,$35
CTSO,$6.95,1440184561261,"48,293",Not yet rated,NULL,$15.625
CYNO,$32.02,1440184561405,"175,388",67% bearish,of 3 ratings,$45.50
CYTK,$6.52,1440184561434,"158,149",71% bullish,of 14 ratings,$13.50
CYTX,$0.3787,1440184561463,"608,411",83% bullish,of 12 ratings,$5.50
CYTR,$2.2,1440184561490,"683,425",67% bullish,of 6 ratings,$10
TVIZ,$14.671,1440184561622,"1,960",100% bearish,of 1 rating,N/A
DAEG,$0.355,1440184561649,"4,300",100% bearish,of 1 rating,N/A
ZIV,$46.542,1440184561874,"78,491",Not yet rated,NULL,N/A
DJCO,$199.96,1440184561949,"1,530",Not yet rated,NULL,N/A
DARA,$0.88,1440184561983,"35,611",83% bullish,of 6 ratings,$1.50
DAKT,$11.62,1440184562005,"101,867",50% bullish,of 2 ratings,$14
TVIX,$8.91,1440184562027,"16,184,397",81% bullish,of 16 ratings,N/A
XIV,$36.7798,1440184562083,"21,077,651",75% bearish,of 4 ratings,N/A
DAIO,$2.58,1440184562232,"3,412",Not yet rated,NULL,N/A
DWCH,$5.01,1440184562334,"23,615",75% bullish,of 4 ratings,$8.25
DRAM,NULL,1440184562397,0,78% bullish,of 9 ratings,N/A
DTLK,$5.58,1440184562499,"78,019",100% bearish,of 1 rating,$9
DTEA,$13.55,1440184562525,"112,704",100% bearish,of 2 ratings,$24
DWSN,$4.055,1440184562676,"32,066",67% bullish,of 3 ratings,$6
PLAY,$34.37,1440184562704,"189,988",100% bullish,of 5 ratings,$42
DBVT,$39.09,1440184562785,"76,804",100% bearish,of 1 rating,$53
DHRM,$1.68,1440184562970,"2,986",Not yet rated,NULL,N/A
TRAK,$62.93,1440184562997,"815,840",50% bullish,of 2 ratings,$62.50
TACO,$13.03,1440184563033,"191,137",100% bullish,of 3 ratings,$20
TACOW,$4.21,1440184563074,"2,650",100% bullish,of 1 rating,N/A
DFRG,$14.695,1440184563134,"144,023",100% bearish,of 1 rating,$20
DGAS,$20.236,1440184563351,"1,513",67% bearish,of 3 ratings,N/A
DCTH,$0.476,1440184563380,"65,842",78% bullish,of 9 ratings,N/A
DELT,$2.65,1440184563402,949,Not yet rated,NULL,N/A
DELTW,NULL,1440184563555,0,Not yet rated,NULL,N/A
DENN,$11.8,1440184563770,"318,202",100% bullish,of 3 ratings,$15
DEPO,$28.8,1440184563823,"748,898",60% bullish,of 5 ratings,$29
XRAY,$53.84,1440184563869,"378,144",100% bullish,of 1 rating,$58
DSCI,$6.48,1440184563902,"41,008",50% bullish,of 2 ratings,$16
DERM,$24.155,1440184564000,"213,118",100% bearish,of 1 rating,$33.50
DEST,$11.74,1440184564093,"28,772",50% bullish,of 2 ratings,N/A
DXLG,$4.511,1440184564250,"41,355",100% bearish,of 1 rating,$8
DSWL,$1.75,1440184564467,"7,075",100% bullish,of 1 rating,N/A
DXM,$0.302,1440184564947,"19,549",50% bullish,of 2 ratings,N/A
DMND,$30.35,1440184565232,"134,738",75% bullish,of 12 ratings,$32
DXCM,$89.4,1440184565269,"715,791",57% bullish,of 7 ratings,$98
DRNA,$10.2886,1440184565305,"72,624",67% bearish,of 3 ratings,$25
DHIL,$189,1440184565362,"16,612",Not yet rated,NULL,N/A
DCIX,$1.7499,1440184565391,"85,376",50% bullish,of 4 ratings,$3.50
DHXM,NULL,1440184565412,0,Not yet rated,NULL,N/A
FANG,$66.76,1440184565449,"706,696",50% bullish,of 2 ratings,$86
DGII,$9.9296,1440184565475,"55,549",100% bearish,of 1 rating,$10
DRAD,$3.8704,1440184565762,"11,721",100% bullish,of 1 rating,$5.25
DGLY,$6.6334,1440184565792,"222,989",50% bullish,of 6 ratings,$20
DMRC,$36.12,1440184565830,"51,503",100% bearish,of 1 rating,$44
APPS,$2.37,1440184565856,"172,096",100% bearish,of 1 rating,$10.25
DCOM,$16.87,1440184565889,"109,107",100% bearish,of 2 ratings,$16.50
DPRX,$12.06,1440184566087,"14,493",100% bullish,of 2 ratings,$27.75
DIOD,$19.3,1440184566113,"138,127",75% bearish,of 4 ratings,$24
DISH,$61.09,1440184566266,"1,105,956",69% bullish,of 13 ratings,$73
DISCK,$25.83,1440184566313,"1,521,615",100% bearish,of 1 rating,$32
DISCB,NULL,1440184566354,0,100% bearish,of 1 rating,$35
DISCA,$26.945,1440184566383,"2,073,332",67% bullish,of 3 ratings,$34
DSCO,$0.4102,1440184566417,"135,335",83% bullish,of 6 ratings,$2.75
DVCR,$10.2501,1440184566517,"16,306",100% bullish,of 1 rating,N/A
DLHC,$2.2501,1440184566563,"6,068",100% bearish,of 1 rating,N/A
BAGR,$3.02,1440184566625,"15,775",100% bearish,of 1 rating,$6
DNBF,$27.2301,1440184566900,"7,727",Not yet rated,NULL,$27.50
DLTR,$76.86,1440184566994,"1,576,196",82% bullish,of 11 ratings,$88
DGICA,$14.25,1440184567029,"12,902",100% bearish,of 1 rating,$17
DRWIW,$0.0589,1440184567055,"1,381",Not yet rated,NULL,N/A
DMLP,$13.83,1440184567088,"42,078",100% bearish,of 1 rating,N/A
DGICB,NULL,1440184567110,0,100% bearish,of 1 rating,N/A
DORM,$49.71,1440184567132,"211,133",100% bearish,of 1 rating,$56
DRWI,$0.2625,1440184567264,"160,311",60% bullish,of 5 ratings,$.45
HILL,$9.675,1440184567440,"1,649,496",60% bearish,of 5 ratings,$9.75
DSKX,$3.45,1440184567539,"101,768",100% bullish,of 1 rating,N/A
DRYS,$0.355,1440184567572,"1,111,974",77% bullish,of 31 ratings,$.60
DSPG,$8.6,1440184567598,"45,551",100% bearish,of 1 rating,$13.50
DWA,$18.96,1440184567673,"540,919",63% bullish,of 8 ratings,$26
CADT,$10.02,1440184567814,103,Not yet rated,NULL,N/A
CADTR,NULL,1440184567840,0,Not yet rated,NULL,N/A
CADTU,NULL,1440184567972,0,Not yet rated,NULL,N/A
CADTW,NULL,1440184568010,0,Not yet rated,NULL,N/A
DNKN,$50.1199,1440184568032,"891,862",67% bullish,of 15 ratings,$56.50
DTSI,$25.99,1440184568108,"65,582",100% bearish,of 2 ratings,$39.50
DRRX,$2.02,1440184568140,"269,020",50% bullish,of 6 ratings,$3
DXPE,$28.64,1440184568238,"86,148",50% bullish,of 2 ratings,N/A
DYAX,$22.62,1440184568271,"540,752",89% bullish,of 9 ratings,$30
BOOM,$9.6201,1440184568301,"25,704",67% bullish,of 3 ratings,$12
DYSL,$1.4801,1440184568584,"115,364",100% bullish,of 2 ratings,N/A
DYNT,$2.922,1440184568612,"2,100",75% bullish,of 4 ratings,N/A
ETFC,$25.595,1440184568845,"1,627,929",57% bullish,of 14 ratings,$33
EGBN,$42.87,1440184568878,"58,771",Not yet rated,NULL,$48
EBMT,$11.54,1440184568905,"17,154",Not yet rated,NULL,$13.50
DVAX,$27.72,1440184568927,"271,831",70% bullish,of 10 ratings,$40
ELNK,$8.55,1440184569064,"622,165",60% bullish,of 5 ratings,$9.50
EGLE,$6.13,1440184569093,"44,484",60% bullish,of 5 ratings,N/A
EGRX,$65.7066,1440184569121,"345,873",67% bullish,of 3 ratings,$97
EWBC,$41.56,1440184569257,"720,271",100% bearish,of 1 rating,$50
EML,$16.83,1440184569314,"5,169",Not yet rated,NULL,N/A
EROC,$1.11,1440184569399,"324,414",50% bullish,of 2 ratings,$3
EBAY,$25.72,1440184569542,"7,271,809",81% bullish,of 117 ratings,$48
EVBS,$6.4501,1440184569593,"5,822",Not yet rated,NULL,$7
EBIX,$28.42,1440184569675,"223,651",69% bullish,of 13 ratings,$40
EACQU,NULL,1440184569702,0,Not yet rated,NULL,N/A
ELON,$0.5402,1440184569901,"61,584",50% bullish,of 2 ratings,N/A
ECHO,$24.51,1440184569927,"305,139",67% bearish,of 3 ratings,$35.50
ECTE,$1.5499,1440184570191,"47,102",75% bullish,of 4 ratings,N/A
SATS,$44.15,1440184570231,"108,836",50% bullish,of 2 ratings,$60
EEI,$11.13,1440184570257,"4,719",67% bearish,of 3 ratings,N/A
ECACU,$10.05,1440184570326,"1,319",Not yet rated,NULL,N/A
EDGW,$7.14,1440184570407,"35,202",100% bearish,of 1 rating,N/A
ESES,$3.38,1440184570439,"8,303",100% bearish,of 1 rating,$7
EDAP,$3.2,1440184570539,"114,891",60% bullish,of 5 ratings,$4.50
EDUC,$4.59,1440184570611,"7,083",100% bearish,of 1 rating,N/A
EFUT,NULL,1440184570685,0,Not yet rated,NULL,N/A
EGLT,$11.5,1440184570850,"17,707",50% bullish,of 2 ratings,$21
EGAN,$3.466,1440184570879,"7,608",50% bullish,of 2 ratings,$6.25
EHTH,$14.02,1440184571020,"112,218",50% bullish,of 4 ratings,$16.50
LOCO,$12.35,1440184571091,"910,750",69% bullish,of 13 ratings,$20
EMITF,$1.286,1440184571163,"6,900",75% bullish,of 4 ratings,N/A
ERI,$9.52,1440184571192,"101,723",100% bearish,of 1 rating,$10
ESLT,$80.13,1440184571323,"3,918",100% bullish,of 2 ratings,N/A
ELRC,$10.5201,1440184571352,"43,811",100% bearish,of 1 rating,N/A
ESIO,$4.565,1440184571484,"25,260",50% bullish,of 2 ratings,$10
EA,$65.69,1440184571509,"2,312,626",77% bullish,of 35 ratings,$80
EFII,$43.785,1440184571559,"167,246",80% bullish,of 5 ratings,$55
ELEC,NULL,1440184571741,0,Not yet rated,NULL,N/A
ELECU,NULL,1440184571771,0,Not yet rated,NULL,N/A
ELECW,NULL,1440184571813,0,Not yet rated,NULL,N/A
ELSE,$4.02,1440184571841,"1,000",60% bullish,of 5 ratings,N/A
EBIO,$3.4921,1440184571990,"747,631",100% bearish,of 2 ratings,$8.35
RDEN,$10.29,1440184572036,"68,804",100% bearish,of 4 ratings,$15
CAPX,$23.0299,1440184572134,100,Not yet rated,NULL,N/A
ESBK,$19.37,1440184572163,726,Not yet rated,NULL,N/A
LONG,$17.255,1440184572295,"16,364",67% bullish,of 3 ratings,$15.75
EMCI,$23.03,1440184572386,"12,299",Not yet rated,NULL,N/A
EMCF,NULL,1440184572433,0,100% bearish,of 1 rating,N/A
ELTK,$1.0801,1440184572491,"30,601",67% bearish,of 3 ratings,N/A
EMKR,$7.11,1440184572593,"73,272",75% bullish,of 4 ratings,$8.50
EMMS,$1.2501,1440184572688,"3,140",67% bullish,of 6 ratings,N/A
EMMSP,$3.5,1440184572713,100,100% bearish,of 1 rating,N/A
NYNY,$4.0514,1440184572772,"66,281",50% bullish,of 2 ratings,N/A
ERS,$2.88,1440184572873,"1,300",Not yet rated,NULL,N/A
ENTA,$40.12,1440184573010,"99,375",50% bullish,of 2 ratings,$42
WIRE,$32.88,1440184573262,"97,654",100% bearish,of 1 rating,$37
ECPG,$38.95,1440184573291,"84,943",100% bullish,of 2 ratings,$52
ENDP,$76.775,1440184573318,"1,170,463",50% bullish,of 6 ratings,$104
ECYT,$5.2,1440184573355,"196,623",83% bullish,of 6 ratings,$12
EIGI,$15.17,1440184573384,"589,149",67% bearish,of 3 ratings,$22.50
WATT,$6.83,1440184573562,"60,243",50% bullish,of 2 ratings,$13
EFOI,$15.765,1440184573695,"276,359",50% bullish,of 2 ratings,$20.50
ELGX,$13.16,1440184573724,"388,455",75% bullish,of 4 ratings,$17
ERII,$2.88,1440184573828,"63,673",80% bullish,of 5 ratings,$2.50
EXXI,$1.4699,1440184573871,"1,356,473",86% bullish,of 7 ratings,$3.50
ENOC,$8.07,1440184573971,"158,200",75% bullish,of 4 ratings,$18
ENPH,$4.38,1440184574001,"390,597",75% bullish,of 4 ratings,$11
ENG,$1.0199,1440184574028,"4,803",100% bullish,of 3 ratings,N/A
ENFC,NULL,1440184574237,0,Not yet rated,NULL,N/A
ESGR,$151.09,1440184574266,"38,288",100% bearish,of 1 rating,$185
ENTG,$13.71,1440184574409,"285,328",100% bearish,of 1 rating,$18
ENTL,$21.52,1440184574436,"11,292",Not yet rated,NULL,$28
EGT,$2.089,1440184574568,"1,400",100% bullish,of 1 rating,N/A
EFSC,$24.67,1440184574598,"37,656",Not yet rated,NULL,$27
ETRM,$0.2303,1440184574621,"332,306",69% bearish,of 35 ratings,$1.625
EBTC,$20.18,1440184574651,"6,615",Not yet rated,NULL,N/A
ENVI,$1.7901,1440184574793,"15,504",67% bullish,of 3 ratings,N/A
ENZN,$1.035,1440184574864,"618,476",100% bullish,of 9 ratings,N/A
ENZY,$8.96,1440184574889,"9,574",67% bullish,of 3 ratings,$9.50
EPZM,$16.01,1440184575122,"185,637",60% bullish,of 5 ratings,$34
EPIQ,$13.865,1440184575150,"66,688",100% bearish,of 1 rating,$18
EPRS,$4.713,1440184575176,"53,801",82% bullish,of 11 ratings,$15
PLUS,$78.205,1440184575205,"84,838",50% bullish,of 2 ratings,$88
EQIX,$273.19,1440184575226,"364,391",67% bullish,of 3 ratings,$312.50
EQFN,$8.32,1440184575364,100,Not yet rated,NULL,N/A
ERIC,$9.85,1440184575505,"1,810,924",63% bullish,of 8 ratings,$12.20
EAC,$3.6935,1440184575531,"10,484",100% bearish,of 1 rating,$8
ERIE,$85.22,1440184575602,"12,737",Not yet rated,NULL,$73
ESCA,$18.4228,1440184575668,"19,488",100% bearish,of 1 rating,$22
ESCR,$0.13,1440184575693,"52,895",50% bullish,of 2 ratings,N/A
ESCRP,$1.6101,1440184575733,"4,627",100% bearish,of 1 rating,N/A
ESMC,$1.3,1440184575759,354,Not yet rated,NULL,N/A
ESPR,$54.5588,1440184576109,"1,149,621",67% bearish,of 9 ratings,$123
EPIX,NULL,1440184576135,0,Not yet rated,NULL,N/A
ESND,$35.18,1440184576196,"57,796",100% bearish,of 2 ratings,$40
ESSA,$12.78,1440184576222,"2,589",100% bearish,of 1 rating,N/A
ETSY,$13.7,1440184576273,"586,141",80% bullish,of 5 ratings,$16
ESSX,$0.5214,1440184576406,"6,290",50% bullish,of 2 ratings,N/A
CLWT,NULL,1440184576469,0,100% bearish,of 1 rating,N/A
EEFT,$64.67,1440184576574,"159,458",100% bearish,of 1 rating,$67.50
EVK,$3.62,1440184576878,896,75% bearish,of 4 ratings,N/A
EVEP,$7.29,1440184576909,"234,988",50% bullish,of 2 ratings,$15
ESEA,$6.0001,1440184576939,"2,742",100% bullish,of 1 rating,$15
EVLV,$2.165,1440184577042,"39,303",60% bullish,of 5 ratings,$6.50
EXAS,$20.35,1440184577109,"996,891",78% bullish,of 9 ratings,$31
EVOL,$5.86,1440184577136,"11,058",75% bullish,of 4 ratings,$10
EXA,$10.74,1440184577158,"19,925",100% bearish,of 1 rating,$13
EVOK,$4.0901,1440184577192,"99,754",100% bearish,of 1 rating,$13.375
EXEL,$5.3,1440184577337,"4,370,028",81% bullish,of 16 ratings,$6
EXAC,$18.62,1440184577371,"40,634",100% bearish,of 1 rating,$22.50
EXFO,$2.8,1440184577475,"3,300",67% bearish,of 3 ratings,$3.95
EXPE,$114.475,1440184577631,"743,351",64% bullish,of 11 ratings,$130
EXLS,$36.755,1440184577657,"75,059",100% bullish,of 1 rating,$41
EXPD,$48.23,1440184577688,"1,070,078",80% bullish,of 5 ratings,$51.50
EXPO,$42.71,1440184577833,"79,513",100% bearish,of 1 rating,$45.50
EXLP,$18.25,1440184577985,"63,066",100% bearish,of 1 rating,$27
EXTR,$2.85,1440184578046,"661,778",80% bullish,of 5 ratings,$3
ESRX,$84.7008,1440184578072,"2,505,492",67% bearish,of 6 ratings,$101
EYEGW,$1.24,1440184578099,700,Not yet rated,NULL,N/A
EYEG,$4.1,1440184578131,"16,180",Not yet rated,NULL,N/A
EZPW,$6.04,1440184578591,"156,060",50% bullish,of 4 ratings,$7.50
EZCH,$21.431,1440184578618,"81,848",75% bullish,of 8 ratings,$19.50
FFIV,$123.445,1440184578640,"456,949",63% bullish,of 8 ratings,$132
FB,$85.629,1440184578770,"29,826,615",73% bullish,of 1065 ratings,$111
FCS,$13.19,1440184578796,"715,903",67% bearish,of 3 ratings,$17
FRP,$17.02,1440184578857,"37,656",100% bearish,of 1 rating,$18
FWM,$2.23,1440184578942,"143,245",100% bearish,of 2 ratings,$3.20
DAVE,$14.37,1440184578996,"14,630",100% bearish,of 1 rating,$15.50
FALC,$1.63,1440184579096,"4,259",63% bearish,of 8 ratings,N/A
FARM,$22.62,1440184579126,"9,430",100% bearish,of 1 rating,$35
FFKT,$26.83,1440184579152,"10,000",Not yet rated,NULL,$29
FMNB,$8.12,1440184579197,"1,700",Not yet rated,NULL,N/A
FARO,$38.65,1440184579334,"79,146",50% bullish,of 2 ratings,$48
FAST,$39.11,1440184579365,"1,893,035",80% bullish,of 5 ratings,$46
FATE,$6.042,1440184579391,"47,561",50% bullish,of 2 ratings,$11
FBSS,NULL,1440184579466,0,Not yet rated,NULL,N/A
FBRC,$22.25,1440184579811,"30,625",100% bearish,of 1 rating,$29
FDML,$8.91,1440184579843,"164,282",50% bullish,of 4 ratings,$14
FNHC,$21.752,1440184579878,"61,061",100% bearish,of 1 rating,$35
FHCO,$1.4199,1440184579907,"15,802",50% bullish,of 4 ratings,N/A
FCSC,$5.8,1440184579947,"161,233",100% bearish,of 1 rating,$8.125
FEIC,$78.069,1440184579973,"270,351",50% bullish,of 2 ratings,$95.50
FENX,$9.69,1440184579999,"35,663",100% bullish,of 1 rating,$14.25
FGEN,$22.95,1440184580223,"309,504",100% bearish,of 1 rating,$39
ONEQ,$185.6501,1440184580282,"35,942",100% bullish,of 1 rating,N/A
FDUS,$14.5501,1440184580373,"56,607",100% bullish,of 1 rating,$18
LION,$19.34,1440184580453,"76,533",100% bullish,of 1 rating,$20
FRGI,$51.87,1440184580521,"102,656",50% bullish,of 2 ratings,$70
FSC,$6.42,1440184580583,"637,839",75% bullish,of 4 ratings,$8
FSAM,$8.69,1440184580609,"7,613",100% bearish,of 1 rating,$11
FSFR,$8.9108,1440184580954,"106,181",100% bearish,of 1 rating,$11.50
FITB,$19.9,1440184580989,"4,005,995",54% bullish,of 13 ratings,$22
FISI,$24.93,1440184581025,"33,115",100% bullish,of 2 ratings,$24.50
FSCFL,$24.57,1440184581047,"9,646",Not yet rated,NULL,N/A
FITBI,$27.66,1440184581082,"5,702",Not yet rated,NULL,N/A
FNJN,$1.68,1440184581112,"9,481",100% bearish,of 1 rating,$5
FNGN,$33.52,1440184581143,"289,967",67% bullish,of 3 ratings,$47
FNSR,$15.31,1440184581174,"772,799",71% bullish,of 7 ratings,$24.50
FNTC,NULL,1440184581403,0,Not yet rated,NULL,N/A
FNTCW,NULL,1440184581507,0,Not yet rated,NULL,N/A
FNTCU,NULL,1440184581575,0,Not yet rated,NULL,N/A
FEYE,$36.3104,1440184581680,"5,785,892",87% bullish,of 15 ratings,$55.50
FNLC,$18.7,1440184581742,"13,384",100% bullish,of 1 rating,N/A
FBNC,$16.75,1440184581817,"32,073",100% bullish,of 1 rating,$20
BUSE,$6.35,1440184581846,"138,474",Not yet rated,NULL,$6.875
FRBA,$6.0388,1440184581868,481,Not yet rated,NULL,$8
FCVA,$4.58,1440184582014,"1,000",Not yet rated,NULL,N/A
FCAP,$26.6,1440184582069,200,Not yet rated,NULL,N/A
FBIZ,$44.04,1440184582098,"20,298",100% bearish,of 2 ratings,$52
FCFS,$37.955,1440184582128,"93,509",100% bearish,of 2 ratings,$48
FCNCA,$242.64,1440184582233,"12,754",Not yet rated,NULL,N/A
FCLF,NULL,1440184582364,0,Not yet rated,NULL,N/A
FCBC,$17.6711,1440184582410,"33,276",Not yet rated,NULL,$18
FCCO,$11.92,1440184582452,196,Not yet rated,NULL,$13.25
FCFP,$6.87,1440184582555,"1,500",Not yet rated,NULL,N/A
FBNK,$16.51,1440184582659,"38,596",100% bearish,of 1 rating,$17.50
FDEF,$38,1440184582992,"26,596",Not yet rated,NULL,$38
FFBCW,NULL,1440184583023,0,100% bearish,of 1 rating,N/A
FFNM,$6.2,1440184583059,"2,990",Not yet rated,NULL,N/A
FFIN,$31.07,1440184583128,"188,256",50% bullish,of 2 ratings,$31.75
FFWM,$21.38,1440184583163,"8,888",Not yet rated,NULL,$24
FFNW,$12.25,1440184583185,"13,320",Not yet rated,NULL,$14
FFBC,$18.78,1440184583218,"106,699",67% bearish,of 3 ratings,$20.25
THFF,$33.22,1440184583357,"25,249",Not yet rated,NULL,$35
INBK,$32.3201,1440184583430,"12,421",50% bullish,of 2 ratings,$37
FIBK,$26.855,1440184583490,"63,791",Not yet rated,NULL,$32
FRME,$25.19,1440184583622,"123,455",Not yet rated,NULL,$26.50
FMBH,NULL,1440184583689,0,Not yet rated,NULL,N/A
FMBI,$17.81,1440184583755,"220,570",Not yet rated,NULL,$20
FNWB,$12.05,1440184583860,"8,510",Not yet rated,NULL,N/A
FNFG,$9.205,1440184583902,"1,120,724",80% bullish,of 5 ratings,$9
FSGI,$2.48,1440184583934,"3,243",Not yet rated,NULL,N/A
FNBC,$34.29,1440184583967,"70,469",Not yet rated,NULL,$41.50
FSFG,$30.1754,1440184584041,729,Not yet rated,NULL,N/A
FSLR,$45.57,1440184584070,"1,408,621",74% bullish,of 39 ratings,$65
BICK,$19.6,1440184584210,"1,198",100% bullish,of 1 rating,N/A
FSBK,$7.76,1440184584314,"1,125",100% bullish,of 1 rating,N/A
FBZ,NULL,1440184584339,0,Not yet rated,NULL,N/A
FCAN,$23.85,1440184584364,322,Not yet rated,NULL,N/A
FCA,$20.2754,1440184584639,"2,187",Not yet rated,NULL,N/A
FEMB,NULL,1440184584665,0,Not yet rated,NULL,N/A
FTCS,$36.7666,1440184584691,"24,938",Not yet rated,NULL,N/A
FV,$23.2,1440184584725,"3,086,515",Not yet rated,NULL,N/A
IFV,$17.6254,1440184584823,"1,877,130",100% bearish,of 1 rating,N/A
FEUZ,$31.16,1440184584849,"2,590",Not yet rated,NULL,N/A
TDIV,$24.5,1440184584875,"375,518",100% bearish,of 1 rating,N/A
FTSM,$59.892,1440184584903,"14,187",100% bearish,of 1 rating,N/A
FTGC,$22.0856,1440184585382,"121,058",Not yet rated,NULL,N/A
MDIV,$19.2933,1440184585410,"519,206",Not yet rated,NULL,N/A
FGM,$35.01,1440184585432,"65,667",Not yet rated,NULL,N/A
FTHI,$19.41,1440184585466,"9,768",Not yet rated,NULL,N/A
HYLS,$49.3,1440184585563,"73,077",100% bearish,of 1 rating,N/A
FHK,$32.81,1440184585593,"118,556",Not yet rated,NULL,N/A
FPXI,$27.51,1440184585645,"1,159",Not yet rated,NULL,N/A
YDIV,$16.62,1440184585700,"2,431",Not yet rated,NULL,N/A
SKYY,$28.7478,1440184585838,"66,433",100% bullish,of 1 rating,N/A
CU,$12.76,1440184585875,"10,222",100% bearish,of 1 rating,N/A
PLTM,$6.5911,1440184585909,"3,762",100% bearish,of 1 rating,N/A
FJP,$46.3823,1440184585975,"42,997",Not yet rated,NULL,N/A
FTLB,$19.523,1440184586010,"2,357",100% bearish,of 1 rating,N/A
LMBS,$50.41,1440184586144,900,Not yet rated,NULL,N/A
FMB,NULL,1440184586170,0,Not yet rated,NULL,N/A
QABA,$37.9688,1440184586336,"36,254",100% bearish,of 1 rating,N/A
CIBR,$17.965,1440184586516,"123,345",Not yet rated,NULL,N/A
QCLN,$14.64,1440184586580,"15,561",Not yet rated,NULL,N/A
GRID,$31.63,1440184586614,824,100% bearish,of 1 rating,N/A
QQXT,$40.178,1440184586655,"57,382",Not yet rated,NULL,N/A
CARZ,$34.4028,1440184586682,"10,467",100% bearish,of 1 rating,N/A
FONE,$34.89,1440184586711,600,Not yet rated,NULL,N/A
RDVY,$21.4637,1440184586733,"60,306",Not yet rated,NULL,N/A
QQEW,$41.37,1440184586907,"293,547",Not yet rated,NULL,N/A
QINC,$20.94,1440184587044,"1,500",Not yet rated,NULL,N/A
QTEC,$39.32,1440184587075,"140,792",Not yet rated,NULL,N/A
AIRR,$16.2801,1440184587101,"8,958",100% bearish,of 1 rating,N/A
FTSL,$48.79,1440184587149,"28,643",100% bearish,of 1 rating,N/A
FKO,$22.07,1440184587175,"2,500",Not yet rated,NULL,N/A
FDIV,$47.59,1440184587585,"5,998",100% bearish,of 1 rating,N/A
SVVC,$10.32,1440184587624,"31,484",100% bullish,of 1 rating,$26
FMER,$17.68,1440184587654,"1,141,091",50% bullish,of 2 ratings,$20
FSZ,$38.94,1440184587681,"70,987",Not yet rated,NULL,N/A
FUNC,$8.34,1440184587712,"3,436",Not yet rated,NULL,N/A
TUSA,$25.08,1440184587742,"4,920",Not yet rated,NULL,N/A
FKU,$41.75,1440184587773,"75,688",Not yet rated,NULL,N/A
FTW,NULL,1440184587877,0,Not yet rated,NULL,N/A
FSV,$31.88,1440184588290,"10,700",Not yet rated,NULL,$33.60
FISV,$85.74,1440184588342,"624,379",100% bearish,of 3 ratings,$90
FIVE,$35.39,1440184588391,"258,867",75% bearish,of 4 ratings,$44
FIVN,$4.11,1440184588479,"147,961",100% bullish,of 1 rating,$8.50
FPRX,$18.16,1440184588513,"225,515",50% bullish,of 2 ratings,$35
FLML,$21.235,1440184588611,"90,518",50% bullish,of 2 ratings,$30
FLXN,$24.53,1440184588641,"65,297",100% bearish,of 1 rating,$40
FLKS,$13.14,1440184588671,"46,714",50% bullish,of 2 ratings,$27
SKOR,$50.32,1440184588752,900,Not yet rated,NULL,N/A
MBSD,NULL,1440184588952,0,Not yet rated,NULL,N/A
FLEX,$10.48,1440184589056,"1,461,437",63% bullish,of 8 ratings,$12
FLXS,$31,1440184589086,"27,468",100% bearish,of 2 ratings,N/A
FLIR,$28.94,1440184589188,"402,509",100% bearish,of 1 rating,$38.50
FLDM,$12.56,1440184589345,"521,248",67% bearish,of 3 ratings,$21.50
FFIC,$20.27,1440184589371,"39,953",Not yet rated,NULL,$21
FOMX,$9.83,1440184589415,"97,790",50% bullish,of 2 ratings,$23.50
FONR,$9.53,1440184589602,"15,319",100% bullish,of 1 rating,N/A
FES,$0.93,1440184589642,"4,545",50% bullish,of 2 ratings,$1
FOGO,$19.015,1440184589706,"82,743",50% bullish,of 2 ratings,$25.50
FORM,$6.04,1440184589734,"182,855",67% bullish,of 3 ratings,$10.50
FORR,$32.06,1440184589780,"33,494",Not yet rated,NULL,N/A
FORTY,$35.45,1440184589908,"3,658",Not yet rated,NULL,N/A
FTNT,$43.02,1440184589989,"1,463,141",80% bullish,of 10 ratings,$52
FBIO,$2.57,1440184590097,"168,727",83% bullish,of 6 ratings,N/A
FWRD,$46.603,1440184590125,"228,796",100% bearish,of 1 rating,$50
FORD,$0.999,1440184590155,"99,648",50% bullish,of 2 ratings,N/A
FWP,$25.55,1440184590255,"26,119",100% bearish,of 1 rating,$45
FOSL,$60.47,1440184590550,"568,701",50% bullish,of 4 ratings,$80
FMI,$21.77,1440184590821,"295,665",100% bearish,of 2 ratings,$27.50
FXCB,$17.44,1440184590872,"14,298",Not yet rated,NULL,$19
FRAN,$10.18,1440184590930,"378,767",50% bullish,of 4 ratings,$15
FOXF,$15.25,1440184592066,"47,369",100% bearish,of 1 rating,$19
RAIL,$20.86,1440184592247,"94,027",100% bearish,of 1 rating,$24.50
FELE,$28.888,1440184592287,"215,255",50% bullish,of 4 ratings,$33
FEIM,$10.93,1440184592431,"4,444",100% bearish,of 1 rating,N/A
FRED,$14.3224,1440184592506,"213,511",50% bullish,of 2 ratings,$16.50
FREE,$0.4414,1440184592538,"779,150",92% bullish,of 12 ratings,N/A
FTR,$5.11,1440184592566,"14,164,237",78% bullish,of 27 ratings,$6.25
FRPT,$13.01,1440184592594,"375,813",67% bearish,of 3 ratings,$23.50
FTRPR,$101.9,1440184592636,"60,473",100% bearish,of 1 rating,N/A
FRPH,$30.66,1440184592727,"10,657",100% bearish,of 1 rating,N/A
FTD,$29.44,1440184592873,"73,262",100% bearish,of 1 rating,$40
FSYS,$6.35,1440184593052,"31,988",67% bullish,of 3 ratings,$10
FSBW,$23.0365,1440184593184,"2,000",Not yet rated,NULL,N/A
FTEK,$2.15,1440184593213,"35,390",75% bullish,of 4 ratings,N/A
FULL,$3.1465,1440184593235,"50,883",67% bearish,of 3 ratings,$4.25
FCEL,$0.7499,1440184593265,"1,457,119",88% bullish,of 40 ratings,$2.65
FULLL,$25.27,1440184593461,"1,899",Not yet rated,NULL,N/A
FLL,$1.5195,1440184593490,"9,913",75% bullish,of 4 ratings,$2.825
FULT,$12.445,1440184593567,"783,113",100% bearish,of 1 rating,$13
FSNN,$2.49,1440184593644,"1,500",67% bullish,of 3 ratings,$6
FXEN,$0.826,1440184593670,"90,110",75% bullish,of 4 ratings,$1.10
FXENP,$15.85,1440184593712,"1,000",100% bearish,of 1 rating,N/A
FFHL,NULL,1440184593738,0,50% bullish,of 4 ratings,N/A
GK,$69.96,1440184593921,"38,147",Not yet rated,NULL,$78
WILC,$5.13,1440184594118,375,100% bullish,of 2 ratings,N/A
GALTU,NULL,1440184594347,0,100% bearish,of 1 rating,N/A
GALT,$1.9402,1440184594384,"90,491",80% bullish,of 5 ratings,N/A
GAIA,$5.86,1440184594415,"20,576",50% bullish,of 2 ratings,$8.50
GALTW,NULL,1440184594436,0,100% bullish,of 1 rating,N/A
GLPG,$61.78,1440184594473,"26,772",100% bullish,of 1 rating,$75
GALE,$1.34,1440184594569,"1,175,511",89% bullish,of 47 ratings,$4
GLPI,$31.67,1440184594599,"372,463",100% bearish,of 1 rating,$37.50
GPIC,NULL,1440184594627,0,100% bearish,of 1 rating,N/A
GLMD,$8.577,1440184594769,"7,017",67% bullish,of 3 ratings,$20.50
GGAC,NULL,1440184594872,0,100% bearish,of 1 rating,N/A
GRMN,$38.27,1440184594921,"977,142",50% bullish,of 6 ratings,$48
GGACR,NULL,1440184594979,0,100% bullish,of 1 rating,N/A
GGACU,NULL,1440184595083,0,Not yet rated,NULL,N/A
GGACW,$0.12,1440184595175,274,Not yet rated,NULL,N/A
GENC,$9.4,1440184595307,"1,228",100% bearish,of 1 rating,N/A
GARS,$14.7978,1440184595357,"22,951",Not yet rated,NULL,$16
GNCMA,$16.72,1440184595383,"97,578",100% bearish,of 1 rating,$12
GFN,$3.57,1440184595412,"22,965",100% bearish,of 2 ratings,$8
GFNCP,NULL,1440184595444,0,Not yet rated,NULL,N/A
GFNSL,$25.8,1440184595540,"1,200",Not yet rated,NULL,N/A
GENE,$2.351,1440184595574,"123,614",100% bullish,of 12 ratings,N/A
GNMK,$9.36,1440184595645,"121,921",67% bullish,of 6 ratings,$14
GNCA,$12.59,1440184595811,"132,660",100% bearish,of 1 rating,$20
GHDX,$25.32,1440184595847,"83,918",50% bullish,of 2 ratings,$30
GNTX,$15.1275,1440184595942,"1,158,708",Not yet rated,NULL,$20
THRM,$44.04,1440184596099,"239,413",75% bearish,of 4 ratings,$55.50
GNVC,$2.21,1440184596145,"32,265",90% bullish,of 10 ratings,$8.50
GTWN,NULL,1440184596172,0,Not yet rated,NULL,N/A
GERN,$3.0472,1440184596302,"1,680,261",88% bullish,of 16 ratings,$5.25
GABC,$29.67,1440184596331,"24,115",Not yet rated,NULL,$31.50
GEOS,$15.305,1440184596353,"64,696",100% bearish,of 3 ratings,$25.50
GEVO,$2.2768,1440184596500,"188,357",75% bullish,of 12 ratings,$5
GIGM,$0.6099,1440184596567,"87,919",100% bullish,of 2 ratings,N/A
ROCK,$17.58,1440184596598,"138,824",80% bullish,of 5 ratings,$24
GIGA,$1.36,1440184596651,"32,553",100% bearish,of 1 rating,N/A
GILD,$105.94,1440184596703,"10,063,455",91% bullish,of 86 ratings,$129
GIII,$64.67,1440184596731,"192,833",67% bullish,of 3 ratings,$75
GILT,$4.47,1440184596804,"1,923",50% bullish,of 2 ratings,N/A
GLAD,$8.4899,1440184597130,"143,637",50% bullish,of 2 ratings,$8.75
GBCI,$26.42,1440184597183,"204,203",50% bullish,of 2 ratings,$31
GLADO,$25.49,1440184597217,"2,400",Not yet rated,NULL,N/A
GOODN,$25.64,1440184597313,286,Not yet rated,NULL,N/A
GOODO,$25.1,1440184597346,733,Not yet rated,NULL,N/A
GOOD,$15.57,1440184597395,"73,383",Not yet rated,NULL,$19
GAINN,$25.2379,1440184597449,150,Not yet rated,NULL,N/A
GAIN,$7.5,1440184597476,"221,190",100% bullish,of 2 ratings,$8.25
GOODP,$25.0001,1440184597613,200,Not yet rated,NULL,N/A
GAINO,$25.3501,1440184597670,"1,326",Not yet rated,NULL,N/A
GAINP,$26.0101,1440184597746,"2,300",Not yet rated,NULL,N/A
LAND,$9.51,1440184597850,"10,900",50% bullish,of 2 ratings,$13.75
GBT,$45.41,1440184597876,"208,477",100% bearish,of 1 rating,N/A
GLBZ,NULL,1440184597909,0,Not yet rated,NULL,N/A
GDEF,$10.5401,1440184598008,100,Not yet rated,NULL,N/A
ENT,$11.595,1440184598103,"121,516",100% bearish,of 1 rating,$18
GPACU,$10.1,1440184598261,600,Not yet rated,NULL,N/A
GBLI,$26.31,1440184598308,"10,103",Not yet rated,NULL,N/A
ACTX,$13.53,1440184598399,400,100% bullish,of 1 rating,N/A
QQQC,$19.5,1440184598500,"4,350",100% bearish,of 1 rating,N/A
SOCL,$17.23,1440184598630,"92,039",100% bullish,of 2 ratings,N/A
SRET,$13.633,1440184598662,"3,374",Not yet rated,NULL,N/A
GSOL,$8.29,1440184598692,"10,264",100% bearish,of 1 rating,N/A
ALTY,$14.587,1440184598713,700,Not yet rated,NULL,N/A
YLCO,$11.75,1440184598767,582,Not yet rated,NULL,N/A
GSM,$13.06,1440184598966,"223,854",50% bullish,of 2 ratings,$24.50
GAI,$5.27,1440184598993,"3,215",50% bullish,of 2 ratings,N/A
GLBS,$1.1399,1440184599123,"6,300",67% bullish,of 3 ratings,N/A
GBIM,$2.3,1440184599150,"35,564",50% bullish,of 2 ratings,N/A
GLRI,$1.15,1440184599230,"76,405",100% bearish,of 1 rating,$6
GLUU,$4.355,1440184599536,"1,932,114",92% bullish,of 26 ratings,$9
GLYC,$7.19,1440184599575,"7,199",50% bullish,of 2 ratings,$14
GOGO,$15.48,1440184599602,"349,779",80% bullish,of 5 ratings,$25
GLNG,$35.48,1440184599637,"548,649",83% bullish,of 6 ratings,$58
GMLP,$19.28,1440184599735,"97,042",50% bullish,of 4 ratings,$32.50
GLDC,$4.07,1440184599766,"4,230",50% bullish,of 2 ratings,N/A
GDEN,$8.95,1440184599867,"8,613",50% bullish,of 2 ratings,N/A
GOGL,$2.9499,1440184600027,"462,945",75% bullish,of 4 ratings,$5
GTIM,$6.566,1440184600056,"75,763",Not yet rated,NULL,$11.50
GOOGL,$646.38,1440184600087,"1,318,981",88% bullish,of 1079 ratings,$749
GOOG,$614.81,1440184600115,"1,287,878",89% bullish,of 66 ratings,$825
GBDC,$16.56,1440184600145,"108,621",Not yet rated,NULL,$17.75
GPRO,$48.435,1440184600250,"4,574,142",78% bullish,of 58 ratings,$72
GMAN,$4.4,1440184600326,"57,425",60% bullish,of 5 ratings,$8
GPIAW,NULL,1440184600555,0,Not yet rated,NULL,N/A
GPIA,NULL,1440184600622,0,Not yet rated,NULL,N/A
GPIAU,NULL,1440184600648,0,Not yet rated,NULL,N/A
GBSN,$1.4378,1440184600671,"583,516",100% bearish,of 1 rating,$8.25
GRVY,$3.45,1440184600702,"1,100",50% bullish,of 2 ratings,N/A
LOPE,$37.11,1440184600724,"292,223",100% bearish,of 2 ratings,$50
GBSNU,$16.5,1440184600862,"18,216",Not yet rated,NULL,N/A
GSBC,$40.4401,1440184601086,"19,611",100% bullish,of 1 rating,$44
GRBK,$13.47,1440184601122,"119,395",77% bullish,of 13 ratings,N/A
GPP,$14.76,1440184601143,"23,428",Not yet rated,NULL,$20.50
GCBC,NULL,1440184601165,0,100% bullish,of 1 rating,N/A
GLDD,$5.45,1440184601208,"215,071",100% bearish,of 4 ratings,$7.75
GPRE,$18.59,1440184601230,"525,464",67% bullish,of 6 ratings,$28.50
GNBC,$11.98,1440184601261,"20,675",100% bearish,of 1 rating,$17
GRIF,$30.38,1440184601561,151,100% bearish,of 1 rating,N/A
GRPN,$4.09,1440184601601,"5,084,092",61% bullish,of 71 ratings,$6.75
GLRE,$24.86,1440184601666,"201,017",50% bullish,of 2 ratings,$41
GRFS,$30.46,1440184601696,"121,076",50% bullish,of 2 ratings,$35
OMAB,$39.52,1440184601749,"18,694",100% bullish,of 1 rating,$44
GGAL,$18.12,1440184601798,"364,448",80% bullish,of 5 ratings,$40
GSIG,$13.13,1440184601966,"47,148",100% bearish,of 2 ratings,N/A
GSVC,$8.854,1440184602030,"96,482",50% bullish,of 2 ratings,$14.50
GSIT,$4.98,1440184602102,"9,284",100% bearish,of 1 rating,N/A
GTXI,$0.8601,1440184602161,"52,593",100% bullish,of 5 ratings,$.75
GBNK,$15.78,1440184602190,"27,984",100% bearish,of 1 rating,$18
GFED,NULL,1440184602212,0,Not yet rated,NULL,$17
GUID,$7.24,1440184602244,"142,657",100% bearish,of 3 ratings,$10
GULTU,$0.295,1440184602269,"99,836",100% bearish,of 1 rating,N/A
GIFI,$12.1,1440184602372,"16,734",100% bearish,of 1 rating,$16
GPOR,$34.07,1440184602780,"569,094",75% bullish,of 4 ratings,$55
GURE,$1.651,1440184602809,"87,217",88% bullish,of 8 ratings,N/A
GWPH,$103.61,1440184602885,"165,283",78% bullish,of 9 ratings,$148.50
GWGH,$7.43,1440184602939,984,100% bearish,of 1 rating,$15.05
HEES,$16.2568,1440184602975,"175,594",67% bearish,of 3 ratings,$31
GYRO,$2.85,1440184602997,"59,516",100% bearish,of 1 rating,N/A
HLG,$9.64,1440184603071,"3,000",100% bearish,of 1 rating,N/A
HNRG,$7.21,1440184603097,"98,375",100% bearish,of 1 rating,$10
HALO,$17.29,1440184603282,"941,211",67% bullish,of 3 ratings,$22.50
HALL,$11.65,1440184603318,"27,210",Not yet rated,NULL,N/A
HBHC,$26.85,1440184603386,"296,528",50% bullish,of 2 ratings,$30
HBHCL,$24.5,1440184603418,"16,862",Not yet rated,NULL,N/A
HBK,NULL,1440184603461,0,50% bullish,of 2 ratings,N/A
HMPR,$1.8901,1440184603489,"98,943",100% bullish,of 1 rating,N/A
HNH,$27.94,1440184603554,"19,781",100% bullish,of 1 rating,N/A
HAFC,$24.61,1440184603693,"52,446",100% bullish,of 2 ratings,$28.50
HQCL,$8.9099,1440184603899,"16,000",67% bullish,of 3 ratings,N/A
HLIT,$5.56,1440184603929,"222,930",100% bearish,of 1 rating,$6.50
HNSN,$0.4908,1440184603959,"52,445",88% bullish,of 8 ratings,$.40
HDNG,$9.9406,1440184604061,"6,623",50% bullish,of 4 ratings,N/A
HRMNU,NULL,1440184604152,0,Not yet rated,NULL,N/A
HRMNW,NULL,1440184604189,0,Not yet rated,NULL,N/A
HART,$0.74,1440184604221,"189,726",100% bearish,of 1 rating,N/A
HRMN,NULL,1440184604285,0,Not yet rated,NULL,N/A
TINY,$2.5198,1440184604361,"16,725",50% bullish,of 2 ratings,$5.26
HCAP,$12.01,1440184604493,"22,308",50% bullish,of 2 ratings,$15
HCAPL,$25.41,1440184604520,"1,573",Not yet rated,NULL,N/A
HBIO,$4.37,1440184604543,"65,866",Not yet rated,NULL,$10
HA,$23.3,1440184604588,"625,728",67% bullish,of 9 ratings,$27
HAS,$75.4,1440184604762,"598,880",63% bullish,of 8 ratings,$84.50
HCOM,$22.4278,1440184604835,"21,150",100% bearish,of 1 rating,$28
HAYN,$37.972,1440184604973,"22,302",100% bearish,of 1 rating,$59
HWKN,$37.13,1440184605033,"17,024",Not yet rated,NULL,N/A
HIIQ,$4.6199,1440184605055,"21,808",50% bullish,of 2 ratings,$7
HDS,$33.04,1440184605087,"937,845",100% bearish,of 2 ratings,$39.50
HWBK,$13.54,1440184605110,235,100% bearish,of 1 rating,N/A
HQY,$29.15,1440184605143,"297,053",67% bullish,of 3 ratings,$31
HCSG,$33.52,1440184605245,"215,018",50% bullish,of 4 ratings,$35
HWAY,$12.5,1440184605409,"218,824",100% bearish,of 1 rating,$15
HSTM,$24.81,1440184605508,"143,111",50% bullish,of 2 ratings,$33.75
HTLD,$20.12,1440184605535,"303,785",Not yet rated,NULL,$22.50
HMNY,$2.2261,1440184605843,"2,878",100% bearish,of 1 rating,N/A
HTLF,$36.41,1440184605873,"38,565",100% bullish,of 1 rating,$39.50
HTWR,$83.1,1440184605895,"171,945",50% bullish,of 2 ratings,$103
HTBX,$5.32,1440184605932,"21,190",50% bullish,of 2 ratings,$15.50
HSII,$20.2,1440184605954,"41,467",100% bullish,of 3 ratings,$25
HELE,$87.64,1440184606033,"93,416",67% bearish,of 3 ratings,$100
HNNA,$24.34,1440184606088,"12,781",Not yet rated,NULL,N/A
HSIC,$138.54,1440184606180,"224,354",83% bullish,of 6 ratings,$146
HCACU,$10.0043,1440184606285,"2,000",Not yet rated,NULL,N/A
HMTV,$12.96,1440184606316,"9,076",100% bearish,of 1 rating,$16
HERO,$0.064,1440184606345,"1,765,476",81% bullish,of 16 ratings,$.75
HFWA,$17.77,1440184606516,"44,106",100% bullish,of 1 rating,$20
HTBK,$11.08,1440184606659,"77,959",Not yet rated,NULL,$12
HEOP,$7.81,1440184606799,"17,970",Not yet rated,NULL,$8.50
HRTX,$34.99,1440184606864,"621,158",67% bullish,of 6 ratings,$41
MLHR,$28.16,1440184606896,"136,219",50% bullish,of 2 ratings,$33.50
HSKA,$33.2,1440184606921,"24,918",100% bearish,of 1 rating,$38
HCCI,$11.59,1440184606943,"20,230",100% bearish,of 1 rating,$16.50
HIBB,$36.97,1440184606979,"860,606",100% bearish,of 1 rating,$48.50
HFFC,$16.2,1440184607030,832,Not yet rated,NULL,N/A
HIMX,$6.275,1440184607302,"923,958",86% bullish,of 21 ratings,$8.50
HPJ,$2.23,1440184607545,"114,519",75% bullish,of 4 ratings,$12.43
HIFS,$118.6,1440184607577,"2,069",Not yet rated,NULL,N/A
HIHO,$4.0006,1440184607605,"7,592",Not yet rated,NULL,N/A
HMSY,$8.88,1440184607688,"937,105",67% bullish,of 3 ratings,$19.35
HSGX,$5.826,1440184607738,"23,576",100% bearish,of 1 rating,$17
HMNF,$11.1,1440184607769,"2,410",Not yet rated,NULL,N/A
HOLI,$16.68,1440184607871,"157,327",50% bullish,of 4 ratings,$27
HOLX,$39.75,1440184607906,"1,431,444",67% bullish,of 3 ratings,$42
HBCP,$24.25,1440184608003,"37,118",Not yet rated,NULL,$29
HOMB,$39.095,1440184608082,"240,152",Not yet rated,NULL,$41
AWAY,$29.19,1440184608168,"512,637",67% bullish,of 3 ratings,$36
HFBL,$22,1440184608198,"1,100",Not yet rated,NULL,N/A
HMST,$21.49,1440184608246,"98,162",100% bullish,of 2 ratings,$27
HMIN,$29.08,1440184608329,"45,214",100% bearish,of 2 ratings,$35
HTBI,$18.42,1440184608422,"49,190",67% bullish,of 3 ratings,$18.625
HKTV,$4.74,1440184608462,911,100% bearish,of 1 rating,N/A
CETC,$0.7803,1440184608630,"35,588",86% bullish,of 7 ratings,N/A
HFBC,$11.64,1440184608657,"2,429",Not yet rated,NULL,N/A
HOFT,$24.2,1440184608734,"40,952",100% bearish,of 1 rating,N/A
HDP,$25.055,1440184608874,"167,209",67% bearish,of 3 ratings,$30.50
HBNC,$24.19,1440184608904,"24,989",100% bullish,of 1 rating,$27
HZNP,$28.9304,1440184608937,"1,955,870",85% bullish,of 20 ratings,$40
HRZN,$10.5301,1440184608978,"48,284",100% bearish,of 1 rating,$14.25
ZINC,$7.11,1440184609043,"421,060",100% bearish,of 1 rating,$17
HMHC,$22.385,1440184609130,"661,094",Not yet rated,NULL,$27
HWCC,$7.23,1440184609184,"116,850",100% bearish,of 1 rating,$9
HOVNP,NULL,1440184609398,0,100% bearish,of 1 rating,N/A
HSNI,$60.85,1440184609494,"169,999",Not yet rated,NULL,$80
HBMD,$13.46,1440184609523,300,100% bearish,of 1 rating,N/A
HCBK,$9.64,1440184609574,"1,238,804",83% bullish,of 6 ratings,$8.61
HUBG,$39.06,1440184609601,"141,933",100% bearish,of 1 rating,$43
HTGM,$5.5799,1440184609623,"8,821",100% bearish,of 1 rating,$19.50
HSON,$2.78,1440184609655,"13,699",100% bearish,of 1 rating,$5
HDSN,$2.8232,1440184609915,"25,416",100% bullish,of 1 rating,$6.25
HBAN,$11.04,1440184609976,"4,452,318",76% bullish,of 17 ratings,$12.29
HURC,$29.7299,1440184610007,"15,909",100% bearish,of 1 rating,N/A
HURN,$72.97,1440184610035,"77,738",50% bullish,of 2 ratings,$80
HBANP,$1337,1440184610065,11,100% bearish,of 1 rating,N/A
HTCH,$1.59,1440184610112,"47,847",100% bearish,of 1 rating,$3.50
HBP,$3.09,1440184610168,"1,457",100% bullish,of 1 rating,N/A
HDRA,NULL,1440184610575,0,Not yet rated,NULL,N/A
HDRAR,NULL,1440184610918,0,Not yet rated,NULL,N/A
IKGH,$1.81,1440184611148,"10,114",75% bullish,of 4 ratings,N/A
HDRAU,$10.06,1440184611181,100,Not yet rated,NULL,N/A
IACI,$70.44,1440184611204,"523,123",75% bullish,of 4 ratings,$90
HDRAW,NULL,1440184611250,0,Not yet rated,NULL,N/A
IDSY,$3.8499,1440184611288,"5,464",100% bearish,of 1 rating,$7
ICAD,$3.54,1440184611385,"10,880",50% bullish,of 2 ratings,$7.25
HYGS,$7.49,1440184611412,"29,872",50% bullish,of 2 ratings,$13
IBKC,$60.24,1440184611434,"140,577",100% bullish,of 1 rating,$70
IEP,$67.3806,1440184611650,"105,351",75% bullish,of 4 ratings,$99
ICLR,$77.52,1440184611678,"231,989",100% bearish,of 3 ratings,$85
ICFI,$35.715,1440184611700,"68,583",50% bullish,of 2 ratings,$48.50
ICON,$12.31,1440184611832,"483,376",50% bullish,of 2 ratings,$18.50
IPWR,$7.47,1440184611863,747,100% bullish,of 1 rating,$15
ICUI,$114.62,1440184611889,"95,471",Not yet rated,NULL,$122
INVE,$4.72,1440184612072,"94,153",75% bullish,of 4 ratings,$4
IDXX,$73.96,1440184612102,"276,475",100% bearish,of 1 rating,$77
IROQ,$16.5,1440184612209,500,100% bullish,of 1 rating,N/A
DSKY,$12.18,1440184612273,"193,180",67% bullish,of 6 ratings,$11.50
IDRA,$2.52,1440184612300,"934,428",89% bullish,of 9 ratings,$6.50
IRG,$4.8401,1440184612358,"8,436",100% bearish,of 1 rating,$4.50
RXDX,$12.61,1440184612431,"89,969",100% bullish,of 1 rating,$20
IIVI,$17.82,1440184612575,"161,296",100% bearish,of 1 rating,$22
KANG,$15.0175,1440184612602,"261,819",50% bullish,of 2 ratings,$22.55
IKAN,$2.73,1440184612626,"14,259",83% bullish,of 6 ratings,$5
ILMN,$199.83,1440184612789,"661,914",80% bullish,of 5 ratings,$240
IKNX,$11.98,1440184612975,522,100% bearish,of 1 rating,N/A
ISNS,$3.8607,1440184613057,"51,436",50% bullish,of 2 ratings,N/A
ICCC,$8.22,1440184613187,"5,229",100% bullish,of 1 rating,N/A
IMMR,$11.32,1440184613217,"169,046",80% bullish,of 5 ratings,$15.50
IMDZ,$15.33,1440184613239,"40,626",100% bearish,of 1 rating,$33
IMNP,$1.389,1440184613278,"95,155",50% bullish,of 2 ratings,$6
IMMU,$1.8801,1440184613300,"837,089",86% bullish,of 7 ratings,$2
IMGN,$13.17,1440184613376,"760,588",75% bullish,of 4 ratings,$17.50
IPXL,$43.3,1440184613432,"486,095",67% bullish,of 3 ratings,$46.50
IMMY,$7.5,1440184613565,"6,348",100% bearish,of 1 rating,$11
INCR,$42.3,1440184613630,"205,316",50% bullish,of 2 ratings,$53
SAAS,$7.5404,1440184613763,"353,231",50% bullish,of 2 ratings,$15
INDB,$46.44,1440184613832,"43,876",Not yet rated,NULL,$44
INCY,$105.34,1440184613859,"512,646",50% bullish,of 6 ratings,$125.50
IBCP,$14.25,1440184613941,"45,706",100% bullish,of 1 rating,$14.50
IDSA,$3.53,1440184614153,200,Not yet rated,NULL,N/A
IBTX,$43.27,1440184614189,"33,288",100% bullish,of 2 ratings,$47.25
IPCC,$79.98,1440184614242,"25,690",Not yet rated,NULL,$77.50
INFI,$9.7242,1440184614278,"558,816",50% bullish,of 4 ratings,$18
IFON,$1.221,1440184614299,"39,047",75% bullish,of 4 ratings,N/A
III,$4.1775,1440184614375,"111,731",57% bullish,of 7 ratings,$6
INFN,$20.95,1440184614403,"1,816,859",71% bullish,of 7 ratings,$28
IMKTA,$52.9933,1440184614545,"67,315",100% bearish,of 1 rating,N/A
INWK,$7.2999,1440184614650,"92,937",50% bullish,of 2 ratings,$10
INNL,NULL,1440184614796,0,100% bearish,of 1 rating,$16.50
INOD,$2.477,1440184614829,"19,082",100% bearish,of 1 rating,N/A
IPHS,$47.838,1440184614879,"52,903",100% bearish,of 1 rating,$60
IOSP,$49.065,1440184614966,"643,820",100% bearish,of 1 rating,N/A
ITEK,$13.32,1440184615011,"534,524",100% bearish,of 3 ratings,$20
INGN,$49.73,1440184615068,"107,062",100% bearish,of 1 rating,$50.50
ISSC,$2.94,1440184615148,"5,782",67% bearish,of 3 ratings,N/A
INOV,$21,1440184615170,"231,828",100% bearish,of 1 rating,$33
INO,$7.0235,1440184615251,"762,411",89% bullish,of 18 ratings,$20
ISIG,$2.6,1440184615302,"7,354",100% bearish,of 1 rating,N/A
NSIT,$26.04,1440184615328,"105,762",50% bullish,of 2 ratings,N/A
INSM,$24.73,1440184615385,"234,997",71% bullish,of 7 ratings,$31.50
IIIN,$17.9,1440184615540,"35,174",100% bearish,of 2 ratings,N/A
PODD,$28.85,1440184615597,"242,832",50% bullish,of 2 ratings,$35
NTEC,$5.78,1440184615695,"18,800",Not yet rated,NULL,N/A
INSY,$32.41,1440184615721,"497,203",75% bullish,of 4 ratings,$48
ISSI,$22.28,1440184615902,"158,002",67% bullish,of 3 ratings,$19.75
IDTI,$17.27,1440184615932,"1,493,624",60% bullish,of 5 ratings,$25
IART,$60.47,1440184615959,"120,168",100% bearish,of 1 rating,$71.50
IESC,$7.26,1440184615985,"1,000",100% bearish,of 1 rating,N/A
IQNT,$19.14,1440184616403,"177,237",86% bullish,of 7 ratings,$20
INTC,$26.8,1440184616437,"22,796,419",82% bullish,of 238 ratings,$36
IPAR,$27.28,1440184616459,"36,930",67% bullish,of 3 ratings,$38
IPCI,$2.12,1440184616481,"26,976",67% bullish,of 6 ratings,$7.75
ININ,$37.03,1440184616538,"63,930",67% bearish,of 3 ratings,$57
IBKR,$38.865,1440184616623,"372,393",100% bullish,of 1 rating,N/A
ICPT,$192.1,1440184616799,"214,164",70% bullish,of 10 ratings,$359.50
ICLD,$1.9,1440184616943,"370,206",75% bullish,of 4 ratings,N/A
ICLDW,$0.9601,1440184616974,"1,250",100% bearish,of 1 rating,N/A
IDCC,$47.496,1440184617008,"176,941",80% bullish,of 5 ratings,$63
IMI,$2.06,1440184617041,"5,887",67% bullish,of 3 ratings,$2.22
INAP,$8.32,1440184617106,"117,604",75% bullish,of 4 ratings,$11
TILE,$24.33,1440184617136,"359,716",67% bearish,of 3 ratings,$27
IBOC,$26.04,1440184617169,"125,682",100% bearish,of 1 rating,N/A
ISCA,$31.555,1440184617274,"45,338",100% bearish,of 1 rating,N/A
IGLD,$7.091,1440184617446,"1,977",50% bullish,of 2 ratings,N/A
IIJI,$8.9299,1440184617604,"1,000",50% bullish,of 2 ratings,$11.50
INPH,$0.3,1440184617630,"8,240",50% bullish,of 2 ratings,N/A
INTX,$2.55,1440184617657,"27,652",67% bullish,of 3 ratings,N/A
XENT,$27.39,1440184617692,"117,009",50% bullish,of 2 ratings,$36.50
PTNT,$3.01,1440184617714,"3,950",Not yet rated,NULL,N/A
ISIL,$10.26,1440184617748,"614,997",50% bullish,of 6 ratings,$15
IILG,$20,1440184617801,"159,564",100% bearish,of 1 rating,$30.50
INTL,$26,1440184617848,"71,640",67% bearish,of 3 ratings,N/A
IVAC,$4.8999,1440184618037,"9,220",Not yet rated,NULL,$6.625
IIN,$6.38,1440184618066,"6,099",100% bearish,of 1 rating,$12
ITCI,$29.06,1440184618111,"275,133",75% bearish,of 4 ratings,$40
INTU,$89.69,1440184618325,"4,112,990",100% bullish,of 7 ratings,$110.50
INTLL,$25.6552,1440184618362,900,Not yet rated,NULL,N/A
ISRG,$506.49,1440184618526,"113,491",67% bullish,of 3 ratings,$600
INVT,$0.2601,1440184618599,"25,721",67% bullish,of 3 ratings,N/A
ISTR,$15.56,1440184618732,"2,442",100% bearish,of 1 rating,$18.50
ISBC,$11.8765,1440184618766,"1,580,807",100% bullish,of 1 rating,$13.25
SNAK,$8.35,1440184618864,"232,874",50% bullish,of 2 ratings,$14
IVTY,$12.97,1440184618896,"11,878",Not yet rated,NULL,$18
ITIC,NULL,1440184618928,0,100% bearish,of 2 ratings,N/A
NVIV,$9.82,1440184618957,"400,467",50% bullish,of 4 ratings,$24.50
IPAS,$1.045,1440184618984,"44,270",67% bullish,of 3 ratings,N/A
DFVL,NULL,1440184619017,0,Not yet rated,NULL,N/A
DTUL,NULL,1440184619151,0,Not yet rated,NULL,N/A
IPCM,$79.51,1440184619188,"423,530",50% bullish,of 2 ratings,$80.125
IPGP,$84.88,1440184619317,"103,137",100% bearish,of 2 ratings,$109.50
IRMD,$25.2275,1440184619413,"12,510",67% bearish,of 3 ratings,$25
IRIX,$7.15,1440184619517,"10,437",100% bearish,of 1 rating,N/A
IRBT,$29.95,1440184619580,"136,878",67% bullish,of 6 ratings,$37
IRDM,$6.67,1440184619606,"392,382",60% bullish,of 5 ratings,$11.50
IRDMB,$266.95,1440184619664,478,67% bearish,of 3 ratings,N/A
IRWD,$10.95,1440184619690,"751,143",100% bearish,of 1 rating,$13
GNMA,$50.25,1440184619763,"1,922",Not yet rated,NULL,N/A
IRCP,$32.13,1440184619825,101,100% bullish,of 2 ratings,N/A
COMT,$32.284,1440184619864,"10,629",100% bearish,of 1 rating,N/A
FCHI,$47.89,1440184620040,"1,550",Not yet rated,NULL,N/A
IFGL,$28.85,1440184620110,"116,893",Not yet rated,NULL,N/A
IFAS,$28.76,1440184620136,"7,892",Not yet rated,NULL,N/A
IFEU,$39.05,1440184620180,"28,128",Not yet rated,NULL,N/A
IFNA,$56.26,1440184620432,1,Not yet rated,NULL,N/A
ACWX,$40.3952,1440184620458,"267,226",100% bearish,of 1 rating,N/A
AAXJ,$52.31,1440184620497,"1,187,442",Not yet rated,NULL,N/A
ACWI,$55.69,1440184620563,"986,819",Not yet rated,NULL,N/A
EMDI,$46.16,1440184620668,300,Not yet rated,NULL,N/A
EEMA,$49.1032,1440184620696,"370,283",Not yet rated,NULL,N/A
AXJS,NULL,1440184620733,0,Not yet rated,NULL,N/A
AAIT,$30.324,1440184620764,100,100% bullish,of 1 rating,N/A
EMEY,NULL,1440184620828,0,Not yet rated,NULL,N/A
EEME,$38.3884,1440184620861,644,100% bearish,of 1 rating,N/A
EGRW,$46.99,1440184620962,"2,278",Not yet rated,NULL,N/A
EEML,NULL,1440184621119,0,Not yet rated,NULL,N/A
EVAL,$36.55,1440184621343,"2,311",Not yet rated,NULL,N/A
EUFN,$21.8327,1440184621374,"163,296",100% bearish,of 1 rating,N/A
QAT,$20.45,1440184621404,"23,245",Not yet rated,NULL,N/A
IBB,$342.3,1440184621427,"1,616,814",63% bullish,of 8 ratings,N/A
IEUS,$45.46,1440184621459,"6,397",100% bearish,of 1 rating,N/A
UAE,$17.4399,1440184621480,"7,412",Not yet rated,NULL,N/A
SOXX,$78.85,1440184621509,"579,728",50% bullish,of 2 ratings,N/A
EMIF,$28.4005,1440184621786,"3,957",Not yet rated,NULL,N/A
ICLN,$9.38,1440184621815,"35,837",50% bullish,of 2 ratings,N/A
WOOD,$49.1048,1440184621841,"52,223",50% bullish,of 2 ratings,N/A
ISHG,$80.2499,1440184621868,"76,349",100% bearish,of 1 rating,N/A
INDY,$27.962,1440184621903,"799,702",50% bullish,of 2 ratings,N/A
ISIS,$46.61,1440184622001,"968,096",53% bullish,of 15 ratings,$67
IGOV,$92.26,1440184622026,"19,765",100% bearish,of 1 rating,N/A
ITRN,$24.7,1440184622330,"14,353",50% bullish,of 2 ratings,N/A
ISLE,$16.56,1440184622356,"221,623",50% bullish,of 4 ratings,$16
ISRL,$130.5,1440184622384,645,100% bearish,of 1 rating,N/A
ITUS,$4.1,1440184622418,"6,767",Not yet rated,NULL,N/A
ITRI,$31.92,1440184622519,"172,112",Not yet rated,NULL,$37
IXYS,$10.58,1440184622550,"180,402",50% bullish,of 4 ratings,N/A
XXIA,$15.395,1440184622577,"192,261",71% bullish,of 7 ratings,$14.625
JJSF,$113.89,1440184622604,"65,421",100% bearish,of 1 rating,N/A
JBHT,$76.18,1440184622872,"610,935",50% bullish,of 4 ratings,$89.50
MAYS,NULL,1440184622937,0,Not yet rated,NULL,N/A
JKHY,$68.54,1440184623042,"124,873",50% bullish,of 2 ratings,$72
JACK,$82,1440184623068,"425,864",83% bullish,of 6 ratings,$105
JCOM,$69.32,1440184623095,"142,863",100% bullish,of 2 ratings,$77
JASO,$7.29,1440184623117,"1,077,375",82% bullish,of 17 ratings,$10
JAXB,$12.76,1440184623254,"1,300",100% bullish,of 1 rating,N/A
JXSB,$24.06,1440184623462,542,Not yet rated,NULL,N/A
JAGX,$2.5,1440184623630,"12,181",Not yet rated,NULL,N/A
JRVR,$26.52,1440184623658,"25,498",Not yet rated,NULL,$32
JAKK,$9.16,1440184623682,"262,260",60% bearish,of 5 ratings,$11
ERW,NULL,1440184623716,0,Not yet rated,NULL,N/A
JMBA,$13.2523,1440184623751,"69,868",75% bullish,of 4 ratings,$18
JASN,$4.84,1440184623817,"28,758",50% bullish,of 2 ratings,$9.50
JASNW,$0.22,1440184623848,"10,250",50% bullish,of 2 ratings,N/A
JBLU,$21.65,1440184624108,"5,784,754",94% bullish,of 16 ratings,$27
JD,$25.03,1440184624174,"7,485,932",75% bullish,of 16 ratings,$36
JAZZ,$170.11,1440184624205,"308,285",80% bullish,of 15 ratings,$206.50
DATE,$6.43,1440184624262,"146,849",75% bullish,of 4 ratings,$9
JTPY,$3.03,1440184624306,"4,965",100% bearish,of 1 rating,N/A
JCTCF,NULL,1440184624395,0,100% bullish,of 1 rating,N/A
WYIGU,$10.0227,1440184624453,100,Not yet rated,NULL,N/A
JIVE,$4.065,1440184624487,"412,922",75% bullish,of 4 ratings,$5
JST,$4.0098,1440184624583,"38,384",75% bullish,of 4 ratings,N/A
JOEZ,$0.1767,1440184624639,"45,199",92% bullish,of 12 ratings,N/A
JOUT,$23.27,1440184624668,"15,421",100% bearish,of 1 rating,$34
