Symbol,Price,Date,Volume,Rating,RatingVoteCount,OneYearEstimate
TFSC,NULL,1440443702020,0,100% bearish,of 1 rating,N/A
FCTY,NULL,1440443702113,0,100% bullish,of 1 rating,$8.50
FLWS,$9.16,1440443702141,"158,809",100% bullish,of 5 ratings,$15
TFSCR,NULL,1440443702161,0,Not yet rated,NULL,N/A
PIH,$6.99,1440443702193,"10,700",100% bearish,of 1 rating,N/A
TFSCU,NULL,1440443702213,0,Not yet rated,NULL,N/A
TFSCW,NULL,1440443702234,0,100% bearish,of 1 rating,N/A
VNET,$17.625,1440443702266,"1,259,712",60% bullish,of 5 ratings,$29.50
SRCE,$28.84,1440443702556,"15,588",100% bullish,of 3 ratings,$33
USLV,$13.095,1440443702593,"438,514",86% bullish,of 7 ratings,N/A
DGLD,$77.54,1440443702614,"19,698",100% bearish,of 1 rating,N/A
DSLV,$67.1499,1440443702637,"34,063",100% bearish,of 1 rating,N/A
UGLD,$9.7637,1440443702678,"371,247",100% bearish,of 1 rating,N/A
JOBS,$25.54,1440443702707,"266,309",50% bullish,of 4 ratings,$36
TWOU,$33.13,1440443702738,"196,392",50% bullish,of 2 ratings,$39
FCCY,$11.5,1440443702767,"1,100",100% bullish,of 1 rating,$13
EGHT,$7.91,1440443703247,"348,999",82% bullish,of 17 ratings,$11
SHLM,$33.12,1440443703275,"51,543",100% bearish,of 1 rating,$50
SIXD,$1.34,1440443703296,"94,381",Not yet rated,NULL,N/A
ABEO,$4.3,1440443703317,"157,818",67% bullish,of 3 ratings,$15.50
ABAX,$45.81,1440443703355,"68,792",100% bearish,of 1 rating,$60
AVHI,$13.62,1440443703378,"7,644",100% bearish,of 1 rating,$19
AAON,$20.62,1440443703403,"49,122",100% bearish,of 1 rating,$24
CAFD,$15.09,1440443703424,"235,685",Not yet rated,NULL,$25
ABGB,$4.36,1440443703638,"60,427",67% bullish,of 3 ratings,$5.50
AXAS,$1.523,1440443703675,"674,539",78% bullish,of 9 ratings,$3.50
ABMD,$93.62,1440443703740,"614,188",75% bullish,of 4 ratings,$100.50
ACHC,$70,1440443703767,"807,656",50% bullish,of 2 ratings,$92
ACTG,$8.51,1440443703795,"182,255",67% bullish,of 3 ratings,$18.50
ABEOW,$1.5,1440443703822,"1,920",100% bullish,of 1 rating,N/A
ABY,$19.16,1440443703843,"461,022",100% bearish,of 2 ratings,$46
ACAD,$33.8,1440443704163,"586,312",80% bullish,of 20 ratings,$48
ARAY,$6.33,1440443704190,"907,907",100% bearish,of 1 rating,$10.50
AXDX,$18.015,1440443704225,"114,394",100% bearish,of 1 rating,N/A
ACST,$0.325,1440443704253,"18,415",100% bullish,of 2 ratings,N/A
ANCX,$18.45,1440443704275,"21,508",Not yet rated,NULL,$19
VXUP,$2.14,1440443704295,"684,736",Not yet rated,NULL,N/A
XLRN,$27.33,1440443704336,"138,042",50% bullish,of 2 ratings,$57
VXDN,$2.05,1440443704426,"603,197",100% bearish,of 1 rating,N/A
AKAO,$5.8888,1440443704589,"150,800",75% bullish,of 4 ratings,$15
ACET,$23.065,1440443704639,"55,229",75% bullish,of 4 ratings,$30
ACRX,$3.9,1440443704680,"204,691",67% bearish,of 6 ratings,$5.50
ACHN,$7.305,1440443704774,"2,187,029",90% bullish,of 21 ratings,$16
ACIW,$21.05,1440443704904,"211,049",50% bullish,of 2 ratings,$24
ACNB,$20.05,1440443704938,"16,744",Not yet rated,NULL,N/A
ACTS,$1.59,1440443704966,"67,714",100% bearish,of 1 rating,N/A
ACOR,$29.02,1440443704991,"222,239",67% bearish,of 3 ratings,$38.50
ACPW,$1.75,1440443705037,"62,336",100% bullish,of 4 ratings,$3.50
ATVI,$26.025,1440443705096,"3,579,833",68% bullish,of 84 ratings,$31.50
ACUR,$0.5811,1440443705288,"48,857",100% bullish,of 5 ratings,$1
ACXM,$19.59,1440443705321,"307,197",67% bullish,of 3 ratings,N/A
ACTA,$13.42,1440443705451,"91,106",67% bearish,of 3 ratings,$25
ADMP,$3.5,1440443705477,"34,771",50% bullish,of 2 ratings,$10
ADAP,$11.05,1440443705540,"110,520",67% bullish,of 3 ratings,$22
ADMS,$18.97,1440443705612,"51,193",100% bearish,of 2 ratings,$36
ADUS,$28.27,1440443705682,"22,248",100% bearish,of 1 rating,$31
AEY,$2.28,1440443705709,"6,500",100% bearish,of 2 ratings,N/A
ADEP,$6.63,1440443705852,"42,689",50% bullish,of 2 ratings,$10.75
ADBE,$74.13,1440443705906,"2,513,549",65% bullish,of 17 ratings,$90
ADTN,$15.07,1440443705981,"161,153",67% bullish,of 3 ratings,$17.125
ADMA,$9.21,1440443706006,"16,634",Not yet rated,NULL,$19
ADRO,$18.695,1440443706039,"293,372",80% bullish,of 5 ratings,$45.50
AEIS,$23.6999,1440443706138,"177,311",50% bullish,of 2 ratings,$32.50
AMD,$1.715,1440443706213,"7,106,381",83% bullish,of 103 ratings,$2
ADXS,$13.01,1440443706347,"540,530",64% bullish,of 14 ratings,$27
MULT,NULL,1440443706446,0,100% bearish,of 1 rating,N/A
ADXSW,$9.62,1440443706472,"6,078",100% bullish,of 1 rating,N/A
YPRO,$23.21,1440443706609,"1,358",100% bearish,of 1 rating,N/A
AEGN,$17.57,1440443706637,"78,462",100% bearish,of 1 rating,$21
AEGR,$17.2,1440443706769,"190,095",50% bullish,of 6 ratings,$26
AEHR,$2.211,1440443706799,"20,050",50% bullish,of 2 ratings,N/A
AEPI,$54.22,1440443706822,"14,607",100% bearish,of 1 rating,N/A
AMTX,$2.66,1440443706843,"17,938",50% bullish,of 2 ratings,$26.11
AERI,$15.41,1440443707043,"372,268",75% bullish,of 4 ratings,$31.50
AEZS,$0.089,1440443707072,"8,377,115",90% bullish,of 21 ratings,$1.50
AVAV,$23.2701,1440443707093,"108,282",50% bullish,of 4 ratings,$31
AEMD,$6.8,1440443707230,"29,239",Not yet rated,NULL,$27.50
AFMD,$9.79,1440443707255,"149,968",50% bullish,of 4 ratings,$15
AFFX,$8.83,1440443707280,"432,116",80% bullish,of 5 ratings,$12
AGEN,$6.615,1440443707412,"778,812",85% bullish,of 13 ratings,$14
AGRX,$8.17,1440443707469,"32,366",100% bearish,of 1 rating,$17.50
AGIO,$80.314,1440443707600,"467,253",88% bullish,of 8 ratings,$114
AIMT,$20.0701,1440443707626,"90,541",Not yet rated,NULL,N/A
AGFS,$9.83,1440443707647,"102,103",100% bearish,of 1 rating,N/A
AGFSW,$1.78,1440443707679,"18,028",100% bearish,of 2 ratings,N/A
AGYS,$9.26,1440443707706,"14,836",100% bearish,of 1 rating,N/A
AIRM,$35.315,1440443707890,"136,954",80% bearish,of 5 ratings,$53
AIRT,$21.99,1440443707917,616,100% bullish,of 1 rating,N/A
ATSG,$8.715,1440443707938,"120,560",67% bullish,of 3 ratings,$13
AIXG,$5.69,1440443708103,"16,624",67% bearish,of 3 ratings,$5.25
AMCN,$4.29,1440443708191,"960,867",83% bullish,of 6 ratings,N/A
AKAM,$65.99,1440443708237,"1,624,890",63% bullish,of 8 ratings,$77
AKRX,$38.62,1440443708431,"753,892",78% bullish,of 9 ratings,$56
AKER,$2.75,1440443708457,"21,578",Not yet rated,NULL,N/A
ALSK,$2.03,1440443708588,"121,462",78% bullish,of 18 ratings,$2
AKBA,$6.245,1440443708617,"160,628",100% bearish,of 1 rating,$18
ABDC,$11.8999,1440443708652,"102,092",Not yet rated,NULL,$15
ALRM,$16.5,1440443708719,"153,534",100% bearish,of 1 rating,$22
AMRI,$19.07,1440443708792,"254,783",75% bearish,of 4 ratings,$24
ADHD,$7.905,1440443708931,"170,398",50% bullish,of 4 ratings,$18
ALDX,$7.06,1440443708958,"11,138",100% bearish,of 1 rating,$14.50
ALDR,$36.5,1440443709029,"370,483",67% bearish,of 3 ratings,$62
ALXA,$1.08,1440443709088,"7,960",83% bullish,of 6 ratings,$2.125
ALCO,$40.98,1440443709174,"9,106",50% bullish,of 2 ratings,N/A
ALXN,$166.12,1440443709225,"1,148,254",88% bullish,of 8 ratings,$223
ALGN,$54.4,1440443709316,"252,871",100% bearish,of 2 ratings,$73
ALKS,$57.17,1440443709403,"497,893",67% bullish,of 3 ratings,$75
ALIM,$2.9999,1440443709532,"85,141",80% bullish,of 5 ratings,$10
ALLB,$22.39,1440443709599,"2,495",Not yet rated,NULL,N/A
AFOP,$16.58,1440443709650,"184,586",75% bullish,of 8 ratings,$21
ALGT,$209.55,1440443709671,"63,027",100% bearish,of 1 rating,$235
AIQ,$14.02,1440443709710,"8,640",67% bullish,of 3 ratings,N/A
ARLP,$23.81,1440443709800,"267,030",67% bearish,of 3 ratings,$32
AHGP,$35.1162,1440443709825,"58,977",67% bullish,of 3 ratings,N/A
AHPI,$1.4526,1440443710015,"1,189",50% bullish,of 2 ratings,N/A
AMOT,$17.6588,1440443710148,"53,713",100% bearish,of 1 rating,N/A
ALQA,$4.25,1440443710174,"27,149",75% bullish,of 4 ratings,$8.50
ALLT,$4.98,1440443710247,"72,561",75% bullish,of 4 ratings,$6.25
MDRX,$13.1,1440443710311,"1,400,873",60% bullish,of 5 ratings,$16
AFAM,$43.995,1440443710332,"43,589",50% bullish,of 2 ratings,$44
AOSL,$7.41,1440443710407,"46,699",67% bullish,of 3 ratings,$9
ALNY,$93.03,1440443710432,"419,409",67% bullish,of 3 ratings,$148.50
SMCP,$21.8,1440443710578,400,Not yet rated,NULL,N/A
ASPS,$26.29,1440443710745,"256,934",67% bullish,of 3 ratings,$46.50
ATEC,$0.562,1440443710842,"161,714",100% bullish,of 1 rating,$2
AIMC,$24.66,1440443710876,"39,042",100% bearish,of 2 ratings,$28.50
ALTR,$46.63,1440443710902,"2,256,453",80% bearish,of 5 ratings,$54
AMAG,$57.41,1440443710932,"400,474",100% bullish,of 2 ratings,$77.50
AMRN,$1.975,1440443711035,"996,193",85% bullish,of 39 ratings,$8
AMRK,$10.53,1440443711098,"3,929",50% bullish,of 2 ratings,$14
AMBA,$86.264,1440443711332,"3,233,661",83% bullish,of 12 ratings,$102.50
AMBC,$15.21,1440443711364,"159,724",100% bearish,of 1 rating,$16.50
AMBCW,NULL,1440443711385,0,100% bearish,of 1 rating,N/A
AYA,$20.9801,1440443711417,"90,824",100% bearish,of 1 rating,$40
AMZN,$463.895,1440443711438,"4,019,102",81% bullish,of 263 ratings,$646
EPAX,$2.68,1440443711470,"29,850",100% bearish,of 1 rating,N/A
AMCX,$65.72,1440443711640,"404,372",67% bullish,of 3 ratings,$87.50
UHAL,$350.9488,1440443711802,"17,654",100% bullish,of 2 ratings,$393.50
AMDA,$0.418,1440443711833,"1,280,915",90% bullish,of 10 ratings,$1
DOX,$55.65,1440443711934,"390,718",50% bullish,of 2 ratings,$60
AMED,$37.55,1440443711962,"207,736",100% bearish,of 1 rating,$42
ASBI,$22.2,1440443712018,950,Not yet rated,NULL,N/A
ATAX,$5.2358,1440443712043,"221,335",100% bullish,of 1 rating,$6.50
AAL,$37.507,1440443712234,"9,815,629",93% bullish,of 88 ratings,$57
AMOV,$17.58,1440443712319,"5,266",100% bearish,of 1 rating,N/A
AGNC,$19.35,1440443712451,"2,896,062",75% bullish,of 28 ratings,$22
MTGE,$15.34,1440443712595,"329,646",75% bullish,of 4 ratings,$19.50
AGNCP,$25.15,1440443712624,"12,223",Not yet rated,NULL,N/A
AGNCB,$24.0064,1440443712646,"11,976",Not yet rated,NULL,N/A
MTGEP,$24.0001,1440443712678,"7,624",Not yet rated,NULL,N/A
ACSF,$11.99,1440443712782,"18,007",100% bearish,of 1 rating,$15
ACAS,$13.205,1440443712845,"976,286",60% bullish,of 5 ratings,$16.75
ANCI,$1.4301,1440443712941,"1,230",100% bearish,of 1 rating,N/A
ANAT,$97.08,1440443713093,"26,829",100% bullish,of 1 rating,N/A
AMNB,$22.7786,1440443713196,"9,405",Not yet rated,NULL,$25.50
AMIC,$9.65,1440443713226,494,Not yet rated,NULL,N/A
AETI,$4.06,1440443713267,"2,639",67% bearish,of 3 ratings,N/A
APEI,$21.19,1440443713325,"32,239",100% bearish,of 1 rating,$25.50
ARII,$37.44,1440443713374,"170,702",67% bearish,of 3 ratings,$45
ASEI,$38.56,1440443713651,"23,147",100% bearish,of 1 rating,$52.50
ABCB,$26.76,1440443714586,"90,682",Not yet rated,NULL,$31
AMSWA,$8.67,1440443715344,"46,429",100% bearish,of 2 ratings,$10.75
AMSC,$3.5,1440443715380,"73,789",50% bullish,of 4 ratings,N/A
CRMT,$37.92,1440443715409,"36,698",100% bearish,of 1 rating,$39
AMWD,$65.445,1440443715437,"136,647",50% bullish,of 2 ratings,$53
AMRB,$9.95,1440443715469,"7,930",Not yet rated,NULL,$11
ASRV,$3.22,1440443715511,800,100% bullish,of 2 ratings,N/A
ASRVP,$27.5,1440443715568,400,Not yet rated,NULL,N/A
AMSF,$47.44,1440443715668,"35,782",Not yet rated,NULL,$57.50
ATLO,$22.92,1440443715802,"6,220",Not yet rated,NULL,N/A
AMGN,$148.815,1440443715833,"3,387,430",89% bullish,of 19 ratings,$185
AMKR,$4.73,1440443715910,"1,444,036",100% bearish,of 2 ratings,$5
FOLD,$13.5,1440443715940,"1,102,564",56% bullish,of 9 ratings,$21
AMPH,$13.0201,1440443716074,"91,513",50% bullish,of 2 ratings,$20
AMSGP,$148.67,1440443716270,200,Not yet rated,NULL,N/A
AMSG,$76.99,1440443716298,"270,842",100% bearish,of 1 rating,$85.50
ASYS,$4.91,1440443716376,"44,141",67% bullish,of 3 ratings,$12
AMRS,$1.5601,1440443716427,"136,684",70% bullish,of 10 ratings,N/A
ANAD,$0.31,1440443716536,"183,576",100% bullish,of 2 ratings,$.50
AFSI,$57.12,1440443716565,"532,289",60% bullish,of 5 ratings,$72
ADI,$52.05,1440443716636,"2,442,251",67% bullish,of 3 ratings,$69
ANAC,$121.74,1440443716664,"367,245",80% bullish,of 5 ratings,$180.50
ANCB,$22.9999,1440443716793,"1,100",Not yet rated,NULL,$23
ALOG,$78.2601,1440443716821,"40,934",100% bearish,of 2 ratings,$100.50
ANGI,$4.65,1440443716954,"804,012",64% bullish,of 11 ratings,$5.50
ABCW,$39.3,1440443716981,"6,282",67% bullish,of 3 ratings,N/A
AMCF,$0.2451,1440443717002,"26,065",100% bullish,of 7 ratings,N/A
ANGO,$14.273,1440443717248,"30,695",67% bullish,of 3 ratings,$19
ANIK,$33.2215,1440443717348,"101,462",60% bullish,of 5 ratings,$51.25
ATRS,$1.695,1440443717373,"634,589",92% bullish,of 12 ratings,$4.50
ANIP,$47.97,1440443717401,"145,938",89% bullish,of 19 ratings,$66
ABAC,$0.6301,1440443717426,"27,863",100% bearish,of 1 rating,N/A
ANSS,$86.53,1440443717591,"342,346",100% bearish,of 1 rating,$100
ANTH,$6.9201,1440443717622,"1,061,543",80% bullish,of 10 ratings,$13
ATNY,$2.3404,1440443717697,"3,801",50% bullish,of 2 ratings,$3.75
APIC,$6.11,1440443717728,"117,657",100% bearish,of 1 rating,$19
APOG,$49.74,1440443717826,"114,072",100% bullish,of 1 rating,$67
AINV,$6.309,1440443717887,"1,955,753",50% bullish,of 4 ratings,$8
APOL,$10.66,1440443717917,"738,436",87% bearish,of 68 ratings,$14
APPF,$15.09,1440443718019,"53,570",50% bullish,of 2 ratings,$22
AAPL,$103.03,1440443718175,"82,753,842",86% bullish,of 2342 ratings,$150
APDN,$3.0801,1440443718203,"48,065",Not yet rated,NULL,$9
ARCI,$1.3,1440443718231,362,Not yet rated,NULL,N/A
AGTC,$15.1,1440443718498,"36,785",50% bullish,of 2 ratings,$33
AMCC,$5.16,1440443718532,"590,821",80% bullish,of 5 ratings,$8
AMAT,$15.11,1440443718558,"14,166,659",82% bullish,of 11 ratings,$23
AAOI,$19.24,1440443718631,"319,402",50% bullish,of 4 ratings,$26
AREX,$1.95,1440443718703,"676,538",100% bearish,of 1 rating,$3
APRI,$1.2199,1440443718764,"102,292",83% bullish,of 6 ratings,$4.86
APTO,$4.755,1440443718835,"5,951",Not yet rated,NULL,$17
APDNW,$1.1442,1440443718895,"6,573",Not yet rated,NULL,N/A
AQMS,$4.66,1440443718945,"14,786",Not yet rated,NULL,N/A
AQXP,$17.91,1440443719073,"412,080",50% bullish,of 2 ratings,$2
AUMAU,$9.97,1440443719160,600,Not yet rated,NULL,N/A
AUMA,$9.81,1440443719187,500,Not yet rated,NULL,N/A
AUMAW,NULL,1440443719212,0,Not yet rated,NULL,N/A
PETX,$16.605,1440443719242,"239,590",100% bearish,of 2 ratings,$26
ARDM,$6.94,1440443719349,250,100% bullish,of 1 rating,$26
ABUS,$6.93,1440443719374,"260,498",86% bullish,of 14 ratings,$23
ABIO,$0.8301,1440443719560,"282,970",50% bullish,of 2 ratings,$3.75
ARCW,$3.28,1440443719621,"16,189",100% bearish,of 2 ratings,$10.50
RKDA,$5.54,1440443719752,"21,032",100% bearish,of 2 ratings,$10
ARCB,$28.34,1440443719883,"174,535",67% bearish,of 3 ratings,$39.50
ACGL,$67.83,1440443719952,"253,961",50% bullish,of 2 ratings,$72
ARDX,$16.82,1440443719984,"42,557",50% bullish,of 2 ratings,$24.50
ACAT,$25.11,1440443720083,"128,514",100% bearish,of 3 ratings,$33
ARCC,$14.92,1440443720109,"2,725,982",67% bearish,of 3 ratings,$17.875
AGII,$55.65,1440443720154,"89,845",Not yet rated,NULL,$59.50
ARNA,$2.71,1440443720338,"1,457,397",90% bullish,of 77 ratings,$5.50
ARIS,$3.16,1440443720394,"45,748",Not yet rated,NULL,$4.50
ARGS,$6.055,1440443720427,"84,179",50% bullish,of 2 ratings,$19.50
AGIIL,$25.047,1440443720482,"7,776",Not yet rated,NULL,N/A
ARIA,$6.365,1440443720508,"1,745,704",87% bullish,of 46 ratings,$9
ARMH,$40.1305,1440443720545,"1,889,098",54% bearish,of 13 ratings,$61
ARKR,$24.5505,1440443720571,"2,600",50% bullish,of 2 ratings,N/A
ARTX,$1.417,1440443720641,"172,453",88% bullish,of 16 ratings,$4.50
ARWA,NULL,1440443720971,0,Not yet rated,NULL,N/A
ARWAR,NULL,1440443721000,0,Not yet rated,NULL,N/A
ARWAU,$10.2,1440443721102,400,100% bullish,of 1 rating,N/A
ARQL,$1.6193,1440443721149,"181,961",75% bullish,of 4 ratings,$5
ARRY,$5.285,1440443721182,"1,057,952",100% bullish,of 7 ratings,$10
DWAT,$9.7899,1440443721282,"4,713",100% bearish,of 1 rating,N/A
ARWR,$5.035,1440443721309,"1,112,798",75% bullish,of 4 ratings,$10.50
ARRS,$25.36,1440443721335,"677,089",50% bullish,of 2 ratings,$38
AROW,$27.1,1440443721492,"21,071",Not yet rated,NULL,N/A
ARWAW,$0.1051,1440443721523,"1,436",Not yet rated,NULL,N/A
ASBB,$23.75,1440443721626,900,Not yet rated,NULL,N/A
ARTW,$4.38,1440443721648,"4,159",75% bearish,of 4 ratings,N/A
ARTNA,$22.3772,1440443721684,"15,626",100% bearish,of 1 rating,$29
ASNA,$10.88,1440443721775,"1,939,099",50% bullish,of 2 ratings,$18
ASND,$17.935,1440443721834,"38,078",100% bullish,of 1 rating,$30
ASCMA,$27.03,1440443721979,"55,891",100% bearish,of 1 rating,$45
ASTI,$0.1078,1440443722038,"1,557,261",83% bullish,of 6 ratings,$3
ASMI,NULL,1440443722132,0,NULL,NULL,NULL
ASML,$85.75,1440443722186,"1,367,625",50% bullish,of 4 ratings,$127
APWC,$1.8001,1440443722212,"1,602",100% bearish,of 1 rating,N/A
AZPN,$37,1440443722265,"620,204",50% bullish,of 2 ratings,$42
ASFI,$8.92,1440443722296,"10,725",100% bullish,of 1 rating,N/A
ASMB,$12.39,1440443722399,"35,181",67% bullish,of 3 ratings,N/A
ATRO,$51.47,1440443722612,"83,643",100% bearish,of 2 ratings,$80
ALOT,$12.22,1440443722694,122,100% bearish,of 1 rating,N/A
ASTE,$35.54,1440443722723,"35,777",100% bearish,of 1 rating,$48
ASUR,$5.452,1440443722766,"4,670",100% bearish,of 2 ratings,$8
ASTC,$2.01,1440443722855,"53,462",100% bullish,of 5 ratings,N/A
ATHN,$127.565,1440443722917,"250,325",67% bearish,of 3 ratings,$153
ATAI,$2.38,1440443722995,"16,800",100% bearish,of 1 rating,N/A
AFCB,$28.75,1440443723083,300,Not yet rated,NULL,N/A
ATRA,$38.97,1440443723112,"128,968",50% bullish,of 2 ratings,$68
AAPC,$10.1,1440443723243,"1,713",Not yet rated,NULL,N/A
AAME,$3.5999,1440443723269,799,Not yet rated,NULL,N/A
ACFC,$5.895,1440443723296,"55,003",Not yet rated,NULL,$6.50
ATHX,$1.1321,1440443723325,"217,835",89% bullish,of 9 ratings,$5
ATNI,$71.7,1440443723500,"38,162",100% bearish,of 1 rating,$69.50
ATLC,$3.73,1440443723599,"17,220",67% bullish,of 3 ratings,N/A
AAWW,$39.7201,1440443723644,"302,085",50% bullish,of 2 ratings,$65
ATML,$6.58,1440443723772,"3,209,775",78% bullish,of 9 ratings,$9.50
AFH,$16.39,1440443723854,"22,704",Not yet rated,NULL,$21.50
ATOS,$0.78,1440443723884,"153,056",100% bullish,of 7 ratings,$7
ATRC,$24.6,1440443723984,"175,658",100% bullish,of 1 rating,$30
ATRM,$2.87,1440443724017,605,50% bullish,of 2 ratings,N/A
ATTU,$12.95,1440443724051,"106,394",100% bearish,of 1 rating,$20.50
ATRI,$374.42,1440443724076,"1,162",Not yet rated,NULL,N/A
AUBN,$26.32,1440443724148,"2,042",Not yet rated,NULL,N/A
LIFE,$13.68,1440443724248,"43,357",86% bullish,of 7 ratings,$43
AUDC,$3.06,1440443724278,"69,321",80% bullish,of 5 ratings,$5
AUPH,$3.07,1440443724379,"30,251",100% bearish,of 1 rating,$8
ADAT,$0.12,1440443724512,"12,109",100% bullish,of 2 ratings,N/A
ABTL,$16.88,1440443724596,"204,622",100% bullish,of 4 ratings,$20.25
EARS,$4.505,1440443724955,"58,832",100% bearish,of 2 ratings,$11.50
AVGO,$109.39,1440443724980,"2,906,816",88% bullish,of 8 ratings,$160
AVNW,$1.16,1440443725146,"90,434",50% bullish,of 2 ratings,$2.20
ADSK,$49.45,1440443725178,"2,084,835",83% bullish,of 6 ratings,$69.50
ADP,$75.99,1440443725279,"2,779,376",100% bearish,of 1 rating,$88
AVID,$7.73,1440443725304,"399,694",100% bearish,of 1 rating,$20
AAVL,$10.19,1440443725461,"358,901",100% bearish,of 1 rating,$20
AVEO,$1.2699,1440443725494,"1,045,860",75% bullish,of 8 ratings,$3
AVGR,$13.885,1440443725521,"29,121",100% bearish,of 1 rating,$20
AVNU,$12.2,1440443725547,"7,810",Not yet rated,NULL,$14
AWRE,$3.113,1440443725722,"12,766",67% bullish,of 3 ratings,N/A
ACLS,$3.1,1440443725747,"480,848",67% bullish,of 6 ratings,$4.75
AXPW,$1.13,1440443725779,"43,968",83% bullish,of 6 ratings,N/A
CAR,$40.76,1440443725823,"1,771,067",80% bullish,of 5 ratings,$60
AXPWW,NULL,1440443725963,0,Not yet rated,NULL,N/A
AXGN,$3.9,1440443726120,"25,452",Not yet rated,NULL,$5
RILY,$9.66,1440443726264,405,Not yet rated,NULL,N/A
AXTI,$2.16,1440443726300,"17,309",50% bullish,of 2 ratings,$2.75
BOSC,$2.3499,1440443726324,"7,266",50% bullish,of 2 ratings,N/A
BCOM,$17.29,1440443726354,"1,000",100% bearish,of 1 rating,N/A
BEAV,$46.29,1440443726376,"901,745",67% bearish,of 3 ratings,$59
BCPC,$56.94,1440443726411,"87,818",100% bearish,of 1 rating,$75
BIDU,$140.83,1440443726432,"5,422,591",81% bullish,of 88 ratings,$210
BWINA,NULL,1440443726577,0,Not yet rated,NULL,N/A
BLDP,$1.175,1440443726678,"601,604",91% bullish,of 22 ratings,$2.50
BWINB,$22.78,1440443726730,"13,453",Not yet rated,NULL,N/A
BANF,$58.98,1440443726808,"12,955",Not yet rated,NULL,$68
BANFP,$27.38,1440443726874,603,Not yet rated,NULL,N/A
BOCH,$5.67,1440443727027,"18,171",Not yet rated,NULL,$6.50
BKMU,$6.8,1440443727060,"61,800",Not yet rated,NULL,$8
BMRC,$47.9,1440443727082,"4,222",Not yet rated,NULL,$52
BKSC,$15.15,1440443727161,"4,353",Not yet rated,NULL,N/A
BOTJ,$10.9501,1440443727189,"2,263",Not yet rated,NULL,N/A
OZRK,$39.165,1440443727218,"397,038",67% bullish,of 3 ratings,$49.50
BWFG,$17.6101,1440443727381,872,100% bearish,of 1 rating,N/A
BFIN,$11.8,1440443727482,"21,535",Not yet rated,NULL,$13
BANR,$43.93,1440443727515,"34,827",100% bullish,of 3 ratings,$50
BZUN,$4.75,1440443727570,"581,091",50% bullish,of 2 ratings,$12.60
TAPR,$28.99,1440443727617,"3,334",100% bearish,of 1 rating,N/A
BHAC,NULL,1440443727641,0,Not yet rated,NULL,N/A
BHACR,NULL,1440443727867,0,Not yet rated,NULL,N/A
BHACU,NULL,1440443727949,0,Not yet rated,NULL,N/A
BHACW,NULL,1440443728050,0,Not yet rated,NULL,N/A
BSET,$27.6,1440443728075,"20,913",100% bearish,of 1 rating,$35
BYLK,$12.7,1440443728116,"7,066",Not yet rated,NULL,$14
BBSI,$33.22,1440443728148,"65,931",67% bearish,of 3 ratings,$62.50
BYBK,NULL,1440443728223,0,100% bearish,of 1 rating,N/A
BV,$4.98,1440443728375,"204,523",67% bullish,of 6 ratings,$9
BBCN,$14.09,1440443728507,"186,006",100% bearish,of 1 rating,$16
BCBP,$11.55,1440443728532,"10,099",Not yet rated,NULL,N/A
BDCV,$4.88,1440443728688,"7,044",100% bearish,of 1 rating,$10.19
BSF,$8.47,1440443728759,"14,592",Not yet rated,NULL,N/A
BBBY,$60.01,1440443728893,"1,694,273",71% bullish,of 7 ratings,$75
BECN,$34.385,1440443728919,"208,571",50% bullish,of 2 ratings,$40
BEBE,$1.76,1440443728999,"98,912",75% bullish,of 4 ratings,$3.075
BLPH,$4.91,1440443729099,"15,852",100% bearish,of 1 rating,$12.50
BBGI,$4.24,1440443729138,"1,190",100% bearish,of 1 rating,N/A
BLCM,$16.55,1440443729340,"167,767",50% bullish,of 4 ratings,$40
BELFA,$14.19,1440443729379,"1,210",100% bearish,of 1 rating,N/A
BELFB,$17.88,1440443729442,"12,969",100% bearish,of 1 rating,N/A
BNFT,$34.67,1440443729483,"47,002",67% bullish,of 3 ratings,$46
BNCL,$12.3,1440443729514,"241,079",100% bullish,of 3 ratings,$12.50
BNTC,$7.9001,1440443729535,"6,110",100% bullish,of 1 rating,N/A
BGMD,$0.7698,1440443729825,"172,948",100% bullish,of 10 ratings,N/A
BGCP,$8.36,1440443729854,"888,456",88% bullish,of 8 ratings,$14
BGFV,$10.34,1440443729959,"87,747",57% bullish,of 7 ratings,$12
BASI,$1.45,1440443729990,"5,770",Not yet rated,NULL,N/A
BIND,$4.175,1440443730025,"73,613",75% bullish,of 4 ratings,$13.50
BIOC,$1.953,1440443730125,"273,117",83% bullish,of 6 ratings,$3.85
BCDA,NULL,1440443730156,0,Not yet rated,NULL,N/A
ORPN,$5.037,1440443730177,"31,307",100% bullish,of 1 rating,$28.50
BIOD,$0.68,1440443730331,"102,222",80% bullish,of 5 ratings,$4
BCRX,$11.55,1440443730362,"293,214",63% bullish,of 8 ratings,$18
BIIB,$280.83,1440443730520,"2,281,564",88% bullish,of 16 ratings,$400
BIOL,$1.37,1440443730618,"73,497",Not yet rated,NULL,N/A
BDSI,$6.12,1440443730647,"537,096",88% bullish,of 8 ratings,$17
BMRN,$121.05,1440443730675,"825,454",80% bullish,of 5 ratings,$160
BLFS,$2.004,1440443730700,"55,768",100% bearish,of 1 rating,$4.75
BLRX,$1.2689,1440443730895,"298,105",100% bullish,of 12 ratings,$5
BPTH,$1.09,1440443731027,"169,741",100% bullish,of 2 ratings,$5
BVXVW,$0.72,1440443731056,"24,842",100% bearish,of 1 rating,N/A
BVXV,$3.41,1440443731077,"42,494",Not yet rated,NULL,N/A
BRLI,NULL,1440443731108,0,NULL,NULL,NULL
BIOS,$1.895,1440443731294,"709,306",71% bullish,of 7 ratings,$4
BBC,$29.04,1440443731324,"36,186",Not yet rated,NULL,N/A
BSTC,$47.33,1440443731350,"40,970",100% bearish,of 1 rating,$76
BBP,$30.35,1440443731396,"78,360",Not yet rated,NULL,N/A
BSPM,$0.63,1440443731531,"56,081",50% bullish,of 2 ratings,N/A
BOTA,$2.16,1440443731898,"57,340",88% bullish,of 8 ratings,N/A
BITI,$16.35,1440443731989,"16,420",100% bullish,of 1 rating,$28
TECH,$95.41,1440443732029,"96,307",100% bullish,of 1 rating,$117
BDMS,$12.693,1440443732059,100,100% bearish,of 1 rating,N/A
BEAT,$13.499,1440443732081,"336,550",67% bearish,of 3 ratings,$15
BJRI,$43.83,1440443732161,"162,461",50% bullish,of 2 ratings,$55
BBOX,$15.2,1440443732214,"32,838",100% bearish,of 1 rating,N/A
BDE,$7.15,1440443732254,"379,157",50% bullish,of 2 ratings,$9
BBRY,$7,1440443732457,"6,337,155",61% bullish,of 330 ratings,$9
HAWK,$39.995,1440443732484,"503,045",91% bullish,of 11 ratings,$49
BKCC,$8.8401,1440443732624,"766,322",100% bullish,of 2 ratings,$10
BLKB,$57.47,1440443732650,"83,081",100% bearish,of 2 ratings,$66
ADRD,$21.59,1440443732923,"23,781",100% bearish,of 1 rating,N/A
BLMN,$19.36,1440443732950,"775,196",83% bullish,of 6 ratings,$27.50
ADRU,$21.65,1440443732971,"12,288",100% bearish,of 1 rating,N/A
ADRE,$28.135,1440443733008,"58,311",100% bearish,of 1 rating,N/A
ADRA,$25.7988,1440443733033,"6,085",100% bearish,of 1 rating,N/A
BCOR,$13.255,1440443733103,"209,734",57% bullish,of 7 ratings,$15
BUFF,$26.4,1440443733164,"352,706",83% bullish,of 12 ratings,$31.50
BLBD,$11.35,1440443733247,"8,275",Not yet rated,NULL,N/A
NILE,$32.6,1440443733390,"75,485",50% bullish,of 2 ratings,$34
BHBK,$13.96,1440443733458,"59,892",100% bullish,of 1 rating,$14.50
BBLU,$0.777,1440443733544,"122,893",100% bullish,of 2 ratings,$4.43
BLUE,$120.06,1440443733569,"517,526",71% bullish,of 7 ratings,$217.50
BKEP,$6.0633,1440443733642,"72,502",100% bearish,of 1 rating,$8.50
BNCN,$20.4,1440443733715,"29,449",Not yet rated,NULL,$23
BPMC,$25.46,1440443733775,"149,417",50% bullish,of 2 ratings,$47.50
BKEPP,$7.6,1440443733800,"4,450",100% bearish,of 1 rating,N/A
BOFI,$119.5001,1440443733942,"280,477",100% bullish,of 6 ratings,$144
BOBE,$42.52,1440443734006,"91,190",75% bullish,of 4 ratings,$57
WIFI,$7.47,1440443734033,"273,087",50% bullish,of 2 ratings,$13.50
BOJA,$20.32,1440443734117,"283,676",100% bullish,of 1 rating,$30
BOKF,$59.16,1440443734220,"137,805",100% bearish,of 1 rating,$70.50
BONA,$11.01,1440443734245,"763,366",75% bullish,of 4 ratings,$8.50
BNSO,$1.275,1440443734270,"6,990",100% bearish,of 1 rating,N/A
BPFHP,$25,1440443734973,100,100% bearish,of 1 rating,N/A
BPFHW,NULL,1440443735000,0,100% bearish,of 1 rating,N/A
BPFH,$11.46,1440443735021,"267,728",100% bearish,of 1 rating,$14
EPAY,$25.11,1440443735054,"41,811",100% bearish,of 2 ratings,$30
BAMM,$3.187,1440443735076,"45,702",60% bullish,of 5 ratings,N/A
BBEP,$2.19,1440443735107,"1,283,661",69% bullish,of 13 ratings,$5.625
BBRG,$12.3169,1440443735150,"69,589",67% bullish,of 3 ratings,$14.50
BDBD,$8.28,1440443735239,"507,935",60% bullish,of 5 ratings,$10
BCLI,$2.7699,1440443735407,"198,789",80% bullish,of 5 ratings,$12
BLIN,$1.25,1440443735465,"8,057",50% bullish,of 2 ratings,$2.20
BDGE,$26.75,1440443735486,"13,543",Not yet rated,NULL,$31.75
BBEPP,$12.65,1440443735524,"50,736",100% bearish,of 1 rating,N/A
BCOV,$5.0401,1440443735557,"109,655",67% bullish,of 3 ratings,$10.20
BRID,NULL,1440443735590,0,100% bearish,of 1 rating,N/A
BSFT,$30.11,1440443735723,"75,937",57% bullish,of 7 ratings,$40.50
BRCM,$47.74,1440443735789,"3,092,697",75% bullish,of 12 ratings,$56
BRCD,$10.02,1440443736185,"3,275,716",92% bullish,of 13 ratings,$12
BRKR,$18.2,1440443736218,"252,160",100% bearish,of 2 ratings,$22
BWEN,$3.16,1440443736240,"22,886",100% bullish,of 3 ratings,$8
BYFC,$1.49,1440443736261,100,50% bullish,of 2 ratings,N/A
BVSN,$5.65,1440443736282,"4,912",60% bearish,of 5 ratings,N/A
BRKL,$10.32,1440443736320,"170,407",100% bearish,of 1 rating,$10.75
BMTC,$28.61,1440443736620,"36,481",Not yet rated,NULL,$34
BWLD,$186.92,1440443736649,"184,322",82% bullish,of 11 ratings,$205
BSQR,$5.81,1440443736677,"65,731",67% bullish,of 3 ratings,N/A
BRKS,$10.1624,1440443736714,"68,901",67% bullish,of 3 ratings,$15.25
BLMT,$20.52,1440443736778,"5,072",Not yet rated,NULL,N/A
BUR,$1.89,1440443736811,"12,656",100% bearish,of 1 rating,$8
BLDR,$14.15,1440443736838,"841,263",50% bullish,of 2 ratings,$22
CFFI,$34.63,1440443736992,"1,988",100% bearish,of 1 rating,N/A
CHRW,$65.025,1440443737123,"1,490,076",Not yet rated,NULL,$72
CA,$26.42,1440443737181,"3,008,941",50% bullish,of 4 ratings,$33
CACQ,$6.905,1440443737347,"28,626",100% bearish,of 1 rating,$12.25
CCMP,$42.52,1440443737379,"39,849",50% bullish,of 2 ratings,$59
CDZI,$7.43,1440443737409,"21,902",100% bearish,of 1 rating,N/A
CSTE,$43.93,1440443737437,"342,725",100% bearish,of 1 rating,$65
CDNS,$19.075,1440443737458,"1,025,107",75% bullish,of 4 ratings,$22.50
CZR,$8.735,1440443737491,"1,526,222",60% bearish,of 5 ratings,$10.50
PRSS,$4.32,1440443737669,"26,992",80% bullish,of 5 ratings,$4.50
CLBS,$1.255,1440443737799,"225,993",79% bullish,of 14 ratings,$4
CLMS,$10.69,1440443737829,"78,210",Not yet rated,NULL,$10.50
CHY,$10.87,1440443737851,"573,418",Not yet rated,NULL,N/A
CCD,$18.5846,1440443737935,"95,565",Not yet rated,NULL,N/A
CFGE,$10.2,1440443738037,"1,826",Not yet rated,NULL,N/A
CHI,$10.115,1440443738095,"482,984",100% bearish,of 1 rating,N/A
CHW,$7.09,1440443738228,"367,169",100% bearish,of 1 rating,N/A
CGO,$11.32,1440443738286,"44,412",100% bearish,of 1 rating,N/A
CSQ,$9.2201,1440443738318,"765,422",Not yet rated,NULL,N/A
CVGW,$54.63,1440443738343,"84,950",50% bullish,of 2 ratings,$58.50
CAMP,$15.1,1440443738364,"232,964",88% bullish,of 8 ratings,$25
CFNB,$13.45,1440443738422,141,100% bearish,of 1 rating,N/A
CALA,$4.71,1440443738656,"348,512",100% bullish,of 3 ratings,$19.50
CALM,$47.86,1440443738689,"425,480",80% bullish,of 5 ratings,$65
CALD,$14.985,1440443738715,"169,320",100% bearish,of 1 rating,$20.50
CLMT,$24.21,1440443738801,"613,193",75% bullish,of 8 ratings,$31
CAMBU,NULL,1440443738985,0,100% bearish,of 1 rating,N/A
CAMB,$10.0499,1440443739066,400,Not yet rated,NULL,N/A
ABCD,$4.773,1440443739093,"88,106",83% bullish,of 6 ratings,N/A
CAMBW,$0.1,1440443739131,"2,360",Not yet rated,NULL,N/A
CAMT,$2.64,1440443739223,"79,184",73% bullish,of 11 ratings,$4
CAC,$39.74,1440443739249,"5,125",Not yet rated,NULL,N/A
CSIQ,$16.3001,1440443739739,"2,405,127",86% bullish,of 28 ratings,$45
CBNJ,$10.55,1440443739894,"60,406",100% bullish,of 1 rating,N/A
CPHC,$10.24,1440443739919,"4,211",100% bearish,of 1 rating,N/A
CPLA,$47.29,1440443739967,"37,002",67% bearish,of 3 ratings,$65
CGIX,$9.19,1440443739994,"32,403",67% bullish,of 3 ratings,$14.375
CBF,$28.3948,1440443740015,"34,056",Not yet rated,NULL,$32
CSWC,$44.75,1440443740183,"32,500",Not yet rated,NULL,N/A
CPLP,$6.775,1440443740239,"576,401",71% bullish,of 7 ratings,$11
CCBG,$14.89,1440443740337,"7,371",Not yet rated,NULL,$17.25
CPTA,$13.5099,1440443740365,"147,010",100% bearish,of 1 rating,$18.50
CAPR,$4.05,1440443740501,"19,939",Not yet rated,NULL,$12
CFFN,$11.745,1440443740528,"513,794",Not yet rated,NULL,$12.75
CAPNW,$0.65,1440443740556,900,Not yet rated,NULL,N/A
CAPN,$1.743,1440443740582,"135,441",100% bullish,of 1 rating,$10.85
CPST,$0.3602,1440443740724,"678,410",95% bullish,of 22 ratings,$1.25
CARA,$19.025,1440443740770,"209,614",50% bullish,of 4 ratings,$25
CARB,$11.02,1440443740950,"65,907",75% bullish,of 4 ratings,$12
CBYL,$5.69,1440443740980,"44,053",100% bearish,of 1 rating,$20
CRDC,$0.3701,1440443741018,"107,367",100% bullish,of 1 rating,$1.25
CFNL,$21.54,1440443741083,"57,940",Not yet rated,NULL,$24
CRME,$9,1440443741238,"26,299",89% bullish,of 9 ratings,$11.25
CSII,$23.4,1440443741298,"105,289",100% bearish,of 2 ratings,$42.125
CATM,$33.61,1440443741477,"207,045",100% bearish,of 1 rating,$44
CDNA,$6.1201,1440443741505,"7,787",100% bearish,of 1 rating,$9
CECO,$3.54,1440443741757,"214,544",67% bearish,of 3 ratings,$6
CTRE,$11.45,1440443741785,"262,334",50% bullish,of 2 ratings,N/A
CKEC,$21.9,1440443741850,"136,626",50% bullish,of 2 ratings,$35.915
CLBH,$12.605,1440443741883,"1,056",Not yet rated,NULL,$16.50
CART,$5.4,1440443741933,760,100% bearish,of 1 rating,N/A
CARO,$15,1440443741982,"6,865",100% bearish,of 1 rating,$19
CRZO,$28.55,1440443742748,"750,676",67% bearish,of 3 ratings,$57
CRTN,$2.35,1440443742773,"2,750",100% bearish,of 1 rating,N/A
TAST,$11.255,1440443742846,"128,451",Not yet rated,NULL,$14.25
CASM,$1.1,1440443742873,"24,945",100% bullish,of 1 rating,$3.50
CARV,NULL,1440443742932,0,50% bullish,of 2 ratings,N/A
CWST,$6.14,1440443743034,"147,124",50% bullish,of 2 ratings,$7.25
CACB,$5.3,1440443743129,"47,173",Not yet rated,NULL,$5.50
CSCD,$14.82,1440443743206,"45,302",100% bullish,of 2 ratings,$17
CASI,$1.48,1440443743267,"17,229",100% bullish,of 1 rating,$3.50
CATB,$10.95,1440443743448,"19,835",100% bearish,of 1 rating,$28
CASY,$103.215,1440443743474,"184,114",50% bullish,of 2 ratings,$99.50
CASS,$45.48,1440443743618,"14,741",100% bearish,of 1 rating,N/A
CPRX,$3.2,1440443743710,"617,053",71% bullish,of 7 ratings,$7
CATYW,$8.92,1440443743743,700,100% bearish,of 1 rating,N/A
CATY,$28.3,1440443743771,"417,497",100% bearish,of 1 rating,$33.50
CAVM,$62.89,1440443743854,"319,398",67% bearish,of 3 ratings,$72
CVCO,$71.71,1440443743903,"26,547",100% bearish,of 1 rating,N/A
CNLM,NULL,1440443743998,0,Not yet rated,NULL,N/A
CBFV,$20.65,1440443744037,"1,000",Not yet rated,NULL,N/A
CNLMR,NULL,1440443744235,0,Not yet rated,NULL,N/A
CNLMU,$10.37,1440443744285,200,100% bullish,of 1 rating,N/A
CNLMW,NULL,1440443744309,0,Not yet rated,NULL,N/A
CBOE,$60.54,1440443744338,"453,802",Not yet rated,NULL,$60
CDK,$46.865,1440443744473,"898,815",67% bearish,of 3 ratings,$50
CECE,$9.31,1440443744503,"93,044",50% bullish,of 2 ratings,$16
CDW,$37.37,1440443744528,"647,302",75% bullish,of 4 ratings,$44
CLDN,$1.02,1440443744767,"142,470",71% bullish,of 7 ratings,$3
CELGZ,$1.75,1440443744794,"15,417",80% bullish,of 5 ratings,N/A
CELG,$113.67,1440443744815,"5,249,637",92% bullish,of 13 ratings,$155.50
CPXX,$2.03,1440443745036,"277,920",100% bullish,of 2 ratings,$7
CLDX,$12.885,1440443745295,"1,180,101",89% bullish,of 9 ratings,$36
CLRB,$3.13,1440443745324,"7,140",100% bearish,of 1 rating,N/A
CLRBW,NULL,1440443745426,0,Not yet rated,NULL,N/A
CBMG,$21.78,1440443745504,"69,176",50% bullish,of 2 ratings,N/A
CLSN,$1.8862,1440443745564,"122,420",80% bullish,of 10 ratings,$7.50
CYAD,$47.5597,1440443745591,"1,950",100% bullish,of 1 rating,$87.50
CLTX,$2.75,1440443745613,"934,978",100% bullish,of 2 ratings,N/A
CLLS,$27.73,1440443745644,"57,810",75% bullish,of 4 ratings,$51.50
CEMP,$33.1654,1440443745776,"462,304",71% bullish,of 7 ratings,$52
CSFL,$13.6,1440443746003,"147,162",Not yet rated,NULL,$15
CETX,$2.22,1440443746029,"8,632",Not yet rated,NULL,$5.60
CETV,$1.93,1440443746050,"87,231",67% bullish,of 3 ratings,$2.80
CFBK,$1.3787,1440443746081,"5,101",Not yet rated,NULL,N/A
CENT,$11.38,1440443746104,"186,744",Not yet rated,NULL,$10
CENTA,$12.31,1440443746130,"137,969",Not yet rated,NULL,N/A
CVCY,$11.132,1440443746292,300,Not yet rated,NULL,$12
CENX,$4.6299,1440443746579,"1,091,679",67% bullish,of 6 ratings,$9
CNTY,$6.0495,1440443746610,"17,533",80% bullish,of 5 ratings,$7.75
CNBKA,$38.9101,1440443746631,"2,320",50% bullish,of 2 ratings,N/A
CPHD,$47.085,1440443746663,"501,997",50% bullish,of 2 ratings,$66.50
CRNT,$1.29,1440443746795,"325,853",50% bullish,of 2 ratings,$2
CERN,$60.43,1440443746822,"1,774,062",67% bullish,of 3 ratings,$79
CERE,$1.0399,1440443746850,"286,423",88% bullish,of 8 ratings,N/A
KOOL,$0.66,1440443747348,"82,240",100% bullish,of 5 ratings,$7
CEVA,$17.71,1440443747406,"53,686",100% bearish,of 1 rating,$25
CERS,$4.49,1440443747432,"427,402",75% bullish,of 4 ratings,$7
CERU,$3.39,1440443747453,"56,077",75% bullish,of 4 ratings,$15
CYOU,$19.2,1440443747486,"230,813",50% bullish,of 6 ratings,$24
HOTRW,NULL,1440443747592,0,Not yet rated,NULL,N/A
GTLS,$21.82,1440443747628,"210,143",50% bullish,of 4 ratings,$40
HOTR,$1.415,1440443747657,"97,729",100% bullish,of 2 ratings,$5
CTHR,$1.3,1440443747827,"53,868",50% bullish,of 2 ratings,$2.50
CHEK,$3,1440443747953,"3,008",Not yet rated,NULL,$7.75
CHFN,$12.42,1440443748020,"11,793",Not yet rated,NULL,$14
CHTR,$172.57,1440443748046,"1,106,572",100% bearish,of 2 ratings,$196
CHEKW,$1.0687,1440443748175,500,Not yet rated,NULL,N/A
CHKP,$74.905,1440443748205,"1,133,344",50% bullish,of 4 ratings,$92
CEMI,$3.82,1440443748309,"23,074",50% bullish,of 2 ratings,$7.50
CHFC,$30.56,1440443748620,"26,099",100% bearish,of 1 rating,$36
CCXI,$6.53,1440443748763,"77,224",67% bullish,of 3 ratings,$14
CHMG,$26.59,1440443748842,560,Not yet rated,NULL,$30
CHEV,$14.3501,1440443748909,"7,487",Not yet rated,NULL,N/A
CHKE,$25.1,1440443748939,"23,180",100% bearish,of 1 rating,$32.50
CBNK,$16.515,1440443748967,"1,334",100% bearish,of 1 rating,N/A
CMRX,$45.215,1440443748993,"190,072",50% bullish,of 2 ratings,$57
CHMA,$23.765,1440443749014,"108,137",Not yet rated,NULL,$40
PLCE,$57.9,1440443749364,"323,056",100% bearish,of 1 rating,$71
CALI,$0.81,1440443749390,"10,400",67% bullish,of 3 ratings,N/A
CADC,$3.12,1440443749434,"5,520",78% bullish,of 9 ratings,N/A
CAAS,$5.87,1440443749590,"40,955",93% bullish,of 14 ratings,$11.50
CBAK,$1.59,1440443749623,"63,075",67% bullish,of 9 ratings,N/A
CBPO,$90.0492,1440443749650,"373,295",75% bullish,of 8 ratings,$140.50
CCCL,$0.7614,1440443749695,"10,154",100% bullish,of 6 ratings,N/A
CCCR,$0.8,1440443749985,"1,500",67% bearish,of 3 ratings,N/A
JRJC,$3.112,1440443750206,"329,583",82% bullish,of 11 ratings,N/A
CHLN,$1.7001,1440443750232,"8,033",67% bullish,of 3 ratings,N/A
CHOP,$1.27,1440443750258,"16,126",50% bullish,of 2 ratings,N/A
HTHT,$23.715,1440443750287,"63,357",50% bullish,of 2 ratings,$28.40
CHNR,$1.665,1440443750309,"7,883",100% bearish,of 1 rating,N/A
HGSH,$1.88,1440443750330,"14,770",67% bullish,of 3 ratings,N/A
CJJD,$1.7801,1440443750365,"46,990",100% bullish,of 1 rating,N/A
CNIT,$1.28,1440443750467,"204,665",67% bullish,of 6 ratings,N/A
CPGI,$6.9,1440443750900,"3,572",Not yet rated,NULL,N/A
CSUN,$1.3099,1440443750930,"43,194",80% bullish,of 5 ratings,N/A
CXDC,$6.05,1440443751037,"94,197",67% bullish,of 3 ratings,N/A
CNYD,$3.19,1440443751069,"10,594",67% bullish,of 3 ratings,N/A
CNTF,$0.7401,1440443751159,"213,769",Not yet rated,NULL,N/A
CREG,$0.69,1440443751185,"41,519",100% bullish,of 3 ratings,N/A
CCIH,$5.755,1440443751997,"361,248",67% bullish,of 6 ratings,$12.65
CNET,$0.76,1440443752183,"80,357",50% bullish,of 2 ratings,N/A
IMOS,$15.98,1440443752351,"149,208",60% bullish,of 5 ratings,$21.50
CHSCL,$26.61,1440443752409,"43,627",Not yet rated,NULL,N/A
CHSCM,$25.46,1440443752440,"57,325",Not yet rated,NULL,N/A
CHSCN,$26.2241,1440443752584,"10,084",Not yet rated,NULL,N/A
CHSCO,$27.76,1440443752613,"12,834",Not yet rated,NULL,N/A
CHDN,$129.535,1440443752668,"27,030",Not yet rated,NULL,$165
CHSCP,$30.01,1440443752695,"8,933",Not yet rated,NULL,N/A
CHUY,$30.235,1440443753047,"166,600",50% bullish,of 2 ratings,$34
CIDM,$0.6049,1440443753083,"72,137",50% bullish,of 2 ratings,$2.10
CIFC,$6.8,1440443753105,"4,034",100% bearish,of 1 rating,N/A
CDTX,$14.09,1440443753138,"17,715",Not yet rated,NULL,$22
CMPR,$67.2,1440443753159,"436,528",50% bullish,of 2 ratings,$72.50
CMCT,$15.35,1440443753180,"1,916",100% bearish,of 1 rating,N/A
CINF,$51.6,1440443753218,"534,454",50% bullish,of 4 ratings,$50.50
CRUS,$27.39,1440443753537,"907,519",75% bullish,of 12 ratings,$44.50
CPHR,$5.99,1440443753570,"15,545",100% bearish,of 1 rating,$17
CSCO,$25.115,1440443753671,"25,142,987",84% bullish,of 208 ratings,$32
CTAS,$81.7499,1440443753697,"323,594",100% bearish,of 1 rating,$91
CTRN,$26.61,1440443753727,"100,654",100% bearish,of 1 rating,$31.50
CZFC,NULL,1440443753832,0,Not yet rated,NULL,N/A
CZWI,$9,1440443753888,"11,000",Not yet rated,NULL,N/A
CZNC,$19.55,1440443753913,"7,228",Not yet rated,NULL,N/A
CIVB,$10.08,1440443754057,500,Not yet rated,NULL,$11
CHCO,$46.095,1440443754084,"21,641",Not yet rated,NULL,$46
CIZN,$19.01,1440443754112,"1,873",Not yet rated,NULL,N/A
CDTI,$1.49,1440443754144,"135,980",75% bullish,of 4 ratings,$3.20
CTXS,$66.99,1440443754222,"1,657,892",86% bullish,of 7 ratings,$80
CIVBP,$32.84,1440443754278,"1,300",Not yet rated,NULL,N/A
CLNE,$4.005,1440443754368,"1,003,748",80% bullish,of 15 ratings,$9
CLNT,$1.64,1440443754546,"4,616",75% bullish,of 8 ratings,N/A
CLRO,$11.543,1440443754786,"12,262",50% bullish,of 2 ratings,$14.25
CLFD,$16.88,1440443754812,"42,002",67% bullish,of 3 ratings,$18
CLIR,$4.62,1440443754833,"81,750",100% bullish,of 3 ratings,N/A
CSBK,$13.44,1440443754991,"55,990",Not yet rated,NULL,N/A
CMFN,$11.67,1440443755061,"31,810",100% bearish,of 1 rating,$15.50
CBLI,$3.46,1440443755123,"55,882",60% bullish,of 5 ratings,N/A
CLVS,$67.1901,1440443755149,"309,527",60% bullish,of 5 ratings,$101.50
CME,$88.53,1440443755349,"1,485,785",67% bullish,of 3 ratings,$102
CISG,$7,1440443755448,"180,533",100% bullish,of 5 ratings,$10
CCNE,$16.91,1440443755820,"14,953",50% bullish,of 2 ratings,$21.50
CNV,$4.415,1440443755988,"56,579",50% bullish,of 2 ratings,$7.15
CWAY,$11.21,1440443756186,"3,154",Not yet rated,NULL,N/A
COBZ,$12.67,1440443756211,"68,276",100% bullish,of 1 rating,$14
CDRB,$10.2,1440443756248,"23,145",67% bullish,of 3 ratings,N/A
COKE,$153.03,1440443756290,"47,675",79% bullish,of 19 ratings,N/A
CVLY,$20.55,1440443756438,"10,287",Not yet rated,NULL,N/A
CDXS,$3.695,1440443756471,"51,038",64% bullish,of 11 ratings,$6
CCOI,$27.72,1440443756492,"324,617",50% bullish,of 4 ratings,$35
JVA,$4.4786,1440443756570,"32,232",83% bullish,of 6 ratings,$7
CGNT,$1.52,1440443756628,"200,992",100% bullish,of 2 ratings,$2
CTSH,$60.04,1440443756654,"2,888,404",90% bullish,of 10 ratings,$75
CGNX,$34.65,1440443756708,"569,319",50% bullish,of 2 ratings,$47
COHR,$55.39,1440443756857,"56,695",50% bullish,of 2 ratings,$72
CHRS,$28.19,1440443757002,"82,282",67% bearish,of 3 ratings,$37
COHU,$9.6,1440443757027,"73,282",100% bearish,of 1 rating,$14.25
CLRX,$0.565,1440443757053,"266,633",50% bullish,of 2 ratings,N/A
COLL,$14.46,1440443757188,"64,823",100% bearish,of 1 rating,$26
CLCT,$17.6316,1440443757213,"43,269",100% bearish,of 1 rating,N/A
CBAN,$9.07,1440443757548,"2,904",Not yet rated,NULL,N/A
CIGI,$42.4,1440443757592,"8,133",100% bearish,of 1 rating,$52
CLCD,$6.91,1440443757798,"40,358",100% bearish,of 1 rating,$20.50
CMCO,$18.55,1440443757957,"49,265",60% bullish,of 5 ratings,$28
CMCSA,$54.42,1440443757995,"9,815,036",66% bullish,of 35 ratings,$69.50
CBMX,$1.11,1440443758025,"69,726",83% bullish,of 6 ratings,$3.15
COLB,$29.37,1440443758054,"208,598",Not yet rated,NULL,$36
CBSH,$43.62,1440443758084,"348,207",50% bullish,of 2 ratings,$46
COLM,$58.405,1440443758109,"107,421",100% bearish,of 1 rating,$71
CMCSK,$55.06,1440443758152,"3,107,816",Not yet rated,NULL,$84
CBSHP,$25.0399,1440443758482,"7,081",100% bearish,of 1 rating,N/A
CUBN,$13.55,1440443758558,"12,687",Not yet rated,NULL,N/A
CVGI,$4.57,1440443758687,"32,545",50% bullish,of 2 ratings,$6
COMM,$27.55,1440443758714,"1,052,246",67% bearish,of 3 ratings,$35
CSAL,$19.82,1440443758735,"529,242",75% bullish,of 4 ratings,$30
CYHHZ,$0.01,1440443758769,"230,689",100% bullish,of 1 rating,N/A
JCS,$8.56,1440443758791,"10,635",67% bullish,of 3 ratings,N/A
ESXB,$5.05,1440443758976,"11,150",Not yet rated,NULL,N/A
CTBI,$33.83,1440443759010,"39,262",Not yet rated,NULL,$36
CVLT,$35.27,1440443759137,"324,042",75% bullish,of 4 ratings,$44.50
CWBC,NULL,1440443759204,0,Not yet rated,NULL,N/A
CID,$33.1399,1440443759232,150,Not yet rated,NULL,N/A
COB,$10.2301,1440443759267,"3,192",100% bullish,of 1 rating,$11.75
CIZ,$32.3799,1440443759293,"5,549",100% bearish,of 1 rating,N/A
CIL,$33.0699,1440443759428,100,Not yet rated,NULL,N/A
CFA,$34.38,1440443759778,"4,156",100% bearish,of 1 rating,N/A
CFO,$34.3592,1440443759805,"36,870",100% bearish,of 1 rating,N/A
CSA,$32.33,1440443759835,"1,500",Not yet rated,NULL,N/A
CSF,$35.5601,1440443759874,"4,475",100% bearish,of 1 rating,N/A
CDC,$33.7499,1440443759934,"12,757",Not yet rated,NULL,N/A
CDL,NULL,1440443760081,0,Not yet rated,NULL,N/A
CGEN,$4.67,1440443760107,"251,415",50% bullish,of 2 ratings,$11
CSB,NULL,1440443760187,0,Not yet rated,NULL,N/A
CTG,$6.545,1440443760323,"28,085",100% bearish,of 1 rating,$8.50
CHCI,$0.5999,1440443760349,"14,000",50% bullish,of 2 ratings,N/A
SCOR,$53.6,1440443760406,"196,942",100% bearish,of 1 rating,$66
CPSI,$44.64,1440443760437,"57,890",100% bearish,of 1 rating,$45.50
CNSI,$18.255,1440443760508,"67,324",100% bearish,of 2 ratings,$29
CMTL,$26.51,1440443760533,"29,418",100% bearish,of 2 ratings,$37
CNAT,$3.705,1440443760563,"169,800",83% bullish,of 6 ratings,$13
CNCE,$14.84,1440443760702,"100,499",75% bullish,of 4 ratings,$22
CXRX,$68.52,1440443760759,"4,730",100% bearish,of 1 rating,$90
CCUR,$5.07,1440443760855,"32,593",75% bullish,of 4 ratings,N/A
CDORO,$16.2,1440443761015,"1,624",100% bearish,of 1 rating,N/A
CDOR,$1.27,1440443761089,"18,894",100% bullish,of 1 rating,N/A
CFMS,$19.7,1440443761284,"207,315",Not yet rated,NULL,$27
CDORP,$6.6,1440443761323,"1,443",100% bearish,of 1 rating,N/A
CNMD,$52.02,1440443761359,"278,147",Not yet rated,NULL,$59
CNFR,$10.24,1440443761389,"11,254",Not yet rated,NULL,N/A
CTWS,$34.895,1440443761457,"12,523",100% bearish,of 1 rating,$44
CNOB,$18.94,1440443761486,"45,478",100% bullish,of 1 rating,$23.50
CONN,$29.53,1440443761616,"421,180",67% bullish,of 3 ratings,$48.50
CNXR,$6.68,1440443761649,"50,193",100% bearish,of 1 rating,$12
CWCO,$10.27,1440443761754,"79,592",67% bullish,of 3 ratings,$14.50
CNSL,$19.24,1440443761790,"170,870",100% bearish,of 1 rating,$23
CPSS,$5.64,1440443761856,"48,865",100% bullish,of 1 rating,$10
CTCT,$23.77,1440443761885,"193,938",67% bullish,of 3 ratings,$37
CFRX,$5.025,1440443762077,"36,253",Not yet rated,NULL,$14
CFRXW,$1.7,1440443762170,"3,109",100% bearish,of 1 rating,N/A
CFRXZ,$0.54,1440443762300,"9,500",Not yet rated,NULL,N/A
CPRT,$33.6,1440443762352,"159,680",67% bearish,of 3 ratings,$40
CTRV,$3.85,1440443762380,"24,153",Not yet rated,NULL,$6.40
CTRL,$7.73,1440443762401,"105,202",50% bullish,of 2 ratings,$11
BVA,$3.5127,1440443762530,100,50% bullish,of 2 ratings,N/A
CORE,$59.45,1440443762562,"77,318",100% bearish,of 1 rating,$72
CORT,$4.48,1440443762594,"214,947",67% bullish,of 3 ratings,$12
CRBP,$1.9363,1440443762664,"483,904",100% bullish,of 2 ratings,$6.25
CORI,$9.71,1440443762760,"47,503",100% bearish,of 1 rating,$18
CRVL,$31.12,1440443762799,"26,780",100% bearish,of 1 rating,N/A
CSOD,$35.02,1440443762889,"415,379",50% bullish,of 2 ratings,$42
COSI,$1.07,1440443762995,"70,930",100% bullish,of 1 rating,N/A
COST,$132.86,1440443763179,"2,147,937",79% bullish,of 24 ratings,$154.50
CPAH,$0.4899,1440443763209,"9,000",50% bullish,of 2 ratings,N/A
CSGP,$173.01,1440443763230,"178,436",50% bullish,of 2 ratings,$235
ICBK,$18,1440443763259,"1,100",Not yet rated,NULL,$21
COWN,$5.12,1440443763403,"688,929",75% bullish,of 4 ratings,$7
COVS,$2.57,1440443763429,"167,150",67% bullish,of 3 ratings,N/A
CVTI,$21.84,1440443763458,"90,384",67% bearish,of 3 ratings,$39
COWNL,$27.15,1440443763593,"4,148",Not yet rated,NULL,N/A
CPSH,$2.15,1440443763788,"1,070",Not yet rated,NULL,N/A
CRAI,$21.895,1440443763824,"20,106",100% bearish,of 1 rating,$36
BREW,$7.23,1440443763850,"47,996",67% bullish,of 6 ratings,$15
CRAY,$19.73,1440443763923,"199,128",83% bullish,of 6 ratings,$38.50
CBRL,$138.24,1440443763956,"195,794",50% bullish,of 2 ratings,$155
GLDI,$11.0601,1440443764057,"26,052",100% bearish,of 1 rating,N/A
CACC,$191.01,1440443764082,"98,901",50% bullish,of 2 ratings,$158.50
SLVO,$10.1005,1440443764112,"30,577",100% bearish,of 1 rating,N/A
CREE,$26.48,1440443764218,"1,230,549",65% bullish,of 17 ratings,$29.50
CRESY,$9.46,1440443764286,"56,795",100% bearish,of 1 rating,$19
CRTO,$42.04,1440443764458,"436,201",67% bullish,of 6 ratings,$64
CROX,$13.42,1440443764490,"1,070,844",63% bullish,of 8 ratings,$16.50
CCRN,$13.8,1440443764594,"133,303",100% bearish,of 1 rating,$14.25
CRWS,$7.9478,1440443764633,"7,283",Not yet rated,NULL,$10
CRWN,$4.47,1440443764692,"76,355",75% bullish,of 4 ratings,N/A
CRDS,$1.01,1440443764718,"25,731",50% bullish,of 4 ratings,$4.50
CYRX,$2.75,1440443764796,"24,850",Not yet rated,NULL,$9
CYRXW,$0.81,1440443765003,"11,500",Not yet rated,NULL,N/A
CSGS,$30.41,1440443765028,"110,126",Not yet rated,NULL,$40
CSPI,$5.8899,1440443765064,"11,050",67% bullish,of 3 ratings,N/A
CCLP,$12.85,1440443765093,"116,479",67% bearish,of 3 ratings,$21
CTIC,$1.62,1440443765200,"798,489",84% bullish,of 76 ratings,$5.75
CTCM,$1.7299,1440443765249,"155,988",80% bearish,of 5 ratings,$3.90
CTIB,$3.56,1440443765305,"4,575",100% bearish,of 1 rating,N/A
CTRP,$60.06,1440443765494,"1,851,786",75% bullish,of 8 ratings,$92
CUNB,$21.3,1440443765597,"5,307",Not yet rated,NULL,$24.50
CUI,$4.795,1440443765624,"36,363",50% bullish,of 2 ratings,$10
CPIX,$5.87,1440443765696,"4,409",Not yet rated,NULL,N/A
CRIS,$2.36,1440443766023,"322,764",100% bullish,of 8 ratings,$6
CMLS,$1.26,1440443766052,"411,250",50% bullish,of 4 ratings,$6
CUTR,$13.52,1440443766099,"277,149",67% bearish,of 3 ratings,$18
CYAN,$6.8725,1440443766191,"2,504",100% bearish,of 1 rating,N/A
CYBR,$48.73,1440443766212,"2,008,161",86% bullish,of 7 ratings,$66
CVBF,$15.74,1440443766247,"205,958",Not yet rated,NULL,$18
CVV,$11.065,1440443766268,"25,591",100% bullish,of 5 ratings,N/A
CYBX,$65.13,1440443766297,"222,795",50% bullish,of 4 ratings,$71.50
CYBE,$5.9,1440443766488,"13,651",100% bearish,of 1 rating,N/A
CYCC,$0.5268,1440443766629,"58,739",73% bullish,of 11 ratings,N/A
CYCCP,NULL,1440443766654,0,100% bearish,of 1 rating,N/A
CBAY,$2.55,1440443766690,"48,773",100% bullish,of 1 rating,$4
CYNA,$15.86,1440443766787,"45,964",100% bullish,of 1 rating,$31.50
CYNO,$31.0699,1440443766813,"115,885",67% bearish,of 3 ratings,$45.50
CY,$9.235,1440443766965,"5,414,601",80% bullish,of 10 ratings,$15.50
CYRN,$1.6,1440443767052,"112,428",67% bullish,of 3 ratings,$4
CYTK,$6.37,1440443767099,"170,923",71% bullish,of 14 ratings,$13.50
CYTX,$0.35,1440443767126,"970,744",83% bullish,of 12 ratings,$5.50
CONE,$31.43,1440443767206,"195,401",67% bearish,of 3 ratings,$35
CYTR,$2.06,1440443767253,"575,803",67% bullish,of 6 ratings,$10
CTSO,$6.3999,1440443767279,"140,592",Not yet rated,NULL,$15.625
DAEG,$0.27,1440443767436,"6,148",100% bearish,of 1 rating,N/A
TVIZ,$18.8142,1440443767462,"19,700",100% bearish,of 1 rating,N/A
TVIX,$13.211,1440443767615,"23,061,014",81% bullish,of 16 ratings,N/A
ZIV,$41.27,1440443767750,"229,513",Not yet rated,NULL,N/A
XIV,$28.62,1440443767782,"30,422,850",75% bearish,of 4 ratings,N/A
DAKT,$11.2,1440443767809,"130,457",50% bullish,of 2 ratings,$14
DJCO,$200.05,1440443767830,933,Not yet rated,NULL,N/A
DAIO,$2.664,1440443767879,"18,249",Not yet rated,NULL,N/A
DARA,$0.88,1440443768023,"80,061",83% bullish,of 6 ratings,$1.50
PLAY,$32.61,1440443768588,"89,004",100% bullish,of 5 ratings,$42
DTLK,$5.39,1440443768659,"45,720",100% bearish,of 1 rating,$9
DWCH,$4.76,1440443768818,"62,320",75% bullish,of 4 ratings,$8.25
DTEA,$12.885,1440443768847,"125,929",100% bearish,of 2 ratings,$24
DRAM,$1.3101,1440443768869,"6,831",78% bullish,of 9 ratings,N/A
DWSN,$4.1501,1440443768892,"44,169",67% bullish,of 3 ratings,$6
DBVT,$36.875,1440443768925,"86,833",100% bearish,of 1 rating,$53
TRAK,$62.77,1440443769332,"364,154",50% bullish,of 2 ratings,$62.50
DFRG,$14.26,1440443769357,"110,884",100% bearish,of 1 rating,$20
DHRM,$1.5701,1440443769486,"9,700",Not yet rated,NULL,N/A
TACO,$12.46,1440443769511,"167,317",75% bullish,of 4 ratings,$20
TACOW,$3.4201,1440443769581,"26,313",100% bullish,of 1 rating,N/A
DELTW,NULL,1440443769750,0,Not yet rated,NULL,N/A
DCTH,$0.4253,1440443769805,"101,530",78% bullish,of 9 ratings,N/A
DELT,$2.6,1440443769832,"1,385",Not yet rated,NULL,N/A
DGAS,$20.14,1440443769853,"5,140",67% bearish,of 3 ratings,N/A
DENN,$11.155,1440443769886,"457,164",100% bullish,of 3 ratings,$15
DEPO,$27.7,1440443770030,"849,611",60% bullish,of 5 ratings,$29
DSCI,$5.9101,1440443770062,"73,002",50% bullish,of 2 ratings,$16
XRAY,$51.39,1440443770087,"404,883",100% bullish,of 1 rating,$58
DERM,$23.05,1440443770290,"108,245",100% bearish,of 1 rating,$33.50
DEST,$11.31,1440443770389,"25,496",50% bullish,of 2 ratings,N/A
DXLG,$4.45,1440443770483,"66,029",100% bearish,of 1 rating,$8
DSWL,$1.79,1440443770614,"21,640",100% bullish,of 1 rating,N/A
DXCM,$85.27,1440443770675,"879,983",57% bullish,of 7 ratings,$98
DXM,$0.2959,1440443770700,"136,786",50% bullish,of 2 ratings,N/A
DHXM,NULL,1440443770855,0,Not yet rated,NULL,N/A
FANG,$61.63,1440443771046,"820,257",50% bullish,of 2 ratings,$86
DCIX,$1.6458,1440443771080,"58,441",50% bullish,of 4 ratings,$3.50
DMND,$29.28,1440443771115,"112,052",75% bullish,of 12 ratings,$32
DRNA,$10.65,1440443771137,"85,791",67% bearish,of 3 ratings,$25
DGII,$9.572,1440443771169,"32,254",100% bearish,of 1 rating,$10
DHIL,$188.5,1440443771210,"1,479",Not yet rated,NULL,N/A
DGLY,$6.365,1440443771630,"237,306",50% bullish,of 6 ratings,$20
DMRC,$35.73,1440443771655,"81,972",100% bearish,of 1 rating,$44
DRAD,$3.7892,1440443771687,"45,234",100% bullish,of 1 rating,$5.25
DISCA,$26.055,1440443771861,"1,953,879",67% bullish,of 3 ratings,$34
APPS,$2.29,1440443771887,"92,916",100% bearish,of 1 rating,$10.25
DPRX,$12.37,1440443771909,"15,455",100% bullish,of 2 ratings,$27.75
DIOD,$18.855,1440443771961,"140,372",75% bearish,of 4 ratings,$24
DCOM,$16.19,1440443772117,"50,962",100% bearish,of 2 ratings,$16.50
DSCO,$0.3902,1440443772146,"192,428",83% bullish,of 6 ratings,$2.75
DISCB,$26.08,1440443772181,298,100% bearish,of 1 rating,$35
DISCK,$24.96,1440443772203,"2,689,947",100% bearish,of 1 rating,$32
DVCR,$10.1,1440443772282,"16,415",100% bullish,of 1 rating,N/A
DISH,$58.24,1440443772334,"1,361,018",69% bullish,of 13 ratings,$73
BAGR,$2.75,1440443772360,"24,362",100% bearish,of 1 rating,$6
DLHC,$2.3599,1440443772438,"11,831",100% bearish,of 1 rating,N/A
DGICA,$14.295,1440443772791,"10,520",100% bearish,of 1 rating,$17
DGICB,NULL,1440443772818,0,100% bearish,of 1 rating,N/A
DLTR,$73.8,1440443772840,"1,464,799",82% bullish,of 11 ratings,$88
DORM,$48.92,1440443772881,"196,904",100% bearish,of 1 rating,$56
DMLP,$12.95,1440443772969,"72,167",100% bearish,of 1 rating,N/A
HILL,$9.655,1440443772996,"3,033,442",60% bearish,of 5 ratings,$9.75
DRWI,$0.2431,1440443773018,"131,025",60% bullish,of 5 ratings,$.45
DNBF,$26.45,1440443773148,"13,530",Not yet rated,NULL,$27.50
DRWIW,NULL,1440443773297,0,Not yet rated,NULL,N/A
DRYS,$0.33,1440443773324,"3,874,276",77% bullish,of 31 ratings,$.60
DSKX,$3.031,1440443773345,"139,092",100% bullish,of 1 rating,N/A
DWA,$18.95,1440443773379,"644,145",63% bullish,of 8 ratings,$26
DSPG,$8.3,1440443773661,"30,509",100% bearish,of 1 rating,$13.50
CADT,$10.02,1440443773686,300,Not yet rated,NULL,N/A
CADTR,$0.2,1440443773720,"24,465",Not yet rated,NULL,N/A
DNKN,$49.24,1440443773758,"1,798,191",67% bullish,of 15 ratings,$56.50
CADTW,NULL,1440443773854,0,Not yet rated,NULL,N/A
CADTU,NULL,1440443773883,0,Not yet rated,NULL,N/A
DTSI,$25.07,1440443774191,"43,308",100% bearish,of 2 ratings,$39.50
DXPE,$27.77,1440443774436,"81,358",50% bullish,of 2 ratings,N/A
BOOM,$9.625,1440443774468,"39,035",67% bullish,of 3 ratings,$12
DYAX,$21.41,1440443774499,"467,757",89% bullish,of 9 ratings,$30
DRRX,$1.89,1440443774521,"161,050",50% bullish,of 6 ratings,$3
DVAX,$25.7,1440443774553,"186,063",70% bullish,of 10 ratings,$40
DYSL,$1.46,1440443774578,"25,629",100% bullish,of 2 ratings,N/A
DYNT,$2.85,1440443774606,"11,228",75% bullish,of 4 ratings,N/A
EBMT,$11.34,1440443774880,"40,325",Not yet rated,NULL,$13.50
ETFC,$24.1149,1440443774929,"2,457,835",57% bullish,of 14 ratings,$33
EGRX,$65.41,1440443774972,"253,724",67% bullish,of 3 ratings,$97
EGBN,$41.02,1440443775019,"81,729",Not yet rated,NULL,$48
EGLE,$5.905,1440443775044,"9,261",60% bullish,of 5 ratings,N/A
EACQU,$10.1999,1440443775272,956,Not yet rated,NULL,N/A
EROC,$1.11,1440443775299,"421,032",50% bullish,of 2 ratings,$3
ELNK,$7.89,1440443775320,"395,899",60% bullish,of 5 ratings,$9.50
EWBC,$38.63,1440443775455,"1,408,226",100% bearish,of 1 rating,$50
EML,$16.62,1440443775487,"29,935",Not yet rated,NULL,N/A
EBIX,$26.105,1440443775516,"622,933",69% bullish,of 13 ratings,$40
EVBS,$6.42,1440443775537,"5,295",Not yet rated,NULL,$7
EBAY,$24.87,1440443775593,"8,752,707",81% bullish,of 117 ratings,$48
ECHO,$23.915,1440443775775,"359,505",67% bearish,of 3 ratings,$35.50
ECTE,$1.421,1440443775842,"20,594",75% bullish,of 4 ratings,N/A
SATS,$41.67,1440443775943,"97,023",50% bullish,of 2 ratings,$60
ELON,$0.5392,1440443775968,"61,572",50% bullish,of 2 ratings,N/A
ECACU,$10.048,1440443776050,"22,600",Not yet rated,NULL,N/A
EEI,$10.7801,1440443776183,"1,831",67% bearish,of 3 ratings,N/A
EDAP,$3.03,1440443776424,"50,341",60% bullish,of 5 ratings,$4.50
EDGW,$6.73,1440443776615,"102,784",100% bearish,of 1 rating,N/A
ESES,$3.06,1440443776652,"4,949",100% bearish,of 1 rating,$7
EDUC,$4.7575,1440443776677,"2,270",100% bearish,of 1 rating,N/A
EFUT,$4.01,1440443777056,"5,046",Not yet rated,NULL,N/A
EGAN,$3.28,1440443777118,"12,944",50% bullish,of 2 ratings,$6.25
LOCO,$11.37,1440443777371,"1,050,494",69% bullish,of 13 ratings,$20
EGLT,$10.36,1440443777432,"46,916",50% bullish,of 2 ratings,$21
EMITF,$1.21,1440443777532,"40,644",75% bullish,of 4 ratings,N/A
EHTH,$13.295,1440443777558,"91,577",50% bullish,of 4 ratings,$16.50
ESLT,$74.27,1440443777583,"19,918",67% bullish,of 3 ratings,N/A
ESIO,$4.4,1440443777730,"52,309",50% bullish,of 2 ratings,$10
ERI,$9.06,1440443777771,"45,246",100% bearish,of 1 rating,$10
ELRC,$10.29,1440443777903,"23,596",100% bearish,of 1 rating,N/A
EA,$63.46,1440443777930,"2,873,398",77% bullish,of 35 ratings,$80
EFII,$42.26,1440443777958,"217,813",80% bullish,of 5 ratings,$55
ELECU,NULL,1440443778088,0,Not yet rated,NULL,N/A
ELEC,NULL,1440443778115,0,Not yet rated,NULL,N/A
ELSE,$3.63,1440443778144,400,60% bullish,of 5 ratings,N/A
ELECW,NULL,1440443778171,0,Not yet rated,NULL,N/A
EBIO,$3.245,1440443778367,"227,738",100% bearish,of 2 ratings,$8.35
RDEN,$10.08,1440443778542,"74,806",100% bearish,of 4 ratings,$15
ESBK,NULL,1440443778568,0,Not yet rated,NULL,N/A
CAPX,$22.0099,1440443778589,"2,600",Not yet rated,NULL,N/A
ELTK,$1.0699,1440443778619,"9,291",67% bearish,of 3 ratings,N/A
EMCI,$22,1440443778751,"14,085",Not yet rated,NULL,N/A
EMCF,NULL,1440443778777,0,100% bearish,of 1 rating,N/A
LONG,$16.89,1440443778806,"56,290",67% bullish,of 3 ratings,$15.75
EMKR,$6.92,1440443778907,"85,005",75% bullish,of 4 ratings,$8.50
EMMS,$1.0996,1440443779156,"165,308",67% bullish,of 6 ratings,N/A
EMMSP,NULL,1440443779189,0,100% bearish,of 1 rating,N/A
NYNY,$4.08,1440443779259,"71,512",50% bullish,of 2 ratings,N/A
ERS,$2.8197,1440443779285,"4,002",Not yet rated,NULL,N/A
ENTA,$38.435,1440443779423,"159,796",50% bullish,of 2 ratings,$42
ECPG,$38.32,1440443779448,"90,334",100% bullish,of 2 ratings,$52
WIRE,$31.9,1440443779737,"102,501",100% bearish,of 1 rating,$37
ECYT,$5,1440443779770,"201,407",83% bullish,of 6 ratings,$12
ENDP,$73.25,1440443779791,"1,684,735",50% bullish,of 6 ratings,$104
ELGX,$12.55,1440443779828,"399,464",75% bullish,of 4 ratings,$17
EFOI,$15.81,1440443779868,"329,438",50% bullish,of 2 ratings,$20.50
EIGI,$14.7,1440443779926,"435,143",67% bearish,of 3 ratings,$22.50
WATT,$6.1501,1440443779952,"192,921",50% bullish,of 2 ratings,$13
EXXI,$1.2895,1440443780080,"1,876,193",86% bullish,of 7 ratings,$3.50
ENOC,$8.37,1440443780176,"230,746",75% bullish,of 4 ratings,$18
ENG,$1,1440443780206,"35,150",100% bullish,of 3 ratings,N/A
ERII,$2.9,1440443780255,"85,239",80% bullish,of 5 ratings,$2.50
ENPH,$4.83,1440443780384,"948,235",75% bullish,of 4 ratings,$11
ESGR,$147.549,1440443780409,"21,915",100% bearish,of 1 rating,$185
ENFC,$18.19,1440443780436,"5,525",Not yet rated,NULL,N/A
ENTL,$20.84,1440443780663,"11,864",Not yet rated,NULL,$28
ENTG,$13.23,1440443780690,"418,330",100% bearish,of 1 rating,$18
EBTC,$20.535,1440443780748,"4,493",Not yet rated,NULL,N/A
ETRM,$0.2301,1440443780776,"817,600",69% bearish,of 35 ratings,$1.625
EFSC,$23.57,1440443780825,"27,324",Not yet rated,NULL,$27
EGT,$2.04,1440443781080,405,100% bullish,of 1 rating,N/A
ENVI,$1.73,1440443781112,"28,478",67% bullish,of 3 ratings,N/A
ENZN,$0.9527,1440443781212,"964,970",100% bullish,of 9 ratings,N/A
EPIQ,$13.32,1440443781243,"63,114",100% bearish,of 1 rating,$18
ENZY,$9.16,1440443781349,"13,017",67% bullish,of 3 ratings,$9.50
EPZM,$17.75,1440443781375,"453,586",60% bullish,of 5 ratings,$34
EPRS,$4.775,1440443781452,"68,645",82% bullish,of 11 ratings,$15
PLUS,$75.34,1440443781523,"53,710",50% bullish,of 2 ratings,$88
EQIX,$255.245,1440443781681,"425,565",75% bullish,of 4 ratings,$312.50
EQFN,NULL,1440443781708,0,100% bearish,of 1 rating,N/A
ERIE,$81.7,1440443781787,"15,243",Not yet rated,NULL,$73
EAC,$3.47,1440443781853,"29,218",100% bearish,of 1 rating,$8
ERIC,$9.49,1440443781989,"2,360,898",63% bullish,of 8 ratings,$12.20
ESCR,$0.1599,1440443782010,"12,617",50% bullish,of 2 ratings,N/A
ESCA,$17.76,1440443782042,"16,455",100% bearish,of 1 rating,$22
ESCRP,$1.54,1440443782090,"4,079",100% bearish,of 1 rating,N/A
ESPR,$51.85,1440443782190,"726,575",70% bearish,of 10 ratings,$123
ESMC,NULL,1440443782280,0,Not yet rated,NULL,N/A
ESSA,$12.58,1440443782448,"14,264",100% bearish,of 1 rating,N/A
EPIX,$5.94,1440443782477,600,Not yet rated,NULL,N/A
ESSX,$0.4702,1440443782522,"18,991",50% bullish,of 2 ratings,N/A
ETSY,$12.99,1440443782548,"530,763",80% bullish,of 5 ratings,$16
ESND,$34.03,1440443782576,"84,082",100% bearish,of 2 ratings,$40
EEFT,$62.57,1440443782773,"169,779",100% bearish,of 1 rating,$67.50
ESEA,$5.77,1440443782879,"3,142",100% bullish,of 1 rating,$15
CLWT,$2.3799,1440443782909,"15,107",100% bearish,of 1 rating,N/A
EVK,$3.9,1440443783061,"9,600",75% bearish,of 4 ratings,N/A
EVEP,$6.961,1440443783093,"329,771",50% bullish,of 2 ratings,$15
EVOK,$3.69,1440443783114,"80,010",100% bearish,of 1 rating,$13.375
EVLV,$2.07,1440443783143,"114,981",60% bullish,of 5 ratings,$6.50
EVOL,$5.83,1440443783197,"9,932",75% bullish,of 4 ratings,$10
EXA,$10.61,1440443783374,"21,324",100% bearish,of 1 rating,$13
EXAS,$19.7599,1440443783401,"1,017,096",78% bullish,of 9 ratings,$31
EXEL,$5.16,1440443783536,"3,986,478",81% bullish,of 16 ratings,$6
EXAC,$17.845,1440443783565,"19,247",100% bearish,of 1 rating,$22.50
EXPE,$108.74,1440443783670,"1,529,095",64% bullish,of 11 ratings,$130
EXFO,$2.466,1440443783695,"52,620",67% bearish,of 3 ratings,$3.95
EXLS,$35.723,1440443783854,"126,020",100% bullish,of 1 rating,$41
EXPD,$46.78,1440443783910,"1,020,662",80% bullish,of 5 ratings,$51.50
ESRX,$81.615,1440443784187,"4,034,334",67% bearish,of 6 ratings,$101
EXPO,$41.23,1440443784212,"32,299",100% bearish,of 1 rating,$45.50
EXLP,$17.635,1440443784237,"240,251",100% bearish,of 1 rating,$27
EYEG,$3.86,1440443784402,"13,293",Not yet rated,NULL,N/A
EXTR,$2.715,1440443784439,"457,801",80% bullish,of 5 ratings,$3
EYEGW,NULL,1440443784463,0,Not yet rated,NULL,N/A
EZCH,$20.636,1440443784503,"132,443",75% bullish,of 8 ratings,$19.50
EZPW,$6.09,1440443784643,"180,922",50% bullish,of 4 ratings,$7.50
FB,$81.93,1440443784680,"42,733,124",73% bullish,of 1066 ratings,$111
FFIV,$117.29,1440443784775,"702,806",63% bullish,of 8 ratings,$132
FRP,$16.12,1440443784881,"33,411",100% bearish,of 1 rating,$18
FCS,$12.83,1440443784950,"516,672",67% bearish,of 3 ratings,$17
FWM,$2.26,1440443785091,"205,669",100% bearish,of 2 ratings,$3.20
FALC,$1.534,1440443785121,"25,677",63% bearish,of 8 ratings,N/A
DAVE,$14.13,1440443785147,"33,722",100% bearish,of 1 rating,$15.50
FARM,$21.92,1440443785279,"24,093",100% bearish,of 1 rating,$35
FFKT,$26.2,1440443785411,"4,324",Not yet rated,NULL,$29
FMNB,$8.01,1440443785443,"10,266",Not yet rated,NULL,N/A
FARO,$37.41,1440443785547,"97,074",50% bullish,of 2 ratings,$48
FATE,$5.99,1440443785574,"86,165",50% bullish,of 2 ratings,$11
FAST,$37.33,1440443785610,"2,862,880",80% bullish,of 5 ratings,$46
FBSS,$15.3467,1440443785645,300,Not yet rated,NULL,N/A
FBRC,$21.85,1440443785670,"21,426",100% bearish,of 1 rating,$29
FDML,$8.6299,1440443785744,"143,353",50% bullish,of 4 ratings,$14
FNHC,$21.19,1440443785904,"36,929",100% bearish,of 1 rating,$35
FENX,$9.59,1440443785950,"36,460",100% bullish,of 1 rating,$14.25
FEIC,$74.3,1440443785979,"178,990",50% bullish,of 2 ratings,$95.50
FHCO,$1.43,1440443786083,"186,643",50% bullish,of 4 ratings,N/A
FCSC,$5.255,1440443786240,"173,929",100% bearish,of 1 rating,$8.125
ONEQ,$178.875,1440443786379,"115,644",100% bullish,of 1 rating,N/A
FGEN,$22.0799,1440443786404,"338,588",100% bearish,of 1 rating,$39
FRGI,$50.472,1440443786749,"126,777",50% bullish,of 2 ratings,$70
FSAM,$8.44,1440443786829,"21,702",100% bearish,of 1 rating,$11
LION,$18.305,1440443786888,"88,066",100% bullish,of 1 rating,$20
FDUS,$13.75,1440443786934,"143,828",50% bullish,of 2 ratings,$18
FSC,$6.1879,1440443787031,"892,060",75% bullish,of 4 ratings,$8
FSCFL,$23.8,1440443787056,804,Not yet rated,NULL,N/A
FSFR,$8.61,1440443787085,"189,552",100% bearish,of 1 rating,$11.50
FITB,$18.7,1440443787110,"4,988,784",54% bullish,of 13 ratings,$22
FNSR,$14.805,1440443787457,"702,953",71% bullish,of 7 ratings,$24.50
FITBI,$26.78,1440443787520,"23,796",Not yet rated,NULL,N/A
FNJN,$1.58,1440443787554,"46,053",100% bearish,of 1 rating,$5
FNGN,$32.07,1440443787575,"239,991",67% bullish,of 3 ratings,$47
FISI,$24.32,1440443787597,"31,461",100% bullish,of 2 ratings,$24.50
FNTC,NULL,1440443787638,0,Not yet rated,NULL,N/A
FNTCU,NULL,1440443787661,0,Not yet rated,NULL,N/A
FNTCW,$0.32,1440443787691,"17,600",Not yet rated,NULL,N/A
FEYE,$35.9503,1440443788075,"5,120,987",87% bullish,of 15 ratings,$55.50
FBNC,$16.34,1440443788101,"16,749",100% bullish,of 1 rating,$20
FNLC,$18.49,1440443788161,"17,693",100% bullish,of 1 rating,N/A
FRBA,$5.97,1440443788241,"3,378",Not yet rated,NULL,$8
BUSE,$6.2,1440443788272,"45,410",Not yet rated,NULL,$6.875
FCVA,$4.61,1440443788376,"5,105",Not yet rated,NULL,N/A
FBIZ,$43.7,1440443788401,"9,873",100% bearish,of 2 ratings,$52
FCAP,$26.5,1440443788446,601,Not yet rated,NULL,N/A
FCLF,$9.41,1440443788955,525,Not yet rated,NULL,N/A
FBNK,$16.47,1440443788994,"19,693",100% bearish,of 1 rating,$17.50
FCBC,$17.3001,1440443789024,"6,034",Not yet rated,NULL,$18
FCFS,$38,1440443789046,"152,259",100% bearish,of 3 ratings,$48
FCFP,$6.85,1440443789077,"6,514",Not yet rated,NULL,N/A
FCCO,$11.53,1440443789102,"2,048",Not yet rated,NULL,$13.25
FCNCA,$231.94,1440443789127,"3,370",Not yet rated,NULL,N/A
FFNM,$6.24,1440443789484,"3,100",Not yet rated,NULL,N/A
FDEF,$36.735,1440443789615,"21,105",Not yet rated,NULL,$38
FFBCW,NULL,1440443789644,0,100% bearish,of 1 rating,N/A
FFBC,$18.1,1440443789680,"152,224",67% bearish,of 3 ratings,$20.25
FFIN,$29.62,1440443789747,"135,095",50% bullish,of 2 ratings,$31.75
THFF,$32.656,1440443789815,"10,042",Not yet rated,NULL,$35
FFNW,$12.13,1440443789876,"28,106",Not yet rated,NULL,$14
FFWM,$21.11,1440443789947,"43,695",Not yet rated,NULL,$24
FIBK,$25.8,1440443790130,"90,964",Not yet rated,NULL,$32
INBK,$29.04,1440443790162,"33,866",50% bullish,of 2 ratings,$37
FMBH,$22.5,1440443790189,300,Not yet rated,NULL,N/A
FRME,$24.75,1440443790212,"108,291",Not yet rated,NULL,$26.50
FMBI,$17.07,1440443790261,"327,993",Not yet rated,NULL,$20
FNBC,$32.87,1440443790392,"31,915",Not yet rated,NULL,$41.50
FNFG,$8.79,1440443790417,"1,595,397",80% bullish,of 5 ratings,$9
FSFG,$30,1440443790618,"4,050",Not yet rated,NULL,N/A
FSGI,$2.46,1440443790648,"8,850",Not yet rated,NULL,N/A
FNWB,$11.88,1440443790680,"21,661",Not yet rated,NULL,N/A
FSBK,$7.6526,1440443790785,"1,045",100% bullish,of 1 rating,N/A
FSLR,$43.63,1440443790810,"1,803,090",74% bullish,of 39 ratings,$65
BICK,$17.84,1440443790968,250,100% bullish,of 1 rating,N/A
FCAN,$22.9,1440443790994,"6,013",Not yet rated,NULL,N/A
FBZ,$9.75,1440443791014,200,Not yet rated,NULL,N/A
FTCS,$35.38,1440443791314,"226,723",100% bearish,of 1 rating,N/A
FCA,$17.43,1440443791457,"1,000",Not yet rated,NULL,N/A
FV,$22.2067,1440443791518,"7,828,954",100% bearish,of 1 rating,N/A
FEMB,$41.5099,1440443791614,756,Not yet rated,NULL,N/A
IFV,$16.9704,1440443791678,"1,767,691",100% bearish,of 1 rating,N/A
FEUZ,$30.385,1440443791949,"2,264",Not yet rated,NULL,N/A
FTSM,$59.915,1440443791974,"41,341",100% bearish,of 1 rating,N/A
TDIV,$23.6001,1440443792120,"401,912",100% bearish,of 1 rating,N/A
MDIV,$18.78,1440443792147,"810,137",Not yet rated,NULL,N/A
FTGC,$21.6755,1440443792175,"86,691",Not yet rated,NULL,N/A
FGM,$34.27,1440443792195,"42,375",Not yet rated,NULL,N/A
FTHI,$18.93,1440443792229,48,Not yet rated,NULL,N/A
HYLS,$48.76,1440443792324,"51,153",100% bearish,of 1 rating,N/A
CU,$11.9001,1440443792618,"16,898",100% bearish,of 1 rating,N/A
FHK,$31.07,1440443792648,"42,830",Not yet rated,NULL,N/A
PLTM,$6.24,1440443792669,"40,332",100% bearish,of 1 rating,N/A
YDIV,$16.21,1440443792702,"6,254",Not yet rated,NULL,N/A
FPXI,$26.07,1440443792747,40,Not yet rated,NULL,N/A
SKYY,$27.45,1440443792802,"151,459",100% bullish,of 1 rating,N/A
FJP,$43.961,1440443793076,"35,703",Not yet rated,NULL,N/A
FTLB,$18.9828,1440443793256,"4,210",100% bearish,of 1 rating,N/A
LMBS,$50.48,1440443793294,"1,000",Not yet rated,NULL,N/A
FMB,$51.185,1440443793344,946,Not yet rated,NULL,N/A
QABA,$36.5,1440443793450,"40,844",100% bearish,of 1 rating,N/A
CIBR,$17.2801,1440443793575,"209,698",Not yet rated,NULL,N/A
GRID,$30.15,1440443793676,"1,915",100% bearish,of 1 rating,N/A
QCLN,$14.2,1440443793765,"66,938",Not yet rated,NULL,N/A
RDVY,$20.4099,1440443793980,"12,603",Not yet rated,NULL,N/A
CARZ,$33.13,1440443794062,"9,979",100% bearish,of 1 rating,N/A
QQEW,$39.65,1440443794092,"270,303",Not yet rated,NULL,N/A
FONE,$32.78,1440443794199,"1,850",Not yet rated,NULL,N/A
QQXT,$38.49,1440443794255,"136,593",Not yet rated,NULL,N/A
QTEC,$37.89,1440443794288,"175,504",Not yet rated,NULL,N/A
AIRR,$15.755,1440443794425,"7,559",100% bearish,of 1 rating,N/A
QINC,$19.8606,1440443794531,"3,335",Not yet rated,NULL,N/A
FKO,$19.5,1440443794666,100,Not yet rated,NULL,N/A
FTSL,$48.46,1440443794722,"40,911",100% bearish,of 1 rating,N/A
FDIV,$47.17,1440443794748,"2,865",100% bearish,of 1 rating,N/A
FTW,$28.25,1440443794781,"12,497",Not yet rated,NULL,N/A
FSZ,$38.22,1440443794880,"43,824",Not yet rated,NULL,N/A
TUSA,$24.54,1440443794960,700,Not yet rated,NULL,N/A
FKU,$39.88,1440443795023,"104,485",Not yet rated,NULL,N/A
FUNC,$8.13,1440443795094,"1,100",Not yet rated,NULL,N/A
SVVC,$9.3,1440443795157,"27,262",50% bullish,of 2 ratings,$26
FMER,$17.27,1440443795263,"1,178,677",50% bullish,of 2 ratings,$20
FSV,$30.22,1440443795337,"13,133",Not yet rated,NULL,$33.60
FISV,$81.73,1440443795422,"1,234,109",100% bearish,of 3 ratings,$90
FIVE,$34.95,1440443795451,"346,028",75% bearish,of 4 ratings,$44
FPRX,$18.62,1440443795483,"182,672",50% bullish,of 2 ratings,$35
FLML,$20.115,1440443795580,"179,911",50% bullish,of 2 ratings,$30
FIVN,$4.17,1440443795611,"166,788",100% bullish,of 1 rating,$8.50
FLKS,$13.17,1440443795789,"35,888",50% bullish,of 2 ratings,$27
SKOR,$50.399,1440443795814,500,Not yet rated,NULL,N/A
FLXN,$23.04,1440443795861,"44,724",100% bearish,of 1 rating,$40
MBSD,$25.37,1440443795886,400,Not yet rated,NULL,N/A
FLXS,$29.12,1440443795949,"30,451",100% bearish,of 2 ratings,N/A
FLEX,$10.11,1440443796051,"1,512,159",63% bullish,of 8 ratings,$12
FLIR,$27.4905,1440443796181,"782,108",100% bearish,of 1 rating,$38.50
FOMX,$9.46,1440443796430,"121,893",50% bullish,of 2 ratings,$23.50
FONR,$9.18,1440443796462,"11,276",100% bullish,of 1 rating,N/A
FLDM,$12.17,1440443796490,"175,900",67% bearish,of 3 ratings,$21.50
FFIC,$19.6,1440443796516,"37,567",Not yet rated,NULL,$21
FOGO,$17.88,1440443796542,"119,272",50% bullish,of 2 ratings,$25.50
FES,$0.84,1440443796573,"30,843",50% bullish,of 2 ratings,$1
FORM,$6,1440443796678,"228,993",67% bullish,of 3 ratings,$10.50
FORTY,$29.01,1440443796835,"3,592",100% bearish,of 1 rating,N/A
FTNT,$40.84,1440443796864,"1,536,914",80% bullish,of 10 ratings,$52
FORR,$32.06,1440443796924,"32,040",Not yet rated,NULL,N/A
FBIO,$2.2701,1440443796997,"246,791",83% bullish,of 6 ratings,N/A
FWRD,$45.31,1440443797070,"82,010",100% bearish,of 1 rating,$50
FORD,$1.01,1440443797129,"93,155",50% bullish,of 2 ratings,N/A
FWP,$25.3,1440443797201,"41,993",100% bearish,of 1 rating,$45
FOSL,$59.125,1440443797303,"805,230",50% bullish,of 4 ratings,$80
FXCB,$16.95,1440443797349,"11,918",Not yet rated,NULL,$19
FMI,$20.585,1440443797376,"129,526",100% bearish,of 2 ratings,$27.50
FOXF,$15.28,1440443797508,"34,730",100% bearish,of 1 rating,$19
FRAN,$10.16,1440443797543,"288,096",50% bullish,of 4 ratings,$15
FRED,$13.73,1440443797590,"84,245",50% bullish,of 2 ratings,$16.50
FREE,$0.35,1440443797639,"559,183",92% bullish,of 12 ratings,N/A
FELE,$28.1499,1440443797664,"212,498",50% bullish,of 4 ratings,$33
RAIL,$19.56,1440443797855,"75,408",100% bearish,of 1 rating,$24.50
FEIM,$10.74,1440443798065,"1,975",100% bearish,of 1 rating,N/A
FTRPR,$99.5999,1440443798167,"12,264",100% bearish,of 1 rating,N/A
FTR,$4.99,1440443798196,"10,262,872",78% bullish,of 27 ratings,$6.25
FRPT,$12.96,1440443798222,"292,571",67% bearish,of 3 ratings,$23.50
FRPH,$29.64,1440443798358,"1,133",100% bearish,of 1 rating,N/A
FSBW,$22.51,1440443798384,500,Not yet rated,NULL,N/A
FTEK,$2.05,1440443798563,"48,292",75% bullish,of 4 ratings,N/A
FTD,$28.68,1440443798595,"46,710",100% bearish,of 1 rating,$40
FCEL,$0.7094,1440443798620,"1,253,404",88% bullish,of 40 ratings,$2.65
FSYS,$6.09,1440443798645,"49,506",67% bullish,of 3 ratings,$10
FULLL,$25.04,1440443798691,"4,485",Not yet rated,NULL,N/A
FULL,$3.03,1440443798775,"96,308",67% bearish,of 3 ratings,$4.25
FULT,$11.89,1440443798804,"716,176",100% bearish,of 1 rating,$13
FLL,$1.45,1440443798862,"25,880",75% bullish,of 4 ratings,$2.825
FSNN,$2.5301,1440443799048,600,67% bullish,of 3 ratings,$6
FFHL,$0.88,1440443799090,"2,720",50% bullish,of 4 ratings,N/A
FXENP,$15.54,1440443799319,"3,600",100% bearish,of 1 rating,N/A
FXEN,$0.8152,1440443799347,"92,225",75% bullish,of 4 ratings,$1.10
WILC,$5.05,1440443799373,"14,612",100% bullish,of 2 ratings,N/A
GLPG,$60.17,1440443799505,"38,314",100% bullish,of 1 rating,$75
GK,$67.71,1440443799587,"61,145",Not yet rated,NULL,$78
GALTU,NULL,1440443799636,0,100% bearish,of 1 rating,N/A
GAIA,$5.78,1440443799671,"31,875",50% bullish,of 2 ratings,$8.50
GALT,$1.81,1440443799772,"160,086",80% bullish,of 5 ratings,N/A
GALTW,NULL,1440443799798,0,100% bullish,of 1 rating,N/A
GALE,$1.49,1440443799825,"2,396,975",89% bullish,of 47 ratings,$4
GLPI,$30.71,1440443799982,"509,875",100% bearish,of 1 rating,$37.50
GLMD,$7.6899,1440443800012,"30,527",67% bullish,of 3 ratings,$20.50
GPIC,$9.93,1440443800114,"1,850",100% bearish,of 1 rating,N/A
GRMN,$37.045,1440443800139,"1,561,745",50% bullish,of 6 ratings,$48
GGAC,NULL,1440443800291,0,100% bearish,of 1 rating,N/A
GGACR,NULL,1440443800526,0,100% bullish,of 1 rating,N/A
GGACU,NULL,1440443800579,0,Not yet rated,NULL,N/A
GNCMA,$16.26,1440443800609,"129,361",100% bearish,of 1 rating,$12
GARS,$14.29,1440443800644,"82,178",Not yet rated,NULL,$16
GGACW,$0.0514,1440443800674,800,Not yet rated,NULL,N/A
GFN,$3.36,1440443800715,"23,471",100% bearish,of 2 ratings,$8
GENC,$9.4386,1440443800744,"4,659",100% bearish,of 1 rating,N/A
GFNCP,$85.05,1440443800769,448,Not yet rated,NULL,N/A
GENE,$2.171,1440443801036,"122,235",100% bullish,of 12 ratings,N/A
GFNSL,$25.18,1440443801086,"1,800",Not yet rated,NULL,N/A
GNMK,$9.03,1440443801134,"140,960",67% bullish,of 6 ratings,$14
GNCA,$11.927,1440443801226,"69,088",100% bearish,of 1 rating,$20
GNTX,$14.9,1440443801275,"2,047,309",Not yet rated,NULL,$20
GHDX,$24.69,1440443801302,"104,540",50% bullish,of 2 ratings,$30
THRM,$42.29,1440443801331,"264,440",75% bearish,of 4 ratings,$55.50
GTWN,NULL,1440443801465,0,Not yet rated,NULL,N/A
GNVC,$2.05,1440443801554,"33,430",90% bullish,of 10 ratings,$8.50
GEOS,$14.442,1440443801619,"108,814",100% bearish,of 3 ratings,$25.50
GEVO,$2.539,1440443801689,"1,253,221",75% bullish,of 12 ratings,$5
GERN,$2.94,1440443801716,"1,492,560",88% bullish,of 16 ratings,$5.25
GABC,$29,1440443801738,"23,599",Not yet rated,NULL,$31.50
GIGM,$0.55,1440443801878,"121,674",100% bullish,of 2 ratings,N/A
GIGA,$1.3711,1440443801904,"153,610",100% bearish,of 1 rating,N/A
ROCK,$16.45,1440443801971,"118,552",80% bullish,of 5 ratings,$24
GIII,$62.39,1440443802097,"194,268",67% bullish,of 3 ratings,$75
GBCI,$24.9399,1440443802130,"135,438",50% bullish,of 2 ratings,$31
GILT,$4.25,1440443802179,"23,898",50% bullish,of 2 ratings,N/A
GILD,$100.9756,1440443802207,"11,863,687",91% bullish,of 87 ratings,$129
GLAD,$8.03,1440443802280,"227,435",50% bullish,of 2 ratings,$8.75
GLADO,$25.35,1440443802341,"3,242",Not yet rated,NULL,N/A
GOODO,$25.1,1440443802563,200,Not yet rated,NULL,N/A
GOODN,$25.55,1440443802595,"2,000",Not yet rated,NULL,N/A
GOOD,$14.6699,1440443802624,"166,382",Not yet rated,NULL,$19
GAINN,$24.86,1440443802667,"35,500",Not yet rated,NULL,N/A
GOODP,$25.073,1440443802727,"1,600",Not yet rated,NULL,N/A
GAINO,$25.2075,1440443802801,"2,530",Not yet rated,NULL,N/A
GAIN,$7.3548,1440443802867,"386,028",100% bullish,of 2 ratings,$8.25
GAINP,$25.9499,1440443803257,"11,028",Not yet rated,NULL,N/A
GDEF,NULL,1440443803284,0,Not yet rated,NULL,N/A
LAND,$9.065,1440443803309,"29,627",50% bullish,of 2 ratings,$13.75
GBT,$39.7801,1440443803336,"145,406",100% bearish,of 1 rating,N/A
ENT,$11.18,1440443803357,"212,046",100% bearish,of 1 rating,$18
GLBZ,$12.12,1440443803387,315,Not yet rated,NULL,N/A
GBLI,$25.66,1440443803519,"8,100",Not yet rated,NULL,N/A
QQQC,$17.9,1440443803722,"18,994",100% bearish,of 1 rating,N/A
GSOL,$8.22,1440443803753,"30,222",100% bearish,of 1 rating,N/A
GPACU,$10,1440443803780,400,Not yet rated,NULL,N/A
SRET,$13.44,1440443803820,"3,966",Not yet rated,NULL,N/A
ALTY,$14.15,1440443803843,"5,900",Not yet rated,NULL,N/A
ACTX,$13,1440443803876,"3,025",100% bullish,of 1 rating,N/A
YLCO,$11.48,1440443803916,"1,985",Not yet rated,NULL,N/A
SOCL,$16.2001,1440443803941,"99,771",100% bullish,of 2 ratings,N/A
GBIM,$2.171,1440443804303,"47,061",50% bullish,of 2 ratings,N/A
GAI,$5.67,1440443804324,"12,063",50% bullish,of 2 ratings,N/A
GLBS,$1.0825,1440443804404,100,67% bullish,of 3 ratings,N/A
GSM,$12.57,1440443804468,"255,470",50% bullish,of 2 ratings,$23
GLRI,$1.14,1440443804498,"74,739",100% bearish,of 1 rating,$6
GLUU,$4.05,1440443804526,"2,024,256",92% bullish,of 26 ratings,$9
GOGO,$15.42,1440443804552,"855,037",80% bullish,of 5 ratings,$25
GLYC,$6.883,1440443804597,"13,375",50% bullish,of 2 ratings,$14
GMLP,$17.79,1440443804690,"193,905",50% bullish,of 4 ratings,$32.50
GLNG,$33.2825,1440443804755,"762,297",83% bullish,of 6 ratings,$58
GLDC,$4.07,1440443804895,300,50% bullish,of 2 ratings,N/A
GBDC,$16.4975,1440443804920,"193,153",Not yet rated,NULL,$17.75
GDEN,$8.71,1440443804948,"6,900",50% bullish,of 2 ratings,N/A
GOGL,$2.615,1440443804980,"254,563",75% bullish,of 4 ratings,$5
GTIM,$6.27,1440443805081,"24,936",Not yet rated,NULL,$11.50
GOOG,$590.69,1440443805163,"2,181,286",89% bullish,of 70 ratings,$825
GPRO,$47.6996,1440443805268,"7,215,958",78% bullish,of 58 ratings,$72
GOOGL,$619.035,1440443805296,"2,351,762",88% bullish,of 1080 ratings,$749
GPIA,$9.75,1440443805427,20,Not yet rated,NULL,N/A
GPIAU,$9.97,1440443805474,"35,301",Not yet rated,NULL,N/A
GMAN,$4.2,1440443805499,"32,814",60% bullish,of 5 ratings,$8
GPIAW,NULL,1440443805558,0,Not yet rated,NULL,N/A
GRVY,$3.2,1440443805629,"1,432",50% bullish,of 2 ratings,N/A
LOPE,$36.6,1440443805728,"191,251",100% bearish,of 2 ratings,$50
GBSN,$1.07,1440443805760,"436,026",100% bearish,of 1 rating,$8.25
GLDD,$5.185,1440443806165,"203,528",100% bearish,of 4 ratings,$7.75
GBSNU,$16.53,1440443806193,"9,938",Not yet rated,NULL,N/A
GNBC,$11.11,1440443806226,"41,268",100% bearish,of 1 rating,$17
GPP,$14.03,1440443806263,"63,925",Not yet rated,NULL,$20.50
GRBK,$12.22,1440443806320,"187,918",77% bullish,of 13 ratings,N/A
GSBC,$39.04,1440443806346,"19,842",100% bullish,of 1 rating,$44
GPRE,$18.16,1440443806371,"500,961",67% bullish,of 6 ratings,$28.50
GCBC,$27.51,1440443806408,190,100% bullish,of 1 rating,N/A
GRFS,$30.22,1440443806692,"179,911",50% bullish,of 2 ratings,$35
GLRE,$24.43,1440443806719,"140,467",50% bullish,of 2 ratings,$41
GRIF,$30.04,1440443806740,747,100% bearish,of 1 rating,N/A
GRPN,$3.99,1440443806778,"5,978,888",61% bullish,of 71 ratings,$6.75
OMAB,$37.66,1440443806974,"66,138",100% bullish,of 1 rating,$44
GSIG,$12.165,1440443807003,"34,273",100% bearish,of 2 ratings,N/A
GGAL,$17.162,1440443807024,"318,378",80% bullish,of 5 ratings,$40
GSIT,$4.9,1440443807052,252,100% bearish,of 1 rating,N/A
GSVC,$8.4703,1440443807223,"202,716",50% bullish,of 2 ratings,$14.50
GTXI,$0.7675,1440443807312,"96,399",100% bullish,of 5 ratings,$.75
GBNK,$15.61,1440443807341,"19,100",100% bearish,of 1 rating,$18
GFED,$14.6,1440443807362,"1,271",Not yet rated,NULL,$17
GIFI,$11.79,1440443807503,"42,208",100% bearish,of 1 rating,$16
GUID,$6.9,1440443807530,"106,180",100% bearish,of 3 ratings,$10
GULTU,$0.275,1440443807560,"170,630",100% bearish,of 1 rating,N/A
GURE,$1.545,1440443807603,"72,660",88% bullish,of 8 ratings,N/A
GPOR,$32.64,1440443807777,"1,008,366",75% bullish,of 4 ratings,$55
GWGH,NULL,1440443807804,0,100% bearish,of 1 rating,$15.05
GWPH,$100.52,1440443807825,"251,936",78% bullish,of 9 ratings,$148.50
HEES,$15.92,1440443807969,"208,658",67% bearish,of 3 ratings,$31
GYRO,$2.88,1440443807999,300,100% bearish,of 1 rating,N/A
HNRG,$6.96,1440443808103,"89,691",100% bearish,of 1 rating,$10
HLG,$9,1440443808133,"1,534",100% bearish,of 1 rating,N/A
HALL,$11.52,1440443808235,"16,042",Not yet rated,NULL,N/A
HALO,$16.94,1440443808379,"842,735",67% bullish,of 3 ratings,$22.50
HBK,$13.8,1440443808549,200,50% bullish,of 2 ratings,N/A
HBHC,$25.35,1440443808582,"409,401",50% bullish,of 2 ratings,$30
HMPR,$1.78,1440443808654,"122,213",100% bullish,of 1 rating,N/A
HBHCL,$24.05,1440443808738,"40,838",Not yet rated,NULL,N/A
HNSN,$0.48,1440443808786,"116,044",88% bullish,of 8 ratings,$.40
HNH,$26.06,1440443808810,"9,609",100% bullish,of 1 rating,N/A
HQCL,$8.26,1440443808970,"23,308",67% bullish,of 3 ratings,$14
HAFC,$23.57,1440443809036,"165,561",100% bullish,of 2 ratings,$28.50
HRMNU,$10.19,1440443809172,300,Not yet rated,NULL,N/A
HLIT,$5.515,1440443809200,"234,248",100% bearish,of 1 rating,$6.50
HRMN,NULL,1440443809233,0,Not yet rated,NULL,N/A
HDNG,$9.85,1440443809255,"27,359",50% bullish,of 4 ratings,N/A
HRMNW,NULL,1440443809284,0,Not yet rated,NULL,N/A
HART,$0.825,1440443809335,"133,111",100% bearish,of 1 rating,N/A
TINY,$2.4397,1440443809485,"38,679",50% bullish,of 2 ratings,$5.26
HBIO,$4.3475,1440443809663,"85,951",Not yet rated,NULL,$10
HCAPL,$25.25,1440443809796,"6,827",Not yet rated,NULL,N/A
HAS,$71.23,1440443809823,"1,109,928",63% bullish,of 8 ratings,$84.50
HCAP,$12.15,1440443809855,"32,757",50% bullish,of 2 ratings,$15
HCOM,$22.09,1440443809884,"5,404",100% bearish,of 1 rating,$28
HWKN,$37.3,1440443809957,"9,894",Not yet rated,NULL,N/A
HA,$22.05,1440443809984,"840,502",67% bullish,of 9 ratings,$27
HWBK,$13.117,1440443810059,660,100% bearish,of 1 rating,N/A
HAYN,$36.0801,1440443810118,"47,553",100% bearish,of 1 rating,$59
HDS,$31.3,1440443810268,"1,301,202",100% bearish,of 2 ratings,$39.50
HIIQ,$4.31,1440443810294,"25,002",50% bullish,of 2 ratings,$7
HCSG,$32.64,1440443810371,"242,382",50% bullish,of 4 ratings,$35
HQY,$28.2101,1440443810503,"196,959",67% bullish,of 3 ratings,$31
HSTM,$24.31,1440443810562,"41,343",50% bullish,of 2 ratings,$33.75
HWAY,$12.16,1440443810589,"201,763",100% bearish,of 1 rating,$15
HTBX,$5.157,1440443810747,"15,414",50% bullish,of 2 ratings,$15.50
HTLF,$35.005,1440443810807,"30,714",100% bullish,of 1 rating,$39.50
HTLD,$20.19,1440443810838,"385,618",Not yet rated,NULL,$22.50
HSII,$20,1440443810937,"36,954",100% bullish,of 3 ratings,$25
HELE,$83.98,1440443810965,"169,216",67% bearish,of 3 ratings,$100
HMNY,$2.15,1440443810991,"2,480",100% bearish,of 1 rating,N/A
HTWR,$80.52,1440443811038,"61,010",50% bullish,of 2 ratings,$103
HCACU,$10.008,1440443811505,"1,500",Not yet rated,NULL,N/A
HNNA,$24.45,1440443811533,"14,897",Not yet rated,NULL,N/A
HMTV,$12.68,1440443811554,"11,543",100% bearish,of 1 rating,$16
HERO,NULL,1440443811604,0,NULL,NULL,NULL
HSIC,$133.215,1440443811686,"368,453",83% bullish,of 6 ratings,$146
HFWA,$17.265,1440443811763,"36,912",100% bullish,of 1 rating,$20
HTBK,$10.67,1440443811816,"27,202",Not yet rated,NULL,$12
HEOP,$7.5,1440443811948,"11,733",Not yet rated,NULL,$8.50
HRTX,$33.91,1440443811976,"844,838",67% bullish,of 6 ratings,$41
HCCI,$11.065,1440443812001,"9,487",100% bearish,of 1 rating,$16.50
MLHR,$27.32,1440443812026,"113,263",50% bullish,of 2 ratings,$33.50
HFFC,$15.86,1440443812165,657,Not yet rated,NULL,N/A
HIBB,$37.59,1440443812193,"408,688",100% bearish,of 1 rating,$48.50
HSKA,$31.81,1440443812266,"29,819",100% bearish,of 1 rating,$38
HIHO,$4.2,1440443812351,"32,437",Not yet rated,NULL,N/A
HIMX,$6.085,1440443812560,"1,231,535",86% bullish,of 21 ratings,$8.50
HPJ,$2.15,1440443812656,"56,516",75% bullish,of 4 ratings,$12.43
HMNF,$11.07,1440443812690,"1,200",Not yet rated,NULL,N/A
HSGX,$5.45,1440443812721,"12,100",100% bearish,of 1 rating,$17
HMSY,$10.02,1440443812747,"2,600,117",67% bullish,of 3 ratings,$19.35
HOLI,$16.65,1440443812786,"360,617",50% bullish,of 4 ratings,$27
HIFS,$115.78,1440443812816,"1,972",Not yet rated,NULL,N/A
HOLX,$38.29,1440443812843,"2,162,206",67% bullish,of 3 ratings,$42
HOMB,$37.09,1440443813117,"153,232",Not yet rated,NULL,$41
HFBL,$21.61,1440443813166,200,Not yet rated,NULL,N/A
AWAY,$27.51,1440443813213,"811,719",67% bullish,of 3 ratings,$36
HBCP,$24,1440443813238,400,Not yet rated,NULL,$29
HMIN,$26.67,1440443813299,"278,797",100% bearish,of 2 ratings,$35
HMST,$21.48,1440443813445,"70,848",100% bullish,of 2 ratings,$27
HTBI,$18.02,1440443813471,"39,245",67% bullish,of 3 ratings,$18.625
CETC,$0.75,1440443813617,"101,585",86% bullish,of 7 ratings,N/A
HBNC,$23.51,1440443813669,"17,293",100% bullish,of 1 rating,$27
HFBC,$11.44,1440443813694,"7,305",Not yet rated,NULL,N/A
HZNP,$27.375,1440443813750,"1,991,545",85% bullish,of 20 ratings,$40
HKTV,$4.48,1440443813778,"29,693",100% bearish,of 1 rating,N/A
HOFT,$23.2534,1440443813808,"33,605",100% bearish,of 1 rating,N/A
HRZN,$10.19,1440443813909,"75,364",100% bearish,of 1 rating,$14.25
HDP,$23.57,1440443814058,"323,315",67% bearish,of 3 ratings,$30.50
ZINC,$6.835,1440443814314,"627,385",100% bearish,of 1 rating,$17
HMHC,$21.9,1440443814402,"420,224",Not yet rated,NULL,$27
HBMD,$13.45,1440443814442,"1,767",100% bearish,of 1 rating,N/A
HWCC,$7.27,1440443814469,"102,223",100% bearish,of 1 rating,$9
HOVNP,$4.726,1440443814494,"2,518",100% bearish,of 1 rating,N/A
HUBG,$38.06,1440443814531,"109,704",100% bearish,of 1 rating,$43
HSNI,$58.32,1440443814556,"124,853",Not yet rated,NULL,$80
HTGM,$5.32,1440443815230,"15,860",100% bearish,of 1 rating,$19.50
HDSN,$2.9001,1440443815462,"96,489",100% bullish,of 1 rating,$6.25
HCBK,$9.05,1440443815492,"1,493,916",83% bullish,of 6 ratings,$8.61
HSON,$2.62,1440443815514,"7,189",100% bearish,of 1 rating,$5
HBAN,$10.44,1440443815544,"6,181,477",76% bullish,of 17 ratings,$12.29
HBANP,$1332,1440443815569,96,100% bearish,of 1 rating,N/A
HURC,$29.56,1440443815595,"6,991",100% bearish,of 1 rating,N/A
HURN,$71.97,1440443815840,"113,997",50% bullish,of 2 ratings,$80
HTCH,$1.54,1440443815871,"46,279",100% bearish,of 1 rating,$3.50
HBP,$3.04,1440443815900,"5,708",100% bullish,of 1 rating,N/A
HDRA,NULL,1440443815928,0,Not yet rated,NULL,N/A
HDRAR,NULL,1440443815969,0,Not yet rated,NULL,N/A
HDRAU,$10.2,1440443816027,200,Not yet rated,NULL,N/A
HYGS,$7.408,1440443816069,"38,934",50% bullish,of 2 ratings,$13
HDRAW,$0.25,1440443816156,11,Not yet rated,NULL,N/A
IDSY,$3.69,1440443816359,"17,743",100% bearish,of 1 rating,$7
IBKC,$57.26,1440443816534,"143,127",100% bullish,of 1 rating,$70
IKGH,$1.55,1440443816561,"18,014",75% bullish,of 4 ratings,N/A
IACI,$67.15,1440443816583,"526,417",75% bullish,of 4 ratings,$90
IEP,$65.875,1440443816616,"137,781",75% bullish,of 4 ratings,$99
ICAD,$3.37,1440443816711,"66,181",50% bullish,of 2 ratings,$7.25
ICFI,$33.86,1440443816746,"50,418",50% bullish,of 2 ratings,$48.50
ICLR,$74.31,1440443816772,"308,863",100% bearish,of 3 ratings,$85
ICON,$12.05,1440443816921,"685,411",50% bullish,of 2 ratings,$18.50
IPWR,$7.1,1440443816951,"15,317",100% bullish,of 1 rating,$15
ICUI,$109.235,1440443817008,"89,542",Not yet rated,NULL,$122
IDRA,$2.5,1440443817109,"698,350",89% bullish,of 9 ratings,$6.50
IDXX,$70.515,1440443817143,"494,936",100% bearish,of 1 rating,$77
INVE,$4.5001,1440443817168,"42,322",75% bullish,of 4 ratings,$4
DSKY,$11.18,1440443817245,"440,062",67% bullish,of 6 ratings,$11.50
IROQ,$16.5,1440443817436,"6,100",100% bullish,of 1 rating,N/A
RXDX,$12.43,1440443817503,"168,665",100% bullish,of 1 rating,$20
IRG,$4.78,1440443817530,"37,905",100% bearish,of 1 rating,$4.50
KANG,$14.02,1440443817564,"511,186",50% bullish,of 2 ratings,$22.55
IIVI,$16.861,1440443817590,"133,462",100% bearish,of 1 rating,$22
IKAN,$2.72,1440443817666,"14,800",83% bullish,of 6 ratings,$5
ILMN,$190.861,1440443817692,"899,876",80% bullish,of 5 ratings,$240
IKNX,$11.33,1440443817823,400,100% bearish,of 1 rating,N/A
ISNS,$3.59,1440443818046,"56,426",50% bullish,of 2 ratings,N/A
IMDZ,$14.455,1440443818074,"53,073",100% bearish,of 1 rating,$33
IMMR,$11.23,1440443818095,"93,850",80% bullish,of 5 ratings,$15.50
ICCC,$7.67,1440443818116,"4,795",100% bullish,of 1 rating,N/A
IMNP,$1.1801,1440443818250,"190,298",50% bullish,of 2 ratings,$6
IMGN,$12.95,1440443818280,"913,260",75% bullish,of 4 ratings,$17.50
IMMU,$1.77,1440443818309,"394,335",86% bullish,of 7 ratings,$2
IPXL,$41.89,1440443818330,"480,162",67% bullish,of 3 ratings,$46.50
IMMY,$7.23,1440443818536,"11,102",100% bearish,of 1 rating,$11
INCY,$96.89,1440443818562,"764,320",50% bullish,of 6 ratings,$125.50
INCR,$39.75,1440443818587,"286,222",50% bullish,of 2 ratings,$53
SAAS,$7.34,1440443818638,"214,903",50% bullish,of 2 ratings,$15
INDB,$44.03,1440443818776,"52,094",Not yet rated,NULL,$44
IBCP,$13.692,1440443818843,"69,406",100% bullish,of 1 rating,$14.50
IBTX,$40.5,1440443818927,"21,289",100% bullish,of 2 ratings,$47.25
INFI,$8.52,1440443819058,"486,292",50% bullish,of 4 ratings,$18
INFN,$19.97,1440443819084,"1,577,914",71% bullish,of 7 ratings,$28
III,$3.99,1440443819129,"41,027",57% bullish,of 7 ratings,$6
IPCC,$78.71,1440443819156,"23,211",Not yet rated,NULL,$77.50
IDSA,$3.5,1440443819177,"5,410",Not yet rated,NULL,N/A
IFON,$1.17,1440443819514,"54,534",75% bullish,of 4 ratings,N/A
INNL,$12.22,1440443819610,955,100% bearish,of 1 rating,$16.50
IMKTA,$50.18,1440443819768,"61,513",100% bearish,of 1 rating,N/A
INWK,$7.26,1440443819795,"84,920",50% bullish,of 2 ratings,$10
INOD,$2.48,1440443819816,"3,700",100% bearish,of 1 rating,N/A
INGN,$46.535,1440443819850,"162,146",100% bearish,of 1 rating,$50.50
ISSC,$2.83,1440443819956,"4,639",67% bearish,of 3 ratings,N/A
IOSP,$46.36,1440443819985,"227,441",100% bearish,of 1 rating,N/A
IPHS,$45.76,1440443820006,"70,957",100% bearish,of 1 rating,$60
INO,$6.54,1440443820037,"1,000,032",89% bullish,of 18 ratings,$20
NSIT,$24.95,1440443820242,"48,094",50% bullish,of 2 ratings,N/A
ITEK,$12.439,1440443820296,"510,294",100% bearish,of 3 ratings,$20
INOV,$20.55,1440443820328,"167,016",100% bearish,of 1 rating,$33
INSM,$22.1189,1440443820349,"404,079",71% bullish,of 7 ratings,$31.50
IIIN,$16.65,1440443820438,"17,502",100% bearish,of 2 ratings,N/A
ISIG,$2.59,1440443820484,"24,375",100% bearish,of 1 rating,N/A
IDTI,$17.1535,1440443820851,"1,811,925",60% bullish,of 5 ratings,$25
INSY,$31.26,1440443820880,"388,835",75% bullish,of 4 ratings,$48
IART,$58.92,1440443820910,"135,385",100% bearish,of 1 rating,$71.50
PODD,$27.5396,1440443820940,"175,712",50% bullish,of 2 ratings,$35
IESC,$7.25,1440443820962,"3,765",100% bearish,of 1 rating,N/A
NTEC,$5.59,1440443820983,"18,600",100% bearish,of 1 rating,N/A
ISSI,$22,1440443821122,"427,833",67% bullish,of 3 ratings,$19.75
INTC,$26.28,1440443821147,"33,511,814",82% bullish,of 238 ratings,$36
IPCI,$2.04,1440443821340,"91,096",67% bullish,of 6 ratings,$7.75
IQNT,$18.495,1440443821365,"154,199",86% bullish,of 7 ratings,$20
IPAR,$25.16,1440443821508,"49,614",67% bullish,of 3 ratings,$38
ICPT,$180.73,1440443821607,"238,675",70% bullish,of 10 ratings,$359.50
ININ,$35.81,1440443821632,"37,176",67% bearish,of 3 ratings,$57
IBKR,$36.875,1440443821662,"743,739",100% bullish,of 1 rating,N/A
ICLD,$1.7798,1440443821684,"238,388",75% bullish,of 4 ratings,N/A
ICLDW,NULL,1440443821714,0,100% bearish,of 1 rating,N/A
TILE,$24,1440443821842,"277,866",67% bearish,of 3 ratings,$27
IMI,$2.04,1440443821868,"15,604",67% bullish,of 3 ratings,$2.22
IDCC,$46.43,1440443821939,"230,243",80% bullish,of 5 ratings,$63
IBOC,$24.7,1440443822120,"82,254",100% bearish,of 1 rating,N/A
INAP,$7.79,1440443822168,"77,355",75% bullish,of 4 ratings,$11
ISCA,$30.77,1440443822386,"35,128",100% bearish,of 1 rating,N/A
IIJI,$9.12,1440443822418,400,50% bullish,of 2 ratings,$11.50
PTNT,$3,1440443822440,"1,965",Not yet rated,NULL,N/A
INPH,$0.2999,1440443822473,"31,015",50% bullish,of 2 ratings,N/A
XENT,$25.405,1440443822520,"173,731",50% bullish,of 2 ratings,$36.50
IGLD,$5.9101,1440443822574,"4,925",50% bullish,of 2 ratings,N/A
INTX,$2.1642,1440443822653,"13,060",67% bullish,of 3 ratings,N/A
ISIL,$10.05,1440443822678,"763,377",50% bullish,of 6 ratings,$15
IILG,$19.225,1440443822826,"64,771",100% bearish,of 1 rating,$29
IVAC,$4.8,1440443822877,"10,986",100% bearish,of 1 rating,$6.625
INTL,$25.7431,1440443822899,"70,657",67% bearish,of 3 ratings,N/A
ITCI,$26.25,1440443823037,"286,969",75% bearish,of 4 ratings,$40
INTLL,$25.45,1440443823227,"7,480",Not yet rated,NULL,N/A
INTU,$83.04,1440443823634,"2,500,847",86% bullish,of 7 ratings,$107.50
IIN,$6.27,1440443823679,"3,704",100% bearish,of 1 rating,$12
INVT,$0.27,1440443823706,"171,766",67% bullish,of 3 ratings,N/A
SNAK,$8.34,1440443823727,"88,802",50% bullish,of 2 ratings,$14
ISRG,$491.56,1440443823762,"143,631",67% bullish,of 3 ratings,$600
IVTY,$12.0099,1440443823859,"13,668",Not yet rated,NULL,$18
ISBC,$11.49,1440443823887,"2,282,679",100% bullish,of 1 rating,$13.25
ISTR,$15.75,1440443823912,447,100% bearish,of 1 rating,$18.50
NVIV,$9.31,1440443824098,"477,363",50% bullish,of 4 ratings,$24.50
ITIC,NULL,1440443824133,0,100% bearish,of 2 ratings,N/A
IPAS,$1.0142,1440443824161,"75,111",67% bullish,of 3 ratings,N/A
IPCM,$79.24,1440443824301,"152,068",50% bullish,of 2 ratings,$80.125
DTUL,$66.22,1440443824327,200,Not yet rated,NULL,N/A
DFVL,$67.82,1440443824397,101,Not yet rated,NULL,N/A
IPGP,$82.19,1440443824470,"251,934",100% bearish,of 2 ratings,$109.50
IRMD,$24.66,1440443824632,"10,471",67% bearish,of 3 ratings,$25
IRIX,$6.925,1440443824667,"5,439",100% bearish,of 1 rating,N/A
IRDM,$6.695,1440443824689,"592,956",60% bullish,of 5 ratings,$11.50
IRDMB,$267.4354,1440443824727,304,67% bearish,of 3 ratings,N/A
IRBT,$28.91,1440443824761,"196,496",67% bullish,of 6 ratings,$37
IRWD,$10.74,1440443824792,"648,442",100% bearish,of 1 rating,$13
IRCP,$24.75,1440443824891,"13,435",100% bullish,of 2 ratings,N/A
COMT,$31.197,1440443824974,"14,132",100% bearish,of 1 rating,N/A
FCHI,NULL,1440443825025,0,NULL,NULL,NULL
IFAS,NULL,1440443825104,0,NULL,NULL,NULL
GNMA,$50.235,1440443825165,"4,938",Not yet rated,NULL,N/A
IFEU,$38.96,1440443825193,"11,220",Not yet rated,NULL,N/A
IFNA,NULL,1440443825321,0,NULL,NULL,NULL
IFGL,$27.57,1440443825378,"83,502",Not yet rated,NULL,N/A
ACWX,$38.885,1440443825455,"1,051,249",100% bearish,of 1 rating,N/A
ACWI,$53.45,1440443825587,"2,284,007",Not yet rated,NULL,N/A
AAIT,NULL,1440443825613,0,NULL,NULL,NULL
AAXJ,$49.552,1440443825637,"1,759,157",Not yet rated,NULL,N/A
AXJS,NULL,1440443825656,0,NULL,NULL,NULL
EMDI,NULL,1440443825688,0,NULL,NULL,NULL
EEME,NULL,1440443825832,0,NULL,NULL,NULL
EEMA,$46.6619,1440443825863,"22,754",Not yet rated,NULL,N/A
EGRW,NULL,1440443825896,0,NULL,NULL,NULL
EMEY,NULL,1440443825967,0,NULL,NULL,NULL
EVAL,NULL,1440443826139,0,NULL,NULL,NULL
EEML,$27.13,1440443826191,836,Not yet rated,NULL,N/A
EUFN,$21.1001,1440443826246,"350,870",100% bearish,of 1 rating,N/A
QAT,$19.96,1440443826275,35,Not yet rated,NULL,N/A
IBB,$324.88,1440443826378,"2,106,675",63% bullish,of 8 ratings,N/A
IEUS,$45.4135,1440443826415,"9,817",100% bearish,of 1 rating,N/A
UAE,$16.37,1440443826447,"19,328",Not yet rated,NULL,N/A
SOXX,$77.15,1440443826680,"672,904",50% bullish,of 2 ratings,N/A
ICLN,$9,1440443826706,"105,180",50% bullish,of 2 ratings,N/A
EMIF,$26.88,1440443826734,"7,485",Not yet rated,NULL,N/A
ISHG,$81.5,1440443826896,"18,046",100% bearish,of 1 rating,N/A
WOOD,$46.96,1440443826924,"77,088",50% bullish,of 2 ratings,N/A
INDY,$26.03,1440443826950,"734,733",50% bullish,of 2 ratings,N/A
IGOV,$93.73,1440443826996,"23,587",100% bearish,of 1 rating,N/A
ISIS,$44.1,1440443827097,"1,298,816",53% bullish,of 15 ratings,$67
ISLE,$16.1,1440443827147,"299,223",50% bullish,of 4 ratings,$16
ISRL,$119.31,1440443827304,200,100% bearish,of 1 rating,N/A
ITRI,$30.51,1440443827408,"245,331",Not yet rated,NULL,$37
ITRN,$23.65,1440443827928,"16,507",50% bullish,of 2 ratings,N/A
XXIA,$14.75,1440443828000,"199,501",71% bullish,of 7 ratings,$14.625
ITUS,$3.97,1440443828095,"2,109",Not yet rated,NULL,N/A
JBHT,$74.88,1440443828177,"734,751",50% bullish,of 4 ratings,$89.50
JJSF,$110.914,1440443828267,"53,320",100% bearish,of 1 rating,N/A
JCOM,$66.765,1440443828345,"145,420",100% bullish,of 2 ratings,$77
IXYS,$10.14,1440443828421,"164,326",50% bullish,of 4 ratings,N/A
MAYS,$56,1440443828518,710,Not yet rated,NULL,N/A
JASO,$6.74,1440443828615,"1,064,228",82% bullish,of 17 ratings,$10
JXSB,$23.75,1440443828649,"3,392",Not yet rated,NULL,N/A
JKHY,$66.14,1440443828676,"252,302",50% bullish,of 2 ratings,$72
JACK,$78.1901,1440443828698,"611,402",83% bullish,of 6 ratings,$105
JAXB,NULL,1440443828755,0,100% bullish,of 1 rating,N/A
JAKK,$9.29,1440443828887,"525,468",60% bearish,of 5 ratings,$11
JAGX,$2.5989,1440443828943,"1,106",Not yet rated,NULL,N/A
JMBA,$12.95,1440443829091,"101,062",75% bullish,of 4 ratings,$18
JASN,$4.75,1440443829223,"19,549",50% bullish,of 2 ratings,$9.50
ERW,NULL,1440443829249,0,Not yet rated,NULL,N/A
JRVR,$25.88,1440443829274,"34,980",Not yet rated,NULL,$32
JASNW,NULL,1440443829384,0,50% bullish,of 2 ratings,N/A
JAZZ,$162.37,1440443829413,"330,826",80% bullish,of 15 ratings,$206.50
JBLU,$20.9694,1440443829484,"7,096,461",94% bullish,of 18 ratings,$27
JD,$23.985,1440443829512,"9,307,796",75% bullish,of 16 ratings,$36
DATE,$5.67,1440443829728,"179,051",75% bullish,of 4 ratings,$9
JTPY,$3.02,1440443829756,"2,421",100% bearish,of 1 rating,N/A
JST,$3.7099,1440443829784,"29,883",75% bullish,of 4 ratings,N/A
JCTCF,$9.514,1440443829813,100,100% bullish,of 1 rating,N/A
