Symbol,Price,Date,Volume,Rating,RatingVoteCount,OneYearEstimate
TFSCW,NULL,1441206602130,0,100% bearish,of 1 rating,N/A
FLWS,$8.44,1441206602232,"78,060",80% bullish,of 5 ratings,$15
FCTY,$7.74,1441206602257,450,100% bullish,of 1 rating,$8.50
FCCY,$11.74,1441206602283,150,100% bullish,of 1 rating,$13
PIH,NULL,1441206602323,0,100% bearish,of 1 rating,N/A
SRCE,$29.33,1441206602418,"4,108",100% bullish,of 3 ratings,$33
DGLD,$80.787,1441206602575,"3,355",100% bullish,of 1 rating,N/A
VNET,$16.87,1441206602609,"119,280",60% bullish,of 5 ratings,$35
DSLV,$71.03,1441206602709,"10,340",100% bearish,of 1 rating,N/A
TWOU,$34.31,1441206602734,"34,821",50% bullish,of 2 ratings,$39
USLV,$12.15,1441206602764,"150,863",86% bullish,of 7 ratings,N/A
UGLD,$9.2999,1441206602909,"79,920",100% bearish,of 1 rating,N/A
JOBS,$25.97,1441206602937,"22,178",50% bullish,of 4 ratings,$36
EGHT,$7.645,1441206603221,"45,518",82% bullish,of 17 ratings,$11
SIXD,$2.67,1441206603268,"9,477",Not yet rated,NULL,N/A
CAFD,$14.83,1441206603312,"29,722",Not yet rated,NULL,$24.50
SHLM,$33.14,1441206603350,"28,863",100% bearish,of 1 rating,$47
AVHI,$13.88,1441206603375,927,100% bearish,of 1 rating,$19
AAON,$19.98,1441206603561,"8,236",100% bearish,of 1 rating,$24
ABGB,$5.22,1441206603666,"7,207",67% bullish,of 3 ratings,$5.50
ABAX,$47.17,1441206603699,"39,711",100% bearish,of 1 rating,$60
ABY,$22.87,1441206603726,"125,084",100% bearish,of 2 ratings,$46
ABEO,$4.8,1441206603827,"20,017",50% bullish,of 4 ratings,$15.50
ABEOW,$1.7625,1441206603882,200,100% bullish,of 1 rating,N/A
ABMD,$94.5399,1441206604080,"79,573",75% bullish,of 4 ratings,$100.50
ACTG,$8.99,1441206604239,"95,041",67% bullish,of 3 ratings,$18.50
AXAS,$1.757,1441206604268,"175,918",78% bullish,of 9 ratings,$3.50
ACHC,$72,1441206604318,"53,259",50% bullish,of 2 ratings,$92
ACAD,$36.7109,1441206604373,"209,765",80% bullish,of 20 ratings,$48
ACST,$0.345,1441206604423,290,100% bullish,of 2 ratings,N/A
AXDX,$19.05,1441206604506,"13,342",100% bearish,of 1 rating,N/A
XLRN,$29.1,1441206604661,"20,038",50% bullish,of 2 ratings,$57
VXDN,$1.7001,1441206604711,"6,395",100% bearish,of 1 rating,N/A
ANCX,$19.9,1441206604797,"4,257",Not yet rated,NULL,$20
ARAY,$6.65,1441206604842,"110,838",100% bearish,of 1 rating,$10.50
VXUP,$1.6707,1441206604889,"14,772",100% bearish,of 1 rating,N/A
ACRX,$4.475,1441206605030,"143,959",67% bearish,of 6 ratings,$5.50
AKAO,$6.84,1441206605217,"6,040",75% bullish,of 4 ratings,$15
ACET,$21.295,1441206605273,"14,349",75% bullish,of 4 ratings,$30
ACHN,$7.25,1441206605298,"542,512",90% bullish,of 21 ratings,$16
ACNB,$20.35,1441206605455,110,Not yet rated,NULL,N/A
ACIW,$21.01,1441206605482,"63,860",67% bearish,of 3 ratings,$24
ACOR,$32.12,1441206605644,"121,969",67% bearish,of 3 ratings,$38.50
ACTS,$1.62,1441206605671,"3,332",100% bearish,of 1 rating,N/A
ACPW,$1.9205,1441206605700,"8,896",100% bullish,of 4 ratings,$3.25
ATVI,$28.475,1441206605804,"2,444,592",67% bullish,of 84 ratings,$31.50
ACUR,$2.87,1441206605981,"1,048",100% bullish,of 5 ratings,$5
ACTA,$13.83,1441206606026,"27,882",67% bearish,of 3 ratings,$25
ACXM,$20.31,1441206606162,"34,887",67% bullish,of 3 ratings,N/A
ADMS,$19.48,1441206606187,"6,584",100% bearish,of 2 ratings,$36
ADAP,$11,1441206606378,"14,210",67% bullish,of 3 ratings,$22
ADUS,$28.99,1441206606455,"3,228",100% bearish,of 1 rating,$31
ADMP,$3.74,1441206606481,300,50% bullish,of 2 ratings,$10
ADEP,$6.72,1441206606535,"6,802",50% bullish,of 2 ratings,$10.75
AEY,$2.35,1441206606562,"1,120",100% bearish,of 2 ratings,N/A
ADRO,$18.86,1441206606794,"49,013",80% bullish,of 5 ratings,$45.50
ADMA,$9.05,1441206606832,"1,031",Not yet rated,NULL,$19
ADTN,$15.76,1441206606857,"43,745",67% bullish,of 3 ratings,$17.125
ADBE,$75.935,1441206606890,"354,587",65% bullish,of 17 ratings,$90
AEIS,$23.89,1441206607034,"18,996",50% bullish,of 2 ratings,$32.50
AMD,$1.7279,1441206607122,"1,493,199",83% bullish,of 103 ratings,$2
TFSC,NULL,1441206607177,0,100% bearish,of 1 rating,N/A
ADXS,$13.59,1441206607203,"146,800",64% bullish,of 14 ratings,$27
TFSCR,NULL,1441206607231,0,Not yet rated,NULL,N/A
ADXSW,$9.1499,1441206607256,"3,240",100% bullish,of 1 rating,N/A
MULT,NULL,1441206607287,0,100% bearish,of 1 rating,N/A
AEGR,$17.77,1441206607395,"36,803",50% bullish,of 6 ratings,$26
TFSCU,NULL,1441206607427,0,Not yet rated,NULL,N/A
YPRO,$22.9,1441206607448,2,100% bearish,of 1 rating,N/A
AEHR,$2.291,1441206607528,"1,700",50% bullish,of 2 ratings,N/A
AEGN,$17.83,1441206607662,"13,683",100% bearish,of 2 ratings,$21
AMTX,$2.73,1441206607687,"2,368",50% bullish,of 2 ratings,$26.11
AVAV,$20.82,1441206607735,"316,720",50% bullish,of 4 ratings,$31
AERI,$15.03,1441206607819,"183,401",75% bullish,of 4 ratings,$31.50
AEMD,$7.3135,1441206607844,"5,404",Not yet rated,NULL,$27.50
AEPI,$53.21,1441206607872,"1,708",100% bearish,of 1 rating,N/A
AEZS,$0.0878,1441206607905,"2,135,188",90% bullish,of 21 ratings,$1.50
AFFX,$9.2,1441206608001,"39,921",80% bullish,of 5 ratings,$12.50
AFMD,$10.435,1441206608028,"48,957",50% bullish,of 4 ratings,$15
AGEN,$6.985,1441206608055,"95,209",85% bullish,of 13 ratings,$14
AGRX,$8.455,1441206608090,"12,281",100% bearish,of 1 rating,$17.50
AGIO,$86.37,1441206608266,"38,137",88% bullish,of 8 ratings,$114
AGYS,$9.74,1441206608296,"1,194",100% bearish,of 1 rating,N/A
AGFS,$9.7,1441206608327,"66,669",100% bearish,of 1 rating,N/A
AGFSW,$1.98,1441206608354,200,100% bearish,of 2 ratings,N/A
AIMT,$21.85,1441206608399,"12,869",Not yet rated,NULL,$35.50
AIRM,$36.1175,1441206608526,"22,609",80% bearish,of 5 ratings,$53
ATSG,$8.75,1441206608599,"31,772",67% bullish,of 3 ratings,$13
AMCN,$4.51,1441206608635,"22,587",83% bullish,of 6 ratings,N/A
AIRT,$22.3,1441206608656,776,100% bullish,of 1 rating,N/A
AKBA,$7.57,1441206608691,"73,849",100% bearish,of 1 rating,$18
AKAM,$70.605,1441206608727,"204,164",63% bullish,of 8 ratings,$77.50
AKER,$2.6,1441206608762,"8,523",Not yet rated,NULL,N/A
AKRX,$38.99,1441206608790,"83,596",78% bullish,of 9 ratings,$56
AIXG,$6.32,1441206608868,"3,027",67% bearish,of 3 ratings,$5.25
ALSK,$2.21,1441206609006,"29,470",78% bullish,of 18 ratings,$2
ALRM,$15.79,1441206609039,"62,273",100% bearish,of 1 rating,$22
AMRI,$19.995,1441206609079,"24,196",75% bearish,of 4 ratings,$24
ADHD,$7.93,1441206609166,"27,258",50% bullish,of 4 ratings,$18
ABDC,$12.78,1441206609191,"10,300",Not yet rated,NULL,$15
ALDX,$6.97,1441206609267,"3,877",100% bearish,of 1 rating,$14.50
ALXN,$173.85,1441206609318,"185,397",88% bullish,of 8 ratings,$223.50
ALGN,$53.8,1441206609343,"136,576",100% bearish,of 2 ratings,$73
ALDR,$40.19,1441206609376,"252,688",67% bearish,of 3 ratings,$62
ALCO,$41.96,1441206609407,"2,508",50% bullish,of 2 ratings,N/A
ALXA,NULL,1441206609428,0,83% bullish,of 6 ratings,$2.125
ALIM,$3.05,1441206609471,"16,210",80% bullish,of 5 ratings,$10
ALGT,$202.58,1441206609560,"35,383",100% bearish,of 2 ratings,$235
ALKS,$60.94,1441206609587,"171,523",67% bullish,of 3 ratings,$75
ALLB,$22.66,1441206609654,300,Not yet rated,NULL,N/A
AIQ,$14,1441206609865,"1,707",67% bullish,of 3 ratings,N/A
AHGP,$35.08,1441206609895,"3,529",67% bullish,of 3 ratings,N/A
AHPI,$1.49,1441206609922,300,50% bullish,of 2 ratings,N/A
ALQA,$4.65,1441206609950,"6,150",75% bullish,of 4 ratings,$8.50
AFOP,$18.53,1441206609976,"40,806",75% bullish,of 8 ratings,$21
ARLP,$25,1441206609996,"71,809",67% bearish,of 3 ratings,$32
AMOT,$17.67,1441206610024,"31,393",100% bearish,of 1 rating,N/A
AFAM,$44.99,1441206610190,"12,028",50% bullish,of 2 ratings,$44
AOSL,$8.06,1441206610227,"48,433",67% bullish,of 3 ratings,$9
ALNY,$98.37,1441206610248,"135,800",67% bullish,of 3 ratings,$151.50
MDRX,$13.335,1441206610310,"416,918",60% bullish,of 5 ratings,$16
ALLT,$5.05,1441206610331,"10,507",75% bullish,of 4 ratings,$6.25
ATEC,$0.588,1441206610364,"2,470",100% bullish,of 1 rating,$2
SMCP,NULL,1441206610386,0,Not yet rated,NULL,N/A
ALTR,$48.49,1441206610543,"333,031",80% bearish,of 5 ratings,$54
ASPS,$25.66,1441206610628,"50,777",67% bullish,of 3 ratings,$46.50
AIMC,$23.8,1441206610710,"19,112",100% bearish,of 2 ratings,$28.50
AMRN,$2.2351,1441206610840,"297,642",85% bullish,of 39 ratings,$8
AMAG,$64.227,1441206610870,"113,383",100% bullish,of 2 ratings,$75
AYA,$20.18,1441206610891,"4,652",100% bearish,of 1 rating,$40
AMZN,$500.05,1441206610924,"562,016",81% bullish,of 267 ratings,$646
AMRK,$10.41,1441206610957,300,50% bullish,of 2 ratings,$14
AMBA,$77.164,1441206611022,"3,470,691",83% bullish,of 12 ratings,$102.50
AMBC,$16.36,1441206611058,"90,642",100% bearish,of 1 rating,$16.50
AMBCW,$8.01,1441206611079,"2,700",100% bearish,of 1 rating,N/A
EPAX,$2.685,1441206611154,"4,267",100% bearish,of 1 rating,N/A
AMCX,$69.48,1441206611212,"156,893",67% bullish,of 3 ratings,$87.50
DOX,$56.23,1441206611244,"61,616",67% bearish,of 3 ratings,$60
AMDA,$0.463,1441206611314,"159,291",90% bullish,of 10 ratings,$1
AMED,$39.42,1441206611341,"43,387",100% bearish,of 1 rating,$42
UHAL,$365.885,1441206611469,"2,533",100% bullish,of 2 ratings,$393.50
ATAX,$5.3205,1441206611609,"1,868",100% bullish,of 1 rating,$6.50
AMOV,$17.63,1441206611638,"3,701",100% bearish,of 1 rating,N/A
AAL,$40.85,1441206611660,"3,264,075",93% bullish,of 88 ratings,$57
AGNCB,$24.266,1441206611682,"1,300",Not yet rated,NULL,N/A
ASBI,NULL,1441206611716,0,Not yet rated,NULL,N/A
AGNCP,$25.32,1441206611746,"4,518",Not yet rated,NULL,N/A
AGNC,$19.045,1441206611849,"418,998",71% bullish,of 28 ratings,$22
MTGE,$15.225,1441206611879,"85,002",75% bullish,of 4 ratings,$19.50
MTGEP,$24.69,1441206611934,200,Not yet rated,NULL,N/A
ACSF,$12.41,1441206611962,"9,123",100% bearish,of 1 rating,$15
ACAS,$13.54,1441206611991,"203,387",60% bullish,of 5 ratings,$16.75
AETI,$3.95,1441206612068,300,67% bearish,of 3 ratings,N/A
ANCI,$1.54,1441206612125,300,100% bearish,of 1 rating,N/A
AMNB,$23.25,1441206612255,508,Not yet rated,NULL,$25.50
ANAT,$97.44,1441206612292,"3,318",100% bullish,of 1 rating,N/A
AMIC,NULL,1441206612324,0,100% bearish,of 1 rating,N/A
APEI,$21.67,1441206612359,"5,559",100% bearish,of 1 rating,$25.50
ARII,$40.03,1441206612379,"46,208",67% bearish,of 3 ratings,$45
AMRB,$10.1,1441206612461,"2,000",Not yet rated,NULL,$11
ASEI,$37.875,1441206612683,"2,095",100% bearish,of 1 rating,$52.50
AMWD,$65.19,1441206612715,"23,481",50% bullish,of 2 ratings,$70
AMSC,$4.79,1441206612741,"16,976",50% bullish,of 4 ratings,N/A
ASRV,$3.27,1441206612778,343,100% bullish,of 2 ratings,N/A
AMSWA,$8.84,1441206612800,"11,898",100% bearish,of 2 ratings,$10.75
ABCB,$26.5,1441206612835,"6,396",Not yet rated,NULL,$31
AMSF,$46.22,1441206612856,"2,461",Not yet rated,NULL,$57.50
CRMT,$35.76,1441206612890,"2,948",100% bearish,of 1 rating,$39
AMGN,$148.15,1441206613231,"643,314",89% bullish,of 19 ratings,$185
ATLO,$23.13,1441206613263,811,Not yet rated,NULL,N/A
FOLD,$14.76,1441206613328,"262,108",56% bullish,of 9 ratings,$21
ASRVP,NULL,1441206613356,0,Not yet rated,NULL,N/A
AMKR,$5.005,1441206613384,"355,837",100% bearish,of 2 ratings,$5
AMSG,$76.865,1441206613413,"23,588",100% bearish,of 1 rating,$85.50
ASYS,$5.37,1441206613434,"3,082",67% bullish,of 3 ratings,$12
AMPH,$13.28,1441206613491,"17,702",50% bullish,of 2 ratings,$20
AFSI,$56.24,1441206613567,"70,427",60% bullish,of 5 ratings,$72
AMSGP,NULL,1441206613601,0,Not yet rated,NULL,N/A
AMRS,$1.62,1441206613631,"34,067",70% bullish,of 10 ratings,N/A
ADI,$53.82,1441206613697,"326,560",75% bullish,of 4 ratings,$69
ANAD,$0.3207,1441206613737,"5,548",100% bullish,of 2 ratings,$.50
ALOG,$80.4,1441206613761,"9,949",100% bearish,of 2 ratings,$100.50
ANAC,$131.1565,1441206613786,"77,258",80% bullish,of 5 ratings,$180.50
ANCB,$21.445,1441206613987,600,Not yet rated,NULL,$23
AMCF,NULL,1441206614010,0,NULL,NULL,NULL
ABCW,$40.42,1441206614059,"1,403",67% bullish,of 3 ratings,N/A
ANIP,$50.2499,1441206614088,"31,296",89% bullish,of 19 ratings,$66
ANGI,$5.02,1441206614141,"48,590",64% bullish,of 11 ratings,$5.50
ANGO,$14.6,1441206614188,"17,314",67% bullish,of 3 ratings,$19
ANIK,$35.06,1441206614277,"21,924",60% bullish,of 5 ratings,$51.25
ANTH,$7.05,1441206614349,"230,711",80% bullish,of 10 ratings,$13
ATRS,$1.85,1441206614380,"137,915",92% bullish,of 12 ratings,$4.50
ANSS,$86.74,1441206614412,"63,472",100% bearish,of 1 rating,$100
ABAC,$0.796,1441206614433,"1,901",100% bearish,of 1 rating,N/A
ATNY,$2.4,1441206614470,300,50% bullish,of 2 ratings,$3.75
APOG,$50.315,1441206614505,"25,965",50% bullish,of 2 ratings,$67
APIC,$6.46,1441206614572,"24,107",100% bearish,of 1 rating,$19
APOL,$10.98,1441206614597,"217,488",87% bearish,of 68 ratings,$14
AINV,$6.31,1441206614774,"176,572",50% bullish,of 4 ratings,$8
AAPL,$109.572,1441206614873,"11,644,531",86% bullish,of 2361 ratings,$150
ARCI,$1.28,1441206614928,112,Not yet rated,NULL,N/A
APDN,$3.38,1441206614959,"8,460",Not yet rated,NULL,$9
AGTC,$15.65,1441206614982,"5,037",50% bullish,of 2 ratings,$33
APDNW,NULL,1441206615005,0,Not yet rated,NULL,N/A
AMCC,$5.61,1441206615056,"75,716",80% bullish,of 5 ratings,$8
APPF,$15.72,1441206615246,"8,921",50% bullish,of 2 ratings,$22
APRI,$1.6709,1441206615268,"165,472",83% bullish,of 6 ratings,$4.86
AMAT,$15.487,1441206615304,"2,536,455",82% bullish,of 11 ratings,$23
AREX,$2.195,1441206615325,"514,439",50% bullish,of 2 ratings,$3
APTO,$5.26,1441206615358,510,Not yet rated,NULL,$17
AAOI,$19.785,1441206615379,"43,386",50% bullish,of 4 ratings,$26
AQMS,$4.86,1441206615400,"1,902",Not yet rated,NULL,N/A
AQXP,$16.5,1441206615633,"44,521",50% bullish,of 2 ratings,$2
AUMAU,NULL,1441206615660,0,Not yet rated,NULL,N/A
AUMA,NULL,1441206615684,0,Not yet rated,NULL,N/A
AUMAW,NULL,1441206615714,0,Not yet rated,NULL,N/A
ARDM,NULL,1441206615835,0,100% bullish,of 1 rating,$26
ARCW,$3.5,1441206615866,"2,252",100% bearish,of 2 ratings,$10.50
PETX,$17.84,1441206615962,"74,264",100% bearish,of 2 ratings,$26
ABUS,$6.995,1441206615995,"201,942",86% bullish,of 14 ratings,$23
RKDA,$5.93,1441206616026,"2,434",100% bearish,of 2 ratings,$10
ABIO,$0.9199,1441206616092,"4,500",50% bullish,of 2 ratings,$3.75
ACAT,$25.5,1441206616122,"22,641",100% bearish,of 3 ratings,$33
ACGL,$68.01,1441206616153,"46,912",50% bullish,of 2 ratings,$72
ARCB,$27.7,1441206616179,"15,739",67% bearish,of 3 ratings,$39.50
ARDX,$18.8,1441206616253,"22,580",50% bullish,of 2 ratings,$24.50
ARCC,$15.4027,1441206616391,"233,414",67% bearish,of 3 ratings,$17.75
ARNA,$2.649,1441206616436,"270,211",90% bullish,of 78 ratings,$5.50
AGII,$54.97,1441206616492,"6,919",Not yet rated,NULL,$59.50
ARIS,$3.65,1441206616595,"1,574",Not yet rated,NULL,$4.50
ARGS,$6.28,1441206616620,"16,930",50% bullish,of 2 ratings,$19.50
AGIIL,$25.29,1441206616671,"1,502",Not yet rated,NULL,N/A
ARIA,$7.569,1441206616697,"4,213,210",87% bullish,of 46 ratings,$9
ARTX,$1.4517,1441206616772,"23,591",88% bullish,of 16 ratings,$4.50
ARKR,$24.95,1441206616832,9,50% bullish,of 2 ratings,N/A
ARWA,NULL,1441206616861,0,Not yet rated,NULL,N/A
ARMH,$42.15,1441206616914,"241,304",54% bearish,of 13 ratings,$60
ARWAW,$0.17,1441206616968,"7,500",Not yet rated,NULL,N/A
ARWAR,NULL,1441206616998,0,Not yet rated,NULL,N/A
ARQL,$1.67,1441206617071,"10,179",75% bullish,of 4 ratings,$5
ARWAU,NULL,1441206617098,0,100% bullish,of 1 rating,N/A
ARRS,$25.77,1441206617239,"146,708",50% bullish,of 2 ratings,$38
ARRY,$5.74,1441206617264,"183,585",100% bullish,of 7 ratings,$10
DWAT,$9.73,1441206617322,"1,200",100% bearish,of 1 rating,N/A
ARWR,$5.61,1441206617406,"458,971",75% bullish,of 4 ratings,$10.50
ARTNA,$21.92,1441206617441,291,100% bearish,of 1 rating,$29
AROW,$27.045,1441206617500,"1,566",Not yet rated,NULL,N/A
ASNA,$12.14,1441206617540,"489,648",50% bullish,of 2 ratings,$18
ARTW,$4.24,1441206617570,207,75% bearish,of 4 ratings,N/A
ASND,$19.23,1441206617601,"4,747",50% bullish,of 2 ratings,$30
ASBB,$24.8,1441206617629,100,Not yet rated,NULL,N/A
ASCMA,$27.55,1441206617671,"6,975",100% bearish,of 1 rating,$45
ASTI,$0.2898,1441206617695,"7,374,698",83% bullish,of 6 ratings,$3
APWC,$1.75,1441206617915,400,100% bearish,of 1 rating,N/A
ASML,$90.18,1441206617941,"429,746",50% bullish,of 4 ratings,$127
ASMI,NULL,1441206617968,0,NULL,NULL,NULL
AZPN,$36.94,1441206618010,"49,389",50% bullish,of 2 ratings,$42
ASFI,$8.89,1441206618077,579,100% bullish,of 1 rating,N/A
ASMB,$13.81,1441206618108,"7,247",67% bullish,of 3 ratings,N/A
ASTE,$38.11,1441206618141,"14,197",100% bearish,of 1 rating,$49
ATRO,$49.45,1441206618246,"12,012",100% bearish,of 2 ratings,$80
ASTC,$2.02,1441206618280,"6,700",100% bullish,of 5 ratings,N/A
ASUR,$5.48,1441206618374,"1,953",50% bullish,of 2 ratings,$8
ATAI,$2.53,1441206618402,"2,100",100% bearish,of 1 rating,N/A
ALOT,NULL,1441206618431,0,100% bearish,of 1 rating,N/A
ATRA,$42.27,1441206618454,"42,550",50% bullish,of 2 ratings,$68
ATHN,$129.09,1441206618484,"38,782",67% bearish,of 3 ratings,$153
AFCB,NULL,1441206618513,0,Not yet rated,NULL,N/A
ATHX,$1.15,1441206618614,"30,166",89% bullish,of 9 ratings,$5
ACFC,$5.5299,1441206618816,"6,821",100% bearish,of 1 rating,$6.50
AAME,$3.6,1441206618851,1,Not yet rated,NULL,N/A
AAPC,NULL,1441206618876,0,Not yet rated,NULL,N/A
ATNI,$72.47,1441206618922,"15,963",100% bearish,of 1 rating,$69.50
ATML,$7.82,1441206619007,"1,092,835",78% bullish,of 9 ratings,$9.50
AAWW,$38.73,1441206619031,"72,739",50% bullish,of 2 ratings,$65
ATLC,$3.86,1441206619059,"1,357",67% bullish,of 3 ratings,N/A
ATOS,$0.81,1441206619091,"11,860",100% bullish,of 7 ratings,$7
AFH,$16.26,1441206619112,"12,690",Not yet rated,NULL,$21.50
ATRC,$24.37,1441206619198,"14,777",100% bullish,of 1 rating,$30
ATRM,$2.83,1441206619258,100,50% bullish,of 2 ratings,N/A
ATRI,$382.94,1441206619287,300,Not yet rated,NULL,N/A
ATTU,$13.04,1441206619387,"5,624",100% bearish,of 1 rating,$20.50
AUBN,$27,1441206619455,100,Not yet rated,NULL,N/A
LIFE,$13.76,1441206619481,"8,706",86% bullish,of 7 ratings,$43
AUDC,$3.31,1441206619559,"10,032",80% bullish,of 5 ratings,$5
ADAT,$0.281,1441206619649,"54,197",100% bullish,of 2 ratings,N/A
AUPH,$3.44,1441206619691,"6,860",100% bearish,of 1 rating,$8
EARS,$4.41,1441206619719,"6,063",100% bearish,of 2 ratings,$11
ABTL,$17.625,1441206619745,"19,800",100% bullish,of 4 ratings,$20.25
ADSK,$44.57,1441206619788,"1,419,504",67% bullish,of 6 ratings,$66
AAVL,$10.3333,1441206619878,"53,709",100% bearish,of 1 rating,$20
AVGO,$120.97,1441206619907,"550,349",88% bullish,of 8 ratings,$165
AVNU,$12.75,1441206619927,"20,504",Not yet rated,NULL,$14
ADP,$75.79,1441206619960,"298,236",100% bearish,of 1 rating,$88
AVEO,$1.36,1441206620137,"120,001",75% bullish,of 8 ratings,$3
AVNW,$1.1999,1441206620165,"11,250",50% bullish,of 2 ratings,N/A
AVID,$8.26,1441206620186,"83,487",100% bearish,of 1 rating,$20
CAR,$43.02,1441206620318,"313,595",80% bullish,of 5 ratings,$60
AVGR,$14.7,1441206620347,"3,051",100% bearish,of 1 rating,$20
AWRE,$3.14,1441206620380,804,67% bullish,of 3 ratings,N/A
AXPWW,NULL,1441206620445,0,Not yet rated,NULL,N/A
AXGN,$4.885,1441206620478,"21,640",Not yet rated,NULL,$5
AXPW,$2.2957,1441206620503,"1,941,271",86% bullish,of 7 ratings,N/A
ACLS,$3.17,1441206620535,"42,035",67% bullish,of 6 ratings,$4.75
BCOM,NULL,1441206620586,0,100% bearish,of 1 rating,N/A
AXTI,$2.17,1441206620632,"1,424",50% bullish,of 2 ratings,$2.75
BOSC,NULL,1441206620716,0,50% bullish,of 2 ratings,N/A
RILY,NULL,1441206620741,0,Not yet rated,NULL,N/A
BEAV,$48.65,1441206620808,"144,590",67% bearish,of 3 ratings,$59
BIDU,$145.24,1441206620833,"370,914",81% bullish,of 88 ratings,$210
BCPC,$57.87,1441206621004,"16,429",100% bearish,of 1 rating,$75
BWINB,$22.63,1441206621080,442,Not yet rated,NULL,N/A
BANF,$59.41,1441206621141,"3,010",Not yet rated,NULL,$68
BANFP,NULL,1441206621170,0,Not yet rated,NULL,N/A
BKMU,$6.96,1441206621199,"2,034",Not yet rated,NULL,$8
BLDP,$1.3,1441206621266,"147,578",91% bullish,of 22 ratings,$2.50
BWINA,NULL,1441206621296,0,Not yet rated,NULL,N/A
BMRC,$48.12,1441206621326,"15,707",Not yet rated,NULL,$52
BOCH,$5.75,1441206621400,"4,146",Not yet rated,NULL,$6.50
BOTJ,NULL,1441206621482,0,Not yet rated,NULL,N/A
BKSC,$16.97,1441206621531,"1,456",Not yet rated,NULL,N/A
OZRK,$39.86,1441206621623,"118,980",67% bullish,of 3 ratings,$49.50
BFIN,$12.2,1441206621661,"13,212",Not yet rated,NULL,$13
BZUN,$4.87,1441206621872,"14,979",50% bullish,of 2 ratings,$11.50
BHACR,NULL,1441206621901,0,Not yet rated,NULL,N/A
TAPR,$33.88,1441206621922,955,100% bearish,of 1 rating,N/A
BWFG,$18.09,1441206621957,"1,563",100% bearish,of 1 rating,N/A
BANR,$43.27,1441206621980,"1,845",100% bullish,of 3 ratings,$50
BHAC,NULL,1441206622001,0,Not yet rated,NULL,N/A
BHACU,NULL,1441206622050,0,Not yet rated,NULL,N/A
BHACW,NULL,1441206622206,0,Not yet rated,NULL,N/A
BSET,$28.06,1441206622237,"3,802",100% bearish,of 1 rating,$35
BBSI,$34.15,1441206622275,"4,360",67% bearish,of 3 ratings,$62.50
BYLK,$12.9,1441206622300,"2,000",Not yet rated,NULL,$14
BYBK,NULL,1441206622337,0,100% bearish,of 1 rating,N/A
BCBP,$11.67,1441206622501,200,Not yet rated,NULL,N/A
BECN,$35.7,1441206622568,"25,833",50% bullish,of 2 ratings,$40
BV,$4.915,1441206622596,"304,635",67% bullish,of 6 ratings,$8.75
BDCV,$4.9,1441206622624,6,100% bearish,of 1 rating,$10.19
BBCN,$13.99,1441206622657,"25,873",100% bearish,of 1 rating,$16
BBGI,NULL,1441206622678,0,100% bearish,of 1 rating,N/A
BEBE,$1.27,1441206622727,"120,678",75% bullish,of 4 ratings,$2.125
BSF,$8.5,1441206622861,109,Not yet rated,NULL,N/A
BELFB,$17.7575,1441206622939,"1,478",100% bearish,of 1 rating,N/A
BBBY,$61.5979,1441206622967,"321,879",71% bullish,of 7 ratings,$75
BELFA,$14.66,1441206622993,7,100% bearish,of 1 rating,N/A
BLPH,$4.1,1441206623136,"11,662",100% bearish,of 1 rating,$12.50
BNCL,$12.38,1441206623168,"78,612",100% bullish,of 3 ratings,$12.50
BNTC,$7.85,1441206623197,900,100% bullish,of 1 rating,N/A
BNFT,$35.75,1441206623223,"27,131",67% bullish,of 3 ratings,$46
BGMD,$0.6631,1441206623265,"43,368",100% bullish,of 10 ratings,N/A
BLCM,$16.66,1441206623295,"13,272",50% bullish,of 4 ratings,$40
BGCP,$8.74,1441206623358,"95,739",88% bullish,of 8 ratings,$14
BGFV,$11.14,1441206623391,"15,795",57% bullish,of 7 ratings,$12
ORPN,$5.63,1441206623502,"1,040",100% bullish,of 1 rating,$28.50
BASI,$1.62,1441206623536,"6,400",Not yet rated,NULL,N/A
BCDA,NULL,1441206623664,0,Not yet rated,NULL,N/A
BIND,$4.8199,1441206623690,"3,198",75% bullish,of 4 ratings,$13.50
BIOC,$1.96,1441206623711,"13,282",83% bullish,of 6 ratings,$3.85
BCRX,$11.39,1441206623772,"87,835",63% bullish,of 8 ratings,$18
BDSI,$6.25,1441206623846,"403,508",88% bullish,of 8 ratings,$17
BIOL,$1.54,1441206623922,"7,626",Not yet rated,NULL,N/A
BIOD,$0.718,1441206623952,"53,128",80% bullish,of 5 ratings,$4
BLFS,$2.29,1441206623985,"110,674",100% bearish,of 1 rating,$4.75
BMRN,$126.8,1441206624009,"63,571",80% bullish,of 5 ratings,$160
BIIB,$298.1301,1441206624034,"221,748",88% bullish,of 16 ratings,$400
BLRX,$1.53,1441206624080,"43,140",100% bullish,of 12 ratings,$5
BVXV,$4.2992,1441206624179,"1,377,045",Not yet rated,NULL,N/A
BVXVW,$0.85,1441206624270,"77,145",100% bearish,of 1 rating,N/A
BPTH,$1.21,1441206624406,"25,512",100% bullish,of 2 ratings,$5
BRLI,NULL,1441206624432,0,NULL,NULL,NULL
BIOS,$2.36,1441206624508,"123,763",71% bullish,of 7 ratings,$4
BSTC,$49.59,1441206624610,"5,192",100% bearish,of 1 rating,$76
BBP,$32,1441206624641,"4,530",Not yet rated,NULL,N/A
BSPM,$0.64,1441206624662,"4,300",50% bullish,of 2 ratings,N/A
BBC,$31.032,1441206624690,"1,807",Not yet rated,NULL,N/A
BEAT,$14.95,1441206624820,"175,133",67% bearish,of 3 ratings,$15
BJRI,$43.08,1441206624907,"26,186",50% bullish,of 2 ratings,$55
BDMS,$12.89,1441206624934,350,100% bearish,of 1 rating,N/A
BITI,$16.7301,1441206624961,"2,802",100% bullish,of 1 rating,$28
TECH,$93.02,1441206624987,"18,664",100% bullish,of 1 rating,$117
BBOX,$14.8254,1441206625121,"7,858",100% bearish,of 1 rating,N/A
BOTA,$2.17,1441206625147,"1,620",88% bullish,of 8 ratings,N/A
BDE,$7.25,1441206625175,"34,636",50% bullish,of 2 ratings,$9
HAWK,$38.15,1441206625304,"42,547",91% bullish,of 11 ratings,$49
BBRY,$7.34,1441206625329,"694,119",61% bullish,of 330 ratings,$9
BLKB,$55.84,1441206625359,"12,288",100% bearish,of 2 ratings,$66
BKCC,$9.22,1441206625470,"60,606",50% bullish,of 2 ratings,$10
ADRE,$28.926,1441206625500,"2,151",100% bearish,of 1 rating,N/A
ADRD,$21.55,1441206625520,"1,844",100% bearish,of 1 rating,N/A
ADRA,$26.34,1441206625558,"1,300",100% bearish,of 1 rating,N/A
ADRU,$21.47,1441206625651,12,100% bearish,of 1 rating,N/A
BLMN,$20.69,1441206625678,"163,290",83% bullish,of 6 ratings,$27.50
BCOR,$13.34,1441206625705,"25,357",57% bullish,of 7 ratings,$15
BUFF,$23.995,1441206625836,"59,721",83% bullish,of 12 ratings,$31.50
BBLU,$0.82,1441206625867,"41,949",100% bullish,of 2 ratings,$4.43
BLBD,$11.84,1441206625887,"3,100",Not yet rated,NULL,N/A
BHBK,$13.81,1441206625969,"10,243",100% bullish,of 1 rating,$14.50
NILE,$33.46,1441206626154,"35,428",50% bullish,of 2 ratings,$34
BKEP,$6.155,1441206626188,"16,836",100% bearish,of 1 rating,$8.50
BPMC,$27.81,1441206626209,"10,101",50% bullish,of 2 ratings,$47.50
BKEPP,$7.59,1441206626243,24,100% bearish,of 1 rating,N/A
BLUE,$129.28,1441206626264,"69,481",71% bullish,of 7 ratings,$217.50
BNCN,$20.57,1441206626285,"19,432",Not yet rated,NULL,$24
BOFI,$107.47,1441206626327,"136,356",100% bullish,of 6 ratings,$144
BOBE,$47.96,1441206626420,"283,147",75% bullish,of 4 ratings,$57
WIFI,$7.47,1441206626554,"11,050",50% bullish,of 2 ratings,$13.50
BOKF,$60.58,1441206626603,"32,063",100% bearish,of 1 rating,$69
BOJA,$20.64,1441206626624,"13,561",100% bullish,of 1 rating,$30
BONA,$11.29,1441206626659,"12,767",75% bullish,of 4 ratings,$8.50
BNSO,$1.2788,1441206626757,100,100% bearish,of 1 rating,N/A
BAMM,$3.19,1441206626815,"1,975",60% bullish,of 5 ratings,N/A
BPFHP,$25,1441206626864,"8,935",100% bearish,of 1 rating,N/A
BPFHW,NULL,1441206626898,0,100% bearish,of 1 rating,N/A
BDBD,$8.32,1441206626991,"60,888",60% bullish,of 5 ratings,$10
BPFH,$11.54,1441206627023,"58,607",100% bearish,of 1 rating,$14
EPAY,$26.3,1441206627050,"27,763",100% bearish,of 2 ratings,$30
BBRG,$12.34,1441206627080,"3,981",67% bullish,of 3 ratings,$14.50
BCLI,$3.07,1441206627107,"14,282",80% bullish,of 5 ratings,$12
BBEP,$2.69,1441206627179,"394,285",69% bullish,of 13 ratings,$5.625
BDGE,$26.27,1441206627357,"1,207",Not yet rated,NULL,$31.75
BLIN,$1.3267,1441206627383,700,100% bullish,of 2 ratings,$2.20
BBEPP,$14.27,1441206627413,"10,763",100% bearish,of 1 rating,N/A
BRID,$8.4001,1441206627435,"1,000",100% bearish,of 1 rating,N/A
BCOV,$5.15,1441206627520,"20,138",67% bullish,of 3 ratings,$10.20
BSFT,$31.23,1441206627599,"26,760",57% bullish,of 7 ratings,$40.50
BRCM,$50.07,1441206627627,"524,888",69% bullish,of 13 ratings,$56
BRCD,$10.12,1441206627659,"553,583",92% bullish,of 13 ratings,$12
BVSN,$6.0499,1441206627681,166,60% bearish,of 5 ratings,N/A
BYFC,NULL,1441206627712,0,50% bullish,of 2 ratings,N/A
BWEN,$3.11,1441206627762,"2,806",75% bullish,of 4 ratings,$8
BRKS,$10.09,1441206627851,"19,567",67% bullish,of 3 ratings,$15.25
BRKL,$10.08,1441206627894,"102,604",100% bearish,of 1 rating,$10.75
BMTC,$28.9,1441206627926,"6,843",Not yet rated,NULL,$34
BRKR,$17.89,1441206627951,"73,361",100% bearish,of 2 ratings,$22
BLMT,$20.84,1441206628030,454,Not yet rated,NULL,N/A
BLDR,$14.635,1441206628243,"87,332",67% bullish,of 3 ratings,$22
BSQR,$5.96,1441206628285,"9,156",67% bullish,of 3 ratings,N/A
CHRW,$67.33,1441206628317,"332,161",Not yet rated,NULL,$72
BUR,NULL,1441206628338,0,100% bearish,of 1 rating,$8
CFFI,$35.59,1441206628366,200,100% bearish,of 1 rating,N/A
CA,$26.655,1441206628396,"277,755",50% bullish,of 4 ratings,$33
BWLD,$191.28,1441206628421,"64,297",82% bullish,of 11 ratings,$205
CDNS,$19.75,1441206628602,"247,480",75% bullish,of 4 ratings,$22.50
CCMP,$42.19,1441206628627,"5,541",50% bullish,of 2 ratings,$59
CACQ,$7.14,1441206628690,"2,583",100% bearish,of 1 rating,$12.25
CSTE,$38.41,1441206628716,"129,908",50% bullish,of 2 ratings,$65
CDZI,$7.9,1441206628736,"3,400",100% bearish,of 1 rating,N/A
CZR,$8.77,1441206628767,"131,703",60% bearish,of 5 ratings,$10.50
CLBS,$1.62,1441206628907,"72,667",79% bullish,of 14 ratings,$4
PRSS,$4.52,1441206628949,"5,222",80% bullish,of 5 ratings,$4.50
CLMS,$9.96,1441206629004,"16,217",Not yet rated,NULL,$10.50
CHI,$10.42,1441206629082,"66,556",100% bearish,of 1 rating,N/A
CHY,$11.29,1441206629112,"66,413",Not yet rated,NULL,N/A
CCD,$19.1399,1441206629144,"24,004",Not yet rated,NULL,N/A
CFGE,$10.33,1441206629165,"2,400",Not yet rated,NULL,N/A
CHW,$7.3972,1441206629244,"54,400",100% bearish,of 1 rating,N/A
CGO,$11.93,1441206629328,"5,791",100% bearish,of 1 rating,N/A
CAMP,$16.0697,1441206629395,"41,856",88% bullish,of 8 ratings,$25
CSQ,$9.7,1441206629426,"84,890",Not yet rated,NULL,N/A
CFNB,$13.3,1441206629527,200,100% bearish,of 1 rating,N/A
CVGW,$56.8,1441206629588,"20,860",50% bullish,of 2 ratings,$62
CALM,$51.7,1441206629666,"159,904",80% bullish,of 5 ratings,$63.50
CLMT,$24.91,1441206629720,"58,732",75% bullish,of 8 ratings,$31
CALD,$15.57,1441206629750,"50,195",100% bearish,of 1 rating,$21
ABCD,$4.98,1441206629778,"24,351",83% bullish,of 6 ratings,N/A
CALA,$5.59,1441206629799,"92,192",67% bullish,of 3 ratings,$19.50
CAMB,$10.05,1441206629820,400,Not yet rated,NULL,N/A
CAMBW,$0.15,1441206629953,200,Not yet rated,NULL,N/A
CAC,$40.31,1441206630006,682,Not yet rated,NULL,N/A
CAMBU,NULL,1441206630032,0,100% bearish,of 1 rating,N/A
CAMT,$2.55,1441206630057,"12,033",73% bullish,of 11 ratings,$4
CSIQ,$17.92,1441206630081,"309,153",86% bullish,of 28 ratings,$42.50
CGIX,$9.47,1441206630211,"2,652",67% bullish,of 3 ratings,$14.375
CPHC,$10.28,1441206630314,100,100% bearish,of 1 rating,N/A
CBF,$30.02,1441206630366,"5,125",Not yet rated,NULL,$32
CBNJ,$11.01,1441206630400,"1,717",100% bearish,of 1 rating,N/A
CPLA,$47.8,1441206630449,"8,118",67% bearish,of 3 ratings,$65
CSWC,$45.3373,1441206630479,"2,430",Not yet rated,NULL,N/A
CCBG,$15.09,1441206630500,"4,814",Not yet rated,NULL,$17.25
CPLP,$7.05,1441206630531,"50,034",71% bullish,of 7 ratings,$11
CPTA,$13.65,1441206630689,"8,454",100% bearish,of 1 rating,$18.50
CFFN,$11.77,1441206630714,"141,210",Not yet rated,NULL,$12.75
CAPN,$2.145,1441206630739,"42,253",100% bullish,of 1 rating,$10.85
CAPNW,$0.6789,1441206630775,100,Not yet rated,NULL,N/A
CPST,$0.3812,1441206630956,"118,076",95% bullish,of 22 ratings,$1.25
CAPR,$4.3101,1441206630999,"5,300",Not yet rated,NULL,$12
CARB,$11.08,1441206631034,"7,002",75% bullish,of 4 ratings,$12
CBYL,$5,1441206631088,"1,808",100% bearish,of 1 rating,$20
CARA,$18.79,1441206631114,"24,438",50% bullish,of 4 ratings,$25
CFNL,$21.81,1441206631135,"12,755",Not yet rated,NULL,$24
CRDC,$0.3399,1441206631167,"5,800",100% bullish,of 1 rating,$1.25
CRME,$9.17,1441206631192,"3,649",89% bullish,of 9 ratings,$11.25
CSII,$23.11,1441206631351,"21,023",100% bearish,of 2 ratings,$42.125
CDNA,NULL,1441206631477,0,100% bearish,of 1 rating,$9
CKEC,$23,1441206631506,"13,568",50% bullish,of 2 ratings,$35.915
CATM,$33.799,1441206631527,"34,366",100% bearish,of 1 rating,$44
CTRE,$10.75,1441206631557,"61,583",50% bullish,of 2 ratings,$13.50
CECO,$3.62,1441206631578,"22,155",67% bearish,of 3 ratings,$6
CLBH,$12.7,1441206631609,300,Not yet rated,NULL,$16.50
CASM,$1.19,1441206631799,"2,482",100% bullish,of 1 rating,$3.50
CARO,NULL,1441206631830,0,100% bearish,of 1 rating,$19
CART,$5.3,1441206631850,"1,000",100% bearish,of 1 rating,N/A
CRTN,$2.5,1441206631909,302,100% bearish,of 1 rating,N/A
CRZO,$33.16,1441206631931,"144,964",67% bearish,of 3 ratings,$54.50
TAST,$12.795,1441206631952,"32,752",Not yet rated,NULL,$14.25
CARV,NULL,1441206631977,0,50% bullish,of 2 ratings,N/A
CWST,$6.16,1441206632136,"10,199",50% bullish,of 2 ratings,$7.25
CASI,$1.33,1441206632177,"1,700",100% bullish,of 1 rating,$3.50
CACB,$5.2899,1441206632202,"2,617",Not yet rated,NULL,$5.50
CASY,$104.96,1441206632235,"57,653",50% bullish,of 2 ratings,$99.50
CSCD,$14.95,1441206632378,"2,339",100% bullish,of 2 ratings,$17
CPRX,$3.6999,1441206632419,"35,876",71% bullish,of 7 ratings,$7
CASS,$47.61,1441206632482,"1,397",100% bearish,of 1 rating,N/A
CATB,$11.32,1441206632504,600,100% bearish,of 1 rating,$28
CAVM,$66.01,1441206632551,"43,200",67% bearish,of 3 ratings,$72
CATYW,NULL,1441206632585,0,100% bearish,of 1 rating,N/A
CATY,$28.59,1441206632607,"51,859",100% bearish,of 1 rating,$33.50
CVCO,$70.38,1441206632679,"5,434",100% bearish,of 1 rating,N/A
CNLM,$9.92,1441206632870,100,Not yet rated,NULL,N/A
CBFV,$20.5601,1441206632901,407,Not yet rated,NULL,$25
CNLMR,NULL,1441206632926,0,Not yet rated,NULL,N/A
CNLMU,NULL,1441206632978,0,100% bullish,of 1 rating,N/A
CNLMW,NULL,1441206633004,0,Not yet rated,NULL,N/A
CBOE,$63.455,1441206633079,"139,659",Not yet rated,NULL,$60
CELG,$117.07,1441206633310,"883,445",92% bullish,of 13 ratings,$156
CDW,$38.37,1441206633345,"84,878",75% bullish,of 4 ratings,$44
CPXX,$2.17,1441206633366,"80,357",100% bullish,of 2 ratings,$7
CDK,$47.7301,1441206633398,"79,264",67% bearish,of 3 ratings,$50
CLDN,$1.145,1441206633428,"10,045",71% bullish,of 7 ratings,$3
CELGZ,$1.82,1441206633455,510,80% bullish,of 5 ratings,N/A
CECE,$9.5101,1441206633534,"18,929",50% bullish,of 2 ratings,$16
CLDX,$14.38,1441206633586,"174,706",89% bullish,of 9 ratings,$36
CLRBW,$0.9201,1441206633669,"1,000",Not yet rated,NULL,N/A
CLRB,$3.02,1441206633697,300,100% bearish,of 1 rating,N/A
CLLS,$31.86,1441206633723,"18,334",75% bullish,of 4 ratings,$51.50
CBMG,$23.07,1441206633774,"13,785",50% bullish,of 2 ratings,N/A
CLSN,$2.03,1441206633911,"5,124",80% bullish,of 10 ratings,$7.50
CYAD,$48,1441206634020,"2,917",100% bullish,of 1 rating,$87.50
CSFL,$13.63,1441206634048,"16,187",Not yet rated,NULL,$15
CETX,$2.371,1441206634086,"3,762",Not yet rated,NULL,$5.60
CEMP,$34,1441206634108,"76,471",71% bullish,of 7 ratings,$52
CFBK,NULL,1441206634182,0,Not yet rated,NULL,N/A
CLTX,$2.3,1441206634209,"52,988",100% bullish,of 2 ratings,N/A
CETV,$2.07,1441206634238,"6,693",67% bullish,of 3 ratings,$2.80
CENTA,$13.05,1441206634438,"32,512",Not yet rated,NULL,N/A
CVCY,$11.7,1441206634485,800,Not yet rated,NULL,$12
CNBKA,$41.35,1441206634515,1,50% bullish,of 2 ratings,N/A
CENT,$12.79,1441206634537,"29,714",Not yet rated,NULL,$10
CENX,$5.13,1441206634566,"441,044",67% bullish,of 6 ratings,$9
CRNT,$1.45,1441206634627,"45,722",50% bullish,of 2 ratings,$2
CNTY,$5.85,1441206634763,"4,760",80% bullish,of 5 ratings,$7.75
CERS,$4.73,1441206634790,"59,464",75% bullish,of 4 ratings,$7
CERU,$4.2,1441206634848,"9,440",75% bullish,of 4 ratings,$14
KOOL,$0.66,1441206634875,"8,083",100% bullish,of 5 ratings,$7
CPHD,$47.65,1441206634924,"78,633",67% bearish,of 3 ratings,$66.50
CERN,$60.55,1441206634950,"238,625",67% bullish,of 3 ratings,$79
CERE,$1.0592,1441206634971,"95,708",88% bullish,of 8 ratings,N/A
CEVA,$18.75,1441206635099,"5,386",100% bearish,of 1 rating,$25
CYOU,$18.98,1441206635153,"29,920",50% bullish,of 6 ratings,$24
HOTR,$1.4,1441206635179,"30,261",100% bullish,of 2 ratings,$5
CHTR,$178.61,1441206635341,"109,542",100% bearish,of 2 ratings,$202
GTLS,$23,1441206635369,"118,129",50% bullish,of 4 ratings,$40
HOTRW,NULL,1441206635390,0,Not yet rated,NULL,N/A
CTHR,$1.29,1441206635426,71,50% bullish,of 2 ratings,$2.50
CHFN,$12.4,1441206635522,"8,862",Not yet rated,NULL,$14
CHKP,$77.93,1441206635552,"223,673",50% bullish,of 4 ratings,$92
CHEKW,$0.74,1441206635616,115,Not yet rated,NULL,N/A
CHEK,$2.3572,1441206635642,"3,681",Not yet rated,NULL,$7.75
CEMI,$4.08,1441206635667,"3,747",50% bullish,of 2 ratings,$7.50
CHFC,$30.89,1441206635800,"6,684",100% bearish,of 1 rating,$36
CCXI,$6.55,1441206635859,"7,435",67% bullish,of 3 ratings,$14
CHKE,$25.43,1441206635902,"17,013",100% bearish,of 1 rating,$32.50
CHMG,$26.5,1441206635959,200,Not yet rated,NULL,$30
CBNK,NULL,1441206636029,0,100% bearish,of 1 rating,N/A
CHEV,$14.57,1441206636054,200,Not yet rated,NULL,N/A
CHMA,$27.05,1441206636121,"31,005",Not yet rated,NULL,$40
CMRX,$49.31,1441206636265,"27,989",50% bullish,of 2 ratings,$57
PLCE,$58.73,1441206636329,"21,726",100% bearish,of 1 rating,$69
CADC,NULL,1441206636354,0,78% bullish,of 9 ratings,N/A
CAAS,$6.035,1441206636397,"3,783",93% bullish,of 14 ratings,$11.50
CBAK,$1.76,1441206636427,"8,975",67% bullish,of 9 ratings,N/A
CCCL,NULL,1441206636493,0,100% bullish,of 6 ratings,N/A
CALI,$0.85,1441206636522,"21,935",67% bullish,of 3 ratings,N/A
CBPO,$94.24,1441206636552,"17,766",75% bullish,of 8 ratings,$140.50
CCCR,NULL,1441206636725,0,67% bearish,of 3 ratings,N/A
CHOP,$1.1,1441206636751,10,50% bullish,of 2 ratings,N/A
HGSH,$1.76,1441206636778,"5,803",67% bullish,of 3 ratings,N/A
JRJC,$3.42,1441206636804,"62,182",82% bullish,of 11 ratings,N/A
CHLN,$1.95,1441206636833,210,67% bullish,of 3 ratings,N/A
CNIT,$1.28,1441206636941,"6,076",67% bullish,of 6 ratings,N/A
CJJD,$1.81,1441206637002,"2,478",100% bullish,of 1 rating,N/A
CHNR,NULL,1441206637078,0,100% bearish,of 1 rating,N/A
CPGI,NULL,1441206637155,0,Not yet rated,NULL,N/A
CSUN,$1.4214,1441206637180,"1,000",80% bullish,of 5 ratings,N/A
CNTF,$0.82,1441206637207,522,Not yet rated,NULL,N/A
HTHT,$25.5,1441206637259,"21,979",50% bullish,of 2 ratings,$28.40
CREG,$0.66,1441206637341,200,100% bullish,of 3 ratings,N/A
CCIH,$7.21,1441206637440,"17,473",67% bullish,of 6 ratings,$12.65
CXDC,$5.93,1441206637467,"5,617",67% bearish,of 3 ratings,N/A
IMOS,$18.886,1441206637517,"76,737",60% bullish,of 5 ratings,$21.50
CNYD,$3.01,1441206637543,210,67% bullish,of 3 ratings,N/A
CNET,$0.8237,1441206637617,"4,941",50% bullish,of 2 ratings,N/A
CHSCM,$26.3,1441206637678,"6,482",Not yet rated,NULL,N/A
CHSCL,$27.15,1441206637742,"1,546",Not yet rated,NULL,N/A
CHSCO,$28.38,1441206637781,185,Not yet rated,NULL,N/A
CHSCN,$26.84,1441206637842,"8,458",Not yet rated,NULL,N/A
CHSCP,$30.5928,1441206637913,400,Not yet rated,NULL,N/A
CHDN,$132.79,1441206637976,"4,674",Not yet rated,NULL,$165
CHUY,$31.6,1441206638049,"26,300",50% bullish,of 2 ratings,$34
CMCT,$15.5,1441206638151,225,100% bearish,of 1 rating,N/A
CIFC,$7.02,1441206638178,3,100% bearish,of 1 rating,N/A
CDTX,$14.16,1441206638243,"2,601",Not yet rated,NULL,$22
CMPR,$67.65,1441206638311,"47,525",50% bullish,of 2 ratings,$72.50
CIDM,$0.56,1441206638338,"7,406",50% bullish,of 2 ratings,$2.10
CTAS,$84.1,1441206638387,"60,945",100% bearish,of 1 rating,$91
CINF,$51.56,1441206638515,"108,181",50% bullish,of 4 ratings,$50.50
CPHR,$4.98,1441206638541,"5,540",100% bearish,of 1 rating,$17
CRUS,$28.99,1441206638615,"100,908",75% bullish,of 12 ratings,$44.50
CSCO,$25.29,1441206638644,"5,132,884",83% bullish,of 210 ratings,$32
CTRN,$25.97,1441206638697,"4,762",100% bearish,of 1 rating,$31.50
CZNC,$19.54,1441206638747,"1,006",Not yet rated,NULL,N/A
CIZN,$19.62,1441206638802,100,Not yet rated,NULL,N/A
CZWI,$8.95,1441206638827,307,Not yet rated,NULL,N/A
CZFC,NULL,1441206638996,0,Not yet rated,NULL,N/A
CIVBP,NULL,1441206639027,0,Not yet rated,NULL,N/A
CTXS,$65.87,1441206639053,"268,521",86% bullish,of 7 ratings,$80
CHCO,$46.79,1441206639093,"3,592",Not yet rated,NULL,$46
CIVB,NULL,1441206639122,0,Not yet rated,NULL,$11
CDTI,$1.575,1441206639219,"14,491",75% bullish,of 4 ratings,$3.20
CLNE,$4.95,1441206639256,"230,199",80% bullish,of 15 ratings,$9
CLNT,$1.48,1441206639319,"1,500",75% bullish,of 8 ratings,N/A
CLRO,$11.33,1441206639382,"1,495",50% bullish,of 2 ratings,$14.25
CLIR,$4.8,1441206639482,"8,980",100% bullish,of 3 ratings,N/A
CLFD,$16.78,1441206639517,"13,141",67% bullish,of 3 ratings,$18
CBLI,$3.9828,1441206639612,"15,313",60% bullish,of 5 ratings,N/A
CSBK,$13.73,1441206639639,"3,789",Not yet rated,NULL,N/A
CLVS,$80.37,1441206639660,"51,616",60% bullish,of 5 ratings,$101.50
CMFN,$11.394,1441206639698,"3,604",100% bearish,of 1 rating,$15.50
CME,$92.3601,1441206639719,"218,092",67% bullish,of 3 ratings,$102
CCNE,$16.94,1441206639805,"2,772",50% bullish,of 2 ratings,$21.50
CWAY,$11.09,1441206639940,369,Not yet rated,NULL,N/A
CISG,$7.81,1441206639965,"6,696",100% bullish,of 5 ratings,$10
CNV,$4.45,1441206640027,610,50% bullish,of 2 ratings,$7.15
COBZ,$12.5999,1441206640052,"6,197",100% bullish,of 1 rating,$14
COKE,$153.62,1441206640109,"3,320",79% bullish,of 19 ratings,N/A
CDRB,$10,1441206640134,"5,928",67% bullish,of 3 ratings,N/A
CDXS,$3.56,1441206640305,"1,800",64% bullish,of 11 ratings,$6
CVLY,NULL,1441206640335,0,Not yet rated,NULL,N/A
CGNT,$1.5655,1441206640388,"3,600",100% bullish,of 2 ratings,$2
CCOI,$27.04,1441206640438,"59,119",50% bullish,of 4 ratings,$35
CGNX,$34.32,1441206640467,"39,796",50% bullish,of 2 ratings,$47
CTSH,$60.98,1441206640524,"681,870",90% bullish,of 10 ratings,$75
JVA,$4.68,1441206640570,"2,200",83% bullish,of 6 ratings,$7
COHR,$55.32,1441206640758,"12,223",50% bullish,of 2 ratings,$72
CHRS,$27.03,1441206640788,"7,792",67% bearish,of 3 ratings,$37
CLCT,$17.2,1441206640817,"7,765",100% bearish,of 1 rating,N/A
COHU,$9.395,1441206640848,"8,764",100% bearish,of 1 rating,$14.25
CLRX,$0.64,1441206640870,"28,760",50% bullish,of 2 ratings,N/A
COLL,$13.9,1441206640920,"39,608",100% bearish,of 1 rating,$26
CIGI,$44.63,1441206640945,"16,800",100% bearish,of 1 rating,$52
COLB,$29.17,1441206641167,"13,300",Not yet rated,NULL,$36
CLCD,$6.12,1441206641202,"18,843",100% bearish,of 1 rating,$20.50
COLM,$59.91,1441206641230,"13,147",100% bearish,of 1 rating,$71
CMCO,$18.66,1441206641255,"13,721",60% bullish,of 5 ratings,$28
CBAN,$8.8,1441206641298,201,Not yet rated,NULL,N/A
CBMX,$1.12,1441206641329,"5,264",83% bullish,of 6 ratings,$3.15
CMCSA,$55.74,1441206641430,"3,288,258",66% bullish,of 35 ratings,$69.50
CBSH,$43.155,1441206641504,"47,437",50% bullish,of 2 ratings,$46
CMCSK,$56.77,1441206641534,"666,311",Not yet rated,NULL,$84
CBSHP,$25.47,1441206641636,600,100% bearish,of 1 rating,N/A
CVGI,$4.88,1441206641668,"15,021",50% bullish,of 2 ratings,$6
COMM,$31.97,1441206641737,"282,068",67% bearish,of 3 ratings,$35
CSAL,$20.3299,1441206641773,"129,395",75% bullish,of 4 ratings,$30
CUBN,$13.5,1441206641819,"1,368",Not yet rated,NULL,N/A
ESXB,$5.09,1441206641971,1,Not yet rated,NULL,N/A
JCS,$9.24,1441206642022,300,67% bullish,of 3 ratings,N/A
CYHHZ,$0.01,1441206642046,"15,071",100% bullish,of 1 rating,N/A
COB,$10.38,1441206642190,"1,137",100% bullish,of 1 rating,$11.75
CTBI,$34.51,1441206642219,"2,593",Not yet rated,NULL,$36
CWBC,$6.85,1441206642240,"18,362",Not yet rated,NULL,N/A
CVLT,$34.99,1441206642295,"53,132",75% bullish,of 4 ratings,$44.50
CID,NULL,1441206642377,0,Not yet rated,NULL,N/A
CIZ,NULL,1441206642423,0,100% bearish,of 1 rating,N/A
CIL,NULL,1441206642447,0,Not yet rated,NULL,N/A
CSA,NULL,1441206642506,0,Not yet rated,NULL,N/A
CSF,NULL,1441206642592,0,100% bearish,of 1 rating,N/A
CDC,$33.84,1441206642696,"1,600",Not yet rated,NULL,N/A
CFO,$34.81,1441206642724,224,100% bearish,of 1 rating,N/A
CFA,NULL,1441206642748,0,100% bearish,of 1 rating,N/A
CGEN,$5.03,1441206642889,"10,279",50% bullish,of 2 ratings,$11
CDL,$33.53,1441206642925,70,Not yet rated,NULL,N/A
CSB,$32.83,1441206642962,72,Not yet rated,NULL,N/A
CHCI,NULL,1441206643062,0,50% bullish,of 2 ratings,N/A
SCOR,$45.36,1441206643100,"260,387",100% bearish,of 1 rating,$66
CPSI,$45.5,1441206643122,"13,475",100% bearish,of 1 rating,$45.50
CTG,$6.53,1441206643216,"4,938",100% bearish,of 1 rating,$8.50
CMTL,$25.63,1441206643243,"6,548",100% bearish,of 2 ratings,$37
CNSI,$18.08,1441206643290,"15,876",100% bearish,of 2 ratings,$29
CNAT,$3.79,1441206643385,"40,522",83% bullish,of 6 ratings,$13
CNCE,$16.14,1441206643417,"15,616",75% bullish,of 4 ratings,$22
CXRX,$77.81,1441206643524,206,100% bearish,of 1 rating,$90
CDORO,$19,1441206643556,160,100% bearish,of 1 rating,N/A
CCUR,$5.29,1441206643631,"1,300",75% bullish,of 4 ratings,N/A
CDOR,$1.34,1441206643713,100,100% bullish,of 1 rating,N/A
CDORP,NULL,1441206643763,0,100% bearish,of 1 rating,N/A
CFMS,$15.24,1441206643792,"83,754",100% bearish,of 1 rating,$26.50
CNMD,$50.78,1441206643824,"62,672",Not yet rated,NULL,$59
CNFR,$9.78,1441206643892,154,Not yet rated,NULL,N/A
CTWS,$34.96,1441206643929,"4,136",100% bearish,of 1 rating,$44
CNXR,$7,1441206644058,"16,803",100% bearish,of 1 rating,$12
CONN,$27.55,1441206644086,"96,131",67% bullish,of 3 ratings,$48.50
CNOB,$18.71,1441206644115,"2,085",100% bullish,of 1 rating,$23.50
CNSL,$19.27,1441206644156,"34,644",100% bearish,of 1 rating,$23
CWCO,$10.32,1441206644216,"8,720",67% bullish,of 3 ratings,$14.50
CTCT,$24,1441206644243,"24,420",67% bullish,of 3 ratings,$37
CPSS,$5.47,1441206644270,"2,258",100% bullish,of 1 rating,$10
CFRXW,NULL,1441206644422,0,100% bearish,of 1 rating,N/A
CFRX,$4.8001,1441206644450,"2,032",Not yet rated,NULL,$14
CFRXZ,NULL,1441206644478,0,Not yet rated,NULL,N/A
CTRV,$3.5601,1441206644504,"4,513",Not yet rated,NULL,$6.40
CTRL,$8.2,1441206644580,"14,321",50% bullish,of 2 ratings,$11
CPRT,$34.51,1441206644689,"56,686",67% bearish,of 3 ratings,$40
CRBP,$1.88,1441206644818,"22,398",100% bullish,of 2 ratings,$6.25
BVA,NULL,1441206644847,0,50% bullish,of 2 ratings,N/A
CORI,$10.42,1441206644877,"7,165",100% bearish,of 1 rating,$18
CORE,$59.9,1441206644898,"18,080",100% bearish,of 1 rating,$72
CORT,$4.96,1441206644926,"50,300",67% bullish,of 3 ratings,$12
CSOD,$35.77,1441206644951,"52,738",50% bullish,of 2 ratings,$42
COST,$138.63,1441206645105,"293,585",79% bullish,of 24 ratings,$154.50
COSI,$1.1,1441206645134,"15,601",100% bullish,of 1 rating,N/A
CSGP,$171.07,1441206645160,"20,399",50% bullish,of 2 ratings,$235
CPAH,NULL,1441206645187,0,50% bullish,of 2 ratings,N/A
CRVL,$30.65,1441206645219,"2,065",100% bearish,of 1 rating,N/A
ICBK,NULL,1441206645319,0,Not yet rated,NULL,$21
CVTI,$22.7,1441206645353,"13,863",67% bearish,of 3 ratings,$39
COVS,$2.655,1441206645382,"15,162",67% bullish,of 3 ratings,N/A
COWN,$5.055,1441206645487,"111,136",75% bullish,of 4 ratings,$7
COWNL,NULL,1441206645512,0,Not yet rated,NULL,N/A
CRAI,$23.26,1441206645644,"3,552",100% bearish,of 1 rating,$36
CPSH,$2.36,1441206645682,100,Not yet rated,NULL,N/A
CBRL,$144.87,1441206645703,"29,004",50% bullish,of 2 ratings,$155
BREW,$7.6885,1441206645778,"2,653",67% bullish,of 6 ratings,$15
GLDI,NULL,1441206645804,0,100% bearish,of 1 rating,N/A
CRAY,$20.35,1441206645828,"32,769",83% bullish,of 6 ratings,$38.50
CREE,$26.25,1441206645963,"175,388",65% bullish,of 17 ratings,$29.50
CRESY,$10.2,1441206645992,"5,756",100% bearish,of 1 rating,$19
CACC,$199.53,1441206646042,"18,561",50% bullish,of 2 ratings,$158.50
SLVO,$10.0896,1441206646067,833,100% bearish,of 1 rating,N/A
CRTO,$38.205,1441206646095,"133,669",67% bullish,of 6 ratings,$64
CROX,$14.06,1441206646230,"72,934",63% bullish,of 8 ratings,$16.50
CRDS,$0.96,1441206646302,"38,400",75% bullish,of 4 ratings,$4.50
CCRN,$13.86,1441206646329,"37,810",100% bearish,of 1 rating,$14.25
CRWN,$4.9,1441206646356,"82,970",75% bullish,of 4 ratings,N/A
CYRX,$2.95,1441206646489,113,Not yet rated,NULL,$9
CYRXW,$0.7701,1441206646520,600,Not yet rated,NULL,N/A
CSGS,$30.25,1441206646548,"12,515",Not yet rated,NULL,$40
CRWS,$7.99,1441206646625,"4,200",Not yet rated,NULL,$10
CSPI,$5.767,1441206646685,753,67% bullish,of 3 ratings,N/A
CTCM,$1.6775,1441206646719,"10,125",80% bearish,of 5 ratings,$3.90
CCLP,$14.37,1441206646740,"22,367",67% bearish,of 3 ratings,$20
CTIC,$1.5525,1441206646769,"143,425",84% bullish,of 76 ratings,$5.75
CTIB,NULL,1441206646813,0,100% bearish,of 1 rating,N/A
CUI,$5.41,1441206646973,"11,692",50% bullish,of 2 ratings,$10
CUNB,$21.35,1441206647000,"1,046",Not yet rated,NULL,$24.50
CPIX,NULL,1441206647060,0,Not yet rated,NULL,N/A
CTRP,$65.055,1441206647087,"263,437",75% bullish,of 8 ratings,$92.50
CRIS,$2.54,1441206647107,"22,629",100% bullish,of 8 ratings,$6
CMLS,$1.35,1441206647240,"68,428",50% bullish,of 4 ratings,$6
CUTR,$14.78,1441206647274,"9,632",67% bearish,of 3 ratings,$18
CVBF,$15.81,1441206647311,"41,686",Not yet rated,NULL,$18
CYBR,$49.63,1441206647407,"283,903",75% bullish,of 8 ratings,$68.50
CVV,$11.225,1441206647440,524,100% bullish,of 5 ratings,N/A
CYBX,$64.015,1441206647462,"34,993",50% bullish,of 4 ratings,$71.50
CYAN,$6.52,1441206647491,"1,400",100% bearish,of 1 rating,N/A
CYBE,$6.77,1441206647660,"1,253",100% bearish,of 1 rating,N/A
CYCC,$0.5697,1441206647688,"6,112",73% bullish,of 11 ratings,N/A
CYCCP,NULL,1441206647826,0,100% bearish,of 1 rating,N/A
CBAY,$2.69,1441206647886,"5,205",100% bullish,of 1 rating,$4
CYNA,$16.2,1441206647913,"7,500",50% bullish,of 2 ratings,$31.50
CYNO,$31.51,1441206647934,"35,539",67% bearish,of 3 ratings,$45.50
CY,$10.02,1441206647969,"2,313,613",80% bullish,of 10 ratings,$15.50
CYRN,$1.767,1441206648069,"1,300",67% bullish,of 3 ratings,$4
CYTX,$0.35,1441206648100,"463,727",83% bullish,of 12 ratings,$5.50
CONE,$30.79,1441206648121,"32,216",67% bearish,of 3 ratings,$35.50
CTSO,$7.287,1441206648158,"25,002",Not yet rated,NULL,$15.625
CYTK,$7,1441206648258,"22,614",71% bullish,of 14 ratings,$13.50
CYTR,$2.36,1441206648279,"78,157",67% bullish,of 6 ratings,$10
DAEG,$0.3699,1441206648310,620,100% bearish,of 1 rating,N/A
TVIZ,$23.76,1441206648389,"10,376",100% bearish,of 1 rating,N/A
TVIX,$17.9798,1441206648489,"4,393,985",81% bullish,of 16 ratings,N/A
XIV,$22.745,1441206648514,"4,788,247",75% bearish,of 4 ratings,N/A
ZIV,$35.49,1441206648595,"29,099",Not yet rated,NULL,N/A
DARA,$0.88,1441206648659,"1,335",83% bullish,of 6 ratings,$1.50
DAKT,$8.52,1441206648686,"30,424",50% bullish,of 2 ratings,$12
DJCO,$196,1441206648715,202,Not yet rated,NULL,N/A
DAIO,$2.6891,1441206648736,654,Not yet rated,NULL,N/A
DWCH,$5.04,1441206648870,"2,886",75% bullish,of 4 ratings,$8.25
DTLK,$5.535,1441206648902,"7,062",100% bearish,of 1 rating,$9
DRAM,$1.35,1441206648935,"5,092",78% bullish,of 9 ratings,N/A
PLAY,$35.28,1441206648961,"38,019",100% bullish,of 5 ratings,$42
DTEA,$12.92,1441206649004,"5,703",100% bearish,of 2 ratings,$24
DWSN,$4.247,1441206649034,"3,753",67% bullish,of 3 ratings,N/A
DBVT,$38.09,1441206649095,"22,286",100% bearish,of 1 rating,$53
TRAK,$62.76,1441206649137,"130,497",50% bullish,of 2 ratings,$62.50
TACO,$12.47,1441206649304,"61,988",75% bullish,of 4 ratings,$20
DFRG,$14.44,1441206649333,"35,166",100% bearish,of 1 rating,$20
DHRM,$1.61,1441206649361,690,Not yet rated,NULL,N/A
TACOW,$3.63,1441206649394,500,100% bullish,of 1 rating,N/A
DGAS,$20.69,1441206649433,158,67% bearish,of 3 ratings,N/A
DCTH,$0.42,1441206649494,"71,101",78% bullish,of 9 ratings,N/A
DELTW,NULL,1441206649524,0,Not yet rated,NULL,N/A
DELT,NULL,1441206649624,0,Not yet rated,NULL,N/A
DENN,$11.18,1441206649760,"102,465",100% bullish,of 3 ratings,$15
DEPO,$26.435,1441206649788,"93,942",60% bullish,of 5 ratings,$29
DERM,$25.86,1441206649814,"10,192",100% bearish,of 1 rating,$33.50
DSCI,$5.77,1441206649835,"20,825",50% bullish,of 2 ratings,$16
XRAY,$51.3,1441206649873,"89,141",100% bullish,of 1 rating,$58
DXLG,$6.17,1441206649967,"23,742",100% bearish,of 1 rating,$8
DEST,$10.87,1441206649992,"5,522",50% bullish,of 2 ratings,N/A
DSWL,$1.6,1441206650122,"2,719",100% bullish,of 1 rating,N/A
DXCM,$88.45,1441206650148,"110,884",57% bullish,of 7 ratings,$98
DHIL,$190.4,1441206650227,202,Not yet rated,NULL,N/A
DXM,$0.2782,1441206650285,"114,273",50% bullish,of 2 ratings,N/A
DHXM,NULL,1441206650311,0,Not yet rated,NULL,N/A
DMND,$29.97,1441206650337,"24,152",75% bullish,of 12 ratings,$32
DCIX,$1.63,1441206650440,"7,454",50% bullish,of 4 ratings,$3.50
FANG,$64.09,1441206650466,"177,118",50% bullish,of 2 ratings,$86
DRNA,$11.01,1441206650519,"18,193",67% bearish,of 3 ratings,$25
DRAD,$3.79,1441206650651,"1,694",100% bullish,of 1 rating,$5.25
DGII,$10.02,1441206650678,"1,334",100% bearish,of 1 rating,$11
DMRC,$36.97,1441206650709,"5,085",100% bearish,of 1 rating,$44
DGLY,$7.37,1441206650730,"110,497",50% bullish,of 6 ratings,$20
APPS,$2.31,1441206650863,"126,221",100% bearish,of 1 rating,$10.25
DCOM,$16.5,1441206650892,"7,155",100% bearish,of 2 ratings,$16
DIOD,$19.07,1441206651025,"16,570",75% bearish,of 4 ratings,$24
DPRX,$14.5887,1441206651050,"2,672",100% bullish,of 2 ratings,$27.75
DISCA,$26.22,1441206651115,"328,840",67% bullish,of 3 ratings,$34
DISCK,$25.13,1441206651241,"206,797",100% bearish,of 1 rating,$32
DISCB,NULL,1441206651279,0,100% bearish,of 1 rating,$35
DISH,$59.22,1441206651310,"193,206",69% bullish,of 13 ratings,$73
DSCO,$0.4221,1441206651336,"95,768",83% bullish,of 6 ratings,$2.75
BAGR,$2.76,1441206651361,"6,500",100% bearish,of 1 rating,$6
DVCR,$10.6591,1441206651416,827,100% bullish,of 1 rating,N/A
DLHC,$2.9,1441206651498,"2,421",100% bearish,of 1 rating,N/A
DLTR,$66.54,1441206651527,"2,704,425",82% bullish,of 11 ratings,$88
DGICA,$14.15,1441206651669,"6,534",100% bearish,of 1 rating,$17
DGICB,NULL,1441206651698,0,100% bearish,of 1 rating,N/A
DNBF,$25.513,1441206651753,500,Not yet rated,NULL,$27.50
DMLP,$15.055,1441206651798,"16,341",100% bearish,of 1 rating,N/A
DORM,$50.33,1441206651827,"30,772",100% bearish,of 1 rating,$56
HILL,$9.685,1441206651928,"290,982",60% bearish,of 5 ratings,$9.75
DRWI,$0.194,1441206652025,"76,212",60% bullish,of 5 ratings,$.45
DSKX,$3.49,1441206652093,"40,052",100% bullish,of 1 rating,N/A
DRYS,$0.4312,1441206652123,"463,776",77% bullish,of 31 ratings,$.60
CADT,$10.02,1441206652144,100,Not yet rated,NULL,N/A
DRWIW,NULL,1441206652172,0,Not yet rated,NULL,N/A
DSPG,$8.61,1441206652204,"4,209",100% bearish,of 1 rating,$13.50
DWA,$19.47,1441206652225,"508,423",63% bullish,of 8 ratings,$26
CADTR,NULL,1441206652375,0,Not yet rated,NULL,N/A
CADTU,NULL,1441206652399,0,Not yet rated,NULL,N/A
CADTW,NULL,1441206652435,0,Not yet rated,NULL,N/A
DTSI,$28.36,1441206652531,"86,803",100% bearish,of 2 ratings,$39.50
DNKN,$49.01,1441206652581,"237,785",67% bullish,of 15 ratings,$56.50
DXPE,$29.76,1441206652690,"26,955",50% bullish,of 2 ratings,N/A
DRRX,$2.07,1441206652725,"32,149",50% bullish,of 6 ratings,$3
DYNT,$3.03,1441206652753,"2,627",75% bullish,of 4 ratings,N/A
DYSL,$1.56,1441206652788,"2,621",100% bullish,of 2 ratings,N/A
DYAX,$22.76,1441206652816,"84,001",89% bullish,of 9 ratings,$30
ETFC,$24.99,1441206652848,"529,035",57% bullish,of 14 ratings,$32.50
DVAX,$28.33,1441206652880,"53,526",70% bullish,of 10 ratings,$40
BOOM,$10.55,1441206652942,"25,244",67% bullish,of 3 ratings,$12
EGBN,$40.99,1441206653106,"10,444",Not yet rated,NULL,$48
EBMT,$12.115,1441206653143,200,Not yet rated,NULL,$13.50
EGLE,$7,1441206653203,"4,608",60% bullish,of 5 ratings,N/A
ELNK,$8.39,1441206653370,"96,542",60% bullish,of 5 ratings,$9.50
EACQU,$10.01,1441206653398,200,Not yet rated,NULL,N/A
EROC,$1.466,1441206653421,"48,942",50% bullish,of 2 ratings,$3
EGRX,$78.04,1441206653450,"34,760",67% bullish,of 3 ratings,$97
EWBC,$38.7,1441206653483,"90,116",100% bearish,of 1 rating,$50
EVBS,$6.66,1441206653504,100,Not yet rated,NULL,$7
EBAY,$26.6,1441206653587,"1,601,909",81% bullish,of 117 ratings,$34
EML,$16.2392,1441206653635,702,Not yet rated,NULL,N/A
EBIX,$28,1441206653663,"37,989",69% bullish,of 13 ratings,$40
ELON,$0.5799,1441206653718,"4,145",50% bullish,of 2 ratings,N/A
ECHO,$22.3,1441206653850,"23,080",67% bearish,of 3 ratings,$34.50
ECTE,$1.4801,1441206653935,"2,090",75% bullish,of 4 ratings,N/A
SATS,$43.5,1441206653999,"16,681",50% bullish,of 2 ratings,$60
ECACU,$10.1,1441206654064,200,Not yet rated,NULL,N/A
ESES,NULL,1441206654164,0,100% bearish,of 1 rating,$7
EEI,$11.6245,1441206654210,800,67% bearish,of 3 ratings,N/A
EDAP,$3.64,1441206654244,"12,313",60% bullish,of 5 ratings,$4.50
EDGW,$7.1,1441206654404,859,100% bearish,of 1 rating,N/A
EDUC,$6.61,1441206654435,"21,106",100% bearish,of 1 rating,N/A
EFUT,NULL,1441206654468,0,Not yet rated,NULL,N/A
EGLT,$12.15,1441206654536,"32,754",50% bullish,of 2 ratings,$21
EGAN,$3.61,1441206654573,725,50% bullish,of 2 ratings,$6.25
LOCO,$12.5524,1441206654594,"95,640",69% bullish,of 13 ratings,$19.50
EMITF,$1.23,1441206654623,72,75% bullish,of 4 ratings,N/A
EHTH,$14.83,1441206654671,"43,963",50% bullish,of 4 ratings,$16.50
ESLT,$78.65,1441206654800,"3,156",67% bullish,of 3 ratings,N/A
ERI,$9.5089,1441206654878,"15,054",100% bearish,of 1 rating,$10
EA,$64.54,1441206654943,"570,132",78% bullish,of 36 ratings,$80
ELRC,$10.41,1441206655013,"2,030",100% bearish,of 1 rating,N/A
EFII,$42.79,1441206655074,"9,566",80% bullish,of 5 ratings,$55
ELSE,NULL,1441206655143,0,60% bullish,of 5 ratings,N/A
ELECU,NULL,1441206655169,0,Not yet rated,NULL,N/A
ESIO,$4.49,1441206655200,"4,603",50% bullish,of 2 ratings,$10
ELEC,NULL,1441206655228,0,Not yet rated,NULL,N/A
EBIO,$3.4,1441206655255,"97,939",100% bearish,of 2 ratings,$8.35
ELECW,NULL,1441206655275,0,Not yet rated,NULL,N/A
CAPX,$22.74,1441206655450,1,Not yet rated,NULL,N/A
ESBK,$19.87,1441206655495,210,Not yet rated,NULL,N/A
RDEN,$11.08,1441206655561,"16,522",100% bearish,of 4 ratings,$15
ELTK,$1.34,1441206655626,"18,964",67% bearish,of 3 ratings,N/A
LONG,$16.91,1441206655693,208,67% bullish,of 3 ratings,$15.75
EMKR,$6.83,1441206655831,"13,988",75% bullish,of 4 ratings,$8.50
EMCF,NULL,1441206655858,0,100% bearish,of 1 rating,N/A
EMMS,$1.18,1441206655881,425,83% bullish,of 6 ratings,N/A
EMMSP,NULL,1441206655919,0,100% bearish,of 1 rating,N/A
EMCI,$22.55,1441206655940,"4,322",Not yet rated,NULL,N/A
ERS,$3.92,1441206656020,"1,834",Not yet rated,NULL,N/A
NYNY,$4.3,1441206656051,"6,253",50% bullish,of 2 ratings,N/A
ENTA,$38.08,1441206656103,"24,364",50% bullish,of 2 ratings,$42
ECPG,$38.47,1441206656203,"27,460",100% bullish,of 2 ratings,$52
ENDP,$73.55,1441206656232,"212,750",50% bullish,of 6 ratings,$101.50
WIRE,$31.46,1441206656257,"14,744",100% bearish,of 1 rating,$37
ELGX,$12.63,1441206656494,"62,077",75% bullish,of 4 ratings,$17
WATT,$7.02,1441206656525,"12,051",50% bullish,of 2 ratings,$13
EFOI,$24.3,1441206656595,"404,393",50% bullish,of 2 ratings,$24.50
EIGI,$14.5699,1441206656623,"38,863",67% bearish,of 3 ratings,$22.50
ENG,$1.0003,1441206656654,"20,900",100% bullish,of 3 ratings,N/A
ECYT,$5.18,1441206656679,"53,139",83% bullish,of 6 ratings,$12
ENOC,$8.67,1441206656714,"31,473",75% bullish,of 4 ratings,$18
EXXI,$1.61,1441206656749,"464,856",86% bullish,of 7 ratings,$3.50
ERII,$2.62,1441206656815,"3,950",80% bullish,of 5 ratings,$2.50
ENPH,$4.32,1441206656841,"230,475",75% bullish,of 4 ratings,$11
ENFC,$17.8,1441206656969,200,Not yet rated,NULL,N/A
ESGR,$148,1441206657027,"7,380",100% bearish,of 1 rating,$185
ENTG,$13.35,1441206657061,"30,293",100% bearish,of 1 rating,$18
ETRM,$0.3147,1441206657170,"3,029,677",69% bearish,of 35 ratings,$1.625
EFSC,$23.77,1441206657199,"3,773",Not yet rated,NULL,$27
EBTC,$21.65,1441206657229,310,Not yet rated,NULL,N/A
ENTL,$21.205,1441206657306,"3,470",Not yet rated,NULL,$28
EGT,$2,1441206657344,"1,801",100% bullish,of 1 rating,N/A
ENZN,$0.9925,1441206657436,"75,823",100% bullish,of 9 ratings,N/A
ENVI,$1.88,1441206657473,"4,852",67% bullish,of 3 ratings,N/A
ENZY,$10.12,1441206657494,"13,092",67% bullish,of 3 ratings,$9.50
EPIQ,$12.8,1441206657524,"7,916",100% bearish,of 1 rating,$18
EPRS,$4.97,1441206657569,"5,682",82% bullish,of 11 ratings,$15
EPZM,$20.731,1441206657597,"83,608",60% bullish,of 5 ratings,$34
EQFN,NULL,1441206657953,0,100% bearish,of 1 rating,N/A
ERIC,$9.595,1441206657981,"482,484",67% bullish,of 9 ratings,$12.20
EQIX,$266.5,1441206658029,"123,698",75% bullish,of 4 ratings,$312.50
PLUS,$72.78,1441206658059,"8,725",50% bullish,of 2 ratings,$88
EAC,$3.43,1441206658090,"2,867",100% bearish,of 1 rating,$8
ESCR,$0.145,1441206658131,"16,348",50% bullish,of 2 ratings,N/A
ESCA,$17.75,1441206658156,"5,652",100% bearish,of 1 rating,$22
ERIE,$80.84,1441206658189,"2,054",Not yet rated,NULL,$73
ESMC,$1.42,1441206658293,440,Not yet rated,NULL,N/A
ESCRP,NULL,1441206658314,0,100% bearish,of 1 rating,N/A
ESPR,$47.04,1441206658402,"118,027",70% bearish,of 10 ratings,$115
EPIX,NULL,1441206658453,0,Not yet rated,NULL,N/A
ETSY,$13.99,1441206658481,"116,484",80% bullish,of 5 ratings,$16
ESSA,$12.92,1441206658501,"4,365",100% bearish,of 1 rating,N/A
ESSX,$0.4896,1441206658536,609,50% bullish,of 2 ratings,N/A
ESND,$33.015,1441206658562,"26,631",100% bearish,of 2 ratings,$40
EEFT,$62.64,1441206658795,"13,672",100% bearish,of 1 rating,$67.50
CLWT,NULL,1441206658883,0,100% bullish,of 1 rating,N/A
EVK,$3.95,1441206658924,200,75% bearish,of 4 ratings,N/A
ESEA,$4.72,1441206658955,"9,385",100% bullish,of 1 rating,$15
EXAS,$21.87,1441206658976,"201,777",78% bullish,of 9 ratings,$31
EVLV,$2.57,1441206659007,"20,297",60% bullish,of 5 ratings,$4.625
EVEP,$8.495,1441206659058,"26,078",50% bullish,of 2 ratings,$15
EXA,$10.49,1441206659137,"12,782",100% bearish,of 1 rating,$13
EVOK,$3.4501,1441206659198,"2,432",100% bearish,of 1 rating,$13.375
EVOL,$5.97,1441206659227,"5,248",75% bullish,of 4 ratings,$10
EXFO,NULL,1441206659266,0,67% bearish,of 3 ratings,$3.95
EXEL,$5.71,1441206659295,"1,500,407",81% bullish,of 16 ratings,$6
EXAC,$19,1441206659329,"6,345",100% bearish,of 1 rating,$22.50
EXLS,$36.546,1441206659396,"22,639",50% bullish,of 2 ratings,$41
EXPE,$111.76,1441206659586,"147,978",64% bullish,of 11 ratings,$130
ESRX,$82.63,1441206659631,"443,562",67% bearish,of 6 ratings,$101
EXPD,$49.08,1441206659739,"216,898",80% bullish,of 5 ratings,$52
EXLP,$20.06,1441206659772,"10,613",100% bearish,of 1 rating,$25
EYEG,$3.828,1441206659793,318,Not yet rated,NULL,N/A
EXTR,$3,1441206659814,"62,396",80% bullish,of 5 ratings,$3
EXPO,$42.16,1441206659851,"8,857",100% bearish,of 1 rating,$45.50
EZCH,$22.48,1441206659878,"14,691",75% bullish,of 8 ratings,$19.50
EYEGW,$1.0001,1441206659948,700,Not yet rated,NULL,N/A
FB,$88.18,1441206660012,"5,318,652",73% bullish,of 1074 ratings,$111
FCS,$13.28,1441206660080,"98,530",67% bearish,of 3 ratings,$17
EZPW,$6.04,1441206660108,"21,955",50% bullish,of 4 ratings,$7
FFIV,$119.15,1441206660134,"154,103",63% bullish,of 8 ratings,$132
FRP,$15.62,1441206660183,"3,786",100% bearish,of 1 rating,$18
FWM,$2.1901,1441206660287,"27,964",100% bearish,of 2 ratings,$3.20
DAVE,$14.68,1441206660441,"1,863",100% bearish,of 1 rating,$15.50
FALC,$1.71,1441206660473,"11,100",63% bearish,of 8 ratings,N/A
FARM,$22.22,1441206660507,"2,899",100% bearish,of 1 rating,$35
FFKT,$25.89,1441206660572,"1,716",Not yet rated,NULL,$29
FMNB,$8.29,1441206660598,100,Not yet rated,NULL,N/A
FAST,$38.11,1441206660623,"423,633",80% bullish,of 5 ratings,$45.50
FARO,$37.87,1441206660648,"13,492",50% bullish,of 2 ratings,$48
FBRC,$21.58,1441206660780,"13,802",100% bearish,of 1 rating,$29
FATE,$6.07,1441206660851,"3,249",50% bullish,of 2 ratings,$11
FBSS,NULL,1441206660881,0,Not yet rated,NULL,N/A
FDML,$8.72,1441206660926,"36,170",50% bullish,of 4 ratings,$14
FEIC,$74.1,1441206660954,"46,216",50% bullish,of 2 ratings,$95.50
FNHC,$21.71,1441206661019,"7,481",100% bearish,of 1 rating,$35
FHCO,$1.4,1441206661123,"1,800",50% bullish,of 4 ratings,N/A
FENX,$9.9,1441206661255,"15,571",100% bullish,of 1 rating,$14.25
FCSC,$5.46,1441206661327,"15,620",100% bearish,of 1 rating,$8.125
ONEQ,$183.67,1441206661356,"7,033",100% bullish,of 1 rating,N/A
LION,$18.92,1441206661460,"10,206",100% bullish,of 1 rating,$20
FGEN,$23.23,1441206661485,"34,223",100% bearish,of 1 rating,$39
FDUS,$14.979,1441206661514,"5,700",50% bullish,of 2 ratings,$18
FSAM,$8.15,1441206661540,401,100% bearish,of 1 rating,$10.25
FSC,$6.55,1441206661569,"93,301",60% bullish,of 5 ratings,$8
FRGI,$51.361,1441206661668,"14,591",50% bullish,of 2 ratings,$70
FSCFL,$24.73,1441206661699,322,Not yet rated,NULL,N/A
FSFR,$8.69,1441206661732,"79,798",100% bearish,of 1 rating,$11.50
FITB,$19.21,1441206661809,"877,868",54% bullish,of 13 ratings,$22
FITBI,$27.42,1441206661836,"6,111",Not yet rated,NULL,N/A
FNGN,$30.28,1441206661861,"43,582",67% bullish,of 3 ratings,$47
FISI,$24.71,1441206661998,666,100% bullish,of 2 ratings,$24.50
FNSR,$15.105,1441206662131,"102,571",71% bullish,of 7 ratings,$24
FNTC,NULL,1441206662164,0,Not yet rated,NULL,N/A
FNTCU,NULL,1441206662187,0,Not yet rated,NULL,N/A
FNJN,$1.77,1441206662207,300,100% bearish,of 1 rating,$5
FEYE,$36.73,1441206662243,"588,975",88% bullish,of 16 ratings,$55.50
FNTCW,NULL,1441206662274,0,Not yet rated,NULL,N/A
FBNC,$16.63,1441206662343,730,100% bullish,of 1 rating,$20
FRBA,$6.1,1441206662370,"6,400",Not yet rated,NULL,$8
BUSE,$6.3575,1441206662505,"13,913",Not yet rated,NULL,$6.875
FCVA,NULL,1441206662534,0,Not yet rated,NULL,N/A
FBIZ,$22.455,1441206662560,"16,470",100% bearish,of 2 ratings,$26
FNLC,$18.67,1441206662581,"1,306",100% bullish,of 1 rating,N/A
FCAP,$26.9,1441206662611,39,Not yet rated,NULL,N/A
FCFS,$39.605,1441206662803,"14,121",100% bearish,of 3 ratings,$47
FCLF,$9.35,1441206662846,271,Not yet rated,NULL,N/A
FCCO,$12.34,1441206662941,300,Not yet rated,NULL,$13.25
FBNK,$16.68,1441206662973,"2,976",100% bearish,of 1 rating,$17.50
FDEF,$36.59,1441206663002,431,Not yet rated,NULL,$38
FCFP,NULL,1441206663023,0,Not yet rated,NULL,N/A
FCNCA,$231.1,1441206663043,"1,107",Not yet rated,NULL,N/A
FCBC,$17.27,1441206663065,"1,236",Not yet rated,NULL,$18
FFBC,$18.01,1441206663296,"15,994",67% bearish,of 3 ratings,$20.25
FFNM,NULL,1441206663335,0,Not yet rated,NULL,N/A
FFBCW,NULL,1441206663363,0,100% bearish,of 1 rating,N/A
FFIN,$29.35,1441206663384,"19,633",50% bullish,of 2 ratings,$31.75
THFF,$32.67,1441206663418,597,Not yet rated,NULL,$35
FFNW,$12.26,1441206663445,"3,740",Not yet rated,NULL,$14
FFWM,$21.15,1441206663466,"1,646",Not yet rated,NULL,$24
FIBK,$26.15,1441206663691,"11,976",Not yet rated,NULL,$32
FMBI,$17.035,1441206663720,"58,215",Not yet rated,NULL,$20
FRME,$25.85,1441206663741,"27,708",Not yet rated,NULL,$26.50
INBK,$31.9,1441206663782,979,50% bullish,of 2 ratings,$37
FNBC,$34.48,1441206663869,"35,577",Not yet rated,NULL,$40
FMBH,NULL,1441206663897,0,Not yet rated,NULL,N/A
FNFG,$8.845,1441206663918,"374,343",80% bullish,of 5 ratings,$9
FSFG,NULL,1441206663953,0,Not yet rated,NULL,N/A
FNWB,$12.1,1441206664067,800,Not yet rated,NULL,N/A
FSGI,$2.47,1441206664103,"2,300",Not yet rated,NULL,N/A
FSBK,$7.82,1441206664133,"1,100",100% bullish,of 1 rating,N/A
FSLR,$47.28,1441206664171,"316,896",72% bullish,of 39 ratings,$65
BICK,NULL,1441206664198,0,100% bullish,of 1 rating,N/A
FBZ,$9.44,1441206664224,200,Not yet rated,NULL,N/A
FCAN,$23.86,1441206664355,101,Not yet rated,NULL,N/A
FTCS,$35.68,1441206664487,"251,255",100% bearish,of 1 rating,N/A
FCA,NULL,1441206664512,0,Not yet rated,NULL,N/A
IFV,$17.37,1441206664541,"69,795",100% bearish,of 1 rating,N/A
FEMB,NULL,1441206664573,0,Not yet rated,NULL,N/A
FEUZ,NULL,1441206664640,0,Not yet rated,NULL,N/A
FTSM,$60,1441206664668,"8,003",100% bearish,of 1 rating,N/A
FV,$22.89,1441206664714,"538,137",100% bearish,of 1 rating,N/A
FGM,$34.9829,1441206664849,272,Not yet rated,NULL,N/A
MDIV,$18.9158,1441206664901,"43,701",Not yet rated,NULL,N/A
FTGC,$22.11,1441206664932,"55,365",Not yet rated,NULL,N/A
FTHI,$19.12,1441206664956,451,Not yet rated,NULL,N/A
HYLS,$49.5,1441206665003,"12,408",100% bearish,of 1 rating,N/A
TDIV,$24.29,1441206665090,"16,409",100% bearish,of 1 rating,N/A
FPXI,$26.4,1441206665249,200,Not yet rated,NULL,N/A
FHK,$32.24,1441206665322,"5,100",Not yet rated,NULL,N/A
YDIV,NULL,1441206665394,0,Not yet rated,NULL,N/A
CU,$12.56,1441206665424,920,100% bearish,of 1 rating,N/A
SKYY,$28.17,1441206665450,"11,372",100% bullish,of 1 rating,N/A
PLTM,$6.205,1441206665533,600,100% bearish,of 1 rating,N/A
FTLB,$18.91,1441206665584,1,100% bearish,of 1 rating,N/A
FJP,$45.01,1441206665619,"12,640",Not yet rated,NULL,N/A
FMB,$51.08,1441206665716,"2,562",Not yet rated,NULL,N/A
CIBR,$17.3487,1441206665745,"8,854",Not yet rated,NULL,N/A
QCLN,$14.7399,1441206665791,"6,378",Not yet rated,NULL,N/A
QABA,$36.57,1441206665820,"1,744",100% bearish,of 1 rating,N/A
LMBS,$50.35,1441206665848,600,Not yet rated,NULL,N/A
FONE,NULL,1441206665878,0,Not yet rated,NULL,N/A
GRID,NULL,1441206665982,0,100% bearish,of 1 rating,N/A
CARZ,NULL,1441206666056,0,100% bearish,of 1 rating,N/A
QTEC,$38.95,1441206666237,"7,035",Not yet rated,NULL,N/A
QQXT,$39.58,1441206666272,"6,918",Not yet rated,NULL,N/A
QQEW,$40.8499,1441206666307,"128,463",Not yet rated,NULL,N/A
FKO,NULL,1441206666332,0,Not yet rated,NULL,N/A
QINC,NULL,1441206666362,0,Not yet rated,NULL,N/A
RDVY,$20.5657,1441206666390,665,Not yet rated,NULL,N/A
AIRR,$16.175,1441206666416,"4,279",100% bearish,of 1 rating,N/A
FTSL,$48.83,1441206666437,"17,313",100% bearish,of 1 rating,N/A
FDIV,NULL,1441206666571,0,100% bearish,of 1 rating,N/A
FSZ,$38.3861,1441206666601,230,Not yet rated,NULL,N/A
FTW,NULL,1441206666637,0,Not yet rated,NULL,N/A
FUNC,$8.15,1441206666706,300,Not yet rated,NULL,N/A
TUSA,$24.37,1441206666732,370,Not yet rated,NULL,N/A
FKU,$41.03,1441206666758,"2,925",Not yet rated,NULL,N/A
SVVC,$9.247,1441206666888,"5,826",50% bullish,of 2 ratings,$26
FMER,$17.14,1441206666913,"99,115",50% bullish,of 2 ratings,$20
FSV,$31.96,1441206666996,"4,300",Not yet rated,NULL,$33.60
FISV,$83.59,1441206667045,"167,939",100% bearish,of 3 ratings,$90
FIVE,$37.17,1441206667108,"227,615",75% bearish,of 4 ratings,$44
FLML,$22.6317,1441206667138,"38,544",50% bullish,of 2 ratings,$30
FPRX,$18.6198,1441206667177,"48,126",50% bullish,of 2 ratings,$35
FLXN,$24.62,1441206667206,"57,250",100% bearish,of 1 rating,$40
FLKS,$11.45,1441206667234,"13,505",50% bullish,of 2 ratings,$27
FIVN,$3.9,1441206667387,"25,442",100% bullish,of 1 rating,$8.50
MBSD,$24.91,1441206667549,315,Not yet rated,NULL,N/A
SKOR,NULL,1441206667575,0,Not yet rated,NULL,N/A
FLXS,$31.03,1441206667600,"2,912",100% bearish,of 2 ratings,N/A
FLEX,$10.2,1441206667649,"345,227",63% bullish,of 8 ratings,$12
FLIR,$28.21,1441206667674,"99,490",100% bearish,of 2 ratings,$38.50
FLDM,$11.31,1441206667855,"38,927",67% bearish,of 3 ratings,$15
FFIC,$19.37,1441206667881,"22,487",Not yet rated,NULL,$20.50
FES,$0.92,1441206667951,"4,479",50% bullish,of 2 ratings,$1
FORM,$6.51,1441206667986,"21,667",67% bullish,of 3 ratings,$10.50
FORTY,$30.17,1441206668050,200,100% bearish,of 1 rating,N/A
FOGO,$19.29,1441206668079,"16,399",50% bullish,of 2 ratings,$25.50
FOMX,$9.97,1441206668104,"10,246",50% bullish,of 2 ratings,$23.50
FORR,$30.99,1441206668268,"4,491",Not yet rated,NULL,N/A
FTNT,$41.0445,1441206668295,"128,574",80% bullish,of 10 ratings,$52
FBIO,$2.66,1441206668325,"12,114",83% bullish,of 6 ratings,N/A
FWRD,$43.88,1441206668432,"13,359",100% bearish,of 1 rating,$50
FORD,$1.6301,1441206668462,"850,764",67% bullish,of 3 ratings,N/A
FOSL,$60.01,1441206668564,"83,561",60% bearish,of 5 ratings,$80
FMI,$23.09,1441206668588,"41,704",100% bearish,of 2 ratings,$27.50
FWP,$26.4604,1441206668614,"8,799",100% bearish,of 1 rating,$45
FOXF,$15.01,1441206668648,"2,615",100% bearish,of 1 rating,$19
FXCB,$17.34,1441206668745,"3,278",Not yet rated,NULL,$19
FELE,$27.526,1441206668773,"50,736",50% bullish,of 4 ratings,$33
FRAN,$11.29,1441206668813,"77,836",50% bullish,of 4 ratings,$15
FRED,$12.83,1441206668905,"17,888",50% bullish,of 2 ratings,$15.50
FONR,$9.68,1441206668937,20,100% bullish,of 1 rating,N/A
RAIL,$20.94,1441206668963,"22,243",100% bearish,of 1 rating,$24.50
FREE,$0.4801,1441206668988,"2,020,855",92% bullish,of 12 ratings,N/A
FEIM,NULL,1441206669154,0,100% bearish,of 1 rating,N/A
FRPT,$12.54,1441206669181,"95,840",67% bearish,of 3 ratings,$23.50
FTR,$5.14,1441206669313,"3,216,854",78% bullish,of 27 ratings,$6.25
FTRPR,$101.83,1441206669391,"1,000",100% bearish,of 1 rating,N/A
FRPH,$31.19,1441206669427,902,100% bearish,of 1 rating,N/A
FTEK,$2.02,1441206669518,"1,629",75% bullish,of 4 ratings,N/A
FSBW,$23.03,1441206669545,"1,780",Not yet rated,NULL,N/A
FSYS,$6.62,1441206669566,"60,219",67% bullish,of 3 ratings,$10
FTD,$29.795,1441206669610,"6,407",100% bearish,of 1 rating,$40
FULL,$3.075,1441206669637,"1,698",67% bearish,of 3 ratings,$4.25
FCEL,$0.821,1441206669703,"371,116",88% bullish,of 41 ratings,$2.65
FULLL,NULL,1441206669731,0,Not yet rated,NULL,N/A
FULT,$11.735,1441206669759,"81,767",100% bearish,of 1 rating,$13
FSNN,NULL,1441206669868,0,67% bullish,of 3 ratings,$6
FLL,$1.46,1441206669893,"11,168",75% bullish,of 4 ratings,$3.50
FFHL,$0.9947,1441206670088,870,50% bullish,of 4 ratings,N/A
FXEN,$0.9941,1441206670232,"56,740",75% bullish,of 4 ratings,$1.10
WILC,$4.88,1441206670270,"2,110",100% bullish,of 2 ratings,N/A
FXENP,NULL,1441206670291,0,100% bearish,of 1 rating,N/A
GK,$66.155,1441206670321,"3,311",Not yet rated,NULL,$78
GAIA,$6.09,1441206670346,671,50% bullish,of 2 ratings,$8.50
GLPG,$56.97,1441206670371,"7,458",100% bullish,of 1 rating,$75
GALT,$2.142,1441206670400,"4,283",80% bullish,of 5 ratings,N/A
GALTU,NULL,1441206670539,0,100% bearish,of 1 rating,N/A
GALTW,NULL,1441206670596,0,100% bullish,of 1 rating,N/A
GALE,$1.595,1441206670626,"180,637",89% bullish,of 47 ratings,$4
GLMD,$8.52,1441206670648,"6,958",67% bullish,of 3 ratings,$20.50
GLPI,$30.745,1441206670705,"70,475",100% bearish,of 1 rating,$37.50
GPIC,$9.76,1441206670730,100,100% bearish,of 1 rating,N/A
GRMN,$37.09,1441206670893,"119,676",50% bullish,of 6 ratings,$46.50
GGAC,NULL,1441206670985,0,100% bearish,of 1 rating,N/A
GGACW,$0.18,1441206671114,"2,716",Not yet rated,NULL,N/A
GGACR,$0.26,1441206671146,"20,000",100% bullish,of 1 rating,N/A
GARS,$14.295,1441206671168,"13,036",Not yet rated,NULL,$16
GENC,NULL,1441206671198,0,100% bearish,of 1 rating,N/A
GGACU,$10.24,1441206671228,100,Not yet rated,NULL,N/A
GNCMA,$16.58,1441206671253,"33,615",100% bearish,of 1 rating,$12
GFNCP,NULL,1441206671284,0,Not yet rated,NULL,N/A
GFN,$3.88,1441206671363,"1,881",100% bearish,of 2 ratings,$8
GENE,$2.34,1441206671467,"11,794",100% bullish,of 12 ratings,N/A
GFNSL,NULL,1441206671492,0,Not yet rated,NULL,N/A
GNCA,$11.2,1441206671542,"11,775",100% bearish,of 1 rating,$20
GNTX,$15.45,1441206671716,"354,718",Not yet rated,NULL,$20
GHDX,$26.36,1441206671742,"47,666",50% bullish,of 2 ratings,$30
GNMK,$9.73,1441206671763,"18,433",67% bullish,of 6 ratings,$14
GTWN,$18.97,1441206671898,500,Not yet rated,NULL,N/A
GNVC,$2.421,1441206671928,"2,804",90% bullish,of 10 ratings,$8.50
THRM,$44.513,1441206671962,"23,469",75% bearish,of 4 ratings,$55.50
GERN,$2.995,1441206671987,"320,492",88% bullish,of 16 ratings,$5.25
GEOS,$16.7,1441206672028,"16,641",100% bearish,of 3 ratings,$21
GABC,$28.54,1441206672059,"4,826",Not yet rated,NULL,$31
GEVO,$2.35,1441206672164,"86,921",75% bullish,of 12 ratings,$5
ROCK,$16.23,1441206672295,"25,712",80% bullish,of 5 ratings,$24
GIGM,$0.525,1441206672321,819,100% bullish,of 2 ratings,N/A
GIGA,$1.5,1441206672341,750,100% bearish,of 1 rating,N/A
GIII,$65.455,1441206672369,"269,782",67% bullish,of 3 ratings,$75
GILD,$102.09,1441206672514,"1,567,199",91% bullish,of 87 ratings,$129
GLAD,$8.75,1441206672621,"39,921",50% bullish,of 2 ratings,$8.75
GOODN,NULL,1441206672649,0,Not yet rated,NULL,N/A
GLADO,$25.5,1441206672682,727,Not yet rated,NULL,N/A
GILT,$4.165,1441206672703,836,50% bullish,of 2 ratings,N/A
GOODP,NULL,1441206672724,0,Not yet rated,NULL,N/A
GOOD,$14.3,1441206672778,"10,566",Not yet rated,NULL,$19
GBCI,$25.6,1441206672859,"83,111",50% bullish,of 2 ratings,$31
GOODO,$25.1,1441206672890,1,Not yet rated,NULL,N/A
GAIN,$7.38,1441206672991,"28,252",100% bullish,of 2 ratings,$8.25
GAINO,$25.19,1441206673020,1,Not yet rated,NULL,N/A
GAINN,$25.128,1441206673057,"8,771",Not yet rated,NULL,N/A
GAINP,$25.61,1441206673206,"4,219",Not yet rated,NULL,N/A
LAND,$9.08,1441206673265,"10,180",50% bullish,of 2 ratings,$13.75
GBT,$49.51,1441206673291,"20,841",100% bearish,of 1 rating,N/A
ENT,$10.99,1441206673365,"10,146",100% bearish,of 1 rating,$18
GDEF,$10.65,1441206673427,400,Not yet rated,NULL,N/A
GLBZ,NULL,1441206673496,0,Not yet rated,NULL,N/A
GPACU,NULL,1441206673520,0,Not yet rated,NULL,N/A
ACTX,NULL,1441206673551,0,100% bullish,of 1 rating,N/A
GBLI,$26.75,1441206673578,"3,574",Not yet rated,NULL,N/A
GSOL,$8.2,1441206673599,"12,119",100% bearish,of 1 rating,N/A
QQQC,$18.235,1441206673730,"3,100",100% bearish,of 1 rating,N/A
SOCL,$17.13,1441206673795,"13,304",100% bullish,of 2 ratings,N/A
ALTY,$14.1116,1441206673997,200,Not yet rated,NULL,N/A
SRET,$12.95,1441206674050,"2,153",Not yet rated,NULL,N/A
GBIM,$2.58,1441206674071,"2,600",50% bullish,of 2 ratings,N/A
YLCO,$11.66,1441206674114,600,Not yet rated,NULL,N/A
GAI,NULL,1441206674148,0,50% bullish,of 2 ratings,N/A
GSM,$13.58,1441206674205,"52,395",50% bullish,of 2 ratings,$22
GLRI,$1.05,1441206674233,"28,882",100% bearish,of 1 rating,$4.25
GLUU,$4.205,1441206674260,"395,753",92% bullish,of 26 ratings,$9
GLYC,$6.96,1441206674292,300,50% bullish,of 2 ratings,$14
GOGO,$15.43,1441206674370,"132,864",80% bullish,of 5 ratings,$25
GLBS,$1.06,1441206674502,300,67% bullish,of 3 ratings,N/A
GLDC,$4.0987,1441206674529,200,50% bullish,of 2 ratings,N/A
GMLP,$20.16,1441206674555,"28,981",50% bullish,of 4 ratings,$29
GLNG,$38.07,1441206674580,"103,896",83% bullish,of 6 ratings,$55.50
GDEN,$8.97,1441206674718,900,50% bullish,of 2 ratings,N/A
GOGL,$2.94,1441206674750,"86,723",75% bullish,of 4 ratings,$5
GBDC,$16.9399,1441206674846,"41,457",Not yet rated,NULL,$17.75
GTIM,$6.75,1441206674878,"2,446",Not yet rated,NULL,$11.50
GOOGL,$636.04,1441206674934,"214,417",88% bullish,of 1082 ratings,$749
GOOG,$604.33,1441206674966,"389,838",88% bullish,of 73 ratings,$787.50
GMAN,$3.63,1441206675068,"6,921",60% bullish,of 5 ratings,$8.50
GPIA,NULL,1441206675098,0,100% bearish,of 1 rating,N/A
GPRO,$39.3995,1441206675118,"6,496,964",78% bullish,of 58 ratings,$72
GPIAW,NULL,1441206675258,0,Not yet rated,NULL,N/A
GRVY,NULL,1441206675288,0,50% bullish,of 2 ratings,N/A
LOPE,$36.54,1441206675309,"22,322",100% bearish,of 2 ratings,$50
GPIAU,$10,1441206675347,200,Not yet rated,NULL,N/A
GBSN,$0.2654,1441206675442,"2,057,531",50% bullish,of 2 ratings,$8.25
GBSNU,NULL,1441206675465,0,NULL,NULL,NULL
GLDD,$5.3,1441206675546,"26,002",100% bearish,of 4 ratings,$7.75
GSBC,$40.34,1441206675595,"3,610",100% bullish,of 1 rating,$44
GNBC,$11.79,1441206675621,"1,999",100% bearish,of 1 rating,$16.50
GPP,$14.36,1441206675806,"3,010",Not yet rated,NULL,$20.50
GRBK,$11.46,1441206675836,"34,843",77% bullish,of 13 ratings,N/A
GPRE,$19.799,1441206675865,"94,424",67% bullish,of 6 ratings,$28.50
GCBC,$28.5,1441206675886,101,100% bullish,of 1 rating,N/A
GLRE,$24.745,1441206675922,"64,568",50% bullish,of 2 ratings,$41
GRIF,NULL,1441206675943,0,100% bearish,of 1 rating,N/A
GRFS,$29.9,1441206675964,"33,193",50% bullish,of 2 ratings,$35
GGAL,$18.44,1441206676180,"23,893",80% bullish,of 5 ratings,$40
OMAB,$40.9,1441206676210,"3,318",100% bullish,of 1 rating,$44
GSIG,$12.59,1441206676235,"4,300",100% bearish,of 2 ratings,N/A
GSIT,$4.62,1441206676260,823,100% bearish,of 1 rating,N/A
GSVC,$8.65,1441206676313,"5,893",50% bullish,of 2 ratings,$15.75
GRPN,$4.31,1441206676418,"980,955",61% bullish,of 71 ratings,$6.75
GTXI,$0.85,1441206676518,"10,846",100% bullish,of 5 ratings,$.75
GBNK,$15.618,1441206676559,"2,413",100% bearish,of 1 rating,$18
GFED,$14.97,1441206676580,300,Not yet rated,NULL,$17
GUID,$6.8,1441206676610,"11,547",100% bearish,of 3 ratings,$10
GULTU,$0.3122,1441206676631,"11,850",100% bearish,of 1 rating,N/A
GURE,$1.69,1441206676666,"5,174",88% bullish,of 8 ratings,N/A
GIFI,$12.47,1441206676689,"8,806",100% bearish,of 1 rating,$16
GWPH,$105.23,1441206676886,"26,363",78% bullish,of 9 ratings,$148.50
GWGH,$8.12,1441206676911,100,100% bearish,of 1 rating,$15.05
GYRO,$29.6,1441206676936,"2,400",100% bearish,of 1 rating,N/A
GPOR,$33.57,1441206677095,"158,483",75% bullish,of 4 ratings,$54
HNRG,$7.46,1441206677119,"23,033",100% bearish,of 1 rating,$10
HALO,$17.4,1441206677182,"171,902",67% bullish,of 3 ratings,$22.50
HLG,NULL,1441206677255,0,100% bearish,of 1 rating,N/A
HEES,$18.885,1441206677280,"119,598",67% bearish,of 3 ratings,$31
HMPR,$1.83,1441206677307,"5,199",100% bullish,of 1 rating,N/A
HALL,$11.39,1441206677336,"1,900",Not yet rated,NULL,N/A
HBK,NULL,1441206677361,0,50% bullish,of 2 ratings,N/A
HNH,$24.72,1441206677492,"3,483",100% bullish,of 1 rating,N/A
HBHC,$26.56,1441206677524,"58,657",50% bullish,of 2 ratings,$30
HBHCL,$24.28,1441206677653,"7,868",Not yet rated,NULL,N/A
HNSN,$0.54,1441206677680,"6,540",88% bullish,of 8 ratings,$.40
HAFC,$23.51,1441206677749,"18,748",100% bullish,of 2 ratings,$28.50
HDNG,$9.929,1441206677854,972,50% bullish,of 4 ratings,N/A
HRMNU,NULL,1441206677882,0,Not yet rated,NULL,N/A
HRMN,NULL,1441206677916,0,Not yet rated,NULL,N/A
HQCL,$12.44,1441206677942,"1,923",67% bullish,of 3 ratings,$14
HLIT,$5.64,1441206677986,"59,575",100% bearish,of 1 rating,$6.50
HART,$1.1501,1441206678074,"99,429",100% bearish,of 1 rating,N/A
HRMNW,$0.4375,1441206678112,100,Not yet rated,NULL,N/A
TINY,$2.44,1441206678140,"1,478",50% bullish,of 2 ratings,$5.26
HBIO,$4.39,1441206678212,"21,725",100% bearish,of 1 rating,$10
HCAPL,$25.45,1441206678284,300,Not yet rated,NULL,N/A
HCAP,$12,1441206678309,587,50% bullish,of 2 ratings,$15
HAS,$74.34,1441206678453,"283,482",63% bullish,of 8 ratings,$84.50
HWKN,$38,1441206678552,"2,456",Not yet rated,NULL,N/A
HCOM,$22.05,1441206678631,886,100% bearish,of 1 rating,$28
HWBK,$13.34,1441206678663,200,100% bearish,of 1 rating,N/A
HA,$23.3,1441206678689,"87,463",67% bullish,of 9 ratings,$27
HDS,$32.08,1441206678718,"289,901",100% bearish,of 2 ratings,$39.50
HAYN,$37.91,1441206678763,"6,365",100% bearish,of 1 rating,$59
HIIQ,$4.71,1441206678822,"11,384",50% bullish,of 2 ratings,$7
HCSG,$32.72,1441206678894,"14,078",50% bullish,of 4 ratings,$35
HQY,$29.29,1441206678919,"35,804",67% bullish,of 3 ratings,$35
HTLD,$19.98,1441206679070,"83,758",Not yet rated,NULL,$22.50
HWAY,$11.785,1441206679101,"41,570",100% bearish,of 1 rating,$15
HSTM,$23.87,1441206679122,"18,208",50% bullish,of 2 ratings,$33.75
HTLF,$35.6,1441206679151,"1,795",100% bullish,of 1 rating,$39.50
HTWR,$66.067,1441206679205,"869,125",50% bullish,of 2 ratings,$103
HTBX,$4.26,1441206679342,"12,790",50% bullish,of 2 ratings,$15.50
HSII,$19.66,1441206679450,"8,484",100% bullish,of 3 ratings,$25
HNNA,$24.65,1441206679488,200,Not yet rated,NULL,N/A
HELE,$82.58,1441206679509,"19,538",67% bearish,of 3 ratings,$100
HMNY,NULL,1441206679540,0,100% bearish,of 1 rating,N/A
HSIC,$133.565,1441206679581,"44,554",83% bullish,of 6 ratings,$146
HCACU,$9.99,1441206679608,700,Not yet rated,NULL,N/A
HMTV,$13.31,1441206679628,"1,539",100% bearish,of 1 rating,$16
HERO,NULL,1441206679757,0,NULL,NULL,NULL
HTBK,$10.34,1441206679807,"3,518",Not yet rated,NULL,$12
HFWA,$17.32,1441206679831,834,100% bullish,of 1 rating,$20
HEOP,$7.57,1441206679905,368,Not yet rated,NULL,$8.50
HCCI,$11.9,1441206680034,"12,455",100% bearish,of 1 rating,$16.50
HRTX,$36.1024,1441206680120,"174,916",57% bullish,of 7 ratings,$41
MLHR,$26.55,1441206680179,"26,440",50% bullish,of 2 ratings,$33.50
HFFC,$15.99,1441206680210,200,Not yet rated,NULL,N/A
HIBB,$38.97,1441206680231,"27,546",100% bearish,of 1 rating,$46.50
HSKA,$34.3,1441206680251,"7,410",100% bearish,of 1 rating,$38
HPJ,$2.1301,1441206680289,"10,810",75% bullish,of 4 ratings,$12.43
HIHO,$4.14,1441206680315,"1,461",Not yet rated,NULL,N/A
HIFS,$118.43,1441206680476,"1,167",Not yet rated,NULL,N/A
HSGX,$6.24,1441206680505,704,100% bearish,of 1 rating,$17
HIMX,$6.519,1441206680550,"579,524",86% bullish,of 21 ratings,$8.50
HMNF,NULL,1441206680610,0,Not yet rated,NULL,N/A
HMSY,$9.76,1441206680683,"126,403",67% bullish,of 3 ratings,$19.35
HBCP,$24.76,1441206680814,7,Not yet rated,NULL,$29
HOLI,$16.75,1441206680891,"65,746",50% bullish,of 4 ratings,$27
HOLX,$37.5,1441206680923,"640,629",50% bullish,of 4 ratings,$42
AWAY,$27.73,1441206680950,"111,630",67% bullish,of 3 ratings,$36
HFBL,$21.66,1441206680971,100,Not yet rated,NULL,N/A
HMIN,$25.35,1441206681009,"12,503",100% bearish,of 2 ratings,$35
HOMB,$37.04,1441206681031,"23,397",Not yet rated,NULL,$42
HMST,$21.6,1441206681065,"33,452",100% bullish,of 2 ratings,$27
HTBI,$17.98,1441206681166,"3,856",67% bullish,of 3 ratings,$18.625
HKTV,$4.26,1441206681247,"14,650",100% bearish,of 1 rating,N/A
CETC,$0.733,1441206681317,"18,064",86% bullish,of 7 ratings,N/A
HFBC,$11.4,1441206681498,"1,400",Not yet rated,NULL,N/A
HOFT,$23.47,1441206681570,"11,317",100% bearish,of 1 rating,N/A
HRZN,$10.4027,1441206681597,"4,786",50% bullish,of 2 ratings,$14.25
HBNC,$23.94,1441206681628,"1,050",100% bullish,of 1 rating,$27
ZINC,$7.015,1441206681682,"293,650",100% bearish,of 1 rating,$17
HZNP,$29.43,1441206681706,"199,973",85% bullish,of 20 ratings,$40
HDP,$23.24,1441206681727,"73,381",67% bearish,of 3 ratings,$30.50
HMHC,$22.01,1441206681765,"113,905",Not yet rated,NULL,$27
HOVNP,$3.95,1441206681864,800,100% bearish,of 1 rating,N/A
HWCC,$7.52,1441206681941,"10,587",100% bearish,of 1 rating,$9
HTGM,$5.79,1441206682033,"1,103",100% bearish,of 1 rating,$19.50
HBMD,$14.4,1441206682070,40,100% bearish,of 1 rating,N/A
HSNI,$60.08,1441206682095,"17,555",Not yet rated,NULL,$80
HUBG,$37.285,1441206682122,"23,865",100% bearish,of 1 rating,$43
HCBK,$8.925,1441206682258,"331,908",83% bullish,of 6 ratings,$8.61
HSON,$2.75,1441206682284,"9,673",100% bearish,of 1 rating,$5
HBAN,$10.515,1441206682332,"1,321,575",76% bullish,of 17 ratings,$12.29
HDSN,$3.1,1441206682364,"5,100",100% bullish,of 1 rating,$6.25
HURN,$72.74,1441206682466,"10,332",50% bullish,of 2 ratings,$80
HURC,$29.31,1441206682495,"2,406",100% bearish,of 1 rating,N/A
HBP,$3.124,1441206682525,"2,376",100% bullish,of 1 rating,N/A
HTCH,$1.41,1441206682550,"29,097",100% bearish,of 1 rating,$3.50
HBANP,$1325,1441206682598,10,100% bearish,of 1 rating,N/A
HDRA,NULL,1441206682733,0,Not yet rated,NULL,N/A
HDRAU,$10.18,1441206682764,900,Not yet rated,NULL,N/A
HDRAR,NULL,1441206682792,0,Not yet rated,NULL,N/A
HYGS,$8.83,1441206682902,"19,587",50% bullish,of 2 ratings,$13
HDRAW,NULL,1441206682926,0,Not yet rated,NULL,N/A
IACI,$69.99,1441206683059,"127,741",80% bullish,of 5 ratings,$90
IKGH,$1.455,1441206683086,"1,000",75% bullish,of 4 ratings,N/A
IDSY,$3.7,1441206683117,"10,700",100% bearish,of 1 rating,$7
IBKC,$58.82,1441206683149,"14,857",100% bullish,of 1 rating,$70
ICAD,$3.77,1441206683176,"21,837",100% bullish,of 2 ratings,$7.25
ICLR,$75.79,1441206683212,"75,933",100% bearish,of 3 ratings,$85
IEP,$70.92,1441206683248,"6,356",75% bullish,of 4 ratings,$99
ICFI,$33.67,1441206683278,"6,562",50% bullish,of 2 ratings,$48.50
ICUI,$110.86,1441206683430,"33,074",Not yet rated,NULL,$122
IPWR,$7.25,1441206683463,"1,800",100% bullish,of 1 rating,$15
ICON,$13.02,1441206683490,"79,729",50% bullish,of 2 ratings,$28
IDRA,$2.86,1441206683697,"149,161",89% bullish,of 9 ratings,$6.50
IROQ,$16.83,1441206683736,100,100% bullish,of 1 rating,N/A
DSKY,$10.85,1441206683758,"11,250",67% bullish,of 6 ratings,$11.50
IDXX,$71.85,1441206683787,"92,210",100% bearish,of 1 rating,$76
IRG,$4.87,1441206683833,"1,916",100% bearish,of 1 rating,$4.25
INVE,$4.52,1441206683854,"8,280",75% bullish,of 4 ratings,$4
RXDX,$13.61,1441206683875,"18,110",100% bullish,of 1 rating,$20
IIVI,$16.39,1441206683938,"36,938",100% bearish,of 1 rating,$22
IKAN,$2.7305,1441206684025,"6,042",83% bullish,of 6 ratings,$5
KANG,$15.53,1441206684098,"59,566",50% bullish,of 2 ratings,$23.10
ISNS,$4.1301,1441206684175,"1,890",50% bullish,of 2 ratings,N/A
IKNX,NULL,1441206684234,0,100% bearish,of 1 rating,N/A
ILMN,$195.0921,1441206684367,"116,216",80% bullish,of 5 ratings,$245
IMMR,$11.44,1441206684396,"66,306",80% bullish,of 5 ratings,$15.50
ICCC,$6.5,1441206684501,"8,307",100% bullish,of 1 rating,N/A
IMNP,$1.25,1441206684543,"26,100",50% bullish,of 2 ratings,$6
IMDZ,$16.24,1441206684571,"13,483",100% bearish,of 1 rating,$33
IMGN,$13.52,1441206684592,"141,685",75% bullish,of 4 ratings,$17.50
IMMU,$2.16,1441206684620,"127,909",86% bullish,of 7 ratings,$2
INCR,$41.55,1441206684721,"42,691",50% bullish,of 2 ratings,$53
IPXL,$40.52,1441206684792,"63,341",67% bullish,of 3 ratings,$46.50
IMMY,$7.6,1441206684853,"1,003",100% bearish,of 1 rating,$11
SAAS,$7,1441206684893,"98,430",50% bullish,of 2 ratings,$15
INDB,$43.99,1441206684920,"4,208",Not yet rated,NULL,$44
INCY,$121.05,1441206684945,"376,640",50% bullish,of 6 ratings,$125.50
IBTX,$39.83,1441206685158,"4,906",100% bullish,of 2 ratings,$47.25
INFN,$21.66,1441206685188,"154,312",71% bullish,of 7 ratings,$28
IBCP,$14.01,1441206685210,"14,892",100% bullish,of 1 rating,$14.50
INFI,$8.91,1441206685248,"51,545",50% bullish,of 4 ratings,$16.50
III,$3.59,1441206685296,"12,350",57% bullish,of 7 ratings,$6
IDSA,NULL,1441206685341,0,Not yet rated,NULL,N/A
IPCC,$75.63,1441206685375,"3,933",Not yet rated,NULL,$77.50
IFON,$1.27,1441206685432,"5,899",75% bullish,of 4 ratings,N/A
IMKTA,$49.73,1441206685566,"8,503",100% bearish,of 1 rating,N/A
INNL,NULL,1441206685639,0,100% bearish,of 1 rating,$16.50
INWK,$6.93,1441206685699,"15,098",50% bullish,of 2 ratings,$10
INOD,$2.39,1441206685771,537,100% bearish,of 1 rating,N/A
IPHS,$46.59,1441206685834,"9,463",100% bearish,of 1 rating,$60
IOSP,$48.88,1441206685855,"51,550",100% bearish,of 1 rating,N/A
ISSC,$2.89,1441206685908,"12,400",67% bearish,of 3 ratings,N/A
ITEK,$11.96,1441206685932,"79,826",100% bearish,of 3 ratings,$20
INGN,$49.1188,1441206685988,"12,302",100% bearish,of 1 rating,$50.50
INOV,$21.56,1441206686093,"29,640",100% bearish,of 1 rating,$33
INO,$7.14,1441206686136,"142,993",89% bullish,of 18 ratings,$20
NSIT,$24.33,1441206686165,"49,641",50% bullish,of 2 ratings,N/A
ISIG,$2.694,1441206686195,575,100% bearish,of 1 rating,N/A
INSM,$24.14,1441206686271,"49,823",71% bullish,of 7 ratings,$31.50
IIIN,$16.99,1441206686347,"9,599",100% bearish,of 2 ratings,N/A
PODD,$28.25,1441206686406,"27,457",67% bearish,of 3 ratings,$35
INSY,$33.28,1441206686536,"114,685",75% bullish,of 4 ratings,$48
NTEC,$5.65,1441206686568,"2,514",100% bearish,of 1 rating,N/A
IDTI,$18.6,1441206686598,"248,964",60% bullish,of 5 ratings,$25
IART,$58.46,1441206686636,"25,758",100% bearish,of 2 ratings,$71.50
IESC,$7.21,1441206686670,"1,605",100% bearish,of 1 rating,N/A
INTC,$28.415,1441206686698,"7,196,332",82% bullish,of 238 ratings,$36
IQNT,$18.39,1441206686767,"32,478",86% bullish,of 7 ratings,$20
ISSI,$21.87,1441206686794,"25,777",67% bullish,of 3 ratings,$19.75
IPCI,$2.22,1441206686933,"11,790",67% bullish,of 6 ratings,$8
ININ,$34.91,1441206686978,"8,448",67% bearish,of 3 ratings,$57
IPAR,$24.74,1441206687034,"5,111",67% bullish,of 3 ratings,$38
IBKR,$37.28,1441206687219,"180,332",100% bullish,of 1 rating,N/A
ICPT,$185.82,1441206687312,"42,806",70% bullish,of 10 ratings,$359.50
ICLD,$1.9,1441206687350,"34,499",75% bullish,of 4 ratings,N/A
ICLDW,$1.17,1441206687413,200,100% bearish,of 1 rating,N/A
TILE,$23.99,1441206687487,"73,855",100% bearish,of 3 ratings,$27
IMI,$2,1441206687519,"1,844",67% bullish,of 3 ratings,$2.22
IDCC,$48.52,1441206687619,"21,984",80% bullish,of 5 ratings,$63
INAP,$9,1441206687652,"111,466",75% bullish,of 4 ratings,$11
IBOC,$24.56,1441206687694,"6,997",100% bearish,of 1 rating,N/A
IIJI,$9.14,1441206687751,100,50% bullish,of 2 ratings,$11.50
ISCA,$31.945,1441206687805,"5,844",100% bearish,of 1 rating,N/A
IGLD,$7.315,1441206687834,120,50% bullish,of 2 ratings,N/A
PTNT,NULL,1441206687905,0,Not yet rated,NULL,N/A
INPH,NULL,1441206687966,0,50% bullish,of 2 ratings,N/A
INTX,$2.09,1441206688033,"24,142",67% bullish,of 3 ratings,N/A
XENT,$25.84,1441206688121,"20,619",50% bullish,of 2 ratings,$36.50
IILG,$19.46,1441206688220,"8,000",100% bearish,of 1 rating,$29
ISIL,$10.26,1441206688251,"127,570",50% bullish,of 6 ratings,$15
IVAC,$4.615,1441206688278,"4,784",100% bearish,of 1 rating,$6.625
ITCI,$26.89,1441206688351,"278,348",75% bearish,of 4 ratings,$40
INTL,$25.7,1441206688416,"14,343",67% bearish,of 3 ratings,N/A
INTLL,NULL,1441206688447,0,Not yet rated,NULL,N/A
IIN,NULL,1441206688516,0,100% bearish,of 1 rating,$12
INTU,$84.75,1441206688546,"373,234",86% bullish,of 7 ratings,$107.50
ISRG,$505.875,1441206688646,"23,074",67% bullish,of 3 ratings,$600
SNAK,$8.3,1441206688712,"11,901",50% bullish,of 2 ratings,$14
INVT,$0.3202,1441206688741,"84,700",67% bullish,of 3 ratings,N/A
ISTR,$15.61,1441206688787,302,100% bearish,of 1 rating,$18.50
ISBC,$11.46,1441206688916,"640,533",100% bullish,of 1 rating,$13.25
IPAS,$1.03,1441206689112,"191,764",67% bullish,of 3 ratings,N/A
DTUL,NULL,1441206689137,0,Not yet rated,NULL,N/A
ITIC,$71.12,1441206689164,400,100% bearish,of 2 ratings,N/A
NVIV,$9.08,1441206689197,"38,090",50% bullish,of 4 ratings,$24.50
DFVL,NULL,1441206689222,0,Not yet rated,NULL,N/A
IVTY,$13.71,1441206689303,"2,900",Not yet rated,NULL,$18
IPGP,$81.65,1441206689334,"40,406",67% bearish,of 3 ratings,$109.50
IPCM,$79.42,1441206689359,"35,881",50% bullish,of 2 ratings,$80.125
IRMD,$23.81,1441206689493,"2,026",67% bearish,of 3 ratings,$25
IRIX,$6.72,1441206689522,"1,000",100% bearish,of 1 rating,N/A
IRDM,$6.815,1441206689555,"127,536",60% bullish,of 5 ratings,$11.50
IRDMB,$265.78,1441206689656,250,67% bearish,of 3 ratings,N/A
IRBT,$29,1441206689681,"40,783",67% bullish,of 6 ratings,$37
IRCP,NULL,1441206689810,0,100% bullish,of 2 ratings,N/A
COMT,$32.79,1441206689838,"2,879",100% bearish,of 1 rating,N/A
IRWD,$10.94,1441206689907,"99,103",100% bearish,of 1 rating,$13
GNMA,$50,1441206689934,200,Not yet rated,NULL,N/A
IFAS,NULL,1441206689963,0,NULL,NULL,NULL
FCHI,NULL,1441206689992,0,NULL,NULL,NULL
IFEU,$37.65,1441206690018,299,Not yet rated,NULL,N/A
IFGL,$27.77,1441206690067,"4,094",Not yet rated,NULL,N/A
IFNA,NULL,1441206690096,0,NULL,NULL,NULL
ACWX,$39.67,1441206690202,"136,975",100% bearish,of 1 rating,N/A
AAXJ,$51.93,1441206690308,"141,560",Not yet rated,NULL,N/A
AAIT,NULL,1441206690359,0,NULL,NULL,NULL
AXJS,NULL,1441206690384,0,NULL,NULL,NULL
ACWI,$54.47,1441206690404,"333,443",Not yet rated,NULL,N/A
EEMA,$49.01,1441206690448,"20,183",Not yet rated,NULL,N/A
EMDI,NULL,1441206690475,0,NULL,NULL,NULL
EEME,NULL,1441206690545,0,NULL,NULL,NULL
EMEY,NULL,1441206690573,0,NULL,NULL,NULL
EGRW,NULL,1441206690674,0,NULL,NULL,NULL
EVAL,NULL,1441206690727,0,NULL,NULL,NULL
EEML,NULL,1441206690807,0,Not yet rated,NULL,N/A
EUFN,$21.312,1441206690836,"31,255",100% bearish,of 1 rating,N/A
IEUS,$44.57,1441206690857,430,100% bearish,of 1 rating,N/A
QAT,$21.33,1441206690990,4,Not yet rated,NULL,N/A
UAE,$17.98,1441206691018,"9,379",Not yet rated,NULL,N/A
IBB,$337.71,1441206691043,"195,133",63% bullish,of 8 ratings,N/A
ICLN,$9.1701,1441206691174,"2,047",50% bullish,of 2 ratings,N/A
EMIF,$27.82,1441206691203,665,Not yet rated,NULL,N/A
SOXX,$80.94,1441206691273,"120,442",50% bullish,of 2 ratings,N/A
WOOD,$46.9462,1441206691307,"9,293",50% bullish,of 2 ratings,N/A
ISHG,$79.67,1441206691355,"10,602",100% bearish,of 1 rating,N/A
INDY,$26.64,1441206691383,"27,349",50% bullish,of 2 ratings,N/A
ISIS,$50.14,1441206691544,"272,539",53% bullish,of 15 ratings,$67
ISLE,$19.7501,1441206691580,"307,220",50% bullish,of 4 ratings,$16
ISRL,$126.18,1441206691675,2,100% bearish,of 1 rating,N/A
IGOV,$90.62,1441206691701,"16,371",100% bearish,of 1 rating,N/A
ITRI,$29.03,1441206691723,"37,791",100% bearish,of 1 rating,$37
ITUS,$4.0499,1441206691757,"1,000",Not yet rated,NULL,N/A
ITRN,$23.9,1441206691856,107,50% bullish,of 2 ratings,N/A
XXIA,$15.075,1441206691886,"36,164",71% bullish,of 7 ratings,$14.625
IXYS,$11.32,1441206691915,"25,220",50% bullish,of 4 ratings,N/A
MAYS,NULL,1441206691940,0,Not yet rated,NULL,N/A
JBHT,$72.12,1441206691990,"99,361",50% bullish,of 4 ratings,$89.50
JJSF,$112.61,1441206692080,"4,743",100% bearish,of 1 rating,N/A
JCOM,$66.91,1441206692170,"31,361",100% bullish,of 2 ratings,$77
JASO,$7.83,1441206692196,"211,329",82% bullish,of 17 ratings,$10
JKHY,$65.73,1441206692273,"78,154",67% bearish,of 3 ratings,$72
JACK,$77.745,1441206692362,"49,018",71% bullish,of 7 ratings,$105
JAXB,NULL,1441206692442,0,100% bullish,of 1 rating,N/A
JAGX,$3.27,1441206692472,"4,604",Not yet rated,NULL,$10.50
JMBA,$14.1,1441206692576,"11,448",75% bullish,of 4 ratings,$18
JXSB,NULL,1441206692606,0,Not yet rated,NULL,N/A
JRVR,$27.18,1441206692632,"7,250",Not yet rated,NULL,$32
JAKK,$9.42,1441206692708,"41,938",60% bearish,of 5 ratings,$11
ERW,NULL,1441206692742,0,Not yet rated,NULL,N/A
JASNW,NULL,1441206692770,0,50% bullish,of 2 ratings,N/A
JASN,$4.82,1441206692790,"4,497",50% bullish,of 2 ratings,$9.50
JAZZ,$165.28,1441206692839,"40,131",80% bullish,of 15 ratings,$206.50
JBLU,$22.935,1441206692973,"1,647,818",94% bullish,of 18 ratings,$27
JD,$24.3125,1441206693001,"1,610,236",75% bullish,of 16 ratings,$36
JTPY,NULL,1441206693103,0,100% bearish,of 1 rating,N/A
DATE,$6.29,1441206693174,"23,849",75% bullish,of 4 ratings,$9
JST,$3.7207,1441206693203,215,75% bullish,of 4 ratings,N/A
JCTCF,$9.65,1441206693233,100,100% bullish,of 1 rating,N/A
JOUT,$24.1,1441206693311,"6,814",100% bearish,of 1 rating,$34
JIVE,$4.561,1441206693345,"38,589",75% bullish,of 4 ratings,$5
JBSS,$50.97,1441206693378,"2,125",67% bearish,of 3 ratings,N/A
WYIGU,NULL,1441206693444,0,100% bearish,of 1 rating,N/A
JOEZ,$0.1798,1441206693499,"26,659",92% bullish,of 12 ratings,N/A
JUNO,$34.38,1441206693525,"228,216",73% bullish,of 11 ratings,$71.50
JNP,$11.64,1441206693573,"16,194",100% bullish,of 3 ratings,$15
KALU,$81.34,1441206693673,"24,262",67% bearish,of 3 ratings,$91
KBIO,$2.06,1441206693763,"8,828",50% bullish,of 4 ratings,N/A
KTWO,$20.88,1441206693809,"12,719",100% bearish,of 1 rating,$28.50
KNDI,$6.2075,1441206693938,"69,468",86% bullish,of 22 ratings,N/A
KCLI,$46.19,1441206693968,"5,537",Not yet rated,NULL,N/A
KMDA,$3.51,1441206693989,"1,500",50% bullish,of 2 ratings,$8
KPTI,$14.01,1441206694028,"91,034",67% bearish,of 3 ratings,$39
KCAP,$4.61,1441206694127,"9,763",75% bullish,of 4 ratings,$6
KBSF,NULL,1441206694153,0,100% bullish,of 1 rating,N/A
KRNY,$11.2988,1441206694185,"86,911",100% bearish,of 1 rating,$12
KELYB,NULL,1441206694229,0,50% bullish,of 2 ratings,N/A
KELYA,$14.285,1441206694289,"12,206",67% bullish,of 6 ratings,$20
KMPH,$19.7,1441206694364,"3,652",100% bearish,of 2 ratings,$22
KERX,$5.84,1441206694433,"159,176",82% bullish,of 11 ratings,$12
KFFB,$8.8,1441206694461,100,100% bearish,of 1 rating,N/A
KEQU,$16.72,1441206694505,300,100% bullish,of 1 rating,N/A
GMCR,$56.02,1441206694530,"582,654",71% bullish,of 42 ratings,$64
KTCC,$10.22,1441206694720,"1,243",100% bearish,of 1 rating,$16
KE,$11.35,1441206694805,"49,764",67% bearish,of 3 ratings,$16
KFRC,$26.4,1441206694833,"18,405",100% bullish,of 2 ratings,$29
KGJI,$0.6601,1441206694855,"21,008",89% bullish,of 9 ratings,N/A
KTEC,$12.14,1441206694890,200,Not yet rated,NULL,N/A
KBAL,$10.48,1441206694911,"17,489",50% bullish,of 2 ratings,N/A
KIN,$5.92,1441206694943,"1,647",50% bullish,of 2 ratings,$6.25
KINS,$8.58,1441206695037,"1,550",100% bullish,of 1 rating,N/A
KONE,NULL,1441206695142,0,Not yet rated,NULL,N/A
KITE,$52.36,1441206695193,"69,286",89% bullish,of 9 ratings,$85
KLAC,$48.2,1441206695219,"163,624",100% bearish,of 1 rating,$61.50
KIRK,$21.84,1441206695240,"8,017",50% bullish,of 2 ratings,$32
KLXI,$38.15,1441206695381,"50,777",100% bearish,of 1 rating,$48.50
KZ,$6.43,1441206695416,"6,800",60% bearish,of 5 ratings,N/A
KONA,$18.21,1441206695446,"14,039",50% bullish,of 2 ratings,$28
KRNT,$11.76,1441206695479,"3,124",50% bullish,of 2 ratings,$18
