Symbol,Price,Date,Volume,Rating,RatingVoteCount,OneYearEstimate
PIH,$7.19,1440533702372,"1,509",100% bearish,of 1 rating,N/A
TFSC,NULL,1440533702429,0,100% bearish,of 1 rating,N/A
VNET,$17.27,1440533702457,"438,780",60% bullish,of 5 ratings,$29.50
TFSCU,$10.14,1440533702478,"1,007",Not yet rated,NULL,N/A
FCTY,$7.87,1440533702614,"9,794",100% bullish,of 1 rating,$8.50
SRCE,$28.37,1440533702719,"22,910",100% bullish,of 3 ratings,$33
TFSCW,$0.2,1440533702854,"4,000",100% bearish,of 1 rating,N/A
TWOU,$34.02,1440533702911,"230,966",50% bullish,of 2 ratings,$39
TFSCR,NULL,1440533702963,0,Not yet rated,NULL,N/A
FLWS,$9.2132,1440533702993,"202,041",100% bullish,of 5 ratings,$15
FCCY,$11.5,1440533703015,"1,169",100% bullish,of 1 rating,$13
DGLD,$79.84,1440533703068,"27,345",100% bullish,of 1 rating,N/A
UGLD,$9.4,1440533703289,"230,372",100% bearish,of 1 rating,N/A
USLV,$12.7,1440533703348,"297,775",86% bullish,of 7 ratings,N/A
JOBS,$27.1662,1440533703373,"159,099",50% bullish,of 4 ratings,$36
DSLV,$69.45,1440533703643,"12,407",100% bearish,of 1 rating,N/A
CAFD,$14.18,1440533703775,"1,318,056",Not yet rated,NULL,$25
SIXD,$3.44,1440533703818,"1,609,130",Not yet rated,NULL,N/A
EGHT,$7.8097,1440533703846,"549,333",82% bullish,of 17 ratings,$11
AVHI,$13.74,1440533703906,"42,998",100% bearish,of 1 rating,$19
SHLM,$32.8026,1440533704060,"101,319",100% bearish,of 1 rating,$50
ABY,$20.04,1440533704092,"1,035,055",100% bearish,of 2 ratings,$46
ABEO,$4.4,1440533704196,"98,004",50% bullish,of 4 ratings,$15.50
ABEOW,$1.86,1440533704335,"13,984",100% bullish,of 1 rating,N/A
ABGB,$4.87,1440533704370,"146,544",67% bullish,of 3 ratings,$5.50
AAON,$20.1788,1440533704579,"119,002",100% bearish,of 1 rating,$24
ABMD,$93.88,1440533704676,"458,674",75% bullish,of 4 ratings,$100.50
ACTG,$8.6676,1440533704707,"373,787",67% bullish,of 3 ratings,$18.50
AXAS,$1.48,1440533704736,"749,434",78% bullish,of 9 ratings,$3.50
ABAX,$46.7823,1440533704762,"116,873",100% bearish,of 1 rating,$60
ANCX,$17.96,1440533705131,"47,315",Not yet rated,NULL,$19
ACHC,$71.3578,1440533705163,"807,589",50% bullish,of 2 ratings,$92
XLRN,$27,1440533705199,"115,491",50% bullish,of 2 ratings,$57
AXDX,$18.5135,1440533705228,"156,281",100% bearish,of 1 rating,N/A
ACAD,$34.7694,1440533705296,"744,348",80% bullish,of 20 ratings,$48
VXDN,$1.78,1440533705325,"279,913",100% bearish,of 1 rating,N/A
ACST,$0.36,1440533705394,"30,349",100% bullish,of 2 ratings,N/A
ARAY,$6.5372,1440533705422,"906,834",100% bearish,of 1 rating,$10.50
VXUP,$1.68,1440533705769,"340,576",100% bearish,of 1 rating,N/A
ACRX,$4.02,1440533705800,"304,758",67% bearish,of 6 ratings,$5.50
ACET,$22.5558,1440533705905,"92,916",75% bullish,of 4 ratings,$30
ACHN,$7.3689,1440533706128,"1,702,975",90% bullish,of 21 ratings,$16
AKAO,$6.27,1440533706173,"59,268",75% bullish,of 4 ratings,$15
ACNB,$19.9,1440533706330,"2,815",Not yet rated,NULL,N/A
ACIW,$20.72,1440533706362,"508,857",50% bullish,of 2 ratings,$24
ACTS,$1.57,1440533706456,"93,268",100% bearish,of 1 rating,N/A
ACUR,$0.521,1440533706561,"172,497",100% bullish,of 5 ratings,$1
ACPW,$1.82,1440533706594,"51,121",100% bullish,of 4 ratings,$3.50
ATVI,$26.6676,1440533706692,"4,125,005",68% bullish,of 84 ratings,$31.50
ACXM,$19.68,1440533706895,"460,378",67% bullish,of 3 ratings,N/A
ACTA,$12.94,1440533706921,"114,734",67% bearish,of 3 ratings,$25
ACOR,$28.96,1440533706969,"2,720,841",67% bearish,of 3 ratings,$38.50
ADMP,$3.49,1440533707051,"38,975",50% bullish,of 2 ratings,$10
ADMS,$19.26,1440533707098,"69,597",100% bearish,of 2 ratings,$36
ADAP,$11.45,1440533707123,"107,418",67% bullish,of 3 ratings,$22
ADUS,$28.18,1440533707272,"33,721",100% bearish,of 1 rating,$31
AEY,$2.32,1440533707377,"17,011",100% bearish,of 2 ratings,N/A
ADBE,$74.57,1440533707429,"3,901,327",65% bullish,of 17 ratings,$90
ADTN,$15.0356,1440533707514,"289,229",67% bullish,of 3 ratings,$17.125
AEIS,$23.51,1440533707565,"135,783",50% bullish,of 2 ratings,$32.50
ADRO,$17.92,1440533707591,"279,145",80% bullish,of 5 ratings,$45.50
ADMA,$9.1,1440533707763,"18,489",Not yet rated,NULL,$19
ADXS,$13.4478,1440533707833,"731,991",64% bullish,of 14 ratings,$27
ADEP,$6.72,1440533707905,"17,753",50% bullish,of 2 ratings,$10.75
ADXSW,$8.67,1440533708036,"3,981",100% bullish,of 1 rating,N/A
MULT,NULL,1440533708121,0,100% bearish,of 1 rating,N/A
AMD,$1.67,1440533708230,"7,729,039",83% bullish,of 103 ratings,$2
YPRO,$22.93,1440533708334,"5,259",100% bearish,of 1 rating,N/A
AEHR,$2.25,1440533708407,"10,035",50% bullish,of 2 ratings,N/A
AEGN,$17.53,1440533708539,"161,253",100% bearish,of 2 ratings,$21
AMTX,$2.59,1440533708596,"25,131",50% bullish,of 2 ratings,$26.11
AEPI,$53.53,1440533708671,"10,129",100% bearish,of 1 rating,N/A
AEGR,$17.02,1440533708697,"299,850",50% bullish,of 6 ratings,$26
AVAV,$23.3674,1440533708722,"114,932",50% bullish,of 4 ratings,$31
AEZS,$0.085,1440533708852,"7,886,718",90% bullish,of 21 ratings,$1.50
AERI,$15.52,1440533709220,"251,602",75% bullish,of 4 ratings,$31.50
AGYS,$9.41,1440533709524,"48,362",100% bearish,of 1 rating,N/A
AEMD,$7.07,1440533709554,"11,886",Not yet rated,NULL,$27.50
AFFX,$8.83,1440533709653,"366,052",80% bullish,of 5 ratings,$12
AGEN,$6.7285,1440533709680,"693,072",85% bullish,of 13 ratings,$14
AFMD,$9.56,1440533709750,"124,804",50% bullish,of 4 ratings,$15
AGRX,$8.23,1440533709810,"17,274",100% bearish,of 1 rating,$17.50
AGIO,$84.0959,1440533709890,"325,720",88% bullish,of 8 ratings,$114
AGFSW,$1.83,1440533710025,"5,943",100% bearish,of 2 ratings,N/A
AIRM,$34.87,1440533710099,"237,397",80% bearish,of 5 ratings,$53
AGFS,$9.76,1440533710138,"144,707",100% bearish,of 1 rating,N/A
ATSG,$8.53,1440533710165,"154,038",67% bullish,of 3 ratings,$13
AIRT,$21.43,1440533710231,"1,300",100% bullish,of 1 rating,N/A
AIMT,$20.74,1440533710262,"90,952",Not yet rated,NULL,N/A
AIXG,$5.65,1440533710594,"32,219",67% bearish,of 3 ratings,$5.25
AKAM,$67.4539,1440533710682,"2,004,138",63% bullish,of 8 ratings,$77
AMCN,$4.42,1440533710707,"580,018",83% bullish,of 6 ratings,N/A
AKRX,$38.55,1440533710732,"639,025",78% bullish,of 9 ratings,$56
ALRM,$15.93,1440533710867,"179,759",100% bearish,of 1 rating,$22
AKBA,$6.2657,1440533710897,"247,400",100% bearish,of 1 rating,$18
AKER,$2.46,1440533710923,"9,025",Not yet rated,NULL,N/A
ALSK,$2.02,1440533710995,"128,460",78% bullish,of 18 ratings,$2
AMRI,$19.23,1440533711095,"242,204",75% bearish,of 4 ratings,$24
ADHD,$7.86,1440533711232,"151,136",50% bullish,of 4 ratings,$18
ALXN,$165.44,1440533711265,"1,572,632",88% bullish,of 8 ratings,$223
ALDR,$37.5775,1440533711287,"589,408",67% bearish,of 3 ratings,$62
ALXA,$1.12,1440533711371,"15,464",83% bullish,of 6 ratings,$2.125
ABDC,$11.76,1440533711418,"41,446",Not yet rated,NULL,$15
ALDX,$6.76,1440533711596,"22,661",100% bearish,of 1 rating,$14.50
ALCO,$40.93,1440533711659,"11,203",50% bullish,of 2 ratings,N/A
ALGN,$55.3325,1440533711738,"429,222",100% bearish,of 2 ratings,$73
ALGT,$216.4911,1440533711831,"99,882",100% bearish,of 2 ratings,$235
ALIM,$3.07,1440533711926,"70,010",80% bullish,of 5 ratings,$10
ALKS,$59.2386,1440533711959,"563,499",67% bullish,of 3 ratings,$75
ALLB,$22.1,1440533711985,600,Not yet rated,NULL,N/A
AHGP,$35,1440533712033,"37,004",67% bullish,of 3 ratings,N/A
AIQ,$13.3,1440533712115,"11,809",67% bullish,of 3 ratings,N/A
ARLP,$24.02,1440533712192,"129,035",67% bearish,of 3 ratings,$32
AFOP,$17.98,1440533712221,"239,653",75% bullish,of 8 ratings,$21
ALQA,$4.16,1440533712452,"34,396",75% bullish,of 4 ratings,$8.50
AMOT,$17.77,1440533712477,"93,234",100% bearish,of 1 rating,N/A
AHPI,$1.49,1440533712523,615,50% bullish,of 2 ratings,N/A
ALLT,$4.89,1440533712738,"127,587",75% bullish,of 4 ratings,$6.25
MDRX,$13.2418,1440533712764,"1,669,687",60% bullish,of 5 ratings,$16
SMCP,$22.24,1440533712793,"2,984",Not yet rated,NULL,N/A
AFAM,$44.0968,1440533712895,"35,889",50% bullish,of 2 ratings,$44
ALNY,$96.1141,1440533712936,"433,973",67% bullish,of 3 ratings,$148.50
AOSL,$7.23,1440533712982,"105,880",67% bullish,of 3 ratings,$9
ATEC,$0.55,1440533713010,"97,435",100% bullish,of 1 rating,$2
ALTR,$46.54,1440533713141,"2,810,245",80% bearish,of 5 ratings,$54
AIMC,$24.04,1440533713203,"84,077",100% bearish,of 2 ratings,$28.50
ASPS,$25.4107,1440533713308,"303,477",67% bullish,of 3 ratings,$46.50
AMAG,$58.96,1440533713428,"422,798",100% bullish,of 2 ratings,$77.50
AMRN,$1.94,1440533713561,"2,805,178",85% bullish,of 39 ratings,$8
AMRK,$10.37,1440533713627,"2,503",50% bullish,of 2 ratings,$14
AMBC,$15.1882,1440533713759,"236,110",100% bearish,of 1 rating,$16.50
AYA,$19.86,1440533713822,"45,862",100% bearish,of 1 rating,$40
AMBCW,$7.25,1440533713955,"8,676",100% bearish,of 1 rating,N/A
AMZN,$470,1440533714047,"3,203,061",81% bullish,of 263 ratings,$646
AMBA,$87,1440533714119,"1,855,674",83% bullish,of 12 ratings,$102.50
AMED,$37.55,1440533714179,"192,036",100% bearish,of 1 rating,$42
DOX,$56.3936,1440533714251,"451,843",50% bullish,of 2 ratings,$60
EPAX,$2.66,1440533714278,"40,425",100% bearish,of 1 rating,N/A
AMDA,$0.435,1440533714305,"961,265",90% bullish,of 10 ratings,$1
AMCX,$69.26,1440533714358,"1,086,587",67% bullish,of 3 ratings,$87.50
UHAL,$361.16,1440533714607,"29,048",100% bullish,of 2 ratings,$393.50
ASBI,$21.98,1440533714701,300,Not yet rated,NULL,N/A
AMOV,$17.46,1440533714837,"20,657",100% bearish,of 1 rating,N/A
ATAX,$5.08,1440533715026,"253,794",100% bullish,of 1 rating,$6.50
AGNCB,$24.16,1440533715119,"7,595",Not yet rated,NULL,N/A
AAL,$37.5,1440533715176,"8,301,607",93% bullish,of 88 ratings,$57
AGNCP,$25.11,1440533715205,"12,724",Not yet rated,NULL,N/A
AGNC,$19.09,1440533715549,"2,754,505",71% bullish,of 28 ratings,$22
ACSF,$11.94,1440533715718,"52,307",100% bearish,of 1 rating,$15
MTGE,$15.2,1440533715744,"382,477",75% bullish,of 4 ratings,$19.50
MTGEP,$24.5,1440533715789,"10,940",Not yet rated,NULL,N/A
ACAS,$13.3053,1440533715876,"915,407",60% bullish,of 5 ratings,$16.75
ANCI,$1.43,1440533715901,500,100% bearish,of 1 rating,N/A
AETI,$3.75,1440533715955,"1,800",67% bearish,of 3 ratings,N/A
AMIC,NULL,1440533716194,0,Not yet rated,NULL,N/A
ANAT,$97.12,1440533716399,"50,552",100% bullish,of 1 rating,N/A
APEI,$20.95,1440533716425,"92,370",100% bearish,of 1 rating,$25.50
ASEI,$36.862,1440533716451,"51,954",100% bearish,of 1 rating,$52.50
AMSC,$4.02,1440533716688,"177,716",50% bullish,of 4 ratings,N/A
AMRB,$10.05,1440533716745,"6,900",Not yet rated,NULL,$11
AMSWA,$8.46,1440533716824,"36,539",100% bearish,of 2 ratings,$10.75
AMSF,$46.52,1440533716890,"52,009",Not yet rated,NULL,$57.50
AMWD,$64.9845,1440533716966,"158,090",50% bullish,of 2 ratings,$70
ABCB,$26.13,1440533717094,"110,862",Not yet rated,NULL,$31
AMNB,$22.52,1440533717193,"9,498",Not yet rated,NULL,$25.50
ASRV,$3.29,1440533717366,"1,001",100% bullish,of 2 ratings,N/A
CRMT,$36.42,1440533717396,"59,420",100% bearish,of 1 rating,$39
ASRVP,$27.24,1440533717422,398,Not yet rated,NULL,N/A
ARII,$37.6516,1440533717443,"213,748",67% bearish,of 3 ratings,$45
ATLO,$23.03,1440533717578,"8,137",Not yet rated,NULL,N/A
AMGN,$149.3949,1440533717755,"4,584,764",89% bullish,of 19 ratings,$185
FOLD,$13.585,1440533717970,"1,203,735",56% bullish,of 9 ratings,$21
AMPH,$12.9848,1440533718000,"143,177",50% bullish,of 2 ratings,$20
AMSGP,$151.51,1440533718057,"25,022",Not yet rated,NULL,N/A
AMKR,$4.62,1440533718087,"2,095,659",100% bearish,of 2 ratings,$5
AMSG,$78.97,1440533718114,"313,466",100% bearish,of 1 rating,$85.50
AFSI,$58.6371,1440533718191,"428,743",60% bullish,of 5 ratings,$72
ASYS,$4.91,1440533718365,"21,513",67% bullish,of 3 ratings,$12
AMRS,$1.58,1440533718391,"42,290",70% bullish,of 10 ratings,N/A
ANAC,$125.64,1440533718620,"610,216",80% bullish,of 5 ratings,$180.50
ADI,$50.61,1440533718648,"2,344,908",67% bullish,of 3 ratings,$69
ALOG,$77.71,1440533718715,"65,608",100% bearish,of 2 ratings,$100.50
ANCB,$22.15,1440533718793,100,Not yet rated,NULL,$23
ANAD,$0.3,1440533718856,"198,045",100% bullish,of 2 ratings,$.50
ABCW,$39.19,1440533719018,"10,803",67% bullish,of 3 ratings,N/A
AMCF,$0.244,1440533719066,"12,610",100% bullish,of 7 ratings,N/A
ANGI,$4.71,1440533719202,"486,517",64% bullish,of 11 ratings,$5.50
ANIK,$33.273,1440533719285,"59,683",60% bullish,of 5 ratings,$51.25
ANSS,$87.3232,1440533719389,"584,879",100% bearish,of 1 rating,$100
ATRS,$1.7425,1440533719414,"771,819",92% bullish,of 12 ratings,$4.50
ANIP,$47.97,1440533719602,"97,076",89% bullish,of 19 ratings,$66
ANTH,$7.01,1440533719627,"506,225",80% bullish,of 10 ratings,$13
ANGO,$14.37,1440533719784,"54,149",67% bullish,of 3 ratings,$19
ATNY,$2.32,1440533719816,"4,508",50% bullish,of 2 ratings,$3.75
ABAC,$0.696,1440533719949,"28,893",100% bearish,of 1 rating,N/A
APIC,$6.04,1440533720023,"193,029",100% bearish,of 1 rating,$19
APOG,$50.44,1440533720155,"204,949",100% bullish,of 1 rating,$67
AINV,$6.32,1440533720327,"1,046,886",50% bullish,of 4 ratings,$8
APOL,$10.37,1440533720360,"980,345",87% bearish,of 68 ratings,$14
AAPL,$103.5,1440533720390,"66,620,220",86% bullish,of 2345 ratings,$150
APPF,$15.78,1440533720432,"19,426",50% bullish,of 2 ratings,$22
ARCI,$1.13,1440533720460,"4,204",Not yet rated,NULL,N/A
APDNW,$1.1,1440533720621,"16,036",Not yet rated,NULL,N/A
APDN,$3.21,1440533720720,"50,326",Not yet rated,NULL,$9
AGTC,$14.96,1440533720876,"97,253",50% bullish,of 2 ratings,$33
AAOI,$19.4977,1440533721054,"257,234",50% bullish,of 4 ratings,$26
APRI,$1.25,1440533721127,"164,403",83% bullish,of 6 ratings,$4.86
AMCC,$5.3581,1440533721187,"625,541",80% bullish,of 5 ratings,$8
AMAT,$15.1998,1440533721218,"16,587,061",82% bullish,of 11 ratings,$23
APTO,$4.55,1440533721257,"1,220",Not yet rated,NULL,$17
AREX,$1.71,1440533721322,"843,274",100% bearish,of 1 rating,$3
AQMS,$5,1440533721399,"41,677",Not yet rated,NULL,N/A
AQXP,$18.79,1440533721488,"1,382,625",50% bullish,of 2 ratings,$2
AUMA,NULL,1440533722344,0,Not yet rated,NULL,N/A
AUMAU,$9.98,1440533722444,"6,600",Not yet rated,NULL,N/A
PETX,$17.43,1440533722475,"368,858",100% bearish,of 2 ratings,$26
ARCW,$3.27,1440533722501,"9,613",100% bearish,of 2 ratings,$10.50
ABUS,$6.9284,1440533722533,"588,029",86% bullish,of 14 ratings,$23
AUMAW,NULL,1440533722899,0,Not yet rated,NULL,N/A
ARDM,$6.92,1440533723002,604,100% bullish,of 1 rating,$26
ACGL,$68.435,1440533723131,"307,822",50% bullish,of 2 ratings,$72
ABIO,$0.865,1440533723160,"78,361",50% bullish,of 2 ratings,$3.75
RKDA,$5.76,1440533723187,"23,783",100% bearish,of 2 ratings,$10
ARDX,$17.13,1440533723208,"78,614",50% bullish,of 2 ratings,$24.50
ACAT,$25.2778,1440533723242,"91,427",100% bearish,of 3 ratings,$33
ARCB,$27.7818,1440533723264,"240,997",67% bearish,of 3 ratings,$39.50
ARNA,$2.7061,1440533723575,"2,389,036",90% bullish,of 77 ratings,$5.50
AGII,$55.3691,1440533723768,"146,771",Not yet rated,NULL,$59.50
AGIIL,$25.21,1440533723793,"8,475",Not yet rated,NULL,N/A
ARCC,$15.0464,1440533723820,"1,985,251",67% bearish,of 3 ratings,$17.875
ARIA,$6.5373,1440533723997,"2,219,176",87% bullish,of 46 ratings,$9
ARIS,$3.31,1440533724128,"23,235",Not yet rated,NULL,$4.50
ARGS,$6.11,1440533724153,"33,023",50% bullish,of 2 ratings,$19.50
ARKR,$24.5,1440533724197,"1,597",50% bullish,of 2 ratings,N/A
ARWAR,$0.27,1440533724548,"1,200",Not yet rated,NULL,N/A
ARWAU,$10.105,1440533724602,300,100% bullish,of 1 rating,N/A
ARWAW,NULL,1440533724623,0,Not yet rated,NULL,N/A
ARRY,$5.43,1440533724760,"1,395,427",100% bullish,of 7 ratings,$10
ARWA,NULL,1440533724781,0,Not yet rated,NULL,N/A
ARQL,$1.66,1440533724859,"88,749",75% bullish,of 4 ratings,$5
ARMH,$39.93,1440533724915,"1,921,407",54% bearish,of 13 ratings,$61
ARRS,$25.4557,1440533725384,"1,153,398",50% bullish,of 2 ratings,$38
ARTX,$1.41,1440533725487,"121,994",88% bullish,of 16 ratings,$4.50
DWAT,$9.66,1440533725525,"4,354",100% bearish,of 1 rating,N/A
ARWR,$5.2529,1440533725547,"636,963",75% bullish,of 4 ratings,$10.50
ARTNA,$22.04,1440533725576,"22,464",100% bearish,of 1 rating,$29
ARTW,$4.37,1440533725617,500,75% bearish,of 4 ratings,N/A
AROW,$26.66,1440533725644,"15,437",Not yet rated,NULL,N/A
ASBB,$24.25,1440533725894,"3,000",Not yet rated,NULL,N/A
ASNA,$10.73,1440533726025,"1,976,829",50% bullish,of 2 ratings,$18
ASCMA,$26.533,1440533726060,"99,386",100% bearish,of 1 rating,$45
APWC,$1.9,1440533726103,100,100% bearish,of 1 rating,N/A
ASMI,NULL,1440533726128,0,NULL,NULL,NULL
ASTI,$0.102,1440533726154,"1,794,687",83% bullish,of 6 ratings,$3
ASND,$19.61,1440533726287,"43,509",100% bullish,of 1 rating,$30
ASML,$87.01,1440533726419,"875,960",50% bullish,of 4 ratings,$127
AZPN,$36.9306,1440533726462,"713,610",50% bullish,of 2 ratings,$42
ASMB,$12.29,1440533726563,"40,748",67% bullish,of 3 ratings,N/A
ASTE,$35.22,1440533726613,"63,598",100% bearish,of 1 rating,$48
ALOT,$13.305,1440533726638,700,100% bearish,of 1 rating,N/A
ATRO,$50.27,1440533726834,"133,911",100% bearish,of 2 ratings,$80
ATAI,$2.4,1440533727070,"8,645",100% bearish,of 1 rating,N/A
ASTC,$1.74,1440533727097,"59,003",100% bullish,of 5 ratings,N/A
ASFI,$8.88,1440533727118,"8,210",100% bullish,of 1 rating,N/A
ASUR,$5.55,1440533727152,"3,189",50% bullish,of 2 ratings,$8
ATHN,$128.31,1440533727250,"234,449",67% bearish,of 3 ratings,$153
AFCB,$27.6,1440533727440,800,Not yet rated,NULL,N/A
ATRA,$40.02,1440533727470,"168,285",50% bullish,of 2 ratings,$68
ATHX,$1.07,1440533727495,"197,666",89% bullish,of 9 ratings,$5
ACFC,$6.1,1440533727790,"37,536",Not yet rated,NULL,$6.50
AAME,$3.53,1440533727832,200,Not yet rated,NULL,N/A
ATNI,$69.66,1440533727931,"52,621",100% bearish,of 1 rating,$69.50
AAWW,$39.21,1440533728004,"226,785",50% bullish,of 2 ratings,$65
AAPC,$10.4,1440533728028,"7,266",Not yet rated,NULL,N/A
AFH,$16.39,1440533728069,"42,927",Not yet rated,NULL,$21.50
ATLC,$3.69,1440533728217,"9,631",67% bullish,of 3 ratings,N/A
ATML,$7.53,1440533728264,"8,031,119",78% bullish,of 9 ratings,$9.50
ATOS,$0.799,1440533728288,"124,935",100% bullish,of 7 ratings,$7
ATTU,$12.77,1440533728520,"52,652",100% bearish,of 1 rating,$20.50
ATRI,$367.9,1440533728787,"3,564",Not yet rated,NULL,N/A
LIFE,$13.73,1440533728917,"73,472",86% bullish,of 7 ratings,$43
ATRM,$2.82,1440533728960,"3,669",50% bullish,of 2 ratings,N/A
AUBN,$26.49,1440533729018,300,Not yet rated,NULL,N/A
ATRC,$24.86,1440533729044,"145,266",100% bullish,of 1 rating,$30
AUDC,$3.03,1440533729072,"30,879",80% bullish,of 5 ratings,$5
ADP,$75.585,1440533729507,"2,443,486",100% bearish,of 1 rating,$88
AUPH,$3.02,1440533729538,"25,158",100% bearish,of 1 rating,$8
ADAT,$0.36,1440533729612,"2,861,911",100% bullish,of 2 ratings,N/A
EARS,$4.55,1440533729642,"6,957",100% bearish,of 2 ratings,$11.50
ABTL,$16.53,1440533729670,"184,556",100% bullish,of 4 ratings,$20.25
AAVL,$10.08,1440533729805,"305,471",100% bearish,of 1 rating,$20
AVGO,$108.51,1440533729830,"2,782,069",88% bullish,of 8 ratings,$165
ADSK,$48.17,1440533729857,"2,702,833",67% bullish,of 6 ratings,$69.50
AVNU,$12.18,1440533730175,"6,383",Not yet rated,NULL,$14
AVEO,$1.28,1440533730253,"480,501",75% bullish,of 8 ratings,$3
AVID,$8.0032,1440533730307,"528,194",100% bearish,of 1 rating,$20
ACLS,$3.01,1440533730703,"429,697",67% bullish,of 6 ratings,$4.75
AVGR,$14.33,1440533730729,"16,034",100% bearish,of 1 rating,$20
AXPWW,$1.02,1440533730773,"1,094",Not yet rated,NULL,N/A
AVNW,$1.15,1440533730858,"104,715",50% bullish,of 2 ratings,$2.20
AXPW,$1.05,1440533730884,"46,010",83% bullish,of 6 ratings,N/A
AXGN,$3.75,1440533730965,"35,051",Not yet rated,NULL,$5
AWRE,$3.14,1440533731170,"43,962",67% bullish,of 3 ratings,N/A
CAR,$41.1077,1440533731201,"1,851,961",80% bullish,of 5 ratings,$60
AXTI,$2.16,1440533731223,"65,500",50% bullish,of 2 ratings,$2.75
RILY,$9.97,1440533731303,300,Not yet rated,NULL,N/A
BOSC,$2.1,1440533731433,"11,316",50% bullish,of 2 ratings,N/A
BEAV,$46.39,1440533731460,"892,468",67% bearish,of 3 ratings,$59
BIDU,$136.3,1440533731616,"5,072,743",81% bullish,of 88 ratings,$210
BCPC,$57.0084,1440533732038,"152,902",100% bearish,of 1 rating,$75
BCOM,$19.95,1440533732117,181,100% bearish,of 1 rating,N/A
BWINA,$23.29,1440533732142,400,Not yet rated,NULL,N/A
BWINB,$22.66,1440533732190,"19,803",Not yet rated,NULL,N/A
BANF,$58,1440533732220,"13,429",Not yet rated,NULL,$68
BLDP,$1.175,1440533732322,"348,878",91% bullish,of 22 ratings,$2.50
BOCH,$5.74,1440533732352,"9,537",Not yet rated,NULL,$6.50
BANFP,NULL,1440533732380,0,Not yet rated,NULL,N/A
BKMU,$6.81,1440533732623,"59,534",Not yet rated,NULL,$8
BOTJ,$10.9001,1440533732757,"1,500",Not yet rated,NULL,N/A
BFIN,$11.8,1440533732851,"31,487",Not yet rated,NULL,$13
BKSC,$15.37,1440533732879,"4,699",Not yet rated,NULL,N/A
OZRK,$39.6708,1440533732905,"557,590",67% bullish,of 3 ratings,$49.50
BMRC,$47.75,1440533732932,"7,414",Not yet rated,NULL,$52
BWFG,$17.9712,1440533733061,"2,253",100% bearish,of 1 rating,N/A
BANR,$42.5,1440533733161,"71,944",100% bullish,of 3 ratings,$50
BZUN,$4.66,1440533733381,"540,874",50% bullish,of 2 ratings,$12.60
BHAC,$9.78,1440533733439,"1,200",Not yet rated,NULL,N/A
BHACU,NULL,1440533733514,0,Not yet rated,NULL,N/A
BHACR,NULL,1440533733570,0,Not yet rated,NULL,N/A
BBSI,$33.7282,1440533733649,"36,027",67% bearish,of 3 ratings,$62.50
BSET,$28.11,1440533733777,"52,779",100% bearish,of 1 rating,$35
TAPR,$31.2,1440533733835,"2,000",100% bearish,of 1 rating,N/A
BHACW,NULL,1440533733980,0,Not yet rated,NULL,N/A
BYLK,$12.63,1440533734112,"5,767",Not yet rated,NULL,$14
BV,$5.0785,1440533734185,"336,333",67% bullish,of 6 ratings,$9
BYBK,$4.92,1440533734214,"1,400",100% bearish,of 1 rating,N/A
BBCN,$13.85,1440533734252,"352,017",100% bearish,of 1 rating,$16
BECN,$33.92,1440533734316,"437,155",50% bullish,of 2 ratings,$40
BBGI,$4.24,1440533734508,"2,557",100% bearish,of 1 rating,N/A
BCBP,$11.6,1440533734611,"7,180",Not yet rated,NULL,N/A
BEBE,$1.7725,1440533734655,"123,954",75% bullish,of 4 ratings,$3.075
BSF,$8.26,1440533734716,"16,098",Not yet rated,NULL,N/A
BDCV,$4.91,1440533734824,"8,597",100% bearish,of 1 rating,$10.19
BELFA,$15.21,1440533734866,855,100% bearish,of 1 rating,N/A
BELFB,$17.38,1440533735011,"20,013",100% bearish,of 1 rating,N/A
BBBY,$60.7071,1440533735084,"2,624,996",71% bullish,of 7 ratings,$75
BLPH,$5.02,1440533735216,"25,213",100% bearish,of 1 rating,$12.50
BNFT,$34.91,1440533735348,"154,485",67% bullish,of 3 ratings,$46
BNCL,$12.2076,1440533735486,"374,622",100% bullish,of 3 ratings,$12.50
BGMD,$0.7604,1440533735513,"124,967",100% bullish,of 10 ratings,N/A
BLCM,$16.7495,1440533735539,"189,646",50% bullish,of 4 ratings,$40
BNTC,$8,1440533735590,"30,288",100% bullish,of 1 rating,N/A
BGFV,$10.35,1440533735644,"81,459",57% bullish,of 7 ratings,$12
BGCP,$8.38,1440533735815,"826,515",88% bullish,of 8 ratings,$14
BASI,$1.5,1440533735876,"5,418",Not yet rated,NULL,N/A
BIND,$4.25,1440533735904,"31,259",75% bullish,of 4 ratings,$13.50
ORPN,$5.275,1440533736186,"8,063",100% bullish,of 1 rating,$28.50
BCDA,NULL,1440533736390,0,Not yet rated,NULL,N/A
BIOC,$1.9,1440533736688,"280,629",83% bullish,of 6 ratings,$3.85
BCRX,$11.0738,1440533737003,"789,311",63% bullish,of 8 ratings,$18
BIOD,$0.66,1440533737518,"95,275",80% bullish,of 5 ratings,$4
BDSI,$6.3509,1440533737676,"864,089",88% bullish,of 8 ratings,$17
BIIB,$290.8807,1440533737707,"2,212,152",88% bullish,of 16 ratings,$400
BIOL,$1.37,1440533737728,"25,191",Not yet rated,NULL,N/A
BVXV,$3.36,1440533737779,"5,092",Not yet rated,NULL,N/A
BLRX,$1.26,1440533737803,"159,051",100% bullish,of 12 ratings,$5
BVXVW,$0.76,1440533737988,"5,700",100% bearish,of 1 rating,N/A
BLFS,$2,1440533738017,"50,922",100% bearish,of 1 rating,$4.75
BRLI,NULL,1440533738117,0,NULL,NULL,NULL
BPTH,$1.06,1440533738250,"38,558",100% bullish,of 2 ratings,$5
BIOS,$2.3,1440533738283,"1,436,002",71% bullish,of 7 ratings,$4
BBC,$29.21,1440533738313,"16,510",Not yet rated,NULL,N/A
BBP,$30.51,1440533738339,"39,982",Not yet rated,NULL,N/A
BMRN,$121.75,1440533738380,"1,006,272",80% bullish,of 5 ratings,$160
BSTC,$45.89,1440533738560,"36,358",100% bearish,of 1 rating,$76
BSPM,$0.65,1440533738694,"40,395",50% bullish,of 2 ratings,N/A
BOTA,$2.01,1440533738827,"46,004",88% bullish,of 8 ratings,N/A
TECH,$94.6593,1440533738883,"174,808",100% bullish,of 1 rating,$117
BEAT,$14.23,1440533738910,"494,627",67% bearish,of 3 ratings,$15
BITI,$16.59,1440533738962,"50,529",100% bullish,of 1 rating,$28
BJRI,$43.8465,1440533738989,"193,523",50% bullish,of 2 ratings,$55
BBOX,$14.68,1440533739038,"65,680",100% bearish,of 1 rating,N/A
BLKB,$57.46,1440533739378,"182,935",100% bearish,of 2 ratings,$66
BBRY,$6.8788,1440533739456,"4,029,451",61% bullish,of 330 ratings,$9
BDE,$7.02,1440533739484,"84,834",50% bullish,of 2 ratings,$9
BDMS,$13.13,1440533739505,400,100% bearish,of 1 rating,N/A
HAWK,$40.2118,1440533739534,"383,769",91% bullish,of 11 ratings,$49
ADRA,$25.92,1440533739690,"3,532",100% bearish,of 1 rating,N/A
BKCC,$9,1440533739717,"263,540",100% bullish,of 2 ratings,$10
ADRD,$21.44,1440533739920,"5,931",100% bearish,of 1 rating,N/A
BLMN,$18.82,1440533739998,"1,302,695",83% bullish,of 6 ratings,$27.50
ADRU,$21.06,1440533740051,"4,476",100% bearish,of 1 rating,N/A
BCOR,$13.2965,1440533740102,"180,629",57% bullish,of 7 ratings,$15
ADRE,$28.58,1440533740131,"10,882",100% bearish,of 1 rating,N/A
BLBD,$11.96,1440533740240,"7,984",Not yet rated,NULL,N/A
BUFF,$26,1440533740341,"322,107",83% bullish,of 12 ratings,$31.50
BBLU,$0.83,1440533740477,"118,474",100% bullish,of 2 ratings,$4.43
NILE,$32.28,1440533740507,"102,139",50% bullish,of 2 ratings,$34
BLUE,$125.07,1440533740544,"477,340",71% bullish,of 7 ratings,$217.50
BKEPP,$6.96,1440533740615,"17,690",100% bearish,of 1 rating,N/A
BHBK,$13.71,1440533740641,"79,258",100% bullish,of 1 rating,$14.50
BPMC,$26.9498,1440533740921,"88,001",50% bullish,of 2 ratings,$47.50
BKEP,$5.81,1440533740975,"110,245",100% bearish,of 1 rating,$8.50
BNCN,$19.97,1440533741108,"97,590",Not yet rated,NULL,$23
BOBE,$42.8589,1440533741133,"184,341",75% bullish,of 4 ratings,$57
BOFI,$123.2035,1440533741163,"177,497",100% bullish,of 6 ratings,$144
WIFI,$7.5,1440533741264,"286,101",50% bullish,of 2 ratings,$13.50
BOKF,$57.2499,1440533741293,"285,069",100% bearish,of 1 rating,$70.50
BONA,$11.52,1440533741395,"234,236",75% bullish,of 4 ratings,$8.50
BOJA,$20.3,1440533741523,"191,870",100% bullish,of 1 rating,$30
BPFHP,$25.64,1440533741626,908,100% bearish,of 1 rating,N/A
BAMM,$3.19,1440533741655,"14,359",60% bullish,of 5 ratings,N/A
BPFH,$11.4813,1440533741687,"422,046",100% bearish,of 1 rating,$14
BNSO,$1.317,1440533741709,"1,900",100% bearish,of 1 rating,N/A
BPFHW,NULL,1440533741787,0,100% bearish,of 1 rating,N/A
EPAY,$24.58,1440533741978,"115,798",100% bearish,of 2 ratings,$30
BCLI,$2.84,1440533742109,"47,119",80% bullish,of 5 ratings,$12
BDBD,$7.92,1440533742135,"775,530",60% bullish,of 5 ratings,$10
BBEP,$2.31,1440533742210,"1,527,866",69% bullish,of 13 ratings,$5.625
BBRG,$12,1440533742269,"100,989",67% bullish,of 3 ratings,$14.50
BBEPP,$12.47,1440533742299,"69,249",100% bearish,of 1 rating,N/A
BLIN,$1.3,1440533742500,"1,000",50% bullish,of 2 ratings,$2.20
BDGE,$26.5,1440533742530,"18,384",Not yet rated,NULL,$31.75
BRID,NULL,1440533742556,0,100% bearish,of 1 rating,N/A
BRCM,$48.0132,1440533742581,"3,829,055",75% bullish,of 12 ratings,$56
BCOV,$5.05,1440533742795,"77,728",67% bullish,of 3 ratings,$10.20
BVSN,$5.65,1440533742858,"1,066",60% bearish,of 5 ratings,N/A
BYFC,$1.39,1440533742883,"3,776",50% bullish,of 2 ratings,N/A
BWEN,$3.17,1440533743158,"43,240",100% bullish,of 3 ratings,$8
BRCD,$10.1981,1440533743230,"4,040,147",92% bullish,of 13 ratings,$11.50
BRKL,$10.28,1440533743255,"286,391",100% bearish,of 1 rating,$10.75
BRKS,$9.94,1440533743454,"99,780",67% bullish,of 3 ratings,$15.25
BRKR,$18.4305,1440533743506,"397,327",100% bearish,of 2 ratings,$22
BMTC,$28,1440533743531,"48,867",Not yet rated,NULL,$34
BLMT,$20.73,1440533743559,"14,609",Not yet rated,NULL,N/A
BSQR,$5.79,1440533743688,"87,151",67% bullish,of 3 ratings,N/A
BWLD,$189.2901,1440533743939,"256,999",82% bullish,of 11 ratings,$205
BSFT,$29.61,1440533743983,"135,404",57% bullish,of 7 ratings,$40.50
BLDR,$13.9881,1440533744078,"870,996",50% bullish,of 2 ratings,$22
CFFI,$36.01,1440533744113,"6,269",100% bearish,of 1 rating,N/A
BUR,$1.78,1440533744140,"22,097",100% bearish,of 1 rating,$8
CHRW,$64.45,1440533744319,"1,487,395",Not yet rated,NULL,$72
CCMP,$41.73,1440533744561,"114,708",50% bullish,of 2 ratings,$59
CSTE,$42.613,1440533744659,"426,864",100% bearish,of 1 rating,$65
CACQ,$7.02,1440533744687,"66,708",100% bearish,of 1 rating,$12.25
CDNS,$19.1321,1440533744717,"1,461,919",75% bullish,of 4 ratings,$22.50
CA,$26.3577,1440533744745,"3,761,564",50% bullish,of 4 ratings,$33
CZR,$8.47,1440533744816,"1,173,984",60% bearish,of 5 ratings,$10.50
CDZI,$7.48,1440533744912,"29,464",100% bearish,of 1 rating,N/A
CLBS,$1.28,1440533745294,"93,707",79% bullish,of 14 ratings,$4
CHI,$10.32,1440533745322,"364,719",100% bearish,of 1 rating,N/A
PRSS,$4.32,1440533745350,"13,397",80% bullish,of 5 ratings,$4.50
CLMS,$10.1,1440533745372,"110,880",Not yet rated,NULL,$10.50
CHY,$10.85,1440533745400,"260,874",Not yet rated,NULL,N/A
CFGE,$10.31,1440533745644,581,Not yet rated,NULL,N/A
CHW,$7.27,1440533745690,"264,304",100% bearish,of 1 rating,N/A
CCD,$17.955,1440533745738,"122,232",Not yet rated,NULL,N/A
CVGW,$55.57,1440533745987,"117,608",50% bullish,of 2 ratings,$58.50
CGO,$11.54,1440533746160,"78,093",100% bearish,of 1 rating,N/A
CFNB,NULL,1440533746207,0,100% bearish,of 1 rating,N/A
CSQ,$9.4,1440533746232,"427,241",Not yet rated,NULL,N/A
CAMP,$15.51,1440533746257,"211,869",88% bullish,of 8 ratings,$25
CALD,$14.65,1440533746694,"262,226",100% bearish,of 1 rating,$20.50
CALA,$4.42,1440533746719,"283,348",100% bullish,of 3 ratings,$19.50
CALM,$47.76,1440533746746,"639,508",80% bullish,of 5 ratings,$65
CLMT,$25.69,1440533746793,"284,641",75% bullish,of 8 ratings,$31
CAMBU,NULL,1440533746896,0,100% bearish,of 1 rating,N/A
CAMBW,NULL,1440533746923,0,Not yet rated,NULL,N/A
ABCD,$4.85,1440533746952,"78,064",83% bullish,of 6 ratings,N/A
CAMB,$10.05,1440533747003,600,Not yet rated,NULL,N/A
CAC,$39.5,1440533747254,"7,424",Not yet rated,NULL,N/A
CAMT,$2.66,1440533747314,"43,136",73% bullish,of 11 ratings,$4
CGIX,$8.78,1440533747541,"18,060",67% bullish,of 3 ratings,$14.375
CBNJ,$10.69,1440533747570,"29,732",100% bullish,of 1 rating,N/A
CPHC,$10.36,1440533747672,570,100% bearish,of 1 rating,N/A
CCBG,$14.69,1440533747710,"8,748",Not yet rated,NULL,$17.25
CPLA,$47.1593,1440533747737,"113,860",67% bearish,of 3 ratings,$65
CBF,$28.6835,1440533747758,"90,781",Not yet rated,NULL,$32
CSIQ,$17.35,1440533747899,"3,207,433",86% bullish,of 28 ratings,$45
CSWC,$44.28,1440533748233,"23,056",Not yet rated,NULL,N/A
CPLP,$6.54,1440533748273,"400,934",71% bullish,of 7 ratings,$11
CPTA,$13.21,1440533748367,"70,897",100% bearish,of 1 rating,$18.50
CAPNW,$0.6499,1440533748396,800,Not yet rated,NULL,N/A
CFFN,$11.61,1440533748420,"699,565",Not yet rated,NULL,$12.75
CAPN,$1.82,1440533748451,"97,411",100% bullish,of 1 rating,$10.85
CAPR,$4.02,1440533748472,"13,330",Not yet rated,NULL,$12
CPST,$0.3624,1440533748895,"522,075",95% bullish,of 22 ratings,$1.25
CARA,$19.03,1440533748944,"275,492",50% bullish,of 4 ratings,$25
CRDC,$0.383,1440533748970,"221,680",100% bullish,of 1 rating,$1.25
CARB,$11.02,1440533748991,"262,508",75% bullish,of 4 ratings,$12
CRME,$8.58,1440533749021,"37,082",89% bullish,of 9 ratings,$11.25
CBYL,$5.02,1440533749051,"31,721",100% bearish,of 1 rating,$20
CFNL,$21.4497,1440533749158,"68,906",Not yet rated,NULL,$24
CSII,$23.2026,1440533749330,"206,780",100% bearish,of 2 ratings,$42.125
CECO,$3.4,1440533749439,"505,653",67% bearish,of 3 ratings,$6
CDNA,$6.37,1440533749472,"7,311",100% bearish,of 1 rating,$9
CATM,$33.5965,1440533749504,"266,414",100% bearish,of 1 rating,$44
CTRE,$11.64,1440533749525,"1,050,191",50% bullish,of 2 ratings,N/A
CKEC,$22.1764,1440533749604,"184,004",50% bullish,of 2 ratings,$35.915
CLBH,$12.5,1440533749686,"4,039",Not yet rated,NULL,$16.50
CARO,$15.42,1440533750011,"4,875",100% bearish,of 1 rating,$19
CART,$5.35,1440533750041,"1,477",100% bearish,of 1 rating,N/A
CRZO,$28.3924,1440533750142,"1,057,528",67% bearish,of 3 ratings,$57
TAST,$11.74,1440533750173,"238,639",Not yet rated,NULL,$14.25
CRTN,$2.59,1440533750200,"12,818",100% bearish,of 1 rating,N/A
CARV,$7.27,1440533750275,"32,523",50% bullish,of 2 ratings,N/A
CASM,$1.14,1440533750334,"6,782",100% bullish,of 1 rating,$3.50
CACB,$5.24,1440533750482,"50,282",Not yet rated,NULL,$5.50
CSCD,$14.77,1440533750589,"59,471",100% bullish,of 2 ratings,$17
CWST,$5.9,1440533750627,"81,771",50% bullish,of 2 ratings,$7.25
CASI,$1.44,1440533750656,"7,145",100% bullish,of 1 rating,$3.50
CASY,$103.4749,1440533750759,"180,864",50% bullish,of 2 ratings,$99.50
CATB,$11.05,1440533750826,"6,597",100% bearish,of 1 rating,$28
CASS,$45.34,1440533750900,"31,840",100% bearish,of 1 rating,N/A
CPRX,$3.22,1440533751043,"589,046",71% bullish,of 7 ratings,$7
CATY,$27.73,1440533751087,"521,812",100% bearish,of 1 rating,$33.50
CATYW,$8.26,1440533751113,"1,600",100% bearish,of 1 rating,N/A
CVCO,$70.7101,1440533751135,"34,068",100% bearish,of 1 rating,N/A
CAVM,$64.2909,1440533751270,"591,087",67% bearish,of 3 ratings,$72
CNLM,NULL,1440533751462,0,Not yet rated,NULL,N/A
CBFV,$20.88,1440533751503,"3,132",Not yet rated,NULL,N/A
CNLMR,NULL,1440533751528,0,Not yet rated,NULL,N/A
CNLMU,$10.37,1440533751555,447,100% bullish,of 1 rating,N/A
CNLMW,NULL,1440533751581,0,Not yet rated,NULL,N/A
CBOE,$60.6895,1440533751688,"496,280",Not yet rated,NULL,$60
CDK,$45.9153,1440533751715,"768,942",67% bearish,of 3 ratings,$50
CECE,$9.1,1440533751968,"92,252",50% bullish,of 2 ratings,$16
CELGZ,$1.56,1440533752011,"36,522",80% bullish,of 5 ratings,N/A
CELG,$112.91,1440533752041,"5,074,752",92% bullish,of 13 ratings,$155.50
CPXX,$2.05,1440533752113,"189,571",100% bullish,of 2 ratings,$7
CDW,$38.23,1440533752142,"727,493",75% bullish,of 4 ratings,$44
CLDN,$1.05,1440533752242,"203,689",71% bullish,of 7 ratings,$3
CLRB,$3.11,1440533752290,"2,800",100% bearish,of 1 rating,N/A
CLDX,$14.2133,1440533752337,"2,532,474",89% bullish,of 9 ratings,$36
CLRBW,$0.92,1440533752717,400,Not yet rated,NULL,N/A
CLSN,$1.88,1440533752753,"87,595",80% bullish,of 10 ratings,$7.50
CLTX,$2.61,1440533752847,"543,316",100% bullish,of 2 ratings,N/A
CEMP,$34.3063,1440533752875,"456,949",71% bullish,of 7 ratings,$52
CLLS,$28.69,1440533752927,"59,457",75% bullish,of 4 ratings,$51.50
CBMG,$22,1440533752948,"34,932",50% bullish,of 2 ratings,N/A
CYAD,$51.44,1440533752979,"1,441",100% bullish,of 1 rating,$87.50
CETX,$2.26,1440533753169,"14,674",Not yet rated,NULL,$5.60
CSFL,$13.55,1440533753276,"116,732",Not yet rated,NULL,$15
CFBK,$1.37,1440533753409,"1,800",Not yet rated,NULL,N/A
CETV,$2.02,1440533753436,"93,193",67% bullish,of 3 ratings,$2.80
CENT,$11.74,1440533753466,"35,582",Not yet rated,NULL,$10
CVCY,$11.08,1440533753565,506,Not yet rated,NULL,$12
CENTA,$12.35,1440533753622,"274,854",Not yet rated,NULL,N/A
CENX,$4.7758,1440533753764,"1,258,706",67% bullish,of 6 ratings,$9
CERE,$1.17,1440533753938,"373,339",88% bullish,of 8 ratings,N/A
CPHD,$47.5519,1440533753965,"541,293",50% bullish,of 2 ratings,$66.50
CRNT,$1.33,1440533753992,"324,202",50% bullish,of 2 ratings,$2
CNBKA,$41.36,1440533754027,"1,684",50% bullish,of 2 ratings,N/A
CNTY,$5.93,1440533754054,"13,271",80% bullish,of 5 ratings,$7.75
CERU,$3.34,1440533754096,"50,879",75% bullish,of 4 ratings,$15
CERN,$60.24,1440533754125,"2,133,554",67% bullish,of 3 ratings,$79
CERS,$4.5235,1440533754559,"663,656",75% bullish,of 4 ratings,$7
KOOL,$0.6179,1440533754588,"11,554",100% bullish,of 5 ratings,$7
CEVA,$17.24,1440533754614,"76,633",100% bearish,of 1 rating,$25
HOTR,$1.43,1440533754639,"231,789",100% bullish,of 2 ratings,$5
CYOU,$20.2,1440533754664,"181,344",50% bullish,of 6 ratings,$24
GTLS,$21.9536,1440533754802,"224,374",50% bullish,of 4 ratings,$40
HOTRW,NULL,1440533754837,0,Not yet rated,NULL,N/A
CTHR,$1.24,1440533754965,"1,724",50% bullish,of 2 ratings,$2.50
CHFN,$12.08,1440533755234,"31,164",Not yet rated,NULL,$14
CHKP,$77.61,1440533755269,"1,746,190",50% bullish,of 4 ratings,$92
CHEK,$2.66,1440533755290,"9,770",Not yet rated,NULL,$7.75
CHTR,$172.7,1440533755312,"1,224,030",100% bearish,of 2 ratings,$196
CHEKW,NULL,1440533755350,0,Not yet rated,NULL,N/A
CEMI,$3.95,1440533755377,"7,623",50% bullish,of 2 ratings,$7.50
CHFC,$30.5106,1440533755458,"121,124",100% bearish,of 1 rating,$36
CCXI,$6.5493,1440533755770,"67,952",67% bullish,of 3 ratings,$14
CHMG,$26.2,1440533755799,"3,100",Not yet rated,NULL,$30
CHEV,$14.48,1440533755820,"1,400",Not yet rated,NULL,N/A
CHKE,$25.16,1440533755842,"18,436",100% bearish,of 1 rating,$32.50
CHMA,$23.32,1440533755986,"79,272",Not yet rated,NULL,$40
CBNK,$16.22,1440533756012,559,100% bearish,of 1 rating,N/A
PLCE,$58.7043,1440533756144,"683,026",100% bearish,of 1 rating,$71
CMRX,$46.4543,1440533756177,"299,669",50% bullish,of 2 ratings,$57
CADC,$3.01,1440533756220,500,78% bullish,of 9 ratings,N/A
CAAS,$5.865,1440533756277,"32,378",93% bullish,of 14 ratings,$11.50
CALI,$0.97,1440533756308,"8,658",67% bullish,of 3 ratings,N/A
CBPO,$94.56,1440533756340,"176,941",75% bullish,of 8 ratings,$140.50
CBAK,$1.69,1440533756409,"62,604",67% bullish,of 9 ratings,N/A
CCCL,$0.76,1440533756507,"9,945",100% bullish,of 6 ratings,N/A
JRJC,$2.99,1440533756694,"240,703",82% bullish,of 11 ratings,N/A
CCCR,$0.82,1440533756779,"19,300",67% bearish,of 3 ratings,N/A
HGSH,$1.67,1440533756839,"18,885",67% bullish,of 3 ratings,N/A
CHOP,$1.14,1440533756911,"4,134",50% bullish,of 2 ratings,N/A
CHLN,$2.17,1440533756938,"28,558",67% bullish,of 3 ratings,N/A
CNIT,$1.38,1440533756980,"77,565",67% bullish,of 6 ratings,N/A
HTHT,$24.18,1440533757081,"88,547",50% bullish,of 2 ratings,$28.40
CHNR,$1.68,1440533757107,"7,344",100% bearish,of 1 rating,N/A
CREG,$0.6997,1440533757239,"33,618",100% bullish,of 3 ratings,N/A
CJJD,$1.73,1440533757332,"92,271",100% bullish,of 1 rating,N/A
CSUN,$1.35,1440533757463,"18,370",80% bullish,of 5 ratings,N/A
CPGI,$6.98,1440533757489,406,Not yet rated,NULL,N/A
CXDC,$5.88,1440533757620,"21,308",67% bullish,of 3 ratings,N/A
CNTF,$0.8,1440533757690,"43,778",Not yet rated,NULL,N/A
CNYD,$2.99,1440533757750,"12,500",67% bullish,of 3 ratings,N/A
IMOS,$16.4653,1440533757852,"201,300",60% bullish,of 5 ratings,$21.50
CCIH,$6.4156,1440533757877,"291,159",67% bullish,of 6 ratings,$12.65
CNET,$0.81,1440533757920,"25,123",50% bullish,of 2 ratings,N/A
CHSCL,$26.89,1440533757953,"21,216",Not yet rated,NULL,N/A
CHSCM,$25.74,1440533758085,"27,069",Not yet rated,NULL,N/A
CHSCO,$27.98,1440533758178,"7,301",Not yet rated,NULL,N/A
CHSCN,$26.57,1440533758244,"11,790",Not yet rated,NULL,N/A
CHDN,$130.14,1440533758279,"39,825",Not yet rated,NULL,$165
CHSCP,$30.39,1440533758305,"4,616",Not yet rated,NULL,N/A
CHUY,$29.9,1440533758381,"185,540",50% bullish,of 2 ratings,$34
CDTX,$14.05,1440533758568,"15,689",Not yet rated,NULL,$22
CMPR,$67.8633,1440533758711,"323,196",50% bullish,of 2 ratings,$72.50
CINF,$50.91,1440533758739,"915,665",50% bullish,of 4 ratings,$50.50
CIDM,$0.6,1440533758771,"124,448",50% bullish,of 2 ratings,$2.10
CMCT,$15.65,1440533758804,868,100% bearish,of 1 rating,N/A
CIFC,$6.93,1440533758869,"2,599",100% bearish,of 1 rating,N/A
CPHR,$5.76,1440533758899,"10,479",100% bearish,of 1 rating,$17
CTAS,$82.4497,1440533758924,"624,510",100% bearish,of 1 rating,$91
CRUS,$27.03,1440533759203,"713,457",75% bullish,of 12 ratings,$44.50
CTRN,$27.2019,1440533759230,"111,176",100% bearish,of 1 rating,$31.50
CSCO,$24.61,1440533759256,"25,274,568",84% bullish,of 208 ratings,$32
CZNC,$19.5,1440533759281,"33,629",Not yet rated,NULL,N/A
CZWI,$8.89,1440533759493,602,Not yet rated,NULL,N/A
CTXS,$66.2,1440533759561,"1,742,469",86% bullish,of 7 ratings,$80
CIZN,$19.94,1440533759590,"1,130",Not yet rated,NULL,N/A
CZFC,NULL,1440533759617,0,Not yet rated,NULL,N/A
CDTI,$1.45,1440533759751,"133,637",75% bullish,of 4 ratings,$3.20
CIVBP,$31.79,1440533759772,"1,353",Not yet rated,NULL,N/A
CIVB,$10.02,1440533759809,"3,295",Not yet rated,NULL,$11
CHCO,$45.56,1440533759848,"44,958",Not yet rated,NULL,$46
CLNE,$4.09,1440533759913,"982,637",80% bullish,of 15 ratings,$9
CLNT,$1.42,1440533760067,"60,341",75% bullish,of 8 ratings,N/A
CLRO,$11.6,1440533760209,"7,175",50% bullish,of 2 ratings,$14.25
CLFD,$16.45,1440533760235,"35,390",67% bullish,of 3 ratings,$18
CBLI,$3.71,1440533760308,"30,653",60% bullish,of 5 ratings,N/A
CLVS,$69.43,1440533760365,"641,271",60% bullish,of 5 ratings,$101.50
CSBK,$13.62,1440533760395,"115,491",Not yet rated,NULL,N/A
CLIR,$4.67,1440533760416,"11,276",100% bullish,of 3 ratings,N/A
CMFN,$11.05,1440533760502,"25,450",100% bearish,of 1 rating,$15.50
CME,$89.1,1440533760599,"1,664,108",67% bullish,of 3 ratings,$102
CCNE,$16.44,1440533760693,"14,933",50% bullish,of 2 ratings,$21.50
CISG,$7.26,1440533760752,"136,575",100% bullish,of 5 ratings,$10
CNV,$4.43,1440533760854,"16,642",50% bullish,of 2 ratings,$7.15
CWAY,$11.4,1440533760879,900,Not yet rated,NULL,N/A
COBZ,$12.5,1440533760911,"122,238",100% bullish,of 1 rating,$14
COKE,$160.55,1440533761040,"24,098",79% bullish,of 19 ratings,N/A
CDRB,$10.95,1440533761170,"11,925",67% bullish,of 3 ratings,N/A
CDXS,$3.4,1440533761254,"46,229",64% bullish,of 11 ratings,$6
CVLY,$20.25,1440533761343,"3,602",Not yet rated,NULL,N/A
CCOI,$27.6506,1440533761385,"335,771",50% bullish,of 4 ratings,$35
JVA,$4.38,1440533761449,"15,937",83% bullish,of 6 ratings,$7
CGNT,$1.56,1440533761482,"35,270",100% bullish,of 2 ratings,$2
CTSH,$58.9,1440533761510,"3,965,360",90% bullish,of 10 ratings,$75
COHR,$54.64,1440533761676,"127,250",50% bullish,of 2 ratings,$72
CGNX,$34.2943,1440533761708,"1,141,326",50% bullish,of 2 ratings,$47
CHRS,$27.9308,1440533761814,"153,774",67% bearish,of 3 ratings,$37
COHU,$9.39,1440533761844,"106,344",100% bearish,of 1 rating,$14.25
CLRX,$0.545,1440533761950,"43,893",50% bullish,of 2 ratings,N/A
CLCT,$18.41,1440533762021,"18,132",100% bearish,of 1 rating,N/A
COLL,$14.51,1440533762079,"47,599",100% bearish,of 1 rating,$26
CBAN,$8.89,1440533762177,"1,100",Not yet rated,NULL,N/A
CIGI,$41.44,1440533762204,"14,476",100% bearish,of 1 rating,$52
CLCD,$6.27,1440533762260,"75,282",100% bearish,of 1 rating,$20.50
COLB,$29.1839,1440533762395,"172,712",Not yet rated,NULL,$36
COLM,$59.6061,1440533762420,"90,181",100% bearish,of 1 rating,$71
CBMX,$1.1,1440533762587,"42,388",83% bullish,of 6 ratings,$3.15
CMCSA,$53.85,1440533762617,"10,738,853",66% bullish,of 35 ratings,$69.50
CMCO,$17.6,1440533762646,"41,503",60% bullish,of 5 ratings,$28
CMCSK,$55.6875,1440533762719,"2,631,255",Not yet rated,NULL,$84
CBSH,$42.609,1440533762914,"362,171",50% bullish,of 2 ratings,$46
CBSHP,$25.25,1440533762989,"2,692",100% bearish,of 1 rating,N/A
CSAL,$19.78,1440533763214,"513,117",75% bullish,of 4 ratings,$30
CUBN,$13.55,1440533763241,405,Not yet rated,NULL,N/A
CVGI,$4.45,1440533763324,"74,415",50% bullish,of 2 ratings,$6
COMM,$28.3923,1440533763370,"812,573",67% bearish,of 3 ratings,$35
ESXB,$5.01,1440533763471,"73,363",Not yet rated,NULL,N/A
JCS,$8.5,1440533763718,"7,326",67% bullish,of 3 ratings,N/A
CTBI,$33.72,1440533763743,"51,397",Not yet rated,NULL,$36
CYHHZ,$0.011,1440533763814,"536,167",100% bullish,of 1 rating,N/A
CVLT,$34.49,1440533763922,"401,171",75% bullish,of 4 ratings,$44.50
COB,$10.33,1440533763975,"17,711",100% bullish,of 1 rating,$11.75
CIL,$33.3,1440533764001,300,Not yet rated,NULL,N/A
CWBC,$6.76,1440533764030,600,Not yet rated,NULL,N/A
CIZ,$32.75,1440533764134,"6,089",100% bearish,of 1 rating,N/A
CDC,$33.25,1440533765203,"46,420",Not yet rated,NULL,N/A
CSA,$32.64,1440533765263,800,Not yet rated,NULL,N/A
CID,$33.19,1440533765287,300,Not yet rated,NULL,N/A
CFO,$34.45,1440533765419,"35,721",100% bearish,of 1 rating,N/A
CSB,$32.18,1440533765451,650,Not yet rated,NULL,N/A
CFA,$34.47,1440533765477,"1,335",100% bearish,of 1 rating,N/A
CSF,$35.93,1440533765550,"3,475",100% bearish,of 1 rating,N/A
CDL,NULL,1440533765579,0,Not yet rated,NULL,N/A
CGEN,$4.86,1440533765689,"184,745",50% bullish,of 2 ratings,$11
CTG,$6.3,1440533765747,"23,501",100% bearish,of 1 rating,$8.50
CHCI,$0.64,1440533765787,"7,654",50% bullish,of 2 ratings,N/A
SCOR,$54.5283,1440533765879,"391,146",100% bearish,of 1 rating,$66
CMTL,$25.47,1440533765916,"39,944",100% bearish,of 2 ratings,$37
CNSI,$18.39,1440533765984,"113,168",100% bearish,of 2 ratings,$29
CPSI,$44.948,1440533766012,"92,896",100% bearish,of 1 rating,$45.50
CNAT,$3.5,1440533766048,"54,960",83% bullish,of 6 ratings,$13
CNCE,$15.2192,1440533766477,"173,980",75% bullish,of 4 ratings,$22
CDORO,$17.17,1440533766503,210,100% bearish,of 1 rating,N/A
CXRX,$67.95,1440533766541,999,100% bearish,of 1 rating,$90
CDORP,$6.3,1440533766568,"2,416",100% bearish,of 1 rating,N/A
CCUR,$5.09,1440533766590,"20,826",75% bullish,of 4 ratings,N/A
CFMS,$19.51,1440533766619,"188,084",Not yet rated,NULL,$27
CTWS,$34.27,1440533766648,"26,253",100% bearish,of 1 rating,$44
CDOR,$1.25,1440533766786,"7,382",100% bullish,of 1 rating,N/A
CNMD,$52.5679,1440533767037,"102,731",Not yet rated,NULL,$59
CNFR,$10.25,1440533767068,"43,415",Not yet rated,NULL,N/A
CNXR,$6.47,1440533767139,"37,640",100% bearish,of 1 rating,$12
CONN,$29.8834,1440533767164,"232,952",67% bullish,of 3 ratings,$48.50
CNOB,$18.85,1440533767208,"74,578",100% bullish,of 1 rating,$23.50
CNSL,$19.031,1440533767339,"204,877",100% bearish,of 1 rating,$23
CPSS,$5.38,1440533767493,"77,808",100% bullish,of 1 rating,$10
CWCO,$9.97,1440533767521,"69,753",67% bullish,of 3 ratings,$14.50
CTCT,$23.79,1440533767554,"316,768",67% bullish,of 3 ratings,$37
CTRV,$3.8,1440533767650,"7,966",Not yet rated,NULL,$6.40
CFRXW,$1.9,1440533767698,"6,366",100% bearish,of 1 rating,N/A
CFRX,$5.05,1440533767728,"19,477",Not yet rated,NULL,$14
CTRL,$7.62,1440533767759,"116,547",50% bullish,of 2 ratings,$11
CFRXZ,$0.53,1440533767784,575,Not yet rated,NULL,N/A
CPRT,$33.8049,1440533767891,"378,418",67% bearish,of 3 ratings,$40
CRBP,$1.9,1440533768119,"458,031",100% bullish,of 2 ratings,$6.25
CORT,$4.51,1440533768427,"222,414",67% bullish,of 3 ratings,$12
BVA,$3.68,1440533768459,200,50% bullish,of 2 ratings,N/A
COSI,$1.05,1440533768492,"150,841",100% bullish,of 1 rating,N/A
CSOD,$34.07,1440533768558,"547,321",50% bullish,of 2 ratings,$42
CORI,$10.14,1440533768585,"59,675",100% bearish,of 1 rating,$18
CRVL,$30.46,1440533768614,"43,866",100% bearish,of 1 rating,N/A
CSGP,$170.74,1440533768640,"117,201",50% bullish,of 2 ratings,$235
CORE,$60.3475,1440533768661,"89,303",100% bearish,of 1 rating,$72
CPAH,$0.43,1440533768954,"2,400",50% bullish,of 2 ratings,N/A
COST,$132.71,1440533769024,"2,818,655",79% bullish,of 24 ratings,$154.50
ICBK,$17.74,1440533769159,987,Not yet rated,NULL,$21
COVS,$2.57,1440533769181,"67,427",67% bullish,of 3 ratings,N/A
COWN,$5.01,1440533769258,"1,208,105",75% bullish,of 4 ratings,$7
CVTI,$21.55,1440533769283,"125,874",67% bearish,of 3 ratings,$39
CBRL,$139.1926,1440533769689,"342,921",50% bullish,of 2 ratings,$155
COWNL,$27.75,1440533769720,"2,230",Not yet rated,NULL,N/A
CPSH,$2.25,1440533769741,"6,000",Not yet rated,NULL,N/A
CACC,$190.635,1440533769812,"95,685",50% bullish,of 2 ratings,$158.50
CRAI,$21.09,1440533769833,"24,389",100% bearish,of 1 rating,$36
BREW,$7.11,1440533769855,"97,500",67% bullish,of 6 ratings,$15
CRAY,$19.9743,1440533769895,"211,052",83% bullish,of 6 ratings,$38.50
GLDI,$11.05,1440533769921,"15,891",100% bearish,of 1 rating,N/A
SLVO,$10.04,1440533770388,"8,496",100% bearish,of 1 rating,N/A
CREE,$26.3024,1440533770429,"1,236,063",65% bullish,of 17 ratings,$29.50
CRTO,$42.7941,1440533770465,"263,473",67% bullish,of 6 ratings,$64
CRESY,$9.47,1440533770522,"34,828",100% bearish,of 1 rating,$19
CROX,$13.5541,1440533770555,"579,509",63% bullish,of 8 ratings,$16.50
CCRN,$13.46,1440533770582,"238,378",100% bearish,of 1 rating,$14.25
CRWS,$7.88,1440533770603,"18,820",Not yet rated,NULL,$10
CRDS,$1.02,1440533770652,"77,996",50% bullish,of 4 ratings,$4.50
CRWN,$4.48,1440533770882,"105,605",75% bullish,of 4 ratings,N/A
CCLP,$13.46,1440533770979,"143,544",67% bearish,of 3 ratings,$20
CYRXW,$0.85,1440533771000,"3,100",Not yet rated,NULL,N/A
CYRX,$2.79,1440533771028,"20,430",Not yet rated,NULL,$9
CSGS,$29.99,1440533771084,"139,562",Not yet rated,NULL,$40
CSPI,$5.81,1440533771190,"1,157",67% bullish,of 3 ratings,N/A
CTCM,$1.7,1440533771430,"252,731",80% bearish,of 5 ratings,$3.90
CTIC,$1.6,1440533771465,"760,422",84% bullish,of 76 ratings,$5.75
CUNB,$20.91,1440533771498,"15,937",Not yet rated,NULL,$24.50
CTIB,$3.55,1440533771567,600,100% bearish,of 1 rating,N/A
CTRP,$63.7,1440533771592,"2,332,207",75% bullish,of 8 ratings,$92
CUI,$4.93,1440533771622,"80,970",50% bullish,of 2 ratings,$10
CPIX,$5.85,1440533771654,"5,933",Not yet rated,NULL,N/A
CMLS,$1.32,1440533771755,"615,369",50% bullish,of 4 ratings,$6
CRIS,$2.43,1440533771899,"339,323",100% bullish,of 8 ratings,$6
CVV,$10.57,1440533772187,"12,596",100% bullish,of 5 ratings,N/A
CUTR,$14.11,1440533772214,"48,946",67% bearish,of 3 ratings,$18
CVBF,$15.63,1440533772241,"457,908",Not yet rated,NULL,$18
CYBR,$46.5,1440533772262,"1,396,557",86% bullish,of 7 ratings,$66
CYAN,$7.19,1440533772293,400,100% bearish,of 1 rating,N/A
CBAY,$2.55,1440533772436,"85,795",100% bullish,of 1 rating,$4
CYBX,$64.795,1440533772471,"219,256",50% bullish,of 4 ratings,$71.50
CYCC,$0.52,1440533772498,"63,391",73% bullish,of 11 ratings,N/A
CYCCP,NULL,1440533772631,0,100% bearish,of 1 rating,N/A
CYNO,$31.27,1440533772693,"134,438",67% bearish,of 3 ratings,$45.50
CYNA,$16.27,1440533772719,"14,556",100% bullish,of 1 rating,$31.50
CY,$8.92,1440533772855,"5,394,579",80% bullish,of 10 ratings,$15.50
CYBE,$5.8,1440533772884,"6,306",100% bearish,of 1 rating,N/A
CYRN,$1.65,1440533772981,"76,570",67% bullish,of 3 ratings,$4
CYTK,$6.56,1440533773155,"146,915",71% bullish,of 14 ratings,$13.50
CONE,$31.1528,1440533773204,"354,726",67% bearish,of 3 ratings,$35
CYTX,$0.353,1440533773256,"659,396",83% bullish,of 12 ratings,$5.50
CYTR,$2.03,1440533773299,"742,579",67% bullish,of 6 ratings,$10
CTSO,$6.3,1440533773332,"73,520",Not yet rated,NULL,$15.625
DAEG,$0.355,1440533773426,"6,641",100% bearish,of 1 rating,N/A
TVIZ,$18.81,1440533773459,"11,440",100% bearish,of 1 rating,N/A
XIV,$26.62,1440533773599,"27,642,015",75% bearish,of 4 ratings,N/A
ZIV,$40.77,1440533773734,"141,312",Not yet rated,NULL,N/A
TVIX,$14.1,1440533773782,"20,268,873",81% bullish,of 16 ratings,N/A
DJCO,$194.5,1440533773812,158,Not yet rated,NULL,N/A
DAKT,$8.81,1440533773920,"775,338",50% bullish,of 2 ratings,$14
DAIO,$2.57,1440533773949,"10,412",Not yet rated,NULL,N/A
DARA,$0.85,1440533773971,"86,031",83% bullish,of 6 ratings,$1.50
DTLK,$5.34,1440533774023,"63,118",100% bearish,of 1 rating,$9
DRAM,$1.16,1440533774181,"42,304",78% bullish,of 9 ratings,N/A
PLAY,$32.8035,1440533774276,"195,548",100% bullish,of 5 ratings,$42
DWCH,$4.81,1440533774310,"12,132",75% bullish,of 4 ratings,$8.25
DTEA,$13.08,1440533774341,"66,514",100% bearish,of 2 ratings,$24
DWSN,$4.25,1440533774442,"17,867",67% bullish,of 3 ratings,$6
DBVT,$37.9088,1440533774486,"79,848",100% bearish,of 1 rating,$53
TRAK,$62.81,1440533774587,"775,631",50% bullish,of 2 ratings,$62.50
DHRM,$1.43,1440533774720,"36,550",Not yet rated,NULL,N/A
TACOW,$3.9,1440533774754,"6,625",100% bullish,of 1 rating,N/A
DFRG,$14.16,1440533774787,"252,624",100% bearish,of 1 rating,$20
DGAS,$20.25,1440533774866,"24,038",67% bearish,of 3 ratings,N/A
DCTH,$0.4388,1440533774971,"96,260",78% bullish,of 9 ratings,N/A
TACO,$12.7476,1440533774998,"235,089",75% bullish,of 4 ratings,$20
DELT,$2.35,1440533775043,"1,237",Not yet rated,NULL,N/A
DELTW,NULL,1440533775294,0,Not yet rated,NULL,N/A
DENN,$11.24,1440533775366,"329,980",100% bullish,of 3 ratings,$15
XRAY,$51.06,1440533775430,"635,931",100% bullish,of 1 rating,$58
DEPO,$27.9252,1440533775536,"921,135",60% bullish,of 5 ratings,$29
DEST,$10.95,1440533775715,"54,127",50% bullish,of 2 ratings,N/A
DERM,$23.5,1440533775742,"95,073",100% bearish,of 1 rating,$33.50
DXLG,$4.41,1440533775778,"91,526",100% bearish,of 1 rating,$8
DSCI,$5.97,1440533775875,"29,270",50% bullish,of 2 ratings,$16
DSWL,$1.75,1440533775900,"1,100",100% bullish,of 1 rating,N/A
DXM,$0.3,1440533775936,"97,449",50% bullish,of 2 ratings,N/A
DXCM,$90.5405,1440533776069,"896,730",57% bullish,of 7 ratings,$98
DHXM,NULL,1440533776198,0,Not yet rated,NULL,N/A
DHIL,$187.64,1440533776256,"3,342",Not yet rated,NULL,N/A
DMND,$28.03,1440533776281,"242,128",75% bullish,of 12 ratings,$32
FANG,$62.3947,1440533776329,"702,286",50% bullish,of 2 ratings,$86.50
DCIX,$1.61,1440533776507,"44,006",50% bullish,of 4 ratings,$3.50
DRNA,$10.3994,1440533776570,"65,899",67% bearish,of 3 ratings,$25
DGII,$9.51,1440533776595,"34,801",100% bearish,of 1 rating,$10
DRAD,$3.68,1440533776738,"45,692",100% bullish,of 1 rating,$5.25
DGLY,$7.58,1440533776763,"346,447",50% bullish,of 6 ratings,$20
APPS,$2.21,1440533776818,"98,180",100% bearish,of 1 rating,$10.25
DMRC,$33.45,1440533776843,"123,961",100% bearish,of 1 rating,$44
DCOM,$16.14,1440533776976,"87,246",100% bearish,of 2 ratings,$16.50
DIOD,$18.96,1440533777062,"169,801",75% bearish,of 4 ratings,$24
DPRX,$12.275,1440533777167,"15,270",100% bullish,of 2 ratings,$27.75
DISCA,$25.82,1440533777195,"4,476,885",67% bullish,of 3 ratings,$34
DISCB,$26,1440533777518,200,100% bearish,of 1 rating,$35
DSCO,$0.39,1440533777595,"175,078",83% bullish,of 6 ratings,$2.75
DISCK,$24.21,1440533777621,"2,380,773",100% bearish,of 1 rating,$32
DISH,$59.1717,1440533777755,"869,871",69% bullish,of 13 ratings,$73
DVCR,$10.4,1440533777783,"10,764",100% bullish,of 1 rating,N/A
DLHC,$2.4,1440533777808,"4,080",100% bearish,of 1 rating,N/A
BAGR,$2.76,1440533777833,"27,004",100% bearish,of 1 rating,$6
DNBF,$26.12,1440533778022,"2,749",Not yet rated,NULL,$27.50
DGICA,$13.92,1440533778189,"12,887",100% bearish,of 1 rating,$17
DLTR,$73.16,1440533778219,"1,588,033",82% bullish,of 11 ratings,$88
DMLP,$13.6,1440533778245,"25,329",100% bearish,of 1 rating,N/A
HILL,$9.66,1440533778278,"1,409,616",60% bearish,of 5 ratings,$9.75
DORM,$49.3,1440533778299,"181,278",100% bearish,of 1 rating,$56
DGICB,NULL,1440533778381,0,100% bearish,of 1 rating,N/A
DRWIW,$0.06,1440533778598,124,Not yet rated,NULL,N/A
DRWI,$0.23,1440533778625,"291,161",60% bullish,of 5 ratings,$.45
DWA,$19.3709,1440533778702,"1,093,856",63% bullish,of 8 ratings,$26
DRYS,$0.36,1440533778832,"3,904,629",77% bullish,of 31 ratings,$.60
DSKX,$2.78,1440533778873,"207,834",100% bullish,of 1 rating,N/A
DSPG,$8.27,1440533778899,"136,658",100% bearish,of 1 rating,$13.50
CADT,NULL,1440533779038,0,Not yet rated,NULL,N/A
CADTW,NULL,1440533779181,0,Not yet rated,NULL,N/A
CADTU,NULL,1440533779215,0,Not yet rated,NULL,N/A
CADTR,NULL,1440533779247,0,Not yet rated,NULL,N/A
DTSI,$25.52,1440533779344,"153,311",100% bearish,of 2 ratings,$39.50
DXPE,$27.7955,1440533779446,"132,231",50% bullish,of 2 ratings,N/A
DRRX,$1.91,1440533779473,"202,365",50% bullish,of 6 ratings,$3
DNKN,$50.4252,1440533779604,"1,075,943",67% bullish,of 15 ratings,$56.50
DYNT,$2.89,1440533779786,"8,209",75% bullish,of 4 ratings,N/A
DYSL,$1.5,1440533779812,"23,300",100% bullish,of 2 ratings,N/A
BOOM,$9.38,1440533779842,"46,078",67% bullish,of 3 ratings,$12
DYAX,$21.8294,1440533779887,"671,406",89% bullish,of 9 ratings,$30
DVAX,$26.0746,1440533779941,"313,155",70% bullish,of 10 ratings,$40
ETFC,$24.14,1440533779968,"2,977,017",57% bullish,of 14 ratings,$33
EBMT,$11.21,1440533780098,"13,131",Not yet rated,NULL,$13.50
EGRX,$69.9461,1440533780371,"364,968",67% bullish,of 3 ratings,$97
EGLE,$6.19,1440533780447,"36,638",60% bullish,of 5 ratings,N/A
ELNK,$8.0734,1440533780577,"627,076",60% bullish,of 5 ratings,$9.50
EGBN,$40.51,1440533780669,"114,146",Not yet rated,NULL,$48
EROC,$1.14,1440533780804,"366,926",50% bullish,of 2 ratings,$3
EWBC,$37.605,1440533780935,"1,397,205",100% bearish,of 1 rating,$50
EACQU,$10.2,1440533780965,"4,900",Not yet rated,NULL,N/A
EBAY,$25.23,1440533780991,"13,980,862",81% bullish,of 117 ratings,$48
EML,$16.54,1440533781016,"7,540",Not yet rated,NULL,N/A
EVBS,$6.52,1440533781064,"8,873",Not yet rated,NULL,$7
ECHO,$22.93,1440533781160,"350,744",67% bearish,of 3 ratings,$35.50
SATS,$42.3803,1440533781648,"129,650",50% bullish,of 2 ratings,$60
ECTE,$1.3,1440533781721,"54,757",75% bullish,of 4 ratings,N/A
EBIX,$26.412,1440533781746,"290,010",69% bullish,of 13 ratings,$40
ELON,$0.525,1440533781810,"82,803",50% bullish,of 2 ratings,N/A
EEI,$10.78,1440533781878,"8,938",67% bearish,of 3 ratings,N/A
EDAP,$3.32,1440533781976,"54,456",60% bullish,of 5 ratings,$4.50
ECACU,NULL,1440533782085,0,Not yet rated,NULL,N/A
ESES,$3.04,1440533782126,"28,133",100% bearish,of 1 rating,$7
EDUC,$4.94,1440533782256,"11,469",100% bearish,of 1 rating,N/A
EDGW,$6.74,1440533782389,"5,695",100% bearish,of 1 rating,N/A
EGLT,$11,1440533782447,"62,984",50% bullish,of 2 ratings,$21
EHTH,$13.271,1440533782476,"74,228",50% bullish,of 4 ratings,$16.50
EGAN,$3.24,1440533782524,"42,302",50% bullish,of 2 ratings,$6.25
EFUT,$3.923,1440533782579,"1,650",Not yet rated,NULL,N/A
EMITF,$1.25,1440533782729,"14,318",75% bullish,of 4 ratings,N/A
LOCO,$12.0827,1440533782755,"1,159,584",69% bullish,of 13 ratings,$20
ESLT,$76.52,1440533783060,"10,938",67% bullish,of 3 ratings,N/A
ERI,$9.09,1440533783113,"57,779",100% bearish,of 1 rating,$10
ELRC,$10.36,1440533783140,"44,369",100% bearish,of 1 rating,N/A
EA,$63.54,1440533783214,"3,719,431",77% bullish,of 35 ratings,$80
ESIO,$4.35,1440533783419,"80,833",50% bullish,of 2 ratings,$10
EFII,$43.3893,1440533783483,"269,069",80% bullish,of 5 ratings,$55
ELEC,NULL,1440533783615,0,Not yet rated,NULL,N/A
ELSE,$4,1440533783642,"2,500",60% bullish,of 5 ratings,N/A
ELECU,$9.98,1440533783982,"2,000",Not yet rated,NULL,N/A
ELECW,NULL,1440533784063,0,Not yet rated,NULL,N/A
EBIO,$3.33,1440533784137,"98,484",100% bearish,of 2 ratings,$8.35
CAPX,$21.29,1440533784273,"1,600",Not yet rated,NULL,N/A
RDEN,$9.88,1440533784299,"80,793",100% bearish,of 4 ratings,$15
ESBK,$19.83,1440533784378,800,Not yet rated,NULL,N/A
LONG,$16.25,1440533784642,"205,934",67% bullish,of 3 ratings,$15.75
EMKR,$6.82,1440533784811,"104,670",75% bullish,of 4 ratings,$8.50
EMMS,$1.12,1440533784840,"28,812",67% bullish,of 6 ratings,N/A
EMCI,$22.15,1440533784878,"12,767",Not yet rated,NULL,N/A
ELTK,$1.06,1440533784900,"1,430",67% bearish,of 3 ratings,N/A
NYNY,$3.94,1440533784971,"42,956",50% bullish,of 2 ratings,N/A
EMCF,NULL,1440533785000,0,100% bearish,of 1 rating,N/A
EMMSP,NULL,1440533785028,0,100% bearish,of 1 rating,N/A
ERS,$2.77,1440533785184,"4,255",Not yet rated,NULL,N/A
ENTA,$39.876,1440533785314,"149,326",50% bullish,of 2 ratings,$42
WIRE,$31.4035,1440533785655,"120,471",100% bearish,of 1 rating,$37
ECYT,$4.83,1440533785684,"274,081",83% bullish,of 6 ratings,$12
ELGX,$12.5001,1440533785714,"560,141",75% bullish,of 4 ratings,$17
EIGI,$15.348,1440533785754,"872,372",67% bearish,of 3 ratings,$22.50
ECPG,$38.5924,1440533785780,"199,278",100% bullish,of 2 ratings,$52
ENDP,$73.09,1440533785813,"1,625,387",50% bullish,of 6 ratings,$104
EFOI,$16.75,1440533785951,"478,784",50% bullish,of 2 ratings,$20.50
ERII,$2.74,1440533785982,"92,215",80% bullish,of 5 ratings,$2.50
ENOC,$8.19,1440533786790,"240,916",75% bullish,of 4 ratings,$18
ESGR,$145.96,1440533786817,"32,960",100% bearish,of 1 rating,$185
EXXI,$1.35,1440533786846,"1,313,315",86% bullish,of 7 ratings,$3.50
ENPH,$4.858,1440533786876,"867,916",75% bullish,of 4 ratings,$11
WATT,$5.9,1440533786948,"243,351",50% bullish,of 2 ratings,$13
ENG,$0.96,1440533786979,"53,786",100% bullish,of 3 ratings,N/A
ENFC,$17.99,1440533787112,"4,732",Not yet rated,NULL,N/A
ENTG,$13.2793,1440533787168,"460,674",100% bearish,of 1 rating,$18
ETRM,$0.251,1440533787272,"2,522,513",69% bearish,of 35 ratings,$1.625
ENTL,$21.41,1440533787300,"31,689",Not yet rated,NULL,$28
EBTC,$20.99,1440533787329,"3,255",Not yet rated,NULL,N/A
EGT,$1.92,1440533787463,"4,517",100% bullish,of 1 rating,N/A
EFSC,$23.31,1440533787490,"59,966",Not yet rated,NULL,$27
ENVI,$1.76,1440533787511,"10,153",67% bullish,of 3 ratings,N/A
ENZN,$0.95,1440533787545,"594,360",100% bullish,of 9 ratings,N/A
ENZY,$9.1,1440533787678,"10,170",67% bullish,of 3 ratings,$9.50
EPZM,$17.5819,1440533788014,"363,854",60% bullish,of 5 ratings,$34
EPRS,$4.76,1440533788053,"39,078",82% bullish,of 11 ratings,$15
EPIQ,$12.69,1440533788079,"50,041",100% bearish,of 1 rating,$18
EQFN,NULL,1440533788111,0,100% bearish,of 1 rating,N/A
EAC,$3.2,1440533788169,"20,418",100% bearish,of 1 rating,$8
PLUS,$75.3176,1440533788243,"86,522",50% bullish,of 2 ratings,$88
EQIX,$251.11,1440533788268,"739,462",75% bullish,of 4 ratings,$312.50
ERIC,$9.6186,1440533788293,"1,915,843",63% bullish,of 8 ratings,$12.20
ERIE,$80.29,1440533788760,"43,083",Not yet rated,NULL,$73
ESCR,$0.18,1440533788796,"37,163",50% bullish,of 2 ratings,N/A
ESCA,$16.78,1440533788866,"9,890",100% bearish,of 1 rating,$22
ESMC,$1.31,1440533788892,100,Not yet rated,NULL,N/A
ESCRP,$1.45,1440533788917,600,100% bearish,of 1 rating,N/A
ESPR,$52.4546,1440533788945,"666,861",70% bearish,of 10 ratings,$123
ESSA,$12.65,1440533789210,"11,284",100% bearish,of 1 rating,N/A
ESSX,$0.43,1440533789310,"88,581",50% bullish,of 2 ratings,N/A
EPIX,NULL,1440533789335,0,Not yet rated,NULL,N/A
ESND,$33.07,1440533789468,"117,011",100% bearish,of 2 ratings,$40
ETSY,$12.87,1440533789657,"412,843",80% bullish,of 5 ratings,$16
ESEA,$5.75,1440533789708,"2,782",100% bullish,of 1 rating,$15
CLWT,$2.5,1440533789747,459,100% bearish,of 1 rating,N/A
EEFT,$62.54,1440533789776,"206,650",100% bearish,of 1 rating,$67.50
EVK,NULL,1440533789947,0,75% bearish,of 4 ratings,N/A
EVEP,$7.055,1440533790034,"267,808",50% bullish,of 2 ratings,$15
EVLV,$1.96,1440533790139,"292,116",60% bullish,of 5 ratings,$6.50
EVOK,$3.75,1440533790283,"51,694",100% bearish,of 1 rating,$13.375
EVOL,$5.98,1440533790370,"18,001",75% bullish,of 4 ratings,$10
EXA,$10.71,1440533790412,"5,394",100% bearish,of 1 rating,$13
EXAS,$20.3352,1440533790461,"909,373",78% bullish,of 9 ratings,$31
EXAC,$17.79,1440533790546,"37,241",100% bearish,of 1 rating,$22.50
EXEL,$5.23,1440533790679,"3,867,767",81% bullish,of 16 ratings,$6
EXLS,$34.79,1440533790735,"124,171",50% bullish,of 2 ratings,$41
EXFO,$2.6,1440533790762,"35,952",67% bearish,of 3 ratings,$3.95
EXPE,$108.42,1440533790896,"1,148,475",64% bullish,of 11 ratings,$130
EXPD,$47.49,1440533791183,"1,945,340",80% bullish,of 5 ratings,$51.50
EXPO,$41.4506,1440533791241,"71,672",100% bearish,of 1 rating,$45.50
ESRX,$80.92,1440533791266,"3,923,163",67% bearish,of 6 ratings,$101
EXLP,$18.02,1440533791291,"188,849",100% bearish,of 1 rating,$25
EYEG,$3.93,1440533792803,"22,750",Not yet rated,NULL,N/A
EXTR,$2.68,1440533792834,"442,552",80% bullish,of 5 ratings,$3
EYEGW,NULL,1440533792945,0,Not yet rated,NULL,N/A
EZCH,$20.74,1440533793212,"49,389",75% bullish,of 8 ratings,$19.50
FFIV,$117.47,1440533793365,"811,738",63% bullish,of 8 ratings,$132
FB,$83.2,1440533793391,"33,006,280",73% bullish,of 1066 ratings,$111
EZPW,$5.809,1440533793420,"455,580",50% bullish,of 4 ratings,$7.50
FRP,$15.1,1440533793450,"108,391",100% bearish,of 1 rating,$18
FCS,$12.66,1440533793549,"531,738",67% bearish,of 3 ratings,$17
FWM,$2.37,1440533793587,"292,241",100% bearish,of 2 ratings,$3.20
FALC,$1.51,1440533793763,"30,779",63% bearish,of 8 ratings,N/A
DAVE,$13.95,1440533793956,"12,883",100% bearish,of 1 rating,$15.50
FARM,$21.02,1440533794044,"27,976",100% bearish,of 1 rating,$35
FMNB,$8,1440533794087,"11,529",Not yet rated,NULL,N/A
FFKT,$25.34,1440533794113,"14,763",Not yet rated,NULL,$29
FARO,$37.7859,1440533794249,"142,289",50% bullish,of 2 ratings,$48
FAST,$37,1440533794327,"4,384,737",80% bullish,of 5 ratings,$45.50
FBSS,$15.92,1440533794355,"2,365",Not yet rated,NULL,N/A
FATE,$6.13,1440533794380,"42,011",50% bullish,of 2 ratings,$11
FDML,$8.46,1440533794679,"180,698",50% bullish,of 4 ratings,$14
FNHC,$21.36,1440533794760,"57,530",100% bearish,of 1 rating,$35
FEIC,$73.9118,1440533794793,"248,674",50% bullish,of 2 ratings,$95.50
FBRC,$21.23,1440533794893,"14,598",100% bearish,of 1 rating,$29
FENX,$9.41,1440533794918,"70,665",100% bullish,of 1 rating,$14.25
FHCO,$1.36,1440533794950,"53,508",50% bullish,of 4 ratings,N/A
FCSC,$5.48,1440533794978,"189,048",100% bearish,of 1 rating,$8.125
FGEN,$22.7068,1440533795047,"247,287",100% bearish,of 1 rating,$39
LION,$18.4076,1440533795271,"120,214",100% bullish,of 1 rating,$20
ONEQ,$178.35,1440533795299,"63,468",100% bullish,of 1 rating,N/A
FRGI,$51.3181,1440533795362,"148,404",50% bullish,of 2 ratings,$70
FSAM,$8.58,1440533795392,"13,814",100% bearish,of 1 rating,$11
FDUS,$13.65,1440533795425,"43,143",50% bullish,of 2 ratings,$18
FSFR,$8.75,1440533795503,"157,722",100% bearish,of 1 rating,$11.50
FSCFL,$24.85,1440533795557,"3,432",Not yet rated,NULL,N/A
FSC,$6.14,1440533795611,"920,217",75% bullish,of 4 ratings,$8
FITBI,$27.07,1440533795961,"21,001",Not yet rated,NULL,N/A
FITB,$18.23,1440533795996,"7,237,968",54% bullish,of 13 ratings,$22
FNGN,$31.01,1440533796017,"309,491",67% bullish,of 3 ratings,$47
FNSR,$14.69,1440533796102,"650,957",71% bullish,of 7 ratings,$24.50
FISI,$24.4,1440533796151,"55,754",100% bullish,of 2 ratings,$24.50
FNTC,NULL,1440533796181,0,Not yet rated,NULL,N/A
FNTCU,$10.42,1440533796282,274,Not yet rated,NULL,N/A
FNJN,$1.59,1440533796307,"27,483",100% bearish,of 1 rating,$5
FEYE,$37,1440533796548,"3,308,589",87% bullish,of 15 ratings,$55.50
FBNC,$16.4,1440533796598,"30,364",100% bullish,of 1 rating,$20
FNLC,$18.08,1440533796625,"13,172",100% bullish,of 1 rating,N/A
FNTCW,$0.3111,1440533796646,514,Not yet rated,NULL,N/A
FRBA,$5.97,1440533796775,"2,004",Not yet rated,NULL,$8
FBIZ,$43.26,1440533796969,"7,772",100% bearish,of 2 ratings,$52
BUSE,$6.22,1440533797009,"351,165",Not yet rated,NULL,$6.875
FCVA,$4.6,1440533797097,"3,450",Not yet rated,NULL,N/A
FCFS,$38.14,1440533797124,"201,901",100% bearish,of 3 ratings,$48
FCNCA,$227.8061,1440533797145,"12,171",Not yet rated,NULL,N/A
FCAP,$26.5,1440533797166,"1,025",Not yet rated,NULL,N/A
FCFP,$6.9,1440533797364,"2,500",Not yet rated,NULL,N/A
FCLF,$9.35,1440533797536,"1,534",Not yet rated,NULL,N/A
FCCO,$11.89,1440533797565,"2,388",Not yet rated,NULL,$13.25
FBNK,$16.47,1440533797597,"29,793",100% bearish,of 1 rating,$17.50
FCBC,$16.95,1440533797700,"17,276",Not yet rated,NULL,$18
FFBC,$17.66,1440533797758,"143,556",67% bearish,of 3 ratings,$20.25
FFNM,$6.37,1440533797783,"1,751",Not yet rated,NULL,N/A
FDEF,$36.43,1440533797834,"31,945",Not yet rated,NULL,$38
FFBCW,$6.3,1440533798046,100,100% bearish,of 1 rating,N/A
FFIN,$29.6692,1440533798229,"305,819",50% bullish,of 2 ratings,$31.75
FIBK,$25.68,1440533798345,"97,718",Not yet rated,NULL,$32
FFWM,$20.59,1440533798372,"8,000",Not yet rated,NULL,$24
INBK,$29,1440533798399,"15,225",50% bullish,of 2 ratings,$37
FFNW,$11.91,1440533798425,"44,905",Not yet rated,NULL,$14
FRME,$24.99,1440533798454,"130,572",Not yet rated,NULL,$26.50
THFF,$32.62,1440533798500,"18,127",Not yet rated,NULL,$35
FMBH,$22,1440533798684,752,Not yet rated,NULL,N/A
FNBC,$32.86,1440533798765,"58,314",Not yet rated,NULL,$41.50
FMBI,$17.0115,1440533798863,"331,174",Not yet rated,NULL,$20
FNWB,$11.8,1440533798894,"6,594",Not yet rated,NULL,N/A
FNFG,$8.7845,1440533798956,"2,089,410",80% bullish,of 5 ratings,$9
FSFG,$29.8,1440533799059,"2,100",Not yet rated,NULL,N/A
FSGI,$2.48,1440533799377,"4,374",Not yet rated,NULL,N/A
FSBK,$7.44,1440533799476,"4,244",100% bullish,of 1 rating,N/A
FSLR,$44.38,1440533799530,"1,752,044",74% bullish,of 39 ratings,$65
FCAN,$22.88,1440533799632,"24,885",Not yet rated,NULL,N/A
FBZ,$10.06,1440533799677,880,Not yet rated,NULL,N/A
FCA,$19.35,1440533799763,"1,725",Not yet rated,NULL,N/A
FV,$22.2,1440533799791,"3,350,010",100% bearish,of 1 rating,N/A
BICK,$19.18,1440533799821,620,100% bullish,of 1 rating,N/A
FTCS,$35,1440533799926,"56,084",100% bearish,of 1 rating,N/A
IFV,$17.28,1440533800137,"905,561",100% bearish,of 1 rating,N/A
FEMB,NULL,1440533800166,0,Not yet rated,NULL,N/A
FTSM,$59.87,1440533800192,"20,899",100% bearish,of 1 rating,N/A
FEUZ,$30.92,1440533800322,208,Not yet rated,NULL,N/A
MDIV,$18.64,1440533800403,"261,215",Not yet rated,NULL,N/A
TDIV,$23.25,1440533800428,"226,462",100% bearish,of 1 rating,N/A
FGM,$34.97,1440533800663,"30,324",Not yet rated,NULL,N/A
FTGC,$21.76,1440533801004,"189,059",Not yet rated,NULL,N/A
HYLS,$48.79,1440533801082,"35,152",100% bearish,of 1 rating,N/A
FTHI,$19.1644,1440533801135,"2,698",Not yet rated,NULL,N/A
FHK,$32.09,1440533801181,"70,167",Not yet rated,NULL,N/A
FPXI,$26.8,1440533801208,"1,367",Not yet rated,NULL,N/A
YDIV,$16.3,1440533801269,"7,442",Not yet rated,NULL,N/A
CU,$12.41,1440533801294,"9,325",100% bearish,of 1 rating,N/A
PLTM,$6.18,1440533801346,"5,061",100% bearish,of 1 rating,N/A
SKYY,$27.32,1440533801515,"94,619",100% bullish,of 1 rating,N/A
FJP,$45.13,1440533801767,"17,589",Not yet rated,NULL,N/A
LMBS,$50.07,1440533801934,"3,037",Not yet rated,NULL,N/A
FTLB,$19.16,1440533801980,"1,532",100% bearish,of 1 rating,N/A
CIBR,$17.43,1440533802066,"87,209",Not yet rated,NULL,N/A
FMB,$51.26,1440533802091,"4,949",Not yet rated,NULL,N/A
QABA,$36.45,1440533802332,"23,330",100% bearish,of 1 rating,N/A
FONE,$33.683,1440533802388,250,Not yet rated,NULL,N/A
GRID,NULL,1440533802583,0,100% bearish,of 1 rating,N/A
RDVY,$20.5,1440533804095,"6,810",Not yet rated,NULL,N/A
CARZ,$33.38,1440533804120,"36,688",100% bearish,of 1 rating,N/A
QQEW,$39.48,1440533804298,"404,811",Not yet rated,NULL,N/A
QCLN,$14,1440533804324,"24,714",Not yet rated,NULL,N/A
QTEC,$37.44,1440533804598,"78,686",Not yet rated,NULL,N/A
QQXT,$38.43,1440533804665,"53,234",Not yet rated,NULL,N/A
FTSL,$48.57,1440533805090,"95,070",100% bearish,of 1 rating,N/A
AIRR,$15.71,1440533805123,"9,980",100% bearish,of 1 rating,N/A
QINC,$19.96,1440533805172,"1,004",Not yet rated,NULL,N/A
FKO,$22,1440533805343,"1,230",Not yet rated,NULL,N/A
FTW,$30.03,1440533805559,"3,000",Not yet rated,NULL,N/A
FDIV,$46.75,1440533805592,"3,511",100% bearish,of 1 rating,N/A
FUNC,$8.16,1440533805692,"4,623",Not yet rated,NULL,N/A
TUSA,$23.8926,1440533805726,385,Not yet rated,NULL,N/A
FKU,$41.09,1440533805823,"28,032",Not yet rated,NULL,N/A
FSZ,$38.91,1440533805850,"47,839",Not yet rated,NULL,N/A
FMER,$17.0275,1440533805883,"1,479,151",50% bullish,of 2 ratings,$20
SVVC,$9.4,1440533805980,"19,072",50% bullish,of 2 ratings,$26
FSV,$31.04,1440533806147,"12,592",Not yet rated,NULL,$33.60
FISV,$80.07,1440533806177,"1,355,423",100% bearish,of 3 ratings,$90
FIVE,$35.6378,1440533806281,"597,028",75% bearish,of 4 ratings,$44
FPRX,$18.8165,1440533806307,"259,486",50% bullish,of 2 ratings,$35
FLML,$21.5713,1440533806389,"283,388",50% bullish,of 2 ratings,$30
FIVN,$4.15,1440533806458,"136,006",100% bullish,of 1 rating,$8.50
FLKS,$12.73,1440533806487,"46,103",50% bullish,of 2 ratings,$27
MBSD,$24.96,1440533806623,800,Not yet rated,NULL,N/A
FLXN,$23.1313,1440533806729,"53,909",100% bearish,of 1 rating,$40
SKOR,NULL,1440533806824,0,Not yet rated,NULL,N/A
FLXS,$31.24,1440533806857,"27,913",100% bearish,of 2 ratings,N/A
FLEX,$10.1885,1440533806885,"2,990,370",63% bullish,of 8 ratings,$12
FLIR,$27.06,1440533806911,"833,914",100% bearish,of 1 rating,$38.50
FFIC,$19.34,1440533807086,"83,590",Not yet rated,NULL,$21
FLDM,$11.9362,1440533807112,"396,957",67% bearish,of 3 ratings,$21.50
FOMX,$9.6339,1440533807258,"125,071",50% bullish,of 2 ratings,$23.50
FORM,$5.95,1440533807462,"216,313",67% bullish,of 3 ratings,$10.50
FONR,$9.22,1440533807489,"12,066",100% bullish,of 1 rating,N/A
FES,$0.89,1440533807511,"16,587",50% bullish,of 2 ratings,$1
FOGO,$17.9,1440533807532,"127,143",50% bullish,of 2 ratings,$25.50
FORTY,$31.46,1440533807566,151,100% bearish,of 1 rating,N/A
FBIO,$2.49,1440533807725,"178,543",83% bullish,of 6 ratings,N/A
FTNT,$41.8358,1440533807752,"1,160,794",80% bullish,of 10 ratings,$52
FORR,$31.5,1440533807824,"30,091",Not yet rated,NULL,N/A
FORD,$1.35,1440533807891,"6,511,139",67% bullish,of 3 ratings,N/A
FWRD,$44.63,1440533807924,"203,885",100% bearish,of 1 rating,$50
FOSL,$57.82,1440533807962,"946,527",50% bullish,of 4 ratings,$80
FWP,$24.76,1440533808020,"44,562",100% bearish,of 1 rating,$45
FMI,$20.5421,1440533808389,"204,762",100% bearish,of 2 ratings,$27.50
FREE,$0.34,1440533808574,"472,488",92% bullish,of 12 ratings,N/A
FOXF,$15.26,1440533808600,"76,098",100% bearish,of 1 rating,$19
FRAN,$10.3975,1440533808627,"345,501",50% bullish,of 4 ratings,$15
FXCB,$17.04,1440533808678,"16,350",Not yet rated,NULL,$19
FRED,$12.79,1440533808902,"159,803",50% bullish,of 2 ratings,$16.50
RAIL,$18.89,1440533809038,"107,057",100% bearish,of 1 rating,$24.50
FELE,$27.64,1440533809075,"129,403",50% bullish,of 4 ratings,$33
FEIM,$10.75,1440533809097,"4,138",100% bearish,of 1 rating,N/A
FTR,$4.92,1440533809134,"12,167,220",78% bullish,of 27 ratings,$6.25
FTRPR,$99,1440533809164,"125,312",100% bearish,of 1 rating,N/A
FRPT,$12.55,1440533809230,"324,408",67% bearish,of 3 ratings,$23.50
FRPH,$29.55,1440533809256,"3,975",100% bearish,of 1 rating,N/A
FSBW,$22.76,1440533809422,"3,528",Not yet rated,NULL,N/A
FTD,$28.34,1440533809588,"112,644",100% bearish,of 1 rating,$40
FSYS,$5.96,1440533809716,"35,700",67% bullish,of 3 ratings,$10
FTEK,$1.96,1440533809761,"32,697",75% bullish,of 4 ratings,N/A
FLL,$1.5,1440533809788,"12,469",75% bullish,of 4 ratings,$3.50
FULLL,$24.95,1440533809813,"5,422",Not yet rated,NULL,N/A
FCEL,$0.7376,1440533809839,"1,504,173",88% bullish,of 40 ratings,$2.65
FULL,$3.06,1440533809866,"56,410",67% bearish,of 3 ratings,$4.25
FULT,$11.8632,1440533810000,"820,378",100% bearish,of 1 rating,$13
FSNN,$2.35,1440533810135,"6,800",67% bullish,of 3 ratings,$6
FXEN,$0.7988,1440533810269,"63,519",75% bullish,of 4 ratings,$1.10
WILC,$4.85,1440533810294,"2,123",100% bullish,of 2 ratings,N/A
FXENP,$15.56,1440533810330,"1,130",100% bearish,of 1 rating,N/A
GK,$66.29,1440533810355,"97,576",Not yet rated,NULL,$78
FFHL,NULL,1440533810500,0,50% bullish,of 4 ratings,N/A
GLPG,$62.92,1440533811031,"19,683",100% bullish,of 1 rating,$75
GAIA,$5.85,1440533811061,"18,684",50% bullish,of 2 ratings,$8.50
GALTU,NULL,1440533811127,0,100% bearish,of 1 rating,N/A
GALTW,NULL,1440533811156,0,100% bullish,of 1 rating,N/A
GALT,$1.85,1440533811192,"71,711",80% bullish,of 5 ratings,N/A
GLMD,$7.35,1440533811223,"32,087",67% bullish,of 3 ratings,$20.50
GALE,$1.6,1440533811244,"1,493,747",89% bullish,of 47 ratings,$4
GLPI,$31.1364,1440533811445,"430,801",100% bearish,of 1 rating,$37.50
GPIC,$10.27,1440533811611,"1,900",100% bearish,of 1 rating,N/A
GGACR,NULL,1440533811681,0,100% bullish,of 1 rating,N/A
GGAC,$9.82,1440533811710,"4,200",100% bearish,of 1 rating,N/A
GRMN,$36.7,1440533811768,"1,261,905",50% bullish,of 6 ratings,$48
GGACW,$0.1068,1440533811808,"2,100",Not yet rated,NULL,N/A
GGACU,NULL,1440533811858,0,Not yet rated,NULL,N/A
GARS,$13.97,1440533812015,"31,264",Not yet rated,NULL,$16
GENC,$9.25,1440533812351,"3,350",100% bearish,of 1 rating,N/A
GFNCP,$89.01,1440533812543,306,Not yet rated,NULL,N/A
GFN,$3.47,1440533812572,"77,386",100% bearish,of 2 ratings,$8
GFNSL,$25.59,1440533812700,"3,050",Not yet rated,NULL,N/A
GNCMA,$16.333,1440533812734,"141,521",100% bearish,of 1 rating,$12
GENE,$2.07,1440533812757,"96,237",100% bullish,of 12 ratings,N/A
GNMK,$9.132,1440533812832,"246,274",67% bullish,of 6 ratings,$14
GNCA,$12.342,1440533812857,"102,333",100% bearish,of 1 rating,$20
GNTX,$14.76,1440533813275,"1,735,004",Not yet rated,NULL,$20
GNVC,$2.26,1440533813302,"35,628",90% bullish,of 10 ratings,$8.50
GHDX,$24.4197,1440533813323,"149,586",50% bullish,of 2 ratings,$30
GTWN,$18.54,1440533813457,"1,735",Not yet rated,NULL,N/A
THRM,$42.18,1440533813484,"156,210",75% bearish,of 4 ratings,$55.50
GEOS,$14.2,1440533814042,"131,325",100% bearish,of 3 ratings,$21
GABC,$28.72,1440533814191,"18,260",Not yet rated,NULL,$31.50
GEVO,$2.44,1440533814271,"937,610",75% bullish,of 12 ratings,$5
GERN,$3.0456,1440533814298,"1,526,277",88% bullish,of 16 ratings,$5.25
GILD,$103,1440533814550,"12,820,412",91% bullish,of 87 ratings,$129
GIGA,$1.46,1440533814611,"211,139",100% bearish,of 1 rating,N/A
GIII,$63.5,1440533814647,"177,851",67% bullish,of 3 ratings,$75
ROCK,$16.1,1440533814669,"104,697",80% bullish,of 5 ratings,$24
GIGM,$0.5704,1440533814699,"81,125",100% bullish,of 2 ratings,N/A
GBCI,$24.3981,1440533814742,"285,361",50% bullish,of 2 ratings,$31
GILT,$4.27,1440533814772,"16,313",50% bullish,of 2 ratings,N/A
GLADO,$25.22,1440533814916,"2,951",Not yet rated,NULL,N/A
GLAD,$8.02,1440533814964,"102,986",50% bullish,of 2 ratings,$8.75
GOOD,$14,1440533815098,"148,297",Not yet rated,NULL,$19
GOODO,$25.1,1440533815124,650,Not yet rated,NULL,N/A
GOODN,$25.3,1440533815149,"1,200",Not yet rated,NULL,N/A
GOODP,$25.01,1440533815291,900,Not yet rated,NULL,N/A
GAIN,$7.24,1440533815362,"204,992",100% bullish,of 2 ratings,$8.25
GAINN,$25.19,1440533815445,"81,855",Not yet rated,NULL,N/A
GAINO,$25.11,1440533815471,"3,103",Not yet rated,NULL,N/A
GAINP,$25.89,1440533815616,"3,170",Not yet rated,NULL,N/A
GLBZ,NULL,1440533815646,0,Not yet rated,NULL,N/A
GBT,$42.87,1440533815673,"81,473",100% bearish,of 1 rating,N/A
LAND,$9.2,1440533815723,"21,140",50% bullish,of 2 ratings,$13.75
ENT,$10.983,1440533815778,"308,292",100% bearish,of 1 rating,$18
GDEF,NULL,1440533815803,0,Not yet rated,NULL,N/A
GBLI,$26.68,1440533815953,"12,540",Not yet rated,NULL,N/A
GPACU,$10.1,1440533816258,27,Not yet rated,NULL,N/A
GSOL,$8.19,1440533816296,"41,820",100% bearish,of 1 rating,N/A
ACTX,$12.75,1440533816359,"1,102",100% bullish,of 1 rating,N/A
ALTY,NULL,1440533816388,0,Not yet rated,NULL,N/A
SRET,$13.01,1440533816416,"2,654",Not yet rated,NULL,N/A
QQQC,$18.44,1440533816441,"5,125",100% bearish,of 1 rating,N/A
SOCL,$16.63,1440533816491,"72,865",100% bullish,of 2 ratings,N/A
YLCO,$11.8,1440533816647,570,Not yet rated,NULL,N/A
GBIM,$2.11,1440533816864,"9,380",50% bullish,of 2 ratings,N/A
GAI,$5.8,1440533816893,"9,496",50% bullish,of 2 ratings,N/A
GLRI,$1.02,1440533816915,"9,854",100% bearish,of 1 rating,$4.25
GSM,$12.16,1440533816946,"308,167",50% bullish,of 2 ratings,$23
GLBS,$1.08,1440533816967,108,67% bullish,of 3 ratings,N/A
GLUU,$4.24,1440533817115,"1,526,602",92% bullish,of 26 ratings,$9
GLYC,$7.01,1440533817247,"22,769",50% bullish,of 2 ratings,$14
GLDC,$4.0999,1440533817496,"1,000",50% bullish,of 2 ratings,N/A
GDEN,$8.99,1440533817532,"7,183",50% bullish,of 2 ratings,N/A
GMLP,$17.46,1440533817591,"266,052",50% bullish,of 4 ratings,$32.50
GLNG,$33.17,1440533817694,"635,947",83% bullish,of 6 ratings,$58
GOGO,$15.01,1440533817720,"935,133",80% bullish,of 5 ratings,$25
GOGL,$2.57,1440533817799,"307,800",75% bullish,of 4 ratings,$5
GBDC,$16.27,1440533817981,"316,613",Not yet rated,NULL,$17.75
GTIM,$6.5,1440533818008,"58,583",Not yet rated,NULL,$11.50
GOOG,$582.06,1440533818137,"1,920,819",89% bullish,of 70 ratings,$825
GPRO,$47,1440533818194,"5,901,471",78% bullish,of 58 ratings,$72
GPIA,NULL,1440533818327,0,Not yet rated,NULL,N/A
GMAN,$4.2,1440533818425,"33,741",60% bullish,of 5 ratings,$8.50
GOOGL,$618.5,1440533818564,"1,874,063",88% bullish,of 1080 ratings,$749
GPIAW,NULL,1440533818589,0,Not yet rated,NULL,N/A
LOPE,$35.9,1440533818619,"203,896",100% bearish,of 2 ratings,$50
GPIAU,$9.94,1440533818723,"4,900",Not yet rated,NULL,N/A
GBSNU,NULL,1440533818763,0,NULL,NULL,NULL
GBSN,$0.55,1440533818812,"4,497,777",100% bearish,of 1 rating,$8.25
GRVY,$3.17,1440533818851,"3,202",50% bullish,of 2 ratings,N/A
GSBC,$37.95,1440533818951,"33,911",100% bullish,of 1 rating,$44
GNBC,$11.16,1440533819022,"49,153",100% bearish,of 1 rating,$17
GPP,$13.32,1440533819175,"86,425",Not yet rated,NULL,$20.50
GLDD,$5.1,1440533819200,"224,802",100% bearish,of 4 ratings,$7.75
GPRE,$18.1946,1440533819228,"578,886",67% bullish,of 6 ratings,$28.50
GRBK,$12.2023,1440533819256,"182,916",77% bullish,of 13 ratings,N/A
GCBC,NULL,1440533819389,0,100% bullish,of 1 rating,N/A
GLRE,$23.77,1440533819454,"113,722",50% bullish,of 2 ratings,$41
GRFS,$30.72,1440533819590,"192,961",50% bullish,of 2 ratings,$35
OMAB,$38.96,1440533819720,"30,864",100% bullish,of 1 rating,$44
GGAL,$17.4,1440533819768,"205,021",80% bullish,of 5 ratings,$40
GRIF,NULL,1440533819800,0,100% bearish,of 1 rating,N/A
GSIG,$12.16,1440533819902,"115,004",100% bearish,of 2 ratings,N/A
GRPN,$4.005,1440533819931,"5,097,852",61% bullish,of 71 ratings,$6.75
GSIT,$4.75,1440533820032,"48,541",100% bearish,of 1 rating,N/A
GSVC,$8.2,1440533820062,"64,368",50% bullish,of 2 ratings,$14.50
GTXI,$0.784,1440533820169,"60,269",100% bullish,of 5 ratings,$.75
GBNK,$15.36,1440533820201,"38,002",100% bearish,of 1 rating,$18
GFED,$14.61,1440533820331,709,Not yet rated,NULL,$17
GULTU,$0.275,1440533820406,"44,327",100% bearish,of 1 rating,N/A
GUID,$6.8,1440533820505,"94,751",100% bearish,of 3 ratings,$10
GIFI,$11.15,1440533820581,"43,374",100% bearish,of 1 rating,$16
GURE,$1.64,1440533820611,"69,591",88% bullish,of 8 ratings,N/A
GWPH,$100.27,1440533820711,"103,343",78% bullish,of 9 ratings,$148.50
GPOR,$33.3232,1440533820737,"1,191,580",75% bullish,of 4 ratings,$55
GWGH,$7.28,1440533820786,200,100% bearish,of 1 rating,$15.05
GYRO,$2.89,1440533820812,"18,650",100% bearish,of 1 rating,N/A
HEES,$16.2687,1440533821013,"231,497",67% bearish,of 3 ratings,$31
HLG,$8.45,1440533821112,"4,900",100% bearish,of 1 rating,N/A
HNRG,$7.26,1440533821141,"82,442",100% bearish,of 1 rating,$10
HALL,$11.01,1440533821242,"22,091",Not yet rated,NULL,N/A
HALO,$16.88,1440533821270,"1,211,490",67% bullish,of 3 ratings,$22.50
HBK,$13.53,1440533821294,435,50% bullish,of 2 ratings,N/A
HMPR,$1.8,1440533821327,"31,835",100% bullish,of 1 rating,N/A
HBHC,$25.4009,1440533821433,"721,606",50% bullish,of 2 ratings,$30
HBHCL,$24.15,1440533821596,"23,628",Not yet rated,NULL,N/A
HNH,$25.86,1440533821624,"9,330",100% bullish,of 1 rating,N/A
HAFC,$23.21,1440533821662,"172,218",100% bullish,of 2 ratings,$28.50
HQCL,$11.005,1440533821751,"135,813",67% bullish,of 3 ratings,$14
HDNG,$9.62,1440533821810,"8,469",50% bullish,of 4 ratings,N/A
HNSN,$0.5,1440533821855,"81,723",88% bullish,of 8 ratings,$.40
HRMN,NULL,1440533821915,0,Not yet rated,NULL,N/A
HLIT,$5.49,1440533821987,"442,542",100% bearish,of 1 rating,$6.50
HRMNU,NULL,1440533822130,0,Not yet rated,NULL,N/A
HRMNW,NULL,1440533822202,0,Not yet rated,NULL,N/A
HART,$0.8148,1440533822408,"96,501",100% bearish,of 1 rating,N/A
TINY,$2.45,1440533822455,"44,141",50% bullish,of 2 ratings,$5.26
HBIO,$4.36,1440533823451,"63,381",Not yet rated,NULL,$10
HCAPL,$25.42,1440533823632,"1,800",Not yet rated,NULL,N/A
HCAP,$12.11,1440533823763,"2,253",50% bullish,of 2 ratings,$15
HAS,$71.53,1440533823979,"1,604,604",63% bullish,of 8 ratings,$84.50
HAYN,$35.38,1440533824462,"33,751",100% bearish,of 1 rating,$59
HCOM,$22.1,1440533824488,"18,156",100% bearish,of 1 rating,$28
HA,$22.4653,1440533824517,"542,496",67% bullish,of 9 ratings,$27
HWKN,$35.18,1440533824538,"13,333",Not yet rated,NULL,N/A
HWBK,$13.14,1440533824571,600,100% bearish,of 1 rating,N/A
HCSG,$32.59,1440533824670,"230,146",50% bullish,of 4 ratings,$35
HIIQ,$4.24,1440533824747,"55,404",50% bullish,of 2 ratings,$7
HDS,$30.88,1440533824826,"1,729,816",100% bearish,of 2 ratings,$39.50
HQY,$28.4825,1440533825045,"112,632",67% bullish,of 3 ratings,$31
HSTM,$24.3058,1440533825099,"68,983",50% bullish,of 2 ratings,$33.75
HTLD,$19.67,1440533825146,"413,427",Not yet rated,NULL,$22.50
HWAY,$11.8172,1440533825187,"332,812",100% bearish,of 1 rating,$15
HTLF,$34.87,1440533825229,"24,697",100% bullish,of 1 rating,$39.50
HTWR,$81.2699,1440533825322,"251,754",50% bullish,of 2 ratings,$103
HTBX,$4.9,1440533825604,"12,824",50% bullish,of 2 ratings,$15.50
HELE,$84.0596,1440533825822,"201,856",67% bearish,of 3 ratings,$100
HNNA,$24.45,1440533825854,"7,801",Not yet rated,NULL,N/A
HSII,$20.01,1440533825875,"86,049",100% bullish,of 3 ratings,$25
HMTV,$13.15,1440533825960,"51,584",100% bearish,of 1 rating,$16
HMNY,$2.59,1440533826007,656,100% bearish,of 1 rating,N/A
HCACU,$9.92,1440533826092,"5,400",Not yet rated,NULL,N/A
HERO,NULL,1440533826221,0,NULL,NULL,NULL
HSIC,$132.23,1440533826284,"456,483",83% bullish,of 6 ratings,$146
HTBK,$10.5,1440533826416,"38,881",Not yet rated,NULL,$12
HFWA,$17.3,1440533826496,"71,929",100% bullish,of 1 rating,$20
HCCI,$10.49,1440533826593,"16,126",100% bearish,of 1 rating,$16.50
HEOP,$7.53,1440533826692,"24,257",Not yet rated,NULL,$8.50
MLHR,$27.0474,1440533826771,"544,299",50% bullish,of 2 ratings,$33.50
HRTX,$33.8156,1440533826836,"436,925",67% bullish,of 6 ratings,$41
HFFC,$15.9,1440533826918,"3,841",Not yet rated,NULL,N/A
HSKA,$32.34,1440533826953,"52,691",100% bearish,of 1 rating,$38
HIHO,$3.77,1440533826981,"7,704",Not yet rated,NULL,N/A
HIBB,$37.615,1440533827002,"315,272",100% bearish,of 1 rating,$48.50
HPJ,$2.19,1440533827048,"29,294",75% bullish,of 4 ratings,$12.43
HIMX,$6.36,1440533827446,"654,002",86% bullish,of 21 ratings,$8.50
HIFS,$114.69,1440533827474,"2,842",Not yet rated,NULL,N/A
HMNF,$11.13,1440533827604,"14,908",Not yet rated,NULL,N/A
HMSY,$10.0206,1440533827631,"2,545,369",67% bullish,of 3 ratings,$19.35
HSGX,$5.65,1440533827652,"3,500",100% bearish,of 1 rating,$17
HOLI,$16.93,1440533827682,"317,896",50% bullish,of 4 ratings,$27
HOMB,$36.8762,1440533827812,"156,808",Not yet rated,NULL,$41
HOLX,$38.658,1440533827837,"2,622,969",67% bullish,of 3 ratings,$42
HBCP,$24.44,1440533828000,"1,250",Not yet rated,NULL,$29
HFBL,$22,1440533828029,600,Not yet rated,NULL,N/A
HMST,$21.43,1440533828198,"169,238",100% bullish,of 2 ratings,$27
HMIN,$26.93,1440533828224,"171,099",100% bearish,of 2 ratings,$35
HKTV,$4.4,1440533828246,"75,704",100% bearish,of 1 rating,N/A
AWAY,$27.18,1440533828275,"1,061,291",67% bullish,of 3 ratings,$36
HTBI,$17.78,1440533828297,"45,855",67% bullish,of 3 ratings,$18.625
CETC,$0.6808,1440533828575,"37,149",86% bullish,of 7 ratings,N/A
HOFT,$23.09,1440533828621,"59,262",100% bearish,of 1 rating,N/A
HBNC,$22.6,1440533828705,"22,078",100% bullish,of 1 rating,$27
HRZN,$10.06,1440533828756,"215,172",100% bearish,of 1 rating,$14.25
HDP,$23.18,1440533828813,"253,125",67% bearish,of 3 ratings,$30.50
HFBC,$11.27,1440533828839,"6,513",Not yet rated,NULL,N/A
HZNP,$27.83,1440533828917,"1,798,957",85% bullish,of 20 ratings,$40
ZINC,$6.8768,1440533829009,"758,188",100% bearish,of 1 rating,$17
HMHC,$22.5452,1440533829328,"729,815",Not yet rated,NULL,$27
HWCC,$7.25,1440533829391,"48,563",100% bearish,of 1 rating,$9
HOVNP,$4.76,1440533829470,800,100% bearish,of 1 rating,N/A
HSNI,$60.3686,1440533829536,"359,517",Not yet rated,NULL,$80
HBMD,$13.58,1440533829604,953,100% bearish,of 1 rating,N/A
HUBG,$37.2278,1440533829731,"130,681",100% bearish,of 1 rating,$43
HTGM,$5.77,1440533829829,"12,930",100% bearish,of 1 rating,$19.50
HCBK,$8.88,1440533829874,"2,536,540",83% bullish,of 6 ratings,$8.61
HSON,$2.51,1440533829931,"41,130",100% bearish,of 1 rating,$5
HDSN,$3.03,1440533830007,"48,794",100% bullish,of 1 rating,$6.25
HURC,$28.69,1440533830082,"13,660",100% bearish,of 1 rating,N/A
HBAN,$10.21,1440533830147,"7,874,303",76% bullish,of 17 ratings,$12.29
HBANP,$1325,1440533830183,137,100% bearish,of 1 rating,N/A
HURN,$72.01,1440533830357,"148,507",50% bullish,of 2 ratings,$80
HBP,$3.1,1440533830527,"16,189",100% bullish,of 1 rating,N/A
HTCH,$1.36,1440533830661,"165,571",100% bearish,of 1 rating,$3.50
HDRAR,NULL,1440533830690,0,Not yet rated,NULL,N/A
HDRA,$9.67,1440533830754,"4,902",Not yet rated,NULL,N/A
HYGS,$7.53,1440533830780,"20,173",50% bullish,of 2 ratings,$13
HDRAU,NULL,1440533830806,0,Not yet rated,NULL,N/A
HDRAW,$0.264,1440533830852,"12,974",Not yet rated,NULL,N/A
IACI,$68.6797,1440533831022,"841,826",75% bullish,of 4 ratings,$90
IDSY,$3.86,1440533831048,"9,346",100% bearish,of 1 rating,$7
IKGH,$1.59,1440533831179,"26,728",75% bullish,of 4 ratings,N/A
IBKC,$56.8788,1440533831227,"155,156",100% bullish,of 1 rating,$70
ICAD,$3.37,1440533831254,"50,992",50% bullish,of 2 ratings,$7.25
IEP,$68.25,1440533831456,"166,631",75% bullish,of 4 ratings,$99
ICFI,$33.54,1440533831648,"48,041",50% bullish,of 2 ratings,$48.50
ICLR,$77.3683,1440533831888,"417,878",100% bearish,of 3 ratings,$85
IPWR,$7.02,1440533831932,"13,043",100% bullish,of 1 rating,$15
ICON,$12.5924,1440533832065,"876,982",50% bullish,of 2 ratings,$18.50
INVE,$4.39,1440533832091,"61,319",75% bullish,of 4 ratings,$4
ICUI,$109.93,1440533832137,"80,262",Not yet rated,NULL,$122
IDXX,$71.0712,1440533832231,"541,404",100% bearish,of 1 rating,$77
IROQ,$16.73,1440533832417,"2,670",100% bullish,of 1 rating,N/A
DSKY,$11.0633,1440533832510,"733,730",67% bullish,of 6 ratings,$11.50
IRG,$4.77,1440533832713,"11,666",100% bearish,of 1 rating,$4.50
RXDX,$12.4,1440533832811,"206,766",100% bullish,of 1 rating,$20
IIVI,$16.8689,1440533832992,"126,402",100% bearish,of 1 rating,$22
KANG,$14.7014,1440533833019,"565,414",50% bullish,of 2 ratings,$22.55
IKNX,$12.81,1440533833148,260,100% bearish,of 1 rating,N/A
ILMN,$194.9807,1440533833174,"753,409",80% bullish,of 5 ratings,$240
IKAN,$2.72,1440533833202,"130,659",83% bullish,of 6 ratings,$5
ISNS,$4,1440533833450,"38,045",50% bullish,of 2 ratings,N/A
IMMR,$11.466,1440533833495,"122,748",80% bullish,of 5 ratings,$15.50
IDRA,$2.6462,1440533833521,"1,203,243",89% bullish,of 9 ratings,$6.50
ICCC,$7.67,1440533833689,"4,370",100% bullish,of 1 rating,N/A
IMDZ,$13.89,1440533833820,"51,069",100% bearish,of 1 rating,$33
IMNP,$1.21,1440533833846,"122,253",50% bullish,of 2 ratings,$6
IMGN,$13.0586,1440533833870,"990,697",75% bullish,of 4 ratings,$17.50
IMMU,$1.88,1440533834296,"654,365",86% bullish,of 7 ratings,$2
INDB,$43.7503,1440533834551,"100,516",Not yet rated,NULL,$44
SAAS,$7.1714,1440533834578,"536,186",50% bullish,of 2 ratings,$15
IPXL,$41.6489,1440533834709,"536,296",67% bullish,of 3 ratings,$46.50
INCR,$40.8,1440533834741,"500,559",50% bullish,of 2 ratings,$53
INCY,$102.3539,1440533834762,"887,396",50% bullish,of 6 ratings,$125.50
IBCP,$13.97,1440533834795,"96,939",100% bullish,of 1 rating,$14.50
IMMY,$7.29,1440533834842,"43,038",100% bearish,of 1 rating,$11
IDSA,$3.45,1440533835092,"5,055",Not yet rated,NULL,N/A
IBTX,$38.36,1440533835260,"73,099",100% bullish,of 2 ratings,$47.25
INFI,$8.6027,1440533835390,"490,475",50% bullish,of 4 ratings,$18
INFN,$20.41,1440533835416,"1,292,767",71% bullish,of 7 ratings,$28
IPCC,$78.5183,1440533835485,"27,188",Not yet rated,NULL,$77.50
IFON,$1.2,1440533835788,"57,610",75% bullish,of 4 ratings,N/A
IMKTA,$50.2434,1440533835817,"88,061",100% bearish,of 1 rating,N/A
III,$3.97,1440533835922,"68,169",57% bullish,of 7 ratings,$6
IPHS,$45.8078,1440533835951,"94,191",100% bearish,of 1 rating,$60
INNL,$13.31,1440533835979,"3,350",100% bearish,of 1 rating,$16.50
INWK,$6.75,1440533836028,"94,306",50% bullish,of 2 ratings,$10
INOD,$2.37,1440533836055,"15,495",100% bearish,of 1 rating,N/A
IOSP,$46.45,1440533836110,"173,114",100% bearish,of 1 rating,N/A
INGN,$45.85,1440533836387,"137,710",100% bearish,of 1 rating,$50.50
ISSC,$2.78,1440533836445,"5,900",67% bearish,of 3 ratings,N/A
ITEK,$12.6019,1440533836575,"590,683",100% bearish,of 3 ratings,$20
INOV,$20.98,1440533836666,"401,505",100% bearish,of 1 rating,$33
ISIG,$2.54,1440533836767,"6,427",100% bearish,of 1 rating,N/A
INO,$6.7135,1440533836792,"1,035,598",89% bullish,of 18 ratings,$20
NSIT,$24.7754,1440533836838,"107,495",50% bullish,of 2 ratings,N/A
IIIN,$16.27,1440533836975,"26,083",100% bearish,of 2 ratings,N/A
NTEC,$5.79,1440533837027,"15,747",100% bearish,of 1 rating,N/A
PODD,$28.3952,1440533837101,"435,907",67% bearish,of 3 ratings,$35
INSM,$22.735,1440533837129,"418,127",71% bullish,of 7 ratings,$31.50
INSY,$32.8602,1440533837160,"735,595",75% bullish,of 4 ratings,$48
IESC,$7.39,1440533837265,"2,000",100% bearish,of 1 rating,N/A
IDTI,$17.3769,1440533837298,"1,255,058",60% bullish,of 5 ratings,$25
IART,$59.5275,1440533837396,"240,567",100% bearish,of 1 rating,$71.50
ISSI,$22.01,1440533837530,"96,843",67% bullish,of 3 ratings,$19.75
IPCI,$2.07,1440533837778,"66,659",67% bullish,of 6 ratings,$8
INTC,$25.87,1440533837840,"37,506,131",82% bullish,of 238 ratings,$36
IQNT,$17.9104,1440533837866,"263,728",86% bullish,of 7 ratings,$20
IBKR,$36.47,1440533837909,"679,924",100% bullish,of 1 rating,N/A
IPAR,$24.4,1440533837938,"89,101",67% bullish,of 3 ratings,$38
ICLDW,NULL,1440533838042,0,100% bearish,of 1 rating,N/A
ICPT,$176.97,1440533838088,"226,119",70% bullish,of 10 ratings,$359.50
ININ,$35.03,1440533838114,"69,215",67% bearish,of 3 ratings,$57
ICLD,$1.8,1440533838282,"101,058",75% bullish,of 4 ratings,N/A
TILE,$23.9485,1440533838551,"603,096",67% bearish,of 3 ratings,$27
IDCC,$47.71,1440533838582,"428,609",80% bullish,of 5 ratings,$63
INAP,$7.49,1440533838655,"220,393",75% bullish,of 4 ratings,$11
IMI,$2.02,1440533838689,"25,288",67% bullish,of 3 ratings,$2.22
IBOC,$24.5072,1440533838740,"182,077",100% bearish,of 1 rating,N/A
IGLD,$6.49,1440533838787,"7,715",50% bullish,of 2 ratings,N/A
ISCA,$30.48,1440533838812,"96,616",100% bearish,of 1 rating,N/A
INPH,$0.3001,1440533838942,"11,857",50% bullish,of 2 ratings,N/A
PTNT,$3.05,1440533839118,"1,600",Not yet rated,NULL,N/A
IIJI,$8.82,1440533839223,"2,400",50% bullish,of 2 ratings,$11.50
IILG,$19.31,1440533839252,"99,300",100% bearish,of 1 rating,$29
INTX,$2.16,1440533839279,"5,437",67% bullish,of 3 ratings,N/A
XENT,$25.58,1440533839352,"240,398",50% bullish,of 2 ratings,$36.50
IVAC,$4.63,1440533839421,"22,129",100% bearish,of 1 rating,$6.625
ISIL,$10.0449,1440533839450,"674,734",50% bullish,of 6 ratings,$15
INTLL,$26.12,1440533839832,"3,500",Not yet rated,NULL,N/A
INTU,$79.87,1440533839885,"2,878,742",86% bullish,of 7 ratings,$107.50
IIN,$6.07,1440533839915,"2,438",100% bearish,of 1 rating,$12
ITCI,$25.63,1440533839937,"438,576",75% bearish,of 4 ratings,$40
INTL,$25.6,1440533839981,"99,068",67% bearish,of 3 ratings,N/A
ISRG,$494.46,1440533840007,"293,337",67% bullish,of 3 ratings,$600
SNAK,$8.19,1440533840190,"139,640",50% bullish,of 2 ratings,$14
INVT,$0.266,1440533840216,"32,651",67% bullish,of 3 ratings,N/A
ISBC,$11.504,1440533840419,"2,063,369",100% bullish,of 1 rating,$13.25
ISTR,$15.75,1440533840568,"5,759",100% bearish,of 1 rating,$18.50
ITIC,$71.5,1440533840594,200,100% bearish,of 2 ratings,N/A
NVIV,$9.92,1440533840641,"216,731",50% bullish,of 4 ratings,$24.50
IVTY,$12.17,1440533840734,"10,850",Not yet rated,NULL,$18
IPAS,$1.05,1440533840773,"13,090",67% bullish,of 3 ratings,N/A
IPCM,$79.04,1440533840843,"480,354",50% bullish,of 2 ratings,$80.125
DFVL,NULL,1440533840945,0,Not yet rated,NULL,N/A
DTUL,NULL,1440533841003,0,Not yet rated,NULL,N/A
IRDM,$6.75,1440533841234,"738,963",60% bullish,of 5 ratings,$11.50
IPGP,$81.6,1440533841266,"263,643",100% bearish,of 2 ratings,$109.50
IRDMB,$269.7,1440533841341,"1,169",67% bearish,of 3 ratings,N/A
IRIX,$6.81,1440533841372,"4,500",100% bearish,of 1 rating,N/A
IRWD,$10.837,1440533841470,"1,156,888",100% bearish,of 1 rating,$13
IRBT,$27.91,1440533841498,"236,317",67% bullish,of 6 ratings,$37
IRMD,$24.56,1440533841569,"19,446",67% bearish,of 3 ratings,$25
IRCP,$26,1440533841781,600,100% bullish,of 2 ratings,N/A
GNMA,$50.36,1440533841848,"2,373",Not yet rated,NULL,N/A
IFAS,NULL,1440533841872,0,NULL,NULL,NULL
FCHI,NULL,1440533841916,0,NULL,NULL,NULL
COMT,$31.36,1440533842088,"30,324",100% bearish,of 1 rating,N/A
IFGL,$27.91,1440533842169,"114,582",Not yet rated,NULL,N/A
IFEU,$38,1440533842218,"11,945",Not yet rated,NULL,N/A
IFNA,NULL,1440533842258,0,NULL,NULL,NULL
ACWX,$39.4,1440533842410,"548,375",100% bearish,of 1 rating,N/A
ACWI,$53.69,1440533842663,"3,969,088",Not yet rated,NULL,N/A
AAIT,NULL,1440533842687,0,NULL,NULL,NULL
AAXJ,$50.81,1440533842721,"1,549,700",Not yet rated,NULL,N/A
AXJS,NULL,1440533842746,0,NULL,NULL,NULL
EMDI,NULL,1440533842813,0,NULL,NULL,NULL
EEME,NULL,1440533842902,0,NULL,NULL,NULL
EEMA,$47.54,1440533842947,"19,526",Not yet rated,NULL,N/A
EGRW,NULL,1440533842996,0,NULL,NULL,NULL
EVAL,NULL,1440533843128,0,NULL,NULL,NULL
EMEY,NULL,1440533843157,0,NULL,NULL,NULL
EEML,$26.74,1440533843287,"2,705",Not yet rated,NULL,N/A
EUFN,$21.49,1440533843345,"107,901",100% bearish,of 1 rating,N/A
IEUS,$44.99,1440533843490,"3,453",100% bearish,of 1 rating,N/A
UAE,$17.29,1440533843623,"42,147",Not yet rated,NULL,N/A
QAT,NULL,1440533843654,0,Not yet rated,NULL,N/A
SOXX,$76.12,1440533843682,"497,791",50% bullish,of 2 ratings,N/A
IBB,$324,1440533843707,"1,578,676",63% bullish,of 8 ratings,N/A
WOOD,$46.82,1440533843755,"127,768",50% bullish,of 2 ratings,N/A
EMIF,$27.25,1440533843811,"101,116",Not yet rated,NULL,N/A
ICLN,$9.03,1440533843898,"22,013",50% bullish,of 2 ratings,N/A
INDY,$26.62,1440533844046,"294,016",50% bullish,of 2 ratings,N/A
ISIS,$46.45,1440533844079,"1,567,142",53% bullish,of 15 ratings,$67
IGOV,$92.75,1440533844157,"39,854",100% bearish,of 1 rating,N/A
ISHG,$81,1440533844259,"22,615",100% bearish,of 1 rating,N/A
ISLE,$16.794,1440533844445,"245,355",50% bullish,of 4 ratings,$16
ISRL,$125.89,1440533844547,454,100% bearish,of 1 rating,N/A
ITRI,$29.95,1440533844683,"209,446",Not yet rated,NULL,$37
ITUS,$3.96,1440533844738,"2,901",Not yet rated,NULL,N/A
ITRN,$23.83,1440533844774,"2,289",50% bullish,of 2 ratings,N/A
IXYS,$10.29,1440533844871,"165,414",50% bullish,of 4 ratings,N/A
XXIA,$14.8975,1440533844904,"360,136",71% bullish,of 7 ratings,$14.625
MAYS,NULL,1440533845004,0,Not yet rated,NULL,N/A
JJSF,$110.04,1440533845175,"41,131",100% bearish,of 1 rating,N/A
JBHT,$72.34,1440533845304,"1,203,104",50% bullish,of 4 ratings,$89.50
JASO,$7.28,1440533845476,"928,097",82% bullish,of 17 ratings,$10
JCOM,$66.04,1440533845503,"203,692",100% bullish,of 2 ratings,$77
JKHY,$66.7542,1440533845528,"262,856",50% bullish,of 2 ratings,$72
JACK,$78.72,1440533845577,"432,719",83% bullish,of 6 ratings,$105
JAXB,$13.33,1440533845715,200,100% bullish,of 1 rating,N/A
JAGX,$2.98,1440533845772,"1,356",Not yet rated,NULL,N/A
JMBA,$13.0803,1440533845817,"88,531",75% bullish,of 4 ratings,$18
JXSB,$23.72,1440533845844,536,Not yet rated,NULL,N/A
JAKK,$9.3318,1440533845973,"227,532",60% bearish,of 5 ratings,$11
JASN,$4.7,1440533846190,"14,858",50% bullish,of 2 ratings,$9.50
JRVR,$26.11,1440533846216,"36,440",Not yet rated,NULL,$32
ERW,NULL,1440533846237,0,Not yet rated,NULL,N/A
JASNW,NULL,1440533846268,0,50% bullish,of 2 ratings,N/A
JAZZ,$160.62,1440533846528,"315,594",80% bullish,of 15 ratings,$206.50
JCTCF,NULL,1440533846692,0,100% bullish,of 1 rating,N/A
JBLU,$21.523,1440533846729,"5,749,579",94% bullish,of 18 ratings,$27
DATE,$5.76,1440533846760,"314,761",75% bullish,of 4 ratings,$9
JTPY,$2.93,1440533846834,"1,466",100% bearish,of 1 rating,N/A
JST,$3.86,1440533846863,"20,103",75% bullish,of 4 ratings,N/A
WYIGU,$10,1440533846966,"5,000",Not yet rated,NULL,N/A
JD,$25.7131,1440533847009,"7,478,883",75% bullish,of 16 ratings,$36
JIVE,$4.16,1440533847141,"479,114",75% bullish,of 4 ratings,$5
