Symbol,Price,Date,Volume,Rating,RatingVoteCount,OneYearEstimate
FCTY,$7.7006,1440522603441,"3,250",100% bullish,of 1 rating,$8.50
FCCY,$11.6599,1440522603607,700,100% bullish,of 1 rating,$13
FLWS,$9.35,1440522603655,"84,281",100% bullish,of 5 ratings,$15
VNET,$18.41,1440522603979,"255,830",60% bullish,of 5 ratings,$29.50
SRCE,$28.59,1440522604112,"6,128",100% bullish,of 3 ratings,$33
TWOU,$34.515,1440522604138,"101,664",50% bullish,of 2 ratings,$39
DSLV,$69.2717,1440522604399,"11,007",100% bearish,of 1 rating,N/A
USLV,$12.7693,1440522604530,"233,591",86% bullish,of 7 ratings,N/A
UGLD,$9.3363,1440522604614,"185,051",100% bearish,of 1 rating,N/A
JOBS,$28,1440522604825,"83,562",50% bullish,of 4 ratings,$36
DGLD,$80.5512,1440522604959,"21,869",100% bullish,of 1 rating,N/A
CAFD,$14.6,1440522605432,"1,245,403",Not yet rated,NULL,$25
SIXD,$3.56,1440522605465,"979,587",Not yet rated,NULL,N/A
EGHT,$7.87,1440522605684,"293,029",82% bullish,of 17 ratings,$11
SHLM,$33.225,1440522605864,"44,233",100% bearish,of 1 rating,$50
AVHI,$13.88,1440522605995,"20,565",100% bearish,of 1 rating,$19
ABAX,$47.45,1440522606235,"54,633",100% bearish,of 1 rating,$60
AAON,$20.6,1440522606319,"29,112",100% bearish,of 1 rating,$24
ABGB,$4.9866,1440522606474,"121,950",67% bullish,of 3 ratings,$5.50
ABY,$20.1,1440522606612,"536,116",100% bearish,of 2 ratings,$46
ABEO,$4.57,1440522606739,"56,475",50% bullish,of 4 ratings,$15.50
ABEOW,$1.85,1440522607037,"13,688",100% bullish,of 1 rating,N/A
ABMD,$96.98,1440522607399,"276,689",75% bullish,of 4 ratings,$100.50
AXAS,$1.56,1440522607556,"425,701",78% bullish,of 9 ratings,$3.50
ACAD,$35.18,1440522607588,"396,639",80% bullish,of 20 ratings,$48
ACTG,$8.84,1440522607647,"107,808",67% bullish,of 3 ratings,$18.50
ACST,$0.3634,1440522607668,"29,249",100% bullish,of 2 ratings,N/A
ACHC,$71.92,1440522607721,"345,564",50% bullish,of 2 ratings,$92
XLRN,$27.82,1440522607747,"57,564",50% bullish,of 2 ratings,$57
AXDX,$18.895,1440522607878,"82,017",100% bearish,of 1 rating,N/A
ANCX,$19.65,1440522607968,"31,948",Not yet rated,NULL,$19
TFSCW,$0.2,1440522608025,"3,500",100% bearish,of 1 rating,N/A
PIH,$7.1009,1440522608117,307,100% bearish,of 1 rating,N/A
TFSCU,$10.14,1440522608144,907,Not yet rated,NULL,N/A
TFSC,NULL,1440522608203,0,100% bearish,of 1 rating,N/A
ARAY,$6.67,1440522608276,"416,268",100% bearish,of 1 rating,$10.50
TFSCR,NULL,1440522608334,0,Not yet rated,NULL,N/A
VXDN,$1.98,1440522608539,"205,924",100% bearish,of 1 rating,N/A
AKAO,$6.38,1440522608679,"26,658",75% bullish,of 4 ratings,$15
ACRX,$4.12,1440522608709,"171,451",67% bearish,of 6 ratings,$5.50
VXUP,$1.6,1440522608761,"265,095",100% bearish,of 1 rating,N/A
ACHN,$7.505,1440522608814,"762,708",90% bullish,of 21 ratings,$16
ACET,$22.88,1440522608889,"30,765",75% bullish,of 4 ratings,$30
ACTS,$1.59,1440522608950,"64,568",100% bearish,of 1 rating,N/A
ACNB,$20.05,1440522608977,720,Not yet rated,NULL,N/A
ACIW,$21.17,1440522609024,"153,569",50% bullish,of 2 ratings,$24
ACOR,$32.51,1440522609053,"1,661,431",67% bearish,of 3 ratings,$38.50
ATVI,$27.05,1440522609260,"1,832,883",68% bullish,of 84 ratings,$31.50
ACPW,$1.82,1440522609498,"39,521",100% bullish,of 4 ratings,$3.50
ACTA,$13.5,1440522609528,"71,035",67% bearish,of 3 ratings,$25
ACUR,$0.5214,1440522609549,"143,569",100% bullish,of 5 ratings,$1
ACXM,$20.14,1440522609578,"166,558",67% bullish,of 3 ratings,N/A
ADMS,$19.53,1440522609630,"24,499",100% bearish,of 2 ratings,$36
ADMP,$3.62,1440522609713,"30,875",50% bullish,of 2 ratings,$10
ADAP,$11.51,1440522609759,"76,208",67% bullish,of 3 ratings,$22
ADEP,$6.74,1440522609908,"13,487",50% bullish,of 2 ratings,$10.75
ADUS,$28.76,1440522609938,"23,816",100% bearish,of 1 rating,$31
ADBE,$77.12,1440522609967,"1,904,972",65% bullish,of 17 ratings,$90
AEY,$2.36,1440522609989,"16,511",100% bearish,of 2 ratings,N/A
ADMA,$9.25,1440522610122,"12,996",Not yet rated,NULL,$19
AEIS,$24.345,1440522610188,"58,265",50% bullish,of 2 ratings,$32.50
ADTN,$15.195,1440522610212,"95,709",67% bullish,of 3 ratings,$17.125
ADRO,$19.03,1440522610379,"189,841",80% bullish,of 5 ratings,$45.50
AMD,$1.77,1440522610470,"3,992,146",83% bullish,of 103 ratings,$2
ADXS,$13.4001,1440522610617,"440,649",64% bullish,of 14 ratings,$27
MULT,NULL,1440522610722,0,100% bearish,of 1 rating,N/A
YPRO,$22.93,1440522610747,"3,718",100% bearish,of 1 rating,N/A
AEGR,$17.39,1440522610773,"108,871",50% bullish,of 6 ratings,$26
ADXSW,$9.2,1440522610796,"2,100",100% bullish,of 1 rating,N/A
AEGN,$18,1440522610929,"52,921",100% bearish,of 2 ratings,$21
AVAV,$23.7,1440522610975,"49,048",50% bullish,of 4 ratings,$31
AERI,$15.94,1440522611003,"120,421",75% bullish,of 4 ratings,$31.50
AMTX,$2.64,1440522611030,"12,602",50% bullish,of 2 ratings,$26.11
AEHR,$2.25,1440522611216,"4,866",50% bullish,of 2 ratings,N/A
AEZS,$0.0904,1440522611242,"5,700,288",90% bullish,of 21 ratings,$1.50
AEPI,$53.66,1440522611300,"3,665",100% bearish,of 1 rating,N/A
AEMD,$7.05,1440522611372,"4,990",Not yet rated,NULL,$27.50
AFMD,$9.938,1440522611437,"75,199",50% bullish,of 4 ratings,$15
AFFX,$9.09,1440522611695,"113,202",80% bullish,of 5 ratings,$12
AGEN,$6.77,1440522611881,"375,138",85% bullish,of 13 ratings,$14
AGFS,$10.05,1440522611912,"112,018",100% bearish,of 1 rating,N/A
AGRX,$8.24,1440522611935,"4,450",100% bearish,of 1 rating,$17.50
AIMT,$21.05,1440522611957,"55,975",Not yet rated,NULL,N/A
AGYS,$9.45,1440522611992,"10,360",100% bearish,of 1 rating,N/A
AIRM,$35.85,1440522612013,"79,738",80% bearish,of 5 ratings,$53
AGFSW,$1.9,1440522612035,"2,743",100% bearish,of 2 ratings,N/A
ATSG,$8.655,1440522612376,"64,932",67% bullish,of 3 ratings,$13
AGIO,$86.53,1440522612439,"134,121",88% bullish,of 8 ratings,$114
AIXG,$5.76,1440522612511,"10,442",67% bearish,of 3 ratings,$5.25
AKAM,$68.15,1440522612565,"1,026,558",63% bullish,of 8 ratings,$77
AIRT,$21.92,1440522612590,100,100% bullish,of 1 rating,N/A
AMCN,$4.43,1440522612668,"442,973",83% bullish,of 6 ratings,N/A
AKRX,$40.61,1440522612897,"269,167",78% bullish,of 9 ratings,$56
AKER,$2.54,1440522612942,"4,200",Not yet rated,NULL,N/A
AKBA,$6.31,1440522612967,"109,292",100% bearish,of 1 rating,$18
ABDC,$11.92,1440522613146,"24,295",Not yet rated,NULL,$15
ALRM,$16.4,1440522613243,"123,716",100% bearish,of 1 rating,$22
ALSK,$2.01,1440522613302,"39,145",78% bullish,of 18 ratings,$2
AMRI,$19.44,1440522613503,"138,586",75% bearish,of 4 ratings,$24
ADHD,$8.3099,1440522613532,"90,207",50% bullish,of 4 ratings,$18
ALDX,$6.87,1440522613590,"15,958",100% bearish,of 1 rating,$14.50
ALDR,$37.96,1440522613634,"218,033",67% bearish,of 3 ratings,$62
ALXN,$170.85,1440522613723,"556,166",88% bullish,of 8 ratings,$223
ALXA,$1.11,1440522613867,"7,881",83% bullish,of 6 ratings,$2.125
ALCO,$40.91,1440522614024,"4,338",50% bullish,of 2 ratings,N/A
ALIM,$3.24,1440522614121,"32,891",80% bullish,of 5 ratings,$10
ALLB,$22.87,1440522614153,400,Not yet rated,NULL,N/A
AFOP,$18.53,1440522614254,"136,579",75% bullish,of 8 ratings,$21
ALGT,$219.12,1440522614296,"48,427",100% bearish,of 2 ratings,$235
ALGN,$55.91,1440522614330,"234,681",100% bearish,of 2 ratings,$73
ALKS,$60.178,1440522614351,"240,999",67% bullish,of 3 ratings,$75
AIQ,$13.73,1440522614430,"3,437",67% bullish,of 3 ratings,N/A
AHGP,$35.6925,1440522614791,"22,621",67% bullish,of 3 ratings,N/A
ALQA,$4.26,1440522614971,"29,544",75% bullish,of 4 ratings,$8.50
ALLT,$5.04,1440522614997,"55,614",75% bullish,of 4 ratings,$6.25
AHPI,$1.5,1440522615018,115,50% bullish,of 2 ratings,N/A
ARLP,$24.3299,1440522615050,"55,813",67% bearish,of 3 ratings,$32
AMOT,$18.01,1440522615071,"46,193",100% bearish,of 1 rating,N/A
AOSL,$7.2,1440522615205,"23,345",67% bullish,of 3 ratings,$9
SMCP,$22.69,1440522615338,"1,609",Not yet rated,NULL,N/A
ALNY,$98.64,1440522615367,"208,850",67% bullish,of 3 ratings,$148.50
AFAM,$44.7699,1440522615400,"7,063",50% bullish,of 2 ratings,$44
ATEC,$0.58,1440522615425,"62,635",100% bullish,of 1 rating,$2
ALTR,$47.32,1440522615561,"1,045,236",80% bearish,of 5 ratings,$54
ASPS,$26.42,1440522615630,"59,317",67% bullish,of 3 ratings,$46.50
AIMC,$24.44,1440522615682,"33,247",100% bearish,of 2 ratings,$28.50
MDRX,$13.42,1440522615703,"652,039",60% bullish,of 5 ratings,$16
AMAG,$60.67,1440522615919,"160,989",100% bullish,of 2 ratings,$77.50
AYA,$20.61,1440522616075,"30,245",100% bearish,of 1 rating,$40
AMRN,$2.02,1440522616100,"2,552,688",85% bullish,of 39 ratings,$8
AMBCW,$7.69,1440522616131,"4,276",100% bearish,of 1 rating,N/A
AMBC,$15.65,1440522616229,"86,128",100% bearish,of 1 rating,$16.50
AMZN,$485.02,1440522616330,"1,461,845",81% bullish,of 263 ratings,$646
AMRK,$10.53,1440522616398,"1,053",50% bullish,of 2 ratings,$14
EPAX,$2.67,1440522616789,"6,925",100% bearish,of 1 rating,N/A
AMCX,$70.21,1440522616818,"408,036",67% bullish,of 3 ratings,$87.50
AMBA,$90.6664,1440522616844,"1,254,114",83% bullish,of 12 ratings,$102.50
AMED,$38.61,1440522616869,"102,746",100% bearish,of 1 rating,$42
DOX,$56.96,1440522616925,"224,819",50% bullish,of 2 ratings,$60
AMDA,$0.4465,1440522617108,"781,425",90% bullish,of 10 ratings,$1
UHAL,$364.34,1440522617767,"7,868",100% bullish,of 2 ratings,$393.50
AMOV,$17.68,1440522617914,"9,675",100% bearish,of 1 rating,N/A
AAL,$39.255,1440522618020,"3,936,650",93% bullish,of 88 ratings,$57
ATAX,$5.21,1440522618050,"214,206",100% bullish,of 1 rating,$6.50
AGNCB,$24.07,1440522618151,"2,333",Not yet rated,NULL,N/A
ASBI,$22.26,1440522618197,100,Not yet rated,NULL,N/A
AGNC,$19.44,1440522618233,"1,224,547",71% bullish,of 28 ratings,$22
MTGEP,$24.3,1440522618440,"5,300",Not yet rated,NULL,N/A
ANCI,$1.43,1440522618741,400,100% bearish,of 1 rating,N/A
AGNCP,$25.2099,1440522618768,"12,424",Not yet rated,NULL,N/A
ACAS,$13.46,1440522618797,"264,893",60% bullish,of 5 ratings,$16.75
AMIC,NULL,1440522618819,0,Not yet rated,NULL,N/A
ACSF,$12.09,1440522618987,"31,932",100% bearish,of 1 rating,$15
AMNB,$22.72,1440522619168,"3,372",Not yet rated,NULL,$25.50
MTGE,$15.355,1440522619376,"139,296",75% bullish,of 4 ratings,$19.50
ANAT,$97.29,1440522619579,"29,581",100% bullish,of 1 rating,N/A
APEI,$21.11,1440522619606,"19,103",100% bearish,of 1 rating,$25.50
ARII,$38.25,1440522619627,"115,073",67% bearish,of 3 ratings,$45
AETI,NULL,1440522619756,0,67% bearish,of 3 ratings,N/A
AMRB,$10.0389,1440522619794,"2,200",Not yet rated,NULL,$11
ASEI,$36.83,1440522619841,"20,049",100% bearish,of 1 rating,$52.50
AMWD,$64.79,1440522620046,"94,505",50% bullish,of 2 ratings,$70
AMSC,$4.091,1440522620142,"152,151",50% bullish,of 4 ratings,N/A
CRMT,$37.095,1440522620173,"28,390",100% bearish,of 1 rating,$39
ASRV,$3.29,1440522620200,301,100% bullish,of 2 ratings,N/A
ABCB,$26.63,1440522620398,"34,690",Not yet rated,NULL,$31
AMSF,$47.48,1440522620423,"13,351",Not yet rated,NULL,$57.50
AMGN,$151.17,1440522620671,"1,828,470",89% bullish,of 19 ratings,$185
ATLO,$22.84,1440522620803,"2,993",Not yet rated,NULL,N/A
ASRVP,$28.17,1440522620832,394,Not yet rated,NULL,N/A
AMSWA,$8.6499,1440522620860,"12,974",100% bearish,of 2 ratings,$10.75
FOLD,$14.11,1440522620891,"757,337",56% bullish,of 9 ratings,$21
AMPH,$13.21,1440522620935,"74,479",50% bullish,of 2 ratings,$20
AMKR,$4.73,1440522621142,"1,238,252",100% bearish,of 2 ratings,$5
AMSGP,NULL,1440522621272,0,Not yet rated,NULL,N/A
AMSG,$80.03,1440522621302,"160,180",100% bearish,of 1 rating,$85.50
ASYS,$5.06,1440522621331,"11,481",67% bullish,of 3 ratings,$12
AMRS,$1.59,1440522621434,"29,386",70% bullish,of 10 ratings,N/A
AFSI,$59.55,1440522621486,"127,587",60% bullish,of 5 ratings,$72
ANAC,$129.19,1440522621569,"324,927",80% bullish,of 5 ratings,$180.50
ANAD,$0.3001,1440522621619,"113,048",100% bullish,of 2 ratings,$.50
ADI,$52.84,1440522621977,"938,807",67% bullish,of 3 ratings,$69
ABCW,$39.25,1440522622003,"4,404",67% bullish,of 3 ratings,N/A
ANCB,NULL,1440522622036,0,Not yet rated,NULL,$23
ALOG,$78.81,1440522622077,"19,800",100% bearish,of 2 ratings,$100.50
ANGI,$4.925,1440522622135,"258,730",64% bullish,of 11 ratings,$5.50
ANIK,$33.693,1440522622168,"21,311",60% bullish,of 5 ratings,$51.25
AMCF,$0.2501,1440522622300,"5,900",100% bullish,of 7 ratings,N/A
ANIP,$49.81,1440522622352,"30,770",89% bullish,of 19 ratings,$66
ATRS,$1.78,1440522622504,"203,285",92% bullish,of 12 ratings,$4.50
ANSS,$87.95,1440522622532,"226,955",100% bearish,of 1 rating,$100
ABAC,$0.6999,1440522622605,"28,393",100% bearish,of 1 rating,N/A
ANGO,$14.52,1440522622664,"14,136",67% bullish,of 3 ratings,$19
ANTH,$7.3001,1440522622747,"307,300",80% bullish,of 10 ratings,$13
APIC,$6.23,1440522622831,"149,290",100% bearish,of 1 rating,$19
APPF,$16.3,1440522623095,"9,050",50% bullish,of 2 ratings,$22
ATNY,$2.32,1440522623121,"2,808",50% bullish,of 2 ratings,$3.75
APOG,$50.99,1440522623180,"113,090",100% bullish,of 1 rating,$67
APOL,$10.77,1440522623252,"390,100",87% bearish,of 68 ratings,$14
AAPL,$108.4401,1440522623309,"35,233,537",86% bullish,of 2344 ratings,$150
AINV,$6.44,1440522623398,"505,011",50% bullish,of 4 ratings,$8
ARCI,$1.11,1440522623566,"1,000",Not yet rated,NULL,N/A
APDNW,$1.33,1440522623671,"7,198",Not yet rated,NULL,N/A
AGTC,$15.4,1440522623984,"64,191",50% bullish,of 2 ratings,$33
AMCC,$5.48,1440522624015,"259,196",80% bullish,of 5 ratings,$8
AREX,$1.84,1440522624112,"440,826",100% bearish,of 1 rating,$3
AAOI,$19.835,1440522624159,"97,753",50% bullish,of 4 ratings,$26
AMAT,$15.45,1440522624184,"6,912,933",82% bullish,of 11 ratings,$23
APDN,$3.16,1440522624209,"40,602",Not yet rated,NULL,$9
APRI,$1.26,1440522624240,"119,940",83% bullish,of 6 ratings,$4.86
APTO,$4.63,1440522624264,"1,020",Not yet rated,NULL,$17
AQMS,$4.7,1440522624496,"15,231",Not yet rated,NULL,N/A
AQXP,$19.04,1440522624590,"1,220,256",50% bullish,of 2 ratings,$2
AUMAW,NULL,1440522624695,0,Not yet rated,NULL,N/A
AUMAU,NULL,1440522624719,0,Not yet rated,NULL,N/A
AUMA,NULL,1440522624788,0,Not yet rated,NULL,N/A
ARDM,$6.97,1440522624813,527,100% bullish,of 1 rating,$26
PETX,$17.4,1440522624970,"173,193",100% bearish,of 2 ratings,$26
ABIO,$0.8688,1440522625103,"49,186",50% bullish,of 2 ratings,$3.75
ARCW,$3.19,1440522625133,"8,896",100% bearish,of 2 ratings,$10.50
ABUS,$6.92,1440522625160,"185,608",86% bullish,of 14 ratings,$23
RKDA,$5.85,1440522625185,"17,294",100% bearish,of 2 ratings,$10
ACAT,$25.61,1440522625327,"41,619",100% bearish,of 3 ratings,$33
ACGL,$68.44,1440522625413,"96,059",50% bullish,of 2 ratings,$72
ARDX,$17.62,1440522625495,"27,145",50% bullish,of 2 ratings,$24.50
ARNA,$2.68,1440522625522,"894,180",90% bullish,of 77 ratings,$5.50
ARCB,$28.0699,1440522625577,"100,940",67% bearish,of 3 ratings,$39.50
ARCC,$15.03,1440522625879,"1,218,900",67% bearish,of 3 ratings,$17.875
ARIS,$3.2,1440522625906,"20,830",Not yet rated,NULL,$4.50
ARIA,$6.555,1440522625965,"1,144,271",87% bullish,of 46 ratings,$9
ARGS,$6.1469,1440522625986,"30,689",50% bullish,of 2 ratings,$19.50
AGIIL,$25.1901,1440522626038,"7,875",Not yet rated,NULL,N/A
AGII,$55.42,1440522626066,"50,753",Not yet rated,NULL,$59.50
ARTX,$1.39,1440522626322,"107,074",88% bullish,of 16 ratings,$4.50
ARWAR,$0.27,1440522626454,"1,000",Not yet rated,NULL,N/A
ARMH,$41.7898,1440522626480,"931,690",54% bearish,of 13 ratings,$61
ARWA,NULL,1440522626513,0,Not yet rated,NULL,N/A
ARKR,$24.5,1440522626539,"1,397",50% bullish,of 2 ratings,N/A
ARWAW,NULL,1440522626611,0,Not yet rated,NULL,N/A
ARWAU,NULL,1440522626675,0,100% bullish,of 1 rating,N/A
ARQL,$1.64,1440522626841,"57,618",75% bullish,of 4 ratings,$5
ARRY,$5.515,1440522626945,"640,172",100% bullish,of 7 ratings,$10
ARTNA,$22.07,1440522627105,"7,966",100% bearish,of 1 rating,$29
AROW,$27.05,1440522627138,"3,876",Not yet rated,NULL,N/A
DWAT,$9.74,1440522627193,"4,254",100% bearish,of 1 rating,N/A
ARWR,$5.405,1440522627355,"374,787",75% bullish,of 4 ratings,$10.50
ASBB,NULL,1440522627408,0,Not yet rated,NULL,N/A
ARTW,$4.35,1440522627436,100,75% bearish,of 4 ratings,N/A
ARRS,$25.62,1440522627486,"449,140",50% bullish,of 2 ratings,$38
ASCMA,$26.57,1440522627616,"35,252",100% bearish,of 1 rating,$45
ASND,$19.32,1440522627679,"32,167",100% bullish,of 1 rating,$30
ASNA,$11.18,1440522627705,"950,908",50% bullish,of 2 ratings,$18
ASTI,$0.1088,1440522627836,"1,115,908",83% bullish,of 6 ratings,$3
ASMI,NULL,1440522627865,0,NULL,NULL,NULL
APWC,$1.9,1440522628001,100,100% bearish,of 1 rating,N/A
ALOT,NULL,1440522628172,0,100% bearish,of 1 rating,N/A
ASML,$88.97,1440522628205,"429,710",50% bullish,of 4 ratings,$127
AZPN,$37.37,1440522628304,"248,305",50% bullish,of 2 ratings,$42
ASTE,$35.89,1440522628334,"18,568",100% bearish,of 1 rating,$48
ASFI,$8.89,1440522628367,"4,610",100% bullish,of 1 rating,N/A
ATRO,$51.97,1440522628466,"70,322",100% bearish,of 2 ratings,$80
ASMB,$12.99,1440522628497,"25,635",67% bullish,of 3 ratings,N/A
ASUR,$5.48,1440522628595,"2,089",50% bullish,of 2 ratings,$8
ASTC,$2.1087,1440522628663,"25,410",100% bullish,of 5 ratings,N/A
ATAI,$2.46,1440522628692,"7,051",100% bearish,of 1 rating,N/A
ATRA,$39.02,1440522628852,"58,936",50% bullish,of 2 ratings,$68
AFCB,$27.6,1440522628999,700,Not yet rated,NULL,N/A
ATHN,$130.74,1440522629057,"85,077",67% bearish,of 3 ratings,$153
AAPC,$10.2,1440522629154,583,Not yet rated,NULL,N/A
AAME,$3.53,1440522629183,100,Not yet rated,NULL,N/A
ATHX,$1.11,1440522629251,"124,028",89% bullish,of 9 ratings,$5
ACFC,$5.8,1440522629279,"24,188",Not yet rated,NULL,$6.50
ATLC,$3.69,1440522629419,"8,431",67% bullish,of 3 ratings,N/A
ATNI,$70.6,1440522629444,"28,536",100% bearish,of 1 rating,$69.50
ATOS,$0.8101,1440522629585,"90,412",100% bullish,of 7 ratings,$7
AAWW,$40.43,1440522629684,"101,927",50% bullish,of 2 ratings,$65
ATML,$7.505,1440522629712,"4,965,758",78% bullish,of 9 ratings,$9.50
AFH,$16.43,1440522629738,"15,804",Not yet rated,NULL,$21.50
ATRI,$380,1440522629910,583,Not yet rated,NULL,N/A
ATRC,$25,1440522629937,"62,192",100% bullish,of 1 rating,$30
ATRM,NULL,1440522629965,0,50% bullish,of 2 ratings,N/A
ATTU,$13.31,1440522630152,"20,520",100% bearish,of 1 rating,$20.50
LIFE,$13.67,1440522630291,"10,587",86% bullish,of 7 ratings,$43
AUBN,$26.43,1440522630315,100,Not yet rated,NULL,N/A
AUPH,$2.92,1440522630344,"21,958",100% bearish,of 1 rating,$8
AUDC,$3.12,1440522630389,"19,658",80% bullish,of 5 ratings,$5
ADSK,$50.12,1440522630523,"912,398",67% bullish,of 6 ratings,$69.50
EARS,$4.368,1440522630548,"4,543",100% bearish,of 2 ratings,$11.50
ADAT,$0.3755,1440522630575,"2,182,188",100% bullish,of 2 ratings,N/A
AVGO,$112.53,1440522630847,"1,317,537",88% bullish,of 8 ratings,$165
ADP,$76.35,1440522630978,"811,806",100% bearish,of 1 rating,$88
ABTL,$17.08,1440522631048,"122,607",100% bullish,of 4 ratings,$20.25
AVNU,$12.16,1440522631182,581,Not yet rated,NULL,$14
AAVL,$10.25,1440522631212,"122,049",100% bearish,of 1 rating,$20
AVID,$8.175,1440522631242,"194,362",100% bearish,of 1 rating,$20
AVEO,$1.3136,1440522631317,"267,131",75% bullish,of 8 ratings,$3
AVNW,$1.12,1440522631344,"89,359",50% bullish,of 2 ratings,$2.20
AVGR,$14.39,1440522631370,"12,700",100% bearish,of 1 rating,$20
CAR,$41.455,1440522631698,"855,052",80% bullish,of 5 ratings,$60
AXPWW,NULL,1440522631783,0,Not yet rated,NULL,N/A
AXGN,$3.8,1440522631854,"12,004",Not yet rated,NULL,$5
ACLS,$3.13,1440522631880,"187,944",67% bullish,of 6 ratings,$4.75
AWRE,$3.1,1440522631922,"36,403",67% bullish,of 3 ratings,N/A
AXTI,$2.1501,1440522632011,"42,403",50% bullish,of 2 ratings,$2.75
AXPW,$1.1,1440522632058,"17,406",83% bullish,of 6 ratings,N/A
BCOM,NULL,1440522632153,0,100% bearish,of 1 rating,N/A
RILY,$9.97,1440522632254,200,Not yet rated,NULL,N/A
BOSC,$2.3299,1440522632283,"2,002",50% bullish,of 2 ratings,N/A
BEAV,$47.735,1440522632383,"502,542",67% bearish,of 3 ratings,$59
BIDU,$147.82,1440522632425,"2,168,143",81% bullish,of 88 ratings,$210
BWINA,NULL,1440522632462,0,Not yet rated,NULL,N/A
BWINB,$22.76,1440522632591,"6,430",Not yet rated,NULL,N/A
BLDP,$1.2099,1440522632696,"194,490",91% bullish,of 22 ratings,$2.50
BCPC,$56.456,1440522632764,"96,590",100% bearish,of 1 rating,$75
BANF,$58.81,1440522632863,"6,235",Not yet rated,NULL,$68
BANFP,NULL,1440522632907,0,Not yet rated,NULL,N/A
BKMU,$6.92,1440522632995,"15,409",Not yet rated,NULL,$8
BMRC,$48.88,1440522633102,"1,700",Not yet rated,NULL,$52
BKSC,$15.3,1440522633246,"4,688",Not yet rated,NULL,N/A
BOTJ,$10.9001,1440522633294,"1,500",Not yet rated,NULL,N/A
BOCH,$5.73,1440522633323,"8,537",Not yet rated,NULL,$6.50
BWFG,$17.9525,1440522633426,"1,453",100% bearish,of 1 rating,N/A
BZUN,$4.78,1440522633493,"388,920",50% bullish,of 2 ratings,$12.60
BFIN,$11.85,1440522633520,"14,680",Not yet rated,NULL,$13
OZRK,$40.635,1440522633595,"229,766",67% bullish,of 3 ratings,$49.50
BANR,$43.42,1440522633732,"24,633",100% bullish,of 3 ratings,$50
TAPR,$31.2,1440522633770,"1,200",100% bearish,of 1 rating,N/A
BHACR,NULL,1440522633836,0,Not yet rated,NULL,N/A
BHAC,$9.83,1440522633917,200,Not yet rated,NULL,N/A
BHACU,NULL,1440522633944,0,Not yet rated,NULL,N/A
BHACW,NULL,1440522634123,0,Not yet rated,NULL,N/A
BSET,$28.935,1440522634321,"18,798",100% bearish,of 1 rating,$35
BYBK,$4.93,1440522634352,600,100% bearish,of 1 rating,N/A
BBCN,$14.27,1440522634373,"81,190",100% bearish,of 1 rating,$16
BYLK,$12.715,1440522634411,"2,400",Not yet rated,NULL,$14
BBSI,$34.22,1440522634451,"13,099",67% bearish,of 3 ratings,$62.50
BV,$5.145,1440522634518,"161,736",67% bullish,of 6 ratings,$9
BCBP,$11.6,1440522634600,"1,588",Not yet rated,NULL,N/A
BDCV,$4.84,1440522634757,"6,281",100% bearish,of 1 rating,$10.19
BECN,$34.7,1440522634831,"194,532",50% bullish,of 2 ratings,$40
BSF,$8.29,1440522634897,"9,433",Not yet rated,NULL,N/A
BEBE,$1.695,1440522634924,"79,608",75% bullish,of 4 ratings,$3.075
BELFA,$15.3,1440522634997,839,100% bearish,of 1 rating,N/A
BBGI,$4.24,1440522635083,"2,361",100% bearish,of 1 rating,N/A
BELFB,$17.61,1440522635134,"5,900",100% bearish,of 1 rating,N/A
BBBY,$61,1440522635229,"1,030,284",71% bullish,of 7 ratings,$75
BLPH,$5.0001,1440522635261,"23,251",100% bearish,of 1 rating,$12.50
BLCM,$16.99,1440522635296,"132,440",50% bullish,of 4 ratings,$40
BNCL,$12.28,1440522635361,"138,855",100% bullish,of 3 ratings,$12.50
BNTC,$8.01,1440522635429,"22,798",100% bullish,of 1 rating,N/A
BNFT,$35.26,1440522635491,"45,029",67% bullish,of 3 ratings,$46
BGMD,$0.7701,1440522635530,"95,317",100% bullish,of 10 ratings,N/A
BGCP,$8.67,1440522635671,"414,471",88% bullish,of 8 ratings,$14
BGFV,$10.57,1440522635749,"21,531",57% bullish,of 7 ratings,$12
ORPN,$5.52,1440522635925,"5,663",100% bullish,of 1 rating,$28.50
BIND,$4.37,1440522635968,"12,723",75% bullish,of 4 ratings,$13.50
BASI,$1.47,1440522635993,"1,092",Not yet rated,NULL,N/A
BIOC,$2,1440522636018,"198,900",83% bullish,of 6 ratings,$3.85
BCRX,$11.13,1440522636051,"279,957",63% bullish,of 8 ratings,$18
BIOD,$0.68,1440522636192,"45,271",80% bullish,of 5 ratings,$4
BIIB,$291.84,1440522636249,"1,035,312",88% bullish,of 16 ratings,$400
BCDA,NULL,1440522636279,0,Not yet rated,NULL,N/A
BIOL,$1.38,1440522636382,"23,275",Not yet rated,NULL,N/A
BDSI,$6.46,1440522636409,"373,660",88% bullish,of 8 ratings,$17
BLFS,$2.02,1440522636440,"31,194",100% bearish,of 1 rating,$4.75
BLRX,$1.285,1440522636545,"131,559",100% bullish,of 12 ratings,$5
BMRN,$125.65,1440522636744,"408,453",80% bullish,of 5 ratings,$160
BVXV,$3.5799,1440522636784,"1,050",Not yet rated,NULL,N/A
BVXVW,NULL,1440522636849,0,100% bearish,of 1 rating,N/A
BPTH,$1.0599,1440522636914,"29,350",100% bullish,of 2 ratings,$5
BRLI,NULL,1440522636976,0,NULL,NULL,NULL
BBP,$31.405,1440522637004,"25,915",Not yet rated,NULL,N/A
BIOS,$2.16,1440522637025,"653,693",71% bullish,of 7 ratings,$4
BBC,$30.2253,1440522637055,"13,777",Not yet rated,NULL,N/A
BOTA,$2.15,1440522637269,"30,866",88% bullish,of 8 ratings,N/A
BSTC,$47.42,1440522637296,"20,350",100% bearish,of 1 rating,$76
BSPM,$0.65,1440522637429,"36,747",50% bullish,of 2 ratings,N/A
TECH,$95.4,1440522637478,"65,407",100% bullish,of 1 rating,$117
BEAT,$14.37,1440522637510,"341,923",67% bearish,of 3 ratings,$15
BDMS,$13.13,1440522637531,200,100% bearish,of 1 rating,N/A
BITI,$17.48,1440522637552,"24,633",100% bullish,of 1 rating,$28
BJRI,$44.365,1440522637686,"106,948",50% bullish,of 2 ratings,$55
BBOX,$14.75,1440522637940,"19,973",100% bearish,of 1 rating,N/A
BLKB,$58.26,1440522637971,"63,199",100% bearish,of 2 ratings,$66
BDE,$7.165,1440522637997,"35,032",50% bullish,of 2 ratings,$9
BBRY,$6.82,1440522638076,"2,126,289",61% bullish,of 330 ratings,$9
ADRD,$21.83,1440522638166,"4,506",100% bearish,of 1 rating,N/A
HAWK,$40.24,1440522638211,"148,150",91% bullish,of 11 ratings,$49
ADRA,$26.505,1440522638238,"1,101",100% bearish,of 1 rating,N/A
ADRE,$29.33,1440522638791,"8,526",100% bearish,of 1 rating,N/A
BKCC,$9.037,1440522638824,"193,130",100% bullish,of 2 ratings,$10
BLBD,$11.66,1440522638929,"4,039",Not yet rated,NULL,N/A
BLMN,$19.48,1440522638950,"614,918",83% bullish,of 6 ratings,$27.50
ADRU,$21.6301,1440522638983,"1,676",100% bearish,of 1 rating,N/A
BCOR,$13.45,1440522639004,"46,691",57% bullish,of 7 ratings,$15
BUFF,$26.95,1440522639036,"131,168",83% bullish,of 12 ratings,$31.50
BBLU,$0.76,1440522639058,"49,846",100% bullish,of 2 ratings,$4.43
BHBK,$14,1440522639187,"47,866",100% bullish,of 1 rating,$14.50
BLUE,$126.06,1440522639499,"227,008",71% bullish,of 7 ratings,$217.50
BKEP,$6.24,1440522639559,"62,808",100% bearish,of 1 rating,$8.50
NILE,$33.15,1440522639587,"36,905",50% bullish,of 2 ratings,$34
BKEPP,$7.55,1440522639639,"1,470",100% bearish,of 1 rating,N/A
BPMC,$27.815,1440522639717,"35,525",50% bullish,of 2 ratings,$47.50
BOBE,$43.11,1440522639798,"54,872",75% bullish,of 4 ratings,$57
BNCN,$20.29,1440522639845,"42,297",Not yet rated,NULL,$23
WIFI,$7.6,1440522639994,"142,191",50% bullish,of 2 ratings,$13.50
BOJA,$20.89,1440522640025,"110,358",100% bullish,of 1 rating,$30
BOFI,$123.33,1440522640050,"80,788",100% bullish,of 6 ratings,$144
BOKF,$59.409,1440522640125,"124,700",100% bearish,of 1 rating,$70.50
BONA,$11.78,1440522640189,"200,868",75% bullish,of 4 ratings,$8.50
BAMM,$3.1615,1440522640280,"4,245",60% bullish,of 5 ratings,N/A
BPFH,$11.56,1440522640306,"98,414",100% bearish,of 1 rating,$14
BNSO,$1.37,1440522640331,400,100% bearish,of 1 rating,N/A
BPFHP,$25.64,1440522640651,608,100% bearish,of 1 rating,N/A
BDBD,$8.2,1440522640784,"342,525",60% bullish,of 5 ratings,$10
BCLI,$2.88,1440522640808,"40,018",80% bullish,of 5 ratings,$12
BBRG,$12.08,1440522640836,"56,448",67% bullish,of 3 ratings,$14.50
BPFHW,NULL,1440522640873,0,100% bearish,of 1 rating,N/A
EPAY,$25.17,1440522640894,"35,924",100% bearish,of 2 ratings,$30
BBEPP,$12.4901,1440522640973,"42,575",100% bearish,of 1 rating,N/A
BDGE,$26.69,1440522641003,"2,755",Not yet rated,NULL,$31.75
BBEP,$2.477,1440522641301,"998,723",69% bullish,of 13 ratings,$5.625
BCOV,$5.19,1440522641331,"29,247",67% bullish,of 3 ratings,$10.20
BLIN,$1.4099,1440522641352,500,50% bullish,of 2 ratings,$2.20
BRCM,$48.91,1440522641386,"1,354,254",75% bullish,of 12 ratings,$56
BRID,NULL,1440522641431,0,100% bearish,of 1 rating,N/A
BSFT,$30.525,1440522641722,"67,450",57% bullish,of 7 ratings,$40.50
BVSN,$5.9699,1440522641828,905,60% bearish,of 5 ratings,N/A
BYFC,$1.49,1440522641864,"3,026",50% bullish,of 2 ratings,N/A
BRKL,$10.48,1440522641915,"76,807",100% bearish,of 1 rating,$10.75
BWEN,$3.2,1440522641955,"30,584",100% bullish,of 3 ratings,$8
BRKS,$10.1601,1440522641983,"27,878",67% bullish,of 3 ratings,$15.25
BRCD,$10.43,1440522642043,"1,812,294",92% bullish,of 13 ratings,$11.50
BRKR,$18.63,1440522642069,"113,419",100% bearish,of 2 ratings,$22
BMTC,$28.53,1440522642230,"10,768",Not yet rated,NULL,$34
BWLD,$191.53,1440522642481,"108,414",82% bullish,of 11 ratings,$205
BSQR,$5.8999,1440522642508,"39,557",67% bullish,of 3 ratings,N/A
BLMT,$20.88,1440522642529,"7,501",Not yet rated,NULL,N/A
BUR,$1.81,1440522642558,406,100% bearish,of 1 rating,$8
BLDR,$14.29,1440522642583,"321,556",50% bullish,of 2 ratings,$22
CA,$26.54,1440522642738,"935,974",50% bullish,of 4 ratings,$33
CFFI,$34.83,1440522642813,"5,869",100% bearish,of 1 rating,N/A
CHRW,$66,1440522642882,"558,554",Not yet rated,NULL,$72
CDNS,$19.39,1440522642910,"595,397",75% bullish,of 4 ratings,$22.50
CZR,$9.37,1440522642965,"595,247",60% bearish,of 5 ratings,$10.50
CCMP,$42.92,1440522643040,"29,307",50% bullish,of 2 ratings,$59
CDZI,$7.52,1440522643097,"11,878",100% bearish,of 1 rating,N/A
CACQ,$7.15,1440522643171,"18,023",100% bearish,of 1 rating,$12.25
PRSS,$4.345,1440522643327,"10,892",80% bullish,of 5 ratings,$4.50
CSTE,$43.21,1440522643354,"217,063",100% bearish,of 1 rating,$65
CLBS,$1.31,1440522643532,"53,441",79% bullish,of 14 ratings,$4
CLMS,$10.43,1440522643675,"39,622",Not yet rated,NULL,$10.50
CCD,$19.115,1440522643705,"62,645",Not yet rated,NULL,N/A
CHY,$11.11,1440522643732,"129,312",Not yet rated,NULL,N/A
CHI,$10.4299,1440522643807,"170,720",100% bearish,of 1 rating,N/A
CSQ,$9.62,1440522643866,"237,239",Not yet rated,NULL,N/A
CGO,$11.59,1440522643894,"43,691",100% bearish,of 1 rating,N/A
CFGE,$10.345,1440522643999,253,Not yet rated,NULL,N/A
CAMP,$15.8876,1440522644156,"90,167",88% bullish,of 8 ratings,$25
CHW,$7.333,1440522644183,"149,182",100% bearish,of 1 rating,N/A
CFNB,NULL,1440522644243,0,100% bearish,of 1 rating,N/A
CVGW,$55.75,1440522644269,"50,906",50% bullish,of 2 ratings,$58.50
CALA,$4.74,1440522644346,"128,178",100% bullish,of 3 ratings,$19.50
ABCD,$4.94,1440522644743,"28,519",83% bullish,of 6 ratings,N/A
CALD,$15.03,1440522644775,"107,832",100% bearish,of 1 rating,$20.50
CLMT,$25.191,1440522644879,"181,704",75% bullish,of 8 ratings,$31
CALM,$47.97,1440522644905,"286,748",80% bullish,of 5 ratings,$65
CAMBW,NULL,1440522644934,0,Not yet rated,NULL,N/A
CAMBU,NULL,1440522644983,0,100% bearish,of 1 rating,N/A
CAMB,$10.05,1440522645040,400,Not yet rated,NULL,N/A
CSIQ,$18.1968,1440522645187,"2,065,137",86% bullish,of 28 ratings,$45
CAMT,$2.68,1440522645216,"23,390",73% bullish,of 11 ratings,$4
CAC,$39.98,1440522645238,"2,020",Not yet rated,NULL,N/A
CPHC,$10.24,1440522645369,400,100% bearish,of 1 rating,N/A
CGIX,$9.0504,1440522645401,"7,273",67% bullish,of 3 ratings,$14.375
CPLA,$47.03,1440522645429,"30,407",67% bearish,of 3 ratings,$65
CBNJ,$10.73,1440522645458,"5,092",100% bullish,of 1 rating,N/A
CBF,$28.79,1440522645560,"35,270",Not yet rated,NULL,$32
CCBG,$14.6443,1440522645836,200,Not yet rated,NULL,$17.25
CPLP,$6.775,1440522645988,"170,856",71% bullish,of 7 ratings,$11
CSWC,$44.71,1440522646013,"2,794",Not yet rated,NULL,N/A
CPTA,$13.65,1440522646038,"42,870",100% bearish,of 1 rating,$18.50
CFFN,$11.84,1440522646083,"279,230",Not yet rated,NULL,$12.75
CAPNW,NULL,1440522646291,0,Not yet rated,NULL,N/A
CAPN,$1.7801,1440522646321,"80,662",100% bullish,of 1 rating,$10.85
CAPR,$4.075,1440522646352,"5,550",Not yet rated,NULL,$12
CPST,$0.3621,1440522646455,"343,564",95% bullish,of 22 ratings,$1.25
CARB,$11.09,1440522646507,"92,512",75% bullish,of 4 ratings,$12
CRDC,$0.38,1440522646589,"116,533",100% bullish,of 1 rating,$1.25
CBYL,$5.24,1440522646618,"14,068",100% bearish,of 1 rating,$20
CARA,$19.495,1440522646639,"169,251",50% bullish,of 4 ratings,$25
CFNL,$21.71,1440522646771,"19,716",Not yet rated,NULL,$24
CRME,$8.75,1440522646866,"14,455",89% bullish,of 9 ratings,$11.25
CSII,$23.4,1440522646964,"61,760",100% bearish,of 2 ratings,$42.125
CATM,$33.79,1440522647130,"63,163",100% bearish,of 1 rating,$44
CDNA,$6.3501,1440522647219,"3,200",100% bearish,of 1 rating,$9
CECO,$3.41,1440522647322,"188,196",67% bearish,of 3 ratings,$6
CART,$5.3,1440522647456,830,100% bearish,of 1 rating,N/A
CRZO,$28.56,1440522647485,"468,268",67% bearish,of 3 ratings,$57
CARO,$15.25,1440522647515,"3,411",100% bearish,of 1 rating,$19
CKEC,$22.35,1440522647536,"82,446",50% bullish,of 2 ratings,$35.915
CTRE,$11.6,1440522647557,"270,359",50% bullish,of 2 ratings,N/A
CLBH,$12.54,1440522647594,350,Not yet rated,NULL,$16.50
TAST,$12.15,1440522647737,"146,570",Not yet rated,NULL,$14.25
CRTN,$2.52,1440522647956,"3,102",100% bearish,of 1 rating,N/A
CASM,$1.1,1440522647984,"4,482",100% bullish,of 1 rating,$3.50
CARV,$6.7,1440522648055,"23,583",50% bullish,of 2 ratings,N/A
CACB,$5.31,1440522648271,"16,042",Not yet rated,NULL,$5.50
CASI,$1.43,1440522648296,"7,007",100% bullish,of 1 rating,$3.50
CWST,$5.96,1440522648328,"35,159",50% bullish,of 2 ratings,$7.25
CSCD,$14.9,1440522648358,"31,686",100% bullish,of 2 ratings,$17
CASY,$103.93,1440522648384,"71,348",50% bullish,of 2 ratings,$99.50
CASS,$46.75,1440522648466,"18,211",100% bearish,of 1 rating,N/A
CPRX,$3.43,1440522648537,"386,481",71% bullish,of 7 ratings,$7
CATY,$28.61,1440522648640,"281,905",100% bearish,of 1 rating,$33.50
CATYW,$8.26,1440522648705,"1,500",100% bearish,of 1 rating,N/A
CAVM,$65.1875,1440522648786,"183,194",67% bearish,of 3 ratings,$72
CATB,$11.0955,1440522648814,"2,282",100% bearish,of 1 rating,$28
CVCO,$72.29,1440522648840,"12,121",100% bearish,of 1 rating,N/A
CBFV,NULL,1440522648977,0,Not yet rated,NULL,N/A
CNLM,NULL,1440522649134,0,Not yet rated,NULL,N/A
CNLMU,$10.37,1440522649182,298,100% bullish,of 1 rating,N/A
CNLMR,NULL,1440522649209,0,Not yet rated,NULL,N/A
CNLMW,NULL,1440522649229,0,Not yet rated,NULL,N/A
CDK,$47.04,1440522649267,"130,806",67% bearish,of 3 ratings,$50
CBOE,$61.04,1440522649296,"104,606",Not yet rated,NULL,$60
CECE,$9.2,1440522649364,"33,543",50% bullish,of 2 ratings,$16
CDW,$38.515,1440522649392,"309,280",75% bullish,of 4 ratings,$44
CPXX,$2.03,1440522649568,"94,535",100% bullish,of 2 ratings,$7
CELG,$117.627,1440522649639,"2,481,209",92% bullish,of 13 ratings,$155.50
CELGZ,$1.65,1440522649698,"10,199",80% bullish,of 5 ratings,N/A
CLDN,$1.025,1440522649783,"67,911",71% bullish,of 7 ratings,$3
CLRB,$3.11,1440522649959,"1,800",100% bearish,of 1 rating,N/A
CLDX,$14.35,1440522649992,"1,663,219",89% bullish,of 9 ratings,$36
CLLS,$29.3,1440522650021,"31,815",75% bullish,of 4 ratings,$51.50
CLRBW,NULL,1440522650045,0,Not yet rated,NULL,N/A
CBMG,$22.31,1440522650090,"26,346",50% bullish,of 2 ratings,N/A
CLTX,$2.8401,1440522650117,"372,838",100% bullish,of 2 ratings,N/A
CLSN,$1.9,1440522650146,"57,583",80% bullish,of 10 ratings,$7.50
CYAD,$51.44,1440522650401,"1,341",100% bullish,of 1 rating,$87.50
CETX,$2.39,1440522650457,"7,323",Not yet rated,NULL,$5.60
CETV,$2.025,1440522650502,"15,868",67% bullish,of 3 ratings,$2.80
CSFL,$13.715,1440522650527,"39,514",Not yet rated,NULL,$15
CEMP,$34.43,1440522650554,"218,796",71% bullish,of 7 ratings,$52
CFBK,NULL,1440522650788,0,Not yet rated,NULL,N/A
CENT,$11.81,1440522650838,"20,705",Not yet rated,NULL,$10
CENX,$4.86,1440522650937,"657,551",67% bullish,of 6 ratings,$9
CENTA,$12.5,1440522650976,"143,495",Not yet rated,NULL,N/A
CNBKA,NULL,1440522651010,0,50% bullish,of 2 ratings,N/A
CPHD,$47.71,1440522651037,"228,654",50% bullish,of 2 ratings,$66.50
CVCY,$11.25,1440522651062,6,Not yet rated,NULL,$12
CNTY,$6.07,1440522651104,"9,106",80% bullish,of 5 ratings,$7.75
CERE,$1.04,1440522651278,"145,945",88% bullish,of 8 ratings,N/A
CRNT,$1.365,1440522651303,"221,272",50% bullish,of 2 ratings,$2
CERN,$61.9,1440522651376,"576,287",67% bullish,of 3 ratings,$79
CERU,$3.33,1440522651562,"32,040",75% bullish,of 4 ratings,$15
KOOL,$0.6551,1440522651694,"5,454",100% bullish,of 5 ratings,$7
CEVA,$17.62,1440522651724,"33,620",100% bearish,of 1 rating,$25
CYOU,$20.22,1440522651755,"49,777",50% bullish,of 6 ratings,$24
HOTRW,NULL,1440522651784,0,Not yet rated,NULL,N/A
CTHR,$1.214,1440522651824,825,50% bullish,of 2 ratings,$2.50
CERS,$4.765,1440522651851,"328,976",75% bullish,of 4 ratings,$7
HOTR,$1.47,1440522651881,"192,971",100% bullish,of 2 ratings,$5
GTLS,$21.98,1440522652028,"80,367",50% bullish,of 4 ratings,$40
CHTR,$175.94,1440522652123,"383,731",100% bearish,of 2 ratings,$196
CHKP,$77.62,1440522652161,"556,158",50% bullish,of 4 ratings,$92
CHFN,$12.32,1440522652289,"7,711",Not yet rated,NULL,$14
CHEK,$2.65,1440522652338,"4,570",Not yet rated,NULL,$7.75
CEMI,$3.88,1440522652518,"4,450",50% bullish,of 2 ratings,$7.50
CHEKW,NULL,1440522652543,0,Not yet rated,NULL,N/A
CHKE,$25.79,1440522652573,"6,667",100% bearish,of 1 rating,$32.50
CHMG,$26.275,1440522652599,"2,700",Not yet rated,NULL,$30
CHFC,$30.68,1440522652625,"36,725",100% bearish,of 1 rating,$36
CCXI,$6.67,1440522652672,"21,547",67% bullish,of 3 ratings,$14
CHEV,$14.47,1440522652773,800,Not yet rated,NULL,N/A
CHMA,$23.875,1440522652905,"60,122",Not yet rated,NULL,$40
CMRX,$46.865,1440522653065,"105,102",50% bullish,of 2 ratings,$57
PLCE,$59.99,1440522653091,"326,355",100% bearish,of 1 rating,$71
CBNK,$16.49,1440522653137,500,100% bearish,of 1 rating,N/A
CADC,$3.1562,1440522653226,200,78% bullish,of 9 ratings,N/A
CAAS,$5.85,1440522653408,"20,973",93% bullish,of 14 ratings,$11.50
CALI,$0.959,1440522653442,"5,550",67% bullish,of 3 ratings,N/A
CBPO,$97.99,1440522653581,"112,427",75% bullish,of 8 ratings,$140.50
CBAK,$1.7085,1440522653602,"49,974",67% bullish,of 9 ratings,N/A
CCCL,$0.784,1440522653623,"5,845",100% bullish,of 6 ratings,N/A
JRJC,$3.14,1440522653661,"122,438",82% bullish,of 11 ratings,N/A
CCCR,$0.83,1440522653688,"12,500",67% bearish,of 3 ratings,N/A
CHOP,$1.22,1440522653816,"2,400",50% bullish,of 2 ratings,N/A
CHLN,$2.1101,1440522654054,"25,490",67% bullish,of 3 ratings,N/A
CNIT,$1.41,1440522654085,"64,355",67% bullish,of 6 ratings,N/A
HGSH,$1.683,1440522654123,"10,447",67% bullish,of 3 ratings,N/A
CJJD,$1.8198,1440522654187,"72,871",100% bullish,of 1 rating,N/A
HTHT,$24.35,1440522654259,"29,943",50% bullish,of 2 ratings,$28.40
CHNR,$1.69,1440522654322,"3,804",100% bearish,of 1 rating,N/A
CREG,$0.66,1440522654400,"27,853",100% bullish,of 3 ratings,N/A
CPGI,$6.8649,1440522654528,206,Not yet rated,NULL,N/A
CSUN,$1.4515,1440522654575,"12,415",80% bullish,of 5 ratings,N/A
CXDC,$5.998,1440522654637,"12,761",67% bullish,of 3 ratings,N/A
CNET,$0.8229,1440522654709,"15,653",50% bullish,of 2 ratings,N/A
CCIH,$6.59,1440522654771,"149,024",67% bullish,of 6 ratings,$12.65
CNTF,$0.7971,1440522654855,"40,784",Not yet rated,NULL,N/A
IMOS,$16.67,1440522654882,"115,613",60% bullish,of 5 ratings,$21.50
CNYD,$3.09,1440522654907,"9,800",67% bullish,of 3 ratings,N/A
CHSCL,$26.8,1440522655076,"7,266",Not yet rated,NULL,N/A
CHSCM,$25.55,1440522655208,"17,375",Not yet rated,NULL,N/A
CHSCP,$30.5619,1440522655250,"2,586",Not yet rated,NULL,N/A
CHSCN,$26.06,1440522655277,"11,322",Not yet rated,NULL,N/A
CHSCO,$27.75,1440522655354,"5,200",Not yet rated,NULL,N/A
CHDN,$133.31,1440522655411,"13,438",Not yet rated,NULL,$165
CHUY,$31.06,1440522655453,"92,296",50% bullish,of 2 ratings,$34
CIFC,$7.1,1440522655480,200,100% bearish,of 1 rating,N/A
CDTX,$14.17,1440522655543,"5,704",Not yet rated,NULL,$22
CMCT,$15.05,1440522655675,605,100% bearish,of 1 rating,N/A
CMPR,$68.66,1440522655831,"128,543",50% bullish,of 2 ratings,$72.50
CIDM,$0.59,1440522655863,"64,921",50% bullish,of 2 ratings,$2.10
CINF,$52.29,1440522655925,"294,899",50% bullish,of 4 ratings,$50.50
CPHR,$5.75,1440522655963,"3,020",100% bearish,of 1 rating,$17
CTAS,$83.345,1440522656005,"147,607",100% bearish,of 1 rating,$91
CSCO,$25.465,1440522656070,"8,910,227",84% bullish,of 208 ratings,$32
CRUS,$27.85,1440522656095,"400,579",75% bullish,of 12 ratings,$44.50
CTRN,$27.3959,1440522656252,"59,175",100% bearish,of 1 rating,$31.50
CZNC,$19.75,1440522656311,"21,894",Not yet rated,NULL,N/A
CZWI,$8.89,1440522656389,301,Not yet rated,NULL,N/A
CZFC,NULL,1440522656519,0,Not yet rated,NULL,N/A
CIZN,$19.54,1440522656549,"1,060",Not yet rated,NULL,N/A
CHCO,$46.47,1440522656570,"24,130",Not yet rated,NULL,$46
CTXS,$68.9,1440522656592,"707,404",86% bullish,of 7 ratings,$80
CIVB,$10.05,1440522656791,"2,195",Not yet rated,NULL,$11
CIVBP,NULL,1440522656864,0,Not yet rated,NULL,N/A
CDTI,$1.555,1440522656923,"56,368",75% bullish,of 4 ratings,$3.20
CLNE,$4.31,1440522657101,"479,342",80% bullish,of 15 ratings,$9
CLIR,$4.8001,1440522657131,"8,400",100% bullish,of 3 ratings,N/A
CLFD,$17.0599,1440522657152,"15,675",67% bullish,of 3 ratings,$18
CLNT,$1.3799,1440522657208,"43,062",75% bullish,of 8 ratings,N/A
CLRO,$11.4,1440522657229,"3,251",50% bullish,of 2 ratings,$14.25
CSBK,$13.67,1440522657368,"45,962",Not yet rated,NULL,N/A
CLVS,$69.7301,1440522657540,"338,317",60% bullish,of 5 ratings,$101.50
CMFN,$11.67,1440522657562,"4,653",100% bearish,of 1 rating,$15.50
CME,$90.93,1440522657612,"586,984",67% bullish,of 3 ratings,$102
CCNE,$16.5468,1440522657638,"2,400",50% bullish,of 2 ratings,$21.50
CBLI,$3.691,1440522657697,"18,173",60% bullish,of 5 ratings,N/A
CNV,$4.44,1440522657723,"6,942",50% bullish,of 2 ratings,$7.15
CISG,$7.45,1440522657773,"113,371",100% bullish,of 5 ratings,$10
CWAY,$11.21,1440522658027,700,Not yet rated,NULL,N/A
COBZ,$12.6,1440522658062,"57,382",100% bullish,of 1 rating,$14
CDRB,$11.2,1440522658083,"5,928",67% bullish,of 3 ratings,N/A
COKE,$158.8501,1440522658158,"6,599",79% bullish,of 19 ratings,N/A
JVA,$4.46,1440522658212,"9,907",83% bullish,of 6 ratings,$7
CVLY,$20.36,1440522658244,"3,102",Not yet rated,NULL,N/A
CDXS,$3.595,1440522658265,"22,252",64% bullish,of 11 ratings,$6
CCOI,$27.85,1440522658294,"101,424",50% bullish,of 4 ratings,$35
CGNT,$1.6058,1440522658484,"30,910",100% bullish,of 2 ratings,$2
CGNX,$34.56,1440522658534,"611,867",50% bullish,of 2 ratings,$47
CTSH,$61.6301,1440522658613,"1,527,490",90% bullish,of 10 ratings,$75
COHR,$55.84,1440522658662,"37,784",50% bullish,of 2 ratings,$72
COHU,$9.36,1440522658687,"24,697",100% bearish,of 1 rating,$14.25
CHRS,$28.1752,1440522658714,"94,568",67% bearish,of 3 ratings,$37
CLRX,$0.55,1440522658915,"30,223",50% bullish,of 2 ratings,N/A
CBAN,$8.89,1440522659063,"1,000",Not yet rated,NULL,N/A
CLCD,$6.75,1440522659095,"53,584",100% bearish,of 1 rating,$20.50
COLL,$14.495,1440522659126,"17,775",100% bearish,of 1 rating,$26
CIGI,$42.47,1440522659152,"4,414",100% bearish,of 1 rating,$52
CLCT,$18.58,1440522659177,"8,377",100% bearish,of 1 rating,N/A
COLB,$29.5,1440522659227,"61,537",Not yet rated,NULL,$36
CMCO,$18.33,1440522659371,"12,577",60% bullish,of 5 ratings,$28
COLM,$60.12,1440522659422,"32,978",100% bearish,of 1 rating,$71
CBMX,$1.1772,1440522659500,"29,518",83% bullish,of 6 ratings,$3.15
CMCSA,$55.32,1440522659529,"4,018,540",66% bullish,of 35 ratings,$69.50
CMCSK,$55.835,1440522659634,"1,195,916",Not yet rated,NULL,$84
CUBN,NULL,1440522659776,0,Not yet rated,NULL,N/A
CBSHP,$25.171,1440522659863,885,100% bearish,of 1 rating,N/A
CBSH,$43.8,1440522659890,"172,823",50% bullish,of 2 ratings,$46
CVGI,$4.53,1440522659915,"37,182",50% bullish,of 2 ratings,$6
COMM,$28.68,1440522660067,"257,600",67% bearish,of 3 ratings,$35
JCS,$8.6,1440522660098,"5,612",67% bullish,of 3 ratings,N/A
CSAL,$20.16,1440522660124,"173,420",75% bullish,of 4 ratings,$30
ESXB,$5.06,1440522660258,"69,300",Not yet rated,NULL,N/A
CYHHZ,$0.01,1440522660290,"72,233",100% bullish,of 1 rating,N/A
CWBC,NULL,1440522660391,0,Not yet rated,NULL,N/A
CTBI,$34.355,1440522660433,"14,097",Not yet rated,NULL,$36
COB,$10.42,1440522660516,"2,732",100% bullish,of 1 rating,$11.75
CIZ,$33.05,1440522660617,"3,061",100% bearish,of 1 rating,N/A
CVLT,$35.465,1440522660678,"145,020",75% bullish,of 4 ratings,$44.50
CIL,$33.3,1440522660704,200,Not yet rated,NULL,N/A
CID,NULL,1440522660729,0,Not yet rated,NULL,N/A
CSF,$35.86,1440522660865,"2,548",100% bearish,of 1 rating,N/A
CSA,$32.64,1440522660966,400,Not yet rated,NULL,N/A
CDC,$34.062,1440522661027,"11,540",Not yet rated,NULL,N/A
CFO,$34.84,1440522661058,"27,953",100% bearish,of 1 rating,N/A
CFA,$34.7801,1440522661101,589,100% bearish,of 1 rating,N/A
CDL,NULL,1440522661197,0,Not yet rated,NULL,N/A
CSB,$32.96,1440522661227,200,Not yet rated,NULL,N/A
CGEN,$4.94,1440522661373,"112,950",50% bullish,of 2 ratings,$11
CPSI,$45.06,1440522661426,"34,205",100% bearish,of 1 rating,$45.50
CTG,$6.56,1440522661554,"7,557",100% bearish,of 1 rating,$8.50
CHCI,$0.6542,1440522661625,"5,658",50% bullish,of 2 ratings,N/A
SCOR,$55.25,1440522661652,"120,282",100% bearish,of 1 rating,$66
CMTL,$26.32,1440522661683,"9,669",100% bearish,of 2 ratings,$37
CNSI,$18.71,1440522661728,"58,901",100% bearish,of 2 ratings,$29
CNCE,$15.53,1440522661781,"78,294",75% bullish,of 4 ratings,$22
CNAT,$3.6303,1440522661856,"28,645",83% bullish,of 6 ratings,$13
CDORP,$6.3,1440522662132,"2,008",100% bearish,of 1 rating,N/A
CCUR,$5.03,1440522662161,"7,928",75% bullish,of 4 ratings,N/A
CDORO,$16.6,1440522662185,150,100% bearish,of 1 rating,N/A
CXRX,$70.7774,1440522662214,200,100% bearish,of 1 rating,$90
CFMS,$20.03,1440522662291,"105,647",Not yet rated,NULL,$27
CDOR,$1.3999,1440522662359,"1,150",100% bullish,of 1 rating,N/A
CNFR,$10.35,1440522662485,"7,550",Not yet rated,NULL,N/A
CNMD,$52.9,1440522662590,"41,418",Not yet rated,NULL,$59
CONN,$31.08,1440522662696,"105,707",67% bullish,of 3 ratings,$48.50
CNOB,$19.09,1440522662730,"35,137",100% bullish,of 1 rating,$23.50
CTWS,$34.25,1440522662777,"9,965",100% bearish,of 1 rating,$44
CNXR,$6.63,1440522662827,"19,924",100% bearish,of 1 rating,$12
CNSL,$19.02,1440522662852,"91,189",100% bearish,of 1 rating,$23
CWCO,$10.34,1440522663141,"25,601",67% bullish,of 3 ratings,$14.50
CTCT,$24.05,1440522663180,"160,168",67% bullish,of 3 ratings,$37
CFRX,$5.11,1440522663248,"5,239",Not yet rated,NULL,$14
CPSS,$5.525,1440522663281,"33,138",100% bullish,of 1 rating,$10
CFRXZ,$0.46,1440522663379,550,Not yet rated,NULL,N/A
CFRXW,$2,1440522663404,"4,591",100% bearish,of 1 rating,N/A
CTRV,$3.87,1440522663547,"6,426",Not yet rated,NULL,$6.40
CPRT,$34.11,1440522663679,"112,194",67% bearish,of 3 ratings,$40
CRBP,$1.909,1440522663710,"206,800",100% bullish,of 2 ratings,$6.25
CORE,$60.59,1440522663812,"27,295",100% bearish,of 1 rating,$72
CTRL,$7.97,1440522663841,"42,996",50% bullish,of 2 ratings,$11
BVA,$3.51,1440522663861,100,50% bullish,of 2 ratings,N/A
CORT,$4.6,1440522663892,"119,789",67% bullish,of 3 ratings,$12
CSOD,$35.09,1440522664026,"212,820",50% bullish,of 2 ratings,$42
CORI,$10.58,1440522664099,"32,332",100% bearish,of 1 rating,$18
CRVL,$31.23,1440522664124,"25,387",100% bearish,of 1 rating,N/A
COSI,$1.04,1440522664197,"114,705",100% bullish,of 1 rating,N/A
COST,$137.0408,1440522664303,"1,490,302",79% bullish,of 24 ratings,$154.50
CSGP,$176.41,1440522664338,"47,596",50% bullish,of 2 ratings,$235
CPAH,$0.4799,1440522664363,"1,100",50% bullish,of 2 ratings,N/A
CVTI,$21.95,1440522664557,"63,372",67% bearish,of 3 ratings,$39
COWN,$5.085,1440522664612,"278,477",75% bullish,of 4 ratings,$7
COWNL,$27.0999,1440522664661,"1,930",Not yet rated,NULL,N/A
ICBK,$17.99,1440522664711,400,Not yet rated,NULL,$21
COVS,$2.6,1440522664747,"27,149",67% bullish,of 3 ratings,N/A
CBRL,$139.48,1440522664840,"202,006",50% bullish,of 2 ratings,$155
CPSH,$2.0501,1440522664870,"5,800",Not yet rated,NULL,N/A
CRAI,$21.63,1440522664897,"8,552",100% bearish,of 1 rating,$36
CRAY,$20.16,1440522665040,"91,399",83% bullish,of 6 ratings,$38.50
BREW,$7.27,1440522665066,"50,365",67% bullish,of 6 ratings,$15
CACC,$193,1440522665200,"39,331",50% bullish,of 2 ratings,$158.50
SLVO,$10.0301,1440522665274,"7,452",100% bearish,of 1 rating,N/A
GLDI,$11.002,1440522665418,"7,909",100% bearish,of 1 rating,N/A
CREE,$26.8925,1440522665443,"583,816",65% bullish,of 17 ratings,$29.50
CRTO,$43.61,1440522665468,"171,734",67% bullish,of 6 ratings,$64
CRESY,$9.7,1440522665492,"25,728",100% bearish,of 1 rating,$19
CCRN,$13.67,1440522665819,"97,829",100% bearish,of 1 rating,$14.25
CYRXW,$0.9001,1440522665907,500,Not yet rated,NULL,N/A
CRDS,$1.04,1440522665935,"8,597",50% bullish,of 4 ratings,$4.50
CYRX,$2.9221,1440522665998,"14,642",Not yet rated,NULL,$9
CRWN,$4.485,1440522666084,"28,794",75% bullish,of 4 ratings,N/A
CROX,$13.82,1440522666137,"184,468",63% bullish,of 8 ratings,$16.50
CRWS,$7.89,1440522666162,"15,240",Not yet rated,NULL,$10
CSGS,$30.54,1440522666212,"55,129",Not yet rated,NULL,$40
CTIC,$1.6301,1440522666491,"430,513",84% bullish,of 76 ratings,$5.75
CSPI,$5.87,1440522666523,317,67% bullish,of 3 ratings,N/A
CCLP,$13.42,1440522666544,"79,716",67% bearish,of 3 ratings,$20
CTCM,$1.7,1440522666578,"120,847",80% bearish,of 5 ratings,$3.90
CTIB,$3.55,1440522666678,400,100% bearish,of 1 rating,N/A
CUNB,$21.3,1440522666703,"5,769",Not yet rated,NULL,$24.50
CTRP,$65.67,1440522666733,"1,302,609",75% bullish,of 8 ratings,$92
CUI,$5.1099,1440522666764,"47,700",50% bullish,of 2 ratings,$10
CPIX,$5.88,1440522666869,"2,933",Not yet rated,NULL,N/A
CMLS,$1.31,1440522667005,"150,001",50% bullish,of 4 ratings,$6
CUTR,$14.21,1440522667111,"21,235",67% bearish,of 3 ratings,$18
CRIS,$2.465,1440522667151,"144,266",100% bullish,of 8 ratings,$6
CVV,$10.79,1440522667246,"5,693",100% bullish,of 5 ratings,N/A
CVBF,$15.77,1440522667277,"131,269",Not yet rated,NULL,$18
CYBR,$49.56,1440522667318,"818,230",86% bullish,of 7 ratings,$66
CYAN,$6.92,1440522667349,200,100% bearish,of 1 rating,N/A
CYBX,$65,1440522667482,"87,382",50% bullish,of 4 ratings,$71.50
CYBE,$5.9,1440522667559,"4,256",100% bearish,of 1 rating,N/A
CYCC,$0.55,1440522667691,"25,523",73% bullish,of 11 ratings,N/A
CYCCP,NULL,1440522667717,0,100% bearish,of 1 rating,N/A
CYNO,$31.69,1440522667758,"63,501",67% bearish,of 3 ratings,$45.50
CBAY,$2.7,1440522667788,"36,644",100% bullish,of 1 rating,$4
CYNA,$16.19,1440522667809,"10,222",100% bullish,of 1 rating,$31.50
CY,$9.24,1440522667861,"1,798,003",80% bullish,of 10 ratings,$15.50
CYRN,$1.66,1440522668022,"42,276",67% bullish,of 3 ratings,$4
CONE,$31.84,1440522668159,"177,488",67% bearish,of 3 ratings,$35
CYTK,$6.64,1440522668395,"69,733",71% bullish,of 14 ratings,$13.50
CYTX,$0.36,1440522668421,"479,785",83% bullish,of 12 ratings,$5.50
CYTR,$2.121,1440522668446,"485,215",67% bullish,of 6 ratings,$10
CTSO,$6.56,1440522668471,"14,781",Not yet rated,NULL,$15.625
DAEG,$0.3101,1440522668623,"5,841",100% bearish,of 1 rating,N/A
ZIV,$42.31,1440522668900,"58,998",Not yet rated,NULL,N/A
TVIX,$10.9436,1440522668926,"10,214,686",81% bullish,of 16 ratings,N/A
TVIZ,$17.08,1440522668951,"7,240",100% bearish,of 1 rating,N/A
DJCO,NULL,1440522669095,0,Not yet rated,NULL,N/A
DARA,$0.8417,1440522669125,"49,927",83% bullish,of 6 ratings,$1.50
DTLK,$5.44,1440522669150,"19,331",100% bearish,of 1 rating,$9
DAKT,$9.785,1440522669176,"397,798",50% bullish,of 2 ratings,$14
XIV,$29.82,1440522669205,"15,776,368",75% bearish,of 4 ratings,N/A
DAIO,$2.57,1440522669301,"7,124",Not yet rated,NULL,N/A
DWCH,$4.85,1440522669637,"6,432",75% bullish,of 4 ratings,$8.25
DRAM,$1.2,1440522669769,"33,749",78% bullish,of 9 ratings,N/A
DTEA,$13.1,1440522669848,"49,226",100% bearish,of 2 ratings,$24
DWSN,$4.35,1440522669874,"7,750",67% bullish,of 3 ratings,$6
PLAY,$32.9,1440522669905,"95,583",100% bullish,of 5 ratings,$42
TRAK,$62.81,1440522669930,"316,277",50% bullish,of 2 ratings,$62.50
DBVT,$37.92,1440522670003,"42,272",100% bearish,of 1 rating,$53
DHRM,$1.39,1440522670075,"25,068",Not yet rated,NULL,N/A
TACO,$12.82,1440522670279,"134,183",75% bullish,of 4 ratings,$20
DCTH,$0.4303,1440522670310,"57,030",78% bullish,of 9 ratings,N/A
DELT,$2.59,1440522670347,750,Not yet rated,NULL,N/A
DFRG,$14.43,1440522670369,"85,566",100% bearish,of 1 rating,$20
DELTW,NULL,1440522670444,0,Not yet rated,NULL,N/A
DGAS,$20.23,1440522670471,"22,686",67% bearish,of 3 ratings,N/A
TACOW,$3.9,1440522670501,"1,825",100% bullish,of 1 rating,N/A
DENN,$11.41,1440522670601,"98,568",100% bullish,of 3 ratings,$15
XRAY,$52.5,1440522670854,"153,471",100% bullish,of 1 rating,$58
DEPO,$28.51,1440522670882,"382,056",60% bullish,of 5 ratings,$29
DSCI,$6.001,1440522671021,"10,354",50% bullish,of 2 ratings,$16
DXM,$0.3053,1440522671051,"79,461",50% bullish,of 2 ratings,N/A
DERM,$24.83,1440522671078,"46,242",100% bearish,of 1 rating,$33.50
DSWL,$1.75,1440522671107,"1,000",100% bullish,of 1 rating,N/A
DEST,$11.3899,1440522671180,"14,401",50% bullish,of 2 ratings,N/A
DXLG,$4.41,1440522671277,"35,409",100% bearish,of 1 rating,$8
DHIL,$189.3379,1440522671478,500,Not yet rated,NULL,N/A
DMND,$29.0896,1440522671505,"58,855",75% bullish,of 12 ratings,$32
DHXM,NULL,1440522671526,0,Not yet rated,NULL,N/A
DXCM,$91.03,1440522671562,"443,093",57% bullish,of 7 ratings,$98
DCIX,$1.68,1440522671665,"22,191",50% bullish,of 4 ratings,$3.50
FANG,$62.85,1440522671734,"362,799",50% bullish,of 2 ratings,$86.50
DRNA,$10.495,1440522671766,"24,505",67% bearish,of 3 ratings,$25
DMRC,$35.09,1440522671949,"40,458",100% bearish,of 1 rating,$44
DGII,$9.65,1440522671977,"10,450",100% bearish,of 1 rating,$10
DRAD,$3.705,1440522672003,"11,467",100% bullish,of 1 rating,$5.25
APPS,$2.28,1440522672138,"22,801",100% bearish,of 1 rating,$10.25
DCOM,$16.49,1440522672165,"27,836",100% bearish,of 2 ratings,$16.50
DGLY,$6.8318,1440522672191,"91,753",50% bullish,of 6 ratings,$20
DISCA,$26.2701,1440522672427,"1,951,936",67% bullish,of 3 ratings,$34
DPRX,$12.4501,1440522672526,"10,204",100% bullish,of 2 ratings,$27.75
DISCB,$26,1440522672555,200,100% bearish,of 1 rating,$35
DIOD,$19.55,1440522672580,"76,895",75% bearish,of 4 ratings,$24
DISH,$60.23,1440522672606,"340,726",69% bullish,of 13 ratings,$73
DISCK,$24.8812,1440522672627,"819,230",100% bearish,of 1 rating,$32
DSCO,$0.4,1440522672655,"140,660",83% bullish,of 6 ratings,$2.75
DVCR,$10.5,1440522672858,"6,400",100% bullish,of 1 rating,N/A
BAGR,$2.77,1440522673088,"22,093",100% bearish,of 1 rating,$6
DLHC,$2.36,1440522673220,"2,000",100% bearish,of 1 rating,N/A
DGICB,NULL,1440522673358,0,100% bearish,of 1 rating,N/A
DLTR,$75.52,1440522673383,"620,012",82% bullish,of 11 ratings,$88
DGICA,$14.13,1440522673409,"2,624",100% bearish,of 1 rating,$17
DNBF,$26.55,1440522673449,605,Not yet rated,NULL,$27.50
DORM,$50.1,1440522673542,"85,271",100% bearish,of 1 rating,$56
DMLP,$13.67,1440522673579,"17,483",100% bearish,of 1 rating,N/A
DRWI,$0.24,1440522673758,"110,903",60% bullish,of 5 ratings,$.45
HILL,$9.655,1440522673832,"977,917",60% bearish,of 5 ratings,$9.75
DWA,$19.5702,1440522673997,"391,356",63% bullish,of 8 ratings,$26
DSKX,$2.94,1440522674032,"146,206",100% bullish,of 1 rating,N/A
DRWIW,$0.0474,1440522674057,117,Not yet rated,NULL,N/A
DRYS,$0.3498,1440522674082,"2,558,945",77% bullish,of 31 ratings,$.60
CADT,NULL,1440522674225,0,Not yet rated,NULL,N/A
DSPG,$8.22,1440522674288,"43,976",100% bearish,of 1 rating,$13.50
CADTR,NULL,1440522674427,0,Not yet rated,NULL,N/A
DTSI,$26.295,1440522674509,"64,835",100% bearish,of 2 ratings,$39.50
CADTU,NULL,1440522674557,0,Not yet rated,NULL,N/A
CADTW,NULL,1440522674586,0,Not yet rated,NULL,N/A
DRRX,$1.952,1440522674693,"60,768",50% bullish,of 6 ratings,$3
DNKN,$50.84,1440522674721,"439,607",67% bullish,of 15 ratings,$56.50
DYAX,$22.13,1440522674851,"225,200",89% bullish,of 9 ratings,$30
DXPE,$28.02,1440522674909,"65,491",50% bullish,of 2 ratings,N/A
DYSL,$1.46,1440522674995,"19,400",100% bullish,of 2 ratings,N/A
BOOM,$9.51,1440522675023,"25,342",67% bullish,of 3 ratings,$12
DYNT,$2.89,1440522675154,"4,209",75% bullish,of 4 ratings,N/A
DVAX,$26,1440522675181,"163,765",70% bullish,of 10 ratings,$40
EBMT,$11.41,1440522675244,"9,214",Not yet rated,NULL,$13.50
ETFC,$25.295,1440522675341,"1,104,024",57% bullish,of 14 ratings,$33
EGBN,$41.71,1440522675381,"74,200",Not yet rated,NULL,$48
EGLE,$6.09,1440522675428,"5,211",60% bullish,of 5 ratings,N/A
EGRX,$71.58,1440522675569,"163,221",67% bullish,of 3 ratings,$97
ELNK,$8.175,1440522675637,"260,706",60% bullish,of 5 ratings,$9.50
EROC,$1.225,1440522675665,"201,057",50% bullish,of 2 ratings,$3
EWBC,$38.595,1440522675742,"760,195",100% bearish,of 1 rating,$50
EML,$16.2301,1440522675872,"6,936",Not yet rated,NULL,N/A
EACQU,$10.2,1440522675917,400,Not yet rated,NULL,N/A
EBAY,$25.7401,1440522676010,"5,212,743",81% bullish,of 117 ratings,$48
EVBS,$6.4501,1440522676053,"6,603",Not yet rated,NULL,$7
ELON,$0.53,1440522676078,"36,586",50% bullish,of 2 ratings,N/A
EBIX,$26.36,1440522676107,"134,743",69% bullish,of 13 ratings,$40
ECHO,$24.02,1440522676242,"162,376",67% bearish,of 3 ratings,$35.50
ECTE,$1.424,1440522676271,"14,854",75% bullish,of 4 ratings,N/A
SATS,$42.44,1440522676370,"60,615",50% bullish,of 2 ratings,$60
EEI,$11.0662,1440522676474,"2,850",67% bearish,of 3 ratings,N/A
ESES,$3.2,1440522676582,"27,511",100% bearish,of 1 rating,$7
ECACU,NULL,1440522676630,0,Not yet rated,NULL,N/A
EDAP,$3.33,1440522676659,"41,227",60% bullish,of 5 ratings,$4.50
EDUC,$4.9399,1440522676760,"7,041",100% bearish,of 1 rating,N/A
EDGW,$6.79,1440522676835,"2,704",100% bearish,of 1 rating,N/A
EFUT,NULL,1440522676865,0,Not yet rated,NULL,N/A
EGLT,$10.97,1440522676894,"37,689",50% bullish,of 2 ratings,$21
EGAN,$3.3,1440522676964,"26,400",50% bullish,of 2 ratings,$6.25
EHTH,$13.625,1440522677098,"31,224",50% bullish,of 4 ratings,$16.50
LOCO,$12.83,1440522677137,"740,253",69% bullish,of 13 ratings,$20
EMITF,$1.2738,1440522677228,"12,518",75% bullish,of 4 ratings,N/A
ESLT,$77.64,1440522677285,"7,043",67% bullish,of 3 ratings,N/A
ERI,$9.26,1440522677360,"22,257",100% bearish,of 1 rating,$10
ELRC,$10.27,1440522677418,"8,539",100% bearish,of 1 rating,N/A
ESIO,$4.38,1440522677728,"34,406",50% bullish,of 2 ratings,$10
EFII,$43.93,1440522677813,"95,582",80% bullish,of 5 ratings,$55
EA,$65.77,1440522677849,"1,804,319",77% bullish,of 35 ratings,$80
ELSE,$3.8801,1440522677879,200,60% bullish,of 5 ratings,N/A
ELEC,NULL,1440522677911,0,Not yet rated,NULL,N/A
ELECU,NULL,1440522677940,0,Not yet rated,NULL,N/A
ELECW,NULL,1440522677964,0,Not yet rated,NULL,N/A
EBIO,$3.426,1440522678043,"64,531",100% bearish,of 2 ratings,$8.35
CAPX,$22.15,1440522678534,200,Not yet rated,NULL,N/A
RDEN,$10.1,1440522678559,"23,110",100% bearish,of 4 ratings,$15
LONG,$16.39,1440522678585,"59,084",67% bullish,of 3 ratings,$15.75
ESBK,$19.515,1440522678743,600,Not yet rated,NULL,N/A
ELTK,$1.09,1440522678771,200,67% bearish,of 3 ratings,N/A
EMCI,$22.25,1440522678798,"2,891",Not yet rated,NULL,N/A
EMCF,NULL,1440522678872,0,100% bearish,of 1 rating,N/A
NYNY,$4.06,1440522679073,"12,960",50% bullish,of 2 ratings,N/A
EMKR,$6.96,1440522679101,"41,799",75% bullish,of 4 ratings,$8.50
EMMSP,NULL,1440522679122,0,100% bearish,of 1 rating,N/A
EMMS,$1.12,1440522679164,"25,794",67% bullish,of 6 ratings,N/A
ERS,$2.8101,1440522679185,"3,758",Not yet rated,NULL,N/A
ENTA,$40.44,1440522679255,"54,156",50% bullish,of 2 ratings,$42
ECPG,$39.06,1440522679327,"59,086",100% bullish,of 2 ratings,$52
WIRE,$30.94,1440522679484,"60,031",100% bearish,of 1 rating,$37
ENDP,$76.55,1440522679581,"865,700",50% bullish,of 6 ratings,$104
ECYT,$4.92,1440522679710,"110,356",83% bullish,of 6 ratings,$12
EIGI,$15.42,1440522679813,"231,415",67% bearish,of 3 ratings,$22.50
EFOI,$16.8578,1440522679843,"394,687",50% bullish,of 2 ratings,$20.50
ELGX,$12.705,1440522679864,"311,966",75% bullish,of 4 ratings,$17
ERII,$2.9,1440522679896,"27,013",80% bullish,of 5 ratings,$2.50
EXXI,$1.35,1440522679942,"636,674",86% bullish,of 7 ratings,$3.50
WATT,$6.1,1440522680024,"95,482",50% bullish,of 2 ratings,$13
ENG,$0.97,1440522680165,"46,039",100% bullish,of 3 ratings,N/A
ENOC,$8.325,1440522680251,"124,842",75% bullish,of 4 ratings,$18
ENPH,$4.5501,1440522680280,"371,337",75% bullish,of 4 ratings,$11
ESGR,$148.375,1440522680311,"11,808",100% bearish,of 1 rating,$185
ENFC,$17.99,1440522680333,"3,600",Not yet rated,NULL,N/A
ENTG,$13.45,1440522680413,"159,770",100% bearish,of 1 rating,$18
ENTL,$21.2599,1440522680462,"8,074",Not yet rated,NULL,$28
ETRM,$0.2726,1440522680864,"1,814,816",69% bearish,of 35 ratings,$1.625
EBTC,$20.91,1440522680891,600,Not yet rated,NULL,N/A
ENVI,$1.78,1440522680918,"6,613",67% bullish,of 3 ratings,N/A
EGT,$1.82,1440522680943,"4,343",100% bullish,of 1 rating,N/A
ENZY,$9.17,1440522680975,"5,945",67% bullish,of 3 ratings,$9.50
EFSC,$23.845,1440522681054,"18,562",Not yet rated,NULL,$27
ENZN,$0.9619,1440522681103,"402,138",100% bullish,of 9 ratings,N/A
EPRS,$4.96,1440522681310,"20,030",82% bullish,of 11 ratings,$15
EPZM,$17.9,1440522681419,"144,432",60% bullish,of 5 ratings,$34
EPIQ,$13.06,1440522681474,"20,959",100% bearish,of 1 rating,$18
PLUS,$74.21,1440522681508,"45,768",50% bullish,of 2 ratings,$88
EQFN,NULL,1440522681539,0,100% bearish,of 1 rating,N/A
EQIX,$260.87,1440522681607,"211,063",75% bullish,of 4 ratings,$312.50
EAC,$3.2809,1440522681633,"15,542",100% bearish,of 1 rating,$8
ERIC,$9.6,1440522681859,"1,033,072",63% bullish,of 8 ratings,$12.20
ESCA,$17.04,1440522681993,"3,984",100% bearish,of 1 rating,$22
ERIE,$81.25,1440522682019,"18,983",Not yet rated,NULL,$73
ESCRP,$1.21,1440522682196,200,100% bearish,of 1 rating,N/A
EPIX,NULL,1440522682256,0,Not yet rated,NULL,N/A
ESCR,$0.18,1440522682283,"35,457",50% bullish,of 2 ratings,N/A
ESPR,$53.8488,1440522682304,"279,321",70% bearish,of 10 ratings,$123
ESMC,NULL,1440522682340,0,Not yet rated,NULL,N/A
ESSA,$12.6,1440522682435,"2,350",100% bearish,of 1 rating,N/A
ESND,$33.83,1440522682460,"32,925",100% bearish,of 2 ratings,$40
ETSY,$13.43,1440522682701,"264,959",80% bullish,of 5 ratings,$16
ESSX,$0.44,1440522682728,"36,481",50% bullish,of 2 ratings,N/A
CLWT,$2.5,1440522682756,306,100% bearish,of 1 rating,N/A
EEFT,$64.07,1440522682861,"75,097",100% bearish,of 1 rating,$67.50
EVEP,$7.16,1440522682919,"161,705",50% bullish,of 2 ratings,$15
ESEA,$5.5501,1440522683011,"1,500",100% bullish,of 1 rating,$15
EVK,NULL,1440522683154,0,75% bearish,of 4 ratings,N/A
EVLV,$2.05,1440522683183,"90,852",60% bullish,of 5 ratings,$6.50
EVOK,$3.7694,1440522683209,"27,865",100% bearish,of 1 rating,$13.375
EXA,$10.86,1440522683341,"3,400",100% bearish,of 1 rating,$13
EVOL,$6.17,1440522683440,"8,987",75% bullish,of 4 ratings,$10
EXEL,$5.255,1440522683519,"2,174,160",81% bullish,of 16 ratings,$6
EXAS,$20.53,1440522683551,"494,181",78% bullish,of 9 ratings,$31
EXFO,$2.57,1440522683648,"14,552",67% bearish,of 3 ratings,$3.95
EXAC,$18.06,1440522683674,"24,004",100% bearish,of 1 rating,$22.50
EXPE,$112.725,1440522683804,"404,539",64% bullish,of 11 ratings,$130
EXPD,$48,1440522683847,"590,970",80% bullish,of 5 ratings,$51.50
EXLS,$35.87,1440522683941,"53,251",50% bullish,of 2 ratings,$41
EXPO,$41.49,1440522684034,"16,555",100% bearish,of 1 rating,$45.50
ESRX,$83.41,1440522684070,"1,475,090",67% bearish,of 6 ratings,$101
EXLP,$18.26,1440522684095,"102,064",100% bearish,of 1 rating,$25
EXTR,$2.81,1440522684328,"209,026",80% bullish,of 5 ratings,$3
EYEG,$3.84,1440522684427,"21,700",Not yet rated,NULL,N/A
EYEGW,NULL,1440522684457,0,Not yet rated,NULL,N/A
EZCH,$21.37,1440522684520,"26,563",75% bullish,of 8 ratings,$19.50
EZPW,$5.93,1440522684554,"141,604",50% bullish,of 4 ratings,$7.50
FFIV,$120.58,1440522684715,"245,637",63% bullish,of 8 ratings,$132
FB,$86.66,1440522684751,"18,734,857",73% bullish,of 1066 ratings,$111
FRP,$15.63,1440522684930,"24,351",100% bearish,of 1 rating,$18
FCS,$13.12,1440522684961,"227,167",67% bearish,of 3 ratings,$17
DAVE,$14.175,1440522684982,"7,207",100% bearish,of 1 rating,$15.50
FALC,$1.53,1440522685019,"25,629",63% bearish,of 8 ratings,N/A
FWM,$2.3,1440522685040,"56,749",100% bearish,of 2 ratings,$3.20
FARM,$21.6001,1440522685111,"16,235",100% bearish,of 1 rating,$35
FFKT,$25.82,1440522685339,"3,529",Not yet rated,NULL,$29
FAST,$37.45,1440522685436,"1,567,692",80% bullish,of 5 ratings,$45.50
FARO,$38.15,1440522685462,"44,604",50% bullish,of 2 ratings,$48
FMNB,$8.04,1440522685520,"4,900",Not yet rated,NULL,N/A
FATE,$6.17,1440522685592,"20,497",50% bullish,of 2 ratings,$11
FBSS,$15.92,1440522685654,"1,615",Not yet rated,NULL,N/A
FDML,$8.58,1440522685820,"99,488",50% bullish,of 4 ratings,$14
FBRC,$21.7237,1440522685849,"8,538",100% bearish,of 1 rating,$29
FEIC,$74.32,1440522685870,"80,973",50% bullish,of 2 ratings,$95.50
FNHC,$21.9,1440522685912,"19,847",100% bearish,of 1 rating,$35
FGEN,$22.68,1440522686000,"98,594",100% bearish,of 1 rating,$39
FENX,$9.6101,1440522686026,"32,943",100% bullish,of 1 rating,$14.25
FHCO,$1.37,1440522686051,"33,214",50% bullish,of 4 ratings,N/A
FCSC,$5.56,1440522686225,"125,943",100% bearish,of 1 rating,$8.125
ONEQ,$183.55,1440522686250,"33,527",100% bullish,of 1 rating,N/A
LION,$18.48,1440522686432,"46,290",100% bullish,of 1 rating,$20
FDUS,$13.629,1440522686457,"25,472",50% bullish,of 2 ratings,$18
FSAM,$8.56,1440522686600,"4,716",100% bearish,of 1 rating,$11
FSC,$6.2099,1440522686659,"583,737",75% bullish,of 4 ratings,$8
FRGI,$51.5974,1440522686688,"52,366",50% bullish,of 2 ratings,$70
FSCFL,$24.7999,1440522686731,"2,821",Not yet rated,NULL,N/A
FSFR,$8.897,1440522686788,"81,805",100% bearish,of 1 rating,$11.50
FISI,$24.5982,1440522686875,"16,250",100% bullish,of 2 ratings,$24.50
FITB,$18.93,1440522686935,"2,361,490",54% bullish,of 13 ratings,$22
FITBI,$26.9999,1440522686960,"5,530",Not yet rated,NULL,N/A
FNGN,$32.21,1440522687092,"111,068",67% bullish,of 3 ratings,$47
FNTC,NULL,1440522687223,0,Not yet rated,NULL,N/A
FNJN,$1.5901,1440522687250,"21,933",100% bearish,of 1 rating,$5
FNSR,$15.12,1440522687274,"294,147",71% bullish,of 7 ratings,$24.50
FNTCU,$10.42,1440522687381,186,Not yet rated,NULL,N/A
FEYE,$38.56,1440522687463,"2,027,300",87% bullish,of 15 ratings,$55.50
FNTCW,NULL,1440522687491,0,Not yet rated,NULL,N/A
FBNC,$16.54,1440522687619,"7,787",100% bullish,of 1 rating,$20
FNLC,$18.15,1440522687792,"6,538",100% bullish,of 1 rating,N/A
FCVA,NULL,1440522687825,0,Not yet rated,NULL,N/A
BUSE,$6.32,1440522687929,"254,673",Not yet rated,NULL,$6.875
FRBA,$6.016,1440522687957,"1,102",Not yet rated,NULL,$8
FCAP,$26.8,1440522687979,450,Not yet rated,NULL,N/A
FBIZ,$43.75,1440522688013,"1,845",100% bearish,of 2 ratings,$52
FCFS,$38.155,1440522688135,"59,468",100% bearish,of 3 ratings,$48
FCNCA,$230.38,1440522688184,"1,025",Not yet rated,NULL,N/A
FCBC,$17.26,1440522688511,"2,354",Not yet rated,NULL,$18
FCLF,$9.08,1440522688571,100,Not yet rated,NULL,N/A
FCFP,$6.82,1440522688607,"2,300",Not yet rated,NULL,N/A
FCCO,$11.73,1440522688632,100,Not yet rated,NULL,$13.25
FBNK,$16.72,1440522688675,"3,425",100% bearish,of 1 rating,$17.50
FDEF,$37.16,1440522688706,"8,565",Not yet rated,NULL,$38
FFNM,$6.3699,1440522688807,500,Not yet rated,NULL,N/A
FFBC,$18.06,1440522688905,"46,129",67% bearish,of 3 ratings,$20.25
THFF,$32.98,1440522689120,"3,711",Not yet rated,NULL,$35
FFIN,$29.9,1440522689159,"101,402",50% bullish,of 2 ratings,$31.75
FFBCW,$6.3,1440522689186,100,100% bearish,of 1 rating,N/A
FFWM,$20.91,1440522689214,800,Not yet rated,NULL,$24
INBK,$30.3,1440522689247,"8,660",50% bullish,of 2 ratings,$37
FFNW,$11.99,1440522689273,"16,950",Not yet rated,NULL,$14
FIBK,$26.2,1440522689493,"46,549",Not yet rated,NULL,$32
FRME,$25.045,1440522689520,"22,859",Not yet rated,NULL,$26.50
FMBH,NULL,1440522689684,0,Not yet rated,NULL,N/A
FNBC,$33.59,1440522689757,"21,475",Not yet rated,NULL,$41.50
FMBI,$17.205,1440522689826,"130,751",Not yet rated,NULL,$20
FNFG,$8.8401,1440522689899,"1,026,432",80% bullish,of 5 ratings,$9
FNWB,$11.82,1440522690296,"2,595",Not yet rated,NULL,N/A
FSFG,$30.41,1440522690434,"1,800",Not yet rated,NULL,N/A
FSLR,$46.7799,1440522690462,"972,700",74% bullish,of 39 ratings,$65
FSBK,$7.45,1440522690488,"3,444",100% bullish,of 1 rating,N/A
FSGI,$2.46,1440522690520,"2,686",Not yet rated,NULL,N/A
BICK,$19.7199,1440522690616,320,100% bullish,of 1 rating,N/A
FBZ,$10.06,1440522690655,240,Not yet rated,NULL,N/A
FCAN,$23.54,1440522690703,"21,111",Not yet rated,NULL,N/A
FTCS,$35.9125,1440522690865,"23,687",100% bearish,of 1 rating,N/A
FCA,$19.426,1440522690927,"1,425",Not yet rated,NULL,N/A
IFV,$17.67,1440522691000,"653,998",100% bearish,of 1 rating,N/A
FV,$22.865,1440522691132,"1,579,634",100% bearish,of 1 rating,N/A
FEMB,NULL,1440522691231,0,Not yet rated,NULL,N/A
FTSM,$59.9002,1440522691278,"6,314",100% bearish,of 1 rating,N/A
TDIV,$24.0502,1440522691411,"37,823",100% bearish,of 1 rating,N/A
FEUZ,$31.1356,1440522691443,108,Not yet rated,NULL,N/A
MDIV,$18.9101,1440522691468,"94,561",Not yet rated,NULL,N/A
FGM,$35.53,1440522691542,"13,707",Not yet rated,NULL,N/A
HYLS,$48.9401,1440522691750,"15,774",100% bearish,of 1 rating,N/A
FHK,$32.64,1440522691829,"37,715",Not yet rated,NULL,N/A
FPXI,$26.89,1440522691857,"1,000",Not yet rated,NULL,N/A
FTHI,$19.299,1440522691986,"1,366",Not yet rated,NULL,N/A
SKYY,$28.2199,1440522692022,"58,852",100% bullish,of 1 rating,N/A
FTGC,$21.76,1440522692043,"174,675",Not yet rated,NULL,N/A
YDIV,$16.46,1440522692120,"6,193",Not yet rated,NULL,N/A
CU,$12.526,1440522692177,"7,012",100% bearish,of 1 rating,N/A
PLTM,$6.3399,1440522692310,"4,324",100% bearish,of 1 rating,N/A
FTLB,$19.05,1440522692503,300,100% bearish,of 1 rating,N/A
FJP,$45.626,1440522692554,"7,969",Not yet rated,NULL,N/A
FMB,$51.05,1440522692635,"3,451",Not yet rated,NULL,N/A
LMBS,$50.03,1440522692660,"2,718",Not yet rated,NULL,N/A
QABA,$36.6001,1440522692707,"18,533",100% bearish,of 1 rating,N/A
QCLN,$14.49,1440522692875,"20,000",Not yet rated,NULL,N/A
CIBR,$17.957,1440522692906,"61,454",Not yet rated,NULL,N/A
FONE,$34.2499,1440522693009,150,Not yet rated,NULL,N/A
CARZ,$33.9101,1440522693035,"2,685",100% bearish,of 1 rating,N/A
GRID,NULL,1440522693170,0,100% bearish,of 1 rating,N/A
RDVY,$20.73,1440522693198,"5,047",Not yet rated,NULL,N/A
QQEW,$40.75,1440522693225,"161,260",Not yet rated,NULL,N/A
QQXT,$39.5306,1440522693355,"13,002",Not yet rated,NULL,N/A
QTEC,$38.86,1440522693484,"29,677",Not yet rated,NULL,N/A
AIRR,$15.81,1440522693545,"4,563",100% bearish,of 1 rating,N/A
QINC,$19.96,1440522693690,704,Not yet rated,NULL,N/A
FKO,$22,1440522693797,"1,130",Not yet rated,NULL,N/A
FTSL,$48.613,1440522693848,"79,942",100% bearish,of 1 rating,N/A
FSZ,$39.1,1440522693979,"40,821",Not yet rated,NULL,N/A
FTW,$29.95,1440522694135,"1,800",Not yet rated,NULL,N/A
FDIV,$47.25,1440522694166,"3,060",100% bearish,of 1 rating,N/A
FUNC,$8.19,1440522694193,900,Not yet rated,NULL,N/A
TUSA,NULL,1440522694269,0,Not yet rated,NULL,N/A
SVVC,$9.47,1440522694323,"9,355",50% bullish,of 2 ratings,$26
FKU,$41.49,1440522694348,"16,576",Not yet rated,NULL,N/A
FSV,$31.32,1440522694417,"8,456",Not yet rated,NULL,$33.60
FMER,$17.41,1440522694480,"690,685",50% bullish,of 2 ratings,$20
FISV,$82.75,1440522694561,"460,925",100% bearish,of 3 ratings,$90
FIVN,$4.24,1440522694816,"52,997",100% bullish,of 1 rating,$8.50
FIVE,$36.02,1440522694844,"217,087",75% bearish,of 4 ratings,$44
FPRX,$18.8698,1440522694873,"131,084",50% bullish,of 2 ratings,$35
FLKS,$13.44,1440522694903,"18,396",50% bullish,of 2 ratings,$27
FLML,$21.39,1440522695012,"66,033",50% bullish,of 2 ratings,$30
FLXN,$23.41,1440522695039,"22,940",100% bearish,of 1 rating,$40
SKOR,NULL,1440522695063,0,Not yet rated,NULL,N/A
MBSD,$24.96,1440522695118,800,Not yet rated,NULL,N/A
FLXS,$31.87,1440522695294,"12,968",100% bearish,of 2 ratings,N/A
FLEX,$10.28,1440522695448,"1,276,644",63% bullish,of 8 ratings,$12
FLIR,$27.82,1440522695474,"341,213",100% bearish,of 1 rating,$38.50
FFIC,$19.71,1440522695538,"29,798",Not yet rated,NULL,$21
FLDM,$12.09,1440522695620,"111,257",67% bearish,of 3 ratings,$21.50
FOMX,$9.775,1440522695720,"48,686",50% bullish,of 2 ratings,$23.50
FOGO,$17.95,1440522695747,"90,326",50% bullish,of 2 ratings,$25.50
FONR,$9.2,1440522695921,"10,246",100% bullish,of 1 rating,N/A
FORTY,$31.46,1440522696066,150,100% bearish,of 1 rating,N/A
FTNT,$42.46,1440522696196,"525,786",80% bullish,of 10 ratings,$52
FORR,$32.03,1440522696268,"7,773",Not yet rated,NULL,N/A
FWRD,$45.2,1440522696362,"78,913",100% bearish,of 1 rating,$50
FORD,$1.6401,1440522696445,"4,189,643",50% bullish,of 2 ratings,N/A
FES,$0.9001,1440522696506,"6,179",50% bullish,of 2 ratings,$1
FWP,$25.93,1440522696642,"20,534",100% bearish,of 1 rating,$45
FORM,$6.14,1440522696675,"118,317",67% bullish,of 3 ratings,$10.50
FOSL,$59.37,1440522696870,"422,014",50% bullish,of 4 ratings,$80
FBIO,$2.58,1440522696903,"119,178",83% bullish,of 6 ratings,N/A
FXCB,$17.06,1440522696931,"3,413",Not yet rated,NULL,$19
FMI,$20.51,1440522696952,"78,191",100% bearish,of 2 ratings,$27.50
FOXF,$15.47,1440522697008,"41,435",100% bearish,of 1 rating,$19
FELE,$28.23,1440522697116,"39,379",50% bullish,of 4 ratings,$33
FRAN,$10.47,1440522697182,"176,080",50% bullish,of 4 ratings,$15
RAIL,$19.38,1440522697431,"50,851",100% bearish,of 1 rating,$24.50
FREE,$0.3671,1440522697458,"339,230",92% bullish,of 12 ratings,N/A
FEIM,$10.81,1440522697479,"1,007",100% bearish,of 1 rating,N/A
FRED,$13.3,1440522697511,"37,768",50% bullish,of 2 ratings,$16.50
FRPT,$13.28,1440522697605,"216,853",67% bearish,of 3 ratings,$23.50
FTR,$5.015,1440522697680,"6,450,303",78% bullish,of 27 ratings,$6.25
FTRPR,$100.7,1440522697707,"112,754",100% bearish,of 1 rating,N/A
FSBW,$22.71,1440522697898,260,Not yet rated,NULL,N/A
FTEK,$2.08,1440522697973,"28,872",75% bullish,of 4 ratings,N/A
FRPH,$30.2,1440522697999,"1,535",100% bearish,of 1 rating,N/A
FTD,$29.03,1440522698020,"29,014",100% bearish,of 1 rating,$40
FSYS,$6.14,1440522698261,"13,102",67% bullish,of 3 ratings,$10
FCEL,$0.7275,1440522698345,"1,000,328",88% bullish,of 40 ratings,$2.65
FULL,$3.0999,1440522698418,"23,639",67% bearish,of 3 ratings,$4.25
FULLL,$25,1440522698443,"4,500",Not yet rated,NULL,N/A
FLL,$1.46,1440522698507,"2,379",75% bullish,of 4 ratings,$3.50
FSNN,$2.373,1440522698575,"5,800",67% bullish,of 3 ratings,$6
FXEN,$0.793,1440522698766,"48,670",75% bullish,of 4 ratings,$1.10
FULT,$11.97,1440522698865,"337,603",100% bearish,of 1 rating,$13
WILC,NULL,1440522698898,0,100% bullish,of 2 ratings,N/A
FXENP,$16.2,1440522698919,800,100% bearish,of 1 rating,N/A
GK,$67.72,1440522699006,"25,696",Not yet rated,NULL,$78
GLPG,$64.27,1440522699158,"12,687",100% bullish,of 1 rating,$75
FFHL,NULL,1440522699183,0,50% bullish,of 4 ratings,N/A
GALT,$1.86,1440522699256,"49,568",80% bullish,of 5 ratings,N/A
GAIA,$6.01,1440522699281,"6,794",50% bullish,of 2 ratings,$8.50
GALTU,NULL,1440522699343,0,100% bearish,of 1 rating,N/A
GALTW,NULL,1440522699474,0,100% bullish,of 1 rating,N/A
GLPI,$31.44,1440522699619,"152,646",100% bearish,of 1 rating,$37.50
GPIC,$9.81,1440522699748,"1,700",100% bearish,of 1 rating,N/A
GALE,$1.6032,1440522699787,"922,801",89% bullish,of 47 ratings,$4
GGACR,NULL,1440522699819,0,100% bullish,of 1 rating,N/A
GGAC,NULL,1440522699847,0,100% bearish,of 1 rating,N/A
GRMN,$38.06,1440522699886,"480,288",50% bullish,of 6 ratings,$48
GLMD,$8.03,1440522699979,"11,740",67% bullish,of 3 ratings,$20.50
GGACU,NULL,1440522700015,0,Not yet rated,NULL,N/A
GGACW,$0.1068,1440522700055,"2,100",Not yet rated,NULL,N/A
GARS,$14.14,1440522700290,"21,463",Not yet rated,NULL,$16
GENC,$9.3189,1440522700423,"1,700",100% bearish,of 1 rating,N/A
GFNCP,$89.01,1440522700451,204,Not yet rated,NULL,N/A
GFN,$3.16,1440522700472,"37,617",100% bearish,of 2 ratings,$8
GNCMA,$16.345,1440522700505,"67,814",100% bearish,of 1 rating,$12
GENE,$2.15,1440522700614,"54,042",100% bullish,of 12 ratings,N/A
GFNSL,$26.1899,1440522700640,"2,350",Not yet rated,NULL,N/A
GNCA,$12.66,1440522700666,"45,212",100% bearish,of 1 rating,$20
GNMK,$9.38,1440522700695,"70,837",67% bullish,of 6 ratings,$14
GHDX,$24.43,1440522701070,"39,879",50% bullish,of 2 ratings,$30
GNTX,$15.16,1440522701155,"734,236",Not yet rated,NULL,$20
THRM,$43.5,1440522701335,"72,300",75% bearish,of 4 ratings,$55.50
GNVC,$2.27,1440522701361,"34,479",90% bullish,of 10 ratings,$8.50
GTWN,$18.51,1440522701405,"1,635",Not yet rated,NULL,N/A
GEVO,$2.4601,1440522701492,"581,888",75% bullish,of 12 ratings,$5
GABC,$29.05,1440522701535,"10,373",Not yet rated,NULL,$31.50
ROCK,$16.54,1440522701599,"42,668",80% bullish,of 5 ratings,$24
GEOS,$14.75,1440522701624,"62,326",100% bearish,of 3 ratings,$21
GERN,$3.07,1440522701665,"716,615",88% bullish,of 16 ratings,$5.25
GIGM,$0.5704,1440522701817,"58,901",100% bullish,of 2 ratings,N/A
GILT,$4.2868,1440522701899,"11,313",50% bullish,of 2 ratings,N/A
GIII,$65.36,1440522701972,"78,620",67% bullish,of 3 ratings,$75
GIGA,$1.51,1440522702210,"201,174",100% bearish,of 1 rating,N/A
GBCI,$25.05,1440522702242,"89,581",50% bullish,of 2 ratings,$31
GILD,$106.791,1440522702340,"5,626,817",91% bullish,of 87 ratings,$129
GLAD,$8.119,1440522702435,"61,802",50% bullish,of 2 ratings,$8.75
GOODN,$25.3001,1440522702465,900,Not yet rated,NULL,N/A
GOODO,$25.2601,1440522702572,500,Not yet rated,NULL,N/A
GLADO,$25.4755,1440522702597,851,Not yet rated,NULL,N/A
GOOD,$14.36,1440522702624,"72,658",Not yet rated,NULL,$19
GAINO,$25.44,1440522702817,"1,103",Not yet rated,NULL,N/A
GAIN,$7.43,1440522702908,"126,631",100% bullish,of 2 ratings,$8.25
GAINP,$25.831,1440522702940,"3,064",Not yet rated,NULL,N/A
GAINN,$25.3905,1440522702963,"59,797",Not yet rated,NULL,N/A
GOODP,$25.1161,1440522702993,200,Not yet rated,NULL,N/A
LAND,$9.2399,1440522703038,"17,090",50% bullish,of 2 ratings,$13.75
GBT,$45,1440522703186,"55,369",100% bearish,of 1 rating,N/A
GLBZ,NULL,1440522703214,0,Not yet rated,NULL,N/A
ENT,$11.13,1440522703434,"116,699",100% bearish,of 1 rating,$18
GBLI,$26.57,1440522703661,"6,120",Not yet rated,NULL,N/A
ACTX,$12.75,1440522703735,2,100% bullish,of 1 rating,N/A
SOCL,$17.1499,1440522703904,"45,854",100% bullish,of 2 ratings,N/A
SRET,$13.2499,1440522704110,"1,483",Not yet rated,NULL,N/A
YLCO,$11.4316,1440522704489,510,Not yet rated,NULL,N/A
GSM,$12.45,1440522704659,"91,627",50% bullish,of 2 ratings,$23
GBIM,$2.187,1440522705091,"1,784",50% bullish,of 2 ratings,N/A
GLBS,$1.08,1440522705319,54,67% bullish,of 3 ratings,N/A
GAI,$5.81,1440522705762,"3,345",50% bullish,of 2 ratings,N/A
CLUB,$2.43,1440522757652,"28,844",100% bearish,of 1 rating,$4.25
UMBF,$48.58,1440522758244,"28,443",100% bearish,of 1 rating,$57.50
ZIOP,$8.45,1440522760340,"1,737,407",50% bullish,of 6 ratings,$10
GSOL,$8.23,1440522823794,"16,575",100% bearish,of 1 rating,N/A
