Symbol,Price,Date,Volume,Rating,RatingVoteCount,OneYearEstimate
TFSCR,NULL,1440861302522,0,Not yet rated,NULL,N/A
TFSCW,$0.21,1440861302546,"1,300",100% bearish,of 1 rating,N/A
PIH,$7.54,1440861302599,"9,402",100% bearish,of 1 rating,N/A
TFSC,NULL,1440861302625,0,100% bearish,of 1 rating,N/A
SRCE,$29.44,1440861302646,"29,029",100% bullish,of 3 ratings,$33
FLWS,$8.91,1440861302679,"687,314",80% bullish,of 5 ratings,$15
TFSCU,NULL,1440861302778,0,Not yet rated,NULL,N/A
FCTY,$7.96,1440861302819,"3,400",100% bullish,of 1 rating,$8.50
FCCY,$11.54,1440861302949,933,100% bullish,of 1 rating,$13
TWOU,$34.99,1440861302983,"129,143",50% bullish,of 2 ratings,$39
VNET,$18.05,1440861303004,"541,289",60% bullish,of 5 ratings,$35
DGLD,$81.1,1440861303026,"16,958",100% bullish,of 1 rating,N/A
DSLV,$69.51,1440861303077,"9,311",100% bearish,of 1 rating,N/A
UGLD,$9.31,1440861303160,"340,880",100% bearish,of 1 rating,N/A
USLV,$12.45,1440861303329,"242,677",86% bullish,of 7 ratings,N/A
JOBS,$27.019,1440861303406,"69,549",50% bullish,of 4 ratings,$36
SIXD,$2.72,1440861303503,"111,232",Not yet rated,NULL,N/A
AVHI,$13.96,1440861303542,"12,911",100% bearish,of 1 rating,$19
EGHT,$7.84,1440861303562,"384,316",82% bullish,of 17 ratings,$11
ABY,$23.04,1440861303641,"423,555",100% bearish,of 2 ratings,$46
CAFD,$15.0196,1440861303695,"242,552",Not yet rated,NULL,$25
SHLM,$34.06,1440861303715,"65,672",100% bearish,of 1 rating,$47
ABAX,$47.89,1440861303798,"108,826",100% bearish,of 1 rating,$60
ABGB,$5.71,1440861303850,"37,255",67% bullish,of 3 ratings,$5.50
AAON,$20.51,1440861303890,"107,410",100% bearish,of 1 rating,$24
ABEO,$4.82,1440861303914,"47,964",50% bullish,of 4 ratings,$15.50
ABMD,$98.23,1440861303944,"317,770",75% bullish,of 4 ratings,$100.50
ABEOW,$1.83,1440861303978,"2,361",100% bullish,of 1 rating,N/A
AXAS,$1.92,1440861304004,"949,481",78% bullish,of 9 ratings,$3.50
ACTG,$9.43,1440861304258,"194,247",67% bullish,of 3 ratings,$18.50
ANCX,$20.01,1440861304398,"20,165",Not yet rated,NULL,$20
XLRN,$29.71,1440861304427,"89,309",50% bullish,of 2 ratings,$57
ACAD,$38.17,1440861304469,"436,567",80% bullish,of 20 ratings,$48
ACST,$0.3694,1440861304530,"9,260",100% bullish,of 2 ratings,N/A
ACHC,$74.2503,1440861304556,"344,347",50% bullish,of 2 ratings,$92
AXDX,$19.1,1440861304584,"112,407",100% bearish,of 1 rating,N/A
ARAY,$6.77,1440861304613,"691,224",100% bearish,of 1 rating,$10.50
VXUP,$1.6,1440861304712,"49,457",100% bearish,of 1 rating,N/A
ACET,$22.76,1440861304740,"83,357",75% bullish,of 4 ratings,$30
ACRX,$4.24,1440861304769,"310,833",67% bearish,of 6 ratings,$5.50
AKAO,$6.99,1440861304903,"38,455",75% bullish,of 4 ratings,$15
ACIW,$21.38,1440861304932,"288,136",67% bearish,of 3 ratings,$24
ACHN,$7.76,1440861305033,"1,462,742",90% bullish,of 21 ratings,$16
ACNB,$19.85,1440861305059,"4,210",Not yet rated,NULL,N/A
VXDN,$1.96,1440861305084,"24,710",100% bearish,of 1 rating,N/A
ACTS,$1.6,1440861305302,"49,648",100% bearish,of 1 rating,N/A
ATVI,$29.28,1440861305333,"135,594,206",68% bullish,of 84 ratings,$31.50
ACPW,$1.81,1440861305354,"38,604",100% bullish,of 4 ratings,$3.50
ACTA,$14.02,1440861305375,"90,621",67% bearish,of 3 ratings,$25
ACOR,$32.73,1440861305414,"557,265",67% bearish,of 3 ratings,$38.50
ACUR,$2.83,1440861305435,"48,939",100% bullish,of 5 ratings,$1
ADMS,$20.61,1440861305521,"60,583",100% bearish,of 2 ratings,$36
ACXM,$21.15,1440861305605,"258,695",67% bullish,of 3 ratings,N/A
ADMP,$3.69,1440861305687,"11,630",50% bullish,of 2 ratings,$10
ADUS,$28.71,1440861305716,"18,242",100% bearish,of 1 rating,$31
ADEP,$6.87,1440861305793,"20,312",50% bullish,of 2 ratings,$10.75
AEY,$2.3,1440861305850,"7,434",100% bearish,of 2 ratings,N/A
ADAP,$11.66,1440861305881,"84,789",67% bullish,of 3 ratings,$22
ADMA,$9.37,1440861305985,"14,766",Not yet rated,NULL,$19
ADBE,$79.4,1440861306010,"2,177,794",65% bullish,of 17 ratings,$90
ADTN,$15.7,1440861306039,"386,714",67% bullish,of 3 ratings,$17.125
ADRO,$20.61,1440861306140,"147,897",80% bullish,of 5 ratings,$45.50
AEIS,$24.42,1440861306171,"174,991",50% bullish,of 2 ratings,$32.50
ADXS,$14.69,1440861306277,"468,415",64% bullish,of 14 ratings,$27
AMD,$1.85,1440861306309,"6,623,181",83% bullish,of 103 ratings,$2
ADXSW,$10.47,1440861306333,"1,850",100% bullish,of 1 rating,N/A
YPRO,$22.79,1440861306382,"3,532",100% bearish,of 1 rating,N/A
MULT,NULL,1440861306412,0,100% bearish,of 1 rating,N/A
AEGR,$17.66,1440861306512,"331,111",50% bullish,of 6 ratings,$26
AEGN,$18.28,1440861306668,"94,812",100% bearish,of 2 ratings,$21
AMTX,$3.11,1440861306692,"28,001",50% bullish,of 2 ratings,$26.11
AEHR,$2.27,1440861306717,"2,346",50% bullish,of 2 ratings,N/A
AERI,$16.49,1440861306750,"376,040",75% bullish,of 4 ratings,$31.50
AEPI,$53.89,1440861306847,"11,740",100% bearish,of 1 rating,N/A
AEMD,$6.95,1440861306922,"91,259",Not yet rated,NULL,$27.50
AEZS,$0.088,1440861306952,"10,110,751",90% bullish,of 21 ratings,$1.50
AVAV,$24,1440861307010,"75,229",50% bullish,of 4 ratings,$31
AGEN,$7.26,1440861307054,"602,072",85% bullish,of 13 ratings,$14
AFMD,$10.43,1440861307100,"107,629",50% bullish,of 4 ratings,$15
AFFX,$9.48,1440861307125,"279,489",80% bullish,of 5 ratings,$12.50
AGRX,$9.16,1440861307195,"22,184",100% bearish,of 1 rating,$17.50
AGYS,$10.21,1440861307255,"23,032",100% bearish,of 1 rating,N/A
AGFS,$10.1318,1440861307352,"137,593",100% bearish,of 1 rating,N/A
AGIO,$90.62,1440861307382,"186,340",88% bullish,of 8 ratings,$114
AGFSW,$1.95,1440861307411,"8,300",100% bearish,of 2 ratings,N/A
AIMT,$21.11,1440861307543,"136,933",Not yet rated,NULL,N/A
AIRT,$22.16,1440861307574,376,100% bullish,of 1 rating,N/A
AIRM,$37.86,1440861307614,"199,407",80% bearish,of 5 ratings,$53
AIXG,$6.38,1440861307710,"27,231",67% bearish,of 3 ratings,$5.25
ATSG,$8.95,1440861307738,"126,980",67% bullish,of 3 ratings,$13
AMCN,$4.59,1440861307766,"108,503",83% bullish,of 6 ratings,N/A
AKAM,$71.9,1440861307787,"1,710,795",63% bullish,of 8 ratings,$77
AKBA,$7,1440861307925,"105,064",100% bearish,of 1 rating,$18
AKER,$2.48,1440861307984,"28,755",Not yet rated,NULL,N/A
ALRM,$16.8,1440861308050,"126,608",100% bearish,of 1 rating,$22
AMRI,$20.6,1440861308076,"158,563",75% bearish,of 4 ratings,$24
ALSK,$2.15,1440861308097,"235,932",78% bullish,of 18 ratings,$2
AKRX,$41.03,1440861308131,"401,819",78% bullish,of 9 ratings,$56
ABDC,$12.83,1440861308232,"24,564",Not yet rated,NULL,$15
ADHD,$7.94,1440861308290,"131,054",50% bullish,of 4 ratings,$18
ALDX,$7.06,1440861308383,"18,445",100% bearish,of 1 rating,$14.50
ALXN,$178.86,1440861308416,"1,012,132",88% bullish,of 8 ratings,$223
ALDR,$38.61,1440861308509,"186,540",67% bearish,of 3 ratings,$62
ALGN,$57.27,1440861308545,"244,131",100% bearish,of 2 ratings,$73
ALXA,$1.13,1440861308574,"13,227",83% bullish,of 6 ratings,$2.125
ALCO,$42.25,1440861308731,"5,313",50% bullish,of 2 ratings,N/A
ALIM,$3.44,1440861308761,"27,203",80% bullish,of 5 ratings,$10
ALLB,$22.72,1440861308783,797,Not yet rated,NULL,N/A
ALGT,$208.41,1440861308818,"150,284",100% bearish,of 2 ratings,$235
ALKS,$62.0942,1440861308863,"542,032",67% bullish,of 3 ratings,$75
AFOP,$19.05,1440861308911,"104,154",75% bullish,of 8 ratings,$21
AHGP,$36.41,1440861309038,"89,083",67% bullish,of 3 ratings,N/A
ARLP,$25.32,1440861309094,"280,083",67% bearish,of 3 ratings,$32
AIQ,$14.35,1440861309122,"6,903",67% bullish,of 3 ratings,N/A
AHPI,$1.44,1440861309157,"1,714",50% bullish,of 2 ratings,N/A
AMOT,$18.85,1440861309178,"86,927",100% bearish,of 1 rating,N/A
ALLT,$5.42,1440861309251,"187,497",75% bullish,of 4 ratings,$6.25
ALQA,$4.4,1440861309306,"19,390",75% bullish,of 4 ratings,$8.50
MDRX,$13.8,1440861309438,"810,640",60% bullish,of 5 ratings,$16
AFAM,$45.43,1440861309465,"41,778",50% bullish,of 2 ratings,$44
ALNY,$109.1,1440861309486,"357,082",67% bullish,of 3 ratings,$148.50
ATEC,$0.54,1440861309621,"81,514",100% bullish,of 1 rating,$2
AOSL,$7.31,1440861309650,"49,947",67% bullish,of 3 ratings,$9
ALTR,$48.61,1440861309752,"1,182,479",80% bearish,of 5 ratings,$54
ASPS,$25.48,1440861309777,"184,857",67% bullish,of 3 ratings,$46.50
SMCP,NULL,1440861309811,0,Not yet rated,NULL,N/A
AMAG,$65.85,1440861309845,"315,677",100% bullish,of 2 ratings,$77.50
AIMC,$24.94,1440861309912,"71,616",100% bearish,of 2 ratings,$28.50
AMRN,$2.23,1440861309941,"1,409,147",85% bullish,of 39 ratings,$8
AMRK,$10.28,1440861309969,"2,016",50% bullish,of 2 ratings,$14
AYA,$20.7,1440861310099,"10,578",100% bearish,of 1 rating,$40
AMZN,$519.59,1440861310128,"1,553,310",81% bullish,of 264 ratings,$646
AMBCW,$7.65,1440861310232,"1,012",100% bearish,of 1 rating,N/A
AMBA,$96.15,1440861310363,"1,960,685",83% bullish,of 12 ratings,$102.50
AMCX,$73.6,1440861310392,"349,491",67% bullish,of 3 ratings,$87.50
AMBC,$15.61,1440861310419,"222,561",100% bearish,of 1 rating,$16.50
EPAX,$2.69,1440861310440,"86,785",100% bearish,of 1 rating,N/A
DOX,$57.75,1440861310567,"257,565",67% bearish,of 3 ratings,$60
ASBI,$22.64,1440861310603,"1,069",Not yet rated,NULL,N/A
AMDA,$0.4798,1440861310624,"643,528",90% bullish,of 10 ratings,$1
AMED,$39.09,1440861310645,"188,323",100% bearish,of 1 rating,$42
UHAL,$375.77,1440861310697,"28,990",100% bullish,of 2 ratings,$393.50
ATAX,$5.27,1440861310786,"73,836",100% bullish,of 1 rating,$6.50
AGNC,$19.36,1440861310889,"1,941,092",71% bullish,of 28 ratings,$22
AAL,$38.6,1440861310915,"7,110,829",93% bullish,of 88 ratings,$57
AMOV,$18.46,1440861310982,"2,614",100% bearish,of 1 rating,N/A
AGNCB,$24.29,1440861311046,"19,098",Not yet rated,NULL,N/A
AGNCP,$25.34,1440861311075,"6,144",Not yet rated,NULL,N/A
ACSF,$12.38,1440861311181,"29,182",100% bearish,of 1 rating,$15
MTGEP,$24.5,1440861311222,583,Not yet rated,NULL,N/A
ANCI,$1.46,1440861311255,474,100% bearish,of 1 rating,N/A
MTGE,$15.29,1440861311354,"623,994",75% bullish,of 4 ratings,$19.50
ACAS,$13.8357,1440861311375,"897,392",60% bullish,of 5 ratings,$16.75
AMNB,$23.29,1440861311410,"4,556",Not yet rated,NULL,$25.50
AETI,$3.75,1440861311456,881,67% bearish,of 3 ratings,N/A
ANAT,$100.8502,1440861311505,"25,880",100% bullish,of 1 rating,N/A
AMIC,NULL,1440861311536,0,Not yet rated,NULL,N/A
APEI,$22.36,1440861311667,"59,822",100% bearish,of 1 rating,$25.50
ARII,$40.76,1440861311700,"146,168",67% bearish,of 3 ratings,$45
AMRB,$10.05,1440861311765,"2,153",Not yet rated,NULL,$11
AMSWA,$9.06,1440861311864,"131,254",100% bearish,of 2 ratings,$10.75
ASEI,$39.03,1440861311891,"21,414",100% bearish,of 1 rating,$52.50
AMSC,$4.67,1440861311952,"80,461",50% bullish,of 4 ratings,N/A
ABCB,$26.8,1440861312020,"86,002",Not yet rated,NULL,$31
AMSF,$46.91,1440861312047,"49,852",Not yet rated,NULL,$57.50
AMWD,$66.55,1440861312068,"77,289",50% bullish,of 2 ratings,$70
CRMT,$35.97,1440861312112,"40,468",100% bearish,of 1 rating,$39
ASRV,$3.22,1440861312200,"12,469",100% bullish,of 2 ratings,N/A
AMGN,$155.95,1440861312346,"3,400,173",89% bullish,of 19 ratings,$185
ATLO,$23.59,1440861312381,"4,506",Not yet rated,NULL,N/A
ASRVP,NULL,1440861312407,0,Not yet rated,NULL,N/A
FOLD,$14.87,1440861312476,"612,656",56% bullish,of 9 ratings,$21
AMKR,$5.07,1440861312505,"1,277,833",100% bearish,of 2 ratings,$5
AMPH,$13.39,1440861312605,"106,975",50% bullish,of 2 ratings,$20
AMSG,$80.06,1440861312655,"252,052",100% bearish,of 1 rating,$85.50
AMSGP,$149.3,1440861312694,"33,058",Not yet rated,NULL,N/A
ASYS,$5.39,1440861312731,"36,672",67% bullish,of 3 ratings,$12
ANAC,$135.45,1440861312825,"264,448",80% bullish,of 5 ratings,$180.50
AFSI,$58.4717,1440861312864,"168,515",60% bullish,of 5 ratings,$72
AMRS,$1.69,1440861312890,"51,285",70% bullish,of 10 ratings,N/A
ADI,$56.45,1440861312961,"2,245,427",67% bullish,of 3 ratings,$69
ANAD,$0.33,1440861312989,"133,227",100% bullish,of 2 ratings,$.50
ALOG,$80.27,1440861313063,"65,588",100% bearish,of 2 ratings,$100.50
ANCB,$21.98,1440861313122,"29,500",Not yet rated,NULL,$23
ABCW,$40.28,1440861313285,"7,717",67% bullish,of 3 ratings,N/A
ANGI,$5.21,1440861313320,"319,439",64% bullish,of 11 ratings,$5.50
AMCF,$0.22,1440861313341,"1,426",100% bullish,of 7 ratings,N/A
ANGO,$14.67,1440861313420,"69,486",67% bullish,of 3 ratings,$19
ANIK,$35.94,1440861313453,"100,275",60% bullish,of 5 ratings,$51.25
ATRS,$1.79,1440861313491,"332,285",92% bullish,of 12 ratings,$4.50
ANIP,$52,1440861313554,"129,189",89% bullish,of 19 ratings,$66
ANSS,$89.74,1440861313625,"244,251",100% bearish,of 1 rating,$100
ANTH,$7.41,1440861313653,"469,427",80% bullish,of 10 ratings,$13
ATNY,$2.26,1440861313790,"4,237",50% bullish,of 2 ratings,$3.75
APIC,$6.91,1440861313821,"86,505",100% bearish,of 1 rating,$19
ABAC,$0.75,1440861313851,"11,927",100% bearish,of 1 rating,N/A
APOG,$50.82,1440861313894,"111,095",50% bullish,of 2 ratings,$67
APOL,$11.47,1440861313952,"654,267",87% bearish,of 68 ratings,$14
AINV,$6.6,1440861314050,"696,100",50% bullish,of 4 ratings,$8
AAPL,$113.37,1440861314152,"32,540,481",86% bullish,of 2353 ratings,$150
APPF,$16.3,1440861314227,"22,796",50% bullish,of 2 ratings,$22
APDNW,$1.27,1440861314255,"2,254",Not yet rated,NULL,N/A
AGTC,$16.69,1440861314283,"40,739",50% bullish,of 2 ratings,$33
ARCI,NULL,1440861314314,0,Not yet rated,NULL,N/A
APDN,$3.46,1440861314388,"72,814",Not yet rated,NULL,$9
AMCC,$5.77,1440861314419,"326,270",80% bullish,of 5 ratings,$8
AMAT,$15.9916,1440861314444,"7,111,784",82% bullish,of 11 ratings,$23
AAOI,$21.11,1440861314574,"169,287",50% bullish,of 4 ratings,$26
AREX,$2.17,1440861314602,"985,162",100% bearish,of 1 rating,$3
APRI,$1.33,1440861314635,"381,591",83% bullish,of 6 ratings,$4.86
AQMS,$5.2,1440861314729,"53,706",Not yet rated,NULL,N/A
APTO,$5.28,1440861314754,"32,201",Not yet rated,NULL,$17
AQXP,$16.76,1440861314828,"147,931",50% bullish,of 2 ratings,$2
AUMAU,NULL,1440861314959,0,Not yet rated,NULL,N/A
AUMA,$9.89,1440861314990,230,Not yet rated,NULL,N/A
PETX,$17.64,1440861315037,"156,925",100% bearish,of 2 ratings,$26
AUMAW,NULL,1440861315090,0,Not yet rated,NULL,N/A
ABIO,$0.89,1440861315222,"57,096",50% bullish,of 2 ratings,$3.75
ARDM,NULL,1440861315249,0,100% bullish,of 1 rating,$26
ARCW,$3.63,1440861315312,"4,066",100% bearish,of 2 ratings,$10.50
ABUS,$7.36,1440861315341,"240,604",86% bullish,of 14 ratings,$23
ARCB,$29.04,1440861315380,"134,492",67% bearish,of 3 ratings,$39.50
RKDA,$6.36,1440861315405,"9,839",100% bearish,of 2 ratings,$10
ACGL,$68.1836,1440861315438,"313,921",50% bullish,of 2 ratings,$72
ACAT,$26.55,1440861315536,"114,131",100% bearish,of 3 ratings,$33
ARDX,$18.75,1440861315565,"63,461",50% bullish,of 2 ratings,$24.50
ARNA,$2.71,1440861315841,"2,247,385",90% bullish,of 78 ratings,$5.50
AGII,$54.77,1440861315900,"101,334",Not yet rated,NULL,$59.50
AGIIL,$25.36,1440861315976,"11,027",Not yet rated,NULL,N/A
ARCC,$15.6189,1440861316028,"1,375,235",67% bearish,of 3 ratings,$17.875
ARKR,$24.54,1440861316115,604,50% bullish,of 2 ratings,N/A
ARGS,$6.16,1440861316140,"18,498",50% bullish,of 2 ratings,$19.50
ARIA,$9.65,1440861316170,"22,314,095",87% bullish,of 46 ratings,$9
ARMH,$42.62,1440861316199,"865,391",54% bearish,of 13 ratings,$60
ARWA,NULL,1440861316223,0,Not yet rated,NULL,N/A
ARIS,$3.54,1440861316277,"40,749",Not yet rated,NULL,$4.50
ARTX,$1.45,1440861316410,"63,093",88% bullish,of 16 ratings,$4.50
ARWAU,NULL,1440861316451,0,100% bullish,of 1 rating,N/A
ARWAR,NULL,1440861316476,0,Not yet rated,NULL,N/A
ARRY,$5.94,1440861316501,"718,947",100% bullish,of 7 ratings,$10
ARWAW,NULL,1440861316531,0,Not yet rated,NULL,N/A
ARQL,$1.76,1440861316556,"76,309",75% bullish,of 4 ratings,$5
ARRS,$26.82,1440861316807,"723,865",50% bullish,of 2 ratings,$38
DWAT,$9.98,1440861316835,"2,550",100% bearish,of 1 rating,N/A
AROW,$27.26,1440861316861,"13,804",Not yet rated,NULL,N/A
ARTNA,$22.24,1440861316886,"8,516",100% bearish,of 1 rating,$29
ARTW,$4.27,1440861317015,"1,665",75% bearish,of 4 ratings,N/A
ASNA,$12,1440861317055,"3,325,555",50% bullish,of 2 ratings,$18
ASCMA,$27.4,1440861317083,"54,550",100% bearish,of 1 rating,$45
ASND,$19.17,1440861317114,"58,087",50% bullish,of 2 ratings,$30
ASMI,NULL,1440861317155,0,NULL,NULL,NULL
ARWR,$5.77,1440861317176,"437,585",75% bullish,of 4 ratings,$10.50
ASBB,$24.2,1440861317260,191,Not yet rated,NULL,N/A
APWC,$1.91,1440861317310,"1,704",100% bearish,of 1 rating,N/A
ASTI,$0.1027,1440861317363,"1,274,925",83% bullish,of 6 ratings,$3
ASML,$91.98,1440861317443,"376,653",50% bullish,of 4 ratings,$127
ASMB,$13.33,1440861317506,"40,085",67% bullish,of 3 ratings,N/A
AZPN,$37.9,1440861317587,"471,280",50% bullish,of 2 ratings,$42
ASFI,$8.9,1440861317657,"6,440",100% bullish,of 1 rating,N/A
ASTE,$37.12,1440861317723,"59,288",100% bearish,of 1 rating,$48
ALOT,$13.97,1440861317749,"5,000",100% bearish,of 1 rating,N/A
ATAI,$2.53,1440861317829,"5,759",100% bearish,of 1 rating,N/A
ASTC,$2.07,1440861317902,"13,827",100% bullish,of 5 ratings,N/A
ASUR,$5.97,1440861317935,"1,342",50% bullish,of 2 ratings,$8
ATRA,$40.22,1440861317966,"86,077",50% bullish,of 2 ratings,$68
ATRO,$52.84,1440861318034,"104,448",100% bearish,of 2 ratings,$80
ATHN,$134.56,1440861318060,"144,558",67% bearish,of 3 ratings,$153
AFCB,$26.58,1440861318115,43,Not yet rated,NULL,N/A
AAPC,$10.1,1440861318279,524,Not yet rated,NULL,N/A
AAME,$3.51,1440861318306,"1,614",Not yet rated,NULL,N/A
ATHX,$1.15,1440861318337,"150,153",89% bullish,of 9 ratings,$5
ACFC,$5.59,1440861318363,"23,302",100% bearish,of 1 rating,$6.50
ATNI,$71.89,1440861318388,"30,836",100% bearish,of 1 rating,$69.50
ATLC,$3.82,1440861318437,"1,000",67% bullish,of 3 ratings,N/A
AFH,$16.25,1440861318585,"45,444",Not yet rated,NULL,$21.50
ATOS,$0.76,1440861318659,"146,526",100% bullish,of 7 ratings,$7
AAWW,$41.57,1440861318687,"344,090",50% bullish,of 2 ratings,$65
ATML,$8.21,1440861318734,"5,323,862",78% bullish,of 9 ratings,$9.50
ATRI,$390.57,1440861318764,"1,710",Not yet rated,NULL,N/A
ATRM,$2.83,1440861318785,"5,169",50% bullish,of 2 ratings,N/A
ATRC,$25.5,1440861318828,"75,032",100% bullish,of 1 rating,$30
LIFE,$14.79,1440861318970,"59,987",86% bullish,of 7 ratings,$43
ATTU,$13.2582,1440861319046,"43,316",100% bearish,of 1 rating,$20.50
AUPH,$3.03,1440861319100,"48,213",100% bearish,of 1 rating,$8
EARS,$4.86,1440861319125,"61,876",100% bearish,of 2 ratings,$11.50
AUDC,$3.34,1440861319154,"41,046",80% bullish,of 5 ratings,$5
AUBN,$26.68,1440861319180,652,Not yet rated,NULL,N/A
ADAT,$0.2901,1440861319254,"286,619",100% bullish,of 2 ratings,N/A
ADP,$78.41,1440861319414,"1,833,355",100% bearish,of 1 rating,$88
ADSK,$47.52,1440861319481,"7,664,747",67% bullish,of 6 ratings,$69.50
ABTL,$17.48,1440861319510,"56,816",100% bullish,of 4 ratings,$20.25
AVGO,$127.49,1440861319543,"2,365,644",88% bullish,of 8 ratings,$165
AAVL,$10.78,1440861319575,"281,210",100% bearish,of 1 rating,$20
AVEO,$1.42,1440861319606,"525,234",75% bullish,of 8 ratings,$3
AVNW,$1.13,1440861319676,"120,526",50% bullish,of 2 ratings,$2.20
AVNU,$12.35,1440861319703,"4,686",Not yet rated,NULL,$14
CAR,$43.59,1440861319893,"772,875",80% bullish,of 5 ratings,$60
AVID,$8.51,1440861319928,"262,047",100% bearish,of 1 rating,$20
AVGR,$14.96,1440861319972,"28,648",100% bearish,of 1 rating,$20
ACLS,$3.17,1440861320024,"211,572",67% bullish,of 6 ratings,$4.75
AWRE,$3.18,1440861320049,"9,746",67% bullish,of 3 ratings,N/A
AXPW,$1.06,1440861320074,"50,386",83% bullish,of 6 ratings,N/A
AXPWW,NULL,1440861320218,0,Not yet rated,NULL,N/A
AXTI,$2.2,1440861320291,"30,041",50% bullish,of 2 ratings,$2.75
BCOM,$18.86,1440861320320,80,100% bearish,of 1 rating,N/A
AXGN,$4.88,1440861320350,"266,524",Not yet rated,NULL,$5
BOSC,$2.17,1440861320377,"2,700",50% bullish,of 2 ratings,N/A
RILY,NULL,1440861320398,0,Not yet rated,NULL,N/A
BEAV,$49.39,1440861320433,"564,180",67% bearish,of 3 ratings,$59
BIDU,$152.41,1440861320526,"2,202,325",81% bullish,of 88 ratings,$210
BCPC,$58.23,1440861320652,"129,590",100% bearish,of 1 rating,$75
BWINA,NULL,1440861320705,0,Not yet rated,NULL,N/A
BWINB,$23.05,1440861320755,"5,630",Not yet rated,NULL,N/A
BLDP,$1.28,1440861320779,"333,343",91% bullish,of 22 ratings,$2.50
BOCH,$5.75,1440861321005,"7,098",Not yet rated,NULL,$6.50
BANFP,NULL,1440861321037,0,Not yet rated,NULL,N/A
BOTJ,$10.93,1440861321066,51,Not yet rated,NULL,N/A
BKSC,$16.38,1440861321095,"1,895",Not yet rated,NULL,N/A
BMRC,$47.78,1440861321130,"6,078",Not yet rated,NULL,$52
BKMU,$7.2,1440861321155,"106,117",Not yet rated,NULL,$8
OZRK,$41.65,1440861321196,"340,296",67% bullish,of 3 ratings,$49.50
BWFG,$17.89,1440861321224,"86,221",100% bearish,of 1 rating,N/A
BFIN,$11.98,1440861321357,"805,971",Not yet rated,NULL,$13
BANF,$59.87,1440861321383,"10,874",Not yet rated,NULL,$68
BANR,$43.67,1440861321408,"52,487",100% bullish,of 3 ratings,$50
BZUN,$5.29,1440861321548,"324,008",50% bullish,of 2 ratings,$11.50
BHAC,$9.81,1440861321712,400,Not yet rated,NULL,N/A
BSET,$28.97,1440861321748,"65,844",100% bearish,of 1 rating,$35
BHACR,NULL,1440861321780,0,Not yet rated,NULL,N/A
TAPR,$31.36,1440861321808,"1,065",100% bearish,of 1 rating,N/A
BHACW,NULL,1440861321833,0,Not yet rated,NULL,N/A
BBSI,$35.46,1440861321882,"44,948",67% bearish,of 3 ratings,$62.50
BHACU,NULL,1440861321910,0,Not yet rated,NULL,N/A
BYLK,$12.75,1440861322014,"3,944",Not yet rated,NULL,$14
BYBK,$4.88,1440861322096,"12,262",100% bearish,of 1 rating,N/A
BCBP,$11.51,1440861322165,"2,786",Not yet rated,NULL,N/A
BBCN,$14.41,1440861322194,"235,503",100% bearish,of 1 rating,$16
BV,$5.16,1440861322221,"390,911",67% bullish,of 6 ratings,$9
BDCV,$4.92,1440861322298,"8,428",100% bearish,of 1 rating,$10.19
BECN,$35.38,1440861322373,"319,053",50% bullish,of 2 ratings,$40
BSF,$8.56,1440861322430,"14,316",Not yet rated,NULL,N/A
BBBY,$62.32,1440861322536,"1,490,780",71% bullish,of 7 ratings,$75
BBGI,$4.07,1440861322563,514,100% bearish,of 1 rating,N/A
BEBE,$1.35,1440861322588,"2,507,789",75% bullish,of 4 ratings,$3.075
BELFA,$16.95,1440861322641,24,100% bearish,of 1 rating,N/A
BELFB,$17.97,1440861322667,"23,081",100% bearish,of 1 rating,N/A
BLPH,$5.04,1440861322748,"6,129",100% bearish,of 1 rating,$12.50
BNCL,$12.42,1440861322879,"203,255",100% bullish,of 3 ratings,$12.50
BNFT,$36.35,1440861322907,"83,611",67% bullish,of 3 ratings,$46
BLCM,$17.34,1440861322928,"156,508",50% bullish,of 4 ratings,$40
BNTC,$7.9937,1440861323060,"46,904",100% bullish,of 1 rating,N/A
BGMD,$0.7251,1440861323089,"219,421",100% bullish,of 10 ratings,N/A
BGCP,$8.735,1440861323187,"654,941",88% bullish,of 8 ratings,$14
ORPN,$5.97,1440861323215,"20,587",100% bullish,of 1 rating,$28.50
BGFV,$11.1,1440861323243,"86,024",57% bullish,of 7 ratings,$12
BASI,$1.6,1440861323269,"3,810",Not yet rated,NULL,N/A
BIOC,$1.98,1440861323405,"102,773",83% bullish,of 6 ratings,$3.85
BCDA,NULL,1440861323435,0,Not yet rated,NULL,N/A
BIND,$4.45,1440861323455,"49,598",75% bullish,of 4 ratings,$13.50
BCRX,$11.42,1440861323484,"314,110",63% bullish,of 8 ratings,$18
BIIB,$303.69,1440861323619,"1,407,281",88% bullish,of 16 ratings,$400
BDSI,$6.87,1440861323645,"493,039",88% bullish,of 8 ratings,$17
BIOD,$0.6435,1440861323666,"49,279",80% bullish,of 5 ratings,$4
BLFS,$1.98,1440861323827,"21,237",100% bearish,of 1 rating,$4.75
BMRN,$132.0147,1440861323859,"575,644",80% bullish,of 5 ratings,$160
BIOL,$1.43,1440861323910,"19,466",Not yet rated,NULL,N/A
BLRX,$1.53,1440861323955,"208,226",100% bullish,of 12 ratings,$5
BVXV,$3.6325,1440861324043,"2,361",Not yet rated,NULL,N/A
BRLI,NULL,1440861324178,0,NULL,NULL,NULL
BVXVW,$0.7,1440861324211,300,100% bearish,of 1 rating,N/A
BPTH,$1.11,1440861324236,"55,103",100% bullish,of 2 ratings,$5
BIOS,$2.46,1440861324265,"689,760",71% bullish,of 7 ratings,$4
BBC,$31.95,1440861324371,"9,881",Not yet rated,NULL,N/A
BBP,$33.4,1440861324398,"19,508",Not yet rated,NULL,N/A
BSTC,$52.12,1440861324450,"40,800",100% bearish,of 1 rating,$76
BSPM,$0.67,1440861324621,"65,101",50% bullish,of 2 ratings,N/A
BEAT,$14.67,1440861324649,"218,630",67% bearish,of 3 ratings,$15
TECH,$96.5,1440861324669,"280,906",100% bullish,of 1 rating,$117
BOTA,$2.18,1440861324703,"25,205",88% bullish,of 8 ratings,N/A
BITI,$17.095,1440861324729,"19,344",100% bullish,of 1 rating,$28
BDMS,$12.64,1440861324796,84,100% bearish,of 1 rating,N/A
BJRI,$44.26,1440861324901,"170,972",50% bullish,of 2 ratings,$55
BBOX,$15.07,1440861324931,"96,363",100% bearish,of 1 rating,N/A
BDE,$7.5,1440861325007,"75,507",50% bullish,of 2 ratings,$9
BLKB,$57.86,1440861325062,"156,655",100% bearish,of 2 ratings,$66
BBRY,$7.32,1440861325087,"3,500,684",61% bullish,of 330 ratings,$9
HAWK,$40.26,1440861325152,"239,630",91% bullish,of 11 ratings,$49
BKCC,$9.304,1440861325228,"302,275",50% bullish,of 2 ratings,$10
ADRA,$27.5,1440861325286,"2,800",100% bearish,of 1 rating,N/A
ADRD,$22.21,1440861325373,"11,305",100% bearish,of 1 rating,N/A
ADRE,$30.08,1440861325401,"10,155",100% bearish,of 1 rating,N/A
ADRU,$21.9113,1440861325430,"1,280",100% bearish,of 1 rating,N/A
BLBD,$11.96,1440861325531,"9,660",Not yet rated,NULL,N/A
BLMN,$20.51,1440861325576,"1,243,002",83% bullish,of 6 ratings,$27.50
BUFF,$26.31,1440861325708,"184,065",83% bullish,of 12 ratings,$31.50
BCOR,$13.81,1440861325733,"189,735",57% bullish,of 7 ratings,$15
BHBK,$13.84,1440861325759,"32,621",100% bullish,of 1 rating,$14.50
BBLU,$0.78,1440861325784,"112,994",100% bullish,of 2 ratings,$4.43
BLUE,$137.47,1440861325918,"296,264",71% bullish,of 7 ratings,$217.50
NILE,$34.3,1440861325973,"81,168",50% bullish,of 2 ratings,$34
BKEP,$6.34,1440861326071,"19,498",100% bearish,of 1 rating,$8.50
BPMC,$26.84,1440861326599,"69,527",50% bullish,of 2 ratings,$47.50
BOBE,$43.6,1440861326731,"117,836",75% bullish,of 4 ratings,$57
BOFI,$117.62,1440861326785,"213,540",100% bullish,of 6 ratings,$144
BNCN,$20.56,1440861326814,"117,776",Not yet rated,NULL,$24
BKEPP,$7.61,1440861326865,"6,200",100% bearish,of 1 rating,N/A
WIFI,$7.62,1440861326916,"145,572",50% bullish,of 2 ratings,$13.50
BONA,$11.64,1440861326940,"107,333",75% bullish,of 4 ratings,$8.50
BOKF,$62.3925,1440861326999,"164,013",100% bearish,of 1 rating,$69
BOJA,$21.44,1440861327025,"58,055",100% bullish,of 1 rating,$30
BAMM,$3.1,1440861327103,"24,796",60% bullish,of 5 ratings,N/A
BNSO,$1.31,1440861327155,630,100% bearish,of 1 rating,N/A
BPFH,$11.79,1440861327238,"250,539",100% bearish,of 1 rating,$14
BPFHW,$5.15,1440861327272,"3,330",100% bearish,of 1 rating,N/A
EPAY,$26.94,1440861327297,"177,935",100% bearish,of 2 ratings,$30
BPFHP,$24.85,1440861327322,"11,250",100% bearish,of 1 rating,N/A
BDBD,$8.39,1440861327372,"451,957",60% bullish,of 5 ratings,$10
BBRG,$12.72,1440861327648,"69,040",67% bullish,of 3 ratings,$14.50
BCLI,$3.04,1440861327673,"50,501",80% bullish,of 5 ratings,$12
BBEP,$2.94,1440861327707,"2,796,108",69% bullish,of 13 ratings,$5.625
BBEPP,$13.4,1440861327805,"61,890",100% bearish,of 1 rating,N/A
BRCM,$51.79,1440861327908,"2,529,830",75% bullish,of 12 ratings,$56
BDGE,$26.21,1440861327932,"17,166",Not yet rated,NULL,$31.75
BCOV,$5.32,1440861327958,"68,688",67% bullish,of 3 ratings,$10.20
BVSN,$6.01,1440861327992,"13,669",60% bearish,of 5 ratings,N/A
BRID,NULL,1440861328090,0,100% bearish,of 1 rating,N/A
BLIN,$1.36,1440861328116,"5,087",100% bullish,of 2 ratings,$2.20
BSFT,$31.63,1440861328145,"88,378",57% bullish,of 7 ratings,$40.50
BWEN,$3.18,1440861328278,"34,309",100% bullish,of 3 ratings,$8
BYFC,$1.36,1440861328311,"5,967",50% bullish,of 2 ratings,N/A
BRKL,$10.51,1440861328409,"272,340",100% bearish,of 1 rating,$10.75
BRCD,$10.553,1440861328435,"2,104,384",92% bullish,of 13 ratings,$11.50
BRKS,$10.41,1440861328590,"127,627",67% bullish,of 3 ratings,$15.25
BRKR,$18.4692,1440861328673,"392,981",100% bearish,of 2 ratings,$22
BLMT,$20.6,1440861328731,"11,270",Not yet rated,NULL,N/A
BLDR,$14.48,1440861328758,"484,766",67% bullish,of 3 ratings,$22
BMTC,$29.2,1440861328786,"98,064",Not yet rated,NULL,$34
BWLD,$194.06,1440861328806,"166,257",82% bullish,of 11 ratings,$205
BSQR,$6.15,1440861328835,"55,497",67% bullish,of 3 ratings,N/A
CHRW,$67.2467,1440861328961,"1,365,634",Not yet rated,NULL,$72
CFFI,$36.19,1440861328997,"7,589",100% bearish,of 1 rating,N/A
BUR,$1.74,1440861329025,"6,743",100% bearish,of 1 rating,$8
CA,$27.26,1440861329056,"2,293,564",50% bullish,of 4 ratings,$33
CCMP,$43.53,1440861329086,"79,642",50% bullish,of 2 ratings,$59
CDZI,$8.14,1440861329216,"84,491",100% bearish,of 1 rating,N/A
CDNS,$20.14,1440861329240,"1,265,237",75% bullish,of 4 ratings,$22.50
CACQ,$7.53,1440861329454,"56,359",100% bearish,of 1 rating,$12.25
CZR,$9.17,1440861329506,"738,436",60% bearish,of 5 ratings,$10.50
CSTE,$40.5,1440861329553,"114,834",50% bullish,of 2 ratings,$65
CLBS,$1.44,1440861329585,"118,591",79% bullish,of 14 ratings,$4
PRSS,$4.55,1440861329606,"10,528",80% bullish,of 5 ratings,$4.50
CCD,$19.38,1440861329682,"81,611",Not yet rated,NULL,N/A
CLMS,$10.61,1440861329739,"65,837",Not yet rated,NULL,$10.50
CHY,$11.47,1440861329772,"160,991",Not yet rated,NULL,N/A
CHI,$10.6,1440861329839,"101,782",100% bearish,of 1 rating,N/A
CGO,$12.01,1440861330017,"13,619",100% bearish,of 1 rating,N/A
CHW,$7.64,1440861330042,"278,918",100% bearish,of 1 rating,N/A
CAMP,$16.59,1440861330068,"249,483",88% bullish,of 8 ratings,$25
CSQ,$9.96,1440861330096,"222,801",Not yet rated,NULL,N/A
CFGE,NULL,1440861330116,0,Not yet rated,NULL,N/A
CFNB,$13.31,1440861330253,301,100% bearish,of 1 rating,N/A
CVGW,$59.23,1440861330310,"104,521",50% bullish,of 2 ratings,$58.50
CALA,$5.78,1440861330403,"350,686",100% bullish,of 3 ratings,$19.50
CLMT,$26.1156,1440861330433,"157,345",75% bullish,of 8 ratings,$31
CALD,$15.94,1440861330458,"214,263",100% bearish,of 1 rating,$21
CAMB,$9.95,1440861330509,"3,000",Not yet rated,NULL,N/A
ABCD,$5.28,1440861330536,"155,994",83% bullish,of 6 ratings,N/A
CALM,$50.25,1440861330561,"273,365",80% bullish,of 5 ratings,$65
CAMBW,NULL,1440861330716,0,Not yet rated,NULL,N/A
CAMBU,NULL,1440861330742,0,100% bearish,of 1 rating,N/A
CAMT,$2.72,1440861330767,"11,795",73% bullish,of 11 ratings,$4
CGIX,$9.96,1440861330900,"20,078",67% bullish,of 3 ratings,$14.375
CPHC,$10.3,1440861330928,"1,608",100% bearish,of 1 rating,N/A
CAC,$40.25,1440861330953,"5,351",Not yet rated,NULL,N/A
CSIQ,$18.9253,1440861330999,"1,536,120",86% bullish,of 28 ratings,$42.50
CPLA,$49.2,1440861331159,"111,385",67% bearish,of 3 ratings,$65
CCBG,$14.99,1440861331220,"18,070",Not yet rated,NULL,$17.25
CBF,$29.0025,1440861331249,"163,441",Not yet rated,NULL,$32
CBNJ,$11.09,1440861331270,"17,605",100% bullish,of 1 rating,N/A
CSWC,$45.86,1440861331302,"14,727",Not yet rated,NULL,N/A
CPLP,$6.85,1440861331409,"246,034",71% bullish,of 7 ratings,$11
CFFN,$12.03,1440861331436,"444,730",Not yet rated,NULL,$12.75
CPTA,$13.69,1440861331463,"45,514",100% bearish,of 1 rating,$18.50
CAPN,$2.27,1440861331495,"216,917",100% bullish,of 1 rating,$10.85
CAPNW,NULL,1440861331598,0,Not yet rated,NULL,N/A
CAPR,$4.28,1440861331626,"3,636",Not yet rated,NULL,$12
CPST,$0.4182,1440861331729,"1,396,611",95% bullish,of 22 ratings,$1.25
CARA,$19.25,1440861331806,"104,767",50% bullish,of 4 ratings,$25
CARB,$11.28,1440861331835,"80,399",75% bullish,of 4 ratings,$12
CBYL,$5.38,1440861331887,"28,815",100% bearish,of 1 rating,$20
CRDC,$0.37,1440861331938,"98,459",100% bullish,of 1 rating,$1.25
CFNL,$21.88,1440861331980,"97,527",Not yet rated,NULL,$24
CRME,$8.86,1440861332022,"6,283",89% bullish,of 9 ratings,$11.25
CECO,$3.78,1440861332154,"325,880",67% bearish,of 3 ratings,$6
CATM,$34.65,1440861332183,"145,056",100% bearish,of 1 rating,$44
CSII,$24.24,1440861332215,"97,779",100% bearish,of 2 ratings,$42.125
CDNA,$6.86,1440861332317,"9,849",100% bearish,of 1 rating,$9
CKEC,$23.45,1440861332344,"112,092",50% bullish,of 2 ratings,$35.915
CTRE,$11.32,1440861332370,"366,158",50% bullish,of 2 ratings,$13.50
CLBH,$12.7,1440861332501,"1,504",Not yet rated,NULL,$16.50
CARO,$15.52,1440861332539,686,100% bearish,of 1 rating,$19
CRZO,$35.27,1440861332667,"1,680,807",67% bearish,of 3 ratings,$55
CRTN,$2.49,1440861332730,"4,420",100% bearish,of 1 rating,N/A
CART,$5.35,1440861332767,"1,687",100% bearish,of 1 rating,N/A
CASM,$1.13,1440861332806,"169,953",100% bullish,of 1 rating,$3.50
TAST,$12.68,1440861332899,"294,920",Not yet rated,NULL,$14.25
CACB,$5.28,1440861332935,"28,460",Not yet rated,NULL,$5.50
CARV,$7,1440861332960,"3,573",50% bullish,of 2 ratings,N/A
CASY,$106.08,1440861333155,"164,558",50% bullish,of 2 ratings,$99.50
CSCD,$14.97,1440861333187,"29,328",100% bullish,of 2 ratings,$17
CWST,$6.25,1440861333207,"94,168",50% bullish,of 2 ratings,$7.25
CATB,$12.3,1440861333289,"12,584",100% bearish,of 1 rating,$28
CASS,$48.74,1440861333338,"12,195",100% bearish,of 1 rating,N/A
CASI,$1.45,1440861333363,"16,210",100% bullish,of 1 rating,$3.50
CPRX,$3.64,1440861333461,"252,829",71% bullish,of 7 ratings,$7
CATY,$29.47,1440861333572,"526,220",100% bearish,of 1 rating,$33.50
CVCO,$71.58,1440861333651,"22,860",100% bearish,of 1 rating,N/A
CAVM,$68.35,1440861333677,"259,220",67% bearish,of 3 ratings,$72
CATYW,NULL,1440861333711,0,100% bearish,of 1 rating,N/A
CNLM,$9.92,1440861333742,"5,100",Not yet rated,NULL,N/A
CNLMR,NULL,1440861333809,0,Not yet rated,NULL,N/A
CBFV,$20.23,1440861333871,"1,904",Not yet rated,NULL,$25
CNLMW,NULL,1440861333946,0,Not yet rated,NULL,N/A
CBOE,$63.82,1440861334051,"270,550",Not yet rated,NULL,$60
CDW,$39.95,1440861334082,"682,521",75% bullish,of 4 ratings,$44
CNLMU,NULL,1440861334102,0,100% bullish,of 1 rating,N/A
CDK,$49.69,1440861334151,"401,908",67% bearish,of 3 ratings,$50
CECE,$9.72,1440861334176,"43,721",50% bullish,of 2 ratings,$16
CPXX,$2.09,1440861334320,"73,775",100% bullish,of 2 ratings,$7
CELG,$123.72,1440861334386,"3,113,278",92% bullish,of 13 ratings,$155.50
CELGZ,$1.84,1440861334516,130,80% bullish,of 5 ratings,N/A
CLDN,$1.11,1440861334542,"380,623",71% bullish,of 7 ratings,$3
CLDX,$15.36,1440861334572,"795,869",89% bullish,of 9 ratings,$36
CLRBW,NULL,1440861334592,0,Not yet rated,NULL,N/A
CLRB,$3.07,1440861334628,"3,191",100% bearish,of 1 rating,N/A
CLLS,$33.23,1440861334726,"43,557",75% bullish,of 4 ratings,$51.50
CBMG,$23.56,1440861334750,"38,037",50% bullish,of 2 ratings,N/A
CLSN,$2.06,1440861334799,"73,145",80% bullish,of 10 ratings,$7.50
CLTX,$2.42,1440861334896,"133,553",100% bullish,of 2 ratings,N/A
CYAD,NULL,1440861334924,0,100% bullish,of 1 rating,$87.50
CEMP,$35.8,1440861334950,"347,148",71% bullish,of 7 ratings,$52
CETX,$2.36,1440861335034,"4,400",Not yet rated,NULL,$5.60
CSFL,$13.59,1440861335200,"87,153",Not yet rated,NULL,$15
CFBK,$1.37,1440861335227,"2,096",Not yet rated,NULL,N/A
CETV,$2.14,1440861335258,"134,612",67% bullish,of 3 ratings,$2.80
CENTA,$12.55,1440861335358,"406,884",Not yet rated,NULL,N/A
CNTY,$5.65,1440861335388,"30,032",80% bullish,of 5 ratings,$7.75
CVCY,$11.26,1440861335420,"19,319",Not yet rated,NULL,$12
CENT,$12.18,1440861335441,"51,466",Not yet rated,NULL,$10
CENX,$5.51,1440861335469,"2,154,129",67% bullish,of 6 ratings,$9
CNBKA,$41.6,1440861335524,"1,243",50% bullish,of 2 ratings,N/A
CRNT,$1.43,1440861335722,"82,256",50% bullish,of 2 ratings,$2
CERE,$1.14,1440861335747,"230,627",88% bullish,of 8 ratings,N/A
CPHD,$50.36,1440861335779,"387,374",67% bearish,of 3 ratings,$66.50
CERU,$3.78,1440861335878,"42,073",75% bullish,of 4 ratings,$15
CERN,$63.13,1440861335903,"1,747,634",67% bullish,of 3 ratings,$79
CERS,$4.85,1440861335928,"305,160",75% bullish,of 4 ratings,$7
CEVA,$19.13,1440861335986,"98,749",100% bearish,of 1 rating,$25
CYOU,$20.64,1440861336057,"99,352",50% bullish,of 6 ratings,$24
KOOL,$0.67,1440861336127,"40,840",100% bullish,of 5 ratings,$7
HOTR,$1.42,1440861336159,"119,259",100% bullish,of 2 ratings,$5
HOTRW,NULL,1440861336200,0,Not yet rated,NULL,N/A
CHTR,$180.1921,1440861336258,"506,492",100% bearish,of 2 ratings,$196
GTLS,$24.36,1440861336310,"352,866",50% bullish,of 4 ratings,$40
CTHR,$1.3,1440861336341,"7,326",50% bullish,of 2 ratings,$2.50
CHFN,$12.38,1440861336444,"17,917",Not yet rated,NULL,$14
CHKP,$78.7204,1440861336475,"690,963",50% bullish,of 4 ratings,$92
CHEK,$2.1,1440861336577,"3,047",Not yet rated,NULL,$7.75
CHEKW,NULL,1440861336645,0,Not yet rated,NULL,N/A
CEMI,$4.25,1440861336677,"18,500",50% bullish,of 2 ratings,$7.50
CHMG,$26.15,1440861336774,520,Not yet rated,NULL,$30
CCXI,$6.5,1440861336803,"58,200",67% bullish,of 3 ratings,$14
CHKE,$25.46,1440861336852,"11,637",100% bearish,of 1 rating,$32.50
CHFC,$31.4,1440861336884,"83,177",100% bearish,of 1 rating,$36
CBNK,$16.25,1440861336914,"7,266",100% bearish,of 1 rating,N/A
CHEV,$14.42,1440861336991,"2,230",Not yet rated,NULL,N/A
CHMA,$25.42,1440861337017,"56,946",Not yet rated,NULL,$40
CADC,NULL,1440861337207,0,78% bullish,of 9 ratings,N/A
CMRX,$50.48,1440861337242,"233,277",50% bullish,of 2 ratings,$57
CALI,$0.89,1440861337267,"13,298",67% bullish,of 3 ratings,N/A
PLCE,$59.63,1440861337336,"171,366",100% bearish,of 1 rating,$69
CBAK,$2.02,1440861337360,"47,677",67% bullish,of 9 ratings,N/A
CAAS,$6.55,1440861337423,"22,438",93% bullish,of 14 ratings,$11.50
CCCL,$0.783,1440861337581,"8,319",100% bullish,of 6 ratings,N/A
CCCR,$0.79,1440861337612,"1,440",67% bearish,of 3 ratings,N/A
JRJC,$3.64,1440861337641,"75,212",82% bullish,of 11 ratings,N/A
CBPO,$99.9369,1440861337676,"135,210",75% bullish,of 8 ratings,$140.50
CHLN,$1.99,1440861337711,"5,524",67% bullish,of 3 ratings,N/A
CHOP,$1.16,1440861337776,"3,443",50% bullish,of 2 ratings,N/A
HGSH,$1.81,1440861337796,"5,114",67% bullish,of 3 ratings,N/A
CNIT,$1.37,1440861337927,"110,498",67% bullish,of 6 ratings,N/A
CJJD,$1.87,1440861338002,"12,291",100% bullish,of 1 rating,N/A
HTHT,$25.57,1440861338059,"81,705",50% bullish,of 2 ratings,$28.40
CHNR,$1.57,1440861338154,"4,716",100% bearish,of 1 rating,N/A
CPGI,NULL,1440861338186,0,Not yet rated,NULL,N/A
CREG,$0.7,1440861338217,"37,457",100% bullish,of 3 ratings,N/A
CXDC,$5.72,1440861338286,"37,730",67% bearish,of 3 ratings,N/A
CSUN,$1.48,1440861338312,"12,166",80% bullish,of 5 ratings,N/A
CNTF,$0.804,1440861338336,"91,538",Not yet rated,NULL,N/A
CCIH,$7.31,1440861338470,"195,215",67% bullish,of 6 ratings,$12.65
CNYD,$3.35,1440861338501,"14,299",67% bullish,of 3 ratings,N/A
CNET,$0.898,1440861338533,"40,200",50% bullish,of 2 ratings,N/A
IMOS,$18.56,1440861338554,"157,340",60% bullish,of 5 ratings,$21.50
CHSCL,$27.01,1440861338634,"14,960",Not yet rated,NULL,N/A
CHSCN,$27.27,1440861338688,"2,175",Not yet rated,NULL,N/A
CHSCM,$26.12,1440861338714,"14,760",Not yet rated,NULL,N/A
CHSCO,$28.31,1440861338861,"2,888",Not yet rated,NULL,N/A
CHDN,$133.5,1440861338925,"100,896",Not yet rated,NULL,$165
CIFC,$7.04,1440861339078,"4,824",100% bearish,of 1 rating,N/A
CHSCP,$30.51,1440861339103,"4,500",Not yet rated,NULL,N/A
CMCT,$15.3899,1440861339130,200,100% bearish,of 1 rating,N/A
CHUY,$31.57,1440861339155,"143,174",50% bullish,of 2 ratings,$34
CDTX,$14.67,1440861339208,"15,045",Not yet rated,NULL,$22
CINF,$52.79,1440861339231,"561,411",50% bullish,of 4 ratings,$50.50
CMPR,$73.46,1440861339251,"272,387",50% bullish,of 2 ratings,$72.50
CPHR,$5.33,1440861339398,"49,892",100% bearish,of 1 rating,$17
CTAS,$85.3785,1440861339429,"330,304",100% bearish,of 1 rating,$91
CIDM,$0.5736,1440861339465,"95,380",50% bullish,of 2 ratings,$2.10
CSCO,$26.02,1440861339494,"21,265,874",84% bullish,of 209 ratings,$32
CRUS,$30.21,1440861339532,"732,197",75% bullish,of 12 ratings,$44.50
CTRN,$26.73,1440861339594,"81,046",100% bearish,of 1 rating,$31.50
CZNC,$19.84,1440861339789,"9,181",Not yet rated,NULL,N/A
CZWI,$8.97,1440861339816,974,Not yet rated,NULL,N/A
CZFC,NULL,1440861339843,0,Not yet rated,NULL,N/A
CIZN,$19.33,1440861339867,"2,439",Not yet rated,NULL,N/A
CTXS,$68.69,1440861340006,"1,229,256",86% bullish,of 7 ratings,$80
CIVB,$10.07,1440861340034,"6,435",Not yet rated,NULL,$11
CHCO,$47.25,1440861340087,"42,647",Not yet rated,NULL,$46
CLNE,$5.18,1440861340114,"972,530",80% bullish,of 15 ratings,$9
CIVBP,$33.21,1440861340142,353,Not yet rated,NULL,N/A
CDTI,$1.61,1440861340277,"54,168",75% bullish,of 4 ratings,$3.20
CLNT,$1.5,1440861340298,"17,654",75% bullish,of 8 ratings,N/A
CLFD,$17.21,1440861340328,"38,655",67% bullish,of 3 ratings,$18
CLRO,$11.51,1440861340353,"4,079",50% bullish,of 2 ratings,$14.25
CBLI,$3.8,1440861340485,"30,681",60% bullish,of 5 ratings,N/A
CSBK,$13.62,1440861340615,"66,040",Not yet rated,NULL,N/A
CLIR,$4.67,1440861340645,"79,948",100% bullish,of 3 ratings,N/A
CMFN,$11.17,1440861340676,"26,820",100% bearish,of 1 rating,$15.50
CME,$94.62,1440861340700,"1,009,749",67% bullish,of 3 ratings,$102
CLVS,$80.54,1440861340747,"406,345",60% bullish,of 5 ratings,$101.50
CCNE,$16.98,1440861340776,"9,188",50% bullish,of 2 ratings,$21.50
CISG,$7.81,1440861340879,"67,936",100% bullish,of 5 ratings,$10
CWAY,$11.11,1440861340922,"4,726",Not yet rated,NULL,N/A
COBZ,$12.84,1440861341020,"40,728",100% bullish,of 1 rating,$14
COKE,$157.56,1440861341085,"23,920",79% bullish,of 19 ratings,N/A
CNV,$4.43,1440861341114,"28,444",50% bullish,of 2 ratings,$7.15
CDRB,$13.97,1440861341140,"24,525",67% bullish,of 3 ratings,N/A
CDXS,$3.8,1440861341164,"19,698",64% bullish,of 11 ratings,$6
CVLY,$20.32,1440861341191,722,Not yet rated,NULL,N/A
CCOI,$27.46,1440861341372,"445,468",50% bullish,of 4 ratings,$35
JVA,$4.63,1440861341402,"11,572",83% bullish,of 6 ratings,$7
CGNX,$35.49,1440861341509,"359,217",50% bullish,of 2 ratings,$47
COHR,$57.83,1440861341535,"78,704",50% bullish,of 2 ratings,$72
CGNT,$1.53,1440861341571,"56,889",100% bullish,of 2 ratings,$2
CTSH,$63.72,1440861341602,"2,758,536",90% bullish,of 10 ratings,$75
CHRS,$28.98,1440861341670,"79,672",67% bearish,of 3 ratings,$37
COHU,$9.65,1440861341697,"127,716",100% bearish,of 1 rating,$14.25
CLRX,$0.54,1440861341729,"44,213",50% bullish,of 2 ratings,N/A
COLL,$15.34,1440861342007,"40,817",100% bearish,of 1 rating,$26
CIGI,$43.29,1440861342041,"40,937",100% bearish,of 1 rating,$52
CLCT,$18.27,1440861342062,"26,386",100% bearish,of 1 rating,N/A
CLCD,$6.63,1440861342092,"68,876",100% bearish,of 1 rating,$20.50
CBAN,$8.75,1440861342112,"1,516",Not yet rated,NULL,N/A
COLB,$30.05,1440861342142,"150,126",Not yet rated,NULL,$36
COLM,$60.64,1440861342171,"88,479",100% bearish,of 1 rating,$71
CMCO,$18.73,1440861342299,"73,520",60% bullish,of 5 ratings,$28
CMCSA,$56.77,1440861342449,"7,743,132",66% bullish,of 35 ratings,$69.50
CBMX,$1.1,1440861342479,"19,525",83% bullish,of 6 ratings,$3.15
CBSH,$44.5989,1440861342499,"229,533",50% bullish,of 2 ratings,$46
CMCSK,$57.62,1440861342631,"1,941,868",Not yet rated,NULL,$84
CBSHP,$25.42,1440861342657,"26,034",100% bearish,of 1 rating,N/A
CUBN,NULL,1440861342678,0,Not yet rated,NULL,N/A
COMM,$31.9,1440861342716,"725,355",67% bearish,of 3 ratings,$35
CVGI,$4.96,1440861342816,"43,835",50% bullish,of 2 ratings,$6
JCS,$8.61,1440861342843,"7,525",67% bullish,of 3 ratings,N/A
CSAL,$20.6041,1440861342868,"433,349",75% bullish,of 4 ratings,$30
CYHHZ,$0.01,1440861342918,"76,000",100% bullish,of 1 rating,N/A
ESXB,$5.06,1440861343062,"3,468",Not yet rated,NULL,N/A
CTBI,$34.87,1440861343134,"53,139",Not yet rated,NULL,$36
CVLT,$35.7,1440861343194,"499,857",75% bullish,of 4 ratings,$44.50
COB,$10.44,1440861343220,"13,253",100% bullish,of 1 rating,$11.75
CWBC,$6.7,1440861343241,"1,519",Not yet rated,NULL,N/A
CIZ,$33.45,1440861343274,"1,507",100% bearish,of 1 rating,N/A
CIL,NULL,1440861343374,0,Not yet rated,NULL,N/A
CID,NULL,1440861343452,0,Not yet rated,NULL,N/A
CSA,NULL,1440861343516,0,Not yet rated,NULL,N/A
CSF,$36.75,1440861343541,"4,489",100% bearish,of 1 rating,N/A
CDC,$34.78,1440861343586,"3,743",Not yet rated,NULL,N/A
CFA,$35.7,1440861343610,900,100% bearish,of 1 rating,N/A
CFO,$35.63,1440861343686,"150,250",100% bearish,of 1 rating,N/A
CSB,$32.92,1440861343816,200,Not yet rated,NULL,N/A
CGEN,$5.2,1440861343846,"49,804",50% bullish,of 2 ratings,$11
CDL,NULL,1440861343872,0,Not yet rated,NULL,N/A
CTG,$6.51,1440861343950,"63,423",100% bearish,of 1 rating,$8.50
CPSI,$45.63,1440861343980,"70,148",100% bearish,of 1 rating,$45.50
SCOR,$53.74,1440861344056,"303,382",100% bearish,of 1 rating,$66
CHCI,$0.65,1440861344084,"20,669",50% bullish,of 2 ratings,N/A
CMTL,$25.29,1440861344143,"132,707",100% bearish,of 2 ratings,$37
CNAT,$4.05,1440861344216,"58,100",83% bullish,of 6 ratings,$13
CNSI,$18.77,1440861344244,"63,344",100% bearish,of 2 ratings,$29
CNCE,$15.95,1440861344283,"103,480",75% bullish,of 4 ratings,$22
CXRX,$75.05,1440861344470,"5,908",100% bearish,of 1 rating,$90
CCUR,$5.46,1440861344526,"80,309",75% bullish,of 4 ratings,N/A
CDOR,$1.35,1440861344550,"4,361",100% bullish,of 1 rating,N/A
CDORO,$18.95,1440861344597,"1,200",100% bearish,of 1 rating,N/A
CDORP,$7,1440861344692,400,100% bearish,of 1 rating,N/A
CNMD,$53.23,1440861344721,"80,020",Not yet rated,NULL,$59
CFMS,$19.77,1440861344757,"86,468",Not yet rated,NULL,$27
CNOB,$19.01,1440861344827,"42,656",100% bullish,of 1 rating,$23.50
CNFR,$10.18,1440861344858,"11,241",Not yet rated,NULL,N/A
CNXR,$6.93,1440861344880,"72,869",100% bearish,of 1 rating,$12
CONN,$29.44,1440861344981,"528,417",67% bullish,of 3 ratings,$48.50
CTWS,$34.5,1440861345012,"20,376",100% bearish,of 1 rating,$44
CWCO,$10.94,1440861345037,"91,573",67% bullish,of 3 ratings,$14.50
CNSL,$19.76,1440861345088,"196,877",100% bearish,of 1 rating,$23
CPSS,$5.6,1440861345174,"22,982",100% bullish,of 1 rating,$10
CTCT,$25.04,1440861345200,"195,271",67% bullish,of 3 ratings,$37
CFRX,$5.08,1440861345393,"7,722",Not yet rated,NULL,$14
CFRXW,$1.95,1440861345442,"2,650",100% bearish,of 1 rating,N/A
CTRV,$3.68,1440861345494,"4,034",Not yet rated,NULL,$6.40
CFRXZ,$0.599,1440861345628,600,Not yet rated,NULL,N/A
CPRT,$34.99,1440861345654,"286,933",67% bearish,of 3 ratings,$40
CRBP,$1.92,1440861345675,"146,083",100% bullish,of 2 ratings,$6.25
CTRL,$8.97,1440861345713,"133,195",50% bullish,of 2 ratings,$11
CORE,$59.67,1440861345739,"118,215",100% bearish,of 1 rating,$72
CORT,$5.18,1440861345803,"216,538",67% bullish,of 3 ratings,$12
CORI,$10.45,1440861345831,"37,147",100% bearish,of 1 rating,$18
CSOD,$36.17,1440861346048,"273,201",50% bullish,of 2 ratings,$42
CRVL,$30.91,1440861346072,"28,940",100% bearish,of 1 rating,N/A
BVA,$3.75,1440861346105,627,50% bullish,of 2 ratings,N/A
COSI,$1.17,1440861346135,"158,610",100% bullish,of 1 rating,N/A
CSGP,$181.38,1440861346267,"68,173",50% bullish,of 2 ratings,$235
COST,$140.29,1440861346406,"1,445,606",79% bullish,of 24 ratings,$154.50
CPAH,$0.4301,1440861346430,"2,700",50% bullish,of 2 ratings,N/A
COVS,$2.7,1440861346568,"62,906",67% bullish,of 3 ratings,N/A
COWNL,$26.65,1440861346625,"2,100",Not yet rated,NULL,N/A
CPSH,$2.18,1440861346696,"1,167",Not yet rated,NULL,N/A
ICBK,$18.11,1440861346727,228,Not yet rated,NULL,$21
CVTI,$23.51,1440861346747,"93,135",67% bearish,of 3 ratings,$39
COWN,$5.23,1440861346776,"635,563",75% bullish,of 4 ratings,$7
CRAI,$22.05,1440861346830,"27,938",100% bearish,of 1 rating,$36
BREW,$7.97,1440861346970,"39,101",67% bullish,of 6 ratings,$15
CBRL,$145.82,1440861347025,"142,127",50% bullish,of 2 ratings,$155
CRAY,$20.41,1440861347101,"251,324",83% bullish,of 6 ratings,$38.50
CACC,$197.5495,1440861347156,"34,208",50% bullish,of 2 ratings,$158.50
SLVO,$10.04,1440861347180,"2,848",100% bearish,of 1 rating,N/A
CREE,$26.99,1440861347206,"801,140",65% bullish,of 17 ratings,$29.50
GLDI,$11.01,1440861347238,"3,640",100% bearish,of 1 rating,N/A
CRESY,$10.35,1440861347338,"27,734",100% bearish,of 1 rating,$19
CRTO,$43.1,1440861347408,"295,607",67% bullish,of 6 ratings,$64
CROX,$14.52,1440861347436,"662,990",63% bullish,of 8 ratings,$16.50
CRDS,$1,1440861347570,"42,738",75% bullish,of 4 ratings,$4.50
CRWS,$8.07,1440861347590,"4,508",Not yet rated,NULL,$10
CCRN,$14.14,1440861347621,"142,037",100% bearish,of 1 rating,$14.25
CYRX,$2.885,1440861347651,"11,794",Not yet rated,NULL,$9
CRWN,$4.47,1440861347679,"38,249",75% bullish,of 4 ratings,N/A
CYRXW,$0.83,1440861347815,200,Not yet rated,NULL,N/A
CSGS,$31.14,1440861347841,"222,878",Not yet rated,NULL,$40
CSPI,$5.71,1440861347914,516,67% bullish,of 3 ratings,N/A
CTCM,$1.83,1440861347969,"114,360",80% bearish,of 5 ratings,$3.90
CTIC,$1.6,1440861348052,"646,597",84% bullish,of 76 ratings,$5.75
CCLP,$15.38,1440861348079,"30,912",67% bearish,of 3 ratings,$20
CTIB,$3.63,1440861348102,"3,890",100% bearish,of 1 rating,N/A
CTRP,$71.1413,1440861348155,"1,216,212",75% bullish,of 8 ratings,$93
CUNB,$21.18,1440861348252,"14,251",Not yet rated,NULL,$24.50
CUI,$5.32,1440861348330,"29,604",50% bullish,of 2 ratings,$10
CMLS,$1.42,1440861348396,"374,324",50% bullish,of 4 ratings,$6
CPIX,$6.04,1440861348421,"5,828",Not yet rated,NULL,N/A
CUTR,$14.46,1440861348473,"32,831",67% bearish,of 3 ratings,$18
CRIS,$2.59,1440861348611,"166,862",100% bullish,of 8 ratings,$6
CVV,$10.97,1440861348666,"7,294",100% bullish,of 5 ratings,N/A
CYBR,$52.4,1440861348691,"680,705",75% bullish,of 8 ratings,$66
CYAN,$7.6,1440861348718,"2,172",100% bearish,of 1 rating,N/A
CVBF,$16,1440861348749,"493,743",Not yet rated,NULL,$18
CYBX,$67,1440861348850,"196,566",50% bullish,of 4 ratings,$71.50
CYBE,$6.76,1440861348883,"22,725",100% bearish,of 1 rating,N/A
CYCC,$0.55,1440861348921,"63,851",73% bullish,of 11 ratings,N/A
CYCCP,NULL,1440861348989,0,100% bearish,of 1 rating,N/A
CBAY,$2.63,1440861349062,"56,866",100% bullish,of 1 rating,$4
CYNO,$31.41,1440861349218,"137,063",67% bearish,of 3 ratings,$45.50
CYNA,$16.17,1440861349244,"27,144",50% bullish,of 2 ratings,$31.50
CY,$10.09,1440861349280,"2,674,911",80% bullish,of 10 ratings,$15.50
CYTK,$7,1440861349385,"180,145",71% bullish,of 14 ratings,$13.50
CYRN,$1.7,1440861349413,"29,421",67% bullish,of 3 ratings,$4
CONE,$32.3,1440861349434,"247,421",67% bearish,of 3 ratings,$35.50
CYTX,$0.315,1440861349455,"2,360,173",83% bullish,of 12 ratings,$5.50
CTSO,$6.89,1440861349493,"27,244",Not yet rated,NULL,$15.625
CYTR,$2.39,1440861349600,"318,266",67% bullish,of 6 ratings,$10
DAEG,$0.35,1440861349647,"11,063",100% bearish,of 1 rating,N/A
TVIZ,$19.51,1440861349740,"3,315",100% bearish,of 1 rating,N/A
ZIV,$40.01,1440861349768,"153,112",Not yet rated,NULL,N/A
XIV,$27,1440861349899,"18,307,444",75% bearish,of 4 ratings,N/A
TVIX,$13.35,1440861349927,"14,107,659",81% bullish,of 16 ratings,N/A
DJCO,$191.42,1440861350033,502,Not yet rated,NULL,N/A
DAKT,$8.64,1440861350059,"421,544",50% bullish,of 2 ratings,$12
DARA,$0.86,1440861350120,"24,822",83% bullish,of 6 ratings,$1.50
DAIO,$2.49,1440861350202,"4,973",Not yet rated,NULL,N/A
DRAM,$1.28,1440861350251,"16,449",78% bullish,of 9 ratings,N/A
DTLK,$5.85,1440861350281,"72,201",100% bearish,of 1 rating,$9
PLAY,$34.43,1440861350306,"121,342",100% bullish,of 5 ratings,$42
DTEA,$13.15,1440861350382,"48,592",100% bearish,of 2 ratings,$24
DWCH,$5.26,1440861350462,"21,471",75% bullish,of 4 ratings,$8.25
DWSN,$4.54,1440861350524,"13,558",67% bullish,of 3 ratings,N/A
TRAK,$62.85,1440861350593,"645,671",50% bullish,of 2 ratings,$62.50
DBVT,$41.26,1440861350659,"32,497",100% bearish,of 1 rating,$53
DFRG,$14.59,1440861350695,"99,897",100% bearish,of 1 rating,$20
DHRM,$1.48,1440861350719,"7,227",Not yet rated,NULL,N/A
TACO,$13.1236,1440861350866,"97,042",75% bullish,of 4 ratings,$20
TACOW,$4.05,1440861350920,"18,932",100% bullish,of 1 rating,N/A
DELT,$2.52,1440861350950,"6,000",Not yet rated,NULL,N/A
DCTH,$0.4003,1440861350972,"122,121",78% bullish,of 9 ratings,N/A
DENN,$11.48,1440861351030,"411,859",100% bullish,of 3 ratings,$15
DGAS,$20.12,1440861351058,"3,626",67% bearish,of 3 ratings,N/A
XRAY,$53.26,1440861351114,"455,198",100% bullish,of 1 rating,$58
DELTW,NULL,1440861351162,0,Not yet rated,NULL,N/A
DEPO,$28.38,1440861351250,"492,842",60% bullish,of 5 ratings,$29
DERM,$27.24,1440861351356,"101,807",100% bearish,of 1 rating,$33.50
DSCI,$5.93,1440861351380,"30,721",50% bullish,of 2 ratings,$16
DXM,$0.26,1440861351594,"140,456",50% bullish,of 2 ratings,N/A
DSWL,$1.71,1440861351623,"4,300",100% bullish,of 1 rating,N/A
DXCM,$94.3009,1440861351644,"601,324",57% bullish,of 7 ratings,$98
DEST,$11.13,1440861351687,"20,183",50% bullish,of 2 ratings,N/A
DXLG,$5.62,1440861351709,"88,393",100% bearish,of 1 rating,$8
DHXM,$6.82,1440861351780,"1,035",Not yet rated,NULL,N/A
DHIL,$194.72,1440861351800,"3,494",Not yet rated,NULL,N/A
FANG,$66.56,1440861351835,"945,281",50% bullish,of 2 ratings,$86.50
DCIX,$1.74,1440861351938,"50,106",50% bullish,of 4 ratings,$3.50
DMND,$29.77,1440861352008,"137,181",75% bullish,of 12 ratings,$32
DRNA,$11.13,1440861352073,"76,464",67% bearish,of 3 ratings,$25
DMRC,$37.81,1440861352099,"119,126",100% bearish,of 1 rating,$44
DGII,$10.06,1440861352137,"88,413",100% bearish,of 1 rating,$10
DGLY,$8.6,1440861352312,"110,448",50% bullish,of 6 ratings,$20
APPS,$2.43,1440861352340,"110,613",100% bearish,of 1 rating,$10.25
DCOM,$17.01,1440861352399,"121,317",100% bearish,of 2 ratings,$16.50
DRAD,$3.7,1440861352430,"14,268",100% bullish,of 1 rating,$5.25
DPRX,$13.52,1440861352451,"8,669",100% bullish,of 2 ratings,$27.75
DIOD,$19.93,1440861352488,"100,117",75% bearish,of 4 ratings,$24
DISCB,NULL,1440861352527,0,100% bearish,of 1 rating,$35
DISCA,$27.1127,1440861352584,"1,476,936",67% bullish,of 3 ratings,$34
DISCK,$25.71,1440861352740,"1,450,570",100% bearish,of 1 rating,$32
DISH,$59.62,1440861352765,"664,919",69% bullish,of 13 ratings,$73
DSCO,$0.42,1440861352833,"233,070",83% bullish,of 6 ratings,$2.75
BAGR,$2.77,1440861352898,"10,502",100% bearish,of 1 rating,$6
DVCR,$10.8,1440861352933,"5,362",100% bullish,of 1 rating,N/A
DNBF,$25.76,1440861352983,408,Not yet rated,NULL,$27.50
DGICA,$14.27,1440861353086,"10,088",100% bearish,of 1 rating,$17
DLTR,$76.7377,1440861353112,"1,695,005",82% bullish,of 11 ratings,$88
DLHC,$2.45,1440861353140,"2,228",100% bearish,of 1 rating,N/A
DGICB,NULL,1440861353270,0,100% bearish,of 1 rating,N/A
DORM,$50.42,1440861353299,"213,968",100% bearish,of 1 rating,$56
HILL,$9.665,1440861353350,"1,225,949",60% bearish,of 5 ratings,$9.75
DRWI,$0.21,1440861353431,"608,108",60% bullish,of 5 ratings,$.45
DMLP,$14.39,1440861353459,"9,844",100% bearish,of 1 rating,N/A
DWA,$20.29,1440861353588,"780,239",63% bullish,of 8 ratings,$26
DRWIW,$0.04,1440861353615,318,Not yet rated,NULL,N/A
DRYS,$0.44,1440861353639,"3,465,209",77% bullish,of 31 ratings,$.60
DSPG,$8.55,1440861353813,"86,341",100% bearish,of 1 rating,$13.50
DSKX,$3.25,1440861353840,"269,494",100% bullish,of 1 rating,N/A
CADT,NULL,1440861353874,0,Not yet rated,NULL,N/A
CADTR,NULL,1440861353894,0,Not yet rated,NULL,N/A
CADTU,NULL,1440861353971,0,Not yet rated,NULL,N/A
DTSI,$27.07,1440861354037,"64,293",100% bearish,of 2 ratings,$39.50
CADTW,NULL,1440861354063,0,Not yet rated,NULL,N/A
DNKN,$51.69,1440861354089,"615,001",67% bullish,of 15 ratings,$56.50
DRRX,$2.1,1440861354194,"174,261",50% bullish,of 6 ratings,$3
DXPE,$28.01,1440861354288,"198,401",50% bullish,of 2 ratings,N/A
DYAX,$23.69,1440861354325,"450,638",89% bullish,of 9 ratings,$30
DYSL,$1.44,1440861354388,"9,241",100% bullish,of 2 ratings,N/A
BOOM,$10.64,1440861354414,"121,109",67% bullish,of 3 ratings,$12
DVAX,$29.76,1440861354455,"286,822",70% bullish,of 10 ratings,$40
DYNT,$3,1440861354480,"2,521",75% bullish,of 4 ratings,N/A
EBMT,$11.54,1440861354646,"1,076",Not yet rated,NULL,$13.50
EGBN,$41.91,1440861354679,"45,548",Not yet rated,NULL,$48
EGRX,$83.67,1440861354714,"183,576",67% bullish,of 3 ratings,$97
ETFC,$26.53,1440861354776,"1,656,489",57% bullish,of 14 ratings,$32.50
EGLE,$6.51,1440861354802,"44,799",60% bullish,of 5 ratings,N/A
EROC,$1.54,1440861354833,"321,569",50% bullish,of 2 ratings,$3
ELNK,$8.45,1440861354931,"507,260",60% bullish,of 5 ratings,$9.50
EWBC,$40.36,1440861355033,"524,091",100% bearish,of 1 rating,$50
EML,$16.47,1440861355125,"7,046",Not yet rated,NULL,N/A
EBIX,$28.21,1440861355224,"195,546",69% bullish,of 13 ratings,$40
EVBS,$6.6,1440861355249,"16,168",Not yet rated,NULL,$7
EBAY,$27.25,1440861355277,"6,618,106",81% bullish,of 117 ratings,$34
ELON,$0.5649,1440861355321,"28,406",50% bullish,of 2 ratings,N/A
EACQU,NULL,1440861355346,0,Not yet rated,NULL,N/A
ECHO,$23.01,1440861355411,"541,539",67% bearish,of 3 ratings,$35.50
ECTE,$1.46,1440861355482,"3,701",75% bullish,of 4 ratings,N/A
EEI,$11.15,1440861355547,"3,106",67% bearish,of 3 ratings,N/A
ECACU,$10.1,1440861355611,"3,602",Not yet rated,NULL,N/A
SATS,$44.59,1440861355652,"56,536",50% bullish,of 2 ratings,$60
ESES,$3.22,1440861355704,"2,164",100% bearish,of 1 rating,$7
EDAP,$3.6,1440861355783,"25,350",60% bullish,of 5 ratings,$4.50
EDGW,$7.01,1440861355839,"10,591",100% bearish,of 1 rating,N/A
EDUC,$5.55,1440861355946,"21,651",100% bearish,of 1 rating,N/A
EFUT,$4.63,1440861355975,700,Not yet rated,NULL,N/A
EGAN,$3.64,1440861356075,"7,806",50% bullish,of 2 ratings,$6.25
LOCO,$13.72,1440861356102,"1,206,901",77% bullish,of 13 ratings,$20
EGLT,$10.66,1440861356128,"20,932",50% bullish,of 2 ratings,$21
EHTH,$14.1,1440861356260,"168,301",50% bullish,of 4 ratings,$16.50
ESLT,$76.65,1440861356299,"2,915",67% bullish,of 3 ratings,N/A
EMITF,$1.18,1440861356324,"3,474",75% bullish,of 4 ratings,N/A
ELRC,$10.71,1440861356357,"16,406",100% bearish,of 1 rating,N/A
ERI,$9.7,1440861356405,"144,246",100% bearish,of 1 rating,$10
ESIO,$4.43,1440861356466,"140,353",50% bullish,of 2 ratings,$10
EA,$67.91,1440861356598,"2,056,941",77% bullish,of 35 ratings,$80
EFII,$44.09,1440861356626,"127,147",80% bullish,of 5 ratings,$55
ELSE,$3.9999,1440861356646,500,60% bullish,of 5 ratings,N/A
ELEC,NULL,1440861356802,0,Not yet rated,NULL,N/A
ELECU,NULL,1440861356831,0,Not yet rated,NULL,N/A
ELECW,NULL,1440861356907,0,Not yet rated,NULL,N/A
CAPX,$22.93,1440861356933,"13,900",Not yet rated,NULL,N/A
EBIO,$3.55,1440861357069,"154,084",100% bearish,of 2 ratings,$8.35
ESBK,$19.66,1440861357094,423,Not yet rated,NULL,N/A
EMCI,$23.2,1440861357118,"15,362",Not yet rated,NULL,N/A
LONG,$17.04,1440861357168,"9,996",67% bullish,of 3 ratings,$15.75
RDEN,$10.95,1440861357193,"74,308",100% bearish,of 4 ratings,$15
ELTK,$1.34,1440861357326,"144,213",67% bearish,of 3 ratings,N/A
EMCF,$23.06,1440861357356,100,100% bearish,of 1 rating,N/A
EMKR,$7.06,1440861357383,"65,081",75% bullish,of 4 ratings,$8.50
EMMS,$1.12,1440861357462,"136,017",83% bullish,of 6 ratings,N/A
EMMSP,$3,1440861357526,200,100% bearish,of 1 rating,N/A
ERS,$2.83,1440861357594,"6,582",Not yet rated,NULL,N/A
NYNY,$4.37,1440861357622,"30,167",50% bullish,of 2 ratings,N/A
ECPG,$40.13,1440861357724,"153,412",100% bullish,of 2 ratings,$52
ENTA,$41.18,1440861357820,"122,390",50% bullish,of 2 ratings,$42
WATT,$6.99,1440861357981,"124,032",50% bullish,of 2 ratings,$13
ECYT,$5.28,1440861358008,"159,581",83% bullish,of 6 ratings,$12
EIGI,$15.55,1440861358033,"197,582",67% bearish,of 3 ratings,$22.50
ENDP,$78.7,1440861358062,"843,248",50% bullish,of 6 ratings,$104
EFOI,$22,1440861358166,"907,367",50% bullish,of 2 ratings,$20.50
ELGX,$13.04,1440861358202,"310,868",75% bullish,of 4 ratings,$17
WIRE,$31.67,1440861358229,"90,127",100% bearish,of 1 rating,$37
ERII,$2.69,1440861358301,"49,581",80% bullish,of 5 ratings,$2.50
EXXI,$1.83,1440861358327,"2,134,615",86% bullish,of 7 ratings,$3.50
ENOC,$9.35,1440861358373,"300,726",75% bullish,of 4 ratings,$18
ENPH,$4.58,1440861358535,"408,795",75% bullish,of 4 ratings,$11
ENTG,$13.7,1440861358633,"498,237",100% bearish,of 1 rating,$18
ENG,$1,1440861358660,"10,728",100% bullish,of 3 ratings,N/A
ENTL,$22.19,1440861358687,"11,224",Not yet rated,NULL,$28
ENFC,$17.63,1440861358711,"14,896",Not yet rated,NULL,N/A
ESGR,$146.02,1440861358742,"29,141",100% bearish,of 1 rating,$185
EBTC,$21.14,1440861358816,"4,216",Not yet rated,NULL,N/A
ETRM,$0.27,1440861358871,"540,107",69% bearish,of 35 ratings,$1.625
EFSC,$23.84,1440861358951,"31,437",Not yet rated,NULL,$27
EGT,$2.14,1440861359024,"13,092",100% bullish,of 1 rating,N/A
ENZN,$1.05,1440861359082,"191,259",100% bullish,of 9 ratings,N/A
ENVI,$1.85,1440861359155,"22,541",67% bullish,of 3 ratings,N/A
ENZY,$9.69,1440861359180,"20,091",67% bullish,of 3 ratings,$9.50
EPIQ,$12.94,1440861359311,"95,473",100% bearish,of 1 rating,$18
EPZM,$20.1,1440861359339,"274,818",60% bullish,of 5 ratings,$34
PLUS,$76.75,1440861359367,"44,219",50% bullish,of 2 ratings,$88
EPRS,$5.3,1440861359388,"65,326",82% bullish,of 11 ratings,$15
EQIX,$268.78,1440861359517,"317,195",75% bullish,of 4 ratings,$312.50
EAC,$3.37,1440861359547,"4,106",100% bearish,of 1 rating,$8
EQFN,NULL,1440861359603,0,100% bearish,of 1 rating,N/A
ERIE,$82.6965,1440861359681,"23,830",Not yet rated,NULL,$73
ERIC,$9.95,1440861359711,"1,517,001",67% bullish,of 9 ratings,$12.20
ESCA,$18,1440861359736,"15,345",100% bearish,of 1 rating,$22
ESCR,$0.12,1440861359814,"313,269",50% bullish,of 2 ratings,N/A
ESCRP,$1.15,1440861359873,"3,261",100% bearish,of 1 rating,N/A
EPIX,NULL,1440861360005,0,Not yet rated,NULL,N/A
ESPR,$52.27,1440861360035,"597,174",70% bearish,of 10 ratings,$123
ESSA,$12.81,1440861360056,"2,219",100% bearish,of 1 rating,N/A
ESMC,$1.31,1440861360093,"1,148",Not yet rated,NULL,N/A
ESND,$34.46,1440861360114,"110,118",100% bearish,of 2 ratings,$40
ESSX,$0.4461,1440861360190,"121,833",50% bullish,of 2 ratings,N/A
CLWT,NULL,1440861360214,0,100% bullish,of 1 rating,N/A
ETSY,$14.82,1440861360270,"411,302",80% bullish,of 5 ratings,$16
EEFT,$65.62,1440861360413,"156,788",100% bearish,of 1 rating,$67.50
ESEA,$5.37,1440861360475,"3,809",100% bullish,of 1 rating,$15
EVEP,$8.27,1440861360540,"378,682",50% bullish,of 2 ratings,$15
EVLV,$2.68,1440861360642,"224,794",60% bullish,of 5 ratings,$5.125
EVOL,$5.98,1440861360667,"4,531",75% bullish,of 4 ratings,$10
EVOK,$3.75,1440861360796,"45,220",100% bearish,of 1 rating,$13.375
EXA,$11.19,1440861360826,"12,872",100% bearish,of 1 rating,$13
EVK,$3.75,1440861360852,267,75% bearish,of 4 ratings,N/A
EXAS,$22.34,1440861360895,"466,825",78% bullish,of 9 ratings,$31
EXAC,$18.64,1440861360929,"19,525",100% bearish,of 1 rating,$22.50
EXEL,$6.06,1440861360987,"3,042,838",81% bullish,of 16 ratings,$6
EXFO,$2.74,1440861361074,"3,109",67% bearish,of 3 ratings,$3.95
EXLS,$36.47,1440861361115,"100,676",50% bullish,of 2 ratings,$41
EXPE,$116.5217,1440861361159,"591,733",64% bullish,of 11 ratings,$130
EXPD,$49.66,1440861361210,"1,275,347",80% bullish,of 5 ratings,$52
EXPO,$42.71,1440861361317,"77,752",100% bearish,of 1 rating,$45.50
EXLP,$20.8232,1440861361470,"166,876",100% bearish,of 1 rating,$25
EXTR,$2.85,1440861361529,"441,776",80% bullish,of 5 ratings,$3
ESRX,$84.46,1440861361558,"2,106,762",67% bearish,of 6 ratings,$101
EZCH,$22.5819,1440861361579,"100,750",75% bullish,of 8 ratings,$19.50
EYEGW,NULL,1440861361613,0,Not yet rated,NULL,N/A
EYEG,$3.63,1440861361658,"8,530",Not yet rated,NULL,N/A
EZPW,$5.83,1440861361715,"233,828",50% bullish,of 4 ratings,$7.50
FFIV,$122.97,1440861361740,"535,549",63% bullish,of 8 ratings,$132
FB,$90.997,1440861361820,"21,405,623",73% bullish,of 1070 ratings,$111
FCS,$13.71,1440861361920,"593,435",67% bearish,of 3 ratings,$17
FWM,$2.25,1440861361945,"117,046",100% bearish,of 2 ratings,$3.20
FRP,$16.22,1440861361971,"95,097",100% bearish,of 1 rating,$18
FALC,$1.76,1440861361993,"108,050",63% bearish,of 8 ratings,N/A
DAVE,$15.36,1440861362130,"17,244",100% bearish,of 1 rating,$15.50
FARM,$22.94,1440861362158,"20,353",100% bearish,of 1 rating,$35
FFKT,$25.89,1440861362286,"7,909",Not yet rated,NULL,$29
FARO,$38.01,1440861362335,"102,628",50% bullish,of 2 ratings,$48
FMNB,$8.27,1440861362362,"9,733",Not yet rated,NULL,N/A
FAST,$38.69,1440861362387,"1,512,410",80% bullish,of 5 ratings,$45.50
FATE,$7.21,1440861362516,"24,853",50% bullish,of 2 ratings,$11
FBRC,$22.28,1440861362544,"11,421",100% bearish,of 1 rating,$29
FBSS,$15.29,1440861362573,200,Not yet rated,NULL,N/A
FDML,$8.72,1440861362622,"236,899",50% bullish,of 4 ratings,$14
FEIC,$75.72,1440861362671,"219,243",50% bullish,of 2 ratings,$95.50
FHCO,$1.37,1440861362754,"24,116",50% bullish,of 4 ratings,N/A
FNHC,$21.79,1440861362804,"82,959",100% bearish,of 1 rating,$35
FCSC,$5.74,1440861362854,"84,641",100% bearish,of 1 rating,$8.125
FGEN,$25,1440861362959,"155,438",100% bearish,of 1 rating,$39
FENX,$9.97,1440861363018,"142,317",100% bullish,of 1 rating,$14.25
ONEQ,$189.9,1440861363090,"11,934",100% bullish,of 1 rating,N/A
LION,$19.23,1440861363223,"74,002",100% bullish,of 1 rating,$20
FSAM,$8.19,1440861363256,"11,024",100% bearish,of 1 rating,$10.25
FDUS,$14.64,1440861363282,"23,047",50% bullish,of 2 ratings,$18
FRGI,$52.21,1440861363351,"105,363",50% bullish,of 2 ratings,$70
FSC,$6.45,1440861363379,"607,315",60% bullish,of 5 ratings,$8
FSCFL,$24.65,1440861363407,"6,848",Not yet rated,NULL,N/A
FSFR,$8.89,1440861363455,"67,547",100% bearish,of 1 rating,$11.50
FITBI,$27.525,1440861363643,"34,706",Not yet rated,NULL,N/A
FNGN,$33.23,1440861363670,"176,570",67% bullish,of 3 ratings,$47
FITB,$19.97,1440861363697,"3,708,357",54% bullish,of 13 ratings,$22
FISI,$24.52,1440861363800,"15,149",100% bullish,of 2 ratings,$24.50
FNJN,$1.9,1440861363847,"33,173",100% bearish,of 1 rating,$5
FNTC,NULL,1440861363879,0,Not yet rated,NULL,N/A
FNSR,$15.77,1440861363899,"515,888",71% bullish,of 7 ratings,$24.50
FNTCU,NULL,1440861363978,0,Not yet rated,NULL,N/A
FNTCW,NULL,1440861364035,0,Not yet rated,NULL,N/A
FBNC,$16.95,1440861364169,"17,226",100% bullish,of 1 rating,$20
FEYE,$39.23,1440861364194,"2,069,894",87% bullish,of 15 ratings,$55.50
FRBA,$6.08,1440861364224,"1,488",Not yet rated,NULL,$8
FNLC,$18.73,1440861364250,"10,936",100% bullish,of 1 rating,N/A
FCVA,$4.61,1440861364327,351,Not yet rated,NULL,N/A
BUSE,$6.36,1440861364385,"86,619",Not yet rated,NULL,$6.875
FBIZ,$44.1,1440861364410,"28,261",100% bearish,of 2 ratings,$52
FCNCA,$238.6,1440861364547,"15,051",Not yet rated,NULL,N/A
FCFS,$39.83,1440861364582,"154,214",100% bearish,of 3 ratings,$48
FCAP,$26.77,1440861364608,402,Not yet rated,NULL,N/A
FCBC,$17.49,1440861364676,"17,432",Not yet rated,NULL,$18
FCLF,$9.05,1440861364700,"1,666",Not yet rated,NULL,N/A
FCFP,$6.94,1440861364857,"3,000",Not yet rated,NULL,N/A
FCCO,$12,1440861364883,"2,065",Not yet rated,NULL,$13.25
FBNK,$17.21,1440861364915,"22,827",100% bearish,of 1 rating,$17.50
FDEF,$37.44,1440861364944,"34,556",Not yet rated,NULL,$38
FFIN,$30.67,1440861365011,"141,387",50% bullish,of 2 ratings,$31.75
FFBC,$18.28,1440861365042,"149,353",67% bearish,of 3 ratings,$20.25
FFBCW,NULL,1440861365094,0,100% bearish,of 1 rating,N/A
FFNM,$6.19,1440861365121,"1,344",Not yet rated,NULL,N/A
THFF,$32.94,1440861365268,"24,402",Not yet rated,NULL,$35
FFWM,$21.37,1440861365295,"22,466",Not yet rated,NULL,$24
FFNW,$12.06,1440861365453,"10,423",Not yet rated,NULL,$14
INBK,$30.15,1440861365489,"10,430",50% bullish,of 2 ratings,$37
FRME,$25.92,1440861365524,"130,285",Not yet rated,NULL,$26.50
FIBK,$26.22,1440861365549,"81,866",Not yet rated,NULL,$32
FMBH,NULL,1440861365590,0,Not yet rated,NULL,N/A
FMBI,$17.43,1440861365692,"263,235",Not yet rated,NULL,$20
FNWB,$11.85,1440861365743,"10,217",Not yet rated,NULL,N/A
FNBC,$34.63,1440861365767,"63,076",Not yet rated,NULL,$40
FSFG,$30.07,1440861365791,71,Not yet rated,NULL,N/A
FNFG,$9.1568,1440861365843,"1,157,000",80% bullish,of 5 ratings,$9
FSLR,$47.8,1440861365947,"1,195,799",72% bullish,of 39 ratings,$65
FSBK,$7.82,1440861365972,"5,412",100% bullish,of 1 rating,N/A
FSGI,$2.47,1440861366017,"12,130",Not yet rated,NULL,N/A
BICK,$19.69,1440861366237,"1,428",100% bullish,of 1 rating,N/A
FCAN,$24.6,1440861366451,"6,052",Not yet rated,NULL,N/A
FEMB,NULL,1440861366667,0,Not yet rated,NULL,N/A
IFV,$17.88,1440861366695,"555,778",100% bearish,of 1 rating,N/A
FTCS,$36.63,1440861366722,"18,232",100% bearish,of 1 rating,N/A
TDIV,$24.9,1440861366742,"74,537",100% bearish,of 1 rating,N/A
FTSM,$59.85,1440861366804,"7,169",100% bearish,of 1 rating,N/A
FV,$23.71,1440861366904,"1,935,175",100% bearish,of 1 rating,N/A
FBZ,$10.144,1440861366929,600,Not yet rated,NULL,N/A
FCA,$20.44,1440861366961,"2,300",Not yet rated,NULL,N/A
FEUZ,$31.5,1440861366988,"1,405",Not yet rated,NULL,N/A
FGM,$35.58,1440861367058,"2,324",Not yet rated,NULL,N/A
FTGC,$22.39,1440861367116,"76,491",Not yet rated,NULL,N/A
MDIV,$19.23,1440861367192,"128,525",Not yet rated,NULL,N/A
FTHI,$19.5399,1440861367247,640,Not yet rated,NULL,N/A
FHK,$33.3,1440861367378,"2,363",Not yet rated,NULL,N/A
HYLS,$49.53,1440861367403,"35,104",100% bearish,of 1 rating,N/A
FPXI,$27.29,1440861367533,500,Not yet rated,NULL,N/A
SKYY,$29.18,1440861367577,"46,046",100% bullish,of 1 rating,N/A
YDIV,$16.5742,1440861367608,"3,515",Not yet rated,NULL,N/A
CU,$13.21,1440861367636,"7,015",100% bearish,of 1 rating,N/A
PLTM,$6.38,1440861367710,"6,702",100% bearish,of 1 rating,N/A
FTLB,$19.3188,1440861367738,"3,260",100% bearish,of 1 rating,N/A
FJP,$47.81,1440861367867,"59,841",Not yet rated,NULL,N/A
FMB,$51.23,1440861367895,415,Not yet rated,NULL,N/A
LMBS,$49.77,1440861367919,"5,298",Not yet rated,NULL,N/A
CIBR,$18.04,1440861368058,"51,388",Not yet rated,NULL,N/A
QABA,$37.18,1440861368084,"8,586",100% bearish,of 1 rating,N/A
FONE,$35.29,1440861368135,950,Not yet rated,NULL,N/A
GRID,$33.09,1440861368238,705,100% bearish,of 1 rating,N/A
QCLN,$15.18,1440861368263,"16,517",Not yet rated,NULL,N/A
CARZ,$35.05,1440861368311,"1,904",100% bearish,of 1 rating,N/A
QQEW,$42.1,1440861368443,"52,287",Not yet rated,NULL,N/A
RDVY,$21.17,1440861368475,"2,849",Not yet rated,NULL,N/A
QTEC,$40.33,1440861368496,"26,311",Not yet rated,NULL,N/A
QQXT,$40.74,1440861368530,"18,704",Not yet rated,NULL,N/A
AIRR,$16.4,1440861368571,"2,252",100% bearish,of 1 rating,N/A
QINC,$20.2999,1440861368627,663,Not yet rated,NULL,N/A
FTSL,$48.74,1440861368656,"110,156",100% bearish,of 1 rating,N/A
FKO,NULL,1440861368800,0,Not yet rated,NULL,N/A
FSZ,$39.19,1440861368842,"3,866",Not yet rated,NULL,N/A
FDIV,$46.09,1440861368886,302,100% bearish,of 1 rating,N/A
FTW,$31.91,1440861368945,230,Not yet rated,NULL,N/A
TUSA,$25.08,1440861369018,300,Not yet rated,NULL,N/A
FKU,$41.82,1440861369074,"5,183",Not yet rated,NULL,N/A
SVVC,$9.43,1440861369166,"11,779",50% bullish,of 2 ratings,$26
FUNC,$8.12,1440861369233,"2,091",Not yet rated,NULL,N/A
FISV,$86.78,1440861369263,"802,788",100% bearish,of 3 ratings,$90
FIVE,$38.5,1440861369337,"860,602",75% bearish,of 4 ratings,$44
FSV,$31.41,1440861369365,"12,183",Not yet rated,NULL,$33.60
FPRX,$19.37,1440861369394,"177,840",50% bullish,of 2 ratings,$35
FMER,$17.81,1440861369468,"731,124",50% bullish,of 2 ratings,$20
FIVN,$4.03,1440861369502,"81,303",100% bullish,of 1 rating,$8.50
FLKS,$12.41,1440861369596,"26,992",50% bullish,of 2 ratings,$27
FLML,$21.9746,1440861369622,"90,829",50% bullish,of 2 ratings,$30
FLXN,$25.29,1440861369778,"49,036",100% bearish,of 1 rating,$40
SKOR,$50.3,1440861369842,"2,349",Not yet rated,NULL,N/A
FLXS,$32.15,1440861369974,"13,502",100% bearish,of 2 ratings,N/A
MBSD,$25.02,1440861370001,"14,451",Not yet rated,NULL,N/A
FLIR,$28.57,1440861370022,"1,032,100",100% bearish,of 1 rating,$38.50
FLEX,$10.6,1440861370057,"1,115,185",63% bullish,of 8 ratings,$12
FFIC,$19.73,1440861370085,"77,431",Not yet rated,NULL,$21
FLDM,$11.7,1440861370157,"260,257",67% bearish,of 3 ratings,$15
FOMX,$10.18,1440861370185,"82,757",50% bullish,of 2 ratings,$23.50
FES,$0.9409,1440861370263,"94,182",50% bullish,of 2 ratings,$1
FOGO,$19.23,1440861370328,"34,672",50% bullish,of 2 ratings,$25.50
FONR,$9.7,1440861370364,"6,716",100% bullish,of 1 rating,N/A
FORM,$6.53,1440861370390,"253,899",67% bullish,of 3 ratings,$10.50
FORTY,$30.33,1440861370531,"1,000",100% bearish,of 1 rating,N/A
FTNT,$42.96,1440861370633,"603,333",80% bullish,of 10 ratings,$52
FORD,$1.66,1440861370715,"1,753,015",67% bullish,of 3 ratings,N/A
FWP,$27.02,1440861370763,"15,503",100% bearish,of 1 rating,$45
FORR,$31.88,1440861370789,"18,396",Not yet rated,NULL,N/A
FBIO,$2.88,1440861370820,"79,815",83% bullish,of 6 ratings,N/A
FWRD,$45.16,1440861370845,"186,984",100% bearish,of 1 rating,$50
FOSL,$61.6,1440861370923,"709,887",60% bearish,of 5 ratings,$80
FMI,$23.8,1440861371002,"312,031",100% bearish,of 2 ratings,$27.50
FOXF,$15.18,1440861371032,"24,155",100% bearish,of 1 rating,$19
FXCB,$17.02,1440861371053,"34,723",Not yet rated,NULL,$19
FELE,$29.23,1440861371190,"216,658",50% bullish,of 4 ratings,$33
FRED,$13.06,1440861371210,"248,657",50% bullish,of 2 ratings,$16
FRAN,$11.17,1440861371293,"366,392",50% bullish,of 4 ratings,$15
FEIM,$11,1440861371396,"3,049",100% bearish,of 1 rating,N/A
FREE,$0.378,1440861371423,"370,595",92% bullish,of 12 ratings,N/A
RAIL,$20.73,1440861371466,"70,803",100% bearish,of 1 rating,$24.50
FRPT,$13.06,1440861371493,"298,368",67% bearish,of 3 ratings,$23.50
FTRPR,$100.8,1440861371624,"53,474",100% bearish,of 1 rating,N/A
FTD,$29.27,1440861371681,"102,153",100% bearish,of 1 rating,$40
FTR,$5.08,1440861371710,"11,162,934",78% bullish,of 27 ratings,$6.25
FSBW,$23.2,1440861371744,991,Not yet rated,NULL,N/A
FCEL,$0.8,1440861371840,"1,501,071",88% bullish,of 41 ratings,$2.65
FSYS,$6.63,1440861371865,"30,772",67% bullish,of 3 ratings,$10
FRPH,$31.17,1440861371903,"5,010",100% bearish,of 1 rating,N/A
FTEK,$2.04,1440861371996,"51,368",75% bullish,of 4 ratings,N/A
FULL,$3.1,1440861372023,"30,227",67% bearish,of 3 ratings,$4.25
FULLL,$24.9101,1440861372069,200,Not yet rated,NULL,N/A
FLL,$1.51,1440861372173,"10,264",75% bullish,of 4 ratings,$3.50
FULT,$12.08,1440861372199,"624,848",100% bearish,of 1 rating,$13
FSNN,$2.18,1440861372364,"1,562",67% bullish,of 3 ratings,$6
FFHL,$1.05,1440861372410,"18,397",50% bullish,of 4 ratings,N/A
WILC,$4.97,1440861372466,"6,120",100% bullish,of 2 ratings,N/A
FXENP,$15.76,1440861372494,"1,000",100% bearish,of 1 rating,N/A
FXEN,$0.87,1440861372528,"69,159",75% bullish,of 4 ratings,$1.10
GAIA,$5.9,1440861372549,"7,898",50% bullish,of 2 ratings,$8.50
GLPG,$60.49,1440861372570,"13,297",100% bullish,of 1 rating,$75
GK,$67.55,1440861372604,"59,942",Not yet rated,NULL,$78
GALT,$1.96,1440861372837,"30,257",80% bullish,of 5 ratings,N/A
GALTU,NULL,1440861372905,0,100% bearish,of 1 rating,N/A
GALE,$1.5,1440861372930,"789,696",89% bullish,of 47 ratings,$4
GALTW,NULL,1440861373062,0,100% bullish,of 1 rating,N/A
GLPI,$31.5863,1440861373087,"324,483",100% bearish,of 1 rating,$37.50
GLMD,$8.81,1440861373117,"11,506",67% bullish,of 3 ratings,$20.50
GRMN,$37.99,1440861373139,"966,815",50% bullish,of 6 ratings,$46.50
GGACR,$0.3,1440861373213,"49,683",100% bullish,of 1 rating,N/A
GGAC,$9.89,1440861373274,"10,419",100% bearish,of 1 rating,N/A
GPIC,$9.64,1440861373311,710,100% bearish,of 1 rating,N/A
GGACU,$10.27,1440861373339,"22,044",Not yet rated,NULL,N/A
GARS,$14.21,1440861373400,"22,022",Not yet rated,NULL,$16
GNCMA,$16.99,1440861373429,"119,943",100% bearish,of 1 rating,$12
GGACW,$0.14,1440861373500,"11,300",Not yet rated,NULL,N/A
GENC,$9.16,1440861373564,"11,573",100% bearish,of 1 rating,N/A
GFN,$3.95,1440861373628,"17,699",100% bearish,of 2 ratings,$8
GNMK,$10.02,1440861373836,"195,594",67% bullish,of 6 ratings,$14
GFNSL,$25.6,1440861373878,700,Not yet rated,NULL,N/A
GNCA,$12.21,1440861373906,"103,358",100% bearish,of 1 rating,$20
GFNCP,$93.89,1440861373926,350,Not yet rated,NULL,N/A
GENE,$2.29,1440861373980,"182,762",100% bullish,of 12 ratings,N/A
GHDX,$27.75,1440861374058,"193,234",50% bullish,of 2 ratings,$30
THRM,$46.44,1440861374086,"366,550",75% bearish,of 4 ratings,$55.50
GNTX,$15.53,1440861374106,"1,032,543",Not yet rated,NULL,$20
GTWN,NULL,1440861374236,0,Not yet rated,NULL,N/A
GNVC,$2.51,1440861374265,"10,917",90% bullish,of 10 ratings,$8.50
GEOS,$16.71,1440861374290,"121,126",100% bearish,of 3 ratings,$21
GERN,$3.23,1440861374319,"1,137,894",88% bullish,of 16 ratings,$5.25
GABC,$29,1440861374419,"15,081",Not yet rated,NULL,$31
GEVO,$2.33,1440861374461,"332,274",75% bullish,of 12 ratings,$5
ROCK,$16.51,1440861374556,"136,353",80% bullish,of 5 ratings,$24
GIII,$68.14,1440861374646,"175,109",67% bullish,of 3 ratings,$75
GIGA,$1.42,1440861374699,"2,675",100% bearish,of 1 rating,N/A
GILT,$4.3001,1440861374732,"1,700",50% bullish,of 2 ratings,N/A
GIGM,$0.5201,1440861374764,"76,762",100% bullish,of 2 ratings,N/A
GBCI,$25.66,1440861374831,"245,507",50% bullish,of 2 ratings,$31
GLAD,$8.8,1440861374882,"171,130",50% bullish,of 2 ratings,$8.75
GILD,$107.7,1440861374914,"5,969,671",91% bullish,of 87 ratings,$129
GLADO,$25.59,1440861375021,"1,700",Not yet rated,NULL,N/A
GOOD,$14.64,1440861375048,"72,029",Not yet rated,NULL,$19
GOODN,$25.407,1440861375079,400,Not yet rated,NULL,N/A
GOODO,$25,1440861375179,30,Not yet rated,NULL,N/A
GOODP,NULL,1440861375206,0,Not yet rated,NULL,N/A
GAIN,$7.47,1440861375310,"107,125",100% bullish,of 2 ratings,$8.25
GAINO,$25.1728,1440861375346,490,Not yet rated,NULL,N/A
GAINN,$25.01,1440861375450,"56,593",Not yet rated,NULL,N/A
GAINP,$25.9,1440861375487,620,Not yet rated,NULL,N/A
GLBZ,NULL,1440861375512,0,Not yet rated,NULL,N/A
LAND,$9.16,1440861375533,"48,601",50% bullish,of 2 ratings,$13.75
GDEF,$10.53,1440861375678,600,Not yet rated,NULL,N/A
GBLI,$26.99,1440861375727,"11,669",Not yet rated,NULL,N/A
ENT,$11.77,1440861375762,"71,245",100% bearish,of 1 rating,$18
GPACU,NULL,1440861375829,0,Not yet rated,NULL,N/A
GBT,$44,1440861375862,"73,758",100% bearish,of 1 rating,N/A
GSOL,$8.0275,1440861375883,"18,239",100% bearish,of 1 rating,N/A
ACTX,NULL,1440861375902,0,100% bullish,of 1 rating,N/A
QQQC,$19.67,1440861375933,"3,061",100% bearish,of 1 rating,N/A
SOCL,$17.82,1440861376157,"24,218",100% bullish,of 2 ratings,N/A
ALTY,$14.44,1440861376189,600,Not yet rated,NULL,N/A
YLCO,$11.95,1440861376262,"1,396",Not yet rated,NULL,N/A
GAI,$5.9,1440861376287,"1,400",50% bullish,of 2 ratings,N/A
SRET,$13.25,1440861376335,"1,014",Not yet rated,NULL,N/A
GSM,$13.47,1440861376424,"403,698",50% bullish,of 2 ratings,$22
GBIM,$2.29,1440861376526,"19,199",50% bullish,of 2 ratings,N/A
GLBS,NULL,1440861376581,0,67% bullish,of 3 ratings,N/A
GLUU,$4.53,1440861376606,"786,373",92% bullish,of 26 ratings,$9
GLYC,$7.05,1440861376643,"16,674",50% bullish,of 2 ratings,$14
GOGO,$15.67,1440861376664,"431,299",80% bullish,of 5 ratings,$25
GLRI,$1.01,1440861376740,"23,180",100% bearish,of 1 rating,$4.25
GLNG,$38.2739,1440861376798,"963,948",83% bullish,of 6 ratings,$58
GLDC,$4,1440861376827,"5,513",50% bullish,of 2 ratings,N/A
GMLP,$18.86,1440861376928,"223,814",50% bullish,of 4 ratings,$32.50
GDEN,$8.96,1440861376952,"13,852",50% bullish,of 2 ratings,N/A
GOOGL,$659.9999,1440861377186,"1,027,271",88% bullish,of 1082 ratings,$749
GOOG,$632.69,1440861377251,"1,043,468",89% bullish,of 70 ratings,$825
GTIM,$7.03,1440861377284,"31,867",Not yet rated,NULL,$11.50
GOGL,$3.14,1440861377315,"220,227",75% bullish,of 4 ratings,$5
GBDC,$16.66,1440861377341,"111,261",Not yet rated,NULL,$17.75
GPRO,$48.18,1440861377369,"3,256,396",78% bullish,of 58 ratings,$72
GMAN,$3.73,1440861377397,"210,604",60% bullish,of 5 ratings,$8.50
GPIAU,NULL,1440861377418,0,Not yet rated,NULL,N/A
GPIA,$9.84,1440861377506,190,Not yet rated,NULL,N/A
LOPE,$37.48,1440861377668,"89,001",100% bearish,of 2 ratings,$50
GRVY,$3.16,1440861377697,125,50% bullish,of 2 ratings,N/A
GBSN,$0.38,1440861377723,"4,057,047",50% bullish,of 2 ratings,$8.25
GPIAW,NULL,1440861377754,0,Not yet rated,NULL,N/A
GBSNU,NULL,1440861377920,0,NULL,NULL,NULL
GSBC,$39.87,1440861377960,"19,620",100% bullish,of 1 rating,$44
GPP,$13.7,1440861378054,"33,561",Not yet rated,NULL,$20.50
GLDD,$5.42,1440861378108,"86,319",100% bearish,of 4 ratings,$7.75
GRBK,$11.95,1440861378138,"113,049",77% bullish,of 13 ratings,N/A
GLRE,$24.99,1440861378159,"161,684",50% bullish,of 2 ratings,$41
GNBC,$11.86,1440861378197,"12,906",100% bearish,of 1 rating,$16.50
GPRE,$20.55,1440861378217,"1,091,427",67% bullish,of 6 ratings,$28.50
GRIF,$32.61,1440861378249,308,100% bearish,of 1 rating,N/A
GCBC,NULL,1440861378349,0,100% bullish,of 1 rating,N/A
GRFS,$30.5748,1440861378532,"206,103",50% bullish,of 2 ratings,$35
OMAB,$40.81,1440861378563,"12,578",100% bullish,of 1 rating,$44
GRPN,$4.6,1440861378588,"5,953,989",61% bullish,of 71 ratings,$6.75
GSIT,$4.62,1440861378634,"8,389",100% bearish,of 1 rating,N/A
GSIG,$12.99,1440861378659,"26,470",100% bearish,of 2 ratings,N/A
GGAL,$19.4858,1440861378811,"118,461",80% bullish,of 5 ratings,$40
GTXI,$0.874,1440861378838,"20,930",100% bullish,of 5 ratings,$.75
GFED,$14.67,1440861378865,779,Not yet rated,NULL,$17
GSVC,$8.72,1440861378892,"82,010",50% bullish,of 2 ratings,$14.50
GBNK,$15.79,1440861378916,"18,291",100% bearish,of 1 rating,$18
GURE,$1.67,1440861379069,"85,776",88% bullish,of 8 ratings,N/A
GULTU,$0.3001,1440861379094,"1,330,535",100% bearish,of 1 rating,N/A
GUID,$7.28,1440861379115,"42,026",100% bearish,of 3 ratings,$10
GPOR,$35.04,1440861379164,"1,494,164",75% bullish,of 4 ratings,$55
GIFI,$12.46,1440861379260,"46,325",100% bearish,of 1 rating,$16
GWPH,$109.33,1440861379327,"112,738",78% bullish,of 9 ratings,$148.50
GWGH,$7.74,1440861379511,"1,171",100% bearish,of 1 rating,$15.05
GYRO,$2.84,1440861379536,"6,150",100% bearish,of 1 rating,N/A
HLG,$9.5,1440861379557,"2,247",100% bearish,of 1 rating,N/A
HNRG,$7.69,1440861379587,"67,708",100% bearish,of 1 rating,$10
HEES,$18.69,1440861379611,"314,064",67% bearish,of 3 ratings,$31
HMPR,$1.87,1440861379797,"27,659",100% bullish,of 1 rating,N/A
HBK,$13.67,1440861379854,713,50% bullish,of 2 ratings,N/A
HALO,$18.41,1440861379880,"771,518",67% bullish,of 3 ratings,$22.50
HALL,$11.41,1440861379910,"17,778",Not yet rated,NULL,N/A
HBHC,$27.4,1440861379935,"558,474",50% bullish,of 2 ratings,$30
HBHCL,$24.39,1440861379960,"26,203",Not yet rated,NULL,N/A
HNH,$25.45,1440861380094,"17,110",100% bullish,of 1 rating,N/A
HAFC,$23.98,1440861380120,"109,880",100% bullish,of 2 ratings,$28.50
HNSN,$0.56,1440861380263,"56,801",88% bullish,of 8 ratings,$.40
HDNG,$10.04,1440861380288,"11,625",50% bullish,of 4 ratings,N/A
HQCL,$12.9,1440861380312,"30,828",67% bullish,of 3 ratings,$14
HRMN,NULL,1440861380439,0,Not yet rated,NULL,N/A
HRMNU,NULL,1440861380488,0,Not yet rated,NULL,N/A
HART,$1.04,1440861380517,"103,690",100% bearish,of 1 rating,N/A
HLIT,$5.79,1440861380545,"246,263",100% bearish,of 1 rating,$6.50
HBIO,$4.28,1440861380613,"35,954",100% bearish,of 1 rating,$10
HRMNW,NULL,1440861380643,0,Not yet rated,NULL,N/A
HCAP,$12.15,1440861380745,"4,513",50% bullish,of 2 ratings,$15
TINY,$2.48,1440861380774,"19,385",50% bullish,of 2 ratings,$5.26
HA,$22.91,1440861380876,"540,918",67% bullish,of 9 ratings,$27
HCAPL,$25.7399,1440861380935,400,Not yet rated,NULL,N/A
HAS,$75.51,1440861380966,"715,928",63% bullish,of 8 ratings,$84.50
HCOM,$21.82,1440861381073,"31,985",100% bearish,of 1 rating,$28
HWBK,$13.24,1440861381131,100,100% bearish,of 1 rating,N/A
HWKN,$37.33,1440861381159,"28,446",Not yet rated,NULL,N/A
HDS,$33.233,1440861381210,"1,196,925",100% bearish,of 2 ratings,$39.50
HAYN,$38.31,1440861381263,"42,900",100% bearish,of 1 rating,$59
HQY,$29.51,1440861381342,"115,451",67% bullish,of 3 ratings,$32
HCSG,$33.32,1440861381377,"191,852",50% bullish,of 4 ratings,$35
HWAY,$11.95,1440861381468,"278,697",100% bearish,of 1 rating,$15
HSTM,$25.36,1440861381495,"85,370",50% bullish,of 2 ratings,$33.75
HIIQ,$5.17,1440861381523,"32,371",50% bullish,of 2 ratings,$7
HTLD,$20.55,1440861381543,"341,001",Not yet rated,NULL,$22.50
HTWR,$86.25,1440861381678,"147,034",50% bullish,of 2 ratings,$103
HTLF,$35.88,1440861381704,"18,551",100% bullish,of 1 rating,$39.50
HTBX,$5.16,1440861381836,"3,070",50% bullish,of 2 ratings,$15.50
HELE,$85.56,1440861381863,"103,241",67% bearish,of 3 ratings,$100
HSII,$19.62,1440861381887,"52,553",100% bullish,of 3 ratings,$25
HMTV,$13.72,1440861381991,"12,932",100% bearish,of 1 rating,$16
HMNY,$2.19,1440861382022,300,100% bearish,of 1 rating,N/A
HNNA,$24.865,1440861382085,"10,548",Not yet rated,NULL,N/A
HERO,NULL,1440861382146,0,NULL,NULL,NULL
HCACU,$9.98,1440861382170,"100,000",Not yet rated,NULL,N/A
HTBK,$10.63,1440861382198,"33,812",Not yet rated,NULL,$12
HSIC,$139.4,1440861382219,"342,416",83% bullish,of 6 ratings,$146
HCCI,$11.25,1440861382387,"42,055",100% bearish,of 1 rating,$16.50
HEOP,$7.66,1440861382415,"15,820",Not yet rated,NULL,$8.50
HFWA,$17.59,1440861382450,"71,544",100% bullish,of 1 rating,$20
HRTX,$35.46,1440861382548,"219,447",67% bullish,of 6 ratings,$41
HSKA,$33.74,1440861382568,"20,659",100% bearish,of 1 rating,$38
MLHR,$26.99,1440861382599,"310,038",50% bullish,of 2 ratings,$33.50
HFFC,$15.77,1440861382651,"5,478",Not yet rated,NULL,N/A
HPJ,$2.21,1440861382795,"29,621",75% bullish,of 4 ratings,$12.43
HIBB,$38.87,1440861382822,"223,423",100% bearish,of 1 rating,$46.50
HIFS,$115.91,1440861382884,"1,151",Not yet rated,NULL,N/A
HIHO,$3.81,1440861382913,"6,096",Not yet rated,NULL,N/A
HIMX,$6.906,1440861382964,"915,996",86% bullish,of 21 ratings,$8.50
HMSY,$10.47,1440861383046,"809,768",67% bullish,of 3 ratings,$19.35
HSGX,$6.05,1440861383095,"3,574",100% bearish,of 1 rating,$17
HOLI,$17.78,1440861383178,"94,603",50% bullish,of 4 ratings,$27
HMNF,$11.32,1440861383202,"2,016",Not yet rated,NULL,N/A
HOLX,$39.76,1440861383251,"1,449,945",67% bullish,of 3 ratings,$42
HBCP,$24.71,1440861383383,"2,436",Not yet rated,NULL,$29
HOMB,$37.97,1440861383414,"222,036",Not yet rated,NULL,$42
HFBL,$21.62,1440861383444,536,Not yet rated,NULL,N/A
AWAY,$29.19,1440861383512,"431,994",67% bullish,of 3 ratings,$36
HMST,$21.84,1440861383542,"74,855",100% bullish,of 2 ratings,$27
HMIN,$26.7,1440861383638,"59,584",100% bearish,of 2 ratings,$35
HTBI,$18.18,1440861383668,"26,626",67% bullish,of 3 ratings,$18.625
HKTV,$4.76,1440861383814,200,100% bearish,of 1 rating,N/A
CETC,$0.76,1440861383843,"165,443",86% bullish,of 7 ratings,N/A
HOFT,$23.78,1440861383872,"18,879",100% bearish,of 1 rating,N/A
HFBC,$11.22,1440861383970,"3,150",Not yet rated,NULL,N/A
HBNC,$23.57,1440861384073,"12,027",100% bullish,of 1 rating,$27
HZNP,$30.48,1440861384133,"1,069,487",85% bullish,of 20 ratings,$40
HDP,$24.18,1440861384159,"194,225",67% bearish,of 3 ratings,$30.50
HRZN,$10.33,1440861384203,"33,944",50% bullish,of 2 ratings,$14.25
ZINC,$7.85,1440861384292,"597,280",100% bearish,of 1 rating,$17
HWCC,$7.5,1440861384323,"82,097",100% bearish,of 1 rating,$9
HOVNP,$4.54,1440861384343,"1,000",100% bearish,of 1 rating,N/A
HMHC,$22.7,1440861384375,"467,940",Not yet rated,NULL,$27
HBMD,$14.24,1440861384474,809,100% bearish,of 1 rating,N/A
HUBG,$37.06,1440861384548,"387,683",100% bearish,of 1 rating,$43
HSNI,$62.38,1440861384632,"170,632",Not yet rated,NULL,$80
HSON,$2.55,1440861384681,"22,082",100% bearish,of 1 rating,$5
HTGM,$5.69,1440861384707,"4,024",100% bearish,of 1 rating,$19.50
HCBK,$9.36,1440861384727,"1,263,712",83% bullish,of 6 ratings,$8.61
HBANP,NULL,1440861384884,0,100% bearish,of 1 rating,N/A
HURC,$30.35,1440861384917,"11,794",100% bearish,of 1 rating,N/A
HDSN,$3.11,1440861385015,"27,087",100% bullish,of 1 rating,$6.25
HURN,$73.36,1440861385040,"75,680",50% bullish,of 2 ratings,$80
HBP,$3.11,1440861385069,"3,775",100% bullish,of 1 rating,N/A
HBAN,$10.91,1440861385096,"5,203,375",76% bullish,of 17 ratings,$12.29
HDRA,NULL,1440861385230,0,Not yet rated,NULL,N/A
HTCH,$1.56,1440861385260,"94,983",100% bearish,of 1 rating,$3.50
HDRAR,NULL,1440861385280,0,Not yet rated,NULL,N/A
HDRAU,NULL,1440861385361,0,Not yet rated,NULL,N/A
HDRAW,NULL,1440861385435,0,Not yet rated,NULL,N/A
HYGS,$9.55,1440861385491,"29,871",50% bullish,of 2 ratings,$13
IDSY,$3.91,1440861385573,"6,108",100% bearish,of 1 rating,$7
IKGH,$1.8,1440861385601,"10,231",75% bullish,of 4 ratings,N/A
IACI,$71.44,1440861385746,"445,254",75% bullish,of 4 ratings,$90
IBKC,$60.36,1440861385775,"111,938",100% bullish,of 1 rating,$70
ICAD,$3.9,1440861385800,"83,344",100% bullish,of 2 ratings,$7.25
IEP,$74.24,1440861385826,"59,662",75% bullish,of 4 ratings,$99
ICFI,$34.04,1440861385879,"48,356",50% bullish,of 2 ratings,$48.50
ICON,$13.52,1440861386011,"466,663",50% bullish,of 2 ratings,$18.50
ICLR,$77.9507,1440861386035,"266,641",100% bearish,of 3 ratings,$85
IPWR,$7.28,1440861386178,"4,444",100% bullish,of 1 rating,$15
ICUI,$113.92,1440861386208,"46,176",Not yet rated,NULL,$122
INVE,$4.4,1440861386255,"78,490",75% bullish,of 4 ratings,$4
IDRA,$2.94,1440861386276,"601,938",89% bullish,of 9 ratings,$6.50
IROQ,$16.7,1440861386405,300,100% bullish,of 1 rating,N/A
IDXX,$73.21,1440861386491,"346,348",100% bearish,of 1 rating,$77
DSKY,$10.9914,1440861386516,"128,718",67% bullish,of 6 ratings,$11.50
IRG,$4.78,1440861386553,"23,310",100% bearish,of 1 rating,$4.25
RXDX,$13.82,1440861386574,"155,513",100% bullish,of 1 rating,$20
IIVI,$16.89,1440861386647,"155,141",100% bearish,of 1 rating,$22
IKAN,$2.72,1440861386677,"4,738",83% bullish,of 6 ratings,$5
KANG,$15.8182,1440861386743,"226,303",50% bullish,of 2 ratings,$22.55
IKNX,NULL,1440861386767,0,100% bearish,of 1 rating,N/A
IMMR,$11.81,1440861386917,"72,756",80% bullish,of 5 ratings,$15.50
ILMN,$201.49,1440861386978,"782,267",80% bullish,of 5 ratings,$245
ICCC,$7.21,1440861387066,"13,479",100% bullish,of 1 rating,N/A
ISNS,$4,1440861387112,"15,572",50% bullish,of 2 ratings,N/A
IMDZ,$16.61,1440861387137,"27,500",100% bearish,of 1 rating,$33
IMGN,$14.28,1440861387171,"955,380",75% bullish,of 4 ratings,$17.50
IMNP,$1.36,1440861387275,"30,681",50% bullish,of 2 ratings,$6
IPXL,$42.4,1440861387295,"457,825",67% bullish,of 3 ratings,$46.50
IMMU,$2.16,1440861387327,"704,998",86% bullish,of 7 ratings,$2
INCR,$42.01,1440861387375,"221,716",50% bullish,of 2 ratings,$53
INCY,$120.44,1440861387474,"1,092,792",50% bullish,of 6 ratings,$125.50
SAAS,$7.64,1440861387502,"242,260",50% bullish,of 2 ratings,$15
IMMY,$7.69,1440861387531,"4,471",100% bearish,of 1 rating,$11
IBCP,$14.16,1440861387631,"93,148",100% bullish,of 1 rating,$14.50
INDB,$44.5,1440861387665,"202,363",Not yet rated,NULL,$44
IBTX,$41.49,1440861387774,"14,876",100% bullish,of 2 ratings,$47.25
IDSA,$3.6,1440861387854,"2,730",Not yet rated,NULL,N/A
IPCC,$77.31,1440861387912,"22,807",Not yet rated,NULL,$77.50
INFI,$9.28,1440861387953,"337,361",50% bullish,of 4 ratings,$18
III,$3.89,1440861388060,"95,856",57% bullish,of 7 ratings,$6
INFN,$22.29,1440861388117,"1,022,680",71% bullish,of 7 ratings,$28
IFON,$1.21,1440861388146,"24,493",75% bullish,of 4 ratings,N/A
INWK,$7.09,1440861388179,"56,331",50% bullish,of 2 ratings,$10
INOD,$2.38,1440861388205,"4,694",100% bearish,of 1 rating,N/A
INNL,$12.78,1440861388247,"1,348",100% bearish,of 1 rating,$16.50
IMKTA,$50.28,1440861388275,"51,886",100% bearish,of 1 rating,N/A
IOSP,$48.17,1440861388409,"185,737",100% bearish,of 1 rating,N/A
IPHS,$48.24,1440861388434,"75,518",100% bearish,of 1 rating,$60
ISSC,$2.78,1440861388505,"4,200",67% bearish,of 3 ratings,N/A
INGN,$49.78,1440861388597,"219,266",100% bearish,of 1 rating,$50.50
ITEK,$12.15,1440861388624,"249,011",100% bearish,of 3 ratings,$20
INOV,$21.73,1440861388698,"735,420",100% bearish,of 1 rating,$33
INO,$7.75,1440861388755,"1,636,416",89% bullish,of 18 ratings,$20
ISIG,$2.71,1440861388781,"10,879",100% bearish,of 1 rating,N/A
NSIT,$25.8,1440861388911,"111,626",50% bullish,of 2 ratings,N/A
INSM,$25.69,1440861388939,"271,347",71% bullish,of 7 ratings,$31.50
IIIN,$17.07,1440861388959,"16,380",100% bearish,of 2 ratings,N/A
PODD,$29.71,1440861388994,"209,947",67% bearish,of 3 ratings,$35
IART,$60.79,1440861389099,"177,967",100% bearish,of 2 ratings,$71.50
INSY,$33.83,1440861389128,"270,702",75% bullish,of 4 ratings,$48
NTEC,$5.75,1440861389157,"8,105",100% bearish,of 1 rating,N/A
IESC,$7.02,1440861389238,"2,580",100% bearish,of 1 rating,N/A
IDTI,$19.09,1440861389265,"1,457,438",60% bullish,of 5 ratings,$25
ISSI,$21.94,1440861389407,"133,663",67% bullish,of 3 ratings,$19.75
INTC,$28.41,1440861389443,"25,692,266",82% bullish,of 238 ratings,$36
IBKR,$40.2881,1440861389581,"605,394",100% bullish,of 1 rating,N/A
IQNT,$18.59,1440861389609,"151,264",86% bullish,of 7 ratings,$20
IPAR,$25.63,1440861389630,"79,920",67% bullish,of 3 ratings,$38
IPCI,$2.31,1440861389665,"76,615",67% bullish,of 6 ratings,$8
ININ,$36.15,1440861389760,"85,150",67% bearish,of 3 ratings,$57
ICLDW,NULL,1440861389780,0,100% bearish,of 1 rating,N/A
ICLD,$1.85,1440861389826,"103,348",75% bullish,of 4 ratings,N/A
ICPT,$189.4643,1440861389851,"96,157",70% bullish,of 10 ratings,$359.50
TILE,$23.94,1440861389994,"431,058",100% bearish,of 3 ratings,$27
IDCC,$48,1440861390021,"175,555",80% bullish,of 5 ratings,$63
IMI,$2.13,1440861390061,"10,493",67% bullish,of 3 ratings,$2.22
INAP,$8.05,1440861390205,"239,819",75% bullish,of 4 ratings,$11
ISCA,$31.97,1440861390238,"101,605",100% bearish,of 1 rating,N/A
IBOC,$25.15,1440861390264,"154,160",100% bearish,of 1 rating,N/A
IGLD,$6.97,1440861390301,400,50% bullish,of 2 ratings,N/A
IIJI,$10,1440861390334,40,50% bullish,of 2 ratings,$11.50
ISIL,$10.61,1440861390553,"483,071",50% bullish,of 6 ratings,$15
PTNT,$2.91,1440861390592,"2,723",Not yet rated,NULL,N/A
INTX,$2.03,1440861390613,"97,223",67% bullish,of 3 ratings,N/A
INPH,$0.32,1440861390634,"162,928",50% bullish,of 2 ratings,N/A
XENT,$25.35,1440861390676,"141,556",50% bullish,of 2 ratings,$36.50
INTL,$25.81,1440861390702,"62,769",67% bearish,of 3 ratings,N/A
IILG,$19.97,1440861390723,"103,268",100% bearish,of 1 rating,$29
IVAC,$4.86,1440861390768,"23,655",100% bearish,of 1 rating,$6.625
INTLL,$26.09,1440861390967,850,Not yet rated,NULL,N/A
ITCI,$26.96,1440861391005,"275,633",75% bearish,of 4 ratings,$40
IIN,$6.39,1440861391038,"2,100",100% bearish,of 1 rating,$12
ISRG,$514.24,1440861391137,"95,903",67% bullish,of 3 ratings,$600
INVT,$0.303,1440861391164,"213,959",67% bullish,of 3 ratings,N/A
INTU,$86.21,1440861391192,"1,895,063",86% bullish,of 7 ratings,$107.50
SNAK,$8.68,1440861391212,"102,749",50% bullish,of 2 ratings,$14
ISTR,$15.6,1440861391342,841,100% bearish,of 1 rating,$18.50
ISBC,$11.75,1440861391438,"972,204",100% bullish,of 1 rating,$13.25
IVTY,$14.61,1440861391470,"17,056",Not yet rated,NULL,$18
ITIC,$71.15,1440861391502,"1,300",100% bearish,of 2 ratings,N/A
NVIV,$9.66,1440861391534,"133,271",50% bullish,of 4 ratings,$24.50
IPAS,$1.09,1440861391570,"49,183",67% bullish,of 3 ratings,N/A
DTUL,NULL,1440861391634,0,Not yet rated,NULL,N/A
DFVL,NULL,1440861391670,0,Not yet rated,NULL,N/A
IRIX,$6.89,1440861391865,"7,546",100% bearish,of 1 rating,N/A
IPGP,$85.88,1440861391895,"250,042",100% bearish,of 2 ratings,$109.50
IRMD,$25.04,1440861391948,"11,245",67% bearish,of 3 ratings,$25
IPCM,$79.44,1440861391969,"119,808",50% bullish,of 2 ratings,$80.125
IRDM,$7.18,1440861391997,"400,499",60% bullish,of 5 ratings,$11.50
IRDMB,$279.5,1440861392130,320,67% bearish,of 3 ratings,N/A
IRWD,$11.27,1440861392159,"1,082,384",100% bearish,of 1 rating,$13
IRBT,$29.29,1440861392183,"166,490",67% bullish,of 6 ratings,$37
COMT,$33.62,1440861392286,"23,140",100% bearish,of 1 rating,N/A
FCHI,NULL,1440861392312,0,NULL,NULL,NULL
IRCP,NULL,1440861392340,0,100% bullish,of 2 ratings,N/A
GNMA,$50.32,1440861392376,"3,187",Not yet rated,NULL,N/A
IFAS,NULL,1440861392445,0,NULL,NULL,NULL
IFEU,$37.74,1440861392529,"4,879",Not yet rated,NULL,N/A
IFGL,$28.61,1440861392556,"191,698",Not yet rated,NULL,N/A
IFNA,NULL,1440861392579,0,NULL,NULL,NULL
ACWX,$41.04,1440861392708,"692,879",100% bearish,of 1 rating,N/A
ACWI,$56.3,1440861392770,"1,578,362",Not yet rated,NULL,N/A
AAXJ,$53.8559,1440861392794,"3,183,887",Not yet rated,NULL,N/A
AXJS,NULL,1440861392818,0,NULL,NULL,NULL
EEME,NULL,1440861392845,0,NULL,NULL,NULL
EMDI,NULL,1440861392946,0,NULL,NULL,NULL
AAIT,NULL,1440861392976,0,NULL,NULL,NULL
EEMA,$50.47,1440861392996,"37,087",Not yet rated,NULL,N/A
EMEY,NULL,1440861393080,0,NULL,NULL,NULL
EVAL,NULL,1440861393134,0,NULL,NULL,NULL
EEML,$27.61,1440861393213,"9,700",Not yet rated,NULL,N/A
EGRW,NULL,1440861393235,0,NULL,NULL,NULL
EUFN,$21.85,1440861393267,"73,493",100% bearish,of 1 rating,N/A
UAE,$18.63,1440861393402,"11,900",Not yet rated,NULL,N/A
QAT,$21.6,1440861393427,600,Not yet rated,NULL,N/A
IEUS,$45.4,1440861393458,"5,456",100% bearish,of 1 rating,N/A
IBB,$353.28,1440861393633,"853,689",63% bullish,of 8 ratings,N/A
EMIF,$28.87,1440861393670,"8,923",Not yet rated,NULL,N/A
SOXX,$83.25,1440861393691,"380,264",50% bullish,of 2 ratings,N/A
ICLN,$9.6,1440861393768,"14,518",50% bullish,of 2 ratings,N/A
WOOD,$48.3,1440861393798,"23,260",50% bullish,of 2 ratings,N/A
INDY,$27.63,1440861393824,"140,732",50% bullish,of 2 ratings,N/A
ISHG,$79.35,1440861393845,"9,098",100% bearish,of 1 rating,N/A
IGOV,$90.85,1440861394082,"16,643",100% bearish,of 1 rating,N/A
ISRL,$131.04,1440861394218,465,100% bearish,of 1 rating,N/A
ITRN,$24.11,1440861394245,"1,416",50% bullish,of 2 ratings,N/A
ISLE,$17.63,1440861394268,"140,146",50% bullish,of 4 ratings,$16
XXIA,$15.17,1440861394298,"472,050",71% bullish,of 7 ratings,$14.625
ISIS,$51.5999,1440861394322,"782,005",53% bullish,of 15 ratings,$67
ITUS,$4.03,1440861394355,"7,850",Not yet rated,NULL,N/A
ITRI,$30.03,1440861394376,"194,687",100% bearish,of 1 rating,$37
IXYS,$11.14,1440861394555,"103,762",50% bullish,of 4 ratings,N/A
JBHT,$73.51,1440861394628,"554,190",50% bullish,of 4 ratings,$89.50
JCOM,$69.71,1440861394686,"185,842",100% bullish,of 2 ratings,$77
JJSF,$114.72,1440861394712,"29,311",100% bearish,of 1 rating,N/A
MAYS,$55.95,1440861394733,100,Not yet rated,NULL,N/A
JKHY,$68.7938,1440861394864,"214,469",50% bullish,of 2 ratings,$72
JAGX,$3.44,1440861395006,"8,574",Not yet rated,NULL,N/A
JAXB,$13.31,1440861395037,90,100% bullish,of 1 rating,N/A
JXSB,NULL,1440861395058,0,Not yet rated,NULL,N/A
JASO,$7.9,1440861395094,"747,475",82% bullish,of 17 ratings,$10
JACK,$81.77,1440861395115,"189,732",83% bullish,of 6 ratings,$105
JMBA,$13.95,1440861395147,"91,223",75% bullish,of 4 ratings,$18
JAKK,$9.42,1440861395188,"492,606",60% bearish,of 5 ratings,$11
JRVR,$26.79,1440861395322,"37,791",Not yet rated,NULL,$32
ERW,NULL,1440861395350,0,Not yet rated,NULL,N/A
JASN,$4.93,1440861395382,"23,503",50% bullish,of 2 ratings,$9.50
JASNW,NULL,1440861395595,0,50% bullish,of 2 ratings,N/A
JAZZ,$171.501,1440861395670,"167,566",80% bullish,of 15 ratings,$206.50
JTPY,$2.95,1440861395738,100,100% bearish,of 1 rating,N/A
JD,$26.77,1440861395765,"4,905,314",75% bullish,of 16 ratings,$36
JBLU,$22.25,1440861395813,"2,629,199",94% bullish,of 18 ratings,$27
JCTCF,NULL,1440861395845,0,100% bullish,of 1 rating,N/A
DATE,$5.92,1440861395946,"93,636",75% bullish,of 4 ratings,$9
JIVE,$4.51,1440861395973,"258,687",75% bullish,of 4 ratings,$5
JST,$3.98,1440861396000,"7,252",75% bullish,of 4 ratings,N/A
WYIGU,$10.2,1440861396162,6,Not yet rated,NULL,N/A
JOEZ,$0.17,1440861396191,"97,593",92% bullish,of 12 ratings,N/A
JOUT,$23.41,1440861396294,"5,196",100% bearish,of 1 rating,$34
JBSS,$54.48,1440861396333,"71,680",67% bearish,of 3 ratings,N/A
JNP,$10.93,1440861396357,"25,559",100% bullish,of 3 ratings,$15
JUNO,$38.06,1440861396496,"681,045",73% bullish,of 11 ratings,$71.50
KTWO,$21.65,1440861396535,"84,969",100% bearish,of 1 rating,$28.50
KMDA,$3.48,1440861396560,"19,288",50% bullish,of 2 ratings,$8
KNDI,$6.72,1440861396590,"254,671",86% bullish,of 22 ratings,N/A
KALU,$83.24,1440861396695,"129,573",67% bearish,of 3 ratings,$91
KCLI,$46.85,1440861396734,"26,651",Not yet rated,NULL,N/A
KBIO,$2.01,1440861396759,"19,373",50% bullish,of 4 ratings,N/A
