Symbol,Price,Date,Volume,Rating,RatingVoteCount,OneYearEstimate
TFSCU,NULL,1441128002517,0,Not yet rated,NULL,N/A
FCCY,$11.54,1441128002648,414,100% bullish,of 1 rating,$13
PIH,$7.5401,1441128002684,"2,350",100% bearish,of 1 rating,N/A
FCTY,$8.02,1441128002706,"1,400",100% bullish,of 1 rating,$8.50
FLWS,$8.45,1441128002738,"171,980",80% bullish,of 5 ratings,$15
TFSC,NULL,1441128002758,0,100% bearish,of 1 rating,N/A
TFSCR,NULL,1441128002779,0,Not yet rated,NULL,N/A
TFSCW,$0.26,1441128002814,"1,600",100% bearish,of 1 rating,N/A
VNET,$17.33,1441128002835,"233,587",60% bullish,of 5 ratings,$35
DGLD,$79.76,1441128002966,"6,903",100% bearish,of 1 rating,N/A
UGLD,$9.46,1441128002994,"153,080",100% bearish,of 1 rating,N/A
USLV,$12.58,1441128003015,"94,431",86% bullish,of 7 ratings,N/A
SRCE,$29.26,1441128003054,"11,007",100% bullish,of 3 ratings,$33
JOBS,$25.57,1441128003143,"62,647",50% bullish,of 4 ratings,$36
DSLV,$69.6115,1441128003190,"7,358",100% bearish,of 1 rating,N/A
TWOU,$34.12,1441128003247,"98,870",50% bullish,of 2 ratings,$39
SIXD,$2.44,1441128003389,"57,401",Not yet rated,NULL,N/A
CAFD,$14.69,1441128003523,"65,119",Not yet rated,NULL,$25
EGHT,$7.67,1441128003558,"140,537",82% bullish,of 17 ratings,$11
ABEO,$4.68,1441128003585,"59,275",50% bullish,of 4 ratings,$15.50
SHLM,$33.4,1441128003630,"24,900",100% bearish,of 1 rating,$47
ABAX,$46.98,1441128003690,"94,692",100% bearish,of 1 rating,$60
AVHI,$13.96,1441128003711,"7,652",100% bearish,of 1 rating,$19
ABGB,$5.65,1441128003760,"41,711",67% bullish,of 3 ratings,$5.50
AAON,$20.13,1441128003790,"31,888",100% bearish,of 1 rating,$24
ABEOW,$1.6001,1441128003857,550,100% bullish,of 1 rating,N/A
ABY,$21.78,1441128003889,"243,915",100% bearish,of 2 ratings,$46
ABMD,$93.6,1441128004091,"189,845",75% bullish,of 4 ratings,$100.50
AXAS,$1.89,1441128004119,"358,307",78% bullish,of 9 ratings,$3.50
ACHC,$70.86,1441128004171,"134,021",50% bullish,of 2 ratings,$92
ACTG,$9.0101,1441128004354,"70,940",67% bullish,of 3 ratings,$18.50
ACST,$0.33,1441128004387,"9,001",100% bullish,of 2 ratings,N/A
AXDX,$19.737,1441128004413,"58,314",100% bearish,of 1 rating,N/A
XLRN,$28.87,1441128004484,"28,589",50% bullish,of 2 ratings,$57
ANCX,$20.18,1441128004585,"5,992",Not yet rated,NULL,$20
ARAY,$6.67,1441128004649,"184,312",100% bearish,of 1 rating,$10.50
AKAO,$6.87,1441128004781,"9,334",75% bullish,of 4 ratings,$15
VXUP,$1.78,1441128004815,"81,262",100% bearish,of 1 rating,N/A
VXDN,$1.65,1441128004845,"119,244",100% bearish,of 1 rating,N/A
ACAD,$36.11,1441128004875,"255,100",80% bullish,of 20 ratings,$48
ACHN,$7.08,1441128004912,"721,726",90% bullish,of 21 ratings,$16
ACRX,$4.36,1441128004939,"128,234",67% bearish,of 6 ratings,$5.50
ACET,$22.02,1441128004973,"29,809",75% bullish,of 4 ratings,$30
ACOR,$31.36,1441128005149,"209,466",67% bearish,of 3 ratings,$38.50
ACIW,$20.93,1441128005179,"96,432",67% bearish,of 3 ratings,$24
ACTS,$1.63,1441128005282,"5,108",100% bearish,of 1 rating,N/A
ACNB,$19.78,1441128005306,"1,807",Not yet rated,NULL,N/A
ACPW,$1.9901,1441128005332,"23,307",100% bullish,of 4 ratings,$3.25
ATVI,$27.56,1441128005472,"3,009,114",67% bullish,of 84 ratings,$31.50
ACUR,$2.8903,1441128005497,"8,459",100% bullish,of 5 ratings,$5
ACTA,$13.93,1441128005525,"31,152",67% bearish,of 3 ratings,$25
ACXM,$20.52,1441128005550,"70,071",67% bullish,of 3 ratings,N/A
ADMS,$19.77,1441128005577,"22,093",100% bearish,of 2 ratings,$36
ADAP,$11.444,1441128005715,"56,696",67% bullish,of 3 ratings,$22
ADMP,$3.64,1441128005817,"5,052",50% bullish,of 2 ratings,$10
AEY,$2.3899,1441128005847,"4,865",100% bearish,of 2 ratings,N/A
ADEP,$6.633,1441128005955,"54,599",50% bullish,of 2 ratings,$10.75
ADMA,$9.15,1441128005983,"2,745",Not yet rated,NULL,$19
ADBE,$76.5,1441128006010,"749,054",65% bullish,of 17 ratings,$90
ADUS,$28.27,1441128006054,"20,857",100% bearish,of 1 rating,$31
ADRO,$19.078,1441128006189,"100,640",80% bullish,of 5 ratings,$45.50
ADTN,$15.8155,1441128006225,"88,859",67% bullish,of 3 ratings,$17.125
AMD,$1.76,1441128006368,"1,842,925",83% bullish,of 103 ratings,$2
AEIS,$23.84,1441128006404,"62,867",50% bullish,of 2 ratings,$32.50
ADXSW,$9.75,1441128006499,"6,278",100% bullish,of 1 rating,N/A
MULT,NULL,1441128006528,0,100% bearish,of 1 rating,N/A
AEGR,$17.15,1441128006551,"141,582",50% bullish,of 6 ratings,$26
YPRO,NULL,1441128006580,0,100% bearish,of 1 rating,N/A
ADXS,$13.78,1441128006611,"219,291",64% bullish,of 14 ratings,$27
AEGN,$18.13,1441128006715,"41,375",100% bearish,of 2 ratings,$21
AMTX,$2.9,1441128006792,"4,364",50% bullish,of 2 ratings,$26.11
AEHR,$2.38,1441128006844,"5,937",50% bullish,of 2 ratings,N/A
AEPI,$53.5,1441128006868,"6,125",100% bearish,of 1 rating,N/A
AERI,$15.38,1441128006942,"227,031",75% bullish,of 4 ratings,$31.50
AVAV,$23.39,1441128007170,"26,450",50% bullish,of 4 ratings,$31
AFMD,$9.81,1441128007208,"35,796",50% bullish,of 4 ratings,$15
AEMD,$7.42,1441128007234,"13,843",Not yet rated,NULL,$27.50
AEZS,$0.0867,1441128007266,"4,316,813",90% bullish,of 21 ratings,$1.50
AFFX,$9.045,1441128007287,"103,467",80% bullish,of 5 ratings,$12.50
AGEN,$6.84,1441128007365,"226,698",85% bullish,of 13 ratings,$14
AGYS,$10.14,1441128007427,"5,848",100% bearish,of 1 rating,N/A
AGIO,$84.02,1441128007495,"90,118",88% bullish,of 8 ratings,$114
AGRX,$8.4,1441128007528,"7,770",100% bearish,of 1 rating,$17.50
AGFS,$9.775,1441128007563,"29,105",100% bearish,of 1 rating,N/A
AIRM,$35.815,1441128007710,"95,827",80% bearish,of 5 ratings,$53
AGFSW,$2.01,1441128007739,500,100% bearish,of 2 ratings,N/A
AIMT,$21.37,1441128007780,"62,129",Not yet rated,NULL,$35.50
AIRT,$22.3,1441128007805,504,100% bullish,of 1 rating,N/A
ATSG,$8.74,1441128007868,"49,856",67% bullish,of 3 ratings,$13
AMCN,$4.455,1441128007895,"98,179",83% bullish,of 6 ratings,N/A
AKBA,$7.3647,1441128008138,"131,279",100% bearish,of 1 rating,$18
AIXG,$6.31,1441128008165,"3,036",67% bearish,of 3 ratings,$5.25
AKRX,$38.854,1441128008186,"213,975",78% bullish,of 9 ratings,$56
AKER,$2.5486,1441128008238,120,Not yet rated,NULL,N/A
ALRM,$15.99,1441128008394,"64,780",100% bearish,of 1 rating,$22
AMRI,$19.71,1441128008449,"66,878",75% bearish,of 4 ratings,$24
AKAM,$70.24,1441128008478,"603,522",63% bullish,of 8 ratings,$77.50
ALDR,$38.15,1441128008584,"139,320",67% bearish,of 3 ratings,$62
ABDC,$12.82,1441128008615,"3,300",Not yet rated,NULL,$15
ADHD,$8.15,1441128008641,"59,880",50% bullish,of 4 ratings,$18
ALSK,$2.19,1441128008669,"42,729",78% bullish,of 18 ratings,$2
ALDX,$6.8,1441128008718,"3,025",100% bearish,of 1 rating,$14.50
ALCO,$42.19,1441128008850,"2,972",50% bullish,of 2 ratings,N/A
ALXA,$1.2,1441128008909,"17,280",83% bullish,of 6 ratings,$2.125
ALGN,$54.3,1441128009007,"228,934",100% bearish,of 2 ratings,$73
ALXN,$171.61,1441128009050,"610,072",88% bullish,of 8 ratings,$223
ALKS,$60.34,1441128009103,"489,778",67% bullish,of 3 ratings,$75
ALIM,$3.21,1441128009133,"35,380",80% bullish,of 5 ratings,$10
ALGT,$196.25,1441128009200,"77,293",100% bearish,of 2 ratings,$235
AFOP,$18.46,1441128009304,"85,028",75% bullish,of 8 ratings,$21
AIQ,$13.91,1441128009369,"3,054",67% bullish,of 3 ratings,N/A
AHPI,$1.45,1441128009473,400,50% bullish,of 2 ratings,N/A
AMOT,$18.57,1441128009507,"51,847",100% bearish,of 1 rating,N/A
ALLB,$22.82,1441128009532,202,Not yet rated,NULL,N/A
ARLP,$25.63,1441128009571,"61,373",67% bearish,of 3 ratings,$32
AHGP,$35.761,1441128009602,"25,140",67% bullish,of 3 ratings,N/A
ALQA,$4.67,1441128009706,"17,245",75% bullish,of 4 ratings,$8.50
ALLT,$5.19,1441128009734,"19,364",75% bullish,of 4 ratings,$6.25
MDRX,$13.35,1441128009870,"534,729",60% bullish,of 5 ratings,$16
AFAM,$44.034,1441128009998,"31,242",50% bullish,of 2 ratings,$44
AOSL,$7.55,1441128010029,"25,101",67% bullish,of 3 ratings,$9
SMCP,$22.9899,1441128010120,"2,400",Not yet rated,NULL,N/A
ALNY,$98.71,1441128010147,"279,578",67% bullish,of 3 ratings,$151.50
ALTR,$47.98,1441128010169,"954,490",80% bearish,of 5 ratings,$54
ASPS,$26.275,1441128010230,"97,416",67% bullish,of 3 ratings,$46.50
ATEC,$0.5801,1441128010304,"15,300",100% bullish,of 1 rating,$2
AIMC,$24.27,1441128010340,"30,742",100% bearish,of 2 ratings,$28.50
AMAG,$60.64,1441128010438,"202,071",100% bullish,of 2 ratings,$77.50
AMRN,$2.16,1441128010465,"552,645",85% bullish,of 39 ratings,$8
AMRK,$10.6,1441128010494,600,50% bullish,of 2 ratings,$14
AYA,$20.4301,1441128010515,"10,080",100% bearish,of 1 rating,$40
AMZN,$500.51,1441128010649,"950,024",81% bullish,of 265 ratings,$646
AMBC,$16.09,1441128010717,"45,197",100% bearish,of 1 rating,$16.50
AMBCW,NULL,1441128010818,0,100% bearish,of 1 rating,N/A
DOX,$56.23,1441128010954,"103,045",67% bearish,of 3 ratings,$60
AMDA,$0.4751,1441128010979,"228,656",90% bullish,of 10 ratings,$1
EPAX,$2.68,1441128011005,"24,856",100% bearish,of 1 rating,N/A
AMCX,$69.99,1441128011058,"93,304",67% bullish,of 3 ratings,$87.50
ATAX,$5.36,1441128011202,"23,710",100% bullish,of 1 rating,$6.50
UHAL,$366.35,1441128011230,"4,152",100% bullish,of 2 ratings,$393.50
AMBA,$89.37,1441128011251,"1,766,656",83% bullish,of 12 ratings,$102.50
ASBI,$22.7999,1441128011290,500,Not yet rated,NULL,N/A
AMOV,$17.99,1441128011385,387,100% bearish,of 1 rating,N/A
AMED,$38.605,1441128011413,"108,694",100% bearish,of 1 rating,$42
AAL,$38.97,1441128011445,"4,826,856",93% bullish,of 88 ratings,$57
AGNCB,$24.1918,1441128011544,"12,846",Not yet rated,NULL,N/A
AGNC,$19.05,1441128011572,"835,012",71% bullish,of 28 ratings,$22
AGNCP,$25.3225,1441128011647,"3,342",Not yet rated,NULL,N/A
MTGE,$15.19,1441128011704,"207,118",75% bullish,of 4 ratings,$19.50
MTGEP,$24.2745,1441128011773,550,Not yet rated,NULL,N/A
ACSF,$12.367,1441128011876,"12,341",100% bearish,of 1 rating,$15
ACAS,$13.63,1441128011955,"432,092",60% bullish,of 5 ratings,$16.75
ANCI,NULL,1441128011989,0,100% bearish,of 1 rating,N/A
AMNB,$23.58,1441128012057,906,Not yet rated,NULL,$25.50
ANAT,$97.8,1441128012088,"11,379",100% bullish,of 1 rating,N/A
AETI,NULL,1441128012116,0,67% bearish,of 3 ratings,N/A
AMIC,NULL,1441128012139,0,100% bearish,of 1 rating,N/A
APEI,$21.91,1441128012190,"31,239",100% bearish,of 1 rating,$25.50
AMRB,$10.05,1441128012274,"3,172",Not yet rated,NULL,$11
ASEI,$38.75,1441128012380,"8,064",100% bearish,of 1 rating,$52.50
ARII,$39.74,1441128012405,"96,741",67% bearish,of 3 ratings,$45
AMSWA,$8.82,1441128012429,"29,953",100% bearish,of 2 ratings,$10.75
AMSC,$5.1,1441128012562,"123,075",50% bullish,of 4 ratings,N/A
ABCB,$26.45,1441128012666,"18,522",Not yet rated,NULL,$31
ASRV,$3.2254,1441128012713,"12,187",100% bullish,of 2 ratings,N/A
AMSF,$46.04,1441128012752,"4,660",Not yet rated,NULL,$57.50
CRMT,$36.29,1441128012810,"16,279",100% bearish,of 1 rating,$39
ASRVP,NULL,1441128012839,0,Not yet rated,NULL,N/A
AMWD,$65.01,1441128012864,"34,999",50% bullish,of 2 ratings,$70
ATLO,$23.6,1441128012895,"2,766",Not yet rated,NULL,N/A
FOLD,$14.23,1441128012992,"707,985",56% bullish,of 9 ratings,$21
AMSG,$76.3,1441128013220,"59,247",100% bearish,of 1 rating,$85.50
AMKR,$5.1,1441128013246,"649,380",100% bearish,of 2 ratings,$5
AMGN,$148.052,1441128013303,"1,690,361",89% bullish,of 19 ratings,$185
ASYS,$5.56,1441128013375,"12,318",67% bullish,of 3 ratings,$12
AMPH,$13.19,1441128013402,"101,888",50% bullish,of 2 ratings,$20
AFSI,$56.12,1441128013476,"153,429",60% bullish,of 5 ratings,$72
AMRS,$1.81,1441128013530,"53,087",70% bullish,of 10 ratings,N/A
ANAC,$128.25,1441128013555,"126,428",80% bullish,of 5 ratings,$180.50
ADI,$53.38,1441128013580,"905,091",67% bullish,of 3 ratings,$69
ALOG,$79.6,1441128013628,"19,263",100% bearish,of 2 ratings,$100.50
AMSGP,$148.51,1441128013765,400,Not yet rated,NULL,N/A
ABCW,$40.8,1441128013800,"7,041",67% bullish,of 3 ratings,N/A
ANAD,$0.3389,1441128013901,"125,571",100% bullish,of 2 ratings,$.50
AMCF,$0.21,1441128013936,"6,370",100% bullish,of 7 ratings,N/A
ANGI,$5.1499,1441128013962,"114,092",64% bullish,of 11 ratings,$5.50
ANCB,$21.5,1441128013982,"1,100",Not yet rated,NULL,$23
ANIP,$51.44,1441128014140,"114,354",89% bullish,of 19 ratings,$66
ANGO,$14.56,1441128014227,"28,880",67% bullish,of 3 ratings,$19
ANIK,$35,1441128014285,"42,802",60% bullish,of 5 ratings,$51.25
ANSS,$86.8,1441128014312,"137,519",100% bearish,of 1 rating,$100
APIC,$6.43,1441128014362,"45,257",100% bearish,of 1 rating,$19
ABAC,$0.76,1441128014447,"5,628",100% bearish,of 1 rating,N/A
ATNY,NULL,1441128014478,0,50% bullish,of 2 ratings,$3.75
ATRS,$1.86,1441128014559,"315,532",92% bullish,of 12 ratings,$4.50
ANTH,$6.75,1441128014589,"292,682",80% bullish,of 10 ratings,$13
APOL,$10.9555,1441128014658,"404,690",87% bearish,of 68 ratings,$14
AINV,$6.33,1441128014683,"616,690",50% bullish,of 4 ratings,$8
APOG,$50.42,1441128014735,"45,197",50% bullish,of 2 ratings,$67
APPF,$15.195,1441128014844,"16,231",50% bullish,of 2 ratings,$22
ARCI,$1.218,1441128014874,"1,020",Not yet rated,NULL,N/A
AAPL,$109.97,1441128014945,"21,769,952",86% bullish,of 2358 ratings,$150
APDN,$3.55,1441128014978,"23,537",Not yet rated,NULL,$9
APDNW,$1.48,1441128015072,"10,080",Not yet rated,NULL,N/A
AMAT,$15.62,1441128015109,"5,395,504",82% bullish,of 11 ratings,$23
AAOI,$19.77,1441128015175,"81,852",50% bullish,of 4 ratings,$26
AMCC,$5.65,1441128015245,"134,027",80% bullish,of 5 ratings,$8
AGTC,$15.94,1441128015272,"30,813",50% bullish,of 2 ratings,$33
APRI,$1.73,1441128015417,"668,865",83% bullish,of 6 ratings,$4.86
AREX,$2.35,1441128015474,"371,224",50% bullish,of 2 ratings,$3
APTO,$5.21,1441128015501,"1,000",Not yet rated,NULL,$17
AQMS,$4.8,1441128015534,"7,415",Not yet rated,NULL,N/A
AQXP,$16.95,1441128015560,"72,049",50% bullish,of 2 ratings,$2
AUMAU,NULL,1441128015631,0,Not yet rated,NULL,N/A
AUMA,$9.9,1441128015756,100,Not yet rated,NULL,N/A
AUMAW,NULL,1441128015858,0,Not yet rated,NULL,N/A
ARDM,NULL,1441128015896,0,100% bullish,of 1 rating,$26
ABUS,$6.695,1441128015923,"175,451",86% bullish,of 14 ratings,$23
ABIO,$0.898,1441128015991,"12,328",50% bullish,of 2 ratings,$3.75
ARCW,$3.68,1441128016017,"2,913",100% bearish,of 2 ratings,$10.50
PETX,$17.52,1441128016038,"86,374",100% bearish,of 2 ratings,$26
ACGL,$67.66,1441128016187,"195,469",50% bullish,of 2 ratings,$72
RKDA,$6.285,1441128016279,"5,527",100% bearish,of 2 ratings,$10
ACAT,$25.58,1441128016305,"23,600",100% bearish,of 3 ratings,$33
ARCB,$27.88,1441128016350,"60,773",67% bearish,of 3 ratings,$39.50
ARDX,$18.85,1441128016384,"35,866",50% bullish,of 2 ratings,$24.50
AGII,$55.07,1441128016476,"24,075",Not yet rated,NULL,$59.50
ARCC,$15.37,1441128016509,"839,220",67% bearish,of 3 ratings,$17.75
AGIIL,$25.34,1441128016581,158,Not yet rated,NULL,N/A
ARNA,$2.545,1441128016608,"790,023",90% bullish,of 78 ratings,$5.50
ARGS,$6.21,1441128016678,"33,145",50% bullish,of 2 ratings,$19.50
ARIA,$8.99,1441128016736,"2,052,367",87% bullish,of 46 ratings,$9
ARIS,$3.6999,1441128016761,"6,716",Not yet rated,NULL,$4.50
ARTX,$1.4784,1441128016898,"99,185",88% bullish,of 16 ratings,$4.50
ARMH,$41.35,1441128016997,"440,072",54% bearish,of 13 ratings,$60
ARWAR,NULL,1441128017029,0,Not yet rated,NULL,N/A
ARWA,NULL,1441128017053,0,Not yet rated,NULL,N/A
ARKR,$24.74,1441128017084,42,50% bullish,of 2 ratings,N/A
ARWAW,NULL,1441128017109,0,Not yet rated,NULL,N/A
ARWAU,$10.2,1441128017138,200,100% bullish,of 1 rating,N/A
ARQL,$1.62,1441128017188,"45,985",75% bullish,of 4 ratings,$5
ARRY,$5.7,1441128017322,"479,311",100% bullish,of 7 ratings,$10
DWAT,$9.6645,1441128017412,"8,900",100% bearish,of 1 rating,N/A
ARRS,$25.97,1441128017451,"330,487",50% bullish,of 2 ratings,$38
AROW,$27.1,1441128017477,"12,645",Not yet rated,NULL,N/A
ARWR,$5.69,1441128017498,"239,859",75% bullish,of 4 ratings,$10.50
ARTW,$3.97,1441128017627,"10,816",75% bearish,of 4 ratings,N/A
ASBB,$24.11,1441128017699,100,Not yet rated,NULL,N/A
ARTNA,$21.84,1441128017727,"6,956",100% bearish,of 1 rating,$29
ASNA,$12.03,1441128017803,"721,771",50% bullish,of 2 ratings,$18
ASCMA,$27.77,1441128017867,"23,273",100% bearish,of 1 rating,$45
ASMI,NULL,1441128017974,0,NULL,NULL,NULL
ASTI,$0.2052,1441128018003,"13,893,378",83% bullish,of 6 ratings,$3
APWC,$1.72,1441128018060,100,100% bearish,of 1 rating,N/A
ASND,$19.41,1441128018134,"26,907",50% bullish,of 2 ratings,$30
ASML,$88.98,1441128018226,"247,663",50% bullish,of 4 ratings,$127
AZPN,$37.22,1441128018264,"100,751",50% bullish,of 2 ratings,$42
ASMB,$13.67,1441128018315,"24,955",67% bullish,of 3 ratings,N/A
ASFI,$8.85,1441128018415,"5,900",100% bullish,of 1 rating,N/A
ASTC,$2.0701,1441128018549,"15,271",100% bullish,of 5 ratings,N/A
ASUR,$5.42,1441128018635,"3,448",50% bullish,of 2 ratings,$8
ALOT,$13.59,1441128018664,"1,196",100% bearish,of 1 rating,N/A
ATRA,$39.03,1441128018689,"48,525",50% bullish,of 2 ratings,$68
ATRO,$49.59,1441128018723,"33,631",100% bearish,of 2 ratings,$80
ASTE,$38.46,1441128018762,"24,586",100% bearish,of 1 rating,$49
ATAI,$2.37,1441128018823,"23,818",100% bearish,of 1 rating,N/A
ATHN,$130.51,1441128018959,"66,446",67% bearish,of 3 ratings,$153
ATHX,$1.13,1441128019016,"60,551",89% bullish,of 9 ratings,$5
AAPC,$10.1,1441128019062,8,Not yet rated,NULL,N/A
AFCB,NULL,1441128019092,0,Not yet rated,NULL,N/A
AAME,$3.59,1441128019113,100,Not yet rated,NULL,N/A
ACFC,$5.38,1441128019195,"15,979",100% bearish,of 1 rating,$6.50
ATNI,$70.54,1441128019351,"14,453",100% bearish,of 1 rating,$69.50
ATLC,$3.98,1441128019389,"2,390",67% bullish,of 3 ratings,N/A
ATOS,$0.778,1441128019410,"23,028",100% bullish,of 7 ratings,$7
ATML,$7.805,1441128019440,"4,079,993",78% bullish,of 9 ratings,$9.50
AAWW,$38.81,1441128019479,"101,222",50% bullish,of 2 ratings,$65
AFH,$15.82,1441128019508,"36,337",Not yet rated,NULL,$21.50
ATRC,$23.94,1441128019569,"41,387",100% bullish,of 1 rating,$30
ATRM,$2.72,1441128019698,400,50% bullish,of 2 ratings,N/A
ATTU,$12.69,1441128019747,"41,370",100% bearish,of 1 rating,$20.50
AUBN,$26.95,1441128019876,233,Not yet rated,NULL,N/A
ATRI,$382.61,1441128019925,506,Not yet rated,NULL,N/A
LIFE,$14,1441128019958,"32,001",86% bullish,of 7 ratings,$43
AUDC,$3.32,1441128019988,"39,874",80% bullish,of 5 ratings,$5
EARS,$4.64,1441128020057,"2,904",100% bearish,of 2 ratings,$11
AUPH,$3.44,1441128020087,"42,106",100% bearish,of 1 rating,$8
ADAT,$0.2844,1441128020115,"73,724",100% bullish,of 2 ratings,N/A
ADP,$75.3,1441128020188,"640,703",100% bearish,of 1 rating,$88
ABTL,$17.755,1441128020263,"29,893",100% bullish,of 4 ratings,$20.25
AVGO,$120.19,1441128020335,"1,348,250",88% bullish,of 8 ratings,$165
AAVL,$10.2011,1441128020367,"103,833",100% bearish,of 1 rating,$20
ADSK,$45.79,1441128020413,"1,406,507",67% bullish,of 6 ratings,$66
AVEO,$1.3801,1441128020468,"339,098",75% bullish,of 8 ratings,$3
AVNU,$12.5701,1441128020500,"9,640",Not yet rated,NULL,$14
AVNW,$1.17,1441128020599,"18,350",50% bullish,of 2 ratings,N/A
AVID,$8.4,1441128020741,"212,205",100% bearish,of 1 rating,$20
CAR,$43.09,1441128020817,"470,224",80% bullish,of 5 ratings,$60
AVGR,$14.8101,1441128020876,"9,154",100% bearish,of 1 rating,$20
AWRE,$3.2163,1441128020906,"2,347",67% bullish,of 3 ratings,N/A
ACLS,$3.17,1441128020936,"123,384",67% bullish,of 6 ratings,$4.75
AXPWW,$1.0001,1441128020960,100,Not yet rated,NULL,N/A
AXPW,$1.8505,1441128020987,"1,493,772",83% bullish,of 6 ratings,N/A
AXGN,$4.65,1441128021021,"36,318",Not yet rated,NULL,$5
AXTI,$2.19,1441128021119,"5,007",50% bullish,of 2 ratings,$2.75
BCOM,NULL,1441128021252,0,100% bearish,of 1 rating,N/A
BOSC,$2.1501,1441128021278,200,50% bullish,of 2 ratings,N/A
BEAV,$47.7,1441128021303,"455,902",67% bearish,of 3 ratings,$59
RILY,NULL,1441128021438,0,Not yet rated,NULL,N/A
BCPC,$57.62,1441128021463,"35,599",100% bearish,of 1 rating,$75
BWINB,$22.6,1441128021595,"3,000",Not yet rated,NULL,N/A
BLDP,$1.34,1441128021626,"140,083",91% bullish,of 22 ratings,$2.50
BIDU,$144.2,1441128021655,"1,460,126",81% bullish,of 88 ratings,$210
BANF,$58.89,1441128021676,"11,323",Not yet rated,NULL,$68
BWINA,NULL,1441128021704,0,Not yet rated,NULL,N/A
BOCH,$5.71,1441128021736,"3,084",Not yet rated,NULL,$6.50
BKMU,$7.1,1441128021871,"11,138",Not yet rated,NULL,$8
BANFP,NULL,1441128021931,0,Not yet rated,NULL,N/A
BMRC,$47.75,1441128021964,"1,834",Not yet rated,NULL,$52
BKSC,NULL,1441128022000,0,Not yet rated,NULL,N/A
BOTJ,$11.11,1441128022063,25,Not yet rated,NULL,N/A
BFIN,$12.2,1441128022288,"4,850",Not yet rated,NULL,$13
OZRK,$40.05,1441128022314,"187,178",67% bullish,of 3 ratings,$49.50
BWFG,$17.85,1441128022344,200,100% bearish,of 1 rating,N/A
TAPR,$33.6,1441128022372,150,100% bearish,of 1 rating,N/A
BZUN,$4.98,1441128022425,"101,357",50% bullish,of 2 ratings,$11.50
BANR,$43.38,1441128022451,"25,972",100% bullish,of 3 ratings,$50
BHACR,NULL,1441128022522,0,Not yet rated,NULL,N/A
BBSI,$34.94,1441128022654,"19,142",67% bearish,of 3 ratings,$62.50
BHACU,NULL,1441128022681,0,Not yet rated,NULL,N/A
BHACW,NULL,1441128022734,0,Not yet rated,NULL,N/A
BYLK,$13,1441128022763,"9,101",Not yet rated,NULL,$14
BHAC,NULL,1441128022866,0,Not yet rated,NULL,N/A
BYBK,$4.9559,1441128022977,513,100% bearish,of 1 rating,N/A
BV,$5.21,1441128023024,"152,099",67% bullish,of 6 ratings,$9
BSET,$27.82,1441128023049,"7,208",100% bearish,of 1 rating,$35
BBCN,$14.02,1441128023080,"76,668",100% bearish,of 1 rating,$16
BCBP,NULL,1441128023110,0,Not yet rated,NULL,N/A
BSF,$8.5,1441128023251,"2,413",Not yet rated,NULL,N/A
BECN,$35.21,1441128023280,"55,209",50% bullish,of 2 ratings,$40
BBBY,$60.69,1441128023430,"480,840",71% bullish,of 7 ratings,$75
BDCV,$4.88,1441128023462,"6,081",100% bearish,of 1 rating,$10.19
BEBE,$1.3199,1441128023490,"274,521",75% bullish,of 4 ratings,$2.125
BBGI,$3.96,1441128023563,100,100% bearish,of 1 rating,N/A
BELFA,$14.87,1441128023621,218,100% bearish,of 1 rating,N/A
BELFB,$17.38,1441128023653,"9,682",100% bearish,of 1 rating,N/A
BLPH,$4.39,1441128023754,"10,550",100% bearish,of 1 rating,$12.50
BLCM,$16.71,1441128023781,"41,116",50% bullish,of 4 ratings,$40
BNCL,$12.26,1441128023806,"155,522",100% bullish,of 3 ratings,$12.50
BNFT,$35.34,1441128023940,"52,881",67% bullish,of 3 ratings,$46
BGCP,$8.69,1441128024044,"385,332",88% bullish,of 8 ratings,$14
BGMD,$0.6901,1441128024075,"16,197",100% bullish,of 10 ratings,N/A
BGFV,$11.125,1441128024105,"51,130",57% bullish,of 7 ratings,$12
BNTC,$7.66,1441128024131,"7,447",100% bullish,of 1 rating,N/A
ORPN,$5.7599,1441128024206,"3,100",100% bullish,of 1 rating,$28.50
BASI,$1.64,1441128024259,"2,625",Not yet rated,NULL,N/A
BCDA,NULL,1441128024288,0,Not yet rated,NULL,N/A
BIND,$4.7692,1441128024313,"83,727",75% bullish,of 4 ratings,$13.50
BIOC,$1.97,1441128024485,"74,693",83% bullish,of 6 ratings,$3.85
BCRX,$11.11,1441128024537,"257,586",63% bullish,of 8 ratings,$18
BDSI,$6.535,1441128024563,"443,992",88% bullish,of 8 ratings,$17
BIOD,$0.69,1441128024611,"102,620",80% bullish,of 5 ratings,$4
BLFS,$2.6365,1441128024715,"332,389",100% bearish,of 1 rating,$4.75
BIIB,$295.83,1441128024745,"677,237",88% bullish,of 16 ratings,$400
BIOL,$1.53,1441128024840,"19,904",Not yet rated,NULL,N/A
BLRX,$1.51,1441128024870,"65,478",100% bullish,of 12 ratings,$5
BVXVW,$0.7,1441128024943,"4,500",100% bearish,of 1 rating,N/A
BMRN,$125.1,1441128024974,"369,985",80% bullish,of 5 ratings,$160
BVXV,$3.53,1441128025011,"5,812",Not yet rated,NULL,N/A
BRLI,NULL,1441128025037,0,NULL,NULL,NULL
BPTH,$1.31,1441128025068,"177,034",100% bullish,of 2 ratings,$5
BBP,$31.98,1441128025256,"23,605",Not yet rated,NULL,N/A
BIOS,$2.32,1441128025282,"338,915",71% bullish,of 7 ratings,$4
BBC,$30.77,1441128025302,"12,047",Not yet rated,NULL,N/A
BOTA,$2.21,1441128025470,"23,460",88% bullish,of 8 ratings,N/A
BSTC,$47.4817,1441128025497,"9,858",100% bearish,of 1 rating,$76
BSPM,$0.65,1441128025541,"5,680",50% bullish,of 2 ratings,N/A
BEAT,$14.6901,1441128025568,"222,260",67% bearish,of 3 ratings,$15
BITI,$16.99,1441128025589,"4,186",100% bullish,of 1 rating,$28
TECH,$92.39,1441128025626,"37,647",100% bullish,of 1 rating,$117
BJRI,$43.11,1441128025719,"68,352",50% bullish,of 2 ratings,$55
BDMS,NULL,1441128025746,0,100% bearish,of 1 rating,N/A
BBOX,$14.91,1441128025795,"38,364",100% bearish,of 1 rating,N/A
BLKB,$55.68,1441128025964,"41,230",100% bearish,of 2 ratings,$66
HAWK,$38.04,1441128025991,"146,547",91% bullish,of 11 ratings,$49
BDE,$7.19,1441128026016,"40,944",50% bullish,of 2 ratings,$9
BBRY,$7.43,1441128026046,"1,404,129",61% bullish,of 330 ratings,$9
BKCC,$9.3,1441128026147,"101,463",50% bullish,of 2 ratings,$10
ADRA,$26.2301,1441128026199,"7,362",100% bearish,of 1 rating,N/A
ADRE,$29.2,1441128026236,"2,115",100% bearish,of 1 rating,N/A
ADRD,$21.3993,1441128026297,"68,511",100% bearish,of 1 rating,N/A
ADRU,$21.1812,1441128026368,100,100% bearish,of 1 rating,N/A
BLMN,$20.46,1441128026393,"378,896",83% bullish,of 6 ratings,$27.50
BCOR,$13.32,1441128026423,"77,478",57% bullish,of 7 ratings,$15
BLBD,$11.77,1441128026469,"3,373",Not yet rated,NULL,N/A
BUFF,$24.44,1441128026563,"358,663",83% bullish,of 12 ratings,$31.50
BHBK,$13.7,1441128026622,"38,901",100% bullish,of 1 rating,$14.50
NILE,$33.72,1441128026705,"30,910",50% bullish,of 2 ratings,$34
BLUE,$129.25,1441128026763,"168,728",71% bullish,of 7 ratings,$217.50
BBLU,$0.789,1441128026788,"36,541",100% bullish,of 2 ratings,$4.43
BKEPP,$7.4,1441128026866,100,100% bearish,of 1 rating,N/A
BKEP,$6.15,1441128026922,"3,333",100% bearish,of 1 rating,$8.50
BNCN,$20.47,1441128026973,"28,734",Not yet rated,NULL,$24
BPMC,$26.91,1441128027053,"21,494",50% bullish,of 2 ratings,$47.50
BOBE,$44.35,1441128027151,"61,168",75% bullish,of 4 ratings,$57
BOFI,$111.575,1441128027179,"100,645",100% bullish,of 6 ratings,$144
WIFI,$7.4,1441128027313,"38,703",50% bullish,of 2 ratings,$13.50
BOJA,$20.819,1441128027346,"60,802",100% bullish,of 1 rating,$30
BNSO,$1.282,1441128027367,"1,800",100% bearish,of 1 rating,N/A
BONA,$11.41,1441128027442,"94,198",75% bullish,of 4 ratings,$8.50
BPFH,$11.39,1441128027502,"121,795",100% bearish,of 1 rating,$14
BAMM,$3.1738,1441128027528,"6,325",60% bullish,of 5 ratings,N/A
BOKF,$60.85,1441128027557,"103,535",100% bearish,of 1 rating,$69
BPFHW,NULL,1441128027582,0,100% bearish,of 1 rating,N/A
BPFHP,$25,1441128027788,"2,940",100% bearish,of 1 rating,N/A
BCLI,$3.07,1441128027821,"26,306",80% bullish,of 5 ratings,$12
BBRG,$12.12,1441128027854,"26,545",67% bullish,of 3 ratings,$14.50
EPAY,$26.5,1441128027883,"39,237",100% bearish,of 2 ratings,$30
BDBD,$8.26,1441128027916,"314,908",60% bullish,of 5 ratings,$10
BBEPP,$14.248,1441128027990,"13,306",100% bearish,of 1 rating,N/A
BBEP,$2.7299,1441128028050,"694,222",69% bullish,of 13 ratings,$5.625
BDGE,$26.02,1441128028127,"3,243",Not yet rated,NULL,$31.75
BCOV,$5.27,1441128028180,"38,855",67% bullish,of 3 ratings,$10.20
BRID,NULL,1441128028236,0,100% bearish,of 1 rating,N/A
BSFT,$31.71,1441128028312,"66,515",57% bullish,of 7 ratings,$40.50
BRCM,$49.84,1441128028345,"2,196,538",75% bullish,of 12 ratings,$56
BYFC,$1.45,1441128028410,502,50% bullish,of 2 ratings,N/A
BLIN,NULL,1441128028462,0,100% bullish,of 2 ratings,$2.20
BVSN,$5.8999,1441128028491,"1,500",60% bearish,of 5 ratings,N/A
BWEN,$3.16,1441128028520,"6,293",75% bullish,of 4 ratings,$8
BRCD,$10.18,1441128028625,"1,345,142",92% bullish,of 13 ratings,$11.50
BRKS,$10.33,1441128028706,"42,450",67% bullish,of 3 ratings,$15.25
BRKL,$10.13,1441128028736,"208,066",100% bearish,of 1 rating,$10.75
BMTC,$28.9,1441128028807,"17,742",Not yet rated,NULL,$34
BLMT,$20.717,1441128028833,"3,349",Not yet rated,NULL,N/A
BRKR,$17.81,1441128028967,"102,721",100% bearish,of 2 ratings,$22
BWLD,$189.17,1441128028997,"128,948",82% bullish,of 11 ratings,$205
BSQR,$5.935,1441128029029,"23,569",67% bullish,of 3 ratings,N/A
CFFI,$34.6469,1441128029073,449,100% bearish,of 1 rating,N/A
CHRW,$66.215,1441128029103,"466,035",Not yet rated,NULL,$72
BUR,$1.797,1441128029131,"4,294",100% bearish,of 1 rating,$8
BLDR,$14.25,1441128029200,"285,176",67% bullish,of 3 ratings,$22
CA,$26.48,1441128029270,"673,144",50% bullish,of 4 ratings,$33
CCMP,$42.135,1441128029359,"14,921",50% bullish,of 2 ratings,$59
CACQ,$7.11,1441128029442,"14,167",100% bearish,of 1 rating,$12.25
CDNS,$19.63,1441128029472,"496,058",75% bullish,of 4 ratings,$22.50
CDZI,$8.07,1441128029497,"6,348",100% bearish,of 1 rating,N/A
CZR,$9.035,1441128029575,"313,193",60% bearish,of 5 ratings,$10.50
CSTE,$39.07,1441128029602,"41,363",50% bullish,of 2 ratings,$65
PRSS,$4.34,1441128029734,"3,302",80% bullish,of 5 ratings,$4.50
CLMS,$10.25,1441128029771,"30,760",Not yet rated,NULL,$10.50
CHY,$11.219,1441128029792,"203,562",Not yet rated,NULL,N/A
CLBS,$1.625,1441128029814,"211,604",79% bullish,of 14 ratings,$4
CHI,$10.4126,1441128029865,"113,002",100% bearish,of 1 rating,N/A
CFGE,$10.34,1441128029890,80,Not yet rated,NULL,N/A
CCD,$18.84,1441128029947,"39,912",Not yet rated,NULL,N/A
CHW,$7.4201,1441128030030,"58,674",100% bearish,of 1 rating,N/A
CGO,$11.93,1441128030079,"12,927",100% bearish,of 1 rating,N/A
CSQ,$9.71,1441128030162,"184,258",Not yet rated,NULL,N/A
CAMP,$15.995,1441128030319,"208,649",88% bullish,of 8 ratings,$25
CFNB,$13.34,1441128030355,100,100% bearish,of 1 rating,N/A
CALA,$5.54,1441128030377,"168,088",100% bullish,of 3 ratings,$19.50
CALD,$15.78,1441128030447,"158,579",100% bearish,of 1 rating,$21
CVGW,$57.05,1441128030474,"35,366",50% bullish,of 2 ratings,$62
CALM,$51.55,1441128030515,"202,667",80% bullish,of 5 ratings,$63.50
CLMT,$25.484,1441128030548,"88,265",75% bullish,of 8 ratings,$31
CAMBU,NULL,1441128030605,0,100% bearish,of 1 rating,N/A
CAMB,$9.95,1441128030647,"1,856",Not yet rated,NULL,N/A
CAMBW,NULL,1441128030775,0,Not yet rated,NULL,N/A
ABCD,$5.09,1441128030805,"60,535",83% bullish,of 6 ratings,N/A
CAMT,$2.6101,1441128030872,"15,988",73% bullish,of 11 ratings,$4
CAC,$40.65,1441128030903,"2,082",Not yet rated,NULL,N/A
CSIQ,$18.11,1441128031100,"765,590",86% bullish,of 28 ratings,$42.50
CPHC,NULL,1441128031129,0,100% bearish,of 1 rating,N/A
CPLA,$48.81,1441128031182,"44,329",67% bearish,of 3 ratings,$65
CGIX,$9.6699,1441128031215,"7,375",67% bullish,of 3 ratings,$14.375
CBNJ,$11.1,1441128031241,"3,185",100% bearish,of 1 rating,N/A
CBF,$30.3,1441128031267,"72,271",Not yet rated,NULL,$32
CPLP,$7.1,1441128031312,"97,474",71% bullish,of 7 ratings,$11
CCBG,$15.22,1441128031399,"13,750",Not yet rated,NULL,$17.25
CSWC,$44.48,1441128031483,"8,703",Not yet rated,NULL,N/A
CAPN,$2.16,1441128031554,"45,563",100% bullish,of 1 rating,$10.85
CPTA,$13.68,1441128031585,"20,532",100% bearish,of 1 rating,$18.50
CFFN,$11.73,1441128031687,"409,795",Not yet rated,NULL,$12.75
CAPR,$4.6301,1441128031721,"5,081",Not yet rated,NULL,$12
CAPNW,NULL,1441128031755,0,Not yet rated,NULL,N/A
CBYL,$5.09,1441128031819,"7,186",100% bearish,of 1 rating,$20
CPST,$0.3867,1441128031844,"393,808",95% bullish,of 22 ratings,$1.25
CARB,$11.06,1441128031875,"56,672",75% bullish,of 4 ratings,$12
CARA,$18.43,1441128031896,"52,838",50% bullish,of 4 ratings,$25
CSII,$24.04,1441128032069,"120,827",100% bearish,of 2 ratings,$42.125
CFNL,$21.77,1441128032099,"25,574",Not yet rated,NULL,$24
CRME,$9,1441128032125,"5,500",89% bullish,of 9 ratings,$11.25
CRDC,$0.32,1441128032165,"141,961",100% bullish,of 1 rating,$1.25
CATM,$33.75,1441128032190,"73,252",100% bearish,of 1 rating,$44
CDNA,$6.84,1441128032257,"2,703",100% bearish,of 1 rating,$9
CECO,$3.65,1441128032283,"72,039",67% bearish,of 3 ratings,$6
CKEC,$23.1,1441128032417,"57,955",50% bullish,of 2 ratings,$35.915
CTRE,$10.825,1441128032551,"62,805",50% bullish,of 2 ratings,$13.50
CLBH,$12.59,1441128032652,"3,209",Not yet rated,NULL,$16.50
TAST,$12.56,1441128032684,"52,030",Not yet rated,NULL,$14.25
CARO,$15.4899,1441128032706,"2,680",100% bearish,of 1 rating,$19
CARV,$5.8101,1441128032734,100,50% bullish,of 2 ratings,N/A
CART,NULL,1441128032765,0,100% bearish,of 1 rating,N/A
CRTN,$2.51,1441128032791,404,100% bearish,of 1 rating,N/A
CRZO,$34.9,1441128032871,"462,909",67% bearish,of 3 ratings,$54.50
CSCD,$15.1151,1441128033031,"4,255",100% bullish,of 2 ratings,$17
CASM,$1.17,1441128033060,"41,684",100% bullish,of 1 rating,$3.50
CWST,$6.085,1441128033081,"20,073",50% bullish,of 2 ratings,$7.25
CASY,$104.5,1441128033113,"72,733",50% bullish,of 2 ratings,$99.50
CACB,$5.34,1441128033214,"9,583",Not yet rated,NULL,$5.50
CASI,$1.4101,1441128033318,"2,248",100% bullish,of 1 rating,$3.50
CASS,$47.5,1441128033355,"4,068",100% bearish,of 1 rating,N/A
CATB,$11,1441128033406,"7,366",100% bearish,of 1 rating,$28
CATYW,NULL,1441128033432,0,100% bearish,of 1 rating,N/A
CATY,$28.55,1441128033463,"219,096",100% bearish,of 1 rating,$33.50
CPRX,$3.59,1441128033483,"198,721",71% bullish,of 7 ratings,$7
CVCO,$70.4,1441128033514,"8,305",100% bearish,of 1 rating,N/A
CAVM,$66.17,1441128033655,"92,917",67% bearish,of 3 ratings,$72
CBFV,$20.5,1441128033747,"1,150",Not yet rated,NULL,$25
CNLMR,$0.34,1441128033790,114,Not yet rated,NULL,N/A
CNLMU,NULL,1441128033851,0,100% bullish,of 1 rating,N/A
CBOE,$62.63,1441128033957,"146,354",Not yet rated,NULL,$60
CNLMW,$0.3,1441128033981,"3,100",Not yet rated,NULL,N/A
CDK,$48.46,1441128034006,"198,675",67% bearish,of 3 ratings,$50
CPXX,$2.23,1441128034138,"45,473",100% bullish,of 2 ratings,$7
CDW,$38.57,1441128034186,"286,500",75% bullish,of 4 ratings,$44
CECE,$9.425,1441128034223,"28,982",50% bullish,of 2 ratings,$16
CELGZ,$1.68,1441128034255,"9,000",80% bullish,of 5 ratings,N/A
CNLM,NULL,1441128034314,0,Not yet rated,NULL,N/A
CLDN,$1.17,1441128034347,"80,450",71% bullish,of 7 ratings,$3
CELG,$115.8327,1441128034379,"1,956,487",92% bullish,of 13 ratings,$155.50
CLDX,$14.42,1441128034443,"409,445",89% bullish,of 9 ratings,$36
CLRB,$3.06,1441128034484,"2,860",100% bearish,of 1 rating,N/A
CLRBW,NULL,1441128034687,0,Not yet rated,NULL,N/A
CLLS,$32.96,1441128034711,"41,246",75% bullish,of 4 ratings,$51.50
CBMG,$23.37,1441128034877,"58,593",50% bullish,of 2 ratings,N/A
CLSN,$2.1,1441128034903,"10,220",80% bullish,of 10 ratings,$7.50
CLTX,$2.5,1441128034948,"93,005",100% bullish,of 2 ratings,N/A
CEMP,$32.8701,1441128034973,"185,062",71% bullish,of 7 ratings,$52
CETX,$2.3999,1441128034997,"14,166",Not yet rated,NULL,$5.60
CYAD,$46.8201,1441128035028,900,100% bullish,of 1 rating,$87.50
CSFL,$13.47,1441128035054,"40,340",Not yet rated,NULL,$15
CETV,$2.1,1441128035181,"27,109",67% bullish,of 3 ratings,$2.80
CENT,$12.43,1441128035291,"35,977",Not yet rated,NULL,$10
CENTA,$12.73,1441128035336,"74,912",Not yet rated,NULL,N/A
CNBKA,NULL,1441128035394,0,50% bullish,of 2 ratings,N/A
CENX,$5.36,1441128035424,"841,743",67% bullish,of 6 ratings,$9
CFBK,$1.34,1441128035491,200,Not yet rated,NULL,N/A
CVCY,$11.28,1441128035552,"1,255",Not yet rated,NULL,$12
CRNT,$1.41,1441128035746,"56,339",50% bullish,of 2 ratings,$2
CNTY,$5.75,1441128035780,"4,391",80% bullish,of 5 ratings,$7.75
CPHD,$47.24,1441128035812,"176,901",67% bearish,of 3 ratings,$66.50
CERN,$60.08,1441128035842,"583,133",67% bullish,of 3 ratings,$79
CERE,$1.1,1441128035870,"165,319",88% bullish,of 8 ratings,N/A
CERS,$4.715,1441128035921,"130,635",75% bullish,of 4 ratings,$7
CERU,$4.1699,1441128035946,"30,396",75% bullish,of 4 ratings,$14
KOOL,$0.6799,1441128036091,"52,055",100% bullish,of 5 ratings,$7
CYOU,$19.02,1441128036123,"73,936",50% bullish,of 6 ratings,$24
CEVA,$19.17,1441128036148,"22,267",100% bearish,of 1 rating,$25
CTHR,$1.2501,1441128036278,"1,869",50% bullish,of 2 ratings,$2.50
HOTRW,NULL,1441128036303,0,Not yet rated,NULL,N/A
HOTR,$1.369,1441128036324,"135,388",100% bullish,of 2 ratings,$5
CHTR,$178.325,1441128036457,"376,233",100% bearish,of 2 ratings,$202
GTLS,$24.161,1441128036484,"171,402",50% bullish,of 4 ratings,$40
CHFN,$12.43,1441128036505,"2,327",Not yet rated,NULL,$14
CHEKW,NULL,1441128036563,0,Not yet rated,NULL,N/A
CHEK,$2.06,1441128036639,"1,600",Not yet rated,NULL,$7.75
CEMI,$4.2,1441128036665,"7,714",50% bullish,of 2 ratings,$7.50
CHKP,$77.42,1441128036744,"592,833",50% bullish,of 4 ratings,$92
CHMG,$26.35,1441128036797,700,Not yet rated,NULL,$30
CHFC,$31.17,1441128036877,"10,483",100% bearish,of 1 rating,$36
CHMA,$25.74,1441128036983,"31,892",Not yet rated,NULL,$40
CCXI,$6.03,1441128037011,"26,318",67% bullish,of 3 ratings,$14
CHEV,$14.47,1441128037042,404,Not yet rated,NULL,N/A
CHKE,$25.94,1441128037064,"8,816",100% bearish,of 1 rating,$32.50
CBNK,$16.39,1441128037140,600,100% bearish,of 1 rating,N/A
PLCE,$58.79,1441128037244,"63,013",100% bearish,of 1 rating,$69
CMRX,$47.81,1441128037402,"67,030",50% bullish,of 2 ratings,$57
CADC,$2.8999,1441128037427,400,78% bullish,of 9 ratings,N/A
CAAS,$6.07,1441128037507,"7,538",93% bullish,of 14 ratings,$11.50
CBAK,$1.8,1441128037560,"22,327",67% bullish,of 9 ratings,N/A
CBPO,$92.74,1441128037639,"74,125",75% bullish,of 8 ratings,$140.50
CALI,$0.821,1441128037688,"10,057",67% bullish,of 3 ratings,N/A
CCCR,$0.7,1441128037712,"1,700",67% bearish,of 3 ratings,N/A
CHOP,$1.17,1441128037897,"8,085",50% bullish,of 2 ratings,N/A
HGSH,$1.84,1441128037928,"7,500",67% bullish,of 3 ratings,N/A
CHLN,$1.9431,1441128037949,"2,100",67% bullish,of 3 ratings,N/A
CJJD,$1.88,1441128038004,"1,600",100% bullish,of 1 rating,N/A
CNIT,$1.225,1441128038093,"62,504",67% bullish,of 6 ratings,N/A
HTHT,$25.595,1441128038233,"33,700",50% bullish,of 2 ratings,$28.40
JRJC,$3.45,1441128038264,"61,349",82% bullish,of 11 ratings,N/A
CHNR,$1.5605,1441128038293,500,100% bearish,of 1 rating,N/A
CCCL,$0.7799,1441128038325,"1,200",100% bullish,of 6 ratings,N/A
CPGI,$6.84,1441128038371,200,Not yet rated,NULL,N/A
CREG,$0.6649,1441128038399,"6,349",100% bullish,of 3 ratings,N/A
CSUN,$1.4563,1441128038427,"5,324",80% bullish,of 5 ratings,N/A
CXDC,$5.89,1441128038557,"18,162",67% bearish,of 3 ratings,N/A
CCIH,$7.39,1441128038584,"130,638",67% bullish,of 6 ratings,$12.65
CNTF,$0.795,1441128038615,"38,579",Not yet rated,NULL,N/A
CNET,$0.8537,1441128038744,"14,665",50% bullish,of 2 ratings,N/A
CNYD,$3.15,1441128038769,"3,602",67% bullish,of 3 ratings,N/A
IMOS,$18.63,1441128038899,"98,262",60% bullish,of 5 ratings,$21.50
CHSCL,$27.1325,1441128038947,"7,113",Not yet rated,NULL,N/A
CHSCM,$26.25,1441128038975,"7,457",Not yet rated,NULL,N/A
CHSCO,$28.2756,1441128039103,800,Not yet rated,NULL,N/A
CHSCN,$26.77,1441128039131,"9,265",Not yet rated,NULL,N/A
CHSCP,$30.5267,1441128039152,269,Not yet rated,NULL,N/A
CHDN,$132.865,1441128039286,"12,416",Not yet rated,NULL,$165
CHUY,$30.43,1441128039318,"41,565",50% bullish,of 2 ratings,$34
CMCT,$15.3,1441128039346,808,100% bearish,of 1 rating,N/A
CIFC,$7.19,1441128039376,"1,600",100% bearish,of 1 rating,N/A
CDTX,$14.487,1441128039417,"17,648",Not yet rated,NULL,$22
CMPR,$68.66,1441128039477,"99,157",50% bullish,of 2 ratings,$72.50
CINF,$50.86,1441128039608,"156,456",50% bullish,of 4 ratings,$50.50
CIDM,$0.5679,1441128039635,"110,327",50% bullish,of 2 ratings,$2.10
CZNC,$19.71,1441128040049,"1,300",Not yet rated,NULL,N/A
CPHR,$5.2,1441128040082,"7,350",100% bearish,of 1 rating,$17
CSCO,$25.285,1441128040104,"10,139,095",83% bullish,of 210 ratings,$32
CRUS,$29.27,1441128040140,"224,826",75% bullish,of 12 ratings,$44.50
CTRN,$26.02,1441128040164,"24,075",100% bearish,of 1 rating,$31.50
CZWI,NULL,1441128040188,0,Not yet rated,NULL,N/A
CZFC,$12.7,1441128040242,200,Not yet rated,NULL,N/A
CTAS,$83.58,1441128040274,"130,267",100% bearish,of 1 rating,$91
CIZN,NULL,1441128040377,0,Not yet rated,NULL,N/A
CHCO,$46.61,1441128040415,"12,326",Not yet rated,NULL,$46
CIVB,$10.061,1441128040454,"4,219",Not yet rated,NULL,$11
CTXS,$65.73,1441128040512,"591,524",86% bullish,of 7 ratings,$80
CIVBP,NULL,1441128040541,0,Not yet rated,NULL,N/A
CDTI,$1.58,1441128040588,"69,680",75% bullish,of 4 ratings,$3.20
CLNT,$1.43,1441128040828,"14,455",75% bullish,of 8 ratings,N/A
CLRO,$11.303,1441128040855,"1,352",50% bullish,of 2 ratings,$14.25
CLFD,$17.38,1441128040876,"42,181",67% bullish,of 3 ratings,$18
CLIR,$4.67,1441128040913,"14,095",100% bullish,of 3 ratings,N/A
CLNE,$5.08,1441128040943,"391,911",80% bullish,of 15 ratings,$9
CLVS,$79.31,1441128041047,"245,085",60% bullish,of 5 ratings,$101.50
CBLI,$4.04,1441128041118,"23,122",60% bullish,of 5 ratings,N/A
CME,$91.201,1441128041152,"410,110",67% bullish,of 3 ratings,$102
CISG,$7.62,1441128041255,"33,154",100% bullish,of 5 ratings,$10
CSBK,$13.65,1441128041282,"21,095",Not yet rated,NULL,N/A
CMFN,$11.5087,1441128041320,"3,666",100% bearish,of 1 rating,$15.50
CNV,$4.37,1441128041361,"24,082",50% bullish,of 2 ratings,$7.15
CWAY,$11.1,1441128041417,804,Not yet rated,NULL,N/A
CCNE,$17,1441128041442,"5,188",50% bullish,of 2 ratings,$21.50
COBZ,$12.56,1441128041497,"13,853",100% bullish,of 1 rating,$14
CDRB,$12.71,1441128041699,"5,795",67% bullish,of 3 ratings,N/A
COKE,$154.05,1441128041725,"11,521",79% bullish,of 19 ratings,N/A
CDXS,$3.64,1441128041750,"4,270",64% bullish,of 11 ratings,$6
JVA,$4.6299,1441128041802,"4,668",83% bullish,of 6 ratings,$7
CVLY,$21,1441128041901,366,Not yet rated,NULL,N/A
CCOI,$27.34,1441128042005,"81,596",50% bullish,of 4 ratings,$35
CGNT,$1.5272,1441128042510,"2,500",100% bullish,of 2 ratings,$2
CGNX,$34.31,1441128042542,"119,012",50% bullish,of 2 ratings,$47
CTSH,$61.13,1441128042648,"1,384,262",90% bullish,of 10 ratings,$75
COHR,$56.09,1441128042673,"21,774",50% bullish,of 2 ratings,$72
CHRS,$27.13,1441128042897,"18,978",67% bearish,of 3 ratings,$37
COHU,$9.466,1441128043232,"27,981",100% bearish,of 1 rating,$14.25
CLRX,$0.66,1441128043410,"78,693",50% bullish,of 2 ratings,N/A
COLL,$13.35,1441128043712,"54,382",100% bearish,of 1 rating,$26
CIGI,$44.05,1441128043737,"35,909",100% bearish,of 1 rating,$52
CLCT,$17.8927,1441128043762,"38,909",100% bearish,of 1 rating,N/A
CLCD,$6.27,1441128043928,"23,282",100% bearish,of 1 rating,$20.50
CBAN,$8.8,1441128043957,400,Not yet rated,NULL,N/A
CMCO,$18.48,1441128044059,"23,772",60% bullish,of 5 ratings,$28
CMCSA,$55.43,1441128044122,"3,583,407",66% bullish,of 35 ratings,$69.50
COLM,$59.88,1441128044157,"26,190",100% bearish,of 1 rating,$71
CBMX,$1.14,1441128044178,"13,301",83% bullish,of 6 ratings,$3.15
CMCSK,$56.55,1441128044214,"1,274,273",Not yet rated,NULL,$84
CBSH,$43.18,1441128044235,"66,047",50% bullish,of 2 ratings,$46
COLB,$29.19,1441128044269,"40,006",Not yet rated,NULL,$36
CUBN,NULL,1441128044290,0,Not yet rated,NULL,N/A
CVGI,$4.96,1441128044492,"68,595",50% bullish,of 2 ratings,$6
CBSHP,$25.43,1441128044538,"1,206",100% bearish,of 1 rating,N/A
COMM,$31.6,1441128044563,"535,684",67% bearish,of 3 ratings,$35
JCS,$8.88,1441128044624,900,67% bullish,of 3 ratings,N/A
CSAL,$19.918,1441128044763,"250,268",75% bullish,of 4 ratings,$30
ESXB,$5.01,1441128044800,"5,200",Not yet rated,NULL,N/A
CTBI,$34.39,1441128044865,"9,404",Not yet rated,NULL,$36
CWBC,$6.71,1441128044891,"1,212",Not yet rated,NULL,N/A
CYHHZ,$0.01,1441128044938,"24,300",100% bullish,of 1 rating,N/A
CVLT,$35.05,1441128044966,"99,292",75% bullish,of 4 ratings,$44.50
COB,$10.51,1441128044994,"4,211",100% bullish,of 1 rating,$11.75
CIZ,$32.4899,1441128045103,572,100% bearish,of 1 rating,N/A
CID,$32.66,1441128045133,900,Not yet rated,NULL,N/A
CIL,NULL,1441128045234,0,Not yet rated,NULL,N/A
CDC,$33.8,1441128045294,"5,331",Not yet rated,NULL,N/A
CSF,$36.15,1441128045504,987,100% bearish,of 1 rating,N/A
CSA,NULL,1441128045557,0,Not yet rated,NULL,N/A
CDL,NULL,1441128045641,0,Not yet rated,NULL,N/A
CFA,$34.72,1441128045668,700,100% bearish,of 1 rating,N/A
CGEN,$4.92,1441128045698,"29,359",50% bullish,of 2 ratings,$11
CFO,$34.6412,1441128045794,"16,549",100% bearish,of 1 rating,N/A
CPSI,$45.5,1441128045895,"25,980",100% bearish,of 1 rating,$45.50
CSB,NULL,1441128045919,0,Not yet rated,NULL,N/A
SCOR,$49.858,1441128046147,"146,703",100% bearish,of 1 rating,$66
CTG,$6.615,1441128046235,"18,895",100% bearish,of 1 rating,$8.50
CHCI,$0.69,1441128046343,100,50% bullish,of 2 ratings,N/A
CMTL,$25.94,1441128046411,"12,909",100% bearish,of 2 ratings,$37
CNAT,$3.735,1441128046449,"91,785",83% bullish,of 6 ratings,$13
CNCE,$15.54,1441128046616,"90,261",75% bullish,of 4 ratings,$22
CNSI,$18.38,1441128046642,"19,295",100% bearish,of 2 ratings,$29
CXRX,$76.61,1441128046773,382,100% bearish,of 1 rating,$90
CDORP,NULL,1441128046831,0,100% bearish,of 1 rating,N/A
CDORO,NULL,1441128046861,0,100% bearish,of 1 rating,N/A
CCUR,$5.59,1441128046904,"18,092",75% bullish,of 4 ratings,N/A
CNFR,$10.1899,1441128046935,"5,507",Not yet rated,NULL,N/A
CDOR,$1.3711,1441128046961,353,100% bullish,of 1 rating,N/A
CFMS,$15.55,1441128047038,"165,394",100% bearish,of 1 rating,$27
CTWS,$34.75,1441128047095,"6,185",100% bearish,of 1 rating,$44
CNXR,$7,1441128047143,"35,670",100% bearish,of 1 rating,$12
CNMD,$51.11,1441128047224,"27,394",Not yet rated,NULL,$59
CONN,$28.49,1441128047253,"201,404",67% bullish,of 3 ratings,$48.50
CNSL,$19.16,1441128047281,"41,221",100% bearish,of 1 rating,$23
CNOB,$18.73,1441128047358,"26,975",100% bullish,of 1 rating,$23.50
CWCO,$10.36,1441128047417,"19,944",67% bullish,of 3 ratings,$14.50
CFRX,$5,1441128047624,"7,600",Not yet rated,NULL,$14
CFRXW,$1.82,1441128047656,500,100% bearish,of 1 rating,N/A
CTCT,$24.14,1441128047688,"70,875",67% bullish,of 3 ratings,$37
CPSS,$5.705,1441128047719,"15,324",100% bullish,of 1 rating,$10
CFRXZ,$0.51,1441128047740,"3,125",Not yet rated,NULL,N/A
CTRV,$3.83,1441128047786,"12,415",Not yet rated,NULL,$6.40
CTRL,$8.4601,1441128047822,"150,295",50% bullish,of 2 ratings,$11
CPRT,$34.02,1441128047880,"244,057",67% bearish,of 3 ratings,$40
CRBP,$1.88,1441128047988,"109,993",100% bullish,of 2 ratings,$6.25
CORE,$59.11,1441128048068,"39,970",100% bearish,of 1 rating,$72
BVA,$3.58,1441128048099,200,50% bullish,of 2 ratings,N/A
CORT,$4.835,1441128048124,"140,719",67% bullish,of 3 ratings,$12
CSOD,$35.72,1441128048201,"222,652",50% bullish,of 2 ratings,$42
CRVL,$29.5,1441128048259,"17,893",100% bearish,of 1 rating,N/A
CORI,$10.33,1441128048285,"23,871",100% bearish,of 1 rating,$18
COSI,$1.11,1441128048360,"42,713",100% bullish,of 1 rating,N/A
CSGP,$171.73,1441128048439,"60,477",50% bullish,of 2 ratings,$235
CVTI,$22.415,1441128048519,"48,646",67% bearish,of 3 ratings,$39
CPAH,NULL,1441128048570,0,50% bullish,of 2 ratings,N/A
COST,$138.1,1441128048621,"715,001",79% bullish,of 24 ratings,$154.50
ICBK,$18.6,1441128048645,400,Not yet rated,NULL,$21
COVS,$2.68,1441128048678,"17,443",67% bullish,of 3 ratings,N/A
COWNL,$26.31,1441128048777,700,Not yet rated,NULL,N/A
COWN,$5.045,1441128048806,"406,833",75% bullish,of 4 ratings,$7
CPSH,$2.26,1441128048874,300,Not yet rated,NULL,N/A
CRAI,$22.67,1441128048942,"12,835",100% bearish,of 1 rating,$36
BREW,$7.847,1441128049003,"9,818",67% bullish,of 6 ratings,$15
CRAY,$20.57,1441128049135,"75,415",83% bullish,of 6 ratings,$38.50
CACC,$202.05,1441128049164,"51,042",50% bullish,of 2 ratings,$158.50
CRTO,$38,1441128049230,"368,892",67% bullish,of 6 ratings,$64
SLVO,$10.001,1441128049264,"1,408",100% bearish,of 1 rating,N/A
CBRL,$142.61,1441128049363,"84,600",50% bullish,of 2 ratings,$155
GLDI,$11.0449,1441128049388,"3,266",100% bearish,of 1 rating,N/A
CREE,$26.47,1441128049432,"473,138",65% bullish,of 17 ratings,$29.50
CRESY,$10.32,1441128049463,"10,767",100% bearish,of 1 rating,$19
CCRN,$14.085,1441128049522,"117,557",100% bearish,of 1 rating,$14.25
CRDS,$1.0005,1441128049547,"3,800",75% bullish,of 4 ratings,$4.50
CROX,$14.175,1441128049576,"187,882",63% bullish,of 8 ratings,$16.50
CYRX,$2.788,1441128049723,"18,792",Not yet rated,NULL,$9
CRWS,$8.13,1441128049782,"1,400",Not yet rated,NULL,$10
CSGS,$30.2,1441128049962,"51,627",Not yet rated,NULL,$40
CRWN,$5.1,1441128049994,"181,599",75% bullish,of 4 ratings,N/A
CSPI,$5.6901,1441128050015,"1,106",67% bullish,of 3 ratings,N/A
CCLP,$14.8,1441128050053,"31,210",67% bearish,of 3 ratings,$20
CYRXW,$0.74,1441128050073,"21,600",Not yet rated,NULL,N/A
CTIC,$1.535,1441128050144,"170,974",84% bullish,of 76 ratings,$5.75
CTCM,$1.62,1441128050170,"325,076",80% bearish,of 5 ratings,$3.90
CTIB,$3.6201,1441128050300,"2,553",100% bearish,of 1 rating,N/A
CUI,$5.19,1441128050331,"5,179",50% bullish,of 2 ratings,$10
CTRP,$65.03,1441128050432,"569,089",75% bullish,of 8 ratings,$92.50
CRIS,$2.545,1441128050464,"60,565",100% bullish,of 8 ratings,$6
CMLS,$1.32,1441128050496,"145,425",50% bullish,of 4 ratings,$6
CUNB,$21.49,1441128050517,"11,286",Not yet rated,NULL,$24.50
CPIX,$6.07,1441128050601,"1,800",Not yet rated,NULL,N/A
CUTR,$14.89,1441128050702,"40,783",67% bearish,of 3 ratings,$18
CVBF,$15.845,1441128050803,"206,435",Not yet rated,NULL,$18
CYAN,$7.1,1441128050829,"2,636",100% bearish,of 1 rating,N/A
CVV,$11.103,1441128050859,"2,181",100% bullish,of 5 ratings,N/A
CYBX,$63.6,1441128050994,"90,444",50% bullish,of 4 ratings,$71.50
CYBE,$6.8924,1441128051019,"2,265",100% bearish,of 1 rating,N/A
CYCCP,NULL,1441128051176,0,100% bearish,of 1 rating,N/A
CYCC,$0.56,1441128051203,"18,802",73% bullish,of 11 ratings,N/A
CYNA,$15.8695,1441128051228,"8,874",50% bullish,of 2 ratings,$31.50
CYBR,$50.2284,1441128051258,"491,411",75% bullish,of 8 ratings,$66
CBAY,$2.66,1441128051337,"26,330",100% bullish,of 1 rating,$4
CYNO,$30.88,1441128051388,"118,009",67% bearish,of 3 ratings,$45.50
CY,$9.7859,1441128051421,"2,709,955",80% bullish,of 10 ratings,$15.50
CYTK,$6.95,1441128051488,"95,575",71% bullish,of 14 ratings,$13.50
CYRN,$1.7482,1441128051514,"16,130",67% bullish,of 3 ratings,$4
CONE,$30.75,1441128051569,"97,011",67% bearish,of 3 ratings,$35.50
CTSO,$7.08,1441128051652,"15,104",Not yet rated,NULL,$15.625
CYTX,$0.3743,1441128051708,"1,239,260",83% bullish,of 12 ratings,$5.50
DAEG,$0.37,1441128051756,5,100% bearish,of 1 rating,N/A
TVIX,$18.1808,1441128051844,"8,068,050",81% bullish,of 16 ratings,N/A
TVIZ,$23.34,1441128051875,"9,262",100% bearish,of 1 rating,N/A
CYTR,$2.3001,1441128051931,"172,739",67% bullish,of 6 ratings,$10
ZIV,$35.8601,1441128051974,"130,371",Not yet rated,NULL,N/A
DJCO,NULL,1441128052001,0,Not yet rated,NULL,N/A
XIV,$22.745,1441128052077,"13,701,516",75% bearish,of 4 ratings,N/A
DAKT,$8.46,1441128052131,"69,048",50% bullish,of 2 ratings,$12
DAIO,$2.6001,1441128052219,"5,950",Not yet rated,NULL,N/A
DWCH,$5.1,1441128052293,"10,931",75% bullish,of 4 ratings,$8.25
DARA,$0.8475,1441128052351,"37,775",83% bullish,of 6 ratings,$1.50
DRAM,$1.5199,1441128052376,"6,314",78% bullish,of 9 ratings,N/A
DTLK,$5.73,1441128052428,"11,450",100% bearish,of 1 rating,$9
PLAY,$34.45,1441128052453,"72,388",100% bullish,of 5 ratings,$42
DBVT,$38.09,1441128052590,"50,686",100% bearish,of 1 rating,$53
DHRM,$1.6104,1441128052652,"2,718",Not yet rated,NULL,N/A
DWSN,$4.5,1441128052682,"10,002",67% bullish,of 3 ratings,N/A
DTEA,$13.09,1441128052719,"25,591",100% bearish,of 2 ratings,$24
TACO,$12.5404,1441128052787,"61,006",75% bullish,of 4 ratings,$20
TACOW,$3.8,1441128052819,200,100% bullish,of 1 rating,N/A
DFRG,$14.38,1441128052840,"43,318",100% bearish,of 1 rating,$20
TRAK,$62.72,1441128052929,"211,730",50% bullish,of 2 ratings,$62.50
DCTH,$0.43,1441128053036,"20,804",78% bullish,of 9 ratings,N/A
DGAS,$20.32,1441128053067,"2,216",67% bearish,of 3 ratings,N/A
DELTW,NULL,1441128053110,0,Not yet rated,NULL,N/A
DELT,NULL,1441128053169,0,Not yet rated,NULL,N/A
DEPO,$26.11,1441128053307,"229,166",60% bullish,of 5 ratings,$29
XRAY,$50.78,1441128053344,"178,830",100% bullish,of 1 rating,$58
DSCI,$5.795,1441128053375,"31,889",50% bullish,of 2 ratings,$16
DENN,$11.025,1441128053442,"145,365",100% bullish,of 3 ratings,$15
DXLG,$6,1441128053471,"60,941",100% bearish,of 1 rating,$8
DERM,$26.19,1441128053498,"27,009",100% bearish,of 1 rating,$33.50
DEST,$11.12,1441128053528,"10,644",50% bullish,of 2 ratings,N/A
DSWL,$1.62,1441128053604,"7,371",100% bullish,of 1 rating,N/A
DXCM,$88.31,1441128053727,"386,917",57% bullish,of 7 ratings,$98
DMND,$29.55,1441128053752,"58,670",75% bullish,of 12 ratings,$32
DXM,$0.2541,1441128053887,"272,846",50% bullish,of 2 ratings,N/A
DHIL,$192.8,1441128053940,"4,272",Not yet rated,NULL,N/A
DHXM,NULL,1441128053975,0,Not yet rated,NULL,N/A
DRNA,$10.87,1441128054042,"47,842",67% bearish,of 3 ratings,$25
DMRC,$36.94,1441128054072,"16,592",100% bearish,of 1 rating,$44
FANG,$64.97,1441128054099,"351,533",50% bullish,of 2 ratings,$86.50
DCIX,$1.71,1441128054125,"3,507",50% bullish,of 4 ratings,$3.50
DGII,$10.23,1441128054155,"51,445",100% bearish,of 1 rating,$11
DRAD,$3.835,1441128054237,"4,901",100% bullish,of 1 rating,$5.25
APPS,$2.555,1441128054390,"92,693",100% bearish,of 1 rating,$10.25
DIOD,$18.96,1441128054415,"45,136",75% bearish,of 4 ratings,$24
DGLY,$7.9,1441128054462,"50,142",50% bullish,of 6 ratings,$20
DCOM,$16.52,1441128054557,"29,423",100% bearish,of 2 ratings,$16
DISCA,$26.12,1441128054588,"890,438",67% bullish,of 3 ratings,$34
DISCB,NULL,1441128054659,0,100% bearish,of 1 rating,$35
DPRX,$14.98,1441128054685,"16,650",100% bullish,of 2 ratings,$27.75
DISCK,$24.91,1441128054749,"660,080",100% bearish,of 1 rating,$32
DSCO,$0.4072,1441128054778,"111,899",83% bullish,of 6 ratings,$2.75
DVCR,$10.94,1441128054836,"12,100",100% bullish,of 1 rating,N/A
DISH,$59.06,1441128054884,"452,670",69% bullish,of 13 ratings,$73
DLHC,NULL,1441128054916,0,100% bearish,of 1 rating,N/A
DLTR,$70.91,1441128055017,"4,750,231",82% bullish,of 11 ratings,$88
DNBF,$25.83,1441128055076,"1,000",Not yet rated,NULL,$27.50
DGICA,$14.34,1441128055107,"9,081",100% bearish,of 1 rating,$17
DGICB,NULL,1441128055207,0,100% bearish,of 1 rating,N/A
BAGR,$2.69,1441128055236,"9,010",100% bearish,of 1 rating,$6
DMLP,$14.6,1441128055339,"5,362",100% bearish,of 1 rating,N/A
DRWI,$0.1916,1441128055410,"67,475",60% bullish,of 5 ratings,$.45
DRYS,$0.4552,1441128055466,"1,555,447",77% bullish,of 31 ratings,$.60
DWA,$19.51,1441128055492,"165,027",63% bullish,of 8 ratings,$26
DORM,$50.08,1441128055512,"110,349",100% bearish,of 1 rating,$56
DRWIW,$0.03,1441128055540,117,Not yet rated,NULL,N/A
HILL,$9.675,1441128055565,"453,582",60% bearish,of 5 ratings,$9.75
DSKX,$3.34,1441128055772,"11,452",100% bullish,of 1 rating,N/A
DSPG,$8.715,1441128055922,"10,122",100% bearish,of 1 rating,$13.50
CADTR,NULL,1441128056021,0,Not yet rated,NULL,N/A
CADTU,NULL,1441128056046,0,Not yet rated,NULL,N/A
CADT,NULL,1441128056105,0,Not yet rated,NULL,N/A
CADTW,NULL,1441128056238,0,Not yet rated,NULL,N/A
DTSI,$25.81,1441128056271,"22,403",100% bearish,of 2 ratings,$39.50
DYAX,$21.89,1441128056373,"212,947",89% bullish,of 9 ratings,$30
DXPE,$29.75,1441128056402,"78,843",50% bullish,of 2 ratings,N/A
DYSL,$1.505,1441128056456,"32,631",100% bullish,of 2 ratings,N/A
DNKN,$48.705,1441128056479,"806,517",67% bullish,of 15 ratings,$56.50
DRRX,$2.06,1441128056500,"32,922",50% bullish,of 6 ratings,$3
BOOM,$11.33,1441128056524,"17,316",67% bullish,of 3 ratings,$12
ETFC,$24.97,1441128056671,"1,363,891",57% bullish,of 14 ratings,$32.50
DYNT,$3.09,1441128056703,300,75% bullish,of 4 ratings,N/A
EGBN,$41.17,1441128056803,"14,311",Not yet rated,NULL,$48
DVAX,$27.47,1441128056836,"98,817",70% bullish,of 10 ratings,$40
EBMT,$11.54,1441128056935,300,Not yet rated,NULL,$13.50
EGLE,$6.82,1441128056964,"3,104",60% bullish,of 5 ratings,N/A
ELNK,$8.26,1441128056995,"128,365",60% bullish,of 5 ratings,$9.50
EROC,$1.5328,1441128057101,"77,175",50% bullish,of 2 ratings,$3
EGRX,$76.18,1441128057130,"92,904",67% bullish,of 3 ratings,$97
EWBC,$38.72,1441128057159,"270,567",100% bearish,of 1 rating,$50
EACQU,$10.15,1441128057180,300,Not yet rated,NULL,N/A
EVBS,$6.5294,1441128057311,"2,400",Not yet rated,NULL,$7
EML,$16.22,1441128057344,"35,553",Not yet rated,NULL,N/A
EBAY,$26.65,1441128057365,"4,685,953",81% bullish,of 117 ratings,$34
ELON,$0.56,1441128057393,"32,774",50% bullish,of 2 ratings,N/A
EBIX,$27.9,1441128057443,"77,381",69% bullish,of 13 ratings,$40
SATS,$43.75,1441128057657,"39,232",50% bullish,of 2 ratings,$60
ECHO,$22.25,1441128057682,"83,097",67% bearish,of 3 ratings,$34.50
ECACU,NULL,1441128057711,0,Not yet rated,NULL,N/A
ECTE,$1.49,1441128057743,"5,758",75% bullish,of 4 ratings,N/A
EDAP,$3.66,1441128057763,"6,900",60% bullish,of 5 ratings,$4.50
ESES,$3.31,1441128057795,880,100% bearish,of 1 rating,$7
EEI,$11.574,1441128057847,"1,057",67% bearish,of 3 ratings,N/A
EDUC,$6.3,1441128058013,"23,729",100% bearish,of 1 rating,N/A
EHTH,$14.29,1441128058116,"48,542",50% bullish,of 4 ratings,$16.50
EGLT,$11.971,1441128058137,"45,779",50% bullish,of 2 ratings,$21
EFUT,$4.607,1441128058175,400,Not yet rated,NULL,N/A
EDGW,$7.11,1441128058219,"1,500",100% bearish,of 1 rating,N/A
EGAN,$3.61,1441128058266,"9,174",50% bullish,of 2 ratings,$6.25
LOCO,$12.71,1441128058298,"257,304",69% bullish,of 13 ratings,$19.50
EMITF,$1.23,1441128058409,858,75% bullish,of 4 ratings,N/A
ERI,$9.37,1441128058436,"36,055",100% bearish,of 1 rating,$10
ESLT,$76.94,1441128058466,"5,438",67% bullish,of 3 ratings,N/A
ELRC,$10.52,1441128058492,"6,313",100% bearish,of 1 rating,N/A
EA,$63.46,1441128058622,"1,481,513",78% bullish,of 36 ratings,$80
ELSE,NULL,1441128058699,0,60% bullish,of 5 ratings,N/A
ESIO,$4.605,1441128058730,"16,438",50% bullish,of 2 ratings,$10
EFII,$42.67,1441128058757,"71,468",80% bullish,of 5 ratings,$55
ELEC,NULL,1441128058800,0,Not yet rated,NULL,N/A
ELECU,NULL,1441128058835,0,Not yet rated,NULL,N/A
ELECW,NULL,1441128058885,0,Not yet rated,NULL,N/A
EBIO,$3.5,1441128058964,"153,554",100% bearish,of 2 ratings,$8.35
ESBK,NULL,1441128059144,0,Not yet rated,NULL,N/A
EMCI,$22.77,1441128059225,"6,927",Not yet rated,NULL,N/A
RDEN,$10.97,1441128059274,"43,238",100% bearish,of 4 ratings,$15
LONG,$17.03,1441128059327,"6,452",67% bullish,of 3 ratings,$15.75
EMCF,$23.48,1441128059348,200,100% bearish,of 1 rating,N/A
ELTK,$1.2605,1441128059377,"3,956",67% bearish,of 3 ratings,N/A
CAPX,$22.416,1441128059398,200,Not yet rated,NULL,N/A
EMKR,$6.83,1441128059531,"48,979",75% bullish,of 4 ratings,$8.50
EMMS,$1.16,1441128059566,200,83% bullish,of 6 ratings,N/A
NYNY,$4.21,1441128059596,"4,924",50% bullish,of 2 ratings,N/A
ERS,$2.99,1441128059662,"2,200",Not yet rated,NULL,N/A
ENTA,$37.53,1441128059689,"68,087",50% bullish,of 2 ratings,$42
EMMSP,NULL,1441128059754,0,100% bearish,of 1 rating,N/A
ECPG,$38.88,1441128059780,"82,764",100% bullish,of 2 ratings,$52
WIRE,$31.63,1441128059916,"36,023",100% bearish,of 1 rating,$37
ECYT,$5.16,1441128059970,"96,589",83% bullish,of 6 ratings,$12
ENDP,$73.93,1441128060000,"919,783",50% bullish,of 6 ratings,$104
WATT,$7.2,1441128060104,"53,387",50% bullish,of 2 ratings,$13
ELGX,$12.82,1441128060137,"112,689",75% bullish,of 4 ratings,$17
EIGI,$14.85,1441128060158,"303,179",67% bearish,of 3 ratings,$22.50
EFOI,$22.8879,1441128060192,"429,567",50% bullish,of 2 ratings,$24.50
EXXI,$1.765,1441128060238,"640,258",86% bullish,of 7 ratings,$3.50
ERII,$2.63,1441128060297,"5,538",80% bullish,of 5 ratings,$2.50
ENG,$0.9701,1441128060395,"18,300",100% bullish,of 3 ratings,N/A
ENOC,$9,1441128060425,"89,495",75% bullish,of 4 ratings,$18
ESGR,$147.695,1441128060449,"14,409",100% bearish,of 1 rating,$185
ENPH,$4.54,1441128060498,"250,467",75% bullish,of 4 ratings,$11
ENFC,$17.49,1441128060627,438,Not yet rated,NULL,N/A
ENTL,$21.11,1441128060656,"9,698",Not yet rated,NULL,$28
ENTG,$13.43,1441128060718,"158,529",100% bearish,of 1 rating,$18
EBTC,$21.26,1441128060755,500,Not yet rated,NULL,N/A
EFSC,$23.65,1441128060858,"8,818",Not yet rated,NULL,$27
ETRM,$0.2721,1441128060882,"201,612",69% bearish,of 35 ratings,$1.625
EGT,$2.06,1441128060907,"1,000",100% bullish,of 1 rating,N/A
ENZY,$9.84,1441128061039,"20,720",67% bullish,of 3 ratings,$9.50
EPIQ,$12.57,1441128061070,"9,065",100% bearish,of 1 rating,$18
ENVI,$1.82,1441128061091,"3,657",67% bullish,of 3 ratings,N/A
ENZN,$0.9728,1441128061126,"123,389",100% bullish,of 9 ratings,N/A
EPRS,$5.02,1441128061175,"22,375",82% bullish,of 11 ratings,$15
EQIX,$260.65,1441128061256,"275,170",75% bullish,of 4 ratings,$312.50
EPZM,$19.3,1441128061287,"109,616",60% bullish,of 5 ratings,$34
PLUS,$74.3,1441128061387,"27,321",50% bullish,of 2 ratings,$88
EQFN,$8.07,1441128061475,800,100% bearish,of 1 rating,N/A
EAC,$3.49,1441128061580,"5,032",100% bearish,of 1 rating,$8
ERIE,$81.17,1441128061675,"5,280",Not yet rated,NULL,$73
ERIC,$9.5,1441128061701,"1,016,585",67% bullish,of 9 ratings,$12.20
ESMC,$1.3801,1441128061721,110,Not yet rated,NULL,N/A
ESCRP,$1.5299,1441128061755,"1,000",100% bearish,of 1 rating,N/A
ESCA,$17.72,1441128061851,700,100% bearish,of 1 rating,$22
ESCR,$0.1447,1441128061929,"196,322",50% bullish,of 2 ratings,N/A
EPIX,$6,1441128061981,362,Not yet rated,NULL,N/A
ESPR,$46.88,1441128062006,"432,361",70% bearish,of 10 ratings,$122.50
ESSX,$0.487,1441128062059,"36,883",50% bullish,of 2 ratings,N/A
ESSA,$12.97,1441128062085,"2,800",100% bearish,of 1 rating,N/A
ESND,$33.67,1441128062106,"30,328",100% bearish,of 2 ratings,$40
ETSY,$14.2,1441128062309,"135,371",80% bullish,of 5 ratings,$16
EVEP,$8.55,1441128062334,"130,391",50% bullish,of 2 ratings,$15
EEFT,$62.96,1441128062378,"37,458",100% bearish,of 1 rating,$67.50
CLWT,$2.496,1441128062633,300,100% bullish,of 1 rating,N/A
ESEA,$4.96,1441128062731,420,100% bullish,of 1 rating,$15
EVLV,$2.65,1441128062762,"22,330",60% bullish,of 5 ratings,$4.625
EVK,$3.77,1441128062863,890,75% bearish,of 4 ratings,N/A
EVOK,$3.67,1441128062890,"25,225",100% bearish,of 1 rating,$13.375
EVOL,$5.9599,1441128062917,"1,900",75% bullish,of 4 ratings,$10
EXLS,$35.89,1441128063079,"30,950",50% bullish,of 2 ratings,$41
EXAC,$18.98,1441128063106,"14,253",100% bearish,of 1 rating,$22.50
EXAS,$21.88,1441128063135,"325,031",78% bullish,of 9 ratings,$31
EXEL,$5.54,1441128063160,"3,407,039",81% bullish,of 16 ratings,$6
EXFO,$3,1441128063273,391,67% bearish,of 3 ratings,$3.95
EXPD,$48.11,1441128063303,"479,719",80% bullish,of 5 ratings,$52
EXPE,$110.95,1441128063408,"521,942",64% bullish,of 11 ratings,$130
ESRX,$81.83,1441128063631,"1,587,630",67% bearish,of 6 ratings,$101
EXA,$10.74,1441128063659,"3,647",100% bearish,of 1 rating,$13
EXLP,$20.55,1441128063703,"47,588",100% bearish,of 1 rating,$25
EYEG,$3.78,1441128063810,"18,419",Not yet rated,NULL,N/A
EYEGW,$1.04,1441128063838,500,Not yet rated,NULL,N/A
EXTR,$2.979,1441128063859,"391,673",80% bullish,of 5 ratings,$3
FB,$87.49,1441128064052,"12,413,506",73% bullish,of 1072 ratings,$111
EXPO,$42.5,1441128064128,"17,989",100% bearish,of 1 rating,$45.50
EZCH,$22.79,1441128064155,"55,409",75% bullish,of 8 ratings,$19.50
FFIV,$118.63,1441128064180,"330,005",63% bullish,of 8 ratings,$132
FCS,$13.25,1441128064205,"149,888",67% bearish,of 3 ratings,$17
EZPW,$6.4,1441128064338,"110,827",50% bullish,of 4 ratings,$7
FRP,$15.95,1441128064367,"15,941",100% bearish,of 1 rating,$18
FWM,$2.205,1441128064409,"53,797",100% bearish,of 2 ratings,$3.20
FALC,$1.69,1441128064497,"15,500",63% bearish,of 8 ratings,N/A
FARM,$22.31,1441128064527,"21,145",100% bearish,of 1 rating,$35
FFKT,$25.75,1441128064550,"4,220",Not yet rated,NULL,$29
DAVE,$14.19,1441128064571,"3,829",100% bearish,of 1 rating,$15.50
FARO,$38.6,1441128064798,"28,146",50% bullish,of 2 ratings,$48
FATE,$6.5999,1441128064865,"10,160",50% bullish,of 2 ratings,$11
FMNB,$8.26,1441128064905,"1,620",Not yet rated,NULL,N/A
FAST,$37.41,1441128064930,"632,541",80% bullish,of 5 ratings,$45.50
FBRC,$21.81,1441128064961,"26,640",100% bearish,of 1 rating,$29
FDML,$9.06,1441128064987,"95,816",50% bullish,of 4 ratings,$14
FBSS,$15.8,1441128065063,274,Not yet rated,NULL,N/A
FNHC,$21.5,1441128065170,"23,267",100% bearish,of 1 rating,$35
FGEN,$23.03,1441128065250,"85,285",100% bearish,of 1 rating,$39
FHCO,$1.41,1441128065275,"8,728",50% bullish,of 4 ratings,N/A
FCSC,$5.45,1441128065348,"29,612",100% bearish,of 1 rating,$8.125
ONEQ,$183.5401,1441128065445,"9,667",100% bullish,of 1 rating,N/A
LION,$18.68,1441128065487,"58,401",100% bullish,of 1 rating,$20
FEIC,$73.66,1441128065539,"56,174",50% bullish,of 2 ratings,$95.50
FDUS,$14.64,1441128065646,"7,454",50% bullish,of 2 ratings,$18
FRGI,$50.3901,1441128065779,"39,998",50% bullish,of 2 ratings,$70
FSC,$6.5299,1441128065819,"304,100",60% bullish,of 5 ratings,$8
FENX,$9.97,1441128065852,"26,425",100% bullish,of 1 rating,$14.25
FSCFL,$24.74,1441128065949,"3,707",Not yet rated,NULL,N/A
FITB,$19.18,1441128065974,"2,862,301",54% bullish,of 13 ratings,$22
FSFR,$8.78,1441128066037,"16,170",100% bearish,of 1 rating,$11.50
FNSR,$15.15,1441128066114,"176,332",71% bullish,of 7 ratings,$24
FISI,$24.6,1441128066143,"6,646",100% bullish,of 2 ratings,$24.50
FNGN,$31.1,1441128066164,"152,886",67% bullish,of 3 ratings,$47
FITBI,$27.4565,1441128066196,"2,323",Not yet rated,NULL,N/A
FNJN,$1.7501,1441128066332,"25,021",100% bearish,of 1 rating,$5
FNTC,NULL,1441128066362,0,Not yet rated,NULL,N/A
FSAM,$8.21,1441128066385,"3,168",100% bearish,of 1 rating,$10.25
FNTCU,NULL,1441128066415,0,Not yet rated,NULL,N/A
FNTCW,NULL,1441128066468,0,Not yet rated,NULL,N/A
FEYE,$37.05,1441128066632,"1,072,829",88% bullish,of 16 ratings,$55.50
BUSE,$6.31,1441128066687,"63,031",Not yet rated,NULL,$6.875
FRBA,$6.069,1441128066717,"1,300",Not yet rated,NULL,$8
FBNC,$16.63,1441128066763,"3,108",100% bullish,of 1 rating,$20
FNLC,$18.66,1441128066788,"3,626",100% bullish,of 1 rating,N/A
FBIZ,$22.11,1441128066813,"10,870",100% bearish,of 2 ratings,$26
FCAP,$26.5,1441128066944,200,Not yet rated,NULL,N/A
FCVA,NULL,1441128067046,0,Not yet rated,NULL,N/A
FCLF,$9.19,1441128067070,"1,500",Not yet rated,NULL,N/A
FCNCA,$233.56,1441128067095,268,Not yet rated,NULL,N/A
FCCO,$12.25,1441128067134,"14,494",Not yet rated,NULL,$13.25
FCBC,$17.44,1441128067471,"3,061",Not yet rated,NULL,$18
FFNM,$6.39,1441128067531,200,Not yet rated,NULL,N/A
FDEF,$36.56,1441128067558,"8,033",Not yet rated,NULL,$38
FCFS,$39.83,1441128067582,"45,690",100% bearish,of 3 ratings,$47
FCFP,$6.95,1441128067611,100,Not yet rated,NULL,N/A
FBNK,$16.53,1441128067691,"6,324",100% bearish,of 1 rating,$17.50
FFBC,$17.88,1441128067774,"36,579",67% bearish,of 3 ratings,$20.25
FFIN,$29.76,1441128067803,"33,425",50% bullish,of 2 ratings,$31.75
FFBCW,NULL,1441128067875,0,100% bearish,of 1 rating,N/A
FFNW,$12.26,1441128067906,"14,072",Not yet rated,NULL,$14
FFWM,$21.12,1441128067933,"3,074",Not yet rated,NULL,$24
THFF,$32.53,1441128068011,"7,697",Not yet rated,NULL,$35
FIBK,$26.05,1441128068119,"50,237",Not yet rated,NULL,$32
FRME,$25.6,1441128068152,"88,167",Not yet rated,NULL,$26.50
FMBH,NULL,1441128068173,0,Not yet rated,NULL,N/A
INBK,$31.07,1441128068250,"8,856",50% bullish,of 2 ratings,$37
FMBI,$16.96,1441128068518,"94,599",Not yet rated,NULL,$20
FSFG,$30.94,1441128068546,100,Not yet rated,NULL,N/A
FNBC,$34.02,1441128068567,"11,615",Not yet rated,NULL,$40
FNWB,$11.957,1441128068599,"5,390",Not yet rated,NULL,N/A
FSBK,$7.69,1441128068701,300,100% bullish,of 1 rating,N/A
FSLR,$47.69,1441128068793,"643,728",72% bullish,of 39 ratings,$65
BICK,NULL,1441128068829,0,100% bullish,of 1 rating,N/A
FSGI,$2.48,1441128068854,"2,044",Not yet rated,NULL,N/A
FCAN,$24.22,1441128068884,150,Not yet rated,NULL,N/A
FBZ,NULL,1441128068908,0,Not yet rated,NULL,N/A
FCA,$18.695,1441128069192,"4,650",Not yet rated,NULL,N/A
IFV,$17.3104,1441128069219,"279,227",100% bearish,of 1 rating,N/A
FTCS,$35.5108,1441128069249,"4,668",100% bearish,of 1 rating,N/A
FV,$22.73,1441128069270,"1,357,779",100% bearish,of 1 rating,N/A
FNFG,$8.89,1441128069304,"837,060",80% bullish,of 5 ratings,$9
FTSM,$59.9405,1441128069353,"19,647",100% bearish,of 1 rating,N/A
FEMB,NULL,1441128069401,0,Not yet rated,NULL,N/A
FTGC,$22.3019,1441128069594,"28,641",Not yet rated,NULL,N/A
MDIV,$18.9201,1441128069739,"83,709",Not yet rated,NULL,N/A
FTHI,$18.94,1441128069787,226,Not yet rated,NULL,N/A
YDIV,$16.23,1441128070114,"1,869",Not yet rated,NULL,N/A
FHK,$32.203,1441128070169,"2,373",Not yet rated,NULL,N/A
FGM,$34.87,1441128070194,"2,947",Not yet rated,NULL,N/A
TDIV,$24.145,1441128070222,"35,113",100% bearish,of 1 rating,N/A
FPXI,$26.49,1441128070248,300,Not yet rated,NULL,N/A
SKYY,$28.2185,1441128070323,"48,556",100% bullish,of 1 rating,N/A
HYLS,$49.41,1441128070413,"11,065",100% bearish,of 1 rating,N/A
FJP,$44.9525,1441128070666,"10,886",Not yet rated,NULL,N/A
LMBS,$50.36,1441128070744,200,Not yet rated,NULL,N/A
PLTM,$6.1901,1441128070773,"2,716",100% bearish,of 1 rating,N/A
CU,$12.5925,1441128070798,"4,240",100% bearish,of 1 rating,N/A
FTLB,$18.9971,1441128070877,"1,760",100% bearish,of 1 rating,N/A
FMB,$51.3,1441128071094,202,Not yet rated,NULL,N/A
GRID,$31.16,1441128071120,320,100% bearish,of 1 rating,N/A
CARZ,$33.87,1441128071409,"1,675",100% bearish,of 1 rating,N/A
QCLN,$14.83,1441128071466,"10,529",Not yet rated,NULL,N/A
CIBR,$17.3899,1441128071490,"38,232",Not yet rated,NULL,N/A
QQEW,$40.71,1441128071521,"66,869",Not yet rated,NULL,N/A
RDVY,$20.5594,1441128071653,"1,075",Not yet rated,NULL,N/A
QABA,$36.67,1441128071677,"1,769",100% bearish,of 1 rating,N/A
QQXT,$39.33,1441128071862,"10,139",Not yet rated,NULL,N/A
FONE,NULL,1441128071911,0,Not yet rated,NULL,N/A
FEUZ,$30.71,1441128071995,20,Not yet rated,NULL,N/A
QTEC,$38.96,1441128072042,"14,299",Not yet rated,NULL,N/A
QINC,$20.02,1441128072066,100,Not yet rated,NULL,N/A
FTSL,$48.7821,1441128072195,"22,381",100% bearish,of 1 rating,N/A
AIRR,$16.3258,1441128072220,"2,463",100% bearish,of 1 rating,N/A
FSZ,$38.39,1441128072276,"6,954",Not yet rated,NULL,N/A
FKO,$22.33,1441128072409,300,Not yet rated,NULL,N/A
FDIV,NULL,1441128072440,0,100% bearish,of 1 rating,N/A
TUSA,NULL,1441128072569,0,Not yet rated,NULL,N/A
SVVC,$9.2719,1441128072762,"10,054",50% bullish,of 2 ratings,$26
FMER,$17.23,1441128072801,"409,837",50% bullish,of 2 ratings,$20
FIVE,$37.52,1441128072932,"441,631",75% bearish,of 4 ratings,$44
FISV,$82.98,1441128072986,"279,803",100% bearish,of 3 ratings,$90
FPRX,$18.21,1441128073015,"134,921",50% bullish,of 2 ratings,$35
FIVN,$3.93,1441128073086,"40,950",100% bullish,of 1 rating,$8.50
FTW,$30.92,1441128073111,100,Not yet rated,NULL,N/A
FUNC,NULL,1441128073140,0,Not yet rated,NULL,N/A
FSV,$31.38,1441128073165,"14,000",Not yet rated,NULL,$33.60
FLKS,$11.62,1441128073293,"9,933",50% bullish,of 2 ratings,$27
FLML,$21.46,1441128073343,"58,494",50% bullish,of 2 ratings,$30
FKU,$40.57,1441128073436,"10,046",Not yet rated,NULL,N/A
SKOR,$50.76,1441128073473,800,Not yet rated,NULL,N/A
FLXS,$30.505,1441128073601,"9,593",100% bearish,of 2 ratings,N/A
FLXN,$24.21,1441128073699,"38,203",100% bearish,of 1 rating,$40
FLIR,$28.09,1441128073738,"302,366",100% bearish,of 2 ratings,$38.50
FLEX,$10.21,1441128073768,"778,666",63% bullish,of 8 ratings,$12
FFIC,$19.32,1441128073794,"18,013",Not yet rated,NULL,$20.50
FLDM,$11.7,1441128073871,"109,577",67% bearish,of 3 ratings,$15
FOMX,$9.97,1441128073980,"38,592",50% bullish,of 2 ratings,$23.50
FES,$0.93,1441128074045,"5,850",50% bullish,of 2 ratings,$1
FONR,$9.735,1441128074207,"1,317",100% bullish,of 1 rating,N/A
FORTY,NULL,1441128074234,0,100% bearish,of 1 rating,N/A
FORR,$30.97,1441128074261,"11,275",Not yet rated,NULL,N/A
FORM,$6.54,1441128074290,"70,075",67% bullish,of 3 ratings,$10.50
FTNT,$40.56,1441128074395,"394,857",80% bullish,of 10 ratings,$52
FBIO,$2.67,1441128074473,"24,263",83% bullish,of 6 ratings,N/A
FORD,$1.72,1441128074534,"2,696,568",67% bullish,of 3 ratings,N/A
FWRD,$43.95,1441128074563,"45,494",100% bearish,of 1 rating,$50
FWP,$26.76,1441128074616,"6,103",100% bearish,of 1 rating,$45
MBSD,$25.14,1441128074669,408,Not yet rated,NULL,N/A
FMI,$22.82,1441128074805,"66,270",100% bearish,of 2 ratings,$27.50
FOGO,$19.48,1441128074869,"38,503",50% bullish,of 2 ratings,$25.50
FOSL,$60.06,1441128074896,"309,071",60% bearish,of 5 ratings,$80
FOXF,$15.05,1441128074933,"24,351",100% bearish,of 1 rating,$19
FXCB,$17.16,1441128074959,"4,763",Not yet rated,NULL,$19
FELE,$27.97,1441128075030,"98,780",50% bullish,of 4 ratings,$33
FRAN,$11.19,1441128075057,"156,342",50% bullish,of 4 ratings,$15
RAIL,$20.63,1441128075355,"29,228",100% bearish,of 1 rating,$24.50
FTR,$4.975,1441128075526,"4,601,523",78% bullish,of 27 ratings,$6.25
FSBW,$23,1441128075595,300,Not yet rated,NULL,N/A
FTEK,$2.0034,1441128076034,"64,269",75% bullish,of 4 ratings,N/A
FTD,$29.85,1441128076135,"32,708",100% bearish,of 1 rating,$40
FRPH,$30.97,1441128076278,"1,201",100% bearish,of 1 rating,N/A
FSYS,$6.7125,1441128076318,"66,181",67% bullish,of 3 ratings,$10
FTRPR,$100.2001,1441128076448,"1,500",100% bearish,of 1 rating,N/A
FULL,$3.12,1441128076579,"16,136",67% bearish,of 3 ratings,$4.25
FRPT,$12.89,1441128076705,"115,932",67% bearish,of 3 ratings,$23.50
FEIM,$10.92,1441128076738,"3,500",100% bearish,of 1 rating,N/A
FCEL,$0.869,1441128076759,"1,921,167",88% bullish,of 41 ratings,$2.65
FULLL,$25.17,1441128076806,200,Not yet rated,NULL,N/A
FLL,$1.49,1441128076831,462,75% bullish,of 4 ratings,$3.50
FFHL,$0.9703,1441128077094,"1,480",50% bullish,of 4 ratings,N/A
FXEN,$0.98,1441128077422,"18,845",75% bullish,of 4 ratings,$1.10
FULT,$11.75,1441128077555,"195,503",100% bearish,of 1 rating,$13
FXENP,$15.86,1441128077658,"1,067",100% bearish,of 1 rating,N/A
GK,$65.9,1441128077861,"17,356",Not yet rated,NULL,$78
FSNN,$2.1216,1441128077938,750,67% bullish,of 3 ratings,$6
GALTU,NULL,1441128078043,0,100% bearish,of 1 rating,N/A
GALTW,NULL,1441128078067,0,100% bullish,of 1 rating,N/A
GALT,$2.2103,1441128078092,"20,981",80% bullish,of 5 ratings,N/A
GLPG,$58.8001,1441128078294,"11,435",100% bullish,of 1 rating,$75
GAIA,$6.01,1441128078366,"3,000",50% bullish,of 2 ratings,$8.50
GLPI,$30.55,1441128078391,"204,565",100% bearish,of 1 rating,$37.50
WILC,$4.9899,1441128078426,154,100% bullish,of 2 ratings,N/A
GLMD,$8.17,1441128078451,"9,700",67% bullish,of 3 ratings,$20.50
GALE,$1.6,1441128078520,"1,171,498",89% bullish,of 47 ratings,$4
GPIC,$9.5,1441128078652,786,100% bearish,of 1 rating,N/A
GRMN,$36.75,1441128078714,"363,801",50% bullish,of 6 ratings,$46.50
GGACR,$0.26,1441128078786,200,100% bullish,of 1 rating,N/A
FRED,$12.96,1441128078919,"49,773",50% bullish,of 2 ratings,$15.50
FREE,$0.3846,1441128078957,"219,545",92% bullish,of 12 ratings,N/A
GGACU,$10.22,1441128078989,100,Not yet rated,NULL,N/A
GGACW,$0.15,1441128079017,"1,263",Not yet rated,NULL,N/A
GARS,$14.47,1441128079086,"14,110",Not yet rated,NULL,$16
GENC,$9.0134,1441128079111,620,100% bearish,of 1 rating,N/A
GGAC,NULL,1441128079138,0,100% bearish,of 1 rating,N/A
GFN,$3.66,1441128079168,"4,000",100% bearish,of 2 ratings,$8
GFNCP,$91.475,1441128079273,800,Not yet rated,NULL,N/A
GFNSL,NULL,1441128079301,0,Not yet rated,NULL,N/A
GNMK,$9.96,1441128079434,"40,187",67% bullish,of 6 ratings,$14
GENE,$2.4299,1441128079459,"116,470",100% bullish,of 12 ratings,N/A
GHDX,$26.04,1441128079675,"77,200",50% bullish,of 2 ratings,$30
THRM,$44.62,1441128079705,"90,905",75% bearish,of 4 ratings,$55.50
GNCA,$11.25,1441128079751,"57,660",100% bearish,of 1 rating,$20
GNVC,$2.3152,1441128079810,"16,364",90% bullish,of 10 ratings,$8.50
GNCMA,$16.5,1441128079837,"44,670",100% bearish,of 1 rating,$12
GNTX,$15.29,1441128079877,"615,178",Not yet rated,NULL,$20
GTWN,NULL,1441128079907,0,Not yet rated,NULL,N/A
GERN,$2.95,1441128080004,"657,519",88% bullish,of 16 ratings,$5.25
GABC,$28.56,1441128080036,"6,458",Not yet rated,NULL,$31
GEOS,$17.55,1441128080135,"39,701",100% bearish,of 3 ratings,$21
ROCK,$15.99,1441128080156,"151,012",80% bullish,of 5 ratings,$24
GEVO,$2.4008,1441128080239,"174,860",75% bullish,of 12 ratings,$5
GIGM,$0.5306,1441128080301,"10,298",100% bullish,of 2 ratings,N/A
GIGA,$1.5301,1441128080408,"116,022",100% bearish,of 1 rating,N/A
GIII,$67.3599,1441128080433,"145,050",67% bullish,of 3 ratings,$75
GILD,$101.93,1441128080461,"3,609,340",91% bullish,of 87 ratings,$129
GILT,$4.121,1441128080486,"3,430",50% bullish,of 2 ratings,N/A
GLAD,$8.8439,1441128080626,"124,774",50% bullish,of 2 ratings,$8.75
GLADO,$25.55,1441128080681,100,Not yet rated,NULL,N/A
GOODN,$25.61,1441128080731,300,Not yet rated,NULL,N/A
GOODO,$25,1441128080758,1,Not yet rated,NULL,N/A
GBCI,$25.23,1441128080783,"111,041",50% bullish,of 2 ratings,$31
GAINN,$25.1999,1441128080919,"1,474",Not yet rated,NULL,N/A
GOODP,$25.2,1441128080943,942,Not yet rated,NULL,N/A
GOOD,$14.1,1441128080974,"24,955",Not yet rated,NULL,$19
GAIN,$7.34,1441128081023,"48,244",100% bullish,of 2 ratings,$8.25
GAINO,$25.17,1441128081048,842,Not yet rated,NULL,N/A
GAINP,$25.85,1441128081184,501,Not yet rated,NULL,N/A
LAND,$9.04,1441128081217,"41,629",50% bullish,of 2 ratings,$13.75
GLBZ,$11.25,1441128081322,457,Not yet rated,NULL,N/A
GBT,$49.4,1441128081343,"34,265",100% bearish,of 1 rating,N/A
ENT,$11.13,1441128081425,"179,934",100% bearish,of 1 rating,$18
GDEF,$10.54,1441128081626,678,Not yet rated,NULL,N/A
QQQC,$18.38,1441128081705,"2,400",100% bearish,of 1 rating,N/A
GPACU,NULL,1441128081736,0,Not yet rated,NULL,N/A
ACTX,NULL,1441128081761,0,100% bullish,of 1 rating,N/A
SOCL,$17.08,1441128081835,"12,924",100% bullish,of 2 ratings,N/A
GBLI,$27.26,1441128081864,"8,342",Not yet rated,NULL,N/A
GSOL,$8.25,1441128081901,"11,258",100% bearish,of 1 rating,N/A
ALTY,$14.31,1441128081927,200,Not yet rated,NULL,N/A
SRET,$12.855,1441128081948,507,Not yet rated,NULL,N/A
YLCO,$11.6,1441128082079,700,Not yet rated,NULL,N/A
GAI,$6.24,1441128082105,"13,897",50% bullish,of 2 ratings,N/A
GBIM,$2.58,1441128082236,"7,253",50% bullish,of 2 ratings,N/A
GSM,$13.343,1441128082261,"226,357",50% bullish,of 2 ratings,$22
GLUU,$4.3,1441128082327,"541,273",92% bullish,of 26 ratings,$9
GLBS,NULL,1441128082456,0,67% bullish,of 3 ratings,N/A
GMLP,$19.74,1441128082485,"46,959",50% bullish,of 4 ratings,$29
GLYC,$7.03,1441128082506,"6,668",50% bullish,of 2 ratings,$14
GOGO,$15.4,1441128082540,"170,363",80% bullish,of 5 ratings,$25
GLNG,$38.21,1441128082569,"340,185",83% bullish,of 6 ratings,$55.50
GLRI,$1.04,1441128082636,980,100% bearish,of 1 rating,$4.25
GLDC,$4.0144,1441128082736,"1,900",50% bullish,of 2 ratings,N/A
GOGL,$3.03,1441128082795,"48,984",75% bullish,of 4 ratings,$5
GTIM,$6.52,1441128082826,"12,286",Not yet rated,NULL,$11.50
GBDC,$17.03,1441128082853,"150,958",Not yet rated,NULL,$17.75
GDEN,$8.97,1441128082928,800,50% bullish,of 2 ratings,N/A
GOOGL,$632.46,1441128082957,"503,438",88% bullish,of 1082 ratings,$749
GOOG,$601.965,1441128083000,"852,529",88% bullish,of 72 ratings,$825
GPRO,$42.37,1441128083152,"6,114,770",78% bullish,of 58 ratings,$72
GPIA,NULL,1441128083182,0,100% bearish,of 1 rating,N/A
GMAN,$3.74,1441128083203,"11,002",60% bullish,of 5 ratings,$8.50
GPIAW,NULL,1441128083282,0,Not yet rated,NULL,N/A
GBSN,$0.295,1441128083337,"2,636,977",50% bullish,of 2 ratings,$8.25
GPIAU,NULL,1441128083366,0,Not yet rated,NULL,N/A
GBSNU,NULL,1441128083396,0,NULL,NULL,NULL
GLDD,$5.35,1441128083474,"47,625",100% bearish,of 4 ratings,$7.75
LOPE,$37.08,1441128083500,"104,977",100% bearish,of 2 ratings,$50
GNBC,$11.79,1441128083700,"3,523",100% bearish,of 1 rating,$16.50
GPP,$14.19,1441128083751,"17,998",Not yet rated,NULL,$20.50
GSBC,$39.97,1441128083806,"12,000",100% bullish,of 1 rating,$44
GPRE,$20.32,1441128083850,"183,943",67% bullish,of 6 ratings,$28.50
GCBC,$28.497,1441128083880,456,100% bullish,of 1 rating,N/A
GRVY,$3.29,1441128083907,"8,100",50% bullish,of 2 ratings,N/A
GRBK,$11.69,1441128083982,"64,783",77% bullish,of 13 ratings,N/A
GLRE,$25.03,1441128084041,"70,088",50% bullish,of 2 ratings,$41
GRIF,NULL,1441128084121,0,100% bearish,of 1 rating,N/A
GRPN,$4.35,1441128084177,"2,113,631",61% bullish,of 71 ratings,$6.75
OMAB,$40.5,1441128084283,"9,824",100% bullish,of 1 rating,$44
GRFS,$29.85,1441128084322,"165,432",50% bullish,of 2 ratings,$35
GSIG,$12.8,1441128084389,"4,907",100% bearish,of 2 ratings,N/A
GSIT,$4.63,1441128084419,"8,729",100% bearish,of 1 rating,N/A
GTXI,$0.92,1441128084521,"4,050",100% bullish,of 5 ratings,$.75
GSVC,$8.65,1441128084552,"27,324",50% bullish,of 2 ratings,$15.75
GGAL,$18.85,1441128084580,"99,544",80% bullish,of 5 ratings,$40
GUID,$6.8,1441128084682,"46,898",100% bearish,of 3 ratings,$10
GBNK,$15.69,1441128084710,"7,383",100% bearish,of 1 rating,$18
GULTU,$0.3325,1441128084738,"16,110",100% bearish,of 1 rating,N/A
GFED,NULL,1441128084765,0,Not yet rated,NULL,$17
GIFI,$12.9,1441128084866,"18,075",100% bearish,of 1 rating,$16
GWPH,$102.7,1441128084968,"63,295",78% bullish,of 9 ratings,$148.50
GURE,$1.71,1441128084998,"5,945",88% bullish,of 8 ratings,N/A
GWGH,$8.15,1441128085062,200,100% bearish,of 1 rating,$15.05
GYRO,$28.05,1441128085101,"77,094",100% bearish,of 1 rating,N/A
GPOR,$34.49,1441128085150,"563,659",75% bullish,of 4 ratings,$54
HLG,$9,1441128085258,"10,262",100% bearish,of 1 rating,N/A
HEES,$19.57,1441128085287,"155,371",67% bearish,of 3 ratings,$31
HBK,$13.5661,1441128085355,"1,353",50% bullish,of 2 ratings,N/A
HALO,$16.77,1441128085387,"308,617",67% bullish,of 3 ratings,$22.50
HALL,$11.39,1441128085418,"5,462",Not yet rated,NULL,N/A
HBHC,$26.91,1441128085483,"153,612",50% bullish,of 2 ratings,$30
HNRG,$7.5,1441128085520,"21,657",100% bearish,of 1 rating,$10
HBHCL,$24.15,1441128085660,"18,182",Not yet rated,NULL,N/A
HMPR,$1.8418,1441128085691,"5,300",100% bullish,of 1 rating,N/A
HNH,$24.47,1441128085761,"8,933",100% bullish,of 1 rating,N/A
HAFC,$23.45,1441128085790,"51,766",100% bullish,of 2 ratings,$28.50
HNSN,$0.534,1441128085892,"30,080",88% bullish,of 8 ratings,$.40
HQCL,$12.52,1441128085978,"14,671",67% bullish,of 3 ratings,$14
HDNG,$10.03,1441128086004,"5,040",50% bullish,of 4 ratings,N/A
HLIT,$5.68,1441128086025,"70,569",100% bearish,of 1 rating,$6.50
HRMN,NULL,1441128086161,0,Not yet rated,NULL,N/A
TINY,$2.44,1441128086183,"16,810",50% bullish,of 2 ratings,$5.26
HART,$1.27,1441128086218,"169,501",100% bearish,of 1 rating,N/A
HRMNU,NULL,1441128086238,0,Not yet rated,NULL,N/A
HRMNW,NULL,1441128086270,0,Not yet rated,NULL,N/A
HBIO,$4.32,1441128086368,"11,237",100% bearish,of 1 rating,$10
HCAPL,NULL,1441128086502,0,Not yet rated,NULL,N/A
HA,$22.3044,1441128086543,"189,567",67% bullish,of 9 ratings,$27
HAS,$72.568,1441128086635,"357,141",63% bullish,of 8 ratings,$84.50
HCAP,$12.1398,1441128086660,"8,000",50% bullish,of 2 ratings,$15
HCOM,$21.8,1441128086685,"2,505",100% bearish,of 1 rating,$28
HAYN,$37.68,1441128086812,"11,400",100% bearish,of 1 rating,$59
HDS,$31.91,1441128086874,"491,250",100% bearish,of 2 ratings,$39.50
HWBK,NULL,1441128086928,0,100% bearish,of 1 rating,N/A
HWKN,$37.95,1441128086960,"11,513",Not yet rated,NULL,N/A
HIIQ,$4.95,1441128086983,"19,040",50% bullish,of 2 ratings,$7
HCSG,$33,1441128087029,"82,640",50% bullish,of 4 ratings,$35
HSTM,$24.21,1441128087060,"25,518",50% bullish,of 2 ratings,$33.75
HWAY,$11.84,1441128087115,"99,798",100% bearish,of 1 rating,$15
HQY,$28.96,1441128087160,"57,492",67% bullish,of 3 ratings,$35
HTLD,$19.81,1441128087324,"177,936",Not yet rated,NULL,$22.50
HTWR,$82.67,1441128087381,"44,110",50% bullish,of 2 ratings,$103
HTLF,$35.48,1441128087405,"8,575",100% bullish,of 1 rating,$39.50
HTBX,$3.988,1441128087430,"126,713",50% bullish,of 2 ratings,$15.50
HSII,$19.38,1441128087455,"17,152",100% bullish,of 3 ratings,$25
HNNA,$24.75,1441128087652,"2,077",Not yet rated,NULL,N/A
HERO,NULL,1441128087688,0,NULL,NULL,NULL
HMTV,$13.35,1441128087709,"13,078",100% bearish,of 1 rating,$16
HELE,$82.51,1441128087743,"59,203",67% bearish,of 3 ratings,$100
HMNY,NULL,1441128087777,0,100% bearish,of 1 rating,N/A
HTBK,$10.28,1441128087807,"40,158",Not yet rated,NULL,$12
HSIC,$133.25,1441128087828,"111,347",83% bullish,of 6 ratings,$146
HCACU,NULL,1441128087876,0,Not yet rated,NULL,N/A
HFWA,$17.36,1441128087970,"17,478",100% bullish,of 1 rating,$20
HEOP,$7.69,1441128088011,"6,550",Not yet rated,NULL,$8.50
HCCI,$11.47,1441128088100,"17,955",100% bearish,of 1 rating,$16.50
HSKA,$33.74,1441128088234,"9,229",100% bearish,of 1 rating,$38
HRTX,$36.61,1441128088278,"819,647",57% bullish,of 7 ratings,$41
MLHR,$26.49,1441128088365,"62,539",50% bullish,of 2 ratings,$33.50
HFFC,$15.87,1441128088399,702,Not yet rated,NULL,N/A
HIMX,$6.66,1441128088429,"479,447",86% bullish,of 21 ratings,$8.50
HIHO,$4.125,1441128088502,"18,009",Not yet rated,NULL,N/A
HIBB,$39.09,1441128088523,"79,986",100% bearish,of 1 rating,$46.50
HPJ,$2.19,1441128088554,"7,231",75% bullish,of 4 ratings,$12.43
HIFS,$117.49,1441128088599,900,Not yet rated,NULL,N/A
HMNF,$11.689,1441128088687,"1,101",Not yet rated,NULL,N/A
HMSY,$9.85,1441128088736,"255,685",67% bullish,of 3 ratings,$19.35
HSGX,$6.04,1441128088773,"3,132",100% bearish,of 1 rating,$17
HOLI,$16.88,1441128088821,"87,166",50% bullish,of 4 ratings,$27
HBCP,$24.73,1441128088901,429,Not yet rated,NULL,$29
HOMB,$36.89,1441128089034,"32,471",Not yet rated,NULL,$42
HOLX,$37.47,1441128089103,"924,951",50% bullish,of 4 ratings,$42
HMIN,$25.73,1441128089166,"60,897",100% bearish,of 2 ratings,$35
AWAY,$27.88,1441128089191,"270,743",67% bullish,of 3 ratings,$36
HMST,$21.75,1441128089236,"67,577",100% bullish,of 2 ratings,$27
HTBI,$18.05,1441128089261,"78,980",67% bullish,of 3 ratings,$18.625
HFBL,$21.647,1441128089332,"1,298",Not yet rated,NULL,N/A
HKTV,$4.41,1441128089624,"27,000",100% bearish,of 1 rating,N/A
CETC,$0.74,1441128089654,"48,519",86% bullish,of 7 ratings,N/A
HOFT,$23.37,1441128089681,"19,105",100% bearish,of 1 rating,N/A
HZNP,$28.6,1441128089707,"584,697",85% bullish,of 20 ratings,$40
HRZN,$10.4587,1441128089836,"8,556",50% bullish,of 2 ratings,$14.25
HBNC,$23.58,1441128089867,"12,585",100% bullish,of 1 rating,$27
ZINC,$7.86,1441128089907,"227,213",100% bearish,of 1 rating,$17
HFBC,$11.3718,1441128089971,502,Not yet rated,NULL,N/A
HMHC,$22.41,1441128090103,"668,991",Not yet rated,NULL,$27
HDP,$23.68,1441128090128,"70,320",67% bearish,of 3 ratings,$30.50
HOVNP,$4.1399,1441128090192,"1,500",100% bearish,of 1 rating,N/A
HWCC,$7.47,1441128090282,"40,452",100% bearish,of 1 rating,$9
HSNI,$59.77,1441128090310,"81,181",Not yet rated,NULL,$80
HBMD,$14.44,1441128090341,200,100% bearish,of 1 rating,N/A
HUBG,$36.92,1441128090438,"53,350",100% bearish,of 1 rating,$43
HDSN,$3.12,1441128090476,"1,352",100% bullish,of 1 rating,$6.25
HTGM,$5.88,1441128090505,"1,900",100% bearish,of 1 rating,$19.50
HCBK,$8.885,1441128090531,"962,512",83% bullish,of 6 ratings,$8.61
HSON,$2.6001,1441128090577,"2,920",100% bearish,of 1 rating,$5
HBAN,$10.515,1441128090667,"2,178,666",76% bullish,of 17 ratings,$12.29
HURN,$70.95,1441128090837,"122,672",50% bullish,of 2 ratings,$80
HBP,$3.1397,1441128090882,"2,280",100% bullish,of 1 rating,N/A
HURC,$29.8001,1441128090935,"3,439",100% bearish,of 1 rating,N/A
HDRA,NULL,1441128090963,0,Not yet rated,NULL,N/A
HBANP,NULL,1441128090993,0,100% bearish,of 1 rating,N/A
HDRAR,NULL,1441128091062,0,Not yet rated,NULL,N/A
HTCH,$1.4377,1441128091096,"126,909",100% bearish,of 1 rating,$3.50
HDRAU,$0.05,1441128091225,0,Not yet rated,NULL,N/A
HDRAW,NULL,1441128091252,0,Not yet rated,NULL,N/A
HYGS,$9.03,1441128091280,"10,806",50% bullish,of 2 ratings,$13
IDSY,$3.76,1441128091310,"6,800",100% bearish,of 1 rating,$7
IKGH,$1.46,1441128091417,"42,430",75% bullish,of 4 ratings,N/A
IACI,$69.15,1441128091446,"280,866",80% bullish,of 5 ratings,$90
ICAD,$3.74,1441128091471,"6,880",100% bullish,of 2 ratings,$7.25
IBKC,$58.76,1441128091520,"56,212",100% bullish,of 1 rating,$70
IEP,$71.2099,1441128091652,"27,969",75% bullish,of 4 ratings,$99
ICFI,$33.66,1441128091721,"84,840",50% bullish,of 2 ratings,$48.50
ICLR,$74.8,1441128091747,"102,171",100% bearish,of 3 ratings,$85
ICON,$13.29,1441128091768,"245,612",50% bullish,of 2 ratings,$28
IDRA,$2.88,1441128091808,"565,800",89% bullish,of 9 ratings,$6.50
ICUI,$110.77,1441128092017,"25,748",Not yet rated,NULL,$122
IDXX,$70.12,1441128092068,"232,961",100% bearish,of 1 rating,$76
IROQ,$16.97,1441128092093,600,100% bullish,of 1 rating,N/A
DSKY,$10.94,1441128092154,"13,178",67% bullish,of 6 ratings,$11.50
IRG,$4.9,1441128092185,"15,155",100% bearish,of 1 rating,$4.25
INVE,$4.66,1441128092219,"19,777",75% bullish,of 4 ratings,$4
RXDX,$13.55,1441128092284,"42,986",100% bullish,of 1 rating,$20
IPWR,$7.19,1441128092310,800,100% bullish,of 1 rating,$15
KANG,$15.57,1441128092443,"281,995",50% bullish,of 2 ratings,$23.10
IKNX,NULL,1441128092473,0,100% bearish,of 1 rating,N/A
IKAN,$2.73,1441128092498,"11,488",83% bullish,of 6 ratings,$5
IIVI,$16.6,1441128092519,"31,445",100% bearish,of 1 rating,$22
IMMR,$11.15,1441128092650,"130,337",80% bullish,of 5 ratings,$15.50
ISNS,$4.133,1441128092758,"13,978",50% bullish,of 2 ratings,N/A
ICCC,$6.8399,1441128092789,"8,573",100% bullish,of 1 rating,N/A
ILMN,$196.08,1441128092814,"405,854",80% bullish,of 5 ratings,$245
IMNP,$1.26,1441128092846,"72,000",50% bullish,of 2 ratings,$6
IMGN,$13.02,1441128092888,"218,462",75% bullish,of 4 ratings,$17.50
IMMU,$2.15,1441128092950,"392,291",86% bullish,of 7 ratings,$2
IMDZ,$15.67,1441128092976,"27,006",100% bearish,of 1 rating,$33
INCR,$41.02,1441128093141,"221,789",50% bullish,of 2 ratings,$53
SAAS,$7.17,1441128093168,"197,287",50% bullish,of 2 ratings,$15
IPXL,$40.73,1441128093242,"147,315",67% bullish,of 3 ratings,$46.50
INCY,$116.32,1441128093298,"400,247",50% bullish,of 6 ratings,$125.50
INDB,$43.75,1441128093324,"15,294",Not yet rated,NULL,$44
IMMY,$7.77,1441128093345,"1,500",100% bearish,of 1 rating,$11
IBTX,$40.02,1441128093391,"7,884",100% bullish,of 2 ratings,$47.25
IDSA,$3.46,1441128093523,100,Not yet rated,NULL,N/A
IBCP,$14.01,1441128093554,"42,651",100% bullish,of 1 rating,$14.50
INFI,$8.51,1441128093579,"116,865",50% bullish,of 4 ratings,$16.50
IPCC,$75.52,1441128093606,"3,657",Not yet rated,NULL,$77.50
INFN,$21.38,1441128093637,"375,947",71% bullish,of 7 ratings,$28
IFON,$1.25,1441128093735,"20,059",75% bullish,of 4 ratings,N/A
III,$3.701,1441128093862,"27,849",57% bullish,of 7 ratings,$6
IMKTA,$49.15,1441128093888,"20,811",100% bearish,of 1 rating,N/A
INWK,$7.055,1441128093917,"26,817",50% bullish,of 2 ratings,$10
INOD,$2.4,1441128093966,"1,800",100% bearish,of 1 rating,N/A
INNL,$12.54,1441128094022,"3,776",100% bearish,of 1 rating,$16.50
IPHS,$46.97,1441128094051,"53,410",100% bearish,of 1 rating,$60
INGN,$48.74,1441128094158,"54,540",100% bearish,of 1 rating,$50.50
INOV,$21.6,1441128094217,"131,144",100% bearish,of 1 rating,$33
INO,$7.12,1441128094360,"322,981",89% bullish,of 18 ratings,$20
ITEK,$12.25,1441128094398,"130,225",100% bearish,of 3 ratings,$20
ISSC,$2.84,1441128094419,"2,875",67% bearish,of 3 ratings,N/A
NSIT,$24.72,1441128094451,"50,739",50% bullish,of 2 ratings,N/A
ISIG,$2.69,1441128094477,"1,550",100% bearish,of 1 rating,N/A
IOSP,$48.43,1441128094506,"58,713",100% bearish,of 1 rating,N/A
INSM,$23.48,1441128094528,"99,707",71% bullish,of 7 ratings,$31.50
IIIN,$16.95,1441128094671,"17,695",100% bearish,of 2 ratings,N/A
INSY,$33.005,1441128094806,"312,259",75% bullish,of 4 ratings,$48
PODD,$28.78,1441128094874,"97,288",67% bearish,of 3 ratings,$35
IDTI,$18.35,1441128094945,"614,053",60% bullish,of 5 ratings,$25
ISSI,$21.855,1441128094971,"41,623",67% bullish,of 3 ratings,$19.75
NTEC,$5.54,1441128094992,"1,781",100% bearish,of 1 rating,N/A
IESC,$7.04,1441128095026,112,100% bearish,of 1 rating,N/A
IART,$58.96,1441128095052,"67,269",100% bearish,of 2 ratings,$71.50
INTC,$27.87,1441128095125,"12,775,038",82% bullish,of 238 ratings,$36
IPCI,$2.2307,1441128095258,"24,963",67% bullish,of 6 ratings,$8
IQNT,$18.11,1441128095311,"67,404",86% bullish,of 7 ratings,$20
IPAR,$24.84,1441128095339,"16,862",67% bullish,of 3 ratings,$38
ININ,$35.56,1441128095411,"36,307",67% bearish,of 3 ratings,$57
ICPT,$183.19,1441128095506,"108,154",70% bullish,of 10 ratings,$359.50
ICLD,$1.825,1441128095535,"50,099",75% bullish,of 4 ratings,N/A
IBKR,$38.45,1441128095560,"323,400",100% bullish,of 1 rating,N/A
ICLDW,$1.18,1441128095641,425,100% bearish,of 1 rating,N/A
IDCC,$48.9,1441128095748,"129,140",80% bullish,of 5 ratings,$63
TILE,$23.49,1441128095777,"109,720",100% bearish,of 3 ratings,$27
IMI,$2.05,1441128095830,"13,763",67% bullish,of 3 ratings,$2.22
INAP,$8.84,1441128095877,"315,397",75% bullish,of 4 ratings,$11
ISCA,$31.8,1441128096021,"38,203",100% bearish,of 1 rating,N/A
IGLD,$6.92,1441128096091,"3,500",50% bullish,of 2 ratings,N/A
PTNT,$2.94,1441128096123,105,Not yet rated,NULL,N/A
IBOC,$24.79,1441128096156,"26,480",100% bearish,of 1 rating,N/A
IIJI,NULL,1441128096177,0,50% bullish,of 2 ratings,$11.50
INPH,$0.31,1441128096257,"2,200",50% bullish,of 2 ratings,N/A
ISIL,$10.33,1441128096395,"276,911",50% bullish,of 6 ratings,$15
INTX,$1.95,1441128096437,"18,712",67% bullish,of 3 ratings,N/A
INTL,$26.02,1441128096503,"36,689",67% bearish,of 3 ratings,N/A
IILG,$19.44,1441128096529,"51,311",100% bearish,of 1 rating,$29
XENT,$25.79,1441128096569,"135,148",50% bullish,of 2 ratings,$36.50
ITCI,$26.92,1441128096610,"299,445",75% bearish,of 4 ratings,$40
INTLL,$25.6,1441128096658,300,Not yet rated,NULL,N/A
IVAC,$4.61,1441128096787,"20,104",100% bearish,of 1 rating,$6.625
ISRG,$503.66,1441128097076,"74,768",67% bullish,of 3 ratings,$600
INTU,$84.35,1441128097207,"621,951",86% bullish,of 7 ratings,$107.50
ISBC,$11.44,1441128097243,"982,918",100% bullish,of 1 rating,$13.25
ISTR,$15.73,1441128097268,359,100% bearish,of 1 rating,$18.50
IIN,$6.25,1441128097297,"1,000",100% bearish,of 1 rating,$12
INVT,$0.3345,1441128097337,"57,533",67% bullish,of 3 ratings,N/A
SNAK,$8.48,1441128097364,"68,852",50% bullish,of 2 ratings,$14
ITIC,$71,1441128097389,200,100% bearish,of 2 ratings,N/A
NVIV,$9.18,1441128097529,"69,505",50% bullish,of 4 ratings,$24.50
DTUL,$64.48,1441128097557,"1,062",Not yet rated,NULL,N/A
IPAS,$1.09,1441128097584,"4,600",67% bullish,of 3 ratings,N/A
IVTY,$13.56,1441128097687,"3,464",Not yet rated,NULL,$18
DFVL,$66.06,1441128097734,830,Not yet rated,NULL,N/A
IPGP,$82.09,1441128097795,"119,894",67% bearish,of 3 ratings,$109.50
IRMD,$23.57,1441128097864,"23,661",67% bearish,of 3 ratings,$25
IPCM,$79.4201,1441128097889,"41,510",50% bullish,of 2 ratings,$80.125
IRIX,$6.45,1441128098096,"28,405",100% bearish,of 1 rating,N/A
IRDMB,$276,1441128098130,200,67% bearish,of 3 ratings,N/A
IRDM,$7.095,1441128098151,"247,813",60% bullish,of 5 ratings,$11.50
IRWD,$10.9,1441128098173,"430,809",100% bearish,of 1 rating,$13
IRBT,$29.02,1441128098202,"57,186",67% bullish,of 6 ratings,$37
IRCP,NULL,1441128098235,0,100% bullish,of 2 ratings,N/A
COMT,$33.1704,1441128098340,"6,656",100% bearish,of 1 rating,N/A
IFEU,$37.08,1441128098441,"32,386",Not yet rated,NULL,N/A
IFAS,NULL,1441128098466,0,NULL,NULL,NULL
FCHI,NULL,1441128098516,0,NULL,NULL,NULL
IFNA,NULL,1441128098534,0,NULL,NULL,NULL
GNMA,$50.245,1441128098568,"3,680",Not yet rated,NULL,N/A
IFGL,$27.5,1441128098669,"44,028",Not yet rated,NULL,N/A
AXJS,NULL,1441128098799,0,NULL,NULL,NULL
AAXJ,$51.66,1441128098826,"411,057",Not yet rated,NULL,N/A
ACWX,$39.49,1441128098846,"269,230",100% bearish,of 1 rating,N/A
EMDI,NULL,1441128098900,0,NULL,NULL,NULL
EEME,NULL,1441128099028,0,NULL,NULL,NULL
AAIT,NULL,1441128099055,0,NULL,NULL,NULL
EMEY,NULL,1441128099083,0,NULL,NULL,NULL
EGRW,NULL,1441128099105,0,NULL,NULL,NULL
ACWI,$54.235,1441128099139,"858,623",Not yet rated,NULL,N/A
EEMA,$48.96,1441128099185,"13,907",Not yet rated,NULL,N/A
EVAL,NULL,1441128099237,0,NULL,NULL,NULL
EEML,$27.25,1441128099260,"1,379",Not yet rated,NULL,N/A
EUFN,$21.1564,1441128099405,"98,351",100% bearish,of 1 rating,N/A
QAT,$21.49,1441128099469,"21,916",Not yet rated,NULL,N/A
IEUS,$44.351,1441128099509,"15,186",100% bearish,of 1 rating,N/A
IBB,$334.49,1441128099571,"703,898",63% bullish,of 8 ratings,N/A
SOXX,$80.44,1441128099596,"132,682",50% bullish,of 2 ratings,N/A
UAE,$18.08,1441128099621,"18,559",Not yet rated,NULL,N/A
ICLN,$9.217,1441128099748,"8,030",50% bullish,of 2 ratings,N/A
WOOD,$47.12,1441128099772,"3,665",50% bullish,of 2 ratings,N/A
INDY,$26.6,1441128099836,"99,128",50% bullish,of 2 ratings,N/A
EMIF,$27.78,1441128099864,"56,470",Not yet rated,NULL,N/A
ISHG,$79.91,1441128099899,"5,154",100% bearish,of 1 rating,N/A
ISIS,$48.69,1441128099969,"756,595",53% bullish,of 15 ratings,$67
IGOV,$91.25,1441128100003,"97,098",100% bearish,of 1 rating,N/A
ISLE,$17.75,1441128100100,"162,425",50% bullish,of 4 ratings,$16
ISRL,NULL,1441128100124,0,100% bearish,of 1 rating,N/A
ITRI,$29.64,1441128100153,"75,610",100% bearish,of 1 rating,$37
ITRN,$23.5,1441128100293,800,50% bullish,of 2 ratings,N/A
ITUS,$4,1441128100319,"1,600",Not yet rated,NULL,N/A
IXYS,$11.31,1441128100501,"75,351",50% bullish,of 4 ratings,N/A
JASO,$7.94,1441128100526,"461,690",82% bullish,of 17 ratings,$10
JJSF,$112.23,1441128100592,"7,863",100% bearish,of 1 rating,N/A
JBHT,$71.5,1441128100625,"324,348",50% bullish,of 4 ratings,$89.50
MAYS,NULL,1441128100651,0,Not yet rated,NULL,N/A
XXIA,$15.08,1441128100675,"96,026",71% bullish,of 7 ratings,$14.625
JCOM,$66.895,1441128100721,"77,013",100% bullish,of 2 ratings,$77
JAXB,$13.7,1441128100883,578,100% bullish,of 1 rating,N/A
JKHY,$65.19,1441128100909,"175,978",50% bullish,of 2 ratings,$72
JACK,$76.6,1441128100930,"120,309",83% bullish,of 6 ratings,$105
JAKK,$9.37,1441128101084,"108,689",60% bearish,of 5 ratings,$11
JXSB,$24,1441128101109,"1,621",Not yet rated,NULL,N/A
JMBA,$13.946,1441128101247,"45,402",75% bullish,of 4 ratings,$18
ERW,NULL,1441128101289,0,Not yet rated,NULL,N/A
JASN,$4.9,1441128101342,"5,968",50% bullish,of 2 ratings,$9.50
JRVR,$27.07,1441128101418,"16,157",Not yet rated,NULL,$32
JASNW,NULL,1441128101453,0,50% bullish,of 2 ratings,N/A
JAGX,$3,1441128101474,"1,550",Not yet rated,NULL,$10.50
JBLU,$22.06,1441128101548,"1,842,666",94% bullish,of 18 ratings,$27
JAZZ,$163.74,1441128101577,"107,355",80% bullish,of 15 ratings,$206.50
JD,$25.31,1441128101607,"2,922,018",75% bullish,of 16 ratings,$36
JCTCF,NULL,1441128101634,0,100% bullish,of 1 rating,N/A
JTPY,$3,1441128101659,705,100% bearish,of 1 rating,N/A
JST,$3.79,1441128101802,"2,403",75% bullish,of 4 ratings,N/A
DATE,$5.98,1441128101840,"11,616",75% bullish,of 4 ratings,$9
JIVE,$4.56,1441128101870,"118,064",75% bullish,of 4 ratings,$5
JOEZ,$0.1746,1441128101975,"13,514",92% bullish,of 12 ratings,N/A
WYIGU,NULL,1441128102079,0,100% bearish,of 1 rating,N/A
JUNO,$34.95,1441128102137,"254,388",73% bullish,of 11 ratings,$71.50
JBSS,$51.015,1441128102234,"5,183",67% bearish,of 3 ratings,N/A
JOUT,$24.67,1441128102264,326,100% bearish,of 1 rating,$34
JNP,$10.97,1441128102291,"7,956",100% bullish,of 3 ratings,$15
KALU,$81.48,1441128102333,"43,616",67% bearish,of 3 ratings,$91
KTWO,$20.74,1441128102360,"37,434",100% bearish,of 1 rating,$28.50
KBIO,$2.1394,1441128102435,"47,012",50% bullish,of 4 ratings,N/A
KMDA,$3.505,1441128102614,"8,970",50% bullish,of 2 ratings,$8
KNDI,$6.4198,1441128102669,"159,308",86% bullish,of 22 ratings,N/A
KCLI,$46.4,1441128102774,"2,700",Not yet rated,NULL,N/A
KPTI,$13.32,1441128102802,"54,115",67% bearish,of 3 ratings,$39
KBSF,NULL,1441128102905,0,100% bullish,of 1 rating,N/A
KRNY,$11.295,1441128102979,"211,401",100% bearish,of 1 rating,$12
KELYB,NULL,1441128103041,0,50% bullish,of 2 ratings,N/A
KMPH,$19.56,1441128103067,"14,568",100% bearish,of 2 ratings,$22
KCAP,$4.65,1441128103096,"43,303",75% bullish,of 4 ratings,$6
KELYA,$14.16,1441128103147,"20,181",67% bullish,of 6 ratings,$20
GMCR,$55.1,1441128103198,"701,292",71% bullish,of 42 ratings,$64
KERX,$5.93,1441128103279,"232,558",82% bullish,of 11 ratings,$12
