Symbol,Price,Date,Volume,Rating,RatingVoteCount,OneYearEstimate
SRCE,$28.73,1440605702107,"5,862",100% bullish,of 3 ratings,$33
TFSCW,NULL,1440605702262,0,100% bearish,of 1 rating,N/A
TFSC,$9.73,1440605702291,"4,500",100% bearish,of 1 rating,N/A
PIH,$7.17,1440605702395,400,100% bearish,of 1 rating,N/A
TFSCR,NULL,1440605702443,0,Not yet rated,NULL,N/A
VNET,$17.56,1440605702521,"243,147",60% bullish,of 5 ratings,$29.50
TFSCU,NULL,1440605702574,0,Not yet rated,NULL,N/A
FCTY,$7.9,1440605702620,"1,267",100% bullish,of 1 rating,$8.50
UGLD,$9,1440605702718,"120,068",100% bearish,of 1 rating,N/A
DSLV,$77.3796,1440605702847,"13,417",100% bearish,of 1 rating,N/A
JOBS,$27.33,1440605702877,"42,551",50% bullish,of 4 ratings,$36
DGLD,$83.5647,1440605702935,"9,898",100% bullish,of 1 rating,N/A
TWOU,$34,1440605702982,"37,232",50% bullish,of 2 ratings,$39
USLV,$11.26,1440605703240,"445,883",86% bullish,of 7 ratings,N/A
FLWS,$9.2,1440605703313,"162,865",100% bullish,of 5 ratings,$15
FCCY,$11.5901,1440605703339,"1,041",100% bullish,of 1 rating,$13
CAFD,$13.6422,1440605703523,"79,424",Not yet rated,NULL,$25
ABAX,$46.49,1440605703804,"34,647",100% bearish,of 1 rating,$60
EGHT,$7.49,1440605703830,"127,715",82% bullish,of 17 ratings,$11
ABGB,$6.5099,1440605703867,"142,789",67% bullish,of 3 ratings,$5.50
SIXD,$2.69,1440605703903,"303,538",Not yet rated,NULL,N/A
SHLM,$32.5,1440605703965,"32,522",100% bearish,of 1 rating,$50
AAON,$19.95,1440605704021,"66,946",100% bearish,of 1 rating,$24
ABEO,$4.46,1440605704042,"37,808",50% bullish,of 4 ratings,$15.50
AVHI,$13.9,1440605704073,"6,216",100% bearish,of 1 rating,$19
AXAS,$1.56,1440605704260,"244,377",78% bullish,of 9 ratings,$3.50
ABMD,$94.96,1440605704394,"82,116",75% bullish,of 4 ratings,$100.50
ABY,$20.8,1440605704579,"321,223",100% bearish,of 2 ratings,$46
ABEOW,$1.85,1440605704807,"2,286",100% bullish,of 1 rating,N/A
ACTG,$8.8153,1440605704939,"129,166",67% bullish,of 3 ratings,$18.50
ACHC,$69.19,1440605704964,"252,059",50% bullish,of 2 ratings,$92
ACAD,$34.38,1440605704990,"202,972",80% bullish,of 20 ratings,$48
ANCX,$19.76,1440605705120,"11,441",Not yet rated,NULL,$20
AXDX,$17.89,1440605705291,"64,204",100% bearish,of 1 rating,N/A
ACRX,$4.04,1440605705319,"79,556",67% bearish,of 6 ratings,$5.50
ACST,$0.3599,1440605705358,300,100% bullish,of 2 ratings,N/A
XLRN,$27.8,1440605705389,"41,025",50% bullish,of 2 ratings,$57
VXUP,$1.75,1440605705453,"32,065",100% bearish,of 1 rating,N/A
VXDN,$1.759,1440605705732,"17,474",100% bearish,of 1 rating,N/A
ACHN,$7.1,1440605705912,"500,545",90% bullish,of 21 ratings,$16
ARAY,$6.3,1440605705937,"255,228",100% bearish,of 1 rating,$10.50
AKAO,$6.732,1440605706114,"49,504",75% bullish,of 4 ratings,$15
ACNB,$20,1440605706247,"1,600",Not yet rated,NULL,N/A
ACET,$21.93,1440605706379,"36,661",75% bullish,of 4 ratings,$30
ACIW,$20.64,1440605706511,"95,697",67% bearish,of 3 ratings,$24
ACOR,$31.29,1440605706655,"282,588",67% bearish,of 3 ratings,$38.50
ATVI,$26.3949,1440605706685,"1,437,902",68% bullish,of 84 ratings,$31.50
ACXM,$19.93,1440605706716,"88,263",67% bullish,of 3 ratings,N/A
ACTA,$12.91,1440605706787,"19,664",67% bearish,of 3 ratings,$25
ACPW,$1.82,1440605706812,"14,656",100% bullish,of 4 ratings,$3.50
ADMS,$19,1440605707172,"14,074",100% bearish,of 2 ratings,$36
ACUR,$0.5102,1440605707336,"7,759",100% bullish,of 5 ratings,$1
ADMP,$3.38,1440605707446,"14,006",50% bullish,of 2 ratings,$10
ADAP,$11.16,1440605707472,"17,296",67% bullish,of 3 ratings,$22
ADUS,$27.83,1440605707517,"4,990",100% bearish,of 1 rating,$31
ADRO,$19.15,1440605707845,"143,970",80% bullish,of 5 ratings,$45.50
AEY,$2.2746,1440605707944,"1,245",100% bearish,of 2 ratings,N/A
ADTN,$15.1,1440605708047,"77,710",67% bullish,of 3 ratings,$17.125
ADMA,$9.27,1440605708120,"1,304",Not yet rated,NULL,$19
ADBE,$75.02,1440605708213,"617,797",65% bullish,of 17 ratings,$90
ADXS,$12.95,1440605708299,"462,117",64% bullish,of 14 ratings,$27
ADEP,$6.43,1440605708383,"24,369",50% bullish,of 2 ratings,$10.75
YPRO,$23.0316,1440605708723,800,100% bearish,of 1 rating,N/A
ACTS,$1.5828,1440605708749,"10,222",100% bearish,of 1 rating,N/A
ADXSW,$8.7,1440605708815,"22,489",100% bullish,of 1 rating,N/A
AEIS,$23.63,1440605709103,"37,841",50% bullish,of 2 ratings,$32.50
AMD,$1.67,1440605709187,"2,584,365",83% bullish,of 103 ratings,$2
AEGN,$17.53,1440605709238,"31,016",100% bearish,of 2 ratings,$21
MULT,NULL,1440605709343,0,100% bearish,of 1 rating,N/A
AEHR,NULL,1440605709498,0,50% bullish,of 2 ratings,N/A
AEMD,$6.87,1440605709756,"4,130",Not yet rated,NULL,$27.50
AVAV,$22.91,1440605709941,"25,356",50% bullish,of 4 ratings,$31
AERI,$15.52,1440605710030,"92,967",75% bullish,of 4 ratings,$31.50
AFMD,$9.43,1440605710160,"79,514",50% bullish,of 4 ratings,$15
AEPI,$53.31,1440605710411,"3,672",100% bearish,of 1 rating,N/A
AEZS,$0.087,1440605710462,"1,759,052",90% bullish,of 21 ratings,$1.50
AGRX,$8.28,1440605710543,"3,499",100% bearish,of 1 rating,$17.50
AMTX,$2.5799,1440605710650,"6,732",50% bullish,of 2 ratings,$26.11
AFFX,$8.905,1440605710690,"99,410",80% bullish,of 5 ratings,$12
AGEN,$6.5199,1440605710717,"402,293",85% bullish,of 13 ratings,$14
AGFS,$9.91,1440605710974,"12,321",100% bearish,of 1 rating,N/A
AGFSW,$1.85,1440605711204,"2,903",100% bearish,of 2 ratings,N/A
AIMT,$21.6,1440605711338,"99,040",Not yet rated,NULL,N/A
AIRT,$21.23,1440605711729,711,100% bullish,of 1 rating,N/A
AGIO,$84.295,1440605711764,"109,029",88% bullish,of 8 ratings,$114
AMCN,$4.48,1440605711818,"344,436",83% bullish,of 6 ratings,N/A
AGYS,$9.6365,1440605711924,"3,500",100% bearish,of 1 rating,N/A
AIRM,$34.93,1440605712005,"73,122",80% bearish,of 5 ratings,$53
AIXG,$5.7599,1440605712235,"13,186",67% bearish,of 3 ratings,$5.25
AKER,$2.3956,1440605712262,"12,300",Not yet rated,NULL,N/A
AKAM,$65.92,1440605712547,"503,891",63% bullish,of 8 ratings,$77
ABDC,$11.3201,1440605712873,"28,919",Not yet rated,NULL,$15
ALSK,$2.0021,1440605712902,"43,006",78% bullish,of 18 ratings,$2
ATSG,$8.57,1440605712926,"56,173",67% bullish,of 3 ratings,$13
AKRX,$37.9,1440605713339,"264,081",78% bullish,of 9 ratings,$56
AMRI,$19.34,1440605713375,"147,366",75% bearish,of 4 ratings,$24
ADHD,$7.92,1440605713471,"38,560",50% bullish,of 4 ratings,$18
ALDX,$6.16,1440605713500,"6,859",100% bearish,of 1 rating,$14.50
AKBA,$6.16,1440605713747,"49,304",100% bearish,of 1 rating,$18
ALRM,$15.8,1440605713818,"63,935",100% bearish,of 1 rating,$22
ALXA,$1.11,1440605713998,"11,169",83% bullish,of 6 ratings,$2.125
ALGN,$55.08,1440605714335,"119,076",100% bearish,of 2 ratings,$73
ALCO,$40.61,1440605714366,"3,570",50% bullish,of 2 ratings,N/A
ALIM,$3.11,1440605714467,"22,739",80% bullish,of 5 ratings,$10
ALXN,$166.6,1440605714493,"357,324",88% bullish,of 8 ratings,$223
ALLB,$22.5,1440605714866,300,Not yet rated,NULL,N/A
AEGR,$16.94,1440605714892,"83,591",50% bullish,of 6 ratings,$26
ALDR,$36.95,1440605714919,"127,900",67% bearish,of 3 ratings,$62
ALKS,$57.29,1440605715114,"165,975",67% bullish,of 3 ratings,$75
AFOP,$18.125,1440605715253,"45,434",75% bullish,of 8 ratings,$21
ARLP,$24.02,1440605715343,"42,022",67% bearish,of 3 ratings,$32
ALGT,$208.88,1440605715654,"27,539",100% bearish,of 2 ratings,$235
AHGP,$34.6749,1440605715701,"12,978",67% bullish,of 3 ratings,N/A
ALLT,$4.88,1440605716004,"34,285",75% bullish,of 4 ratings,$6.25
AHPI,NULL,1440605716030,0,50% bullish,of 2 ratings,N/A
SMCP,NULL,1440605716374,0,Not yet rated,NULL,N/A
AOSL,$7.22,1440605716652,"29,761",67% bullish,of 3 ratings,$9
ATEC,$0.606,1440605716789,"84,242",100% bullish,of 1 rating,$2
AMOT,$18.1562,1440605716843,"31,503",100% bearish,of 1 rating,N/A
AFAM,$44.16,1440605716889,"15,702",50% bullish,of 2 ratings,$44
ALQA,$4.24,1440605716915,"6,287",75% bullish,of 4 ratings,$8.50
AIQ,$13.1,1440605717414,"9,922",67% bullish,of 3 ratings,N/A
AMAG,$60.168,1440605717503,"114,844",100% bullish,of 2 ratings,$77.50
ALTR,$46.71,1440605717549,"486,660",80% bearish,of 5 ratings,$54
AIMC,$24.24,1440605717579,"14,991",100% bearish,of 2 ratings,$28.50
ALNY,$96.85,1440605717851,"113,075",67% bullish,of 3 ratings,$148.50
AMZN,$483.115,1440605718115,"1,538,875",81% bullish,of 264 ratings,$646
AMRK,$10.36,1440605718282,470,50% bullish,of 2 ratings,$14
AYA,$19.55,1440605718319,"7,382",100% bearish,of 1 rating,$40
AMBCW,$7,1440605718617,"3,000",100% bearish,of 1 rating,N/A
AMBA,$86.151,1440605718755,"735,408",83% bullish,of 12 ratings,$102.50
ASPS,$25.1625,1440605718834,"78,688",67% bullish,of 3 ratings,$46.50
AMCX,$69.21,1440605718858,"328,061",67% bullish,of 3 ratings,$87.50
AMBC,$15.325,1440605719172,"71,451",100% bearish,of 1 rating,$16.50
UHAL,$364.34,1440605719411,"4,890",100% bullish,of 2 ratings,$393.50
DOX,$55.57,1440605719628,"226,633",67% bearish,of 3 ratings,$60
AMDA,$0.4794,1440605720037,"587,724",90% bullish,of 10 ratings,$1
ASBI,$22.01,1440605720104,"2,300",Not yet rated,NULL,N/A
ATAX,$5.08,1440605720327,"74,509",100% bullish,of 1 rating,$6.50
AMRN,$1.88,1440605720352,"376,865",85% bullish,of 39 ratings,$8
EPAX,$2.7,1440605720395,"42,121",100% bearish,of 1 rating,N/A
AAL,$37.29,1440605720599,"3,205,759",93% bullish,of 88 ratings,$57
MDRX,$13.15,1440605720960,"557,665",60% bullish,of 5 ratings,$16
AMOV,$17.49,1440605720990,"2,795",100% bearish,of 1 rating,N/A
AGNC,$19.24,1440605721102,"1,451,199",71% bullish,of 28 ratings,$22
AMED,$37.5125,1440605721127,"49,866",100% bearish,of 1 rating,$42
ACSF,$12.0399,1440605721520,"7,782",100% bearish,of 1 rating,$15
MTGE,$15.21,1440605721835,"88,964",75% bullish,of 4 ratings,$19.50
ANCI,$1.53,1440605722004,"2,800",100% bearish,of 1 rating,N/A
ACAS,$13.11,1440605722028,"543,836",60% bullish,of 5 ratings,$16.75
AETI,$3.75,1440605722053,116,67% bearish,of 3 ratings,N/A
APEI,$20.85,1440605722436,"10,179",100% bearish,of 1 rating,$25.50
ARII,$38.26,1440605722619,"70,905",67% bearish,of 3 ratings,$45
AMIC,NULL,1440605722758,0,Not yet rated,NULL,N/A
ASEI,$36.7,1440605722954,"11,355",100% bearish,of 1 rating,$52.50
AMSWA,$8.55,1440605723179,"5,543",100% bearish,of 2 ratings,$10.75
AGNCB,$24.25,1440605723280,"5,200",Not yet rated,NULL,N/A
ANAT,$98.35,1440605723408,"10,280",100% bullish,of 1 rating,N/A
AMSC,$4.0945,1440605723695,"55,355",50% bullish,of 4 ratings,N/A
AMWD,$63.29,1440605723838,"41,085",50% bullish,of 2 ratings,$70
AGNCP,$25.32,1440605724137,"2,800",Not yet rated,NULL,N/A
AMSF,$46.47,1440605724224,"13,881",Not yet rated,NULL,$57.50
ABCB,$26.19,1440605724438,"20,425",Not yet rated,NULL,$31
CRMT,$35.945,1440605724467,"10,150",100% bearish,of 1 rating,$39
AMNB,$22.6551,1440605724571,"2,917",Not yet rated,NULL,$25.50
ASRV,$3.2,1440605724674,"21,804",100% bullish,of 2 ratings,N/A
AMRB,$9.96,1440605724860,"4,604",Not yet rated,NULL,$11
ATLO,$23.4,1440605725098,664,Not yet rated,NULL,N/A
ASRVP,NULL,1440605725494,0,Not yet rated,NULL,N/A
AMPH,$13.0213,1440605725523,"61,846",50% bullish,of 2 ratings,$20
ASYS,$4.98,1440605725806,"18,110",67% bullish,of 3 ratings,$12
AFSI,$57.25,1440605725939,"205,872",60% bullish,of 5 ratings,$72
FOLD,$13.605,1440605726317,"399,538",56% bullish,of 9 ratings,$21
ANAC,$125.23,1440605726418,"106,503",80% bullish,of 5 ratings,$180.50
ADI,$51.41,1440605726709,"594,804",67% bullish,of 3 ratings,$69
AMGN,$148.735,1440605726735,"1,304,559",89% bullish,of 19 ratings,$185
AMKR,$4.56,1440605726818,"702,363",100% bearish,of 2 ratings,$5
AMSG,$77.23,1440605727003,"124,136",100% bearish,of 1 rating,$85.50
ANAD,$0.3416,1440605727078,"143,826",100% bullish,of 2 ratings,$.50
ALOG,$77.99,1440605727103,"9,756",100% bearish,of 2 ratings,$100.50
AMRS,$1.62,1440605727320,"31,099",70% bullish,of 10 ratings,N/A
AMCF,$0.2481,1440605727486,"1,800",100% bullish,of 7 ratings,N/A
ANGO,$14.44,1440605727894,"8,809",67% bullish,of 3 ratings,$19
MTGEP,$24.69,1440605728032,300,Not yet rated,NULL,N/A
ANIK,$33.44,1440605728459,"21,992",60% bullish,of 5 ratings,$51.25
ATRS,$1.665,1440605728566,"320,702",92% bullish,of 12 ratings,$4.50
ANTH,$6.7801,1440605728593,"264,843",80% bullish,of 10 ratings,$13
ATNY,$2.32,1440605729035,"8,100",50% bullish,of 2 ratings,$3.75
AMSGP,NULL,1440605729083,0,Not yet rated,NULL,N/A
ABAC,$0.7099,1440605729226,300,100% bearish,of 1 rating,N/A
APIC,$6.05,1440605729251,"30,503",100% bearish,of 1 rating,$19
ANIP,$48.15,1440605729384,"40,457",89% bullish,of 19 ratings,$66
ANGI,$4.7201,1440605729774,"124,398",64% bullish,of 11 ratings,$5.50
APOG,$48.57,1440605730006,"60,030",50% bullish,of 2 ratings,$67
APPF,$16.2,1440605730415,"16,350",50% bullish,of 2 ratings,$22
APOL,$10.66,1440605730631,"429,835",87% bearish,of 68 ratings,$14
AAPL,$105.91,1440605730774,"23,506,170",86% bullish,of 2349 ratings,$150
AGTC,$14.83,1440605730821,"20,366",50% bullish,of 2 ratings,$33
ABCW,$39,1440605730955,"4,288",67% bullish,of 3 ratings,N/A
AMAT,$14.875,1440605731169,"8,486,488",82% bullish,of 11 ratings,$23
AMCC,$5.35,1440605731256,"134,475",80% bullish,of 5 ratings,$8
ANSS,$86.37,1440605731298,"99,181",100% bearish,of 1 rating,$100
APDNW,$1.2282,1440605731398,400,Not yet rated,NULL,N/A
AINV,$6.32,1440605731591,"326,021",50% bullish,of 4 ratings,$8
AAOI,$19.3,1440605731952,"59,184",50% bullish,of 4 ratings,$26
AREX,$1.721,1440605732179,"171,121",100% bearish,of 1 rating,$3
AQMS,$4.99,1440605732441,"13,617",Not yet rated,NULL,N/A
ANCB,NULL,1440605732649,0,Not yet rated,NULL,$23
AUMAU,NULL,1440605732741,0,Not yet rated,NULL,N/A
AUMA,NULL,1440605732875,0,Not yet rated,NULL,N/A
AUMAW,NULL,1440605733026,0,Not yet rated,NULL,N/A
APRI,$1.2,1440605733103,"26,906",83% bullish,of 6 ratings,$4.86
PETX,$16.74,1440605733498,"183,258",100% bearish,of 2 ratings,$26
ARCW,$3.46,1440605733525,"10,701",100% bearish,of 2 ratings,$10.50
APTO,$4.7212,1440605733752,806,Not yet rated,NULL,$17
ABIO,$0.8563,1440605734159,"37,705",50% bullish,of 2 ratings,$3.75
ABUS,$6.6198,1440605734364,"105,177",86% bullish,of 14 ratings,$23
ACAT,$24.95,1440605734639,"25,926",100% bearish,of 3 ratings,$33
APDN,$3.1101,1440605734664,"16,463",Not yet rated,NULL,$9
ACGL,$66.75,1440605734720,"65,665",50% bullish,of 2 ratings,$72
ARCI,NULL,1440605734745,0,Not yet rated,NULL,N/A
AQXP,$18,1440605735011,"123,971",50% bullish,of 2 ratings,$2
ARNA,$2.62,1440605735086,"959,527",90% bullish,of 77 ratings,$5.50
ARDX,$17.66,1440605735232,"36,637",50% bullish,of 2 ratings,$24.50
AGII,$55.33,1440605735360,"34,947",Not yet rated,NULL,$59.50
ARIS,$3.7799,1440605736006,"98,162",Not yet rated,NULL,$4.50
ARKR,$24.5,1440605736274,500,50% bullish,of 2 ratings,N/A
ARGS,$6.1,1440605736340,"10,863",50% bullish,of 2 ratings,$19.50
ARMH,$40.5497,1440605736595,"2,761,822",54% bearish,of 13 ratings,$61
ARWA,NULL,1440605737001,0,Not yet rated,NULL,N/A
ARIA,$6.49,1440605737171,"1,124,536",87% bullish,of 46 ratings,$9
ARTX,$1.31,1440605737231,"124,552",88% bullish,of 16 ratings,$4.50
ARCB,$27.555,1440605737256,"83,626",67% bearish,of 3 ratings,$39.50
RKDA,$5.76,1440605737303,"4,641",100% bearish,of 2 ratings,$10
ARWAU,NULL,1440605737388,0,100% bullish,of 1 rating,N/A
AGIIL,$25.35,1440605737519,"6,833",Not yet rated,NULL,N/A
ARWAW,NULL,1440605737810,0,Not yet rated,NULL,N/A
ARQL,$1.62,1440605737913,"70,838",75% bullish,of 4 ratings,$5
ARCC,$14.775,1440605737938,"700,245",67% bearish,of 3 ratings,$17.875
ARWAR,$0.27,1440605738011,800,Not yet rated,NULL,N/A
ARRS,$25.075,1440605738646,"217,113",50% bullish,of 2 ratings,$38
DWAT,$9.607,1440605738674,915,100% bearish,of 1 rating,N/A
ARDM,$6.95,1440605738899,202,100% bullish,of 1 rating,$26
ARTNA,$21.9471,1440605739163,"5,984",100% bearish,of 1 rating,$29
ARRY,$5.48,1440605739210,"471,972",100% bullish,of 7 ratings,$10
AROW,$26.92,1440605739510,"6,058",Not yet rated,NULL,N/A
ARWR,$5.27,1440605739543,"289,218",75% bullish,of 4 ratings,$10.50
APWC,$1.81,1440605739894,200,100% bearish,of 1 rating,N/A
ARTW,$4.396,1440605740072,"3,518",75% bearish,of 4 ratings,N/A
ASBB,$24.74,1440605740097,74,Not yet rated,NULL,N/A
ASMI,NULL,1440605740508,0,NULL,NULL,NULL
ASNA,$10.99,1440605740674,"805,408",50% bullish,of 2 ratings,$18
ASMB,$12.19,1440605741076,"14,568",67% bullish,of 3 ratings,N/A
ASTE,$36.01,1440605741101,"12,500",100% bearish,of 1 rating,$48
ALOT,$12.59,1440605741322,"17,397",100% bearish,of 1 rating,N/A
ASTC,$1.9,1440605741575,"14,264",100% bullish,of 5 ratings,N/A
ATRO,$49.37,1440605741620,"44,735",100% bearish,of 2 ratings,$80
ASND,$19.7,1440605741717,"37,454",100% bullish,of 1 rating,$30
AZPN,$36.535,1440605741852,"126,819",50% bullish,of 2 ratings,$42
ASUR,$5.46,1440605742034,900,50% bullish,of 2 ratings,$8
ASTI,$0.11,1440605742102,"677,580",83% bullish,of 6 ratings,$3
ATAI,$2.353,1440605742177,"2,250",100% bearish,of 1 rating,N/A
ATHX,$1.075,1440605742861,"68,796",89% bullish,of 9 ratings,$5
ASML,$87.05,1440605743266,"316,219",50% bullish,of 4 ratings,$127
AAME,NULL,1440605743320,0,Not yet rated,NULL,N/A
ACFC,$5.66,1440605743616,"62,038",Not yet rated,NULL,$6.50
ATHN,$128.58,1440605743987,"25,545",67% bearish,of 3 ratings,$153
AFH,$16.15,1440605744024,"20,273",Not yet rated,NULL,$21.50
ATNI,$69.87,1440605744049,"12,907",100% bearish,of 1 rating,$69.50
ATRA,$39.13,1440605744180,"26,167",50% bullish,of 2 ratings,$68
ASFI,$8.85,1440605744205,"9,817",100% bullish,of 1 rating,N/A
ATML,$7.51,1440605744408,"2,192,991",78% bullish,of 9 ratings,$9.50
ASCMA,$26.54,1440605744491,"13,843",100% bearish,of 1 rating,$45
AAWW,$39.145,1440605744636,"64,728",50% bullish,of 2 ratings,$65
AFCB,$27.3,1440605744815,100,Not yet rated,NULL,N/A
AAPC,NULL,1440605744861,0,Not yet rated,NULL,N/A
ATRC,$24.94,1440605745231,"49,350",100% bullish,of 1 rating,$30
ATRM,NULL,1440605745257,0,50% bullish,of 2 ratings,N/A
ATLC,$3.69,1440605745430,"1,500",67% bullish,of 3 ratings,N/A
AUDC,$3.09,1440605745802,"11,323",80% bullish,of 5 ratings,$5
AUBN,$27.699,1440605745826,"1,596",Not yet rated,NULL,N/A
ATTU,$13.15,1440605745850,"25,576",100% bearish,of 1 rating,$20.50
ADSK,$48.63,1440605746435,"549,618",67% bullish,of 6 ratings,$69.50
ABTL,$16.6963,1440605746590,"24,932",100% bullish,of 4 ratings,$20.25
ATOS,$0.7569,1440605746647,"47,809",100% bullish,of 7 ratings,$7
ATRI,$371.85,1440605746741,724,Not yet rated,NULL,N/A
ADAT,$0.388,1440605746829,"1,149,115",100% bullish,of 2 ratings,N/A
AVGO,$112.97,1440605747276,"928,491",88% bullish,of 8 ratings,$165
AVNU,$12.12,1440605747335,"3,486",Not yet rated,NULL,$14
EARS,$4.64,1440605747361,"3,859",100% bearish,of 2 ratings,$11.50
AAVL,$10.085,1440605747418,"77,137",100% bearish,of 1 rating,$20
AVEO,$1.25,1440605748055,"385,926",75% bullish,of 8 ratings,$3
AVGR,$14.09,1440605748115,"5,338",100% bearish,of 1 rating,$20
AUPH,$3,1440605748247,"2,600",100% bearish,of 1 rating,$8
AVID,$7.91,1440605748462,"82,992",100% bearish,of 1 rating,$20
AWRE,$3.07,1440605748690,"5,478",67% bullish,of 3 ratings,N/A
ACLS,$3.075,1440605748733,"144,792",67% bullish,of 6 ratings,$4.75
AXPW,$1.0301,1440605748994,"32,725",83% bullish,of 6 ratings,N/A
CAR,$39.755,1440605749090,"1,056,481",80% bullish,of 5 ratings,$60
ADP,$75.3,1440605749527,"885,252",100% bearish,of 1 rating,$88
AXTI,$2.15,1440605749554,"38,735",50% bullish,of 2 ratings,$2.75
AXGN,$3.7501,1440605749687,"4,846",Not yet rated,NULL,$5
BCOM,$19.36,1440605749717,"2,130",100% bearish,of 1 rating,N/A
AVNW,$1.1599,1440605749738,"10,396",50% bullish,of 2 ratings,$2.20
BOSC,$2.26,1440605750093,544,50% bullish,of 2 ratings,N/A
RILY,$9.99,1440605750120,"1,200",Not yet rated,NULL,N/A
BCPC,$55.27,1440605750562,"33,566",100% bearish,of 1 rating,$75
BLDP,$1.1621,1440605750743,"248,767",91% bullish,of 22 ratings,$2.50
AXPWW,$1.1,1440605750768,100,Not yet rated,NULL,N/A
LIFE,$13.85,1440605751156,"11,958",86% bullish,of 7 ratings,$43
BWINB,$22.68,1440605751258,"5,233",Not yet rated,NULL,N/A
BEAV,$45.795,1440605751318,"266,738",67% bearish,of 3 ratings,$59
BANFP,NULL,1440605751390,0,Not yet rated,NULL,N/A
BANF,$58.61,1440605751631,"1,022",Not yet rated,NULL,$68
BKMU,$6.8,1440605751824,"13,051",Not yet rated,NULL,$8
BKSC,$15.7155,1440605751848,903,Not yet rated,NULL,N/A
BOTJ,NULL,1440605752039,0,Not yet rated,NULL,N/A
BWINA,NULL,1440605752076,0,Not yet rated,NULL,N/A
BOCH,$5.72,1440605752122,"5,320",Not yet rated,NULL,$6.50
BANR,$42.84,1440605752547,"9,271",100% bullish,of 3 ratings,$50
OZRK,$40.09,1440605752789,"174,148",67% bullish,of 3 ratings,$49.50
BFIN,$11.75,1440605752868,"3,064",Not yet rated,NULL,$13
BWFG,$18,1440605752893,"1,500",100% bearish,of 1 rating,N/A
BMRC,$47.86,1440605753093,"1,225",Not yet rated,NULL,$52
BZUN,$4.58,1440605753191,"109,687",50% bullish,of 2 ratings,$11.50
BBSI,$32.98,1440605753563,"33,563",67% bearish,of 3 ratings,$62.50
BHACU,NULL,1440605753622,0,Not yet rated,NULL,N/A
BSET,$28.1,1440605753706,"7,544",100% bearish,of 1 rating,$35
BHAC,NULL,1440605754161,0,Not yet rated,NULL,N/A
BYLK,$12.65,1440605754191,300,Not yet rated,NULL,$14
TAPR,$31.93,1440605754214,"1,167",100% bearish,of 1 rating,N/A
BYBK,$5,1440605754243,375,100% bearish,of 1 rating,N/A
BHACR,NULL,1440605754432,0,Not yet rated,NULL,N/A
BV,$4.95,1440605754487,"94,962",67% bullish,of 6 ratings,$9
BHACW,NULL,1440605754629,0,Not yet rated,NULL,N/A
BBCN,$13.95,1440605754788,"66,257",100% bearish,of 1 rating,$16
BCBP,NULL,1440605754920,0,Not yet rated,NULL,N/A
BEBE,$1.7,1440605755231,"30,134",75% bullish,of 4 ratings,$3.075
BBBY,$60.08,1440605755422,"641,155",71% bullish,of 7 ratings,$75
BELFA,$14.71,1440605755595,407,100% bearish,of 1 rating,N/A
BECN,$34.06,1440605755679,"109,496",50% bullish,of 2 ratings,$40
BDCV,$4.71,1440605755708,"28,078",100% bearish,of 1 rating,$10.19
BIDU,$137.2,1440605755808,"2,640,226",81% bullish,of 88 ratings,$210
BSF,$8.16,1440605755869,"2,923",Not yet rated,NULL,N/A
BLCM,$15.91,1440605756146,"40,787",50% bullish,of 4 ratings,$40
BELFB,$17.8,1440605756349,"6,366",100% bearish,of 1 rating,N/A
BBGI,$4.08,1440605756406,100,100% bearish,of 1 rating,N/A
BNCL,$12.22,1440605756477,"86,154",100% bullish,of 3 ratings,$12.50
BGMD,$0.755,1440605756650,"5,650",100% bullish,of 10 ratings,N/A
BLPH,$5.3,1440605756758,"16,727",100% bearish,of 1 rating,$12.50
BNFT,$33.96,1440605756831,"47,222",67% bullish,of 3 ratings,$46
BGCP,$8.395,1440605757033,"382,792",88% bullish,of 8 ratings,$14
BIND,$4.28,1440605757137,"27,104",75% bullish,of 4 ratings,$13.50
BNTC,$8,1440605757162,"9,563",100% bullish,of 1 rating,N/A
ORPN,$5.29,1440605757560,"3,791",100% bullish,of 1 rating,$28.50
BIOD,$0.645,1440605757703,"24,734",80% bullish,of 5 ratings,$4
BASI,$1.58,1440605757730,"3,102",Not yet rated,NULL,N/A
BCRX,$10.68,1440605757787,"104,082",63% bullish,of 8 ratings,$18
BIOC,$1.86,1440605757919,"148,787",83% bullish,of 6 ratings,$3.85
BCDA,NULL,1440605757945,0,Not yet rated,NULL,N/A
BIIB,$287.83,1440605758086,"761,033",88% bullish,of 16 ratings,$400
BDSI,$6.205,1440605758207,"351,957",88% bullish,of 8 ratings,$17
BLFS,$1.9706,1440605758315,215,100% bearish,of 1 rating,$4.75
BIOL,$1.37,1440605758340,"18,806",Not yet rated,NULL,N/A
BMRN,$121.82,1440605758472,"220,842",80% bullish,of 5 ratings,$160
BLRX,$1.3,1440605758504,"57,340",100% bullish,of 12 ratings,$5
BPTH,$1.04,1440605758758,"7,878",100% bullish,of 2 ratings,$5
BVXVW,NULL,1440605758818,0,100% bearish,of 1 rating,N/A
BRLI,NULL,1440605758948,0,NULL,NULL,NULL
BVXV,$3.3,1440605759023,"2,200",Not yet rated,NULL,N/A
BBC,$29.01,1440605759204,"10,313",Not yet rated,NULL,N/A
BIOS,$2.21,1440605759255,"454,957",71% bullish,of 7 ratings,$4
BOTA,$2.1214,1440605759336,"21,632",88% bullish,of 8 ratings,N/A
BBP,$30.6499,1440605759364,"4,861",Not yet rated,NULL,N/A
BSPM,$0.64,1440605759493,"14,548",50% bullish,of 2 ratings,N/A
BSTC,$46.011,1440605759550,"12,149",100% bearish,of 1 rating,$76
BITI,$17.06,1440605759734,"3,452",100% bullish,of 1 rating,$28
TECH,$93.88,1440605759763,"46,005",100% bullish,of 1 rating,$117
BEAT,$14.015,1440605759935,"230,590",67% bearish,of 3 ratings,$15
BDMS,NULL,1440605760137,0,100% bearish,of 1 rating,N/A
BJRI,$43.3399,1440605760237,"59,476",50% bullish,of 2 ratings,$55
BDE,$7.115,1440605760279,"17,580",50% bullish,of 2 ratings,$9
BBOX,$14.9,1440605760306,"20,693",100% bearish,of 1 rating,N/A
BLKB,$57.67,1440605760524,"30,102",100% bearish,of 2 ratings,$66
BBRY,$6.69,1440605760552,"1,597,710",61% bullish,of 330 ratings,$9
ADRA,$26.41,1440605760680,765,100% bearish,of 1 rating,N/A
BKCC,$9.04,1440605760821,"120,893",100% bullish,of 2 ratings,$10
HAWK,$39.37,1440605760855,"235,792",91% bullish,of 11 ratings,$49
ADRD,$21.42,1440605760926,"6,298",100% bearish,of 1 rating,N/A
ADRU,$21.52,1440605761101,346,100% bearish,of 1 rating,N/A
BCOR,$13.25,1440605761232,"42,732",57% bullish,of 7 ratings,$15
BLMN,$19.16,1440605761292,"263,465",83% bullish,of 6 ratings,$27.50
BLBD,$11.99,1440605761472,"11,935",Not yet rated,NULL,N/A
BGFV,$10.43,1440605761530,"28,986",57% bullish,of 7 ratings,$12
BBLU,$0.82,1440605761669,"37,239",100% bullish,of 2 ratings,$4.43
NILE,$31.95,1440605761694,"49,080",50% bullish,of 2 ratings,$34
BUFF,$25.92,1440605761723,"70,422",83% bullish,of 12 ratings,$31.50
BHBK,$13.74,1440605761915,"56,572",100% bullish,of 1 rating,$14.50
BLUE,$124.49,1440605762167,"177,624",71% bullish,of 7 ratings,$217.50
BPMC,$25.84,1440605762228,"35,667",50% bullish,of 2 ratings,$47.50
BKEP,$5.8101,1440605762253,"19,828",100% bearish,of 1 rating,$8.50
BKEPP,$7,1440605762456,"36,177",100% bearish,of 1 rating,N/A
BOBE,$42.58,1440605762486,"38,903",75% bullish,of 4 ratings,$57
BNCN,$20,1440605762597,"14,435",Not yet rated,NULL,$24
WIFI,$7.42,1440605762791,"87,949",50% bullish,of 2 ratings,$13.50
BOKF,$57.72,1440605762837,"89,121",100% bearish,of 1 rating,$69
BOFI,$117.9901,1440605762867,"52,279",100% bullish,of 6 ratings,$144
BOJA,$20.4101,1440605762995,"53,123",100% bullish,of 1 rating,$30
BNSO,$1.26,1440605763127,60,100% bearish,of 1 rating,N/A
BONA,$11.41,1440605763199,"50,450",75% bullish,of 4 ratings,$8.50
BPFH,$11.5,1440605763226,"117,189",100% bearish,of 1 rating,$14
BAMM,$3.2,1440605763284,"1,651",60% bullish,of 5 ratings,N/A
BPFHP,NULL,1440605763631,0,100% bearish,of 1 rating,N/A
BPFHW,$5,1440605763660,"1,100",100% bearish,of 1 rating,N/A
BBEP,$2.49,1440605763838,"518,981",69% bullish,of 13 ratings,$5.625
BBRG,$12.11,1440605763865,"22,837",67% bullish,of 3 ratings,$14.50
BDBD,$8,1440605763895,"152,476",60% bullish,of 5 ratings,$10
EPAY,$24.63,1440605763934,"27,606",100% bearish,of 2 ratings,$30
BCLI,$2.8501,1440605764000,"14,942",80% bullish,of 5 ratings,$12
BRCM,$49.045,1440605764451,"1,573,750",75% bullish,of 12 ratings,$56
BRID,NULL,1440605764507,0,100% bearish,of 1 rating,N/A
BDGE,$26.25,1440605764537,"4,567",Not yet rated,NULL,$31.75
BBEPP,$12.69,1440605764566,"5,081",100% bearish,of 1 rating,N/A
BCOV,$5.17,1440605764665,"15,157",67% bullish,of 3 ratings,$10.20
BLIN,NULL,1440605764734,0,50% bullish,of 2 ratings,$2.20
BVSN,$5.7,1440605764936,"1,203",60% bearish,of 5 ratings,N/A
BSFT,$29.565,1440605765082,"43,087",57% bullish,of 7 ratings,$40.50
BRKL,$10.34,1440605765300,"47,873",100% bearish,of 1 rating,$10.75
BWEN,$3.163,1440605765333,"6,100",100% bullish,of 3 ratings,$8
BYFC,$1.32,1440605765354,600,50% bullish,of 2 ratings,N/A
BRCD,$10.325,1440605765438,"2,015,559",92% bullish,of 13 ratings,$11.50
BRKS,$9.97,1440605765513,"20,486",67% bullish,of 3 ratings,$15.25
BRKR,$18.3,1440605765767,"62,479",100% bearish,of 2 ratings,$22
BMTC,$28.2,1440605765912,"41,732",Not yet rated,NULL,$34
BSQR,$5.83,1440605765937,"12,384",67% bullish,of 3 ratings,N/A
BLMT,$20.63,1440605766077,437,Not yet rated,NULL,N/A
BLDR,$13.41,1440605766105,"384,173",50% bullish,of 2 ratings,$22
BWLD,$188.44,1440605766176,"96,673",82% bullish,of 11 ratings,$205
BUR,$1.8,1440605766342,"7,251",100% bearish,of 1 rating,$8
CHRW,$65.8293,1440605766535,"456,051",Not yet rated,NULL,$72
CCMP,$42.13,1440605766771,"16,118",50% bullish,of 2 ratings,$59
CDZI,$7.6,1440605766804,"26,812",100% bearish,of 1 rating,N/A
CFFI,NULL,1440605766859,0,100% bearish,of 1 rating,N/A
CA,$26.04,1440605766906,"898,234",50% bullish,of 4 ratings,$33
CDNS,$18.92,1440605766931,"491,658",75% bullish,of 4 ratings,$22.50
CACQ,$6.9,1440605767169,"7,019",100% bearish,of 1 rating,$12.25
PRSS,$4.5,1440605767197,"3,199",80% bullish,of 5 ratings,$4.50
CZR,$8.53,1440605767266,"183,419",60% bearish,of 5 ratings,$10.50
CLMS,$10.21,1440605767457,"23,562",Not yet rated,NULL,$10.50
CSTE,$38.81,1440605767552,"323,140",100% bearish,of 1 rating,$65
CLBS,$1.29,1440605767651,"52,067",79% bullish,of 14 ratings,$4
CHI,$10.23,1440605767711,"175,468",100% bearish,of 1 rating,N/A
CHY,$10.96,1440605767907,"124,045",Not yet rated,NULL,N/A
CFGE,NULL,1440605768016,0,Not yet rated,NULL,N/A
CSQ,$9.49,1440605768072,"190,906",Not yet rated,NULL,N/A
CHW,$7.32,1440605768103,"81,624",100% bearish,of 1 rating,N/A
CCD,$18.6782,1440605768143,"262,928",Not yet rated,NULL,N/A
CAMP,$15.439,1440605768168,"99,928",88% bullish,of 8 ratings,$25
CGO,$11.81,1440605768205,"13,502",100% bearish,of 1 rating,N/A
CVGW,$57.565,1440605768538,"82,119",50% bullish,of 2 ratings,$58.50
CFNB,NULL,1440605768567,0,100% bearish,of 1 rating,N/A
CALA,$4.7,1440605768671,"208,389",100% bullish,of 3 ratings,$19.50
CALD,$15.14,1440605768863,"133,195",100% bearish,of 1 rating,$20.50
CAMB,$10.05,1440605769009,200,Not yet rated,NULL,N/A
CLMT,$24.725,1440605769053,"95,413",75% bullish,of 8 ratings,$31
CALM,$47.11,1440605769114,"253,402",80% bullish,of 5 ratings,$65
ABCD,$4.92,1440605769186,"23,876",83% bullish,of 6 ratings,N/A
CAMBW,NULL,1440605769246,0,Not yet rated,NULL,N/A
CAMBU,NULL,1440605769322,0,100% bearish,of 1 rating,N/A
CAC,$39.27,1440605769389,"1,024",Not yet rated,NULL,N/A
CAMT,$2.6,1440605769447,"9,042",73% bullish,of 11 ratings,$4
CPHC,NULL,1440605769776,0,100% bearish,of 1 rating,N/A
CSIQ,$16.55,1440605769835,"1,251,331",86% bullish,of 28 ratings,$42.50
CGIX,$9.82,1440605769982,"21,279",67% bullish,of 3 ratings,$14.375
CBF,$28,1440605770012,"53,774",Not yet rated,NULL,$32
CPLA,$47.32,1440605770085,"19,283",67% bearish,of 3 ratings,$65
CBNJ,$10.8,1440605770356,"22,287",100% bullish,of 1 rating,N/A
CCBG,$14.79,1440605770401,"1,880",Not yet rated,NULL,$17.25
CPLP,$6.4365,1440605770454,"253,987",71% bullish,of 7 ratings,$11
CSWC,$44.74,1440605770482,"7,447",Not yet rated,NULL,N/A
CFFN,$11.76,1440605770510,"273,340",Not yet rated,NULL,$12.75
CPTA,$13.4999,1440605770540,"38,297",100% bearish,of 1 rating,$18.50
CAPN,$1.662,1440605770642,"29,830",100% bullish,of 1 rating,$10.85
ADRE,$28.41,1440605770682,"5,314",100% bearish,of 1 rating,N/A
CAPNW,$0.49,1440605770949,"8,600",Not yet rated,NULL,N/A
CPST,$0.3515,1440605771023,"300,660",95% bullish,of 22 ratings,$1.25
CAPR,$4.0957,1440605771179,"1,503",Not yet rated,NULL,$12
CBYL,$5.1901,1440605771480,"3,107",100% bearish,of 1 rating,$20
CARB,$10.95,1440605771505,"38,066",75% bullish,of 4 ratings,$12
CRDC,$0.36,1440605771546,"67,232",100% bullish,of 1 rating,$1.25
CARA,$18.03,1440605771574,"147,961",50% bullish,of 4 ratings,$25
CRME,$8.4,1440605771645,"3,804",89% bullish,of 9 ratings,$11.25
CFNL,$21.25,1440605771731,"17,585",Not yet rated,NULL,$24
CSII,$22.79,1440605771983,"49,929",100% bearish,of 2 ratings,$42.125
CTRE,$11.255,1440605772010,"64,283",50% bullish,of 2 ratings,$13.50
CECO,$3.42,1440605772037,"112,765",67% bearish,of 3 ratings,$6
CDNA,$6.5,1440605772168,"3,700",100% bearish,of 1 rating,$9
CKEC,$22.06,1440605772211,"53,641",50% bullish,of 2 ratings,$35.915
CLBH,$12.54,1440605772355,"2,599",Not yet rated,NULL,$16.50
CARO,$15.061,1440605772416,250,100% bearish,of 1 rating,$19
CART,$5.35,1440605772725,210,100% bearish,of 1 rating,N/A
CRZO,$28.62,1440605772752,"282,211",67% bearish,of 3 ratings,$55.50
CACB,$5.21,1440605772777,"16,357",Not yet rated,NULL,$5.50
TAST,$11.85,1440605772814,"48,844",Not yet rated,NULL,$14.25
CARV,$7.0415,1440605772953,"12,204",50% bullish,of 2 ratings,N/A
CASM,$1.12,1440605772982,"4,500",100% bullish,of 1 rating,$3.50
CRTN,$2.51,1440605773050,500,100% bearish,of 1 rating,N/A
CSCD,$15.08,1440605773313,"22,315",100% bullish,of 2 ratings,$17
CASY,$102.285,1440605773399,"65,263",50% bullish,of 2 ratings,$99.50
CASI,$1.445,1440605773534,990,100% bullish,of 1 rating,$3.50
CWST,$5.94,1440605773603,"16,791",50% bullish,of 2 ratings,$7.25
CATB,$10.92,1440605773766,"16,471",100% bearish,of 1 rating,$28
CPRX,$3.34,1440605773953,"240,400",71% bullish,of 7 ratings,$7
CASS,$46.79,1440605773983,"3,717",100% bearish,of 1 rating,N/A
CVCO,$70.01,1440605774084,"9,040",100% bearish,of 1 rating,N/A
CAVM,$65.799,1440605774116,"215,616",67% bearish,of 3 ratings,$72
CATY,$28.06,1440605774179,"141,133",100% bearish,of 1 rating,$33.50
CATYW,NULL,1440605774210,0,100% bearish,of 1 rating,N/A
CBFV,$20.28,1440605774239,"3,175",Not yet rated,NULL,$25
CNLMU,NULL,1440605774614,0,100% bullish,of 1 rating,N/A
CNLMW,NULL,1440605774645,0,Not yet rated,NULL,N/A
CATM,$33.4399,1440605774718,"29,685",100% bearish,of 1 rating,$44
CNLMR,NULL,1440605774742,0,Not yet rated,NULL,N/A
CBOE,$60.986,1440605774923,"135,098",Not yet rated,NULL,$60
CDW,$38.05,1440605775128,"307,844",75% bullish,of 4 ratings,$44
CPXX,$2.05,1440605775179,"68,117",100% bullish,of 2 ratings,$7
CECE,$9.08,1440605775307,"31,342",50% bullish,of 2 ratings,$16
CELG,$113.945,1440605775339,"1,418,001",92% bullish,of 13 ratings,$155.50
CDK,$46.43,1440605775367,"246,908",67% bearish,of 3 ratings,$50
CELGZ,$1.64,1440605775393,"19,600",80% bullish,of 5 ratings,N/A
CLDX,$13.63,1440605775450,"471,712",89% bullish,of 9 ratings,$36
CLRBW,NULL,1440605775918,0,Not yet rated,NULL,N/A
CLRB,$3.0291,1440605775946,603,100% bearish,of 1 rating,N/A
CLDN,$1.04,1440605775990,"33,107",71% bullish,of 7 ratings,$3
CBMG,$21.79,1440605776016,"34,562",50% bullish,of 2 ratings,N/A
CLLS,$30.26,1440605776173,"89,182",75% bullish,of 4 ratings,$51.50
CLSN,$1.8999,1440605776337,"52,980",80% bullish,of 10 ratings,$7.50
CETX,$2.2772,1440605776435,800,Not yet rated,NULL,$5.60
CLTX,$2.52,1440605776482,"110,292",100% bullish,of 2 ratings,N/A
CETV,$1.97,1440605776692,"31,183",67% bullish,of 3 ratings,$2.80
CYAD,$50.77,1440605776724,"1,000",100% bullish,of 1 rating,$87.50
CSFL,$13.485,1440605776794,"28,586",Not yet rated,NULL,$15
CEMP,$32.9971,1440605776823,"177,351",71% bullish,of 7 ratings,$52
CENT,$11.74,1440605776851,"12,668",Not yet rated,NULL,$10
CFBK,NULL,1440605776878,0,Not yet rated,NULL,N/A
CVCY,$11.2,1440605777370,100,Not yet rated,NULL,$12
CENTA,$12.39,1440605777402,"79,109",Not yet rated,NULL,N/A
CENX,$4.25,1440605777504,"934,100",67% bullish,of 6 ratings,$9
CNBKA,$41.98,1440605777560,782,50% bullish,of 2 ratings,N/A
CNTY,$5.78,1440605777767,"7,924",80% bullish,of 5 ratings,$7.75
CERE,$1.19,1440605777796,"152,709",88% bullish,of 8 ratings,N/A
CRNT,$1.34,1440605777899,"19,646",50% bullish,of 2 ratings,$2
CPHD,$47.28,1440605777926,"149,499",67% bearish,of 3 ratings,$66.50
CERU,$3.33,1440605778101,"9,203",75% bullish,of 4 ratings,$15
CERN,$60.2,1440605778169,"530,832",67% bullish,of 3 ratings,$79
CEVA,$17.56,1440605778234,"14,098",100% bearish,of 1 rating,$25
CERS,$4.655,1440605778299,"146,845",75% bullish,of 4 ratings,$7
CYOU,$20,1440605778465,"72,239",50% bullish,of 6 ratings,$24
KOOL,$0.6301,1440605778492,"29,221",100% bullish,of 5 ratings,$7
HOTR,$1.45,1440605778702,"62,141",100% bullish,of 2 ratings,$5
CNLM,NULL,1440605778831,0,Not yet rated,NULL,N/A
CHTR,$173.02,1440605778936,"253,323",100% bearish,of 2 ratings,$196
CTHR,$1.27,1440605779071,"2,152",50% bullish,of 2 ratings,$2.50
CHEK,$1.89,1440605779106,"25,200",Not yet rated,NULL,$7.75
GTLS,$22.1,1440605779156,"65,610",50% bullish,of 4 ratings,$40
HOTRW,NULL,1440605779185,0,Not yet rated,NULL,N/A
CHFN,$12.2,1440605779289,"2,298",Not yet rated,NULL,$14
CHKP,$77.87,1440605779376,"412,964",50% bullish,of 4 ratings,$92
CHFC,$30.59,1440605779562,"8,561",100% bearish,of 1 rating,$36
CCXI,$6.78,1440605779592,"24,268",67% bullish,of 3 ratings,$14
CHEKW,NULL,1440605779632,0,Not yet rated,NULL,N/A
CHMG,$26.6999,1440605779846,"1,000",Not yet rated,NULL,$30
CHKE,$25.81,1440605779977,"10,748",100% bearish,of 1 rating,$32.50
CHEV,$14.4,1440605780104,350,Not yet rated,NULL,N/A
PLCE,$57.93,1440605780209,"182,083",100% bearish,of 1 rating,$71
CHMA,$23.865,1440605780315,"16,347",Not yet rated,NULL,$40
CBNK,$16.48,1440605780417,636,100% bearish,of 1 rating,N/A
CAAS,$5.77,1440605780635,"12,870",93% bullish,of 14 ratings,$11.50
CMRX,$48.31,1440605780683,"73,673",50% bullish,of 2 ratings,$57
CALI,$0.93,1440605780709,"1,310",67% bullish,of 3 ratings,N/A
CADC,NULL,1440605780730,0,78% bullish,of 9 ratings,N/A
CBAK,$1.7601,1440605780863,"30,664",67% bullish,of 9 ratings,N/A
CEMI,$3.69,1440605780995,"51,562",50% bullish,of 2 ratings,$7.50
CCCL,$0.7699,1440605781166,"14,200",100% bullish,of 6 ratings,N/A
JRJC,$2.99,1440605781378,"74,189",82% bullish,of 11 ratings,N/A
CBPO,$92.61,1440605781776,"72,347",75% bullish,of 8 ratings,$140.50
CCCR,NULL,1440605781820,0,67% bearish,of 3 ratings,N/A
HTHT,$24.2099,1440605781966,"61,578",50% bullish,of 2 ratings,$28.40
CHOP,$1.33,1440605782122,"11,350",50% bullish,of 2 ratings,N/A
CPGI,$6.91,1440605782311,200,Not yet rated,NULL,N/A
CNIT,$1.39,1440605782411,"34,090",67% bullish,of 6 ratings,N/A
HGSH,$1.77,1440605782438,"1,400",67% bullish,of 3 ratings,N/A
CHNR,$1.67,1440605782463,"2,010",100% bearish,of 1 rating,N/A
CSUN,$1.4137,1440605782491,"14,675",80% bullish,of 5 ratings,N/A
CHLN,$2.06,1440605782706,"2,603",67% bullish,of 3 ratings,N/A
CNTF,$0.76,1440605782868,"20,782",Not yet rated,NULL,N/A
CXDC,$5.65,1440605783047,"25,801",67% bullish,of 3 ratings,N/A
CREG,$0.6686,1440605783081,"5,630",100% bullish,of 3 ratings,N/A
CNYD,$2.96,1440605783179,"2,316",67% bullish,of 3 ratings,N/A
CCIH,$6.395,1440605783209,"143,227",67% bullish,of 6 ratings,$12.65
CNET,$0.7888,1440605783311,"10,020",50% bullish,of 2 ratings,N/A
CJJD,$1.73,1440605783538,"26,010",100% bullish,of 1 rating,N/A
CHSCN,$26.55,1440605783614,203,Not yet rated,NULL,N/A
CHSCO,$28.06,1440605783719,"10,526",Not yet rated,NULL,N/A
CHDN,$131.18,1440605783763,"7,226",Not yet rated,NULL,$165
CHSCM,$25.7899,1440605783851,"7,056",Not yet rated,NULL,N/A
CHUY,$30.4,1440605784006,"36,888",50% bullish,of 2 ratings,$34
CHSCP,$30.25,1440605784079,563,Not yet rated,NULL,N/A
IMOS,$16.35,1440605784308,"87,822",60% bullish,of 5 ratings,$21.50
CDTX,$14.17,1440605784498,"6,650",Not yet rated,NULL,$22
CIFC,$6.95,1440605784528,"1,002",100% bearish,of 1 rating,N/A
CINF,$51.075,1440605784553,"152,221",50% bullish,of 4 ratings,$50.50
CMCT,$15,1440605784806,620,100% bearish,of 1 rating,N/A
CPHR,$5.9405,1440605784855,"7,689",100% bearish,of 1 rating,$17
CMPR,$66.57,1440605784880,"75,466",50% bullish,of 2 ratings,$72.50
CTRN,$26.66,1440605785039,"32,433",100% bearish,of 1 rating,$31.50
CIDM,$0.5833,1440605785068,"55,183",50% bullish,of 2 ratings,$2.10
CTAS,$81.93,1440605785336,"129,974",100% bearish,of 1 rating,$91
CZNC,$19.54,1440605785436,"5,204",Not yet rated,NULL,N/A
CZWI,$8.99,1440605785498,400,Not yet rated,NULL,N/A
CSCO,$24.775,1440605785664,"14,396,839",84% bullish,of 208 ratings,$32
CHSCL,$26.9218,1440605785891,"13,117",Not yet rated,NULL,N/A
CZFC,NULL,1440605785957,0,Not yet rated,NULL,N/A
CTXS,$66.74,1440605785982,"376,024",86% bullish,of 7 ratings,$80
CIVB,$10.05,1440605786025,"3,400",Not yet rated,NULL,$11
CHCO,$46.23,1440605786054,"8,904",Not yet rated,NULL,$46
CIZN,$19.33,1440605786390,902,Not yet rated,NULL,N/A
CLNE,$4.2599,1440605786420,"357,929",80% bullish,of 15 ratings,$9
CIVBP,NULL,1440605786576,0,Not yet rated,NULL,N/A
CDTI,$1.53,1440605786601,"20,335",75% bullish,of 4 ratings,$3.20
CLNT,$1.32,1440605786671,"6,862",75% bullish,of 8 ratings,N/A
CLFD,$16.87,1440605786815,"15,745",67% bullish,of 3 ratings,$18
CLRO,$11.53,1440605786959,"35,429",50% bullish,of 2 ratings,$14.25
CLIR,$4.66,1440605787105,"28,627",100% bullish,of 3 ratings,N/A
CBLI,$3.62,1440605787130,"26,681",60% bullish,of 5 ratings,N/A
CSBK,$13.7,1440605787163,"24,689",Not yet rated,NULL,N/A
CMFN,$10.8569,1440605787342,"9,519",100% bearish,of 1 rating,$15.50
CLVS,$69.47,1440605787416,"283,190",60% bullish,of 5 ratings,$101.50
CCNE,$16.76,1440605787570,"1,836",50% bullish,of 2 ratings,$21.50
CME,$89.75,1440605787597,"368,498",67% bullish,of 3 ratings,$102
CNV,$4.22,1440605787832,"12,560",50% bullish,of 2 ratings,$7.15
CISG,$7.31,1440605787893,"49,432",100% bullish,of 5 ratings,$10
CWAY,$11.211,1440605788042,678,Not yet rated,NULL,N/A
COBZ,$12.58,1440605788105,"15,350",100% bullish,of 1 rating,$14
COKE,$160.45,1440605788206,"4,895",79% bullish,of 19 ratings,N/A
CDXS,$3.49,1440605788298,"16,063",64% bullish,of 11 ratings,$6
CVLY,$20.25,1440605788351,100,Not yet rated,NULL,N/A
CDRB,$12.05,1440605788390,"6,334",67% bullish,of 3 ratings,N/A
CCOI,$26.83,1440605788734,"92,103",50% bullish,of 4 ratings,$35
CGNT,$1.45,1440605788762,"15,335",100% bullish,of 2 ratings,$2
JVA,$4.4224,1440605788831,"3,748",83% bullish,of 6 ratings,$7
CGNX,$33.205,1440605788892,"291,644",50% bullish,of 2 ratings,$47
CHRS,$27.45,1440605788963,"89,047",67% bearish,of 3 ratings,$37
CTSH,$60.1,1440605789120,"1,045,255",90% bullish,of 10 ratings,$75
CLCT,$18,1440605789340,"3,426",100% bearish,of 1 rating,N/A
COHR,$55.95,1440605789393,"30,180",50% bullish,of 2 ratings,$72
COHU,$9.33,1440605789538,"34,256",100% bearish,of 1 rating,$14.25
CLRX,$0.542,1440605789671,"21,705",50% bullish,of 2 ratings,N/A
COLL,$14.07,1440605789701,"25,812",100% bearish,of 1 rating,$26
CRUS,$27.6959,1440605789754,"241,335",75% bullish,of 12 ratings,$44.50
COLB,$28.87,1440605789802,"21,324",Not yet rated,NULL,$36
CBAN,NULL,1440605789959,0,Not yet rated,NULL,N/A
CIGI,$41.02,1440605789997,"1,904",100% bearish,of 1 rating,$52
CLCD,$6.33,1440605790261,"19,934",100% bearish,of 1 rating,$20.50
CMCSA,$54.26,1440605790289,"3,672,699",66% bullish,of 35 ratings,$69.50
COLM,$59.2,1440605790321,"28,255",100% bearish,of 1 rating,$71
CBMX,$1.1,1440605790421,"15,854",83% bullish,of 6 ratings,$3.15
CMCO,$18.035,1440605790467,"20,188",60% bullish,of 5 ratings,$28
CMCSK,$54.99,1440605790500,"1,073,940",Not yet rated,NULL,$84
CBSH,$42.73,1440605790862,"93,108",50% bullish,of 2 ratings,$46
CVGI,$4.6825,1440605790930,"58,077",50% bullish,of 2 ratings,$6
CUBN,$13.55,1440605791136,300,Not yet rated,NULL,N/A
JCS,$8.65,1440605791182,"1,554",67% bullish,of 3 ratings,N/A
COMM,$28.52,1440605791326,"221,525",67% bearish,of 3 ratings,$35
CSAL,$20.15,1440605791351,"166,659",75% bullish,of 4 ratings,$30
CTBI,$33.98,1440605791488,"6,913",Not yet rated,NULL,$36
ESXB,$5.1,1440605791624,20,Not yet rated,NULL,N/A
COB,$10.31,1440605791726,"1,406",100% bullish,of 1 rating,$11.75
CYHHZ,$0.0101,1440605791828,"25,898",100% bullish,of 1 rating,N/A
CWBC,NULL,1440605791902,0,Not yet rated,NULL,N/A
CVLT,$34.47,1440605791927,"128,324",75% bullish,of 4 ratings,$44.50
CIL,$32.83,1440605791974,400,Not yet rated,NULL,N/A
CIZ,$32.7588,1440605792071,586,100% bearish,of 1 rating,N/A
CID,$33.02,1440605792178,700,Not yet rated,NULL,N/A
CSA,$31.8999,1440605792670,150,Not yet rated,NULL,N/A
CDC,$33.33,1440605792827,"13,130",Not yet rated,NULL,N/A
CSB,$32.44,1440605792961,1,Not yet rated,NULL,N/A
CFA,$34.18,1440605793068,"3,099",100% bearish,of 1 rating,N/A
CGEN,$4.84,1440605793096,"36,185",50% bullish,of 2 ratings,$11
CBSHP,$25.26,1440605793144,815,100% bearish,of 1 rating,N/A
CSF,$35.479,1440605793165,"1,049",100% bearish,of 1 rating,N/A
CDL,NULL,1440605793318,0,Not yet rated,NULL,N/A
CPSI,$44.68,1440605793471,"16,606",100% bearish,of 1 rating,$45.50
CTG,$6.43,1440605793606,"8,330",100% bearish,of 1 rating,$8.50
CHCI,$0.74,1440605793637,"37,561",50% bullish,of 2 ratings,N/A
CNSI,$18.52,1440605793694,"64,587",100% bearish,of 2 ratings,$29
SCOR,$53.19,1440605793737,"85,967",100% bearish,of 1 rating,$66
CNAT,$3.6,1440605794063,"29,049",83% bullish,of 6 ratings,$13
CMTL,$25.42,1440605794244,"15,689",100% bearish,of 2 ratings,$37
CFO,$34.2622,1440605794458,"6,691",100% bearish,of 1 rating,N/A
CNCE,$14.92,1440605794590,"39,167",75% bullish,of 4 ratings,$22
CCUR,$4.8,1440605794663,"32,604",75% bullish,of 4 ratings,N/A
CDOR,$1.26,1440605794806,400,100% bullish,of 1 rating,N/A
CDORO,NULL,1440605794835,0,100% bearish,of 1 rating,N/A
CNMD,$52.61,1440605794939,"30,041",Not yet rated,NULL,$59
CDORP,$6.37,1440605794965,"1,210",100% bearish,of 1 rating,N/A
CFMS,$19.6,1440605794993,"73,426",Not yet rated,NULL,$27
CTWS,$34.06,1440605795165,"2,996",100% bearish,of 1 rating,$44
CNFR,$10.95,1440605795263,"5,786",Not yet rated,NULL,N/A
CNXR,$6.38,1440605795395,"11,482",100% bearish,of 1 rating,$12
CNOB,$18.82,1440605795530,"7,877",100% bullish,of 1 rating,$23.50
CONN,$28.92,1440605795555,"96,610",67% bullish,of 3 ratings,$48.50
CNSL,$18.8,1440605795816,"37,196",100% bearish,of 1 rating,$23
CWCO,$10.0379,1440605795898,"25,689",67% bullish,of 3 ratings,$14.50
CTCT,$23.75,1440605795925,"67,699",67% bullish,of 3 ratings,$37
CFRX,$4.95,1440605795953,"17,778",Not yet rated,NULL,$14
CFRXW,$1.64,1440605796099,100,100% bearish,of 1 rating,N/A
CPSS,$5.57,1440605796230,"12,945",100% bullish,of 1 rating,$10
CXRX,$67.01,1440605796294,"1,145",100% bearish,of 1 rating,$90
CFRXZ,NULL,1440605796361,0,Not yet rated,NULL,N/A
CRBP,$1.85,1440605796464,"168,526",100% bullish,of 2 ratings,$6.25
CTRV,$3.79,1440605796488,"5,600",Not yet rated,NULL,$6.40
CTRL,$7.63,1440605796513,"42,146",50% bullish,of 2 ratings,$11
CORT,$4.66,1440605796977,"263,476",67% bullish,of 3 ratings,$12
BVA,NULL,1440605797002,0,50% bullish,of 2 ratings,N/A
CORE,$59.65,1440605797136,"35,037",100% bearish,of 1 rating,$72
CSOD,$34.75,1440605797162,"138,952",50% bullish,of 2 ratings,$42
CORI,$10.125,1440605797191,"22,112",100% bearish,of 1 rating,$18
CRVL,$30.04,1440605797299,"4,016",100% bearish,of 1 rating,N/A
COSI,$1,1440605797400,"132,048",100% bullish,of 1 rating,N/A
CPAH,NULL,1440605797645,0,50% bullish,of 2 ratings,N/A
CSGP,$169.29,1440605797672,"53,985",50% bullish,of 2 ratings,$235
CVTI,$21.94,1440605797745,"42,642",67% bearish,of 3 ratings,$39
ICBK,$18.21,1440605797807,200,Not yet rated,NULL,$21
CPRT,$33.37,1440605797835,"62,574",67% bearish,of 3 ratings,$40
COST,$134,1440605797890,"532,423",79% bullish,of 24 ratings,$154.50
COVS,$2.51,1440605797962,"34,183",67% bullish,of 3 ratings,N/A
COWN,$4.97,1440605798252,"485,889",75% bullish,of 4 ratings,$7
CACC,$194.54,1440605798467,"37,687",50% bullish,of 2 ratings,$158.50
SLVO,$9.76,1440605798692,"56,190",100% bearish,of 1 rating,N/A
BREW,$7.33,1440605798777,"9,830",67% bullish,of 6 ratings,$15
CRAI,$21.57,1440605798833,"4,584",100% bearish,of 1 rating,$36
GLDI,$10.9205,1440605798862,"6,152",100% bearish,of 1 rating,N/A
CREE,$25.53,1440605798883,"320,599",65% bullish,of 17 ratings,$29.50
CPSH,$2.18,1440605798905,"14,080",Not yet rated,NULL,N/A
CBRL,$139.58,1440605799044,"76,498",50% bullish,of 2 ratings,$155
CCRN,$13.41,1440605799292,"27,050",100% bearish,of 1 rating,$14.25
CRTO,$41.2763,1440605799325,"84,156",67% bullish,of 6 ratings,$64
CRESY,$9.49,1440605799379,"6,616",100% bearish,of 1 rating,$19
COWNL,$27.01,1440605799426,"6,000",Not yet rated,NULL,N/A
CROX,$13.5,1440605799565,"338,439",63% bullish,of 8 ratings,$16.50
CRDS,$1.01,1440605799802,"9,900",50% bullish,of 4 ratings,$4.50
CRWN,$4.48,1440605799932,"25,210",75% bullish,of 4 ratings,N/A
CRAY,$19.8,1440605799958,"61,826",83% bullish,of 6 ratings,$38.50
CYRXW,$0.8501,1440605800113,500,Not yet rated,NULL,N/A
CYRX,$2.91,1440605800141,"5,195",Not yet rated,NULL,$9
CRWS,$7.93,1440605800221,"4,000",Not yet rated,NULL,$10
CSPI,$5.8,1440605800289,850,67% bullish,of 3 ratings,N/A
CCLP,$13.21,1440605800360,"23,387",67% bearish,of 3 ratings,$20
CSGS,$29.74,1440605800460,"40,025",Not yet rated,NULL,$40
CTCM,$1.7,1440605800485,"49,035",80% bearish,of 5 ratings,$3.90
CUI,$4.92,1440605800768,"8,400",50% bullish,of 2 ratings,$10
CTRP,$63.185,1440605800800,"606,543",75% bullish,of 8 ratings,$92
CTIB,NULL,1440605800821,0,100% bearish,of 1 rating,N/A
CUNB,$21.2,1440605800978,"3,162",Not yet rated,NULL,$24.50
CPIX,$6.19,1440605801237,"54,700",Not yet rated,NULL,N/A
CRIS,$2.35,1440605801275,"153,356",100% bullish,of 8 ratings,$6
CMLS,$1.36,1440605801300,"147,747",50% bullish,of 4 ratings,$6
CYAN,$7.2601,1440605801443,820,100% bearish,of 1 rating,N/A
CVV,$10.63,1440605801589,"5,418",100% bullish,of 5 ratings,N/A
CTIC,$1.57,1440605801615,"460,384",84% bullish,of 76 ratings,$5.75
CUTR,$14.28,1440605801648,"11,820",67% bearish,of 3 ratings,$18
CVBF,$15.44,1440605801670,"58,587",Not yet rated,NULL,$18
CYBR,$46.56,1440605801745,"436,529",86% bullish,of 7 ratings,$66
CYCC,$0.5062,1440605801995,"42,929",73% bullish,of 11 ratings,N/A
CYBE,$5.89,1440605802022,"1,835",100% bearish,of 1 rating,N/A
CYBX,$65.36,1440605802047,"81,237",50% bullish,of 4 ratings,$71.50
CYNA,$16.16,1440605802223,"7,892",100% bullish,of 1 rating,$31.50
CBAY,$2.5599,1440605802392,"32,997",100% bullish,of 1 rating,$4
CYNO,$31.79,1440605802560,"27,573",67% bearish,of 3 ratings,$45.50
CONE,$30.84,1440605802647,"88,584",67% bearish,of 3 ratings,$35
CYRN,$1.63,1440605802673,"7,150",67% bullish,of 3 ratings,$4
CYTK,$6.56,1440605802709,"70,545",71% bullish,of 14 ratings,$13.50
CY,$9.135,1440605802745,"2,021,728",80% bullish,of 10 ratings,$15.50
CYTX,$0.337,1440605802774,"500,444",83% bullish,of 12 ratings,$5.50
TVIZ,$19.001,1440605803098,"1,120",100% bearish,of 1 rating,N/A
CTSO,$6.425,1440605803197,"32,451",Not yet rated,NULL,$15.625
CYTR,$2.08,1440605803225,"194,081",67% bullish,of 6 ratings,$10
TVIX,$14.3816,1440605803354,"12,277,163",81% bullish,of 16 ratings,N/A
ZIV,$40.63,1440605803459,"50,557",Not yet rated,NULL,N/A
XIV,$26.34,1440605803593,"11,777,176",75% bearish,of 4 ratings,N/A
DJCO,$191.3,1440605803967,301,Not yet rated,NULL,N/A
DAEG,$0.35,1440605804024,"5,396",100% bearish,of 1 rating,N/A
CYCCP,NULL,1440605804057,0,100% bearish,of 1 rating,N/A
DAKT,$8.33,1440605804078,"233,452",50% bullish,of 2 ratings,$14
DTLK,$5.4,1440605804108,"25,332",100% bearish,of 1 rating,$9
DAIO,NULL,1440605804134,0,Not yet rated,NULL,N/A
DARA,$0.8454,1440605804155,"67,083",83% bullish,of 6 ratings,$1.50
DRAM,$1.1297,1440605804187,"17,050",78% bullish,of 9 ratings,N/A
PLAY,$32.575,1440605804563,"82,904",100% bullish,of 5 ratings,$42
DBVT,$37.76,1440605804588,"16,678",100% bearish,of 1 rating,$53
DWCH,$4.86,1440605804745,"8,604",75% bullish,of 4 ratings,$8.25
DWSN,$4.3001,1440605804850,"5,706",67% bullish,of 3 ratings,N/A
DTEA,$12.79,1440605805008,"14,905",100% bearish,of 2 ratings,$24
TACO,$12.5,1440605805102,"88,642",75% bullish,of 4 ratings,$20
DHRM,$1.62,1440605805134,"3,000",Not yet rated,NULL,N/A
DFRG,$14.14,1440605805174,"62,420",100% bearish,of 1 rating,$20
TACOW,$3.91,1440605805305,"12,200",100% bullish,of 1 rating,N/A
DCTH,$0.3806,1440605805490,"195,097",78% bullish,of 9 ratings,N/A
DGAS,$20.29,1440605805518,"16,147",67% bearish,of 3 ratings,N/A
DELT,NULL,1440605805542,0,Not yet rated,NULL,N/A
DENN,$11.18,1440605805703,"75,504",100% bullish,of 3 ratings,$15
DELTW,NULL,1440605805728,0,Not yet rated,NULL,N/A
XRAY,$51.325,1440605805953,"122,679",100% bullish,of 1 rating,$58
TRAK,$62.76,1440605806100,"173,071",50% bullish,of 2 ratings,$62.50
DSWL,$1.71,1440605806129,"57,990",100% bullish,of 1 rating,N/A
DSCI,$5.73,1440605806231,"17,386",50% bullish,of 2 ratings,$16
DERM,$24.48,1440605806314,"46,675",100% bearish,of 1 rating,$33.50
DXLG,$4.5,1440605806475,"58,501",100% bearish,of 1 rating,$8
DXM,$0.3193,1440605806534,"47,305",50% bullish,of 2 ratings,N/A
DXCM,$89.62,1440605806580,"174,118",57% bullish,of 7 ratings,$98
DEST,$11.31,1440605806639,"32,172",50% bullish,of 2 ratings,N/A
DEPO,$27.56,1440605806722,"108,768",60% bullish,of 5 ratings,$29
FANG,$61.46,1440605806928,"172,431",50% bullish,of 2 ratings,$86.50
DHXM,NULL,1440605806973,0,Not yet rated,NULL,N/A
DCIX,$1.575,1440605807064,"33,245",50% bullish,of 4 ratings,$3.50
DHIL,$188.025,1440605807091,"1,152",Not yet rated,NULL,N/A
DMND,$27.58,1440605807116,"50,760",75% bullish,of 12 ratings,$32
DRNA,$10.03,1440605807370,"8,651",67% bearish,of 3 ratings,$25
DRAD,$3.67,1440605807599,"2,900",100% bullish,of 1 rating,$5.25
DMRC,$32.945,1440605807625,"65,783",100% bearish,of 1 rating,$44
DGII,$9.5074,1440605807646,"9,031",100% bearish,of 1 rating,$10
DPRX,$12.53,1440605807685,"2,102",100% bullish,of 2 ratings,$27.75
DCOM,$16.37,1440605807707,"37,064",100% bearish,of 2 ratings,$16.50
DGLY,$7.779,1440605807779,"308,219",50% bullish,of 6 ratings,$20
APPS,$2.2901,1440605807804,"42,692",100% bearish,of 1 rating,$10.25
DISCK,$24.82,1440605808032,"566,552",100% bearish,of 1 rating,$32
DISCA,$26.17,1440605808061,"720,543",67% bullish,of 3 ratings,$34
DISCB,$25.45,1440605808107,12,100% bearish,of 1 rating,$35
DSCO,$0.3653,1440605808138,"111,341",83% bullish,of 6 ratings,$2.75
DIOD,$19.12,1440605808160,"36,005",75% bearish,of 4 ratings,$24
DISH,$57.58,1440605808294,"311,664",69% bullish,of 13 ratings,$73
DVCR,NULL,1440605808524,0,100% bullish,of 1 rating,N/A
BAGR,$2.7,1440605808658,"18,486",100% bearish,of 1 rating,$6
DGICA,$14,1440605808684,"4,715",100% bearish,of 1 rating,$17
DNBF,NULL,1440605808704,0,Not yet rated,NULL,$27.50
DLHC,$2.5,1440605808921,"1,021",100% bearish,of 1 rating,N/A
DLTR,$74.13,1440605809005,"437,234",82% bullish,of 11 ratings,$88
DMLP,$13.72,1440605809050,"14,407",100% bearish,of 1 rating,N/A
DGICB,NULL,1440605809106,0,100% bearish,of 1 rating,N/A
DORM,$49.58,1440605809144,"65,215",100% bearish,of 1 rating,$56
HILL,$9.67,1440605809200,"1,118,888",60% bearish,of 5 ratings,$9.75
DRWI,$0.23,1440605809294,"55,300",60% bullish,of 5 ratings,$.45
DWA,$19.68,1440605809438,"236,146",63% bullish,of 8 ratings,$26
DRYS,$0.3528,1440605809518,"978,885",77% bullish,of 31 ratings,$.60
DRWIW,$0.046,1440605809571,"1,400",Not yet rated,NULL,N/A
DSPG,$8.39,1440605809596,"9,825",100% bearish,of 1 rating,$13.50
DSKX,$2.9644,1440605809660,"42,720",100% bullish,of 1 rating,N/A
CADT,NULL,1440605809949,0,Not yet rated,NULL,N/A
DNKN,$50.19,1440605810014,"298,432",67% bullish,of 15 ratings,$56.50
CADTR,NULL,1440605810044,0,Not yet rated,NULL,N/A
CADTW,NULL,1440605810141,0,Not yet rated,NULL,N/A
CADTU,NULL,1440605810237,0,Not yet rated,NULL,N/A
DTSI,$25.87,1440605810265,"19,049",100% bearish,of 2 ratings,$39.50
DRRX,$1.91,1440605810294,"198,220",50% bullish,of 6 ratings,$3
DYAX,$22.03,1440605810456,"145,503",89% bullish,of 9 ratings,$30
DXPE,$26.98,1440605810484,"55,607",50% bullish,of 2 ratings,N/A
BOOM,$8.99,1440605810523,"44,180",67% bullish,of 3 ratings,$12
DYSL,$1.4,1440605810780,"45,474",100% bullish,of 2 ratings,N/A
EGBN,$41.11,1440605810925,"22,298",Not yet rated,NULL,$48
DYNT,$2.95,1440605810960,"3,348",75% bullish,of 4 ratings,N/A
EBMT,$11.0501,1440605811027,"1,345",Not yet rated,NULL,$13.50
DVAX,$25.7,1440605811064,"59,633",70% bullish,of 10 ratings,$40
EGRX,$73.83,1440605811090,"150,576",67% bullish,of 3 ratings,$97
ETFC,$24.46,1440605811293,"1,031,196",57% bullish,of 14 ratings,$33
EGLE,$6.3154,1440605811324,"3,600",60% bullish,of 5 ratings,N/A
EWBC,$37.36,1440605811452,"554,595",100% bearish,of 1 rating,$50
ELNK,$7.97,1440605811499,"225,070",60% bullish,of 5 ratings,$9.50
EACQU,$10.2,1440605811630,"1,000",Not yet rated,NULL,N/A
EVBS,$6.5,1440605811826,"1,518",Not yet rated,NULL,$7
EBAY,$25.45,1440605811854,"3,016,363",81% bullish,of 117 ratings,$48
EML,$16.78,1440605811906,"3,557",Not yet rated,NULL,N/A
EROC,$1.23,1440605812134,"145,276",50% bullish,of 2 ratings,$3
ELON,$0.53,1440605812166,"48,340",50% bullish,of 2 ratings,N/A
EBIX,$26.4,1440605812192,"77,031",69% bullish,of 13 ratings,$40
ECTE,$1.4,1440605812267,"4,766",75% bullish,of 4 ratings,N/A
ECHO,$22.81,1440605812509,"87,656",67% bearish,of 3 ratings,$35.50
ECACU,$10.06,1440605812536,"4,100",Not yet rated,NULL,N/A
EEI,$10.99,1440605812608,402,67% bearish,of 3 ratings,N/A
SATS,$42.4,1440605812636,"29,700",50% bullish,of 2 ratings,$60
EDGW,$6.71,1440605812854,"1,202",100% bearish,of 1 rating,N/A
EDAP,$3.52,1440605812922,"62,923",60% bullish,of 5 ratings,$4.50
ESES,$3.0501,1440605812973,286,100% bearish,of 1 rating,$7
EFUT,$4.21,1440605813154,200,Not yet rated,NULL,N/A
EDUC,$4.97,1440605813203,933,100% bearish,of 1 rating,N/A
EGLT,$10.5,1440605813367,"19,146",50% bullish,of 2 ratings,$21
EGAN,$3.24,1440605813394,"17,481",50% bullish,of 2 ratings,$6.25
EHTH,$13.4,1440605813455,"16,711",50% bullish,of 4 ratings,$16.50
ESLT,$74.5412,1440605813527,"12,514",67% bullish,of 3 ratings,N/A
LOCO,$11.62,1440605813694,"241,575",69% bullish,of 13 ratings,$20
ERI,$9.39,1440605813723,"31,943",100% bearish,of 1 rating,$10
EMITF,$1.21,1440605813855,"2,015",75% bullish,of 4 ratings,N/A
EA,$63.94,1440605813924,"1,201,605",77% bullish,of 35 ratings,$80
ESIO,$4.16,1440605813995,"58,128",50% bullish,of 2 ratings,$10
ELRC,$10.35,1440605814078,"12,864",100% bearish,of 1 rating,N/A
EFII,$42.77,1440605814211,"58,120",80% bullish,of 5 ratings,$55
ELSE,$3.85,1440605814257,206,60% bullish,of 5 ratings,N/A
ELECW,NULL,1440605814437,0,Not yet rated,NULL,N/A
EBIO,$3.12,1440605814466,"215,856",100% bearish,of 2 ratings,$8.35
ELEC,NULL,1440605814565,0,Not yet rated,NULL,N/A
ELECU,NULL,1440605814666,0,Not yet rated,NULL,N/A
RDEN,$10.32,1440605814696,"23,648",100% bearish,of 4 ratings,$15
ESBK,$19.9399,1440605814800,"1,000",Not yet rated,NULL,N/A
CAPX,NULL,1440605814825,0,Not yet rated,NULL,N/A
ELTK,$1.1201,1440605814850,"19,133",67% bearish,of 3 ratings,N/A
LONG,$16.35,1440605815046,"21,409",67% bullish,of 3 ratings,$15.75
EMCI,$22.3325,1440605815182,"5,116",Not yet rated,NULL,N/A
EMCF,NULL,1440605815278,0,100% bearish,of 1 rating,N/A
EMMSP,NULL,1440605815525,0,100% bearish,of 1 rating,N/A
EMKR,$6.86,1440605815554,"42,746",75% bullish,of 4 ratings,$8.50
ECPG,$38.305,1440605815575,"41,265",100% bullish,of 2 ratings,$52
NYNY,$4,1440605815706,"20,023",50% bullish,of 2 ratings,N/A
ERS,$2.7601,1440605815732,"1,300",Not yet rated,NULL,N/A
EMMS,$1.12,1440605815793,"6,043",67% bullish,of 6 ratings,N/A
ENTA,$39.11,1440605815863,"53,018",50% bullish,of 2 ratings,$42
ECYT,$4.95,1440605815927,"81,081",83% bullish,of 6 ratings,$12
ENDP,$74.06,1440605815958,"495,433",50% bullish,of 6 ratings,$104
WIRE,$30.62,1440605816087,"11,517",100% bearish,of 1 rating,$37
ELGX,$12.32,1440605816275,"158,142",75% bullish,of 4 ratings,$17
WATT,$5.99,1440605816315,"106,765",50% bullish,of 2 ratings,$13
EIGI,$14.77,1440605816482,"284,434",67% bearish,of 3 ratings,$22.50
EFOI,$18.06,1440605816531,"487,409",50% bullish,of 2 ratings,$20.50
ENG,$0.9868,1440605816585,"31,639",100% bullish,of 3 ratings,N/A
ERII,$2.67,1440605816660,"41,006",80% bullish,of 5 ratings,$2.50
ENOC,$8.21,1440605816828,"61,248",75% bullish,of 4 ratings,$18
ENPH,$4.43,1440605816858,"188,892",75% bullish,of 4 ratings,$11
EXXI,$1.4,1440605816880,"575,776",86% bullish,of 7 ratings,$3.50
ESGR,$144.385,1440605816912,"13,664",100% bearish,of 1 rating,$185
ETRM,$0.2363,1440605817131,"305,891",69% bearish,of 35 ratings,$1.625
ENTL,$21.67,1440605817201,"3,640",Not yet rated,NULL,$28
ENTG,$13.27,1440605817227,"95,390",100% bearish,of 1 rating,$18
ENFC,$17.82,1440605817263,800,Not yet rated,NULL,N/A
EBTC,$21,1440605817366,"1,704",Not yet rated,NULL,N/A
EFSC,$23.3525,1440605817537,"6,045",Not yet rated,NULL,$27
ENVI,$1.81,1440605817712,980,67% bullish,of 3 ratings,N/A
ENZY,$9.11,1440605817741,"1,570",67% bullish,of 3 ratings,$9.50
EGT,$1.94,1440605817768,200,100% bullish,of 1 rating,N/A
EPIQ,$12.9099,1440605817930,"29,086",100% bearish,of 1 rating,$18
EPRS,$4.7,1440605817958,"28,153",82% bullish,of 11 ratings,$15
ENZN,$0.965,1440605817987,"93,606",100% bullish,of 9 ratings,N/A
EPZM,$16.82,1440605818009,"52,905",60% bullish,of 5 ratings,$34
PLUS,$73.95,1440605818198,"9,747",50% bullish,of 2 ratings,$88
EQIX,$253.39,1440605818263,"156,106",75% bullish,of 4 ratings,$312.50
ERIC,$9.55,1440605818295,"1,326,108",67% bullish,of 9 ratings,$12.20
EQFN,NULL,1440605818349,0,100% bearish,of 1 rating,N/A
EAC,$3.16,1440605818534,"6,194",100% bearish,of 1 rating,$8
ESCA,$16.8099,1440605818663,"3,474",100% bearish,of 1 rating,$22
ESCR,$0.1599,1440605818718,"2,922",50% bullish,of 2 ratings,N/A
ESPR,$50.26,1440605818743,"248,862",70% bearish,of 10 ratings,$123
ERIE,$80.36,1440605818824,"4,378",Not yet rated,NULL,$73
ESCRP,$1.1801,1440605818877,"1,477",100% bearish,of 1 rating,N/A
ESMC,NULL,1440605818961,0,Not yet rated,NULL,N/A
ESSA,$12.73,1440605819070,"2,500",100% bearish,of 1 rating,N/A
EPIX,$5.23,1440605819202,"1,000",Not yet rated,NULL,N/A
ESSX,$0.4101,1440605819237,"9,438",50% bullish,of 2 ratings,N/A
ESND,$33,1440605819334,"25,934",100% bearish,of 2 ratings,$40
ETSY,$12.85,1440605819479,"154,102",80% bullish,of 5 ratings,$16
CLWT,$2.56,1440605819612,500,100% bearish,of 1 rating,N/A
EEFT,$62.91,1440605819840,"58,213",100% bearish,of 1 rating,$67.50
EVLV,$2.09,1440605819902,"54,933",60% bullish,of 5 ratings,$6.50
EVK,$3.55,1440605820006,"2,850",75% bearish,of 4 ratings,N/A
ESEA,$5.69,1440605820035,200,100% bullish,of 1 rating,$15
EVOL,$5.83,1440605820061,"4,664",75% bullish,of 4 ratings,$10
EVEP,$7.26,1440605820086,"140,497",50% bullish,of 2 ratings,$15
EXAS,$19.86,1440605820249,"204,316",78% bullish,of 9 ratings,$31
EVOK,$3.92,1440605820306,"41,089",100% bearish,of 1 rating,$13.375
EXAC,$17.84,1440605820350,"4,116",100% bearish,of 1 rating,$22.50
EXA,$10.72,1440605820508,"2,343",100% bearish,of 1 rating,$13
EXFO,$2.7,1440605820569,"2,300",67% bearish,of 3 ratings,$3.95
EXEL,$5.2,1440605820714,"1,148,351",81% bullish,of 16 ratings,$6
EXLS,$34.48,1440605820741,"24,648",50% bullish,of 2 ratings,$41
EXPE,$111.13,1440605820871,"443,700",64% bullish,of 11 ratings,$130
EXTR,$2.73,1440605821041,"130,225",80% bullish,of 5 ratings,$3
ESRX,$81.27,1440605821148,"872,169",67% bearish,of 6 ratings,$101
EXPO,$41.38,1440605821210,"16,952",100% bearish,of 1 rating,$45.50
EYEG,$3.69,1440605821245,"12,955",Not yet rated,NULL,N/A
EXLP,$18.05,1440605821273,"43,788",100% bearish,of 1 rating,$25
EYEGW,NULL,1440605821300,0,Not yet rated,NULL,N/A
EXPD,$48.04,1440605821346,"555,337",80% bullish,of 5 ratings,$52
EZCH,$20.66,1440605821554,"33,452",75% bullish,of 8 ratings,$19.50
EZPW,$5.85,1440605821584,"82,018",50% bullish,of 4 ratings,$7.50
FB,$84.18,1440605821760,"11,829,849",73% bullish,of 1066 ratings,$111
FFIV,$119.98,1440605821891,"247,069",63% bullish,of 8 ratings,$132
FCS,$13.02,1440605822018,"208,132",67% bearish,of 3 ratings,$17
FWM,$2.38,1440605822093,"25,464",100% bearish,of 2 ratings,$3.20
FRP,$15.32,1440605822122,"34,370",100% bearish,of 1 rating,$18
FARM,$21.2,1440605822226,"9,513",100% bearish,of 1 rating,$35
DAVE,$13.97,1440605822383,"2,362",100% bearish,of 1 rating,$15.50
FALC,$1.59,1440605822443,"21,643",63% bearish,of 8 ratings,N/A
FMNB,$7.97,1440605822522,"1,850",Not yet rated,NULL,N/A
FATE,$6.2299,1440605822574,"9,260",50% bullish,of 2 ratings,$11
FFKT,$25.83,1440605822624,"3,278",Not yet rated,NULL,$29
FARO,$37.19,1440605822650,"20,984",50% bullish,of 2 ratings,$48
FAST,$37.76,1440605822679,"670,598",80% bullish,of 5 ratings,$45.50
FBSS,$15.51,1440605822898,300,Not yet rated,NULL,N/A
FBRC,$21.9,1440605822994,"7,991",100% bearish,of 1 rating,$29
FDML,$8.29,1440605823039,"47,212",50% bullish,of 4 ratings,$14
FHCO,$1.3,1440605823293,"20,126",50% bullish,of 4 ratings,N/A
FNHC,$21.5,1440605823324,"81,309",100% bearish,of 1 rating,$35
ONEQ,$179.446,1440605823426,"11,031",100% bullish,of 1 rating,N/A
FEIC,$73.28,1440605823467,"47,871",50% bullish,of 2 ratings,$95.50
FENX,$9.45,1440605823494,"35,878",100% bullish,of 1 rating,$14.25
FDUS,$13.36,1440605823559,"30,310",50% bullish,of 2 ratings,$18
FCSC,$5.33,1440605823691,"57,077",100% bearish,of 1 rating,$8.125
LION,$18.28,1440605823723,"43,242",100% bullish,of 1 rating,$20
FGEN,$22.485,1440605823744,"79,914",100% bearish,of 1 rating,$39
FSAM,$8.27,1440605823953,"2,878",100% bearish,of 1 rating,$10.25
FRGI,$50.4438,1440605824029,"34,389",50% bullish,of 2 ratings,$70
FSCFL,$24.3799,1440605824138,"1,900",Not yet rated,NULL,N/A
FSC,$6.13,1440605824169,"326,933",60% bullish,of 5 ratings,$8
FITB,$18.75,1440605824216,"3,877,568",54% bullish,of 13 ratings,$22
FSFR,$8.6319,1440605824363,"33,595",100% bearish,of 1 rating,$11.50
FITBI,$27.3008,1440605824547,"3,845",Not yet rated,NULL,N/A
FNGN,$31.84,1440605824598,"108,051",67% bullish,of 3 ratings,$47
FNJN,$1.5701,1440605824650,"15,412",100% bearish,of 1 rating,$5
FNSR,$15.16,1440605824701,"346,403",71% bullish,of 7 ratings,$24.50
FNTCU,$10.15,1440605824731,10,Not yet rated,NULL,N/A
FNTC,NULL,1440605824754,0,Not yet rated,NULL,N/A
FISI,$24.31,1440605824804,"1,866",100% bullish,of 2 ratings,$24.50
FNTCW,NULL,1440605825109,0,Not yet rated,NULL,N/A
FNLC,$18.21,1440605825174,"3,593",100% bullish,of 1 rating,N/A
FEYE,$36.97,1440605825215,"1,208,762",87% bullish,of 15 ratings,$55.50
FBNC,$16.64,1440605825274,"1,576",100% bullish,of 1 rating,$20
FRBA,$6.05,1440605825490,"10,900",Not yet rated,NULL,$8
FCBC,$17.07,1440605825622,"3,485",Not yet rated,NULL,$18
FBIZ,$44,1440605825667,"14,181",100% bearish,of 2 ratings,$52
BUSE,$6.3,1440605825767,"11,092",Not yet rated,NULL,$6.875
FCVA,$4.6,1440605825798,845,Not yet rated,NULL,N/A
FCFS,$38.11,1440605825827,"77,268",100% bearish,of 3 ratings,$48
FCAP,$27.02,1440605825898,202,Not yet rated,NULL,N/A
FCNCA,$230.28,1440605825971,635,Not yet rated,NULL,N/A
FCCO,$11.81,1440605826035,"1,904",Not yet rated,NULL,$13.25
FCFP,$6.9,1440605826235,201,Not yet rated,NULL,N/A
FBNK,$16.63,1440605826363,"12,185",100% bearish,of 1 rating,$17.50
FCLF,NULL,1440605826405,0,Not yet rated,NULL,N/A
FFNM,NULL,1440605826462,0,Not yet rated,NULL,N/A
FDEF,$36.86,1440605826606,"9,016",Not yet rated,NULL,$38
FFBCW,NULL,1440605826740,0,100% bearish,of 1 rating,N/A
INBK,$29.93,1440605826803,"5,080",50% bullish,of 2 ratings,$37
FFIN,$29.6,1440605826910,"30,786",50% bullish,of 2 ratings,$31.75
FFBC,$17.53,1440605826939,"46,915",67% bearish,of 3 ratings,$20.25
THFF,$32.85,1440605827020,"3,216",Not yet rated,NULL,$35
FFWM,$20.74,1440605827070,"10,674",Not yet rated,NULL,$24
FFNW,$11.86,1440605827105,"14,169",Not yet rated,NULL,$14
FIBK,$25.91,1440605827169,"24,777",Not yet rated,NULL,$32
FMBH,NULL,1440605827196,0,Not yet rated,NULL,N/A
FRME,$25.23,1440605827339,"35,053",Not yet rated,NULL,$26.50
FNFG,$8.6,1440605827561,"730,465",80% bullish,of 5 ratings,$9
FNBC,$33.13,1440605827637,"8,552",Not yet rated,NULL,$40
FNWB,$11.7,1440605827782,"5,168",Not yet rated,NULL,N/A
FMBI,$16.76,1440605827832,"78,040",Not yet rated,NULL,$20
FSLR,$44.76,1440605827931,"552,826",74% bullish,of 39 ratings,$65
FSFG,NULL,1440605828035,0,Not yet rated,NULL,N/A
FSBK,$7.49,1440605828068,"3,208",100% bullish,of 1 rating,N/A
FSGI,$2.47,1440605828096,"6,072",Not yet rated,NULL,N/A
FCAN,NULL,1440605828169,0,Not yet rated,NULL,N/A
BICK,$18.78,1440605828197,300,100% bullish,of 1 rating,N/A
FBZ,$9.74,1440605828299,200,Not yet rated,NULL,N/A
FTCS,$35.1,1440605828328,"7,626",100% bearish,of 1 rating,N/A
FV,$22.38,1440605828456,"1,003,417",100% bearish,of 1 rating,N/A
FCA,$18.8088,1440605828589,460,Not yet rated,NULL,N/A
FEMB,$41.88,1440605828657,18,Not yet rated,NULL,N/A
IFV,$17.3254,1440605828719,"521,983",100% bearish,of 1 rating,N/A
FTSM,$59.9,1440605828983,"3,163",100% bearish,of 1 rating,N/A
FGM,$35.287,1440605829009,"23,726",Not yet rated,NULL,N/A
TDIV,$23.5499,1440605829030,"122,528",100% bearish,of 1 rating,N/A
FEUZ,$31.2,1440605829178,"10,810",Not yet rated,NULL,N/A
FTHI,$18.68,1440605829209,"8,700",Not yet rated,NULL,N/A
MDIV,$18.7045,1440605829283,"77,653",Not yet rated,NULL,N/A
FTGC,$21.6899,1440605829308,"14,284",Not yet rated,NULL,N/A
HYLS,$48.833,1440605829452,"10,655",100% bearish,of 1 rating,N/A
FPXI,NULL,1440605829480,0,Not yet rated,NULL,N/A
FHK,$31.92,1440605829503,"16,230",Not yet rated,NULL,N/A
SKYY,$27.7499,1440605829691,"27,881",100% bullish,of 1 rating,N/A
YDIV,NULL,1440605829743,0,Not yet rated,NULL,N/A
FJP,$46.04,1440605829901,"3,122",Not yet rated,NULL,N/A
CU,$12.051,1440605830002,"5,445",100% bearish,of 1 rating,N/A
PLTM,$6.16,1440605830029,"5,800",100% bearish,of 1 rating,N/A
FTLB,NULL,1440605830243,0,100% bearish,of 1 rating,N/A
FMB,NULL,1440605830298,0,Not yet rated,NULL,N/A
LMBS,$50.57,1440605830324,100,Not yet rated,NULL,N/A
QABA,$36.02,1440605830373,"6,072",100% bearish,of 1 rating,N/A
CIBR,$17.39,1440605830400,"35,151",Not yet rated,NULL,N/A
FONE,$33.7899,1440605830458,100,Not yet rated,NULL,N/A
GRID,NULL,1440605830663,0,100% bearish,of 1 rating,N/A
CARZ,$34.1,1440605830722,"2,240",100% bearish,of 1 rating,N/A
QCLN,$14.04,1440605830747,"15,052",Not yet rated,NULL,N/A
RDVY,$20.3204,1440605830802,"3,308",Not yet rated,NULL,N/A
QQEW,$39.7905,1440605830912,"100,676",Not yet rated,NULL,N/A
QQXT,$38.6801,1440605831014,"12,505",Not yet rated,NULL,N/A
AIRR,$15.6,1440605831298,"1,328",100% bearish,of 1 rating,N/A
QTEC,$37.96,1440605831324,"12,393",Not yet rated,NULL,N/A
FTSL,$48.5201,1440605831455,"38,396",100% bearish,of 1 rating,N/A
QINC,$19.552,1440605831589,"4,121",Not yet rated,NULL,N/A
FKO,$22.59,1440605831669,300,Not yet rated,NULL,N/A
FDIV,$46.42,1440605831695,934,100% bearish,of 1 rating,N/A
FTW,NULL,1440605831846,0,Not yet rated,NULL,N/A
FSZ,$38.763,1440605831892,"20,450",Not yet rated,NULL,N/A
TUSA,$23.8699,1440605832049,"5,138",Not yet rated,NULL,N/A
FKU,$40.72,1440605832078,"12,610",Not yet rated,NULL,N/A
FSV,$30.92,1440605832107,"1,300",Not yet rated,NULL,$33.60
FUNC,$8.13,1440605832135,200,Not yet rated,NULL,N/A
FMER,$17.2,1440605832207,"371,784",50% bullish,of 2 ratings,$20
SVVC,$9.37,1440605832293,"6,506",50% bullish,of 2 ratings,$26
FISV,$81.63,1440605832740,"522,945",100% bearish,of 3 ratings,$90
FIVE,$35.25,1440605832765,"109,413",75% bearish,of 4 ratings,$44
FPRX,$17.83,1440605832794,"115,885",50% bullish,of 2 ratings,$35
FLKS,$12.47,1440605832895,"17,041",50% bullish,of 2 ratings,$27
FLXN,$22.79,1440605832939,"30,099",100% bearish,of 1 rating,$40
FIVN,$4.0989,1440605833146,"95,200",100% bullish,of 1 rating,$8.50
FLML,$20.96,1440605833172,"35,091",50% bullish,of 2 ratings,$30
FLIR,$27.22,1440605833302,"185,491",100% bearish,of 1 rating,$38.50
SKOR,$50.2,1440605833329,100,Not yet rated,NULL,N/A
FLXS,$30.6599,1440605833398,"5,691",100% bearish,of 2 ratings,N/A
FLDM,$11.69,1440605833470,"99,085",67% bearish,of 3 ratings,$21.50
MBSD,$24.9,1440605833530,700,Not yet rated,NULL,N/A
FLEX,$10.06,1440605833558,"786,014",63% bullish,of 8 ratings,$12
FFIC,$19.54,1440605833693,"36,893",Not yet rated,NULL,$21
FOGO,$18,1440605833722,"13,653",50% bullish,of 2 ratings,$25.50
FOMX,$9.54,1440605833855,"34,687",50% bullish,of 2 ratings,$23.50
FORM,$6.09,1440605834190,"79,435",67% bullish,of 3 ratings,$10.50
FONR,$9.39,1440605834260,"22,899",100% bullish,of 1 rating,N/A
FES,$0.91,1440605834289,"17,000",50% bullish,of 2 ratings,$1
FORTY,$30.979,1440605834420,731,100% bearish,of 1 rating,N/A
FTNT,$41.24,1440605834452,"285,317",80% bullish,of 10 ratings,$52
FWRD,$45.01,1440605834474,"29,703",100% bearish,of 1 rating,$50
FBIO,$2.51,1440605834499,"32,470",83% bullish,of 6 ratings,N/A
FORR,$31.3,1440605834550,"10,585",Not yet rated,NULL,N/A
FORD,$1.57,1440605834693,"6,550,727",67% bullish,of 3 ratings,N/A
FWP,$25.28,1440605834940,"17,803",100% bearish,of 1 rating,$45
FXCB,$17.01,1440605835012,"4,128",Not yet rated,NULL,$19
FOSL,$58,1440605835037,"234,349",60% bearish,of 5 ratings,$80
FOXF,$15.11,1440605835065,"26,470",100% bearish,of 1 rating,$19
FMI,$20.56,1440605835232,"41,868",100% bearish,of 2 ratings,$27.50
FRAN,$10.75,1440605835307,"242,059",50% bullish,of 4 ratings,$15
FELE,$27.67,1440605835399,"37,811",50% bullish,of 4 ratings,$33
FRED,$12.62,1440605835534,"36,915",50% bullish,of 2 ratings,$16.50
FEIM,$10.51,1440605835618,"2,086",100% bearish,of 1 rating,N/A
FREE,$0.3429,1440605835665,"179,283",92% bullish,of 12 ratings,N/A
RAIL,$19.53,1440605835699,"22,302",100% bearish,of 1 rating,$24.50
FRPT,$12.15,1440605835805,"100,085",67% bearish,of 3 ratings,$23.50
FTRPR,$96.82,1440605835832,"42,944",100% bearish,of 1 rating,N/A
FTR,$4.81,1440605835894,"7,237,703",78% bullish,of 27 ratings,$6.25
FSBW,$22.9999,1440605836234,438,Not yet rated,NULL,N/A
FRPH,$30.52,1440605836283,939,100% bearish,of 1 rating,N/A
FTD,$28.76,1440605836330,"21,448",100% bearish,of 1 rating,$40
FULL,$3.07,1440605836361,"13,538",67% bearish,of 3 ratings,$4.25
FTEK,$2.1,1440605836417,"47,594",75% bullish,of 4 ratings,N/A
FCEL,$0.7265,1440605836460,"342,805",88% bullish,of 41 ratings,$2.65
FSYS,$6.12,1440605836560,"13,842",67% bullish,of 3 ratings,$10
FULLL,$25.15,1440605836820,272,Not yet rated,NULL,N/A
FSNN,NULL,1440605836870,0,67% bullish,of 3 ratings,$6
FXEN,$0.8001,1440605836927,"20,360",75% bullish,of 4 ratings,$1.10
FFHL,$0.883,1440605837059,"1,100",50% bullish,of 4 ratings,N/A
FLL,$1.47,1440605837090,"13,835",75% bullish,of 4 ratings,$3.50
FXENP,$15.86,1440605837140,100,100% bearish,of 1 rating,N/A
FULT,$11.7,1440605837190,"245,811",100% bearish,of 1 rating,$13
GK,$65.25,1440605837348,"21,584",Not yet rated,NULL,$78
GAIA,$5.87,1440605837492,"2,612",50% bullish,of 2 ratings,$8.50
GALTU,NULL,1440605837522,0,100% bearish,of 1 rating,N/A
WILC,$4.81,1440605837553,"4,600",100% bullish,of 2 ratings,N/A
GALT,$1.81,1440605837652,"12,030",80% bullish,of 5 ratings,N/A
GLPG,$60.79,1440605837717,"41,838",100% bullish,of 1 rating,$75
GALTW,NULL,1440605837881,0,100% bullish,of 1 rating,N/A
GLMD,$8.0215,1440605837983,"40,095",67% bullish,of 3 ratings,$20.50
GALE,$1.51,1440605838009,"711,755",89% bullish,of 47 ratings,$4
GRMN,$37.11,1440605838139,"244,016",50% bullish,of 6 ratings,$46.50
GLPI,$31.06,1440605838212,"172,437",100% bearish,of 1 rating,$37.50
GGAC,$9.85,1440605838343,189,100% bearish,of 1 rating,N/A
GPIC,$10.6,1440605838375,159,100% bearish,of 1 rating,N/A
GGACR,NULL,1440605838478,0,100% bullish,of 1 rating,N/A
GGACU,$10.02,1440605838557,872,Not yet rated,NULL,N/A
GGACW,$0.11,1440605838583,"17,010",Not yet rated,NULL,N/A
GENC,$9.49,1440605838786,220,100% bearish,of 1 rating,N/A
GARS,$14.14,1440605838829,"12,548",Not yet rated,NULL,$16
GFN,$3.476,1440605838916,"9,102",100% bearish,of 2 ratings,$8
GNCMA,$16.63,1440605838964,"44,293",100% bearish,of 1 rating,$12
GFNCP,NULL,1440605839143,0,Not yet rated,NULL,N/A
GFNSL,$25.63,1440605839207,"1,000",Not yet rated,NULL,N/A
GENE,$2.04,1440605839245,"57,103",100% bullish,of 12 ratings,N/A
GNCA,$12.01,1440605839376,"17,470",100% bearish,of 1 rating,$20
GNMK,$9.32,1440605839507,"41,261",67% bullish,of 6 ratings,$14
GHDX,$24.31,1440605839614,"32,725",50% bullish,of 2 ratings,$30
THRM,$41.48,1440605839760,"204,520",75% bearish,of 4 ratings,$55.50
GEOS,$14.15,1440605839927,"38,769",100% bearish,of 3 ratings,$21
GTWN,NULL,1440605839999,0,Not yet rated,NULL,N/A
GNTX,$15.03,1440605840024,"706,385",Not yet rated,NULL,$20
GNVC,$2.27,1440605840180,"13,308",90% bullish,of 10 ratings,$8.50
GABC,$28.87,1440605840205,"3,429",Not yet rated,NULL,$31
ROCK,$16.145,1440605840336,"21,343",80% bullish,of 5 ratings,$24
GIGM,$0.5602,1440605840362,"4,000",100% bullish,of 2 ratings,N/A
GEVO,$2.28,1440605840401,"273,623",75% bullish,of 12 ratings,$5
GERN,$2.92,1440605840503,"751,371",88% bullish,of 16 ratings,$5.25
GIGA,$1.44,1440605840768,"2,268",100% bearish,of 1 rating,N/A
GIII,$63.75,1440605840794,"38,373",67% bullish,of 3 ratings,$75
GILT,$4.22,1440605840819,656,50% bullish,of 2 ratings,N/A
GILD,$103.5,1440605841030,"3,440,333",91% bullish,of 87 ratings,$129
GLADO,$25.4,1440605841171,725,Not yet rated,NULL,N/A
GLAD,$8.1101,1440605841197,"38,815",50% bullish,of 2 ratings,$8.75
GBCI,$24.44,1440605841234,"113,743",50% bullish,of 2 ratings,$31
GOOD,$14.18,1440605841264,"48,411",Not yet rated,NULL,$19
GOODN,$25.27,1440605841388,300,Not yet rated,NULL,N/A
GOODO,$25,1440605841416,400,Not yet rated,NULL,N/A
GAINN,$25.05,1440605841608,"16,289",Not yet rated,NULL,N/A
GOODP,$25.25,1440605841766,15,Not yet rated,NULL,N/A
GAINO,$25.1301,1440605841797,"1,837",Not yet rated,NULL,N/A
GAIN,$7.25,1440605841818,"65,744",100% bullish,of 2 ratings,$8.25
LAND,$9.13,1440605841850,"7,684",50% bullish,of 2 ratings,$13.75
GAINP,$26,1440605841951,"2,644",Not yet rated,NULL,N/A
GBLI,$26.61,1440605842285,"1,699",Not yet rated,NULL,N/A
GLBZ,NULL,1440605842387,0,Not yet rated,NULL,N/A
ENT,$11,1440605842412,"36,230",100% bearish,of 1 rating,$18
GBT,$41.21,1440605842437,"90,780",100% bearish,of 1 rating,N/A
GPACU,NULL,1440605842466,0,Not yet rated,NULL,N/A
GDEF,NULL,1440605842493,0,Not yet rated,NULL,N/A
GSOL,$8.18,1440605842650,"9,417",100% bearish,of 1 rating,N/A
ACTX,NULL,1440605842793,0,100% bullish,of 1 rating,N/A
QQQC,$18.3556,1440605842962,"2,540",100% bearish,of 1 rating,N/A
SOCL,$16.64,1440605842993,"22,635",100% bullish,of 2 ratings,N/A
SRET,NULL,1440605843094,0,Not yet rated,NULL,N/A
ALTY,NULL,1440605843118,0,Not yet rated,NULL,N/A
YLCO,NULL,1440605843426,0,Not yet rated,NULL,N/A
GLUU,$4.09,1440605843464,"586,819",92% bullish,of 26 ratings,$9
GBIM,$2.11,1440605843528,"17,003",50% bullish,of 2 ratings,N/A
GSM,$12.335,1440605843629,"203,113",50% bullish,of 2 ratings,$23
GLBS,$1.0101,1440605843717,"2,500",67% bullish,of 3 ratings,N/A
GAI,$5.82,1440605843746,746,50% bullish,of 2 ratings,N/A
GLRI,$1,1440605843774,"3,900",100% bearish,of 1 rating,$4.25
GLNG,$33.93,1440605843908,"251,289",83% bullish,of 6 ratings,$58
GLYC,$6.87,1440605844043,"4,201",50% bullish,of 2 ratings,$14
GOGO,$14.94,1440605844070,"244,706",80% bullish,of 5 ratings,$25
GMLP,$17.41,1440605844294,"52,584",50% bullish,of 4 ratings,$32.50
GDEN,$9.04,1440605844470,"3,656",50% bullish,of 2 ratings,N/A
GLDC,NULL,1440605844500,0,50% bullish,of 2 ratings,N/A
GTIM,$6.21,1440605844522,"13,560",Not yet rated,NULL,$11.50
GOOG,$604.0601,1440605844559,"785,630",89% bullish,of 70 ratings,$825
GOGL,$2.555,1440605844603,"111,113",75% bullish,of 4 ratings,$5
GOOGL,$634.97,1440605844847,"776,092",88% bullish,of 1080 ratings,$749
GBDC,$16.46,1440605844901,"72,838",Not yet rated,NULL,$17.75
GPRO,$45.69,1440605845043,"2,617,731",78% bullish,of 58 ratings,$72
LOPE,$35.765,1440605845089,"43,909",100% bearish,of 2 ratings,$50
GMAN,$4.06,1440605845114,"55,819",60% bullish,of 5 ratings,$8.50
GPIAU,NULL,1440605845175,0,Not yet rated,NULL,N/A
GPIA,NULL,1440605845264,0,Not yet rated,NULL,N/A
GPIAW,NULL,1440605845351,0,Not yet rated,NULL,N/A
GBSN,$0.353,1440605845917,"5,286,052",100% bearish,of 1 rating,$8.25
GBSNU,NULL,1440605845943,0,NULL,NULL,NULL
GRVY,$3.25,1440605845973,50,50% bullish,of 2 ratings,N/A
GLDD,$5.16,1440605845995,"60,586",100% bearish,of 4 ratings,$7.75
GSBC,$38.64,1440605846023,"2,784",100% bullish,of 1 rating,$44
GNBC,$10.99,1440605846077,"3,500",100% bearish,of 1 rating,$16.50
GPRE,$17.91,1440605846262,"127,827",67% bullish,of 6 ratings,$28.50
GRBK,$12.15,1440605846296,"51,075",77% bullish,of 13 ratings,N/A
GCBC,$28.5,1440605846551,14,100% bullish,of 1 rating,N/A
GRIF,$30.75,1440605846582,300,100% bearish,of 1 rating,N/A
GPP,$12.94,1440605846608,"27,910",Not yet rated,NULL,$20.50
GRPN,$4.05,1440605846684,"2,758,179",61% bullish,of 71 ratings,$6.75
GLRE,$23.51,1440605846742,"34,518",50% bullish,of 2 ratings,$41
GRFS,$30.29,1440605846893,"35,441",50% bullish,of 2 ratings,$35
GGAL,$18.14,1440605846986,"64,018",80% bullish,of 5 ratings,$40
GSIG,$12.29,1440605847257,"32,570",100% bearish,of 2 ratings,N/A
GSIT,$4.7,1440605847284,"2,203",100% bearish,of 1 rating,N/A
OMAB,$38.25,1440605847310,"18,135",100% bullish,of 1 rating,$44
GSVC,$8.31,1440605847336,"11,391",50% bullish,of 2 ratings,$14.50
GFED,$14.775,1440605847464,300,Not yet rated,NULL,$17
GBNK,$15.36,1440605847511,"4,910",100% bearish,of 1 rating,$18
GTXI,$0.7758,1440605847566,"4,011",100% bullish,of 5 ratings,$.75
GULTU,$0.3,1440605847802,"60,500",100% bearish,of 1 rating,N/A
GURE,$1.59,1440605847827,"10,878",88% bullish,of 8 ratings,N/A
GIFI,$11.29,1440605847854,"20,434",100% bearish,of 1 rating,$16
GUID,$6.84,1440605847881,"26,595",100% bearish,of 3 ratings,$10
GPOR,$32.86,1440605848194,"382,784",75% bullish,of 4 ratings,$55
GWPH,$99.77,1440605848327,"34,537",78% bullish,of 9 ratings,$148.50
GYRO,NULL,1440605848360,0,100% bearish,of 1 rating,N/A
HNRG,$7.44,1440605848469,"63,668",100% bearish,of 1 rating,$10
GWGH,$7.41,1440605848499,"1,000",100% bearish,of 1 rating,$15.05
HALL,$11,1440605848574,"7,487",Not yet rated,NULL,N/A
HEES,$16.83,1440605848601,"122,440",67% bearish,of 3 ratings,$31
HLG,NULL,1440605848674,0,100% bearish,of 1 rating,N/A
HMPR,$1.82,1440605848867,"22,064",100% bullish,of 1 rating,N/A
HBK,$13.74,1440605848999,304,50% bullish,of 2 ratings,N/A
HALO,$16.54,1440605849153,"404,921",67% bullish,of 3 ratings,$22.50
HBHCL,$24.4001,1440605849192,"5,861",Not yet rated,NULL,N/A
HBHC,$25.6,1440605849253,"83,373",50% bullish,of 2 ratings,$30
HNH,$25.96,1440605849323,544,100% bullish,of 1 rating,N/A
HAFC,$23.58,1440605849382,"27,164",100% bullish,of 2 ratings,$28.50
HQCL,$10.673,1440605849588,"37,090",67% bullish,of 3 ratings,$14
HNSN,$0.4886,1440605849785,"18,974",88% bullish,of 8 ratings,$.40
HRMN,NULL,1440605849815,0,Not yet rated,NULL,N/A
HLIT,$5.53,1440605849841,"103,771",100% bearish,of 1 rating,$6.50
HDNG,$9.53,1440605849887,"4,589",50% bullish,of 4 ratings,N/A
HRMNU,NULL,1440605849914,0,Not yet rated,NULL,N/A
HRMNW,NULL,1440605850042,0,Not yet rated,NULL,N/A
TINY,$2.49,1440605850088,"3,450",50% bullish,of 2 ratings,$5.26
HART,$0.94,1440605850118,"51,745",100% bearish,of 1 rating,N/A
HCAP,$12.131,1440605850475,"2,964",50% bullish,of 2 ratings,$15
HBIO,$4.41,1440605850638,"21,933",Not yet rated,NULL,$10
HCAPL,$25.3,1440605850691,"2,080",Not yet rated,NULL,N/A
HCOM,$21.9,1440605850716,"2,527",100% bearish,of 1 rating,$28
HA,$22.13,1440605850766,"171,298",67% bullish,of 9 ratings,$27
HWKN,$34.82,1440605850870,"8,291",Not yet rated,NULL,N/A
HAS,$71.605,1440605850930,"360,992",63% bullish,of 8 ratings,$84.50
HWBK,NULL,1440605851006,0,100% bearish,of 1 rating,N/A
HCSG,$32.61,1440605851130,"44,439",50% bullish,of 4 ratings,$35
HAYN,$35.51,1440605851174,"15,691",100% bearish,of 1 rating,$59
HDS,$31.35,1440605851415,"947,423",100% bearish,of 2 ratings,$39.50
HQY,$28,1440605851445,"34,081",67% bullish,of 3 ratings,$31
HIIQ,$4.33,1440605851578,"3,646",50% bullish,of 2 ratings,$7
HTLD,$20.06,1440605851620,"85,965",Not yet rated,NULL,$22.50
HSTM,$24.05,1440605851645,"12,089",50% bullish,of 2 ratings,$33.75
HWAY,$11.89,1440605851834,"53,310",100% bearish,of 1 rating,$15
HTLF,$35.21,1440605851964,"6,671",100% bullish,of 1 rating,$39.50
HTWR,$80.0486,1440605852024,"45,835",50% bullish,of 2 ratings,$103
HELE,$82.03,1440605852053,"51,070",67% bearish,of 3 ratings,$100
HSII,$19.73,1440605852185,"24,187",100% bullish,of 3 ratings,$25
HMNY,$2.27,1440605852220,200,100% bearish,of 1 rating,N/A
HTBX,$5.0001,1440605852287,"14,366",50% bullish,of 2 ratings,$15.50
HMTV,$13.13,1440605852432,"16,908",100% bearish,of 1 rating,$16
HERO,NULL,1440605852512,0,NULL,NULL,NULL
HCACU,$9.9505,1440605852657,"2,000",Not yet rated,NULL,N/A
HSIC,$133.33,1440605852710,"80,010",83% bullish,of 6 ratings,$146
HNNA,$24.43,1440605852745,"4,582",Not yet rated,NULL,N/A
HTBK,$10.573,1440605852789,"6,406",Not yet rated,NULL,$12
HCCI,$10.805,1440605853007,"6,505",100% bearish,of 1 rating,$16.50
HEOP,$7.59,1440605853036,"1,992",Not yet rated,NULL,$8.50
HFWA,$17.29,1440605853056,"6,246",100% bullish,of 1 rating,$20
MLHR,$26.58,1440605853426,"66,403",50% bullish,of 2 ratings,$33.50
HFFC,$15.85,1440605853468,"2,540",Not yet rated,NULL,N/A
HRTX,$32.86,1440605853497,"108,130",67% bullish,of 6 ratings,$41
HIBB,$37.72,1440605853524,"175,939",100% bearish,of 1 rating,$46.50
HSKA,$32.65,1440605853567,"6,236",100% bearish,of 1 rating,$38
HPJ,$2.1797,1440605853661,"16,199",75% bullish,of 4 ratings,$12.43
HIHO,$3.75,1440605853849,"9,631",Not yet rated,NULL,N/A
HIFS,$115.79,1440605853989,882,Not yet rated,NULL,N/A
HIMX,$6.38,1440605854028,"366,427",86% bullish,of 21 ratings,$8.50
HMNF,$11.14,1440605854129,477,Not yet rated,NULL,N/A
HOLI,$16.92,1440605854229,"105,274",50% bullish,of 4 ratings,$27
HSGX,$6.03,1440605854313,"1,200",100% bearish,of 1 rating,$17
HBCP,$24.35,1440605854399,"2,047",Not yet rated,NULL,$29
HMSY,$9.7701,1440605854456,"419,568",67% bullish,of 3 ratings,$19.35
HFBL,$21.54,1440605854645,200,Not yet rated,NULL,N/A
HOMB,$36.92,1440605854676,"67,110",Not yet rated,NULL,$42
AWAY,$27.11,1440605854705,"172,508",67% bullish,of 3 ratings,$36
HOLX,$37.79,1440605854731,"700,771",67% bullish,of 3 ratings,$42
HMIN,$26.43,1440605854877,"54,392",100% bearish,of 2 ratings,$35
HMST,$21.55,1440605854908,"42,027",100% bullish,of 2 ratings,$27
HTBI,$17.81,1440605855083,"10,266",67% bullish,of 3 ratings,$18.625
HKTV,$4.43,1440605855142,"23,145",100% bearish,of 1 rating,N/A
HZNP,$28.24,1440605855358,"487,584",85% bullish,of 20 ratings,$40
CETC,$0.7099,1440605855384,"26,202",86% bullish,of 7 ratings,N/A
HOFT,$22.9992,1440605855409,"9,517",100% bearish,of 1 rating,N/A
HFBC,$10.92,1440605855617,"3,500",Not yet rated,NULL,N/A
HBNC,$22.68,1440605855652,"8,078",100% bullish,of 1 rating,$27
HWCC,$7.21,1440605855753,"14,809",100% bearish,of 1 rating,$9
HMHC,$21.83,1440605855782,"600,383",Not yet rated,NULL,$27
HRZN,$10.04,1440605855812,"29,015",50% bullish,of 2 ratings,$14.25
HDP,$22.95,1440605855914,"130,592",67% bearish,of 3 ratings,$30.50
ZINC,$7.035,1440605855946,"146,358",100% bearish,of 1 rating,$17
HOVNP,$3.88,1440605855967,"1,100",100% bearish,of 1 rating,N/A
HSNI,$60.1,1440605856138,"62,532",Not yet rated,NULL,$80
HBMD,NULL,1440605856397,0,100% bearish,of 1 rating,N/A
HSON,$2.59,1440605856533,"1,303",100% bearish,of 1 rating,$5
HUBG,$37.06,1440605856560,"21,180",100% bearish,of 1 rating,$43
HTGM,$5.615,1440605856581,"3,811",100% bearish,of 1 rating,$19.50
HCBK,$8.94,1440605856709,"641,260",83% bullish,of 6 ratings,$8.61
HBANP,$1330,1440605856816,15,100% bearish,of 1 rating,N/A
HDSN,$3.04,1440605856837,"4,489",100% bullish,of 1 rating,$6.25
HBAN,$10.33,1440605856919,"2,578,328",76% bullish,of 17 ratings,$12.29
HTCH,$1.41,1440605856988,"41,608",100% bearish,of 1 rating,$3.50
HBP,$3.06,1440605857088,"6,673",100% bullish,of 1 rating,N/A
HURC,$28.7,1440605857119,"2,700",100% bearish,of 1 rating,N/A
HURN,$71.76,1440605857219,"63,022",50% bullish,of 2 ratings,$80
HDRAU,NULL,1440605857248,0,Not yet rated,NULL,N/A
HDRAR,NULL,1440605857386,0,Not yet rated,NULL,N/A
HDRA,NULL,1440605857444,0,Not yet rated,NULL,N/A
HDRAW,NULL,1440605857626,0,Not yet rated,NULL,N/A
IDSY,$3.7001,1440605857651,"75,349",100% bearish,of 1 rating,$7
IACI,$67.62,1440605857929,"211,400",75% bullish,of 4 ratings,$90
HYGS,$7.75,1440605857961,"12,445",50% bullish,of 2 ratings,$13
ICLR,$77.21,1440605858060,"162,581",100% bearish,of 3 ratings,$85
IBKC,$57.51,1440605858086,"62,608",100% bullish,of 1 rating,$70
IKGH,$1.5084,1440605858117,"8,072",75% bullish,of 4 ratings,N/A
IEP,$68.07,1440605858216,"28,647",75% bullish,of 4 ratings,$99
ICAD,$3.36,1440605858300,"64,530",50% bullish,of 2 ratings,$7.25
ICFI,$34.15,1440605858347,"12,606",50% bullish,of 2 ratings,$48.50
ICUI,$111.07,1440605858556,"14,792",Not yet rated,NULL,$122
ICON,$12.46,1440605858806,"297,177",50% bullish,of 2 ratings,$18.50
IDRA,$2.625,1440605858912,"416,621",89% bullish,of 9 ratings,$6.50
IPWR,$7.22,1440605858957,"7,189",100% bullish,of 1 rating,$15
INVE,$4.2144,1440605859054,"12,838",75% bullish,of 4 ratings,$4
DSKY,$10.595,1440605859195,"51,600",67% bullish,of 6 ratings,$11.50
IDXX,$70.34,1440605859223,"105,493",100% bearish,of 1 rating,$77
IRG,$4.3999,1440605859269,"14,605",100% bearish,of 1 rating,$4.50
IROQ,$16.761,1440605859329,"1,050",100% bullish,of 1 rating,N/A
RXDX,$12.475,1440605859583,"33,273",100% bullish,of 1 rating,$20
IKAN,$2.72,1440605859613,"19,388",83% bullish,of 6 ratings,$5
ISNS,$3.9625,1440605859684,"6,275",50% bullish,of 2 ratings,N/A
ILMN,$191.645,1440605859744,"871,588",80% bullish,of 5 ratings,$240
IIVI,$16.93,1440605859815,"55,334",100% bearish,of 1 rating,$22
KANG,$14.87,1440605859887,"168,628",50% bullish,of 2 ratings,$22.55
IKNX,$11.95,1440605860021,100,100% bearish,of 1 rating,N/A
ICCC,$7.66,1440605860153,"7,043",100% bullish,of 1 rating,N/A
IMMR,$11.46,1440605860221,"21,028",80% bullish,of 5 ratings,$15.50
IMDZ,$14.93,1440605860376,"45,702",100% bearish,of 1 rating,$33
IMMY,$7.32,1440605860591,"6,602",100% bearish,of 1 rating,$11
IMMU,$1.85,1440605860618,"192,698",86% bullish,of 7 ratings,$2
IMGN,$13.23,1440605860646,"298,050",75% bullish,of 4 ratings,$17.50
IMNP,$1.13,1440605860755,"74,326",50% bullish,of 2 ratings,$6
IPXL,$42.14,1440605860798,"130,199",67% bullish,of 3 ratings,$46.50
INCR,$41.28,1440605860880,"51,753",50% bullish,of 2 ratings,$53
INCY,$102.74,1440605860925,"266,607",50% bullish,of 6 ratings,$125.50
SAAS,$7.31,1440605860987,"100,954",50% bullish,of 2 ratings,$15
INDB,$43.58,1440605861014,"11,457",Not yet rated,NULL,$44
IBTX,$38.425,1440605861337,"11,160",100% bullish,of 2 ratings,$47.25
IBCP,$13.91,1440605861363,"25,460",100% bullish,of 1 rating,$14.50
IDSA,$3.35,1440605861388,"5,156",Not yet rated,NULL,N/A
INFN,$20.6,1440605861554,"1,089,163",71% bullish,of 7 ratings,$28
IPCC,$77.2,1440605861658,"4,656",Not yet rated,NULL,$77.50
INFI,$8.675,1440605861791,"165,671",50% bullish,of 4 ratings,$18
III,$3.95,1440605861821,"3,702",57% bullish,of 7 ratings,$6
IFON,$1.217,1440605861842,"6,020",75% bullish,of 4 ratings,N/A
IMKTA,$50.2,1440605861871,"23,225",100% bearish,of 1 rating,N/A
INNL,$13,1440605861929,"1,240",100% bearish,of 1 rating,$16.50
INWK,$6.81,1440605862006,"25,097",50% bullish,of 2 ratings,$10
IPHS,$45.56,1440605862085,"22,149",100% bearish,of 1 rating,$60
INOD,$2.38,1440605862475,"1,525",100% bearish,of 1 rating,N/A
ISSC,$2.73,1440605862501,"2,038",67% bearish,of 3 ratings,N/A
IOSP,$47.265,1440605862646,"97,308",100% bearish,of 1 rating,N/A
INGN,$45.485,1440605862776,"47,110",100% bearish,of 1 rating,$50.50
INO,$6.56,1440605862990,"296,603",89% bullish,of 18 ratings,$20
NSIT,$25.17,1440605863017,"57,409",50% bullish,of 2 ratings,N/A
INOV,$20.3,1440605863048,"153,571",100% bearish,of 1 rating,$33
ISIG,$2.6,1440605863153,"4,000",100% bearish,of 1 rating,N/A
INSM,$22.81,1440605863212,"101,914",71% bullish,of 7 ratings,$31.50
PODD,$28.4,1440605863280,"91,636",67% bearish,of 3 ratings,$35
ITEK,$11.33,1440605863344,"252,369",100% bearish,of 3 ratings,$20
INSY,$31.61,1440605863376,"131,671",75% bullish,of 4 ratings,$48
IIIN,$17.31,1440605863447,"23,963",100% bearish,of 2 ratings,N/A
IART,$57.96,1440605863662,"105,382",100% bearish,of 1 rating,$71.50
NTEC,$5.5,1440605863758,"11,800",100% bearish,of 1 rating,N/A
IESC,$7.25,1440605863830,"1,293",100% bearish,of 1 rating,N/A
IDTI,$17.23,1440605863961,"532,322",60% bullish,of 5 ratings,$25
ISSI,$21.91,1440605864214,"84,488",67% bullish,of 3 ratings,$19.75
INTC,$26.58,1440605864240,"10,844,478",82% bullish,of 238 ratings,$36
IPAR,$25.13,1440605864273,"12,979",67% bullish,of 3 ratings,$38
ICPT,$175.494,1440605864372,"92,992",70% bullish,of 10 ratings,$359.50
IQNT,$17.71,1440605864398,"50,337",86% bullish,of 7 ratings,$20
IBKR,$36.88,1440605864473,"150,648",100% bullish,of 1 rating,N/A
ICLD,$1.791,1440605864528,"75,467",75% bullish,of 4 ratings,N/A
IPCI,$2.13,1440605864560,"38,890",67% bullish,of 6 ratings,$8
IDCC,$47.35,1440605864781,"57,270",80% bullish,of 5 ratings,$63
ICLDW,NULL,1440605864886,0,100% bearish,of 1 rating,N/A
ININ,$34.83,1440605864931,"16,455",67% bearish,of 3 ratings,$57
TILE,$23.43,1440605865031,"167,472",100% bearish,of 3 ratings,$27
ISCA,$30.37,1440605865233,"36,476",100% bearish,of 1 rating,N/A
INAP,$7.805,1440605865335,"51,627",75% bullish,of 4 ratings,$11
IGLD,$6.9701,1440605865412,"3,215",50% bullish,of 2 ratings,N/A
IMI,$2,1440605865437,"100,035",67% bullish,of 3 ratings,$2.22
PTNT,$2.75,1440605865507,"10,202",Not yet rated,NULL,N/A
IBOC,$24.19,1440605865535,"26,565",100% bearish,of 1 rating,N/A
IIJI,$10.13,1440605865595,100,50% bullish,of 2 ratings,$11.50
INPH,$0.29,1440605865786,"12,900",50% bullish,of 2 ratings,N/A
XENT,$25.08,1440605865933,"30,533",50% bullish,of 2 ratings,$36.50
INTX,$2.06,1440605866075,"125,418",67% bullish,of 3 ratings,N/A
IILG,$19.33,1440605866102,"40,774",100% bearish,of 1 rating,$29
ISIL,$10.01,1440605866123,"169,197",50% bullish,of 6 ratings,$15
INTL,$25.84,1440605866339,"24,169",67% bearish,of 3 ratings,N/A
IVAC,$4.66,1440605866507,"7,611",100% bearish,of 1 rating,$6.625
INTU,$82.16,1440605866543,"1,006,646",86% bullish,of 7 ratings,$107.50
ITCI,$24.895,1440605866573,"254,178",75% bearish,of 4 ratings,$40
ISRG,$498.08,1440605866705,"41,444",67% bullish,of 3 ratings,$600
IIN,$6.02,1440605866735,100,100% bearish,of 1 rating,$12
INTLL,$25.78,1440605866758,"1,350",Not yet rated,NULL,N/A
INVT,$0.2621,1440605866791,"17,302",67% bullish,of 3 ratings,N/A
SNAK,$8.31,1440605866974,"68,067",50% bullish,of 2 ratings,$14
ISTR,$15.75,1440605867228,502,100% bearish,of 1 rating,$18.50
ISBC,$11.325,1440605867260,"557,794",100% bullish,of 1 rating,$13.25
NVIV,$9.4,1440605867286,"81,121",50% bullish,of 4 ratings,$24.50
ITIC,$71,1440605867310,600,100% bearish,of 2 ratings,N/A
IVTY,$12.59,1440605867529,"5,054",Not yet rated,NULL,$18
DTUL,NULL,1440605867633,0,Not yet rated,NULL,N/A
IPAS,$1.0501,1440605867658,"1,684",67% bullish,of 3 ratings,N/A
IPCM,$79.08,1440605867691,"50,233",50% bullish,of 2 ratings,$80.125
IRIX,$6.7,1440605867791,"26,511",100% bearish,of 1 rating,N/A
IRMD,$24.8376,1440605867824,"2,261",67% bearish,of 3 ratings,$25
DFVL,NULL,1440605867922,0,Not yet rated,NULL,N/A
IPGP,$83.26,1440605867953,"80,913",100% bearish,of 2 ratings,$109.50
IRDMB,$271.4,1440605868088,606,67% bearish,of 3 ratings,N/A
IRDM,$6.815,1440605868159,"142,852",60% bullish,of 5 ratings,$11.50
IRWD,$10.7,1440605868257,"190,779",100% bearish,of 1 rating,$13
IRBT,$28.035,1440605868282,"85,168",67% bullish,of 6 ratings,$37
IFAS,NULL,1440605868601,0,NULL,NULL,NULL
IFEU,$37.57,1440605868666,"6,600",Not yet rated,NULL,N/A
GNMA,$50.2185,1440605868696,"2,475",Not yet rated,NULL,N/A
FCHI,NULL,1440605868729,0,NULL,NULL,NULL
COMT,$31.1591,1440605868757,"2,636",100% bearish,of 1 rating,N/A
IRCP,NULL,1440605868793,0,100% bullish,of 2 ratings,N/A
IFGL,$27.8696,1440605868859,"17,294",Not yet rated,NULL,N/A
IFNA,NULL,1440605868990,0,NULL,NULL,NULL
ACWI,$53.96,1440605869065,"688,552",Not yet rated,NULL,N/A
ACWX,$39.66,1440605869174,"542,726",100% bearish,of 1 rating,N/A
AAIT,NULL,1440605869199,0,NULL,NULL,NULL
AAXJ,$51.29,1440605869280,"691,047",Not yet rated,NULL,N/A
EMDI,NULL,1440605869438,0,NULL,NULL,NULL
AXJS,NULL,1440605869528,0,NULL,NULL,NULL
EEMA,$48.35,1440605869625,"4,877",Not yet rated,NULL,N/A
EGRW,NULL,1440605869650,0,NULL,NULL,NULL
EEME,NULL,1440605869805,0,NULL,NULL,NULL
EMEY,NULL,1440605869830,0,NULL,NULL,NULL
EVAL,NULL,1440605869849,0,NULL,NULL,NULL
EEML,$26.42,1440605869876,"1,886",Not yet rated,NULL,N/A
IEUS,$44.6301,1440605870058,"2,953",100% bearish,of 1 rating,N/A
EUFN,$21.46,1440605870223,"215,548",100% bearish,of 1 rating,N/A
UAE,$16.815,1440605870320,300,Not yet rated,NULL,N/A
IBB,$329,1440605870346,"419,536",63% bullish,of 8 ratings,N/A
SOXX,$77.62,1440605870426,"237,545",50% bullish,of 2 ratings,N/A
ICLN,$9.0579,1440605870530,"8,934",50% bullish,of 2 ratings,N/A
QAT,$20.285,1440605870567,688,Not yet rated,NULL,N/A
EMIF,$27.26,1440605870658,"28,346",Not yet rated,NULL,N/A
WOOD,$46.496,1440605870875,"3,454",50% bullish,of 2 ratings,N/A
INDY,$26.81,1440605871090,"57,929",50% bullish,of 2 ratings,N/A
ITRI,$29.94,1440605871129,"94,186",Not yet rated,NULL,$37
ISHG,$80.566,1440605871220,"22,767",100% bearish,of 1 rating,N/A
ISIS,$47.19,1440605871246,"604,070",53% bullish,of 15 ratings,$67
IGOV,$92.125,1440605871267,"25,136",100% bearish,of 1 rating,N/A
ISRL,$125,1440605871298,115,100% bearish,of 1 rating,N/A
ISLE,$16.28,1440605871428,"76,541",50% bullish,of 4 ratings,$16
ITRN,$23.58,1440605871566,"1,286",50% bullish,of 2 ratings,N/A
ITUS,NULL,1440605871599,0,Not yet rated,NULL,N/A
IXYS,$10.29,1440605871835,"29,026",50% bullish,of 4 ratings,N/A
XXIA,$14.83,1440605872027,"72,423",71% bullish,of 7 ratings,$14.625
JBHT,$72.23,1440605872057,"241,584",50% bullish,of 4 ratings,$89.50
JJSF,$112.03,1440605872083,"16,755",100% bearish,of 1 rating,N/A
MAYS,NULL,1440605872104,0,Not yet rated,NULL,N/A
JASO,$7.39,1440605872133,"332,440",82% bullish,of 17 ratings,$10
JCOM,$65.87,1440605872266,"43,550",100% bullish,of 2 ratings,$77
JKHY,$67.61,1440605872475,"279,105",50% bullish,of 2 ratings,$72
JAXB,$12.25,1440605872605,"50,100",100% bullish,of 1 rating,N/A
JACK,$78.28,1440605872630,"96,158",83% bullish,of 6 ratings,$105
JAGX,$3.0371,1440605872678,"1,400",Not yet rated,NULL,N/A
JMBA,$13.31,1440605872893,"51,985",75% bullish,of 4 ratings,$18
JXSB,$23.95,1440605872938,400,Not yet rated,NULL,N/A
JAKK,$9.105,1440605873033,"155,873",60% bearish,of 5 ratings,$11
JASN,$4.75,1440605873275,"8,229",50% bullish,of 2 ratings,$9.50
JASNW,NULL,1440605873302,0,50% bullish,of 2 ratings,N/A
JAZZ,$160.74,1440605873327,"108,880",80% bullish,of 15 ratings,$206.50
JRVR,$26.15,1440605873357,"18,842",Not yet rated,NULL,$32
ERW,NULL,1440605873458,0,Not yet rated,NULL,N/A
JBLU,$21.5,1440605873815,"2,036,772",94% bullish,of 18 ratings,$27
JD,$25.09,1440605873847,"3,015,752",75% bullish,of 16 ratings,$36
JST,$3.71,1440605873889,"16,798",75% bullish,of 4 ratings,N/A
JCTCF,$9.5,1440605874025,100,100% bullish,of 1 rating,N/A
JTPY,$2.92,1440605874090,920,100% bearish,of 1 rating,N/A
DATE,$5.7,1440605874231,"74,957",75% bullish,of 4 ratings,$9
JIVE,$4.26,1440605874330,"193,367",75% bullish,of 4 ratings,$5
WYIGU,$10.01,1440605874374,"64,843",Not yet rated,NULL,N/A
JOEZ,$0.1801,1440605874551,"118,987",92% bullish,of 12 ratings,N/A
JNP,$9.34,1440605874577,"8,915",100% bullish,of 3 ratings,$15
JBSS,$51.37,1440605874598,"16,634",67% bearish,of 3 ratings,N/A
JOUT,$22.605,1440605874633,"5,487",100% bearish,of 1 rating,$34
KTWO,$20.87,1440605874918,"29,769",100% bearish,of 1 rating,$28.50
KALU,$78.55,1440605874944,"26,782",67% bearish,of 3 ratings,$91
JUNO,$35.19,1440605875075,"397,987",73% bullish,of 11 ratings,$71.50
KBIO,$1.91,1440605875242,"17,246",50% bullish,of 4 ratings,N/A
KCLI,$45.9992,1440605875389,"4,645",Not yet rated,NULL,N/A
KNDI,$5.92,1440605875492,"104,612",86% bullish,of 22 ratings,N/A
KMDA,$3.27,1440605875543,900,50% bullish,of 2 ratings,$8
KPTI,$12.91,1440605875586,"68,826",67% bearish,of 3 ratings,$39
KBSF,NULL,1440605875686,0,100% bullish,of 1 rating,N/A
KCAP,$4.45,1440605875825,"55,356",75% bullish,of 4 ratings,$6
KRNY,$11.19,1440605875927,"321,426",100% bearish,of 1 rating,$12
KELYB,NULL,1440605875985,0,50% bullish,of 2 ratings,N/A
KELYA,$13.555,1440605876116,"50,211",67% bullish,of 6 ratings,$20
KMPH,$19.2,1440605876184,"13,134",100% bearish,of 2 ratings,$22
KFFB,NULL,1440605876362,0,100% bearish,of 1 rating,N/A
KERX,$5.64,1440605876419,"227,310",82% bullish,of 11 ratings,$12
KEQU,$16.93,1440605876464,200,100% bullish,of 1 rating,N/A
GMCR,$51,1440605876611,"825,801",71% bullish,of 42 ratings,$64
KTEC,$11.99,1440605876755,40,Not yet rated,NULL,N/A
