Symbol,Price,Date,Volume,Rating,RatingVoteCount,OneYearEstimate
FCTY,NULL,1440774902762,0,100% bullish,of 1 rating,$8.50
TFSCW,NULL,1440774902787,0,100% bearish,of 1 rating,N/A
TFSCR,NULL,1440774902823,0,Not yet rated,NULL,N/A
FCCY,NULL,1440774902960,0,100% bullish,of 1 rating,$13
FLWS,$8.56,1440774903032,"147,277",80% bullish,of 5 ratings,$15
TFSCU,NULL,1440774903090,0,Not yet rated,NULL,N/A
DSLV,$70.2699,1440774903222,"5,331",100% bearish,of 1 rating,N/A
VNET,$17.86,1440774903280,"184,445",60% bullish,of 5 ratings,$35
UGLD,$9.33,1440774903304,"213,533",100% bearish,of 1 rating,N/A
USLV,$12.22,1440774903435,"175,373",86% bullish,of 7 ratings,N/A
JOBS,$27.16,1440774903499,"14,014",50% bullish,of 4 ratings,$36
TFSC,NULL,1440774903583,0,100% bearish,of 1 rating,N/A
TWOU,$34.95,1440774903635,"28,261",50% bullish,of 2 ratings,$39
PIH,$7.66,1440774903740,"2,500",100% bearish,of 1 rating,N/A
SRCE,$29.26,1440774903786,"9,136",100% bullish,of 3 ratings,$33
DGLD,$80.7928,1440774903919,"13,736",100% bullish,of 1 rating,N/A
EGHT,$8,1440774904318,"63,536",82% bullish,of 17 ratings,$11
ABGB,$5.7699,1440774904423,"14,164",67% bullish,of 3 ratings,$5.50
SHLM,$34.3,1440774904450,"11,658",100% bearish,of 1 rating,$47
ABY,$22.76,1440774904662,"138,408",100% bearish,of 2 ratings,$46
AVHI,$13.83,1440774904726,"6,841",100% bearish,of 1 rating,$19
CAFD,$14.44,1440774904756,"24,608",Not yet rated,NULL,$25
AXAS,$1.93,1440774904789,"381,118",78% bullish,of 9 ratings,$3.50
ABMD,$96.88,1440774904859,"98,337",75% bullish,of 4 ratings,$100.50
ACTG,$9.54,1440774904888,"58,332",67% bullish,of 3 ratings,$18.50
ABEO,$4.73,1440774904940,"11,618",50% bullish,of 4 ratings,$15.50
SIXD,$2.609,1440774904988,"43,432",Not yet rated,NULL,N/A
ABAX,$47.112,1440774905041,"28,985",100% bearish,of 1 rating,$60
ACHC,$74.2,1440774905141,"97,804",50% bullish,of 2 ratings,$92
AAON,$20.59,1440774905286,"22,044",100% bearish,of 1 rating,$24
ACAD,$37.9764,1440774905521,"114,373",80% bullish,of 20 ratings,$48
XLRN,$29.23,1440774905725,"31,891",50% bullish,of 2 ratings,$57
AXDX,$18.38,1440774905813,"20,389",100% bearish,of 1 rating,N/A
ABEOW,$1.86,1440774905857,"1,861",100% bullish,of 1 rating,N/A
ACST,$0.355,1440774905910,"1,156",100% bullish,of 2 ratings,N/A
ACRX,$4.345,1440774905936,"101,625",67% bearish,of 6 ratings,$5.50
ARAY,$6.81,1440774906072,"145,611",100% bearish,of 1 rating,$10.50
ANCX,$19.56,1440774906098,"12,573",Not yet rated,NULL,$20
VXDN,$1.9011,1440774906119,"7,900",100% bearish,of 1 rating,N/A
VXUP,$1.58,1440774906150,"25,127",100% bearish,of 1 rating,N/A
ACHN,$7.605,1440774906397,"393,797",90% bullish,of 21 ratings,$16
ACET,$22.71,1440774906484,"20,182",75% bullish,of 4 ratings,$30
AKAO,$6.73,1440774906511,"4,673",75% bullish,of 4 ratings,$15
ACNB,$19.81,1440774906532,820,Not yet rated,NULL,N/A
ACIW,$21.26,1440774906668,"89,086",67% bearish,of 3 ratings,$24
ACOR,$32.475,1440774906698,"230,642",67% bearish,of 3 ratings,$38.50
ACTS,$1.62,1440774906799,"3,150",100% bearish,of 1 rating,N/A
ACUR,$2.9599,1440774906889,"15,653",100% bullish,of 5 ratings,$1
ACTA,$13.73,1440774906929,"39,078",67% bearish,of 3 ratings,$25
ACXM,$20.9,1440774906955,"58,018",67% bullish,of 3 ratings,N/A
ACPW,$1.82,1440774907169,"9,970",100% bullish,of 4 ratings,$3.50
ATVI,$29.45,1440774907220,"15,072,138",68% bullish,of 84 ratings,$31.50
ADMP,$3.7999,1440774907386,"3,710",50% bullish,of 2 ratings,$10
ADMS,$20.03,1440774907411,"10,619",100% bearish,of 2 ratings,$36
ADEP,$6.93,1440774907460,"4,632",50% bullish,of 2 ratings,$10.75
ADAP,$11.59,1440774907485,"10,624",67% bullish,of 3 ratings,$22
ADUS,$28.71,1440774907556,"8,607",100% bearish,of 1 rating,$31
AEY,$2.3702,1440774907713,"2,753",100% bearish,of 2 ratings,N/A
AEIS,$24.55,1440774907783,"22,449",50% bullish,of 2 ratings,$32.50
ADBE,$78.9899,1440774907816,"455,724",65% bullish,of 17 ratings,$90
ADMA,$9.3399,1440774907918,"6,808",Not yet rated,NULL,$19
ADTN,$15.74,1440774908053,"65,341",67% bullish,of 3 ratings,$17.125
ADXSW,$10.75,1440774908079,"1,150",100% bullish,of 1 rating,N/A
ADRO,$21.53,1440774908100,"27,671",80% bullish,of 5 ratings,$45.50
AMD,$1.835,1440774908233,"1,976,418",83% bullish,of 103 ratings,$2
ADXS,$15.02,1440774908288,"194,430",64% bullish,of 14 ratings,$27
MULT,NULL,1440774908419,0,100% bearish,of 1 rating,N/A
AEGR,$17.58,1440774908475,"79,633",50% bullish,of 6 ratings,$26
YPRO,$22.91,1440774908548,1,100% bearish,of 1 rating,N/A
AEPI,$53.77,1440774908575,"1,631",100% bearish,of 1 rating,N/A
AEGN,$18.32,1440774908634,"19,593",100% bearish,of 2 ratings,$21
AMTX,$2.95,1440774908706,"9,650",50% bullish,of 2 ratings,$26.11
AEHR,$2.407,1440774908763,200,50% bullish,of 2 ratings,N/A
AFMD,$10.24,1440774908901,"26,174",50% bullish,of 4 ratings,$15
AVAV,$24.0949,1440774908927,"17,017",50% bullish,of 4 ratings,$31
AEMD,$7.0084,1440774908987,"30,585",Not yet rated,NULL,$27.50
AEZS,$0.0884,1440774909056,"4,785,650",90% bullish,of 21 ratings,$1.50
AERI,$16.84,1440774909081,"146,370",75% bullish,of 4 ratings,$31.50
AFFX,$9.49,1440774909222,"60,571",80% bullish,of 5 ratings,$12.50
AGYS,$9.79,1440774909267,"4,288",100% bearish,of 1 rating,N/A
AGEN,$7.1,1440774909296,"188,474",85% bullish,of 13 ratings,$14
AGRX,$8.55,1440774909366,"9,906",100% bearish,of 1 rating,$17.50
AGFSW,$2.19,1440774909495,100,100% bearish,of 2 ratings,N/A
AGFS,$10.21,1440774909529,"23,941",100% bearish,of 1 rating,N/A
AIRM,$37.24,1440774909586,"32,034",80% bearish,of 5 ratings,$53
AGIO,$90.69,1440774909611,"38,507",88% bullish,of 8 ratings,$114
AIMT,$21.45,1440774909787,"112,663",Not yet rated,NULL,N/A
AIRT,$21.67,1440774909863,100,100% bullish,of 1 rating,N/A
AKER,$2.64,1440774909968,"1,300",Not yet rated,NULL,N/A
ATSG,$8.88,1440774910047,"29,899",67% bullish,of 3 ratings,$13
AKAM,$71.412,1440774910074,"252,097",63% bullish,of 8 ratings,$77
AMCN,$4.58,1440774910099,"35,741",83% bullish,of 6 ratings,N/A
AIXG,$6.38,1440774910124,"19,649",67% bearish,of 3 ratings,$5.25
AKBA,$6.78,1440774910255,"30,806",100% bearish,of 1 rating,$18
AKRX,$41.5,1440774910303,"72,650",78% bullish,of 9 ratings,$56
ALSK,$2.05,1440774910398,"5,745",78% bullish,of 18 ratings,$2
ALRM,$16.68,1440774910446,"67,507",100% bearish,of 1 rating,$22
ALDX,$7,1440774910576,"6,837",100% bearish,of 1 rating,$14.50
AMRI,$20.18,1440774910612,"32,497",75% bearish,of 4 ratings,$24
ALDR,$38.67,1440774910654,"48,904",67% bearish,of 3 ratings,$62
ADHD,$8.11,1440774910679,"58,079",50% bullish,of 4 ratings,$18
ABDC,$12.33,1440774910711,"5,153",Not yet rated,NULL,$15
ALXN,$178.26,1440774910892,"206,241",88% bullish,of 8 ratings,$223
ALXA,$1.16,1440774911060,"1,900",83% bullish,of 6 ratings,$2.125
ALIM,$3.4401,1440774911116,"13,664",80% bullish,of 5 ratings,$10
ALLB,$22.6,1440774911191,23,Not yet rated,NULL,N/A
ALKS,$61.4,1440774911217,"84,026",67% bullish,of 3 ratings,$75
ALCO,$42.17,1440774911246,"2,040",50% bullish,of 2 ratings,N/A
ALGN,$57.09,1440774911345,"51,814",100% bearish,of 2 ratings,$73
ALGT,$210.75,1440774911373,"24,579",100% bearish,of 2 ratings,$235
AFOP,$18.86,1440774911445,"22,692",75% bullish,of 8 ratings,$21
AHPI,$1.5,1440774911472,1,50% bullish,of 2 ratings,N/A
AIQ,$13.62,1440774911544,"1,925",67% bullish,of 3 ratings,N/A
ARLP,$25.2399,1440774911646,"55,202",67% bearish,of 3 ratings,$32
ALQA,$4.3,1440774911721,"6,664",75% bullish,of 4 ratings,$8.50
AHGP,$36.25,1440774911751,"42,458",67% bullish,of 3 ratings,N/A
AMOT,$18.35,1440774911800,"16,307",100% bearish,of 1 rating,N/A
ALLT,$5.225,1440774911896,"63,718",75% bullish,of 4 ratings,$6.25
AFAM,$45,1440774912152,"7,152",50% bullish,of 2 ratings,$44
ALNY,$105.97,1440774912195,"68,393",67% bullish,of 3 ratings,$148.50
MDRX,$13.71,1440774912295,"195,599",60% bullish,of 5 ratings,$16
AOSL,$7.42,1440774912321,"18,937",67% bullish,of 3 ratings,$9
ASPS,$26.34,1440774912463,"52,577",67% bullish,of 3 ratings,$46.50
ATEC,$0.56,1440774912492,"4,800",100% bullish,of 1 rating,$2
ALTR,$48.605,1440774912519,"237,229",80% bearish,of 5 ratings,$54
AMAG,$65.7,1440774912540,"72,419",100% bullish,of 2 ratings,$77.50
SMCP,NULL,1440774912568,0,Not yet rated,NULL,N/A
AMRN,$2.15,1440774912778,"215,787",85% bullish,of 39 ratings,$8
AMRK,$10,1440774912883,450,50% bullish,of 2 ratings,$14
AIMC,$24.8,1440774912957,"34,486",100% bearish,of 2 ratings,$28.50
AMBC,$15.68,1440774913064,"36,217",100% bearish,of 1 rating,$16.50
AMZN,$516.2,1440774913108,"454,482",81% bullish,of 264 ratings,$646
AMBCW,NULL,1440774913145,0,100% bearish,of 1 rating,N/A
AYA,$20.7,1440774913195,"3,234",100% bearish,of 1 rating,$40
EPAX,$2.68,1440774913338,"71,947",100% bearish,of 1 rating,N/A
DOX,$57.58,1440774913417,"53,262",67% bearish,of 3 ratings,$60
AMBA,$94.9724,1440774913482,"636,408",83% bullish,of 12 ratings,$102.50
AMED,$39,1440774913510,"36,453",100% bearish,of 1 rating,$42
AMCX,$73.06,1440774913538,"92,037",67% bullish,of 3 ratings,$87.50
AMDA,$0.4747,1440774913560,"221,038",90% bullish,of 10 ratings,$1
UHAL,$373.06,1440774913777,"2,850",100% bullish,of 2 ratings,$393.50
ASBI,$22.58,1440774913843,100,Not yet rated,NULL,N/A
AAL,$38.865,1440774913951,"2,535,138",93% bullish,of 88 ratings,$57
AMOV,$18.43,1440774913995,"2,056",100% bearish,of 1 rating,N/A
ATAX,$5.158,1440774914020,"35,957",100% bullish,of 1 rating,$6.50
AGNCP,$25.33,1440774914092,"1,228",Not yet rated,NULL,N/A
AGNC,$19.41,1440774914225,"453,573",71% bullish,of 28 ratings,$22
AGNCB,$24.263,1440774914298,"4,200",Not yet rated,NULL,N/A
ACSF,$12.31,1440774914368,"3,067",100% bearish,of 1 rating,$15
AETI,NULL,1440774914399,0,67% bearish,of 3 ratings,N/A
MTGEP,$24.57,1440774914428,3,Not yet rated,NULL,N/A
ANCI,$1.55,1440774914493,122,100% bearish,of 1 rating,N/A
ACAS,$13.745,1440774914522,"228,337",60% bullish,of 5 ratings,$16.75
MTGE,$15.2799,1440774914556,"235,227",75% bullish,of 4 ratings,$19.50
AMNB,$23.14,1440774914804,"2,025",Not yet rated,NULL,$25.50
AMIC,NULL,1440774914830,0,Not yet rated,NULL,N/A
ANAT,$99.85,1440774914858,"6,361",100% bullish,of 1 rating,N/A
ARII,$40.3556,1440774914990,"39,532",67% bearish,of 3 ratings,$45
APEI,$22.27,1440774915026,"9,920",100% bearish,of 1 rating,$25.50
AMSC,$4.46,1440774915162,"17,557",50% bullish,of 4 ratings,N/A
ASEI,$38.77,1440774915187,"3,401",100% bearish,of 1 rating,$52.50
AMWD,$65.84,1440774915360,"15,148",50% bullish,of 2 ratings,$70
AMSWA,$8.98,1440774915391,"70,189",100% bearish,of 2 ratings,$10.75
ABCB,$26.45,1440774915452,"22,896",Not yet rated,NULL,$31
ASRV,NULL,1440774915477,0,100% bullish,of 2 ratings,N/A
AMRB,$10.06,1440774915510,707,Not yet rated,NULL,$11
CRMT,$36.455,1440774915537,"4,768",100% bearish,of 1 rating,$39
AMSF,$46.7896,1440774915605,"6,569",Not yet rated,NULL,$57.50
ASRVP,NULL,1440774915684,0,Not yet rated,NULL,N/A
ATLO,$23.76,1440774915930,"2,381",Not yet rated,NULL,N/A
AMPH,$13.66,1440774916217,"29,194",50% bullish,of 2 ratings,$20
AFSI,$58.36,1440774916246,"31,398",60% bullish,of 5 ratings,$72
AMGN,$155.6141,1440774916273,"966,892",89% bullish,of 19 ratings,$185
AMKR,$5.02,1440774916350,"388,132",100% bearish,of 2 ratings,$5
FOLD,$14.749,1440774916409,"157,434",56% bullish,of 9 ratings,$21
ANAC,$132,1440774916434,"67,386",80% bullish,of 5 ratings,$180.50
AMSG,$80.235,1440774916567,"53,744",100% bearish,of 1 rating,$85.50
ANAD,$0.3377,1440774916626,"21,244",100% bullish,of 2 ratings,$.50
ANCB,$22,1440774916976,"10,500",Not yet rated,NULL,$23
ASYS,$5.4,1440774917371,"12,420",67% bullish,of 3 ratings,$12
ADI,$56.27,1440774917638,"577,220",67% bullish,of 3 ratings,$69
AMRS,$1.74,1440774917816,"7,072",70% bullish,of 10 ratings,N/A
AMSGP,$153.95,1440774917852,"32,858",Not yet rated,NULL,N/A
ALOG,$79.44,1440774918057,"11,104",100% bearish,of 2 ratings,$100.50
ABCW,$41.18,1440774918117,"3,702",67% bullish,of 3 ratings,N/A
ANGO,$14.61,1440774918222,"12,790",67% bullish,of 3 ratings,$19
ANGI,$5.1541,1440774918252,"107,147",64% bullish,of 11 ratings,$5.50
ANIK,$35.98,1440774918356,"29,773",60% bullish,of 5 ratings,$51.25
ANTH,$7.4,1440774918719,"225,593",80% bullish,of 10 ratings,$13
ATRS,$1.77,1440774918766,"81,317",92% bullish,of 12 ratings,$4.50
ABAC,$0.7167,1440774918791,"4,585",100% bearish,of 1 rating,N/A
ATNY,$2.34,1440774918853,399,50% bullish,of 2 ratings,$3.75
AMCF,$0.2366,1440774918990,"1,284",100% bullish,of 7 ratings,N/A
ANSS,$89.56,1440774919063,"39,758",100% bearish,of 1 rating,$100
APOL,$11.37,1440774919301,"206,253",87% bearish,of 68 ratings,$14
APIC,$7,1440774919327,"39,812",100% bearish,of 1 rating,$19
APPF,$16.74,1440774919376,"6,137",50% bullish,of 2 ratings,$22
ANIP,$51.4651,1440774919407,"53,683",89% bullish,of 19 ratings,$66
AINV,$6.55,1440774919462,"238,448",50% bullish,of 4 ratings,$8
APOG,$50.76,1440774919506,"24,518",50% bullish,of 2 ratings,$67
ARCI,NULL,1440774919591,0,Not yet rated,NULL,N/A
APDNW,NULL,1440774919686,0,Not yet rated,NULL,N/A
AAPL,$112.3801,1440774919718,"10,559,896",86% bullish,of 2351 ratings,$150
APDN,$3.26,1440774919769,"27,259",Not yet rated,NULL,$9
APRI,$1.33,1440774920000,"99,225",83% bullish,of 6 ratings,$4.86
AMAT,$16.03,1440774920027,"2,136,883",82% bullish,of 11 ratings,$23
AGTC,$16.1,1440774920076,"13,305",50% bullish,of 2 ratings,$33
AMCC,$5.72,1440774920208,"97,860",80% bullish,of 5 ratings,$8
AREX,$2.22,1440774920346,"266,371",100% bearish,of 1 rating,$3
AAOI,$21.23,1440774920391,"62,985",50% bullish,of 4 ratings,$26
AUMA,$9.89,1440774920479,115,Not yet rated,NULL,N/A
APTO,$5.02,1440774920505,239,Not yet rated,NULL,$17
AQMS,$4.87,1440774920635,"5,734",Not yet rated,NULL,N/A
AQXP,$17.2,1440774920692,"63,196",50% bullish,of 2 ratings,$2
ARDM,NULL,1440774920857,0,100% bullish,of 1 rating,$26
PETX,$17.59,1440774920910,"52,241",100% bearish,of 2 ratings,$26
AUMAW,NULL,1440774921004,0,Not yet rated,NULL,N/A
ABUS,$7.28,1440774921342,"62,860",86% bullish,of 14 ratings,$23
AUMAU,NULL,1440774921640,0,Not yet rated,NULL,N/A
ABIO,$0.8907,1440774921668,"18,120",50% bullish,of 2 ratings,$3.75
ACAT,$26.525,1440774922076,"32,930",100% bearish,of 3 ratings,$33
ARCB,$29.163,1440774922146,"25,855",67% bearish,of 3 ratings,$39.50
ARNA,$2.68,1440774922226,"645,674",90% bullish,of 78 ratings,$5.50
ARCW,$3.629,1440774922325,"1,024",100% bearish,of 2 ratings,$10.50
ARCC,$15.6236,1440774922350,"507,838",67% bearish,of 3 ratings,$17.875
AGIIL,$25.0492,1440774922530,"8,627",Not yet rated,NULL,N/A
ARIS,$3.8901,1440774922711,"14,516",Not yet rated,NULL,$4.50
ARGS,$6.18,1440774922738,"12,800",50% bullish,of 2 ratings,$19.50
RKDA,$6.27,1440774922868,"4,969",100% bearish,of 2 ratings,$10
AGII,$54.76,1440774922924,"21,371",Not yet rated,NULL,$59.50
ACGL,$67.7223,1440774923069,"37,132",50% bullish,of 2 ratings,$72
ARKR,$25.19,1440774923102,2,50% bullish,of 2 ratings,N/A
ARDX,$18.31,1440774923127,"26,774",50% bullish,of 2 ratings,$24.50
ARIA,$7.06,1440774923152,"470,859",87% bullish,of 46 ratings,$9
ARMH,$42.73,1440774923447,"283,312",54% bearish,of 13 ratings,$60
ARTX,$1.49,1440774923506,"35,503",88% bullish,of 16 ratings,$4.50
ARWA,NULL,1440774923942,0,Not yet rated,NULL,N/A
ARWAW,NULL,1440774923979,0,Not yet rated,NULL,N/A
ARQL,$1.7668,1440774924156,"12,340",75% bullish,of 4 ratings,$5
ARRY,$5.84,1440774924181,"137,455",100% bullish,of 7 ratings,$10
ARWAU,NULL,1440774924259,0,100% bullish,of 1 rating,N/A
DWAT,$9.9653,1440774924313,"1,100",100% bearish,of 1 rating,N/A
ARWAR,NULL,1440774924390,0,Not yet rated,NULL,N/A
ASNA,$11.91,1440774924452,"527,097",50% bullish,of 2 ratings,$18
ARRS,$26.775,1440774924521,"124,952",50% bullish,of 2 ratings,$38
ASBB,NULL,1440774924582,0,Not yet rated,NULL,N/A
AROW,$27.39,1440774924607,"4,874",Not yet rated,NULL,N/A
ARTNA,$22.14,1440774924675,"1,850",100% bearish,of 1 rating,$29
ARTW,$4.37,1440774924780,"1,165",75% bearish,of 4 ratings,N/A
ASCMA,$27.5,1440774924914,"19,224",100% bearish,of 1 rating,$45
ASND,$19.85,1440774924953,"15,400",100% bullish,of 1 rating,$30
ARWR,$5.65,1440774925045,"177,674",75% bullish,of 4 ratings,$10.50
ASMI,NULL,1440774925134,0,NULL,NULL,NULL
ASTI,$0.1071,1440774925180,"453,911",83% bullish,of 6 ratings,$3
AZPN,$37.76,1440774925315,"114,182",50% bullish,of 2 ratings,$42
ASML,$92.47,1440774925345,"205,920",50% bullish,of 4 ratings,$127
APWC,$1.71,1440774925372,729,100% bearish,of 1 rating,N/A
ASFI,$8.92,1440774925450,"2,100",100% bullish,of 1 rating,N/A
ASMB,$12.98,1440774925506,"15,298",67% bullish,of 3 ratings,N/A
ASTC,$1.98,1440774925549,"3,550",100% bullish,of 5 ratings,N/A
ASTE,$37.45,1440774925578,"10,958",100% bearish,of 1 rating,$48
ALOT,NULL,1440774925638,0,100% bearish,of 1 rating,N/A
ATRO,$52.45,1440774925712,"15,045",100% bearish,of 2 ratings,$80
ASUR,$5.7,1440774925939,400,50% bullish,of 2 ratings,$8
ATAI,$2.51,1440774925996,"1,063",100% bearish,of 1 rating,N/A
ATRA,$39.5641,1440774926094,"18,552",50% bullish,of 2 ratings,$68
AFCB,NULL,1440774926136,0,Not yet rated,NULL,N/A
ATHX,$1.1422,1440774926182,"27,030",89% bullish,of 9 ratings,$5
AAPC,$10.1,1440774926276,16,Not yet rated,NULL,N/A
ACFC,$5.37,1440774926322,"10,624",100% bearish,of 1 rating,$6.50
ATHN,$135.705,1440774926410,"16,086",67% bearish,of 3 ratings,$153
ATLC,NULL,1440774926477,0,67% bullish,of 3 ratings,N/A
AAME,$3.43,1440774926512,300,Not yet rated,NULL,N/A
ATNI,$71.49,1440774926562,"7,222",100% bearish,of 1 rating,$69.50
AFH,$16.25,1440774926767,"29,304",Not yet rated,NULL,$21.50
ATML,$8.125,1440774926826,"1,516,697",78% bullish,of 9 ratings,$9.50
AAWW,$41.94,1440774926899,"120,726",50% bullish,of 2 ratings,$65
ATOS,$0.7901,1440774926959,"34,229",100% bullish,of 7 ratings,$7
ATRC,$25.4399,1440774927036,"18,358",100% bullish,of 1 rating,$30
ATTU,$13.51,1440774927091,"2,235",100% bearish,of 1 rating,$20.50
ATRI,$389.99,1440774927139,425,Not yet rated,NULL,N/A
LIFE,$14.93,1440774927380,"12,832",86% bullish,of 7 ratings,$43
ADAT,$0.302,1440774927409,"143,241",100% bullish,of 2 ratings,N/A
AUBN,$26.65,1440774927437,200,Not yet rated,NULL,N/A
AUDC,$3.34,1440774927516,"16,789",80% bullish,of 5 ratings,$5
AUPH,$3.01,1440774927571,"1,604",100% bearish,of 1 rating,$8
EARS,$4.7701,1440774927602,"2,076",100% bearish,of 2 ratings,$11.50
ATRM,$2.82,1440774927655,300,50% bullish,of 2 ratings,N/A
ADSK,$47.55,1440774927707,"3,185,725",67% bullish,of 6 ratings,$69.50
ADP,$78.43,1440774927876,"538,854",100% bearish,of 1 rating,$88
ABTL,$17.625,1440774927981,"30,775",100% bullish,of 4 ratings,$20.25
AVGO,$125.03,1440774928076,"690,535",88% bullish,of 8 ratings,$165
AAVL,$10.69,1440774928123,"74,866",100% bearish,of 1 rating,$20
AVEO,$1.415,1440774928213,"189,337",75% bullish,of 8 ratings,$3
CAR,$43.91,1440774928283,"159,082",80% bullish,of 5 ratings,$60
AVID,$8.47,1440774928349,"82,157",100% bearish,of 1 rating,$20
AVNU,NULL,1440774928383,0,Not yet rated,NULL,$14
AVNW,$1.13,1440774928409,"25,444",50% bullish,of 2 ratings,$2.20
AVGR,$14.37,1440774928541,"2,064",100% bearish,of 1 rating,$20
AWRE,$3.1635,1440774928596,"1,768",67% bullish,of 3 ratings,N/A
AXPWW,NULL,1440774928627,0,Not yet rated,NULL,N/A
AXPW,$1.0637,1440774928658,"9,804",83% bullish,of 6 ratings,N/A
ACLS,$3.1899,1440774928727,"75,450",67% bullish,of 6 ratings,$4.75
AXGN,$4.57,1440774928818,"104,551",Not yet rated,NULL,$5
AXTI,$2.181,1440774928891,"13,689",50% bullish,of 2 ratings,$2.75
RILY,NULL,1440774929287,0,Not yet rated,NULL,N/A
BEAV,$49.2,1440774929472,"102,376",67% bearish,of 3 ratings,$59
BCOM,$18.86,1440774929516,40,100% bearish,of 1 rating,N/A
BWINA,NULL,1440774929548,0,Not yet rated,NULL,N/A
BOSC,$2.26,1440774929580,850,50% bullish,of 2 ratings,N/A
BCPC,$58.14,1440774929606,"24,042",100% bearish,of 1 rating,$75
BANF,$59.56,1440774929633,"2,902",Not yet rated,NULL,$68
BLDP,$1.2799,1440774929663,"114,937",91% bullish,of 22 ratings,$2.50
BIDU,$153.13,1440774929689,"655,236",81% bullish,of 88 ratings,$210
BANFP,NULL,1440774929998,0,Not yet rated,NULL,N/A
BWINB,$22.93,1440774930045,"2,800",Not yet rated,NULL,N/A
BKMU,$7.09,1440774930100,"23,987",Not yet rated,NULL,$8
BMRC,$47.8,1440774930125,"1,304",Not yet rated,NULL,$52
BKSC,$16.491,1440774930155,735,Not yet rated,NULL,N/A
BOCH,$5.79,1440774930258,"4,548",Not yet rated,NULL,$6.50
BWFG,NULL,1440774930482,0,100% bearish,of 1 rating,N/A
BHAC,$9.81,1440774930513,400,Not yet rated,NULL,N/A
OZRK,$41.73,1440774930542,"65,823",67% bullish,of 3 ratings,$49.50
BOTJ,NULL,1440774930610,0,Not yet rated,NULL,N/A
BFIN,$12.16,1440774930678,"6,576",Not yet rated,NULL,$13
BZUN,$5.44,1440774930715,"215,275",50% bullish,of 2 ratings,$11.50
BANR,$43.53,1440774930743,"7,606",100% bullish,of 3 ratings,$50
TAPR,$31.67,1440774930807,"1,050",100% bearish,of 1 rating,N/A
BHACU,NULL,1440774931064,0,Not yet rated,NULL,N/A
BHACR,NULL,1440774931089,0,Not yet rated,NULL,N/A
BHACW,NULL,1440774931165,0,Not yet rated,NULL,N/A
BBCN,$14.425,1440774931267,"45,348",100% bearish,of 1 rating,$16
BBSI,$34.845,1440774931292,"14,960",67% bearish,of 3 ratings,$62.50
BSET,$28.5587,1440774931337,"10,602",100% bearish,of 1 rating,$35
BYLK,NULL,1440774931471,0,Not yet rated,NULL,$14
BDCV,$4.8614,1440774931501,400,100% bearish,of 1 rating,$10.19
BV,$5.13,1440774931526,"107,829",67% bullish,of 6 ratings,$9
BYBK,$4.8601,1440774931551,"8,264",100% bearish,of 1 rating,N/A
BECN,$35.59,1440774931811,"53,731",50% bullish,of 2 ratings,$40
BEBE,$1.315,1440774931839,"1,622,895",75% bullish,of 4 ratings,$3.075
BCBP,NULL,1440774931869,0,Not yet rated,NULL,N/A
BSF,$8.63,1440774931914,"4,974",Not yet rated,NULL,N/A
BBGI,NULL,1440774931973,0,100% bullish,of 1 rating,N/A
BLPH,$5.01,1440774932179,23,100% bearish,of 1 rating,$12.50
BBBY,$63.005,1440774932502,"344,224",71% bullish,of 7 ratings,$75
BNFT,$34.85,1440774932559,"22,607",67% bullish,of 3 ratings,$46
BELFB,$17.745,1440774932589,"5,934",100% bearish,of 1 rating,N/A
BLCM,$17.26,1440774932616,"50,309",50% bullish,of 4 ratings,$40
BELFA,$14.87,1440774932660,12,100% bearish,of 1 rating,N/A
BNCL,$12.41,1440774932685,"43,705",100% bullish,of 3 ratings,$12.50
BNTC,$8.07,1440774932719,"10,877",100% bullish,of 1 rating,N/A
BGCP,$8.77,1440774932745,"163,130",88% bullish,of 8 ratings,$14
BGFV,$11,1440774933082,"17,103",57% bullish,of 7 ratings,$12
BIND,$4.4401,1440774933110,"14,467",75% bullish,of 4 ratings,$13.50
BGMD,$0.745,1440774933140,"36,394",100% bullish,of 10 ratings,N/A
BIOC,$1.935,1440774933243,"52,624",83% bullish,of 6 ratings,$3.85
BASI,$1.6101,1440774933309,"3,000",Not yet rated,NULL,N/A
BCDA,NULL,1440774933339,0,Not yet rated,NULL,N/A
ORPN,$5.98,1440774933372,"14,879",100% bullish,of 1 rating,$28.50
BIOD,$0.673,1440774933605,"1,800",80% bullish,of 5 ratings,$4
BIIB,$303.12,1440774933757,"241,194",88% bullish,of 16 ratings,$400
BDSI,$6.9,1440774933858,"112,459",88% bullish,of 8 ratings,$17
BCRX,$11.16,1440774933931,"68,163",63% bullish,of 8 ratings,$18
BLRX,$1.42,1440774933966,"44,750",100% bullish,of 12 ratings,$5
BMRN,$131.1,1440774933988,"79,150",80% bullish,of 5 ratings,$160
BLFS,$2.03,1440774934022,"7,177",100% bearish,of 1 rating,$4.75
BVXV,$3.769,1440774934058,100,Not yet rated,NULL,N/A
BIOL,$1.45,1440774934124,"4,980",Not yet rated,NULL,N/A
BVXVW,$0.7,1440774934313,300,100% bearish,of 1 rating,N/A
BRLI,NULL,1440774934444,0,NULL,NULL,NULL
BPTH,$1.1,1440774934574,"7,285",100% bullish,of 2 ratings,$5
BSPM,$0.6798,1440774934674,"40,661",50% bullish,of 2 ratings,N/A
BBC,$31.5499,1440774934703,"5,335",Not yet rated,NULL,N/A
BSTC,$50.15,1440774934730,"8,312",100% bearish,of 1 rating,$76
BBP,$32.9,1440774934755,"14,034",Not yet rated,NULL,N/A
BIOS,$2.32,1440774934807,"158,406",71% bullish,of 7 ratings,$4
TECH,$96.5,1440774934943,"41,694",100% bullish,of 1 rating,$117
BOTA,$2.09,1440774934971,"8,190",88% bullish,of 8 ratings,N/A
BITI,$17,1440774935038,"6,787",100% bullish,of 1 rating,$28
BDMS,NULL,1440774935145,0,100% bearish,of 1 rating,N/A
BJRI,$44.2,1440774935194,"32,431",50% bullish,of 2 ratings,$55
BEAT,$14.36,1440774935278,"88,552",67% bearish,of 3 ratings,$15
BBOX,$14.95,1440774935501,"11,513",100% bearish,of 1 rating,N/A
BDE,$7.51,1440774935562,"27,249",50% bullish,of 2 ratings,$9
BLKB,$57.59,1440774935698,"40,900",100% bearish,of 2 ratings,$66
ADRA,NULL,1440774935727,0,100% bearish,of 1 rating,N/A
BBRY,$7.36,1440774935789,"1,361,178",61% bullish,of 330 ratings,$9
ADRU,NULL,1440774935814,0,100% bearish,of 1 rating,N/A
BKCC,$9.33,1440774935846,"122,175",50% bullish,of 2 ratings,$10
HAWK,$40.34,1440774935947,"85,678",91% bullish,of 11 ratings,$49
ADRD,$22.11,1440774935973,"5,194",100% bearish,of 1 rating,N/A
BLBD,$11.8,1440774936163,"2,892",Not yet rated,NULL,N/A
ADRE,$30.27,1440774936228,"4,600",100% bearish,of 1 rating,N/A
BCOR,$13.7,1440774936295,"38,865",57% bullish,of 7 ratings,$15
BLMN,$20.29,1440774936323,"244,377",83% bullish,of 6 ratings,$27.50
BUFF,$26.3025,1440774936486,"66,095",83% bullish,of 12 ratings,$31.50
BBLU,$0.79,1440774936516,"10,005",100% bullish,of 2 ratings,$4.43
BHBK,$13.88,1440774936618,"9,725",100% bullish,of 1 rating,$14.50
BLUE,$133.96,1440774936703,"50,561",71% bullish,of 7 ratings,$217.50
NILE,$34.02,1440774937024,"41,460",50% bullish,of 2 ratings,$34
BNCN,$20.41,1440774937056,"56,823",Not yet rated,NULL,$24
BKEPP,NULL,1440774937085,0,100% bearish,of 1 rating,N/A
BPMC,$27.1,1440774937124,"18,318",50% bullish,of 2 ratings,$47.50
BOBE,$43.49,1440774937157,"19,905",75% bullish,of 4 ratings,$57
WIFI,$7.59,1440774937227,"30,078",50% bullish,of 2 ratings,$13.50
BKEP,$6.428,1440774937257,"4,815",100% bearish,of 1 rating,$8.50
BOFI,$118.9322,1440774937302,"70,147",100% bullish,of 6 ratings,$144
BOJA,$21.4753,1440774937496,"17,961",100% bullish,of 1 rating,$30
BPFH,$11.79,1440774937678,"50,962",100% bearish,of 1 rating,$14
BOKF,$61.93,1440774937720,"14,406",100% bearish,of 1 rating,$69
BAMM,$3.1573,1440774937777,"3,374",60% bullish,of 5 ratings,N/A
BONA,$11.8,1440774937803,"16,983",75% bullish,of 4 ratings,$8.50
BNSO,$1.31,1440774937851,190,100% bearish,of 1 rating,N/A
BDBD,$8.31,1440774937980,"153,500",60% bullish,of 5 ratings,$10
BPFHP,$25,1440774938006,"3,550",100% bearish,of 1 rating,N/A
BPFHW,$5.5,1440774938311,"3,130",100% bearish,of 1 rating,N/A
BBRG,$12.75,1440774938338,"21,063",67% bullish,of 3 ratings,$14.50
BDGE,$26.41,1440774938360,"3,829",Not yet rated,NULL,$31.75
BBEP,$2.795,1440774938402,"987,592",69% bullish,of 13 ratings,$5.625
BBEPP,$14.4,1440774938492,"19,177",100% bearish,of 1 rating,N/A
EPAY,$26.8,1440774938523,"33,636",100% bearish,of 2 ratings,$30
BCLI,$2.96,1440774938544,"16,354",80% bullish,of 5 ratings,$12
BRID,NULL,1440774938755,0,100% bearish,of 1 rating,N/A
BLIN,$1.4,1440774938814,"5,000",100% bullish,of 2 ratings,$2.20
BCOV,$5.2599,1440774938949,"18,434",67% bullish,of 3 ratings,$10.20
BWEN,$3.25,1440774939355,"20,433",100% bullish,of 3 ratings,$8
BRCM,$51.49,1440774939558,"482,860",75% bullish,of 12 ratings,$56
BRCD,$10.67,1440774939619,"668,136",92% bullish,of 13 ratings,$11.50
BYFC,NULL,1440774939651,0,50% bullish,of 2 ratings,N/A
BRKR,$18.49,1440774939672,"75,953",100% bearish,of 2 ratings,$22
BSFT,$31.77,1440774939707,"23,568",57% bullish,of 7 ratings,$40.50
BRKL,$10.5,1440774939736,"49,709",100% bearish,of 1 rating,$10.75
BVSN,$6.01,1440774939764,"12,339",60% bearish,of 5 ratings,N/A
BRKS,$10.4,1440774939802,"32,858",67% bullish,of 3 ratings,$15.25
BSQR,$6.28,1440774940024,"21,316",67% bullish,of 3 ratings,N/A
BWLD,$195.29,1440774940189,"26,885",82% bullish,of 11 ratings,$205
BMTC,$29.27,1440774940291,"22,356",Not yet rated,NULL,$34
BLMT,$20.53,1440774940339,"4,412",Not yet rated,NULL,N/A
CFFI,$36,1440774940395,"4,104",100% bearish,of 1 rating,N/A
CHRW,$67.32,1440774940422,"188,017",Not yet rated,NULL,$72
BUR,$1.76,1440774940555,500,100% bearish,of 1 rating,$8
CA,$27.3,1440774940584,"461,174",50% bullish,of 4 ratings,$33
BLDR,$14.47,1440774940682,"110,657",67% bullish,of 3 ratings,$22
CCMP,$43.31,1440774940782,"15,182",50% bullish,of 2 ratings,$59
CZR,$9.12,1440774940810,"222,527",60% bearish,of 5 ratings,$10.50
CDNS,$20.415,1440774940838,"526,623",75% bullish,of 4 ratings,$22.50
CDZI,$7.876,1440774940866,"3,900",100% bearish,of 1 rating,N/A
CSTE,$40.585,1440774940998,"31,392",50% bullish,of 2 ratings,$65
CACQ,$7.28,1440774941167,"20,125",100% bearish,of 1 rating,$12.25
PRSS,$4.49,1440774941194,"6,198",80% bullish,of 5 ratings,$4.50
CHW,$7.6199,1440774941485,"187,980",100% bearish,of 1 rating,N/A
CLBS,$1.45,1440774941510,"49,793",79% bullish,of 14 ratings,$4
CHI,$10.58,1440774941743,"47,042",100% bearish,of 1 rating,N/A
CFGE,NULL,1440774941778,0,Not yet rated,NULL,N/A
CCD,$19.1901,1440774941805,"23,142",Not yet rated,NULL,N/A
CGO,$12.06,1440774941830,"9,022",100% bearish,of 1 rating,N/A
CLMS,$10.48,1440774941855,"17,298",Not yet rated,NULL,$10.50
CSQ,$9.94,1440774941884,"98,854",Not yet rated,NULL,N/A
CAMP,$16.5,1440774941909,"78,992",88% bullish,of 8 ratings,$25
CALD,$15.7,1440774942252,"62,444",100% bearish,of 1 rating,$21
CFNB,NULL,1440774942298,0,100% bearish,of 1 rating,N/A
CHY,$11.37,1440774942354,"77,401",Not yet rated,NULL,N/A
CALA,$5.9,1440774942430,"183,731",100% bullish,of 3 ratings,$19.50
CVGW,$60.205,1440774942455,"36,316",50% bullish,of 2 ratings,$58.50
CAMB,$9.95,1440774942644,"2,000",Not yet rated,NULL,N/A
CAC,$40.49,1440774942811,"1,925",Not yet rated,NULL,N/A
CALM,$49.59,1440774942918,"93,777",80% bullish,of 5 ratings,$65
CAMBW,NULL,1440774942979,0,Not yet rated,NULL,N/A
CAMT,$2.6755,1440774943009,"5,395",73% bullish,of 11 ratings,$4
CLMT,$26.44,1440774943050,"49,468",75% bullish,of 8 ratings,$31
ABCD,$5.2801,1440774943111,"72,611",83% bullish,of 6 ratings,N/A
CGIX,$10.06,1440774943182,"10,484",67% bullish,of 3 ratings,$14.375
CAMBU,NULL,1440774943267,0,100% bearish,of 1 rating,N/A
CBNJ,$11.02,1440774943401,"3,467",100% bullish,of 1 rating,N/A
CSIQ,$19.035,1440774943505,"446,940",86% bullish,of 28 ratings,$42.50
CPLA,$48.839,1440774943581,"25,537",67% bearish,of 3 ratings,$65
CPHC,NULL,1440774943687,0,100% bearish,of 1 rating,N/A
CSWC,$45.95,1440774943817,"3,108",Not yet rated,NULL,N/A
CCBG,$14.9,1440774943849,"4,252",Not yet rated,NULL,$17.25
CPLP,$7.12,1440774943887,"63,625",71% bullish,of 7 ratings,$11
CAPN,$2.1501,1440774943917,"96,191",100% bullish,of 1 rating,$10.85
CFFN,$12.045,1440774944013,"107,096",Not yet rated,NULL,$12.75
CAPNW,NULL,1440774944071,0,Not yet rated,NULL,N/A
CBF,$29.3499,1440774944118,"46,020",Not yet rated,NULL,$32
CARA,$18.96,1440774944253,"34,612",50% bullish,of 4 ratings,$25
CPST,$0.39,1440774944351,"403,513",95% bullish,of 22 ratings,$1.25
CPTA,$13.82,1440774944405,"15,138",100% bearish,of 1 rating,$18.50
CAPR,$4.3,1440774944444,258,Not yet rated,NULL,$12
CBYL,$5.3,1440774944600,"12,208",100% bearish,of 1 rating,$20
CARB,$11.207,1440774944631,"35,468",75% bullish,of 4 ratings,$12
CRDC,$0.36,1440774944731,"54,199",100% bullish,of 1 rating,$1.25
CECO,$3.72,1440774944937,"83,875",67% bearish,of 3 ratings,$6
CRME,$8.93,1440774944966,"1,900",89% bullish,of 9 ratings,$11.25
CSII,$24.16,1440774944996,"25,488",100% bearish,of 2 ratings,$42.125
CFNL,$21.85,1440774945026,"18,080",Not yet rated,NULL,$24
CDNA,$6.91,1440774945066,"6,309",100% bearish,of 1 rating,$9
CATM,$34.5843,1440774945093,"31,826",100% bearish,of 1 rating,$44
CTRE,$11.54,1440774945240,"55,754",50% bullish,of 2 ratings,$13.50
CLBH,NULL,1440774945307,0,Not yet rated,NULL,$16.50
CKEC,$24.01,1440774945464,"21,141",50% bullish,of 2 ratings,$35.915
CARO,NULL,1440774945489,0,100% bearish,of 1 rating,$19
CART,$5.35,1440774945644,"1,000",100% bearish,of 1 rating,N/A
TAST,$12.47,1440774945731,"47,066",Not yet rated,NULL,$14.25
CARV,$7.06,1440774945834,508,50% bullish,of 2 ratings,N/A
CRZO,$34.15,1440774946065,"294,846",67% bearish,of 3 ratings,$55
CACB,$5.3,1440774946090,"12,409",Not yet rated,NULL,$5.50
CASM,$1.16,1440774946121,200,100% bullish,of 1 rating,$3.50
CASI,$1.4399,1440774946146,"4,982",100% bullish,of 1 rating,$3.50
CRTN,$2.6,1440774946171,"1,626",100% bearish,of 1 rating,N/A
CWST,$6.31,1440774946380,"16,857",50% bullish,of 2 ratings,$7.25
CASY,$105.27,1440774946409,"39,415",50% bullish,of 2 ratings,$99.50
CSCD,$14.97,1440774946438,"9,025",100% bullish,of 2 ratings,$17
CATB,$11.96,1440774946535,"2,494",100% bearish,of 1 rating,$28
CPRX,$3.67,1440774946639,"100,888",71% bullish,of 7 ratings,$7
CASS,$47.79,1440774946723,"2,850",100% bearish,of 1 rating,N/A
CBFV,$21.475,1440774946879,"1,102",Not yet rated,NULL,$25
CATYW,NULL,1440774946925,0,100% bearish,of 1 rating,N/A
CATY,$29.47,1440774946950,"154,576",100% bearish,of 1 rating,$33.50
CVCO,$70.61,1440774947151,"2,927",100% bearish,of 1 rating,N/A
CNLMR,NULL,1440774947180,0,Not yet rated,NULL,N/A
CNLM,NULL,1440774947212,0,Not yet rated,NULL,N/A
CAVM,$68.58,1440774947238,"47,464",67% bearish,of 3 ratings,$72
CNLMU,NULL,1440774947281,0,100% bullish,of 1 rating,N/A
CBOE,$63.7,1440774947315,"39,050",Not yet rated,NULL,$60
CNLMW,NULL,1440774947415,0,Not yet rated,NULL,N/A
CDK,$48.97,1440774947562,"60,986",67% bearish,of 3 ratings,$50
CDW,$39.8159,1440774947766,"172,106",75% bullish,of 4 ratings,$44
CELG,$123.8,1440774947826,"694,432",92% bullish,of 13 ratings,$155.50
CECE,$9.59,1440774947851,"13,768",50% bullish,of 2 ratings,$16
CPXX,$2.11,1440774948050,"17,849",100% bullish,of 2 ratings,$7
CLDN,$1.1599,1440774948114,"290,389",71% bullish,of 7 ratings,$3
CELGZ,$1.84,1440774948322,15,80% bullish,of 5 ratings,N/A
CLRB,$3.03,1440774948366,200,100% bearish,of 1 rating,N/A
CLLS,$32.86,1440774948429,"22,248",75% bullish,of 4 ratings,$51.50
CLDX,$15.18,1440774948498,"265,648",89% bullish,of 9 ratings,$36
CLSN,$2.04,1440774948634,"22,587",80% bullish,of 10 ratings,$7.50
CBMG,$23.11,1440774948662,"6,421",50% bullish,of 2 ratings,N/A
CLTX,$2.373,1440774948693,"53,738",100% bullish,of 2 ratings,N/A
CYAD,NULL,1440774948800,0,100% bullish,of 1 rating,$87.50
CLRBW,NULL,1440774948826,0,Not yet rated,NULL,N/A
CEMP,$35.344,1440774949064,"112,004",71% bullish,of 7 ratings,$52
CETV,$2.115,1440774949282,"28,513",67% bullish,of 3 ratings,$2.80
CENT,$12.07,1440774949315,"7,112",Not yet rated,NULL,$10
CENTA,$12.45,1440774949341,"33,075",Not yet rated,NULL,N/A
CETX,$2.4,1440774949410,"1,900",Not yet rated,NULL,$5.60
CFBK,NULL,1440774949438,0,Not yet rated,NULL,N/A
CVCY,$11.25,1440774949508,600,Not yet rated,NULL,$12
CSFL,$13.53,1440774949539,"25,086",Not yet rated,NULL,$15
CNBKA,$41.07,1440774949575,800,50% bullish,of 2 ratings,N/A
CNTY,$5.78,1440774949670,"7,456",80% bullish,of 5 ratings,$7.75
CENX,$5.3968,1440774949719,"676,578",67% bullish,of 6 ratings,$9
CERE,$1.1515,1440774950036,"91,565",88% bullish,of 8 ratings,N/A
CERU,$3.7699,1440774950095,"19,532",75% bullish,of 4 ratings,$15
CPHD,$49.83,1440774950130,"107,265",67% bearish,of 3 ratings,$66.50
CERS,$4.88,1440774950151,"130,712",75% bullish,of 4 ratings,$7
CRNT,$1.43,1440774950227,"26,441",50% bullish,of 2 ratings,$2
CERN,$62.1013,1440774950253,"230,314",67% bullish,of 3 ratings,$79
CEVA,$18.6,1440774950382,"12,892",100% bearish,of 1 rating,$25
KOOL,$0.6996,1440774950432,"11,440",100% bullish,of 5 ratings,$7
CYOU,$21.07,1440774950483,"31,692",50% bullish,of 6 ratings,$24
HOTRW,NULL,1440774950563,0,Not yet rated,NULL,N/A
GTLS,$24,1440774950736,"92,679",50% bullish,of 4 ratings,$40
CHFN,$12.35,1440774950871,"5,041",Not yet rated,NULL,$14
CTHR,$1.3,1440774950936,"1,428",50% bullish,of 2 ratings,$2.50
CHKP,$79.32,1440774951006,"144,965",50% bullish,of 4 ratings,$92
HOTR,$1.48,1440774951031,"42,626",100% bullish,of 2 ratings,$5
CHTR,$179.87,1440774951170,"132,647",100% bearish,of 2 ratings,$196
CHEK,$2.1999,1440774951298,"1,753",Not yet rated,NULL,$7.75
CEMI,$4,1440774951323,"2,600",50% bullish,of 2 ratings,$7.50
CHFC,$31.07,1440774951548,"31,177",100% bearish,of 1 rating,$36
CHEKW,NULL,1440774951596,0,Not yet rated,NULL,N/A
CHKE,$25.84,1440774951628,"3,416",100% bearish,of 1 rating,$32.50
CHMA,$26.4,1440774951654,"11,942",Not yet rated,NULL,$40
CHMG,$26.08,1440774951727,100,Not yet rated,NULL,$30
CCXI,$6.75,1440774951785,"19,171",67% bullish,of 3 ratings,$14
CHEV,$14.54,1440774951930,"1,310",Not yet rated,NULL,N/A
PLCE,$59.24,1440774952092,"31,052",100% bearish,of 1 rating,$69
CBNK,$16.29,1440774952145,"6,637",100% bearish,of 1 rating,N/A
CMRX,$49.87,1440774952170,"68,683",50% bullish,of 2 ratings,$57
CAAS,$6.5099,1440774952195,"13,149",93% bullish,of 14 ratings,$11.50
CALI,$0.91,1440774952338,"10,201",67% bullish,of 3 ratings,N/A
CADC,NULL,1440774952386,0,78% bullish,of 9 ratings,N/A
CBPO,$99.155,1440774952470,"58,869",75% bullish,of 8 ratings,$140.50
CBAK,$2.0301,1440774952658,"25,446",67% bullish,of 9 ratings,N/A
CCCL,$0.75,1440774952753,"3,959",100% bullish,of 6 ratings,N/A
CCCR,NULL,1440774952819,0,67% bearish,of 3 ratings,N/A
CHOP,$1.25,1440774952889,500,50% bullish,of 2 ratings,N/A
JRJC,$3.6,1440774952949,"33,330",82% bullish,of 11 ratings,N/A
CHLN,$2.1099,1440774952991,"1,024",67% bullish,of 3 ratings,N/A
HGSH,$1.74,1440774953015,"2,429",67% bullish,of 3 ratings,N/A
CREG,$0.7,1440774953335,"10,628",100% bullish,of 3 ratings,N/A
HTHT,$25.88,1440774953366,"19,760",50% bullish,of 2 ratings,$28.40
CNIT,$1.42,1440774953464,"15,589",67% bullish,of 6 ratings,N/A
CJJD,$1.8,1440774953562,"2,523",100% bullish,of 1 rating,N/A
CPGI,NULL,1440774953604,0,Not yet rated,NULL,N/A
CHNR,$1.67,1440774953630,900,100% bearish,of 1 rating,N/A
CNTF,$0.7901,1440774953692,"74,398",Not yet rated,NULL,N/A
CSUN,$1.51,1440774953722,"5,601",80% bullish,of 5 ratings,N/A
CNYD,$3.45,1440774953826,"10,375",67% bullish,of 3 ratings,N/A
CXDC,$5.8,1440774953864,"17,540",67% bearish,of 3 ratings,N/A
CNET,$0.8264,1440774954006,"23,690",50% bullish,of 2 ratings,N/A
CCIH,$6.98,1440774954036,"52,207",67% bullish,of 6 ratings,$12.65
CHSCN,$27.01,1440774954169,735,Not yet rated,NULL,N/A
CHSCM,$26.24,1440774954205,"3,836",Not yet rated,NULL,N/A
IMOS,$18.1199,1440774954237,"52,587",60% bullish,of 5 ratings,$21.50
CHSCL,$27.05,1440774954341,"2,793",Not yet rated,NULL,N/A
CHSCO,$28.2643,1440774954548,750,Not yet rated,NULL,N/A
CHDN,$132.7,1440774954574,"24,562",Not yet rated,NULL,$165
CHSCP,$30.75,1440774954602,"2,000",Not yet rated,NULL,N/A
CHUY,$30.89,1440774954764,"41,156",50% bullish,of 2 ratings,$34
CMCT,NULL,1440774954797,0,100% bearish,of 1 rating,N/A
CIFC,$7.15,1440774954823,"1,625",100% bearish,of 1 rating,N/A
CDTX,$14.27,1440774954892,"2,278",Not yet rated,NULL,$22
CIDM,$0.57,1440774954923,"6,151",50% bullish,of 2 ratings,$2.10
CMPR,$71.78,1440774954988,"59,281",50% bullish,of 2 ratings,$72.50
CINF,$52.68,1440774955018,"68,564",50% bullish,of 4 ratings,$50.50
CPHR,$5.2536,1440774955093,"19,092",100% bearish,of 1 rating,$17
CRUS,$29.92,1440774955229,"180,411",75% bullish,of 12 ratings,$44.50
CZWI,NULL,1440774955555,0,Not yet rated,NULL,N/A
CTAS,$85.32,1440774955581,"57,767",100% bearish,of 1 rating,$91
CSCO,$25.9,1440774955712,"4,213,071",84% bullish,of 209 ratings,$32
CTRN,$27.0899,1440774955772,"14,717",100% bearish,of 1 rating,$31.50
CZFC,NULL,1440774955842,0,Not yet rated,NULL,N/A
CZNC,$19.67,1440774955901,"2,988",Not yet rated,NULL,N/A
CIVBP,NULL,1440774955926,0,Not yet rated,NULL,N/A
CHCO,$47.26,1440774955951,"6,309",Not yet rated,NULL,$46
CIZN,$19.3,1440774955999,"1,800",Not yet rated,NULL,N/A
CDTI,$1.64,1440774956025,"24,222",75% bullish,of 4 ratings,$3.20
CTXS,$69.09,1440774956218,"229,371",86% bullish,of 7 ratings,$80
CLNE,$5.1277,1440774956258,"388,241",80% bullish,of 15 ratings,$9
CIVB,$10.25,1440774956296,50,Not yet rated,NULL,$11
CLFD,$16.96,1440774956390,"11,911",67% bullish,of 3 ratings,$18
CLNT,$1.345,1440774956439,550,75% bullish,of 8 ratings,N/A
CLRO,$11.64,1440774956597,245,50% bullish,of 2 ratings,$14.25
CMFN,$11.18,1440774956841,"16,262",100% bearish,of 1 rating,$15.50
CLIR,$4.53,1440774956873,"41,193",100% bullish,of 3 ratings,N/A
CBLI,$3.82,1440774956926,"2,904",60% bullish,of 5 ratings,N/A
CSBK,$13.55,1440774956983,"16,327",Not yet rated,NULL,N/A
CLVS,$77.75,1440774957056,"74,757",60% bullish,of 5 ratings,$101.50
CISG,$7.64,1440774957082,"26,674",100% bullish,of 5 ratings,$10
CME,$94.75,1440774957113,"263,873",67% bullish,of 3 ratings,$102
CCNE,$16.89,1440774957210,"5,686",50% bullish,of 2 ratings,$21.50
CNV,$4.46,1440774957393,"13,502",50% bullish,of 2 ratings,$7.15
COKE,$153.4,1440774957425,"4,775",79% bullish,of 19 ratings,N/A
CDRB,$13.05,1440774957474,"3,539",67% bullish,of 3 ratings,N/A
CWAY,$11.21,1440774957523,502,Not yet rated,NULL,N/A
COBZ,$12.95,1440774957655,"21,533",100% bullish,of 1 rating,$14
CDXS,$3.64,1440774957704,"3,184",64% bullish,of 11 ratings,$6
CVLY,NULL,1440774957728,0,Not yet rated,NULL,N/A
CCOI,$27.53,1440774957997,"90,929",50% bullish,of 4 ratings,$35
COHR,$57.56,1440774958062,"17,715",50% bullish,of 2 ratings,$72
CHRS,$28.79,1440774958194,"27,806",67% bearish,of 3 ratings,$37
CGNT,$1.52,1440774958256,"7,831",100% bullish,of 2 ratings,$2
CGNX,$35.26,1440774958282,"76,792",50% bullish,of 2 ratings,$47
JVA,$4.6201,1440774958329,"3,550",83% bullish,of 6 ratings,$7
CTSH,$63.885,1440774958463,"647,825",90% bullish,of 10 ratings,$75
COHU,$9.59,1440774958494,"32,670",100% bearish,of 1 rating,$14.25
CLRX,$0.555,1440774958542,"5,700",50% bullish,of 2 ratings,N/A
COLL,$14.815,1440774958573,"4,250",100% bearish,of 1 rating,$26
CLCT,$18.03,1440774958676,"18,204",100% bearish,of 1 rating,N/A
CIGI,$42.9,1440774958808,"7,653",100% bearish,of 1 rating,$52
CBAN,$8.9,1440774958916,652,Not yet rated,NULL,N/A
CLCD,$6.41,1440774958974,"49,622",100% bearish,of 1 rating,$20.50
COLB,$30.15,1440774959053,"30,064",Not yet rated,NULL,$36
CMCSA,$56.665,1440774959195,"1,592,981",66% bullish,of 35 ratings,$69.50
CMCO,$18.83,1440774959300,"26,181",60% bullish,of 5 ratings,$28
COLM,$61.58,1440774959361,"16,508",100% bearish,of 1 rating,$71
CBMX,$1.15,1440774959482,"13,522",83% bullish,of 6 ratings,$3.15
COMM,$31,1440774959516,"180,920",67% bearish,of 3 ratings,$35
CMCSK,$57.495,1440774959537,"503,464",Not yet rated,NULL,$84
CBSH,$44.71,1440774959570,"45,096",50% bullish,of 2 ratings,$46
CUBN,NULL,1440774959598,0,Not yet rated,NULL,N/A
CBSHP,$25.5,1440774959627,699,100% bearish,of 1 rating,N/A
CSAL,$20.771,1440774959733,"82,840",75% bullish,of 4 ratings,$30
CVGI,$4.99,1440774959874,"14,690",50% bullish,of 2 ratings,$6
JCS,$8.53,1440774959972,"4,700",67% bullish,of 3 ratings,N/A
CYHHZ,$0.01,1440774960150,"15,000",100% bullish,of 1 rating,N/A
CWBC,$6.79,1440774960175,565,Not yet rated,NULL,N/A
ESXB,$5.06,1440774960199,550,Not yet rated,NULL,N/A
CTBI,$34.6083,1440774960383,"6,182",Not yet rated,NULL,$36
CIL,NULL,1440774960412,0,Not yet rated,NULL,N/A
COB,$10.27,1440774960441,"8,325",100% bullish,of 1 rating,$11.75
CID,NULL,1440774960516,0,Not yet rated,NULL,N/A
CIZ,NULL,1440774960573,0,100% bearish,of 1 rating,N/A
CSA,NULL,1440774960645,0,Not yet rated,NULL,N/A
CSF,$36.659,1440774960715,193,100% bearish,of 1 rating,N/A
CDC,$34.78,1440774960740,"1,630",Not yet rated,NULL,N/A
CFO,$35.53,1440774960917,"1,406",100% bearish,of 1 rating,N/A
CVLT,$36.515,1440774960996,"86,995",75% bullish,of 4 ratings,$44.50
CPSI,$45.15,1440774961099,"29,638",100% bearish,of 1 rating,$45.50
CFA,$35.7,1440774961193,900,100% bearish,of 1 rating,N/A
CDL,NULL,1440774961236,0,Not yet rated,NULL,N/A
CGEN,$4.9799,1440774961364,"13,814",50% bullish,of 2 ratings,$11
CSB,NULL,1440774961422,0,Not yet rated,NULL,N/A
CHCI,$0.7525,1440774961556,"3,200",50% bullish,of 2 ratings,N/A
CNSI,$18.79,1440774961627,"16,407",100% bearish,of 2 ratings,$29
CMTL,$25.39,1440774961657,"16,042",100% bearish,of 2 ratings,$37
CTG,$6.73,1440774961758,"8,133",100% bearish,of 1 rating,$8.50
CNAT,$3.93,1440774961791,"15,196",83% bullish,of 6 ratings,$13
SCOR,$52.51,1440774961832,"71,585",100% bearish,of 1 rating,$66
CNCE,$15.7999,1440774961903,"27,649",75% bullish,of 4 ratings,$22
CCUR,$4.8101,1440774962000,"13,111",75% bullish,of 4 ratings,N/A
CXRX,$74.92,1440774962030,"2,827",100% bearish,of 1 rating,$90
CDORO,$18.95,1440774962203,600,100% bearish,of 1 rating,N/A
CDOR,$1.37,1440774962251,"3,740",100% bullish,of 1 rating,N/A
CNMD,$53.47,1440774962422,"11,168",Not yet rated,NULL,$59
CFMS,$19.33,1440774962451,"32,813",Not yet rated,NULL,$27
CNFR,$10.345,1440774962495,"4,050",Not yet rated,NULL,N/A
CDORP,NULL,1440774962519,0,100% bearish,of 1 rating,N/A
CTWS,$34.46,1440774962713,"8,713",100% bearish,of 1 rating,$44
CONN,$30.155,1440774962764,"81,225",67% bullish,of 3 ratings,$48.50
CNOB,$19.35,1440774962846,"14,530",100% bullish,of 1 rating,$23.50
CTCT,$24.6,1440774962898,"36,887",67% bullish,of 3 ratings,$37
CNXR,$6.83,1440774962923,"56,700",100% bearish,of 1 rating,$12
CNSL,$19.61,1440774962975,"33,148",100% bearish,of 1 rating,$23
CWCO,$10.4803,1440774963075,"17,754",67% bullish,of 3 ratings,$14.50
CPSS,$5.68,1440774963202,"6,489",100% bullish,of 1 rating,$10
CFRXW,$1.8,1440774963373,400,100% bearish,of 1 rating,N/A
CTRV,$3.7001,1440774963398,874,Not yet rated,NULL,$6.40
CFRXZ,NULL,1440774963425,0,Not yet rated,NULL,N/A
CFRX,$5.11,1440774963469,"2,700",Not yet rated,NULL,$14
CORT,$5.064,1440774963556,"55,040",67% bullish,of 3 ratings,$12
CTRL,$8.878,1440774963686,"37,991",50% bullish,of 2 ratings,$11
CRBP,$1.9399,1440774963719,"78,235",100% bullish,of 2 ratings,$6.25
CPRT,$34.79,1440774963749,"51,012",67% bearish,of 3 ratings,$40
BVA,NULL,1440774963821,0,50% bullish,of 2 ratings,N/A
CORE,$59.16,1440774963855,"24,207",100% bearish,of 1 rating,$72
CSOD,$35.87,1440774963955,"47,689",50% bullish,of 2 ratings,$42
CRVL,$31.01,1440774964027,"5,175",100% bearish,of 1 rating,N/A
CORI,$10.57,1440774964087,"10,479",100% bearish,of 1 rating,$18
COSI,$1.17,1440774964167,"76,567",100% bullish,of 1 rating,N/A
CSGP,$180.31,1440774964255,"6,248",50% bullish,of 2 ratings,$235
COST,$139.7408,1440774964388,"276,774",79% bullish,of 24 ratings,$154.50
ICBK,NULL,1440774964468,0,Not yet rated,NULL,$21
CPAH,NULL,1440774964516,0,50% bullish,of 2 ratings,N/A
CRAI,$21.89,1440774964782,"8,585",100% bearish,of 1 rating,$36
COWN,$5.135,1440774964813,"151,260",75% bullish,of 4 ratings,$7
CVTI,$23.57,1440774964841,"18,964",67% bearish,of 3 ratings,$39
COVS,$2.7101,1440774964909,"17,102",67% bullish,of 3 ratings,N/A
CPSH,$2.1601,1440774964988,800,Not yet rated,NULL,N/A
BREW,$7.9699,1440774965018,"11,694",67% bullish,of 6 ratings,$15
COWNL,$26.65,1440774965043,800,Not yet rated,NULL,N/A
CBRL,$145.75,1440774965119,"29,700",50% bullish,of 2 ratings,$155
CRAY,$20.58,1440774965305,"79,584",83% bullish,of 6 ratings,$38.50
CREE,$27.25,1440774965336,"266,749",65% bullish,of 17 ratings,$29.50
SLVO,$10.0499,1440774965442,647,100% bearish,of 1 rating,N/A
CACC,$196.94,1440774965579,"8,480",50% bullish,of 2 ratings,$158.50
GLDI,$11.0201,1440774965659,"2,800",100% bearish,of 1 rating,N/A
CRDS,$1,1440774965689,"6,676",75% bullish,of 4 ratings,$4.50
CRESY,$10.38,1440774965824,"6,523",100% bearish,of 1 rating,$19
CRTO,$42.14,1440774965870,"139,638",67% bullish,of 6 ratings,$64
CRWN,$4.5,1440774965971,"10,910",75% bullish,of 4 ratings,N/A
CROX,$14.71,1440774966020,"162,410",63% bullish,of 8 ratings,$16.50
CRWS,$8.1,1440774966103,"2,100",Not yet rated,NULL,$10
CYRX,$2.9,1440774966151,"7,028",Not yet rated,NULL,$9
CCRN,$13.65,1440774966177,"25,834",100% bearish,of 1 rating,$14.25
CCLP,$14.758,1440774966357,"7,604",67% bearish,of 3 ratings,$20
CYRXW,$0.83,1440774966384,200,Not yet rated,NULL,N/A
CSGS,$30.58,1440774966445,"20,315",Not yet rated,NULL,$40
CTIC,$1.58,1440774966546,"283,288",84% bullish,of 76 ratings,$5.75
CSPI,$5.88,1440774966675,200,67% bullish,of 3 ratings,N/A
CTCM,$1.8001,1440774966776,"32,432",80% bearish,of 5 ratings,$3.90
CTIB,NULL,1440774966828,0,100% bearish,of 1 rating,N/A
CUI,$4.96,1440774966883,"6,000",50% bullish,of 2 ratings,$10
CUNB,$21.25,1440774966908,"6,356",Not yet rated,NULL,$24.50
CRIS,$2.545,1440774966960,"66,861",100% bullish,of 8 ratings,$6
CTRP,$70.44,1440774967159,"497,452",75% bullish,of 8 ratings,$93
CMLS,$1.465,1440774967230,"96,032",50% bullish,of 4 ratings,$6
CPIX,$6.02,1440774967306,200,Not yet rated,NULL,N/A
CUTR,$14.48,1440774967363,"9,696",67% bearish,of 3 ratings,$18
CVV,$10.9,1440774967437,"2,291",100% bullish,of 5 ratings,N/A
CYAN,$7.41,1440774967568,246,100% bearish,of 1 rating,N/A
CVBF,$16.005,1440774967619,"84,411",Not yet rated,NULL,$18
CYCC,$0.55,1440774967645,"10,443",73% bullish,of 11 ratings,N/A
CYBX,$66.4225,1440774967820,"45,126",50% bullish,of 4 ratings,$71.50
CYBE,$6.5,1440774967877,"7,035",100% bearish,of 1 rating,N/A
CYBR,$52.65,1440774967934,"340,313",75% bullish,of 8 ratings,$66
CYCCP,NULL,1440774967961,0,100% bearish,of 1 rating,N/A
CY,$10.06,1440774968041,"837,745",80% bullish,of 10 ratings,$15.50
CBAY,$2.56,1440774968102,"10,900",100% bullish,of 1 rating,$4
CYNO,$31.64,1440774968177,"53,218",67% bearish,of 3 ratings,$45.50
CYNA,$15.75,1440774968204,"6,508",50% bullish,of 2 ratings,$31.50
CYRN,$1.73,1440774968395,"10,600",67% bullish,of 3 ratings,$4
CONE,$32.05,1440774968421,"51,578",67% bearish,of 3 ratings,$35.50
CYTK,$6.9408,1440774968551,"66,607",71% bullish,of 14 ratings,$13.50
CYTX,$0.301,1440774968719,"1,285,513",83% bullish,of 12 ratings,$5.50
CYTR,$2.4,1440774968752,"145,968",67% bullish,of 6 ratings,$10
TVIZ,$18.75,1440774968803,783,100% bearish,of 1 rating,N/A
DAEG,NULL,1440774968828,0,100% bearish,of 1 rating,N/A
CTSO,$6.405,1440774968857,614,Not yet rated,NULL,$15.625
TVIX,$13.4599,1440774968989,"4,335,129",81% bullish,of 16 ratings,N/A
ZIV,$40.581,1440774969016,"30,767",Not yet rated,NULL,N/A
XIV,$26.97,1440774969048,"5,813,992",75% bearish,of 4 ratings,N/A
DAKT,$8.6,1440774969301,"130,436",50% bullish,of 2 ratings,$12
DTLK,$5.845,1440774969329,"19,805",100% bearish,of 1 rating,$9
DARA,$0.8269,1440774969358,"8,027",83% bullish,of 6 ratings,$1.50
DJCO,$194.51,1440774969384,300,Not yet rated,NULL,N/A
DAIO,$2.58,1440774969464,400,Not yet rated,NULL,N/A
DWCH,$5.13,1440774969595,"3,371",75% bullish,of 4 ratings,$8.25
DRAM,$1.3099,1440774969679,"1,800",78% bullish,of 9 ratings,N/A
PLAY,$35.22,1440774969738,"29,002",100% bullish,of 5 ratings,$42
DWSN,$4.69,1440774969771,"3,762",67% bullish,of 3 ratings,N/A
DBVT,$40.75,1440774969869,"4,545",100% bearish,of 1 rating,$53
TRAK,$62.785,1440774969947,"163,413",50% bullish,of 2 ratings,$62.50
DHRM,NULL,1440774970053,0,Not yet rated,NULL,N/A
DTEA,$12.65,1440774970084,"10,011",100% bearish,of 2 ratings,$24
TACOW,$3.97,1440774970111,"8,032",100% bullish,of 1 rating,N/A
DFRG,$14.54,1440774970180,"18,975",100% bearish,of 1 rating,$20
TACO,$13.07,1440774970273,"19,185",75% bullish,of 4 ratings,$20
DELT,$2.45,1440774970484,400,Not yet rated,NULL,N/A
DCTH,$0.3966,1440774970514,"38,893",78% bullish,of 9 ratings,N/A
DGAS,$20.0501,1440774970614,"2,080",67% bearish,of 3 ratings,N/A
XRAY,$53.23,1440774970640,"90,558",100% bullish,of 1 rating,$58
DELTW,NULL,1440774970665,0,Not yet rated,NULL,N/A
DENN,$11.52,1440774970812,"108,733",100% bullish,of 3 ratings,$15
DEPO,$29.1,1440774970838,"108,070",60% bullish,of 5 ratings,$29
DERM,$26.54,1440774970865,"15,612",100% bearish,of 1 rating,$33.50
DXLG,$5.481,1440774970890,"19,514",100% bearish,of 1 rating,$8
DSCI,$5.85,1440774971035,"10,004",50% bullish,of 2 ratings,$16
DEST,$11.36,1440774971095,"9,114",50% bullish,of 2 ratings,N/A
DSWL,$1.7501,1440774971228,"1,700",100% bullish,of 1 rating,N/A
DXM,$0.2599,1440774971257,"84,695",50% bullish,of 2 ratings,N/A
DHXM,NULL,1440774971282,0,Not yet rated,NULL,N/A
DXCM,$94.9199,1440774971306,"117,927",57% bullish,of 7 ratings,$98
DMND,$29.48,1440774971540,"31,515",75% bullish,of 12 ratings,$32
FANG,$67.69,1440774971612,"209,223",50% bullish,of 2 ratings,$86.50
DHIL,$193.3,1440774971677,952,Not yet rated,NULL,N/A
DGII,$10,1440774971781,"20,255",100% bearish,of 1 rating,$10
DCIX,$1.68,1440774971838,"31,707",50% bullish,of 4 ratings,$3.50
DRNA,$10.27,1440774971872,"23,831",67% bearish,of 3 ratings,$25
DMRC,$35.8999,1440774971920,"32,321",100% bearish,of 1 rating,$44
DRAD,$3.82,1440774972001,"2,128",100% bullish,of 1 rating,$5.25
DGLY,$8.3056,1440774972028,"29,456",50% bullish,of 6 ratings,$20
DIOD,$20.07,1440774972053,"20,263",75% bearish,of 4 ratings,$24
APPS,$2.36,1440774972104,"29,347",100% bearish,of 1 rating,$10.25
DCOM,$16.96,1440774972198,"41,012",100% bearish,of 2 ratings,$16.50
DISCA,$27.18,1440774972243,"415,866",67% bullish,of 3 ratings,$34
DISCK,$25.8399,1440774972390,"479,933",100% bearish,of 1 rating,$32
DPRX,$13.57,1440774972554,"2,900",100% bullish,of 2 ratings,$27.75
DISCB,NULL,1440774972626,0,100% bearish,of 1 rating,$35
DISH,$59.35,1440774972718,"163,832",69% bullish,of 13 ratings,$73
DNBF,NULL,1440774972815,0,Not yet rated,NULL,$27.50
DSCO,$0.3935,1440774972842,"51,739",83% bullish,of 6 ratings,$2.75
BAGR,$2.8001,1440774972919,"2,500",100% bearish,of 1 rating,$6
DVCR,$10.9,1440774972977,"2,462",100% bullish,of 1 rating,N/A
DLTR,$76.95,1440774973025,"177,714",82% bullish,of 11 ratings,$88
DMLP,$14.74,1440774973171,"2,100",100% bearish,of 1 rating,N/A
DGICA,$14.29,1440774973199,"2,907",100% bearish,of 1 rating,$17
DLHC,$2.51,1440774973224,500,100% bearish,of 1 rating,N/A
DORM,$50.14,1440774973253,"59,735",100% bearish,of 1 rating,$56
DGICB,NULL,1440774973385,0,100% bearish,of 1 rating,N/A
DRWI,$0.2173,1440774973477,"122,733",60% bullish,of 5 ratings,$.45
HILL,$9.665,1440774973519,"201,926",60% bearish,of 5 ratings,$9.75
DRWIW,NULL,1440774973580,0,Not yet rated,NULL,N/A
DWA,$20.62,1440774973933,"134,498",63% bullish,of 8 ratings,$26
DNKN,$51.38,1440774974011,"245,815",67% bullish,of 15 ratings,$56.50
DSKX,$3.12,1440774974046,"25,397",100% bullish,of 1 rating,N/A
DRYS,$0.4727,1440774974074,"1,956,017",77% bullish,of 31 ratings,$.60
CADTR,NULL,1440774974102,0,Not yet rated,NULL,N/A
CADTU,NULL,1440774974140,0,Not yet rated,NULL,N/A
CADT,NULL,1440774974168,0,Not yet rated,NULL,N/A
DSPG,$8.58,1440774974204,"17,471",100% bearish,of 1 rating,$13.50
DTSI,$26.28,1440774974539,"11,463",100% bearish,of 2 ratings,$39.50
DXPE,$28.22,1440774974671,"65,606",50% bullish,of 2 ratings,N/A
CADTW,NULL,1440774974700,0,Not yet rated,NULL,N/A
DRRX,$2.05,1440774974829,"37,426",50% bullish,of 6 ratings,$3
DYSL,$1.4795,1440774974854,810,100% bullish,of 2 ratings,N/A
BOOM,$10.38,1440774974882,"42,530",67% bullish,of 3 ratings,$12
DYAX,$23.59,1440774974907,"95,977",89% bullish,of 9 ratings,$30
DYNT,$3.1,1440774974932,"2,317",75% bullish,of 4 ratings,N/A
DVAX,$28.89,1440774975127,"67,110",70% bullish,of 10 ratings,$40
ETFC,$26.61,1440774975164,"215,837",57% bullish,of 14 ratings,$32.50
EGLE,$6.42,1440774975303,"18,208",60% bullish,of 5 ratings,N/A
EGRX,$83.3601,1440774975410,"61,017",67% bullish,of 3 ratings,$97
ELNK,$8.4401,1440774975440,"146,094",60% bullish,of 5 ratings,$9.50
EGBN,$42.06,1440774975469,"14,121",Not yet rated,NULL,$48
EBMT,$11.5,1440774975567,700,Not yet rated,NULL,$13.50
EROC,$1.5299,1440774975667,"78,742",50% bullish,of 2 ratings,$3
EACQU,NULL,1440774975799,0,Not yet rated,NULL,N/A
EVBS,$6.53,1440774976006,"1,531",Not yet rated,NULL,$7
EWBC,$40.23,1440774976064,"100,307",100% bearish,of 1 rating,$50
EBAY,$26.978,1440774976106,"1,050,713",81% bullish,of 117 ratings,$34
ECHO,$23.23,1440774976190,"29,164",67% bearish,of 3 ratings,$35.50
EML,$16.37,1440774976217,"3,900",Not yet rated,NULL,N/A
ELON,$0.5401,1440774976271,"1,250",50% bullish,of 2 ratings,N/A
EEI,$11.27,1440774976297,"1,500",67% bearish,of 3 ratings,N/A
EBIX,$28.32,1440774976350,"28,866",69% bullish,of 13 ratings,$40
ECACU,$10.1,1440774976568,"1,800",Not yet rated,NULL,N/A
ECTE,$1.52,1440774976594,"1,200",75% bullish,of 4 ratings,N/A
SATS,$44.91,1440774976722,"8,358",50% bullish,of 2 ratings,$60
ESES,$3.44,1440774976760,132,100% bearish,of 1 rating,$7
EDAP,$3.6053,1440774976823,"5,296",60% bullish,of 5 ratings,$4.50
EDUC,$5.45,1440774976904,"4,137",100% bearish,of 1 rating,N/A
EDGW,$7.01,1440774977074,"5,050",100% bearish,of 1 rating,N/A
EFUT,$4.56,1440774977114,400,Not yet rated,NULL,N/A
EGAN,$3.56,1440774977163,"4,170",50% bullish,of 2 ratings,$6.25
LOCO,$13.73,1440774977359,"636,256",69% bullish,of 13 ratings,$20
EGLT,$10.7399,1440774977414,"4,895",50% bullish,of 2 ratings,$21
EHTH,$14.21,1440774977443,"86,711",50% bullish,of 4 ratings,$16.50
EMITF,$1.25,1440774977545,"2,200",75% bullish,of 4 ratings,N/A
ERI,$9.5299,1440774977628,"28,111",100% bearish,of 1 rating,$10
ESLT,$77.011,1440774977761,"1,078",67% bullish,of 3 ratings,N/A
ELRC,$10.38,1440774977945,"6,114",100% bearish,of 1 rating,N/A
EFII,$44.135,1440774978044,"26,948",80% bullish,of 5 ratings,$55
ESIO,$4.465,1440774978070,"14,280",50% bullish,of 2 ratings,$10
EA,$67.945,1440774978235,"456,957",77% bullish,of 35 ratings,$80
ESBK,NULL,1440774978452,0,Not yet rated,NULL,N/A
ELECU,NULL,1440774978511,0,Not yet rated,NULL,N/A
ELSE,NULL,1440774978587,0,60% bullish,of 5 ratings,N/A
ELEC,NULL,1440774978608,0,Not yet rated,NULL,N/A
ELECW,NULL,1440774978636,0,Not yet rated,NULL,N/A
RDEN,$10.97,1440774978691,"23,457",100% bearish,of 4 ratings,$15
EBIO,$3.57,1440774978765,"110,258",100% bearish,of 2 ratings,$8.35
CAPX,$22.95,1440774978822,300,Not yet rated,NULL,N/A
LONG,$16.87,1440774978847,"1,200",67% bullish,of 3 ratings,$15.75
EMCI,$22.555,1440774979003,"7,711",Not yet rated,NULL,N/A
EMCF,$23.06,1440774979066,100,100% bearish,of 1 rating,N/A
ELTK,$1.36,1440774979196,"104,193",67% bearish,of 3 ratings,N/A
EMKR,$6.97,1440774979363,"19,045",75% bullish,of 4 ratings,$8.50
ERS,$2.99,1440774979407,"4,600",Not yet rated,NULL,N/A
EMMS,$1.13,1440774979434,"55,739",83% bullish,of 6 ratings,N/A
NYNY,$4.4,1440774979507,"12,855",50% bullish,of 2 ratings,N/A
EMMSP,NULL,1440774979566,0,100% bearish,of 1 rating,N/A
ENDP,$78.85,1440774979636,"220,006",50% bullish,of 6 ratings,$104
ECYT,$5.265,1440774979699,"70,398",83% bullish,of 6 ratings,$12
WIRE,$32.02,1440774979730,"22,894",100% bearish,of 1 rating,$37
ECPG,$39.35,1440774979762,"36,293",100% bullish,of 2 ratings,$52
ENTA,$40.92,1440774979833,"29,730",50% bullish,of 2 ratings,$42
ELGX,$12.91,1440774979894,"66,372",75% bullish,of 4 ratings,$17
WATT,$6.84,1440774980070,"37,894",50% bullish,of 2 ratings,$13
EFOI,$21.9625,1440774980203,"342,281",50% bullish,of 2 ratings,$20.50
EIGI,$15.49,1440774980261,"70,218",67% bearish,of 3 ratings,$22.50
ENPH,$4.62,1440774980410,"144,288",75% bullish,of 4 ratings,$11
ERII,$2.685,1440774980461,"18,002",80% bullish,of 5 ratings,$2.50
ENOC,$8.75,1440774980540,"59,532",75% bullish,of 4 ratings,$18
ENG,$1.0001,1440774980570,"1,000",100% bullish,of 3 ratings,N/A
EXXI,$1.8,1440774980596,"1,039,748",86% bullish,of 7 ratings,$3.50
ESGR,$145.04,1440774980672,"2,400",100% bearish,of 1 rating,$185
ENFC,$17.84,1440774980812,100,Not yet rated,NULL,N/A
ENTG,$13.73,1440774980946,"150,843",100% bearish,of 1 rating,$18
ENTL,$22.423,1440774980979,"4,168",Not yet rated,NULL,$28
ETRM,$0.27,1440774981078,"158,870",69% bearish,of 35 ratings,$1.625
EBTC,$21.77,1440774981156,"1,625",Not yet rated,NULL,N/A
EFSC,$23.7001,1440774981246,"14,542",Not yet rated,NULL,$27
EGT,$2.18,1440774981271,"2,652",100% bullish,of 1 rating,N/A
ENVI,$1.8001,1440774981692,350,67% bullish,of 3 ratings,N/A
ENZN,$1.0399,1440774981835,"68,619",100% bullish,of 9 ratings,N/A
EPIQ,$12.995,1440774981967,"44,846",100% bearish,of 1 rating,$18
ENZY,$9.74,1440774982038,"12,965",67% bullish,of 3 ratings,$9.50
EQFN,NULL,1440774982201,0,100% bearish,of 1 rating,N/A
EQIX,$268.615,1440774982227,"68,146",75% bullish,of 4 ratings,$312.50
EPRS,$5.19,1440774982288,"27,904",82% bullish,of 11 ratings,$15
EPZM,$18.78,1440774982451,"69,360",60% bullish,of 5 ratings,$34
ERIC,$9.865,1440774982500,"334,033",67% bullish,of 9 ratings,$12.20
PLUS,$75.38,1440774982529,"5,912",50% bullish,of 2 ratings,$88
ERIE,$82.25,1440774982585,"3,350",Not yet rated,NULL,$73
ESCA,$17.5,1440774982661,"5,938",100% bearish,of 1 rating,$22
EAC,$3.31,1440774982792,"2,015",100% bearish,of 1 rating,$8
ESCR,$0.118,1440774982857,"104,786",50% bullish,of 2 ratings,N/A
ESCRP,$1.55,1440774982951,30,100% bearish,of 1 rating,N/A
ESMC,$1.28,1440774983083,50,Not yet rated,NULL,N/A
ESPR,$53.35,1440774983108,"250,735",70% bearish,of 10 ratings,$123
CLWT,NULL,1440774983455,0,100% bullish,of 1 rating,N/A
EPIX,NULL,1440774983498,0,Not yet rated,NULL,N/A
ESSA,$12.75,1440774983588,100,100% bearish,of 1 rating,N/A
EEFT,$65.37,1440774983618,"49,729",100% bearish,of 1 rating,$67.50
ESND,$34.31,1440774983654,"18,509",100% bearish,of 2 ratings,$40
ESEA,$5.45,1440774983719,"1,709",100% bullish,of 1 rating,$15
ESSX,$0.42,1440774983754,"15,489",50% bullish,of 2 ratings,N/A
EVK,NULL,1440774983855,0,75% bearish,of 4 ratings,N/A
EVEP,$8.3168,1440774983881,"132,455",50% bullish,of 2 ratings,$15
ETSY,$15.11,1440774983959,"163,182",80% bullish,of 5 ratings,$16
EVLV,$2.7,1440774984091,"84,501",60% bullish,of 5 ratings,$5.125
EVOL,$6.21,1440774984370,"1,925",75% bullish,of 4 ratings,$10
EXAS,$22.1801,1440774984412,"133,070",78% bullish,of 9 ratings,$31
EXEL,$6.05,1440774984461,"1,225,660",81% bullish,of 16 ratings,$6
EVOK,$3.8,1440774984604,"16,610",100% bearish,of 1 rating,$13.375
EXA,$11.14,1440774984693,"5,382",100% bearish,of 1 rating,$13
EXAC,$18.46,1440774984786,"5,178",100% bearish,of 1 rating,$22.50
EXFO,$2.8032,1440774984826,"2,000",67% bearish,of 3 ratings,$3.95
EXPD,$49.34,1440774984855,"244,640",80% bullish,of 5 ratings,$52
EXLS,$36.51,1440774984960,"26,895",50% bullish,of 2 ratings,$41
EXPE,$116.29,1440774984985,"140,611",64% bullish,of 11 ratings,$130
EXTR,$2.815,1440774985186,"116,824",80% bullish,of 5 ratings,$3
EXPO,$42.68,1440774985242,"14,418",100% bearish,of 1 rating,$45.50
ESRX,$84.83,1440774985319,"465,360",67% bearish,of 6 ratings,$101
EXLP,$20.01,1440774985399,"46,356",100% bearish,of 1 rating,$25
EYEG,$3.57,1440774985483,"1,300",Not yet rated,NULL,N/A
EYEGW,NULL,1440774985527,0,Not yet rated,NULL,N/A
FFIV,$123.13,1440774985734,"116,614",63% bullish,of 8 ratings,$132
FCS,$13.6,1440774985869,"130,169",67% bearish,of 3 ratings,$17
FB,$90.99,1440774985895,"9,920,208",73% bullish,of 1069 ratings,$111
EZCH,$22.8399,1440774985932,"42,886",75% bullish,of 8 ratings,$19.50
EZPW,$5.85,1440774986024,"38,914",50% bullish,of 4 ratings,$7.50
FWM,$2.3799,1440774986239,"29,343",100% bearish,of 2 ratings,$3.20
FALC,$1.7,1440774986420,"24,411",63% bearish,of 8 ratings,N/A
FFKT,$26.17,1440774986446,"2,439",Not yet rated,NULL,$29
DAVE,$15.05,1440774986499,"6,321",100% bearish,of 1 rating,$15.50
FRP,$16.465,1440774986521,"34,183",100% bearish,of 1 rating,$18
FMNB,$8.05,1440774986601,823,Not yet rated,NULL,N/A
FARO,$37.46,1440774986695,"26,856",50% bullish,of 2 ratings,$48
FARM,$22,1440774986720,"6,450",100% bearish,of 1 rating,$35
FBSS,NULL,1440774986916,0,Not yet rated,NULL,N/A
FDML,$8.555,1440774986946,"50,981",50% bullish,of 4 ratings,$14
FBRC,$22.0801,1440774986976,"3,714",100% bearish,of 1 rating,$29
FAST,$38.82,1440774987079,"273,812",80% bullish,of 5 ratings,$45.50
FATE,$6.81,1440774987138,"7,094",50% bullish,of 2 ratings,$11
FNHC,$21.45,1440774987187,"26,999",100% bearish,of 1 rating,$35
FEIC,$76.215,1440774987316,"42,963",50% bullish,of 2 ratings,$95.50
FHCO,$1.3898,1440774987409,"7,977",50% bullish,of 4 ratings,N/A
FCSC,$5.665,1440774987570,"22,644",100% bearish,of 1 rating,$8.125
ONEQ,$188.82,1440774987596,"3,277",100% bullish,of 1 rating,N/A
FENX,$9.86,1440774987623,"27,625",100% bullish,of 1 rating,$14.25
FGEN,$23.98,1440774987728,"31,577",100% bearish,of 1 rating,$39
FDUS,$14.36,1440774987753,"3,316",50% bullish,of 2 ratings,$18
LION,$19.0199,1440774987778,"11,705",100% bullish,of 1 rating,$20
FRGI,$52.71,1440774987930,"38,249",50% bullish,of 2 ratings,$70
FSCFL,$24.4601,1440774987992,791,Not yet rated,NULL,N/A
FSAM,$8.11,1440774988075,"1,685",100% bearish,of 1 rating,$10.25
FSC,$6.39,1440774988102,"165,741",60% bullish,of 5 ratings,$8
FSFR,$8.8352,1440774988129,"14,400",100% bearish,of 1 rating,$11.50
FITB,$19.9225,1440774988273,"897,245",54% bullish,of 13 ratings,$22
FITBI,$27.52,1440774988299,"4,336",Not yet rated,NULL,N/A
FNGN,$33.26,1440774988433,"39,278",67% bullish,of 3 ratings,$47
FNTC,NULL,1440774988532,0,Not yet rated,NULL,N/A
FISI,$24.62,1440774988559,"6,475",100% bullish,of 2 ratings,$24.50
FNSR,$15.78,1440774988699,"142,501",71% bullish,of 7 ratings,$24.50
FNJN,$1.93,1440774988731,"11,701",100% bearish,of 1 rating,$5
FEYE,$39.37,1440774988836,"633,711",87% bullish,of 15 ratings,$55.50
FNTCW,NULL,1440774988870,0,Not yet rated,NULL,N/A
FNLC,$18.5,1440774988891,"5,073",100% bullish,of 1 rating,N/A
FNTCU,NULL,1440774988965,0,Not yet rated,NULL,N/A
FBNC,$17.04,1440774988994,"4,650",100% bullish,of 1 rating,$20
FRBA,$6.08,1440774989070,600,Not yet rated,NULL,$8
FCVA,NULL,1440774989215,0,Not yet rated,NULL,N/A
BUSE,$6.32,1440774989246,"30,478",Not yet rated,NULL,$6.875
FBIZ,$43.75,1440774989381,"13,555",100% bearish,of 2 ratings,$52
FCFS,$39.25,1440774989451,"28,340",100% bearish,of 3 ratings,$48
FCBC,$17.66,1440774989551,"5,743",Not yet rated,NULL,$18
FCAP,$26.5,1440774989598,202,Not yet rated,NULL,N/A
FCLF,$9.04,1440774989739,204,Not yet rated,NULL,N/A
FCCO,$11.53,1440774989770,700,Not yet rated,NULL,$13.25
FCNCA,$240.01,1440774989822,"5,384",Not yet rated,NULL,N/A
FFNM,$6.33,1440774989925,811,Not yet rated,NULL,N/A
FCFP,$6.94,1440774989959,"1,500",Not yet rated,NULL,N/A
FBNK,$17.02,1440774989980,"7,873",100% bearish,of 1 rating,$17.50
FFBC,$18.2476,1440774990014,"32,100",67% bearish,of 3 ratings,$20.25
FDEF,$37.48,1440774990109,"8,836",Not yet rated,NULL,$38
FFIN,$30.71,1440774990246,"33,909",50% bullish,of 2 ratings,$31.75
FFBCW,NULL,1440774990270,0,100% bearish,of 1 rating,N/A
THFF,$32.95,1440774990680,"6,626",Not yet rated,NULL,$35
FNBC,$34.2,1440774990708,"16,935",Not yet rated,NULL,$40
INBK,$30.0301,1440774990739,"6,568",50% bullish,of 2 ratings,$37
FMBH,NULL,1440774990768,0,Not yet rated,NULL,N/A
FRME,$25.81,1440774990796,"26,374",Not yet rated,NULL,$26.50
FIBK,$26.3999,1440774990844,"21,753",Not yet rated,NULL,$32
FFNW,$11.9188,1440774990871,955,Not yet rated,NULL,$14
FFWM,$21.35,1440774990930,"2,216",Not yet rated,NULL,$24
FNFG,$9.13,1440774991063,"277,995",80% bullish,of 5 ratings,$9
FSFG,NULL,1440774991087,0,Not yet rated,NULL,N/A
FMBI,$17.49,1440774991243,"46,557",Not yet rated,NULL,$20
FSGI,$2.5,1440774991294,"2,850",Not yet rated,NULL,N/A
FNWB,$11.9,1440774991375,"1,933",Not yet rated,NULL,N/A
FSLR,$48.67,1440774991426,"443,804",72% bullish,of 39 ratings,$65
FSBK,$7.8,1440774991507,"2,500",100% bullish,of 1 rating,N/A
BICK,$19.69,1440774991579,952,100% bullish,of 1 rating,N/A
FCAN,NULL,1440774991711,0,Not yet rated,NULL,N/A
FTCS,$36.6713,1440774991782,"7,067",100% bearish,of 1 rating,N/A
FBZ,NULL,1440774991803,0,Not yet rated,NULL,N/A
FEMB,NULL,1440774991879,0,Not yet rated,NULL,N/A
IFV,$17.8446,1440774991953,"252,623",100% bearish,of 1 rating,N/A
FCA,NULL,1440774992011,0,Not yet rated,NULL,N/A
FV,$23.6299,1440774992036,"833,217",100% bearish,of 1 rating,N/A
FTSM,$59.8453,1440774992181,"4,121",100% bearish,of 1 rating,N/A
FEUZ,$31.16,1440774992223,560,Not yet rated,NULL,N/A
MDIV,$19.211,1440774992424,"30,195",Not yet rated,NULL,N/A
FGM,$35.59,1440774992518,127,Not yet rated,NULL,N/A
TDIV,$24.7916,1440774992550,"20,492",100% bearish,of 1 rating,N/A
FTHI,$19.37,1440774992649,100,Not yet rated,NULL,N/A
FTGC,$22.32,1440774992675,"47,566",Not yet rated,NULL,N/A
SKYY,$29.08,1440774992805,"10,216",100% bullish,of 1 rating,N/A
YDIV,$16.52,1440774992831,518,Not yet rated,NULL,N/A
FHK,$33.5212,1440774992858,437,Not yet rated,NULL,N/A
HYLS,$49.2601,1440774992878,"19,605",100% bearish,of 1 rating,N/A
FPXI,$27.24,1440774993014,300,Not yet rated,NULL,N/A
CU,$13.2658,1440774993067,"2,740",100% bearish,of 1 rating,N/A
PLTM,$6.419,1440774993110,"2,174",100% bearish,of 1 rating,N/A
FTLB,$19.2907,1440774993138,"3,000",100% bearish,of 1 rating,N/A
FJP,$47.77,1440774993197,"28,111",Not yet rated,NULL,N/A
LMBS,$49.95,1440774993441,"4,311",Not yet rated,NULL,N/A
FMB,$51.246,1440774993547,215,Not yet rated,NULL,N/A
GRID,$31.59,1440774993576,300,100% bearish,of 1 rating,N/A
QABA,$37.1368,1440774993679,"2,955",100% bearish,of 1 rating,N/A
CIBR,$18.0617,1440774993750,"18,976",Not yet rated,NULL,N/A
FONE,$35.4068,1440774993811,900,Not yet rated,NULL,N/A
QCLN,$15.282,1440774993836,"8,542",Not yet rated,NULL,N/A
QQEW,$42.15,1440774993966,"11,108",Not yet rated,NULL,N/A
CARZ,$35.1199,1440774993991,327,100% bearish,of 1 rating,N/A
RDVY,$21.1287,1440774994018,"1,945",Not yet rated,NULL,N/A
QQXT,$40.82,1440774994148,"14,134",Not yet rated,NULL,N/A
QTEC,$40.2351,1440774994341,"10,918",Not yet rated,NULL,N/A
QINC,NULL,1440774994375,0,Not yet rated,NULL,N/A
FTSL,$48.8,1440774994395,"40,310",100% bearish,of 1 rating,N/A
AIRR,$16.2801,1440774994427,"1,000",100% bearish,of 1 rating,N/A
FKO,NULL,1440774994560,0,Not yet rated,NULL,N/A
FSZ,$39.035,1440774994769,605,Not yet rated,NULL,N/A
FDIV,$46.09,1440774994951,1,100% bearish,of 1 rating,N/A
FTW,$31.91,1440774995020,2,Not yet rated,NULL,N/A
FUNC,NULL,1440774995083,0,Not yet rated,NULL,N/A
FMER,$17.85,1440774995114,"198,920",50% bullish,of 2 ratings,$20
FKU,$41.4462,1440774995143,250,Not yet rated,NULL,N/A
FISV,$86.66,1440774995168,"154,371",100% bearish,of 3 ratings,$90
SVVC,$9.22,1440774995214,"4,936",50% bullish,of 2 ratings,$26
TUSA,$25.08,1440774995241,200,Not yet rated,NULL,N/A
FSV,$31.25,1440774995486,514,Not yet rated,NULL,$33.60
FLKS,$12,1440774995517,"7,975",50% bullish,of 2 ratings,$27
FIVE,$38.035,1440774995546,"216,715",75% bearish,of 4 ratings,$44
FIVN,$4.01,1440774995647,"22,882",100% bullish,of 1 rating,$8.50
FPRX,$18.76,1440774995678,"52,231",50% bullish,of 2 ratings,$35
FLML,$21.85,1440774995738,"24,895",50% bullish,of 2 ratings,$30
FLXN,$24.7,1440774995874,"8,993",100% bearish,of 1 rating,$40
SKOR,NULL,1440774996146,0,Not yet rated,NULL,N/A
MBSD,$24.97,1440774996221,"9,898",Not yet rated,NULL,N/A
FLXS,$31.71,1440774996282,"3,123",100% bearish,of 2 ratings,N/A
FOGO,$18.86,1440774996308,"11,714",50% bullish,of 2 ratings,$25.50
FLDM,$11.87,1440774996338,"71,599",67% bearish,of 3 ratings,$15
FFIC,$19.92,1440774996386,"10,825",Not yet rated,NULL,$21
FLEX,$10.625,1440774996439,"317,534",63% bullish,of 8 ratings,$12
FLIR,$28.565,1440774996464,"201,258",100% bearish,of 1 rating,$38.50
FONR,$9.76,1440774996632,"2,312",100% bullish,of 1 rating,N/A
FES,$0.93,1440774996831,"3,907",50% bullish,of 2 ratings,$1
FORM,$6.4,1440774996856,"46,964",67% bullish,of 3 ratings,$10.50
FOMX,$10.02,1440774996883,"27,545",50% bullish,of 2 ratings,$23.50
FTNT,$42.73,1440774997012,"125,784",80% bullish,of 10 ratings,$52
FORTY,NULL,1440774997037,0,100% bearish,of 1 rating,N/A
FORD,$2.08,1440774997363,"763,657",67% bullish,of 3 ratings,N/A
FMI,$23.91,1440774997491,"110,190",100% bearish,of 2 ratings,$27.50
FWP,$26.57,1440774997516,"4,038",100% bearish,of 1 rating,$45
FWRD,$45.31,1440774997544,"23,659",100% bearish,of 1 rating,$50
FOSL,$62.18,1440774997588,"143,395",60% bearish,of 5 ratings,$80
FBIO,$2.74,1440774997676,"24,392",83% bullish,of 6 ratings,N/A
FXCB,$17.05,1440774997835,"3,503",Not yet rated,NULL,$19
FOXF,$15.1775,1440774997868,"5,870",100% bearish,of 1 rating,$19
FELE,$28.75,1440774997894,"62,284",50% bullish,of 4 ratings,$33
FRAN,$11.37,1440774997923,"106,106",50% bullish,of 4 ratings,$15
FREE,$0.3649,1440774998029,"118,391",92% bullish,of 12 ratings,N/A
RAIL,$20.18,1440774998193,"18,747",100% bearish,of 1 rating,$24.50
FORR,$31.98,1440774998222,"3,104",Not yet rated,NULL,N/A
FRED,$12.82,1440774998249,"53,509",50% bullish,of 2 ratings,$16
FRPT,$13,1440774998329,"82,013",67% bearish,of 3 ratings,$23.50
FEIM,$11.23,1440774998456,407,100% bearish,of 1 rating,N/A
FTR,$5.007,1440774998613,"1,988,535",78% bullish,of 27 ratings,$6.25
FSYS,$6.66,1440774998672,"7,755",67% bullish,of 3 ratings,$10
FSBW,$22.77,1440774998801,717,Not yet rated,NULL,N/A
FCEL,$0.79,1440774998826,"506,784",88% bullish,of 41 ratings,$2.65
FTD,$30.26,1440774998853,"30,194",100% bearish,of 1 rating,$40
FRPH,$31.25,1440774998879,"2,314",100% bearish,of 1 rating,N/A
FTRPR,$99.29,1440774998912,"1,147",100% bearish,of 1 rating,N/A
FULL,$3.09,1440774999010,"5,986",67% bearish,of 3 ratings,$4.25
FTEK,$2.03,1440774999162,"13,635",75% bullish,of 4 ratings,N/A
FSNN,NULL,1440774999340,0,67% bullish,of 3 ratings,$6
FULT,$12.1,1440774999475,"166,561",100% bearish,of 1 rating,$13
FULLL,NULL,1440774999537,0,Not yet rated,NULL,N/A
FFHL,$1,1440774999608,"14,697",50% bullish,of 4 ratings,N/A
FLL,NULL,1440774999634,0,75% bullish,of 4 ratings,$3.50
FXENP,NULL,1440774999654,0,100% bearish,of 1 rating,N/A
FXEN,$0.8845,1440774999687,"22,328",75% bullish,of 4 ratings,$1.10
GK,$67.15,1440774999788,"13,838",Not yet rated,NULL,$78
WILC,$4.84,1440774999850,"1,029",100% bullish,of 2 ratings,N/A
GALT,$1.99,1440775000064,"14,178",80% bullish,of 5 ratings,N/A
GALTW,NULL,1440775000197,0,100% bullish,of 1 rating,N/A
GLPG,$60.537,1440775000227,"4,040",100% bullish,of 1 rating,$75
GAIA,$5.99,1440775000287,400,50% bullish,of 2 ratings,$8.50
GALTU,NULL,1440775000374,0,100% bearish,of 1 rating,N/A
GALE,$1.485,1440775000399,"247,878",89% bullish,of 47 ratings,$4
GLMD,$8.71,1440775000549,"1,550",67% bullish,of 3 ratings,$20.50
GLPI,$31.515,1440775000619,"78,021",100% bearish,of 1 rating,$37.50
GGAC,$9.9,1440775000646,"3,134",100% bearish,of 1 rating,N/A
GPIC,$9.64,1440775000881,410,100% bearish,of 1 rating,N/A
GRMN,$38.13,1440775000921,"167,655",50% bullish,of 6 ratings,$46.50
GGACU,$10.29,1440775000952,100,Not yet rated,NULL,N/A
GGACW,$0.19,1440775001018,700,Not yet rated,NULL,N/A
GGACR,$0.28,1440775001039,"8,400",100% bullish,of 1 rating,N/A
GENC,$9.45,1440775001081,180,100% bearish,of 1 rating,N/A
GARS,$14.21,1440775001117,"8,193",Not yet rated,NULL,$16
GENE,$2.2309,1440775001440,"104,055",100% bullish,of 12 ratings,N/A
GFNCP,NULL,1440775001522,0,Not yet rated,NULL,N/A
GFN,$3.8,1440775001611,"13,089",100% bearish,of 2 ratings,$8
GHDX,$27.385,1440775001657,"78,343",50% bullish,of 2 ratings,$30
GNCMA,$17,1440775001692,"27,922",100% bearish,of 1 rating,$12
GFNSL,$25.62,1440775001718,600,Not yet rated,NULL,N/A
GNCA,$12.315,1440775001788,"26,648",100% bearish,of 1 rating,$20
GNMK,$9.625,1440775001817,"20,634",67% bullish,of 6 ratings,$14
GNTX,$15.525,1440775001945,"289,229",Not yet rated,NULL,$20
GNVC,$2.42,1440775002044,16,90% bullish,of 10 ratings,$8.50
GABC,$29.26,1440775002074,"5,200",Not yet rated,NULL,$31
GEVO,$2.385,1440775002380,"104,451",75% bullish,of 12 ratings,$5
GTWN,NULL,1440775002451,0,Not yet rated,NULL,N/A
GEOS,$16.53,1440775002512,"31,396",100% bearish,of 3 ratings,$21
GERN,$3.14,1440775002545,"326,715",88% bullish,of 16 ratings,$5.25
THRM,$45.03,1440775002578,"55,397",75% bearish,of 4 ratings,$55.50
ROCK,$16.43,1440775002646,"26,115",80% bullish,of 5 ratings,$24
GIGM,$0.5754,1440775002727,400,100% bullish,of 2 ratings,N/A
GIGA,$1.4301,1440775002752,"1,163",100% bearish,of 1 rating,N/A
GIII,$68.29,1440775002782,"41,409",67% bullish,of 3 ratings,$75
GILT,$4.37,1440775002939,600,50% bullish,of 2 ratings,N/A
GILD,$108.28,1440775002964,"1,698,227",91% bullish,of 87 ratings,$129
GLAD,$8.69,1440775003171,"60,981",50% bullish,of 2 ratings,$8.75
GBCI,$25.78,1440775003333,"40,165",50% bullish,of 2 ratings,$31
GLADO,$25.59,1440775003359,100,Not yet rated,NULL,N/A
GAIN,$7.43,1440775003439,"41,977",100% bullish,of 2 ratings,$8.25
GOOD,$14.5,1440775003534,"27,851",Not yet rated,NULL,$19
GOODP,NULL,1440775003578,0,Not yet rated,NULL,N/A
GOODO,$25,1440775003604,15,Not yet rated,NULL,N/A
GOODN,NULL,1440775003635,0,Not yet rated,NULL,N/A
GAINO,$25.1728,1440775003803,490,Not yet rated,NULL,N/A
GAINN,$25.12,1440775003833,"4,169",Not yet rated,NULL,N/A
GLBZ,NULL,1440775003854,0,Not yet rated,NULL,N/A
LAND,$9.3,1440775003982,"11,801",50% bullish,of 2 ratings,$13.75
GBT,$42.11,1440775004012,"44,028",100% bearish,of 1 rating,N/A
GAINP,$25.94,1440775004061,40,Not yet rated,NULL,N/A
ENT,$11.78,1440775004255,"17,168",100% bearish,of 1 rating,$18
GDEF,$10.53,1440775004294,400,Not yet rated,NULL,N/A
GBLI,$26.88,1440775004461,"2,006",Not yet rated,NULL,N/A
GSOL,$8.06,1440775004487,"11,795",100% bearish,of 1 rating,N/A
GPACU,NULL,1440775004520,0,Not yet rated,NULL,N/A
ACTX,NULL,1440775004621,0,100% bullish,of 1 rating,N/A
QQQC,$19.6301,1440775004648,"1,861",100% bearish,of 1 rating,N/A
ALTY,$14.44,1440775004827,600,Not yet rated,NULL,N/A
GAI,$5.87,1440775004854,100,50% bullish,of 2 ratings,N/A
SOCL,$17.7799,1440775004879,"4,963",100% bullish,of 2 ratings,N/A
SRET,$13.27,1440775005023,214,Not yet rated,NULL,N/A
GSM,$13.41,1440775005077,"112,676",50% bullish,of 2 ratings,$22
YLCO,$11.71,1440775005125,600,Not yet rated,NULL,N/A
GLRI,$1.02,1440775005155,"11,542",100% bearish,of 1 rating,$4.25
GBIM,$2.25,1440775005210,"8,219",50% bullish,of 2 ratings,N/A
GLBS,NULL,1440775005283,0,67% bullish,of 3 ratings,N/A
GOGO,$15.78,1440775005741,"88,263",80% bullish,of 5 ratings,$25
GMLP,$18.4,1440775005771,"54,227",50% bullish,of 4 ratings,$32.50
GLUU,$4.495,1440775005798,"306,554",92% bullish,of 26 ratings,$9
GLDC,$4.0396,1440775005830,"1,900",50% bullish,of 2 ratings,N/A
GLYC,$7.055,1440775005870,"1,820",50% bullish,of 2 ratings,$14
GLNG,$38.07,1440775005929,"251,115",83% bullish,of 6 ratings,$58
GDEN,$9.05,1440775005955,259,50% bullish,of 2 ratings,N/A
GOGL,$3.155,1440775006088,"104,399",75% bullish,of 4 ratings,$5
GPRO,$48.69,1440775006116,"1,188,997",78% bullish,of 58 ratings,$72
GOOG,$630.37,1440775006162,"345,216",89% bullish,of 70 ratings,$825
GTIM,$7,1440775006363,"7,279",Not yet rated,NULL,$11.50
GOOGL,$659.96,1440775006389,"326,611",88% bullish,of 1081 ratings,$749
GMAN,$3.78,1440775006440,"75,565",60% bullish,of 5 ratings,$8.50
GBDC,$16.657,1440775006521,"43,387",Not yet rated,NULL,$17.75
GPIA,NULL,1440775006546,0,Not yet rated,NULL,N/A
GPIAU,NULL,1440775006797,0,Not yet rated,NULL,N/A
LOPE,$37.51,1440775006927,"26,597",100% bearish,of 2 ratings,$50
GBSNU,NULL,1440775007062,0,NULL,NULL,NULL
GBSN,$0.38,1440775007133,"1,833,590",50% bullish,of 2 ratings,$8.25
GSBC,$39.39,1440775007159,"5,394",100% bullish,of 1 rating,$44
GPIAW,NULL,1440775007189,0,Not yet rated,NULL,N/A
GRVY,NULL,1440775007238,0,50% bullish,of 2 ratings,N/A
GLDD,$5.43,1440775007388,"31,772",100% bearish,of 4 ratings,$7.75
GNBC,$11.5,1440775007415,"3,850",100% bearish,of 1 rating,$16.50
GRBK,$11.955,1440775007452,"32,965",77% bullish,of 13 ratings,N/A
GPP,$13.35,1440775007477,"15,045",Not yet rated,NULL,$20.50
GPRE,$20.54,1440775007695,"410,366",67% bullish,of 6 ratings,$28.50
GLRE,$25.47,1440775007754,"64,177",50% bullish,of 2 ratings,$41
GCBC,NULL,1440775007827,0,100% bullish,of 1 rating,N/A
GRFS,$30.57,1440775007911,"54,087",50% bullish,of 2 ratings,$35
GRIF,$30.62,1440775007983,54,100% bearish,of 1 rating,N/A
GSIG,$13.03,1440775008115,"11,341",100% bearish,of 2 ratings,N/A
GRPN,$4.395,1440775008150,"1,291,893",61% bullish,of 71 ratings,$6.75
GGAL,$19.68,1440775008294,"40,650",80% bullish,of 5 ratings,$40
OMAB,$40.8638,1440775008464,"4,787",100% bullish,of 1 rating,$44
GBNK,$15.77,1440775008493,"8,633",100% bearish,of 1 rating,$18
GTXI,$0.9045,1440775008519,"3,501",100% bullish,of 5 ratings,$.75
GSIT,$4.71,1440775008592,502,100% bearish,of 1 rating,N/A
GSVC,$8.94,1440775008656,"15,390",50% bullish,of 2 ratings,$14.50
GULTU,$0.2975,1440775008691,"49,337",100% bearish,of 1 rating,N/A
GFED,NULL,1440775008790,0,Not yet rated,NULL,$17
GUID,$7.28,1440775008895,"12,426",100% bearish,of 3 ratings,$10
GURE,$1.71,1440775009157,"20,267",88% bullish,of 8 ratings,N/A
GPOR,$36.22,1440775009251,"318,284",75% bullish,of 4 ratings,$55
GWGH,NULL,1440775009299,0,100% bearish,of 1 rating,$15.05
GIFI,$12.19,1440775009356,"8,989",100% bearish,of 1 rating,$16
GWPH,$108.98,1440775009383,"21,907",78% bullish,of 9 ratings,$148.50
HLG,$9,1440775009409,"2,225",100% bearish,of 1 rating,N/A
HEES,$18.976,1440775009430,"102,075",67% bearish,of 3 ratings,$31
GYRO,NULL,1440775009461,0,100% bearish,of 1 rating,N/A
HNRG,$7.69,1440775009702,"15,979",100% bearish,of 1 rating,$10
HALL,$11.27,1440775009727,"7,106",Not yet rated,NULL,N/A
HALO,$18.1698,1440775009867,"181,904",67% bullish,of 3 ratings,$22.50
HMPR,$1.894,1440775009926,"9,100",100% bullish,of 1 rating,N/A
HBK,NULL,1440775009959,0,50% bullish,of 2 ratings,N/A
HBHC,$27.43,1440775010056,"73,511",50% bullish,of 2 ratings,$30
HNH,$25.56,1440775010086,"3,211",100% bullish,of 1 rating,N/A
HBHCL,$24.2501,1440775010186,"9,185",Not yet rated,NULL,N/A
HQCL,$12.29,1440775010432,"10,498",67% bullish,of 3 ratings,$14
HNSN,$0.496,1440775010460,"8,377",88% bullish,of 8 ratings,$.40
HLIT,$5.79,1440775010511,"48,030",100% bearish,of 1 rating,$6.50
HDNG,$10.04,1440775010536,"3,623",50% bullish,of 4 ratings,N/A
HAFC,$24.23,1440775010589,"35,282",100% bullish,of 2 ratings,$28.50
HRMNU,NULL,1440775010670,0,Not yet rated,NULL,N/A
HRMNW,NULL,1440775010718,0,Not yet rated,NULL,N/A
HRMN,NULL,1440775010849,0,Not yet rated,NULL,N/A
TINY,$2.4985,1440775010875,"5,000",50% bullish,of 2 ratings,$5.26
HBIO,$4.32,1440775010948,"11,350",100% bearish,of 1 rating,$10
HART,$0.9512,1440775011016,"40,424",100% bearish,of 1 rating,N/A
HCAP,$12.1,1440775011041,"2,300",50% bullish,of 2 ratings,$15
HCAPL,NULL,1440775011174,0,Not yet rated,NULL,N/A
HAS,$75.9301,1440775011308,"128,998",63% bullish,of 8 ratings,$84.50
HA,$22.88,1440775011375,"144,495",67% bullish,of 9 ratings,$27
HWBK,NULL,1440775011460,0,100% bearish,of 1 rating,N/A
HWKN,$36.71,1440775011512,"8,049",Not yet rated,NULL,N/A
HCOM,$21.75,1440775011556,"2,300",100% bearish,of 1 rating,$28
HAYN,$38.15,1440775011643,"12,034",100% bearish,of 1 rating,$59
HCSG,$33.38,1440775011688,"34,678",50% bullish,of 4 ratings,$35
HQY,$29.29,1440775011860,"34,338",67% bullish,of 3 ratings,$32
HIIQ,$5.0471,1440775011888,"9,138",50% bullish,of 2 ratings,$7
HSTM,$24.93,1440775011916,"7,940",50% bullish,of 2 ratings,$33.75
HDS,$33.29,1440775011937,"243,595",100% bearish,of 2 ratings,$39.50
HWAY,$11.98,1440775012077,"31,506",100% bearish,of 1 rating,$15
HTLD,$20.665,1440775012135,"44,402",Not yet rated,NULL,$22.50
HTLF,$35.64,1440775012315,"6,699",100% bullish,of 1 rating,$39.50
HTWR,$84.39,1440775012341,"42,903",50% bullish,of 2 ratings,$103
HTBX,$5.01,1440775012372,"1,908",50% bullish,of 2 ratings,$15.50
HSII,$19.55,1440775012518,"8,317",100% bullish,of 3 ratings,$25
HMNY,NULL,1440775012543,0,100% bearish,of 1 rating,N/A
HELE,$85.13,1440775012569,"16,197",67% bearish,of 3 ratings,$100
HMTV,$13.55,1440775012699,"2,445",100% bearish,of 1 rating,$16
HCACU,NULL,1440775012764,0,Not yet rated,NULL,N/A
HTBK,$10.62,1440775012832,"8,397",Not yet rated,NULL,$12
HNNA,$24.6999,1440775012858,309,Not yet rated,NULL,N/A
HSIC,$138.13,1440775012880,"42,994",83% bullish,of 6 ratings,$146
HERO,NULL,1440775012909,0,NULL,NULL,NULL
HFWA,$17.45,1440775013085,"49,993",100% bullish,of 1 rating,$20
HCCI,$11.12,1440775013395,"10,162",100% bearish,of 1 rating,$16.50
HRTX,$34.99,1440775013527,"83,918",67% bullish,of 6 ratings,$41
HSKA,$33.33,1440775013586,"5,204",100% bearish,of 1 rating,$38
HEOP,$7.71,1440775013612,"6,452",Not yet rated,NULL,$8.50
HFFC,$15.95,1440775013661,950,Not yet rated,NULL,N/A
MLHR,$27.01,1440775013887,"81,099",50% bullish,of 2 ratings,$33.50
HIBB,$39.2399,1440775013919,"56,842",100% bearish,of 1 rating,$46.50
HIHO,$3.75,1440775014018,888,Not yet rated,NULL,N/A
HPJ,$2.1941,1440775014151,"7,443",75% bullish,of 4 ratings,$12.43
HMNF,$11.15,1440775014282,"1,500",Not yet rated,NULL,N/A
HIMX,$6.94,1440775014312,"421,424",86% bullish,of 21 ratings,$8.50
HSGX,$5.86,1440775014339,200,100% bearish,of 1 rating,$17
HMSY,$10.4,1440775014365,"165,181",67% bullish,of 3 ratings,$19.35
HIFS,$117.21,1440775014501,812,Not yet rated,NULL,N/A
HOLX,$39.535,1440775014531,"247,958",67% bullish,of 3 ratings,$42
HOLI,$17.81,1440775014556,"47,486",50% bullish,of 4 ratings,$27
HBCP,$24.7,1440775014699,500,Not yet rated,NULL,$29
HOMB,$38.15,1440775014781,"68,754",Not yet rated,NULL,$42
HFBL,$21.58,1440775015004,500,Not yet rated,NULL,N/A
AWAY,$29.1698,1440775015030,"68,781",67% bullish,of 3 ratings,$36
HMIN,$27.09,1440775015211,"12,229",100% bearish,of 2 ratings,$35
HMST,$21.83,1440775015239,"22,303",100% bullish,of 2 ratings,$27
HFBC,$11.3,1440775015260,"1,662",Not yet rated,NULL,N/A
HTBI,$18.2,1440775015292,"9,465",67% bullish,of 3 ratings,$18.625
HKTV,NULL,1440775015387,0,100% bearish,of 1 rating,N/A
CETC,$0.79,1440775015482,"91,686",86% bullish,of 7 ratings,N/A
HBNC,$23.14,1440775015531,"4,244",100% bullish,of 1 rating,$27
HOFT,$23.55,1440775015561,"4,700",100% bearish,of 1 rating,N/A
ZINC,$7.75,1440775015724,"174,634",100% bearish,of 1 rating,$17
HDP,$24.27,1440775015755,"44,038",67% bearish,of 3 ratings,$30.50
HRZN,$10.34,1440775015776,"15,589",50% bullish,of 2 ratings,$14.25
HZNP,$30.29,1440775015805,"318,718",85% bullish,of 20 ratings,$40
HMHC,$22.5099,1440775016076,"113,144",Not yet rated,NULL,$27
HWCC,$7.615,1440775016149,"17,397",100% bearish,of 1 rating,$9
HSNI,$62.11,1440775016174,"37,484",Not yet rated,NULL,$80
HOVNP,NULL,1440775016252,0,100% bearish,of 1 rating,N/A
HBMD,$14.43,1440775016384,100,100% bearish,of 1 rating,N/A
HUBG,$38.31,1440775016430,"26,658",100% bearish,of 1 rating,$43
HDSN,$3.0601,1440775016488,"9,200",100% bullish,of 1 rating,$6.25
HCBK,$9.39,1440775016522,"317,982",83% bullish,of 6 ratings,$8.61
HTGM,$5.48,1440775016542,524,100% bearish,of 1 rating,$19.50
HSON,NULL,1440775016623,0,100% bearish,of 1 rating,$5
HBAN,$10.885,1440775016731,"1,798,330",76% bullish,of 17 ratings,$12.29
HBANP,NULL,1440775016906,0,100% bearish,of 1 rating,N/A
HTCH,$1.5201,1440775016938,"55,342",100% bearish,of 1 rating,$3.50
HURN,$73.38,1440775017034,"19,663",50% bullish,of 2 ratings,$80
HBP,NULL,1440775017077,0,100% bullish,of 1 rating,N/A
HURC,$30.6851,1440775017139,"2,329",100% bearish,of 1 rating,N/A
HDRAU,NULL,1440775017272,0,Not yet rated,NULL,N/A
HDRA,NULL,1440775017378,0,Not yet rated,NULL,N/A
HDRAR,NULL,1440775017437,0,Not yet rated,NULL,N/A
HDRAW,NULL,1440775017463,0,Not yet rated,NULL,N/A
HYGS,$9.26,1440775017608,"16,753",50% bullish,of 2 ratings,$13
IBKC,$60.29,1440775017673,"21,761",100% bullish,of 1 rating,$70
IKGH,$1.69,1440775017702,"2,272",75% bullish,of 4 ratings,N/A
IACI,$71.32,1440775017734,"128,313",75% bullish,of 4 ratings,$90
IDSY,$3.81,1440775017802,"1,318",100% bearish,of 1 rating,$7
ICAD,$3.8999,1440775017869,"9,004",100% bullish,of 2 ratings,$7.25
IEP,$73.5744,1440775018039,"23,193",75% bullish,of 4 ratings,$99
ICFI,$34.07,1440775018066,"20,285",50% bullish,of 2 ratings,$48.50
ICLR,$77.66,1440775018110,"49,250",100% bearish,of 3 ratings,$85
ICON,$13.64,1440775018246,"103,994",50% bullish,of 2 ratings,$18.50
IPWR,NULL,1440775018301,0,100% bullish,of 1 rating,$15
ICUI,$113.91,1440775018346,"8,036",Not yet rated,NULL,$122
INVE,$3.9801,1440775018398,"11,187",75% bullish,of 4 ratings,$4
IDXX,$72.346,1440775018540,"77,556",100% bearish,of 1 rating,$77
IDRA,$2.8945,1440775018568,"160,500",89% bullish,of 9 ratings,$6.50
DSKY,$11.005,1440775018604,"41,988",67% bullish,of 6 ratings,$11.50
IROQ,$16.7,1440775018759,200,100% bullish,of 1 rating,N/A
IIVI,$17.1,1440775018844,"31,271",100% bearish,of 1 rating,$22
IRG,$4.78,1440775018900,"6,789",100% bearish,of 1 rating,$4.25
RXDX,$13.7,1440775018946,"40,728",100% bullish,of 1 rating,$20
KANG,$15.73,1440775019004,"94,938",50% bullish,of 2 ratings,$22.55
IKAN,$2.73,1440775019133,"1,901",83% bullish,of 6 ratings,$5
IKNX,NULL,1440775019208,0,100% bearish,of 1 rating,N/A
ISNS,$3.9736,1440775019286,"1,200",50% bullish,of 2 ratings,N/A
IMMR,$11.815,1440775019420,"20,284",80% bullish,of 5 ratings,$15.50
ILMN,$201.9,1440775019478,"285,369",80% bullish,of 5 ratings,$245
ICCC,$7.35,1440775019522,"3,006",100% bullish,of 1 rating,N/A
IMNP,$1.3,1440775019697,"16,647",50% bullish,of 2 ratings,$6
IMGN,$14.2,1440775019723,"158,709",75% bullish,of 4 ratings,$17.50
IMDZ,$16.56,1440775019776,"6,725",100% bearish,of 1 rating,$33
IMMY,$7.66,1440775019797,25,100% bearish,of 1 rating,$11
IPXL,$43.01,1440775019930,"78,496",67% bullish,of 3 ratings,$46.50
IMMU,$2.03,1440775019975,"160,978",86% bullish,of 7 ratings,$2
INCR,$41.68,1440775020104,"35,769",50% bullish,of 2 ratings,$53
INDB,$44.11,1440775020162,"13,168",Not yet rated,NULL,$44
SAAS,$7.7,1440775020247,"73,332",50% bullish,of 2 ratings,$15
INCY,$118.34,1440775020292,"276,396",50% bullish,of 6 ratings,$125.50
IBCP,$14,1440775020418,"38,562",100% bullish,of 1 rating,$14.50
INFI,$9.015,1440775020523,"48,193",50% bullish,of 4 ratings,$18
IBTX,$40.67,1440775020558,"5,725",100% bullish,of 2 ratings,$47.25
IDSA,$3.46,1440775020691,100,Not yet rated,NULL,N/A
INFN,$22.15,1440775020725,"364,564",71% bullish,of 7 ratings,$28
IMKTA,$50.07,1440775020920,"12,246",100% bearish,of 1 rating,N/A
IPCC,$77.01,1440775020945,"6,766",Not yet rated,NULL,$77.50
III,$3.9,1440775020975,"24,884",57% bullish,of 7 ratings,$6
IFON,$1.24,1440775021001,"15,064",75% bullish,of 4 ratings,N/A
INWK,$7.09,1440775021134,"15,544",50% bullish,of 2 ratings,$10
ISSC,NULL,1440775021457,0,67% bearish,of 3 ratings,N/A
INOV,$21.205,1440775021483,"135,085",100% bearish,of 1 rating,$33
INNL,NULL,1440775021515,0,100% bearish,of 1 rating,$16.50
INOD,$2.43,1440775021543,200,100% bearish,of 1 rating,N/A
INGN,$50.09,1440775021621,"79,435",100% bearish,of 1 rating,$50.50
IOSP,$47.75,1440775021672,"39,677",100% bearish,of 1 rating,N/A
IPHS,$47.8,1440775021699,"14,552",100% bearish,of 1 rating,$60
ITEK,$12.2414,1440775021727,"107,853",100% bearish,of 3 ratings,$20
INO,$7.635,1440775021976,"914,803",89% bullish,of 18 ratings,$20
ISIG,$2.72,1440775022022,"1,600",100% bearish,of 1 rating,N/A
NSIT,$25.63,1440775022148,"25,069",50% bullish,of 2 ratings,N/A
INSY,$33.83,1440775022202,"76,546",75% bullish,of 4 ratings,$48
PODD,$29.38,1440775022253,"52,794",67% bearish,of 3 ratings,$35
IIIN,$17,1440775022328,"5,321",100% bearish,of 2 ratings,N/A
IDTI,$19.14,1440775022354,"326,662",60% bullish,of 5 ratings,$25
NTEC,$5.53,1440775022431,"3,505",100% bearish,of 1 rating,N/A
INSM,$25,1440775022492,"62,283",71% bullish,of 7 ratings,$31.50
IESC,NULL,1440775022564,0,100% bearish,of 1 rating,N/A
ISSI,$21.83,1440775022598,"51,226",67% bullish,of 3 ratings,$19.75
INTC,$28.38,1440775022694,"8,560,616",82% bullish,of 238 ratings,$36
IART,$61.12,1440775022725,"31,391",100% bearish,of 1 rating,$71.50
IQNT,$18.34,1440775022827,"31,608",86% bullish,of 7 ratings,$20
IPAR,$25.49,1440775023009,"16,086",67% bullish,of 3 ratings,$38
IPCI,$2.273,1440775023069,"22,900",67% bullish,of 6 ratings,$8
IBKR,$39.81,1440775023140,"61,045",100% bullish,of 1 rating,N/A
ICLD,$1.85,1440775023236,"23,482",75% bullish,of 4 ratings,N/A
ININ,$35.8475,1440775023267,"17,312",67% bearish,of 3 ratings,$57
ICPT,$192.77,1440775023293,"30,000",70% bullish,of 10 ratings,$359.50
ICLDW,NULL,1440775023377,0,100% bearish,of 1 rating,N/A
TILE,$24.02,1440775023435,"60,634",100% bearish,of 3 ratings,$27
IDCC,$49.6,1440775023578,"49,710",80% bullish,of 5 ratings,$63
IMI,$2.1,1440775023605,100,67% bullish,of 3 ratings,$2.22
INAP,$7.98,1440775023784,"73,959",75% bullish,of 4 ratings,$11
IBOC,$25.2,1440775023829,"33,266",100% bearish,of 1 rating,N/A
ISCA,$31.6,1440775023884,"16,792",100% bearish,of 1 rating,N/A
INPH,$0.2622,1440775024026,"35,900",50% bullish,of 2 ratings,N/A
IGLD,NULL,1440775024053,0,50% bullish,of 2 ratings,N/A
XENT,$25.5,1440775024183,"29,559",50% bullish,of 2 ratings,$36.50
IVAC,$4.77,1440775024400,"2,748",100% bearish,of 1 rating,$6.625
ISIL,$10.66,1440775024529,"94,829",50% bullish,of 6 ratings,$15
IILG,$19.8,1440775024566,"23,704",100% bearish,of 1 rating,$29
INTL,$25.6159,1440775024631,"17,758",67% bearish,of 3 ratings,N/A
INTLL,$26.09,1440775024764,850,Not yet rated,NULL,N/A
ITCI,$25.953,1440775024892,"158,982",75% bearish,of 4 ratings,$40
IIN,$6.21,1440775024917,"1,000",100% bearish,of 1 rating,$12
INTX,$1.9494,1440775024947,"18,334",67% bullish,of 3 ratings,N/A
PTNT,NULL,1440775024976,0,Not yet rated,NULL,N/A
IIJI,$10,1440775025083,20,50% bullish,of 2 ratings,$11.50
INTU,$87,1440775025227,"430,472",86% bullish,of 7 ratings,$107.50
INVT,$0.3257,1440775025299,"141,109",67% bullish,of 3 ratings,N/A
ISRG,$515.25,1440775025359,"14,235",67% bullish,of 3 ratings,$600
ISTR,$15.57,1440775025499,125,100% bearish,of 1 rating,$18.50
SNAK,$8.555,1440775025530,"23,912",50% bullish,of 2 ratings,$14
NVIV,$9.6,1440775025603,"43,773",50% bullish,of 4 ratings,$24.50
ISBC,$11.7505,1440775025630,"277,134",100% bullish,of 1 rating,$13.25
ITIC,$69.31,1440775025692,100,100% bearish,of 2 ratings,N/A
IPAS,$1.0801,1440775025793,"5,880",67% bullish,of 3 ratings,N/A
IVTY,$14.41,1440775025925,"1,300",Not yet rated,NULL,$18
DFVL,NULL,1440775026053,0,Not yet rated,NULL,N/A
IPGP,$86.27,1440775026079,"73,943",100% bearish,of 2 ratings,$109.50
IPCM,$79.32,1440775026157,"21,966",50% bullish,of 2 ratings,$80.125
DTUL,NULL,1440775026294,0,Not yet rated,NULL,N/A
IRMD,$25.21,1440775026342,"1,720",67% bearish,of 3 ratings,$25
IRIX,$6.91,1440775026427,900,100% bearish,of 1 rating,N/A
IRDMB,$288,1440775026453,20,67% bearish,of 3 ratings,N/A
IRDM,$7.23,1440775026480,"84,782",60% bullish,of 5 ratings,$11.50
IRBT,$29.241,1440775026715,"43,327",67% bullish,of 6 ratings,$37
IRCP,NULL,1440775026763,0,100% bullish,of 2 ratings,N/A
GNMA,$50.28,1440775026792,29,Not yet rated,NULL,N/A
IRWD,$11.13,1440775026898,"225,774",100% bearish,of 1 rating,$13
FCHI,NULL,1440775026922,0,NULL,NULL,NULL
COMT,$33.29,1440775026951,"1,263",100% bearish,of 1 rating,N/A
IFAS,NULL,1440775027000,0,NULL,NULL,NULL
IFNA,NULL,1440775027130,0,NULL,NULL,NULL
IFEU,$38,1440775027168,837,Not yet rated,NULL,N/A
ACWX,$40.95,1440775027452,"144,418",100% bearish,of 1 rating,N/A
ACWI,$56.2401,1440775027507,"598,738",Not yet rated,NULL,N/A
AAIT,NULL,1440775027551,0,NULL,NULL,NULL
IFGL,$28.51,1440775027589,"9,001",Not yet rated,NULL,N/A
AXJS,NULL,1440775027614,0,NULL,NULL,NULL
AAXJ,$53.66,1440775027688,"335,862",Not yet rated,NULL,N/A
EMDI,NULL,1440775027714,0,NULL,NULL,NULL
EEMA,$50.74,1440775027735,"17,961",Not yet rated,NULL,N/A
EEME,NULL,1440775027792,0,NULL,NULL,NULL
EVAL,NULL,1440775027985,0,NULL,NULL,NULL
EMEY,NULL,1440775028013,0,NULL,NULL,NULL
EGRW,NULL,1440775028039,0,NULL,NULL,NULL
EUFN,$21.85,1440775028060,"10,842",100% bearish,of 1 rating,N/A
EEML,NULL,1440775028191,0,Not yet rated,NULL,N/A
IEUS,$45.46,1440775028335,338,100% bearish,of 1 rating,N/A
SOXX,$82.92,1440775028497,"118,124",50% bullish,of 2 ratings,N/A
IBB,$349.98,1440775028522,"213,151",63% bullish,of 8 ratings,N/A
QAT,$21.6,1440775028561,200,Not yet rated,NULL,N/A
ICLN,$9.68,1440775028691,"5,649",50% bullish,of 2 ratings,N/A
UAE,$18.39,1440775028738,300,Not yet rated,NULL,N/A
EMIF,$28.81,1440775028770,"5,322",Not yet rated,NULL,N/A
IGOV,$91,1440775028959,"3,192",100% bearish,of 1 rating,N/A
WOOD,$48.3299,1440775028984,489,50% bullish,of 2 ratings,N/A
INDY,$27.65,1440775029116,"64,569",50% bullish,of 2 ratings,N/A
ISLE,$17.28,1440775029146,"32,964",50% bullish,of 4 ratings,$16
ISHG,$79.55,1440775029171,"1,800",100% bearish,of 1 rating,N/A
ISIS,$51.35,1440775029250,"153,785",53% bullish,of 15 ratings,$67
ITRI,$30.045,1440775029380,"31,293",Not yet rated,NULL,$37
ISRL,$125.51,1440775029408,273,100% bearish,of 1 rating,N/A
JJSF,$114.01,1440775029746,"5,711",100% bearish,of 1 rating,N/A
ITUS,$4.1,1440775029775,"3,150",Not yet rated,NULL,N/A
ITRN,$24.01,1440775029809,500,50% bullish,of 2 ratings,N/A
XXIA,$15.095,1440775029881,"83,726",71% bullish,of 7 ratings,$14.625
JCOM,$69.44,1440775029911,"45,864",100% bullish,of 2 ratings,$77
JBHT,$73.75,1440775029955,"84,584",50% bullish,of 4 ratings,$89.50
IXYS,$11.08,1440775030014,"22,236",50% bullish,of 4 ratings,N/A
MAYS,NULL,1440775030184,0,Not yet rated,NULL,N/A
JACK,$81.62,1440775030222,"48,102",83% bullish,of 6 ratings,$105
JASO,$7.99,1440775030249,"252,188",82% bullish,of 17 ratings,$10
JAXB,NULL,1440775030440,0,100% bullish,of 1 rating,N/A
JKHY,$68.35,1440775030505,"56,374",50% bullish,of 2 ratings,$72
JXSB,NULL,1440775030568,0,Not yet rated,NULL,N/A
JAGX,$3.94,1440775030631,"3,054",Not yet rated,NULL,N/A
JMBA,$13.85,1440775030738,"17,415",75% bullish,of 4 ratings,$18
JRVR,$26.45,1440775030763,"14,546",Not yet rated,NULL,$32
JAKK,$9.35,1440775030792,"133,942",60% bearish,of 5 ratings,$11
JD,$26.9,1440775031058,"1,613,812",75% bullish,of 16 ratings,$36
ERW,NULL,1440775031107,0,Not yet rated,NULL,N/A
JASN,$4.985,1440775031137,"12,200",50% bullish,of 2 ratings,$9.50
JAZZ,$171.64,1440775031207,"23,816",80% bullish,of 15 ratings,$206.50
JASNW,NULL,1440775031236,0,50% bullish,of 2 ratings,N/A
JCTCF,NULL,1440775031268,0,100% bullish,of 1 rating,N/A
JBLU,$22.31,1440775031315,"868,531",94% bullish,of 18 ratings,$27
JTPY,$2.95,1440775031369,100,100% bearish,of 1 rating,N/A
DATE,$6.08,1440775031564,"7,328",75% bullish,of 4 ratings,$9
JST,$3.8764,1440775031611,"1,202",75% bullish,of 4 ratings,N/A
JIVE,$4.415,1440775031857,"57,335",75% bullish,of 4 ratings,$5
JOEZ,$0.174,1440775031894,"31,461",92% bullish,of 12 ratings,N/A
WYIGU,$10.2,1440775031960,3,Not yet rated,NULL,N/A
KTWO,$21.24,1440775032058,"8,831",100% bearish,of 1 rating,$28.50
JNP,$11,1440775032095,"15,412",100% bullish,of 3 ratings,$15
JOUT,$22.955,1440775032166,"2,225",100% bearish,of 1 rating,$34
JUNO,$37.98,1440775032224,"251,093",73% bullish,of 11 ratings,$71.50
JBSS,$53.2,1440775032265,"21,848",67% bearish,of 3 ratings,N/A
KMDA,$3.38,1440775032397,"2,800",50% bullish,of 2 ratings,$8
KNDI,$6.87,1440775032452,"112,723",86% bullish,of 22 ratings,N/A
KBIO,$2.0498,1440775032527,"1,271",50% bullish,of 4 ratings,N/A
KALU,$81.62,1440775032587,"23,768",67% bearish,of 3 ratings,$91
KCLI,$45.02,1440775032659,"3,572",Not yet rated,NULL,N/A
KPTI,$14.18,1440775032716,"41,096",67% bearish,of 3 ratings,$39
KELYA,$14.05,1440775032896,"23,873",67% bullish,of 6 ratings,$20
KCAP,$4.6701,1440775032923,"13,388",75% bullish,of 4 ratings,$6
KBSF,NULL,1440775032978,0,100% bullish,of 1 rating,N/A
KRNY,$11.26,1440775033053,"64,563",100% bearish,of 1 rating,$12
KMPH,$20.12,1440775033183,"16,338",100% bearish,of 2 ratings,$22
KFFB,$8.6126,1440775033333,"1,208",100% bearish,of 1 rating,N/A
KELYB,NULL,1440775033393,0,50% bullish,of 2 ratings,N/A
GMCR,$54.16,1440775033427,"252,846",71% bullish,of 42 ratings,$64
KERX,$6.4,1440775033452,"279,655",82% bullish,of 11 ratings,$12
KEQU,NULL,1440775033496,0,100% bullish,of 1 rating,N/A
KTEC,NULL,1440775033584,0,Not yet rated,NULL,N/A
KTCC,$10.1399,1440775033746,820,100% bearish,of 1 rating,$16
KIN,$5.928,1440775033903,"1,971",50% bullish,of 2 ratings,$6.25
KE,$11.66,1440775033928,"11,954",67% bearish,of 3 ratings,$16
KFRC,$26.48,1440775033967,"37,473",100% bullish,of 2 ratings,$29
KBAL,$10.74,1440775033992,"12,452",50% bullish,of 2 ratings,N/A
KGJI,$0.6778,1440775034133,"17,199",89% bullish,of 9 ratings,N/A
KLXI,$39.13,1440775034358,"97,536",100% bearish,of 1 rating,$48.50
KONE,$4.12,1440775034389,414,Not yet rated,NULL,N/A
KINS,$8.57,1440775034436,"2,100",100% bullish,of 1 rating,N/A
KLAC,$49.73,1440775034488,"246,361",100% bearish,of 1 rating,$61.50
