Symbol,Price,Date,Volume,Rating,RatingVoteCount,OneYearEstimate
TFSCU,NULL,1440857402295,0,Not yet rated,NULL,N/A
PIH,$7.54,1440857402383,"9,402",100% bearish,of 1 rating,N/A
FCTY,$7.96,1440857402415,"3,400",100% bullish,of 1 rating,$8.50
TFSC,NULL,1440857402436,0,100% bearish,of 1 rating,N/A
FLWS,$8.91,1440857402469,"687,314",80% bullish,of 5 ratings,$15
TFSCR,NULL,1440857402495,0,Not yet rated,NULL,N/A
TFSCW,$0.21,1440857402520,"1,300",100% bearish,of 1 rating,N/A
FCCY,$11.54,1440857402573,933,100% bullish,of 1 rating,$13
SRCE,$29.44,1440857402699,"29,029",100% bullish,of 3 ratings,$33
DGLD,$81.1,1440857402778,"16,958",100% bullish,of 1 rating,N/A
VNET,$18.05,1440857402814,"541,289",60% bullish,of 5 ratings,$35
DSLV,$69.51,1440857402842,"9,311",100% bearish,of 1 rating,N/A
TWOU,$34.99,1440857402874,"129,143",50% bullish,of 2 ratings,$39
JOBS,$27.019,1440857402906,"69,549",50% bullish,of 4 ratings,$36
UGLD,$9.31,1440857402982,"340,880",100% bearish,of 1 rating,N/A
USLV,$12.45,1440857403044,"242,677",86% bullish,of 7 ratings,N/A
CAFD,$15.0196,1440857403275,"242,552",Not yet rated,NULL,$25
AVHI,$13.96,1440857403343,"12,911",100% bearish,of 1 rating,$19
SIXD,$2.72,1440857403370,"111,232",Not yet rated,NULL,N/A
EGHT,$7.84,1440857403400,"384,316",82% bullish,of 17 ratings,$11
AAON,$20.51,1440857403430,"107,410",100% bearish,of 1 rating,$24
ABAX,$47.89,1440857403500,"108,826",100% bearish,of 1 rating,$60
SHLM,$34.06,1440857403551,"65,672",100% bearish,of 1 rating,$47
ABY,$23.04,1440857403652,"423,555",100% bearish,of 2 ratings,$46
ABEO,$4.82,1440857403683,"47,964",50% bullish,of 4 ratings,$15.50
ABEOW,$1.83,1440857403726,"2,361",100% bullish,of 1 rating,N/A
ABGB,$5.71,1440857403784,"37,255",67% bullish,of 3 ratings,$5.50
ABMD,$98.23,1440857403853,"317,770",75% bullish,of 4 ratings,$100.50
ACTG,$9.43,1440857403916,"194,247",67% bullish,of 3 ratings,$18.50
AXAS,$1.92,1440857403956,"949,481",78% bullish,of 9 ratings,$3.50
ACHC,$74.2503,1440857404016,"344,347",50% bullish,of 2 ratings,$92
ACAD,$38.17,1440857404088,"436,567",80% bullish,of 20 ratings,$48
AXDX,$19.1,1440857404145,"112,407",100% bearish,of 1 rating,N/A
ACST,$0.3694,1440857404170,"9,260",100% bullish,of 2 ratings,N/A
ANCX,$20.01,1440857404411,"20,165",Not yet rated,NULL,$20
XLRN,$29.71,1440857404475,"89,309",50% bullish,of 2 ratings,$57
ARAY,$6.77,1440857404497,"691,224",100% bearish,of 1 rating,$10.50
VXUP,$1.6,1440857404533,"49,457",100% bearish,of 1 rating,N/A
VXDN,$1.96,1440857404564,"24,710",100% bearish,of 1 rating,N/A
ACRX,$4.24,1440857404590,"310,833",67% bearish,of 6 ratings,$5.50
ACET,$22.76,1440857404627,"83,357",75% bullish,of 4 ratings,$30
AKAO,$6.99,1440857404664,"38,455",75% bullish,of 4 ratings,$15
ACHN,$7.76,1440857404799,"1,462,742",90% bullish,of 21 ratings,$16
ACIW,$21.38,1440857404825,"288,136",67% bearish,of 3 ratings,$24
ACOR,$32.73,1440857404905,"557,265",67% bearish,of 3 ratings,$38.50
ACTS,$1.6,1440857405009,"49,648",100% bearish,of 1 rating,N/A
ATVI,$29.28,1440857405045,"135,594,206",68% bullish,of 84 ratings,$31.50
ACNB,$19.85,1440857405071,"4,210",Not yet rated,NULL,N/A
ACPW,$1.81,1440857405143,"38,604",100% bullish,of 4 ratings,$3.50
ACTA,$14.02,1440857405172,"90,621",67% bearish,of 3 ratings,$25
ACXM,$21.15,1440857405226,"258,695",67% bullish,of 3 ratings,N/A
ADMS,$20.61,1440857405275,"60,583",100% bearish,of 2 ratings,$36
ACUR,$2.83,1440857405385,"48,939",100% bullish,of 5 ratings,$1
AEY,$2.3,1440857405495,"7,434",100% bearish,of 2 ratings,N/A
ADAP,$11.66,1440857405520,"84,789",67% bullish,of 3 ratings,$22
ADMP,$3.69,1440857405547,"11,630",50% bullish,of 2 ratings,$10
ADEP,$6.87,1440857405576,"20,312",50% bullish,of 2 ratings,$10.75
ADUS,$28.71,1440857405598,"18,242",100% bearish,of 1 rating,$31
ADBE,$79.4,1440857405733,"2,177,794",65% bullish,of 17 ratings,$90
ADMA,$9.37,1440857405794,"14,766",Not yet rated,NULL,$19
ADRO,$20.61,1440857405905,"147,897",80% bullish,of 5 ratings,$45.50
AMD,$1.85,1440857405938,"6,623,181",83% bullish,of 103 ratings,$2
ADTN,$15.7,1440857405964,"386,714",67% bullish,of 3 ratings,$17.125
ADXS,$14.69,1440857406005,"468,415",64% bullish,of 14 ratings,$27
AEIS,$24.42,1440857406032,"174,991",50% bullish,of 2 ratings,$32.50
ADXSW,$10.47,1440857406184,"1,850",100% bullish,of 1 rating,N/A
MULT,NULL,1440857406258,0,100% bearish,of 1 rating,N/A
AEGR,$17.66,1440857406334,"331,111",50% bullish,of 6 ratings,$26
AEHR,$2.27,1440857406364,"2,346",50% bullish,of 2 ratings,N/A
YPRO,$22.79,1440857406389,"3,532",100% bearish,of 1 rating,N/A
AEGN,$18.28,1440857406439,"94,812",100% bearish,of 2 ratings,$21
AMTX,$3.11,1440857406536,"28,001",50% bullish,of 2 ratings,$26.11
AERI,$16.49,1440857406587,"376,040",75% bullish,of 4 ratings,$31.50
AEPI,$53.89,1440857406620,"11,740",100% bearish,of 1 rating,N/A
AVAV,$24,1440857406672,"75,229",50% bullish,of 4 ratings,$31
AEZS,$0.088,1440857406718,"10,110,751",90% bullish,of 21 ratings,$1.50
AEMD,$6.95,1440857406801,"91,259",Not yet rated,NULL,$27.50
AFMD,$10.43,1440857406850,"107,629",50% bullish,of 4 ratings,$15
AFFX,$9.48,1440857406932,"279,489",80% bullish,of 5 ratings,$12.50
AGRX,$9.16,1440857407009,"22,184",100% bearish,of 1 rating,$17.50
AGYS,$10.21,1440857407062,"23,032",100% bearish,of 1 rating,N/A
AGIO,$90.62,1440857407091,"186,340",88% bullish,of 8 ratings,$114
AGEN,$7.26,1440857407192,"602,072",85% bullish,of 13 ratings,$14
AGFSW,$1.95,1440857407252,"8,300",100% bearish,of 2 ratings,N/A
AGFS,$10.1318,1440857407279,"137,593",100% bearish,of 1 rating,N/A
AIMT,$21.11,1440857407306,"136,933",Not yet rated,NULL,N/A
AIRM,$37.86,1440857407352,"199,407",80% bearish,of 5 ratings,$53
AIRT,$22.16,1440857407448,376,100% bullish,of 1 rating,N/A
ATSG,$8.95,1440857407481,"126,980",67% bullish,of 3 ratings,$13
AIXG,$6.38,1440857407507,"27,231",67% bearish,of 3 ratings,$5.25
AMCN,$4.59,1440857407580,"108,503",83% bullish,of 6 ratings,N/A
AKBA,$7,1440857407677,"105,064",100% bearish,of 1 rating,$18
AKAM,$71.9,1440857407707,"1,710,795",63% bullish,of 8 ratings,$77
AKER,$2.48,1440857407808,"28,755",Not yet rated,NULL,N/A
AKRX,$41.03,1440857407844,"401,819",78% bullish,of 9 ratings,$56
AMRI,$20.6,1440857407997,"158,563",75% bearish,of 4 ratings,$24
ALSK,$2.15,1440857408051,"235,932",78% bullish,of 18 ratings,$2
ALRM,$16.8,1440857408081,"126,608",100% bearish,of 1 rating,$22
ABDC,$12.83,1440857408109,"24,564",Not yet rated,NULL,$15
ALDR,$38.61,1440857408137,"186,540",67% bearish,of 3 ratings,$62
ADHD,$7.94,1440857408164,"131,054",50% bullish,of 4 ratings,$18
ALDX,$7.06,1440857408192,"18,445",100% bearish,of 1 rating,$14.50
ALXN,$178.86,1440857408391,"1,012,132",88% bullish,of 8 ratings,$223
ALCO,$42.25,1440857408420,"5,313",50% bullish,of 2 ratings,N/A
ALXA,$1.13,1440857408442,"13,227",83% bullish,of 6 ratings,$2.125
ALIM,$3.44,1440857408478,"27,203",80% bullish,of 5 ratings,$10
ALGN,$57.27,1440857408610,"244,131",100% bearish,of 2 ratings,$73
ALGT,$208.41,1440857408658,"150,284",100% bearish,of 2 ratings,$235
ALKS,$62.0942,1440857408691,"542,032",67% bullish,of 3 ratings,$75
AIQ,$14.35,1440857408827,"6,903",67% bullish,of 3 ratings,N/A
ALLB,$22.72,1440857408862,797,Not yet rated,NULL,N/A
AFOP,$19.05,1440857408897,"104,154",75% bullish,of 8 ratings,$21
AHGP,$36.41,1440857408959,"89,083",67% bullish,of 3 ratings,N/A
ARLP,$25.32,1440857408985,"280,083",67% bearish,of 3 ratings,$32
AHPI,$1.44,1440857409117,"1,714",50% bullish,of 2 ratings,N/A
AMOT,$18.85,1440857409147,"86,927",100% bearish,of 1 rating,N/A
ALLT,$5.42,1440857409175,"187,497",75% bullish,of 4 ratings,$6.25
ALQA,$4.4,1440857409243,"19,390",75% bullish,of 4 ratings,$8.50
AFAM,$45.43,1440857409315,"41,778",50% bullish,of 2 ratings,$44
MDRX,$13.8,1440857409341,"810,640",60% bullish,of 5 ratings,$16
ALNY,$109.1,1440857409369,"357,082",67% bullish,of 3 ratings,$148.50
AOSL,$7.31,1440857409500,"49,947",67% bullish,of 3 ratings,$9
ATEC,$0.54,1440857409532,"81,514",100% bullish,of 1 rating,$2
SMCP,NULL,1440857409559,0,Not yet rated,NULL,N/A
ASPS,$25.48,1440857409635,"184,857",67% bullish,of 3 ratings,$46.50
ALTR,$48.61,1440857409717,"1,182,479",80% bearish,of 5 ratings,$54
AIMC,$24.94,1440857409746,"71,616",100% bearish,of 2 ratings,$28.50
AMAG,$65.85,1440857409823,"315,677",100% bullish,of 2 ratings,$77.50
AMRK,$10.28,1440857409850,"2,016",50% bullish,of 2 ratings,$14
AMRN,$2.23,1440857409906,"1,409,147",85% bullish,of 39 ratings,$8
AMZN,$519.59,1440857409984,"1,553,310",81% bullish,of 264 ratings,$646
AMBC,$15.61,1440857410049,"222,561",100% bearish,of 1 rating,$16.50
AYA,$20.7,1440857410085,"10,578",100% bearish,of 1 rating,$40
AMBCW,$7.65,1440857410181,"1,012",100% bearish,of 1 rating,N/A
EPAX,$2.69,1440857410213,"86,785",100% bearish,of 1 rating,N/A
AMBA,$96.15,1440857410238,"1,960,685",83% bullish,of 12 ratings,$102.50
AMCX,$73.6,1440857410315,"349,491",67% bullish,of 3 ratings,$87.50
AMDA,$0.4798,1440857410383,"643,528",90% bullish,of 10 ratings,$1
DOX,$57.75,1440857410480,"257,565",67% bearish,of 3 ratings,$60
AMED,$39.09,1440857410543,"188,323",100% bearish,of 1 rating,$42
ASBI,$22.64,1440857410571,"1,069",Not yet rated,NULL,N/A
UHAL,$375.77,1440857410592,"28,990",100% bullish,of 2 ratings,$393.50
ATAX,$5.27,1440857410628,"73,836",100% bullish,of 1 rating,$6.50
AAL,$38.6,1440857410724,"7,110,829",93% bullish,of 88 ratings,$57
AMOV,$18.46,1440857410757,"2,614",100% bearish,of 1 rating,N/A
AGNC,$19.36,1440857410856,"1,941,092",71% bullish,of 28 ratings,$22
AGNCB,$24.29,1440857410883,"19,098",Not yet rated,NULL,N/A
AGNCP,$25.34,1440857410932,"6,144",Not yet rated,NULL,N/A
MTGEP,$24.5,1440857410962,583,Not yet rated,NULL,N/A
MTGE,$15.29,1440857411021,"623,994",75% bullish,of 4 ratings,$19.50
ACSF,$12.38,1440857411063,"29,182",100% bearish,of 1 rating,$15
ANCI,$1.46,1440857411229,474,100% bearish,of 1 rating,N/A
AETI,$3.75,1440857411259,881,67% bearish,of 3 ratings,N/A
ACAS,$13.8357,1440857411291,"897,392",60% bullish,of 5 ratings,$16.75
AMNB,$23.29,1440857411360,"4,556",Not yet rated,NULL,$25.50
ANAT,$100.8502,1440857411385,"25,880",100% bullish,of 1 rating,N/A
AMIC,NULL,1440857411431,0,Not yet rated,NULL,N/A
APEI,$22.36,1440857411515,"59,822",100% bearish,of 1 rating,$25.50
ASEI,$39.03,1440857411546,"21,414",100% bearish,of 1 rating,$52.50
AMRB,$10.05,1440857411574,"2,153",Not yet rated,NULL,$11
ARII,$40.76,1440857411650,"146,168",67% bearish,of 3 ratings,$45
AMSWA,$9.06,1440857411780,"131,254",100% bearish,of 2 ratings,$10.75
AMSC,$4.67,1440857411806,"80,461",50% bullish,of 4 ratings,N/A
AMWD,$66.55,1440857411939,"77,289",50% bullish,of 2 ratings,$70
AMSF,$46.91,1440857411961,"49,852",Not yet rated,NULL,$57.50
CRMT,$35.97,1440857411995,"40,468",100% bearish,of 1 rating,$39
ABCB,$26.8,1440857412019,"86,002",Not yet rated,NULL,$31
ASRV,$3.22,1440857412102,"12,469",100% bullish,of 2 ratings,N/A
ASRVP,NULL,1440857412156,0,Not yet rated,NULL,N/A
ATLO,$23.59,1440857412182,"4,506",Not yet rated,NULL,N/A
AMGN,$155.95,1440857412249,"3,400,173",89% bullish,of 19 ratings,$185
FOLD,$14.87,1440857412274,"612,656",56% bullish,of 9 ratings,$21
AMPH,$13.39,1440857412323,"106,975",50% bullish,of 2 ratings,$20
AMKR,$5.07,1440857412348,"1,277,833",100% bearish,of 2 ratings,$5
AMSGP,$149.3,1440857412499,"33,058",Not yet rated,NULL,N/A
AMSG,$80.06,1440857412530,"252,052",100% bearish,of 1 rating,$85.50
ASYS,$5.39,1440857412630,"36,672",67% bullish,of 3 ratings,$12
ANAC,$135.45,1440857412760,"264,448",80% bullish,of 5 ratings,$180.50
AMRS,$1.69,1440857412787,"51,285",70% bullish,of 10 ratings,N/A
AFSI,$58.4717,1440857412816,"168,515",60% bullish,of 5 ratings,$72
ADI,$56.45,1440857412845,"2,245,427",67% bullish,of 3 ratings,$69
ANAD,$0.33,1440857412873,"133,227",100% bullish,of 2 ratings,$.50
AMCF,$0.22,1440857412953,"1,426",100% bullish,of 7 ratings,N/A
ALOG,$80.27,1440857413008,"65,588",100% bearish,of 2 ratings,$100.50
ANCB,$21.98,1440857413033,"29,500",Not yet rated,NULL,$23
ANGI,$5.21,1440857413197,"319,439",64% bullish,of 11 ratings,$5.50
ABCW,$40.28,1440857413226,"7,717",67% bullish,of 3 ratings,N/A
ANGO,$14.67,1440857413267,"69,486",67% bullish,of 3 ratings,$19
ANIP,$52,1440857413293,"129,189",89% bullish,of 19 ratings,$66
ANIK,$35.94,1440857413318,"100,275",60% bullish,of 5 ratings,$51.25
ATRS,$1.79,1440857413524,"332,285",92% bullish,of 12 ratings,$4.50
ANSS,$89.74,1440857413566,"244,251",100% bearish,of 1 rating,$100
ATNY,$2.26,1440857413631,"4,237",50% bullish,of 2 ratings,$3.75
APIC,$6.91,1440857413660,"86,505",100% bearish,of 1 rating,$19
ABAC,$0.75,1440857413682,"11,927",100% bearish,of 1 rating,N/A
ANTH,$7.41,1440857413718,"469,427",80% bullish,of 10 ratings,$13
APOL,$11.47,1440857413744,"654,267",87% bearish,of 68 ratings,$14
APOG,$50.82,1440857413820,"111,095",50% bullish,of 2 ratings,$67
AINV,$6.6,1440857413901,"696,100",50% bullish,of 4 ratings,$8
APPF,$16.3,1440857414035,"22,796",50% bullish,of 2 ratings,$22
AAPL,$113.37,1440857414061,"32,540,481",86% bullish,of 2353 ratings,$150
ARCI,NULL,1440857414102,0,Not yet rated,NULL,N/A
APDN,$3.46,1440857414201,"72,814",Not yet rated,NULL,$9
APDNW,$1.27,1440857414338,"2,254",Not yet rated,NULL,N/A
AAOI,$21.11,1440857414382,"169,287",50% bullish,of 4 ratings,$26
AMCC,$5.77,1440857414414,"326,270",80% bullish,of 5 ratings,$8
AGTC,$16.69,1440857414435,"40,739",50% bullish,of 2 ratings,$33
APRI,$1.33,1440857414468,"381,591",83% bullish,of 6 ratings,$4.86
AMAT,$15.9916,1440857414497,"7,111,784",82% bullish,of 11 ratings,$23
APTO,$5.28,1440857414565,"32,201",Not yet rated,NULL,$17
AREX,$2.17,1440857414696,"985,162",100% bearish,of 1 rating,$3
AQXP,$16.76,1440857414730,"147,931",50% bullish,of 2 ratings,$2
AQMS,$5.2,1440857414755,"53,706",Not yet rated,NULL,N/A
AUMAU,NULL,1440857414887,0,Not yet rated,NULL,N/A
AUMA,$9.89,1440857414917,230,Not yet rated,NULL,N/A
ARDM,NULL,1440857415045,0,100% bullish,of 1 rating,$26
PETX,$17.64,1440857415077,"156,925",100% bearish,of 2 ratings,$26
ARCW,$3.63,1440857415109,"4,066",100% bearish,of 2 ratings,$10.50
AUMAW,NULL,1440857415176,0,Not yet rated,NULL,N/A
ABIO,$0.89,1440857415211,"57,096",50% bullish,of 2 ratings,$3.75
ARCB,$29.04,1440857415239,"134,492",67% bearish,of 3 ratings,$39.50
ABUS,$7.36,1440857415264,"240,604",86% bullish,of 14 ratings,$23
RKDA,$6.36,1440857415305,"9,839",100% bearish,of 2 ratings,$10
ACGL,$68.1836,1440857415511,"313,921",50% bullish,of 2 ratings,$72
ACAT,$26.55,1440857415570,"114,131",100% bearish,of 3 ratings,$33
ARDX,$18.75,1440857415640,"63,461",50% bullish,of 2 ratings,$24.50
AGII,$54.77,1440857415706,"101,334",Not yet rated,NULL,$59.50
ARNA,$2.71,1440857415731,"2,247,385",90% bullish,of 78 ratings,$5.50
ARCC,$15.6189,1440857415756,"1,375,235",67% bearish,of 3 ratings,$17.875
AGIIL,$25.36,1440857415784,"11,027",Not yet rated,NULL,N/A
ARGS,$6.16,1440857415813,"18,498",50% bullish,of 2 ratings,$19.50
ARIA,$9.65,1440857415919,"22,314,095",87% bullish,of 46 ratings,$9
ARIS,$3.54,1440857415992,"40,749",Not yet rated,NULL,$4.50
ARMH,$42.62,1440857416049,"865,391",54% bearish,of 13 ratings,$60
ARKR,$24.54,1440857416076,604,50% bullish,of 2 ratings,N/A
ARWAR,NULL,1440857416123,0,Not yet rated,NULL,N/A
ARWA,NULL,1440857416147,0,Not yet rated,NULL,N/A
ARWAU,NULL,1440857416280,0,100% bullish,of 1 rating,N/A
ARTX,$1.45,1440857416308,"63,093",88% bullish,of 16 ratings,$4.50
ARWAW,NULL,1440857416458,0,Not yet rated,NULL,N/A
ARQL,$1.76,1440857416483,"76,309",75% bullish,of 4 ratings,$5
ARRY,$5.94,1440857416536,"718,947",100% bullish,of 7 ratings,$10
ARRS,$26.82,1440857416621,"723,865",50% bullish,of 2 ratings,$38
ARWR,$5.77,1440857416674,"437,585",75% bullish,of 4 ratings,$10.50
AROW,$27.26,1440857416723,"13,804",Not yet rated,NULL,N/A
ARTNA,$22.24,1440857416810,"8,516",100% bearish,of 1 rating,$29
ARTW,$4.27,1440857416855,"1,665",75% bearish,of 4 ratings,N/A
ASNA,$12,1440857416882,"3,325,555",50% bullish,of 2 ratings,$18
DWAT,$9.98,1440857416903,"2,550",100% bearish,of 1 rating,N/A
ASBB,$24.2,1440857416935,191,Not yet rated,NULL,N/A
ASND,$19.17,1440857417077,"58,087",50% bullish,of 2 ratings,$30
ASTI,$0.1027,1440857417130,"1,274,925",83% bullish,of 6 ratings,$3
ASCMA,$27.4,1440857417159,"54,550",100% bearish,of 1 rating,$45
ASMI,NULL,1440857417260,0,NULL,NULL,NULL
APWC,$1.91,1440857417309,"1,704",100% bearish,of 1 rating,N/A
ASFI,$8.9,1440857417442,"6,440",100% bullish,of 1 rating,N/A
AZPN,$37.9,1440857417578,"471,280",50% bullish,of 2 ratings,$42
ASTE,$37.12,1440857417606,"59,288",100% bearish,of 1 rating,$48
ALOT,$13.97,1440857417628,"5,000",100% bearish,of 1 rating,N/A
ASUR,$5.97,1440857417680,"1,342",50% bullish,of 2 ratings,$8
ATRO,$52.84,1440857417780,"104,448",100% bearish,of 2 ratings,$80
ASTC,$2.07,1440857417806,"13,827",100% bullish,of 5 ratings,N/A
ATRA,$40.22,1440857417973,"86,077",50% bullish,of 2 ratings,$68
ATAI,$2.53,1440857418005,"5,759",100% bearish,of 1 rating,N/A
ATHN,$134.56,1440857418104,"144,558",67% bearish,of 3 ratings,$153
ASML,$91.98,1440857418131,"376,653",50% bullish,of 4 ratings,$127
ATHX,$1.15,1440857418307,"150,153",89% bullish,of 9 ratings,$5
AAPC,$10.1,1440857418349,524,Not yet rated,NULL,N/A
AFCB,$26.58,1440857418376,43,Not yet rated,NULL,N/A
ASMB,$13.33,1440857418448,"40,085",67% bullish,of 3 ratings,N/A
AAME,$3.51,1440857418534,"1,614",Not yet rated,NULL,N/A
ACFC,$5.59,1440857418660,"23,302",100% bearish,of 1 rating,$6.50
ATLC,$3.82,1440857418690,"1,000",67% bullish,of 3 ratings,N/A
AAWW,$41.57,1440857418715,"344,090",50% bullish,of 2 ratings,$65
ATNI,$71.89,1440857418790,"30,836",100% bearish,of 1 rating,$69.50
AFH,$16.25,1440857418936,"45,444",Not yet rated,NULL,$21.50
ATML,$8.21,1440857418983,"5,323,862",78% bullish,of 9 ratings,$9.50
ATOS,$0.76,1440857419042,"146,526",100% bullish,of 7 ratings,$7
ATRI,$390.57,1440857419171,"1,710",Not yet rated,NULL,N/A
ATRM,$2.83,1440857419255,"5,169",50% bullish,of 2 ratings,N/A
ATTU,$13.2582,1440857419325,"43,316",100% bearish,of 1 rating,$20.50
AUDC,$3.34,1440857419414,"41,046",80% bullish,of 5 ratings,$5
LIFE,$14.79,1440857419455,"59,987",86% bullish,of 7 ratings,$43
EARS,$4.86,1440857419485,"61,876",100% bearish,of 2 ratings,$11.50
ATRC,$25.5,1440857419515,"75,032",100% bullish,of 1 rating,$30
AUPH,$3.03,1440857419590,"48,213",100% bearish,of 1 rating,$8
AUBN,$26.68,1440857419620,652,Not yet rated,NULL,N/A
ADAT,$0.2901,1440857419720,"286,619",100% bullish,of 2 ratings,N/A
ADSK,$47.52,1440857419751,"7,664,747",67% bullish,of 6 ratings,$69.50
ABTL,$17.48,1440857419817,"56,816",100% bullish,of 4 ratings,$20.25
ADP,$78.41,1440857419848,"1,833,355",100% bearish,of 1 rating,$88
AVGO,$127.49,1440857420069,"2,365,644",88% bullish,of 8 ratings,$165
AAVL,$10.78,1440857420312,"281,210",100% bearish,of 1 rating,$20
AVNU,$12.35,1440857420491,"4,686",Not yet rated,NULL,$14
AVEO,$1.42,1440857420517,"525,234",75% bullish,of 8 ratings,$3
AVID,$8.51,1440857420647,"262,047",100% bearish,of 1 rating,$20
AVGR,$14.96,1440857420804,"28,648",100% bearish,of 1 rating,$20
ACLS,$3.17,1440857420832,"211,572",67% bullish,of 6 ratings,$4.75
AXPW,$1.06,1440857420853,"50,386",83% bullish,of 6 ratings,N/A
AVNW,$1.13,1440857420891,"120,526",50% bullish,of 2 ratings,$2.20
AXPWW,NULL,1440857420913,0,Not yet rated,NULL,N/A
CAR,$43.59,1440857420934,"772,875",80% bullish,of 5 ratings,$60
AWRE,$3.18,1440857420983,"9,746",67% bullish,of 3 ratings,N/A
AXGN,$4.88,1440857421082,"266,524",Not yet rated,NULL,$5
RILY,NULL,1440857421153,0,Not yet rated,NULL,N/A
AXTI,$2.2,1440857421184,"30,041",50% bullish,of 2 ratings,$2.75
BCOM,$18.86,1440857421223,80,100% bearish,of 1 rating,N/A
BOSC,$2.17,1440857421367,"2,700",50% bullish,of 2 ratings,N/A
BEAV,$49.39,1440857421422,"564,180",67% bearish,of 3 ratings,$59
BWINA,NULL,1440857421495,0,Not yet rated,NULL,N/A
BCPC,$58.23,1440857421523,"129,590",100% bearish,of 1 rating,$75
BIDU,$152.41,1440857421544,"2,202,325",81% bullish,of 88 ratings,$210
BWINB,$23.05,1440857421592,"5,630",Not yet rated,NULL,N/A
BANF,$59.87,1440857421687,"10,874",Not yet rated,NULL,$68
BLDP,$1.28,1440857421740,"333,343",91% bullish,of 22 ratings,$2.50
BANFP,NULL,1440857421766,0,Not yet rated,NULL,N/A
BKMU,$7.2,1440857421796,"106,117",Not yet rated,NULL,$8
BOCH,$5.75,1440857421926,"7,098",Not yet rated,NULL,$6.50
BMRC,$47.78,1440857421951,"6,078",Not yet rated,NULL,$52
BKSC,$16.38,1440857421976,"1,895",Not yet rated,NULL,N/A
BOTJ,$10.93,1440857422205,51,Not yet rated,NULL,N/A
BWFG,$17.89,1440857422273,"86,221",100% bearish,of 1 rating,N/A
BFIN,$11.98,1440857422302,"805,971",Not yet rated,NULL,$13
BANR,$43.67,1440857422343,"52,487",100% bullish,of 3 ratings,$50
BHACR,NULL,1440857422369,0,Not yet rated,NULL,N/A
OZRK,$41.65,1440857422424,"340,296",67% bullish,of 3 ratings,$49.50
BZUN,$5.29,1440857422454,"324,008",50% bullish,of 2 ratings,$11.50
BHAC,$9.81,1440857422531,400,Not yet rated,NULL,N/A
TAPR,$31.36,1440857422565,"1,065",100% bearish,of 1 rating,N/A
BHACW,NULL,1440857422667,0,Not yet rated,NULL,N/A
BHACU,NULL,1440857422696,0,Not yet rated,NULL,N/A
BBSI,$35.46,1440857422774,"44,948",67% bearish,of 3 ratings,$62.50
BYBK,$4.88,1440857422864,"12,262",100% bearish,of 1 rating,N/A
BSET,$28.97,1440857422905,"65,844",100% bearish,of 1 rating,$35
BYLK,$12.75,1440857422962,"3,944",Not yet rated,NULL,$14
BBCN,$14.41,1440857423035,"235,503",100% bearish,of 1 rating,$16
BV,$5.16,1440857423060,"390,911",67% bullish,of 6 ratings,$9
BDCV,$4.92,1440857423240,"8,428",100% bearish,of 1 rating,$10.19
BECN,$35.38,1440857423269,"319,053",50% bullish,of 2 ratings,$40
BSF,$8.56,1440857423290,"14,316",Not yet rated,NULL,N/A
BBBY,$62.32,1440857423423,"1,490,780",71% bullish,of 7 ratings,$75
BBGI,$4.07,1440857423451,514,100% bearish,of 1 rating,N/A
BCBP,$11.51,1440857423473,"2,786",Not yet rated,NULL,N/A
BEBE,$1.35,1440857423494,"2,507,789",75% bullish,of 4 ratings,$3.075
BELFB,$17.97,1440857423638,"23,081",100% bearish,of 1 rating,N/A
BELFA,$16.95,1440857423687,24,100% bearish,of 1 rating,N/A
BLCM,$17.34,1440857423813,"156,508",50% bullish,of 4 ratings,$40
BNCL,$12.42,1440857423862,"203,255",100% bullish,of 3 ratings,$12.50
BNTC,$7.9937,1440857423893,"46,904",100% bullish,of 1 rating,N/A
BNFT,$36.35,1440857423920,"83,611",67% bullish,of 3 ratings,$46
BLPH,$5.04,1440857423941,"6,129",100% bearish,of 1 rating,$12.50
BGMD,$0.7251,1440857423991,"219,421",100% bullish,of 10 ratings,N/A
BGCP,$8.735,1440857424167,"654,941",88% bullish,of 8 ratings,$14
BIND,$4.45,1440857424207,"49,598",75% bullish,of 4 ratings,$13.50
BIOC,$1.98,1440857424307,"102,773",83% bullish,of 6 ratings,$3.85
BGFV,$11.1,1440857424335,"86,024",57% bullish,of 7 ratings,$12
BASI,$1.6,1440857424362,"3,810",Not yet rated,NULL,N/A
ORPN,$5.97,1440857424392,"20,587",100% bullish,of 1 rating,$28.50
BCDA,NULL,1440857424494,0,Not yet rated,NULL,N/A
BCRX,$11.42,1440857424650,"314,110",63% bullish,of 8 ratings,$18
BIOD,$0.6435,1440857424677,"49,279",80% bullish,of 5 ratings,$4
BDSI,$6.87,1440857424699,"493,039",88% bullish,of 8 ratings,$17
BIIB,$303.69,1440857424736,"1,407,281",88% bullish,of 16 ratings,$400
BIOL,$1.43,1440857424837,"19,466",Not yet rated,NULL,N/A
BLFS,$1.98,1440857424866,"21,237",100% bearish,of 1 rating,$4.75
BLRX,$1.53,1440857424946,"208,226",100% bullish,of 12 ratings,$5
BPTH,$1.11,1440857425053,"55,103",100% bullish,of 2 ratings,$5
BVXV,$3.6325,1440857425078,"2,361",Not yet rated,NULL,N/A
BVXVW,$0.7,1440857425103,300,100% bearish,of 1 rating,N/A
BMRN,$132.0147,1440857425130,"575,644",80% bullish,of 5 ratings,$160
BRLI,NULL,1440857425300,0,NULL,NULL,NULL
BIOS,$2.46,1440857425327,"689,760",71% bullish,of 7 ratings,$4
BBC,$31.95,1440857425365,"9,881",Not yet rated,NULL,N/A
BSTC,$52.12,1440857425461,"40,800",100% bearish,of 1 rating,$76
BSPM,$0.67,1440857425491,"65,101",50% bullish,of 2 ratings,N/A
BOTA,$2.18,1440857425520,"25,205",88% bullish,of 8 ratings,N/A
BBP,$33.4,1440857425618,"19,508",Not yet rated,NULL,N/A
TECH,$96.5,1440857425726,"280,906",100% bullish,of 1 rating,$117
BITI,$17.095,1440857425806,"19,344",100% bullish,of 1 rating,$28
BEAT,$14.67,1440857425837,"218,630",67% bearish,of 3 ratings,$15
BDMS,$12.64,1440857425864,84,100% bearish,of 1 rating,N/A
BBOX,$15.07,1440857425936,"96,363",100% bearish,of 1 rating,N/A
BLKB,$57.86,1440857425994,"156,655",100% bearish,of 2 ratings,$66
BJRI,$44.26,1440857426022,"170,972",50% bullish,of 2 ratings,$55
BDE,$7.5,1440857426043,"75,507",50% bullish,of 2 ratings,$9
ADRA,$27.5,1440857426411,"2,800",100% bearish,of 1 rating,N/A
ADRD,$22.21,1440857426439,"11,305",100% bearish,of 1 rating,N/A
HAWK,$40.26,1440857426469,"239,630",91% bullish,of 11 ratings,$49
ADRE,$30.08,1440857426490,"10,155",100% bearish,of 1 rating,N/A
BKCC,$9.304,1440857426523,"302,275",50% bullish,of 2 ratings,$10
BBRY,$7.32,1440857426572,"3,500,684",61% bullish,of 330 ratings,$9
BLMN,$20.51,1440857426659,"1,243,002",83% bullish,of 6 ratings,$27.50
ADRU,$21.9113,1440857426702,"1,280",100% bearish,of 1 rating,N/A
BCOR,$13.81,1440857426799,"189,735",57% bullish,of 7 ratings,$15
BLBD,$11.96,1440857426831,"9,660",Not yet rated,NULL,N/A
BBLU,$0.78,1440857426857,"112,994",100% bullish,of 2 ratings,$4.43
BUFF,$26.31,1440857426934,"184,065",83% bullish,of 12 ratings,$31.50
BLUE,$137.47,1440857427071,"296,264",71% bullish,of 7 ratings,$217.50
NILE,$34.3,1440857427136,"81,168",50% bullish,of 2 ratings,$34
BKEP,$6.34,1440857427166,"19,498",100% bearish,of 1 rating,$8.50
BHBK,$13.84,1440857427244,"32,621",100% bullish,of 1 rating,$14.50
BNCN,$20.56,1440857427274,"117,776",Not yet rated,NULL,$24
BOBE,$43.6,1440857427300,"117,836",75% bullish,of 4 ratings,$57
BKEPP,$7.61,1440857427325,"6,200",100% bearish,of 1 rating,N/A
BPMC,$26.84,1440857427491,"69,527",50% bullish,of 2 ratings,$47.50
WIFI,$7.62,1440857427530,"145,572",50% bullish,of 2 ratings,$13.50
BOJA,$21.44,1440857427556,"58,055",100% bullish,of 1 rating,$30
BOFI,$117.62,1440857427578,"213,540",100% bullish,of 6 ratings,$144
BOKF,$62.3925,1440857427625,"164,013",100% bearish,of 1 rating,$69
BONA,$11.64,1440857427724,"107,333",75% bullish,of 4 ratings,$8.50
BNSO,$1.31,1440857427800,630,100% bearish,of 1 rating,N/A
BAMM,$3.1,1440857427858,"24,796",60% bullish,of 5 ratings,N/A
EPAY,$26.94,1440857427990,"177,935",100% bearish,of 2 ratings,$30
BPFHW,$5.15,1440857428019,"3,330",100% bearish,of 1 rating,N/A
BPFH,$11.79,1440857428040,"250,539",100% bearish,of 1 rating,$14
BPFHP,$24.85,1440857428061,"11,250",100% bearish,of 1 rating,N/A
BBEP,$2.94,1440857428210,"2,796,108",69% bullish,of 13 ratings,$5.625
BCLI,$3.04,1440857428239,"50,501",80% bullish,of 5 ratings,$12
BBRG,$12.72,1440857428311,"69,040",67% bullish,of 3 ratings,$14.50
BBEPP,$13.4,1440857428376,"61,890",100% bearish,of 1 rating,N/A
BDGE,$26.21,1440857428402,"17,166",Not yet rated,NULL,$31.75
BLIN,$1.36,1440857428440,"5,087",100% bullish,of 2 ratings,$2.20
BDBD,$8.39,1440857428535,"451,957",60% bullish,of 5 ratings,$10
BRID,NULL,1440857428627,0,100% bearish,of 1 rating,N/A
BCOV,$5.32,1440857428762,"68,688",67% bullish,of 3 ratings,$10.20
BSFT,$31.63,1440857428805,"88,378",57% bullish,of 7 ratings,$40.50
BRCM,$51.79,1440857428833,"2,529,830",75% bullish,of 12 ratings,$56
BWEN,$3.18,1440857428871,"34,309",100% bullish,of 3 ratings,$8
BYFC,$1.36,1440857428893,"5,967",50% bullish,of 2 ratings,N/A
BVSN,$6.01,1440857428964,"13,669",60% bearish,of 5 ratings,N/A
BRCD,$10.553,1440857428991,"2,104,384",92% bullish,of 13 ratings,$11.50
BRKL,$10.51,1440857429035,"272,340",100% bearish,of 1 rating,$10.75
BRKR,$18.4692,1440857429205,"392,981",100% bearish,of 2 ratings,$22
BRKS,$10.41,1440857429231,"127,627",67% bullish,of 3 ratings,$15.25
BMTC,$29.2,1440857429305,"98,064",Not yet rated,NULL,$34
BSQR,$6.15,1440857429373,"55,497",67% bullish,of 3 ratings,N/A
BLMT,$20.6,1440857429433,"11,270",Not yet rated,NULL,N/A
BWLD,$194.06,1440857429459,"166,257",82% bullish,of 11 ratings,$205
BLDR,$14.48,1440857429500,"484,766",67% bullish,of 3 ratings,$22
BUR,$1.74,1440857429593,"6,743",100% bearish,of 1 rating,$8
CHRW,$67.2467,1440857429627,"1,365,634",Not yet rated,NULL,$72
CFFI,$36.19,1440857429653,"7,589",100% bearish,of 1 rating,N/A
CCMP,$43.53,1440857429734,"79,642",50% bullish,of 2 ratings,$59
CA,$27.26,1440857429937,"2,293,564",50% bullish,of 4 ratings,$33
CZR,$9.17,1440857429994,"738,436",60% bearish,of 5 ratings,$10.50
CDZI,$8.14,1440857430021,"84,491",100% bearish,of 1 rating,N/A
CSTE,$40.5,1440857430066,"114,834",50% bullish,of 2 ratings,$65
CDNS,$20.14,1440857430157,"1,265,237",75% bullish,of 4 ratings,$22.50
CACQ,$7.53,1440857430214,"56,359",100% bearish,of 1 rating,$12.25
PRSS,$4.55,1440857430258,"10,528",80% bullish,of 5 ratings,$4.50
CLMS,$10.61,1440857430316,"65,837",Not yet rated,NULL,$10.50
CLBS,$1.44,1440857430359,"118,591",79% bullish,of 14 ratings,$4
CHY,$11.47,1440857430410,"160,991",Not yet rated,NULL,N/A
CFGE,NULL,1440857430439,0,Not yet rated,NULL,N/A
CHI,$10.6,1440857430460,"101,782",100% bearish,of 1 rating,N/A
CCD,$19.38,1440857430629,"81,611",Not yet rated,NULL,N/A
CHW,$7.64,1440857430655,"278,918",100% bearish,of 1 rating,N/A
CGO,$12.01,1440857430681,"13,619",100% bearish,of 1 rating,N/A
CSQ,$9.96,1440857430728,"222,801",Not yet rated,NULL,N/A
CAMP,$16.59,1440857430874,"249,483",88% bullish,of 8 ratings,$25
CALA,$5.78,1440857430970,"350,686",100% bullish,of 3 ratings,$19.50
CVGW,$59.23,1440857431042,"104,521",50% bullish,of 2 ratings,$58.50
CALD,$15.94,1440857431101,"214,263",100% bearish,of 1 rating,$21
CFNB,$13.31,1440857431134,301,100% bearish,of 1 rating,N/A
CALM,$50.25,1440857431162,"273,365",80% bullish,of 5 ratings,$65
ABCD,$5.28,1440857431185,"155,994",83% bullish,of 6 ratings,N/A
CAMB,$9.95,1440857431216,"3,000",Not yet rated,NULL,N/A
CLMT,$26.1156,1440857431243,"157,345",75% bullish,of 8 ratings,$31
CAMBW,NULL,1440857431375,0,Not yet rated,NULL,N/A
CAMBU,NULL,1440857431445,0,100% bearish,of 1 rating,N/A
CSIQ,$18.9253,1440857431604,"1,536,120",86% bullish,of 28 ratings,$42.50
CAC,$40.25,1440857431632,"5,351",Not yet rated,NULL,N/A
CAMT,$2.72,1440857431667,"11,795",73% bullish,of 11 ratings,$4
CGIX,$9.96,1440857431772,"20,078",67% bullish,of 3 ratings,$14.375
CBNJ,$11.09,1440857431794,"17,605",100% bullish,of 1 rating,N/A
CPLA,$49.2,1440857431824,"111,385",67% bearish,of 3 ratings,$65
CPHC,$10.3,1440857431845,"1,608",100% bearish,of 1 rating,N/A
CPLP,$6.85,1440857431999,"246,034",71% bullish,of 7 ratings,$11
CBF,$29.0025,1440857432097,"163,441",Not yet rated,NULL,$32
CSWC,$45.86,1440857432131,"14,727",Not yet rated,NULL,N/A
CPTA,$13.69,1440857432160,"45,514",100% bearish,of 1 rating,$18.50
CFFN,$12.03,1440857432181,"444,730",Not yet rated,NULL,$12.75
CAPN,$2.27,1440857432206,"216,917",100% bullish,of 1 rating,$10.85
CCBG,$14.99,1440857432227,"18,070",Not yet rated,NULL,$17.25
CAPNW,NULL,1440857432455,0,Not yet rated,NULL,N/A
CAPR,$4.28,1440857432484,"3,636",Not yet rated,NULL,$12
CPST,$0.4182,1440857432510,"1,396,611",95% bullish,of 22 ratings,$1.25
CARA,$19.25,1440857432535,"104,767",50% bullish,of 4 ratings,$25
CARB,$11.28,1440857432676,"80,399",75% bullish,of 4 ratings,$12
CBYL,$5.38,1440857432811,"28,815",100% bearish,of 1 rating,$20
CSII,$24.24,1440857432840,"97,779",100% bearish,of 2 ratings,$42.125
CFNL,$21.88,1440857432872,"97,527",Not yet rated,NULL,$24
CRDC,$0.37,1440857432896,"98,459",100% bullish,of 1 rating,$1.25
CATM,$34.65,1440857432917,"145,056",100% bearish,of 1 rating,$44
CRME,$8.86,1440857432953,"6,283",89% bullish,of 9 ratings,$11.25
CDNA,$6.86,1440857432977,"9,849",100% bearish,of 1 rating,$9
CECO,$3.78,1440857433108,"325,880",67% bearish,of 3 ratings,$6
CKEC,$23.45,1440857433134,"112,092",50% bullish,of 2 ratings,$35.915
CTRE,$11.32,1440857433159,"366,158",50% bullish,of 2 ratings,$13.50
CLBH,$12.7,1440857433210,"1,504",Not yet rated,NULL,$16.50
CARO,$15.52,1440857433490,686,100% bearish,of 1 rating,$19
TAST,$12.68,1440857433517,"294,920",Not yet rated,NULL,$14.25
CRZO,$35.27,1440857433538,"1,680,807",67% bearish,of 3 ratings,$55
CASM,$1.13,1440857433572,"169,953",100% bullish,of 1 rating,$3.50
CACB,$5.28,1440857433594,"28,460",Not yet rated,NULL,$5.50
CART,$5.35,1440857433628,"1,687",100% bearish,of 1 rating,N/A
CARV,$7,1440857433681,"3,573",50% bullish,of 2 ratings,N/A
CRTN,$2.49,1440857433762,"4,420",100% bearish,of 1 rating,N/A
CSCD,$14.97,1440857433850,"29,328",100% bullish,of 2 ratings,$17
CWST,$6.25,1440857433921,"94,168",50% bullish,of 2 ratings,$7.25
CASI,$1.45,1440857434006,"16,210",100% bullish,of 1 rating,$3.50
CASY,$106.08,1440857434027,"164,558",50% bullish,of 2 ratings,$99.50
CASS,$48.74,1440857434091,"12,195",100% bearish,of 1 rating,N/A
CATB,$12.3,1440857434193,"12,584",100% bearish,of 1 rating,$28
CATY,$29.47,1440857434224,"526,220",100% bearish,of 1 rating,$33.50
CATYW,NULL,1440857434326,0,100% bearish,of 1 rating,N/A
CAVM,$68.35,1440857434355,"259,220",67% bearish,of 3 ratings,$72
CNLM,$9.92,1440857434389,"5,100",Not yet rated,NULL,N/A
CVCO,$71.58,1440857434417,"22,860",100% bearish,of 1 rating,N/A
CPRX,$3.64,1440857434483,"252,829",71% bullish,of 7 ratings,$7
CBFV,$20.23,1440857434512,"1,904",Not yet rated,NULL,$25
CNLMU,NULL,1440857434651,0,100% bullish,of 1 rating,N/A
CNLMR,NULL,1440857434677,0,Not yet rated,NULL,N/A
CNLMW,NULL,1440857434697,0,Not yet rated,NULL,N/A
CDK,$49.69,1440857434830,"401,908",67% bearish,of 3 ratings,$50
CBOE,$63.82,1440857434889,"270,550",Not yet rated,NULL,$60
CDW,$39.95,1440857434956,"682,521",75% bullish,of 4 ratings,$44
CECE,$9.72,1440857434988,"43,721",50% bullish,of 2 ratings,$16
CPXX,$2.09,1440857435013,"73,775",100% bullish,of 2 ratings,$7
CELGZ,$1.84,1440857435084,130,80% bullish,of 5 ratings,N/A
CELG,$123.72,1440857435189,"3,113,278",92% bullish,of 13 ratings,$155.50
CLDN,$1.11,1440857435259,"380,623",71% bullish,of 7 ratings,$3
CLDX,$15.36,1440857435358,"795,869",89% bullish,of 9 ratings,$36
CLRB,$3.07,1440857435388,"3,191",100% bearish,of 1 rating,N/A
CLRBW,NULL,1440857435415,0,Not yet rated,NULL,N/A
CLLS,$33.23,1440857435436,"43,557",75% bullish,of 4 ratings,$51.50
CBMG,$23.56,1440857435467,"38,037",50% bullish,of 2 ratings,N/A
CYAD,NULL,1440857435755,0,100% bullish,of 1 rating,$87.50
CSFL,$13.59,1440857435787,"87,153",Not yet rated,NULL,$15
CLSN,$2.06,1440857435809,"73,145",80% bullish,of 10 ratings,$7.50
CEMP,$35.8,1440857435840,"347,148",71% bullish,of 7 ratings,$52
CETV,$2.14,1440857435861,"134,612",67% bullish,of 3 ratings,$2.80
CETX,$2.36,1440857435900,"4,400",Not yet rated,NULL,$5.60
CLTX,$2.42,1440857435921,"133,553",100% bullish,of 2 ratings,N/A
CFBK,$1.37,1440857435994,"2,096",Not yet rated,NULL,N/A
CNBKA,$41.6,1440857436215,"1,243",50% bullish,of 2 ratings,N/A
CVCY,$11.26,1440857436241,"19,319",Not yet rated,NULL,$12
CENTA,$12.55,1440857436263,"406,884",Not yet rated,NULL,N/A
CENT,$12.18,1440857436291,"51,466",Not yet rated,NULL,$10
CENX,$5.51,1440857436319,"2,154,129",67% bullish,of 6 ratings,$9
CPHD,$50.36,1440857436451,"387,374",67% bearish,of 3 ratings,$66.50
CNTY,$5.65,1440857436528,"30,032",80% bullish,of 5 ratings,$7.75
CRNT,$1.43,1440857436560,"82,256",50% bullish,of 2 ratings,$2
CERS,$4.85,1440857436632,"305,160",75% bullish,of 4 ratings,$7
CERE,$1.14,1440857436662,"230,627",88% bullish,of 8 ratings,N/A
CERN,$63.13,1440857436713,"1,747,634",67% bullish,of 3 ratings,$79
CERU,$3.78,1440857436738,"42,073",75% bullish,of 4 ratings,$15
KOOL,$0.67,1440857436763,"40,840",100% bullish,of 5 ratings,$7
CEVA,$19.13,1440857436935,"98,749",100% bearish,of 1 rating,$25
HOTR,$1.42,1440857436997,"119,259",100% bullish,of 2 ratings,$5
CYOU,$20.64,1440857437042,"99,352",50% bullish,of 6 ratings,$24
HOTRW,NULL,1440857437070,0,Not yet rated,NULL,N/A
CTHR,$1.3,1440857437091,"7,326",50% bullish,of 2 ratings,$2.50
CHTR,$180.1921,1440857437144,"506,492",100% bearish,of 2 ratings,$196
GTLS,$24.36,1440857437231,"352,866",50% bullish,of 4 ratings,$40
CHFN,$12.38,1440857437275,"17,917",Not yet rated,NULL,$14
CHEKW,NULL,1440857437411,0,Not yet rated,NULL,N/A
CEMI,$4.25,1440857437438,"18,500",50% bullish,of 2 ratings,$7.50
CHEK,$2.1,1440857437508,"3,047",Not yet rated,NULL,$7.75
CHKP,$78.7204,1440857437533,"690,963",50% bullish,of 4 ratings,$92
CCXI,$6.5,1440857437681,"58,200",67% bullish,of 3 ratings,$14
CHFC,$31.4,1440857437706,"83,177",100% bearish,of 1 rating,$36
CHMG,$26.15,1440857437783,520,Not yet rated,NULL,$30
CHEV,$14.42,1440857438695,"2,230",Not yet rated,NULL,N/A
PLCE,$59.63,1440857438727,"171,366",100% bearish,of 1 rating,$69
CHKE,$25.46,1440857438753,"11,637",100% bearish,of 1 rating,$32.50
CHMA,$25.42,1440857438778,"56,946",Not yet rated,NULL,$40
CADC,NULL,1440857438920,0,78% bullish,of 9 ratings,N/A
CMRX,$50.48,1440857438947,"233,277",50% bullish,of 2 ratings,$57
CBNK,$16.25,1440857438969,"7,266",100% bearish,of 1 rating,N/A
CALI,$0.89,1440857438999,"13,298",67% bullish,of 3 ratings,N/A
CBAK,$2.02,1440857439097,"47,677",67% bullish,of 9 ratings,N/A
CBPO,$99.9369,1440857439164,"135,210",75% bullish,of 8 ratings,$140.50
CAAS,$6.55,1440857439189,"22,438",93% bullish,of 14 ratings,$11.50
CCCR,$0.79,1440857439231,"1,440",67% bearish,of 3 ratings,N/A
CCCL,$0.783,1440857439326,"8,319",100% bullish,of 6 ratings,N/A
JRJC,$3.64,1440857439353,"75,212",82% bullish,of 11 ratings,N/A
CHOP,$1.16,1440857439374,"3,443",50% bullish,of 2 ratings,N/A
CHLN,$1.99,1440857439569,"5,524",67% bullish,of 3 ratings,N/A
HGSH,$1.81,1440857439596,"5,114",67% bullish,of 3 ratings,N/A
CNIT,$1.37,1440857439617,"110,498",67% bullish,of 6 ratings,N/A
HTHT,$25.57,1440857439650,"81,705",50% bullish,of 2 ratings,$28.40
CJJD,$1.87,1440857439747,"12,291",100% bullish,of 1 rating,N/A
CHNR,$1.57,1440857439807,"4,716",100% bearish,of 1 rating,N/A
CPGI,NULL,1440857439831,0,Not yet rated,NULL,N/A
CREG,$0.7,1440857439882,"37,457",100% bullish,of 3 ratings,N/A
CSUN,$1.48,1440857439916,"12,166",80% bullish,of 5 ratings,N/A
CXDC,$5.72,1440857440016,"37,730",67% bearish,of 3 ratings,N/A
CNYD,$3.35,1440857440044,"14,299",67% bullish,of 3 ratings,N/A
CNTF,$0.804,1440857440085,"91,538",Not yet rated,NULL,N/A
CCIH,$7.31,1440857440148,"195,215",67% bullish,of 6 ratings,$12.65
IMOS,$18.56,1440857440276,"157,340",60% bullish,of 5 ratings,$21.50
CNET,$0.898,1440857440352,"40,200",50% bullish,of 2 ratings,N/A
CHSCL,$27.01,1440857440377,"14,960",Not yet rated,NULL,N/A
CHSCN,$27.27,1440857440417,"2,175",Not yet rated,NULL,N/A
CHSCM,$26.12,1440857440472,"14,760",Not yet rated,NULL,N/A
CHSCO,$28.31,1440857440509,"2,888",Not yet rated,NULL,N/A
CHSCP,$30.51,1440857440577,"4,500",Not yet rated,NULL,N/A
CDTX,$14.67,1440857440711,"15,045",Not yet rated,NULL,$22
CHUY,$31.57,1440857440739,"143,174",50% bullish,of 2 ratings,$34
CMCT,$15.3899,1440857440772,200,100% bearish,of 1 rating,N/A
CHDN,$133.5,1440857440801,"100,896",Not yet rated,NULL,$165
CIFC,$7.04,1440857440822,"4,824",100% bearish,of 1 rating,N/A
CMPR,$73.46,1440857440868,"272,387",50% bullish,of 2 ratings,$72.50
CINF,$52.79,1440857440964,"561,411",50% bullish,of 4 ratings,$50.50
CIDM,$0.5736,1440857441095,"95,380",50% bullish,of 2 ratings,$2.10
CPHR,$5.33,1440857441122,"49,892",100% bearish,of 1 rating,$17
CTAS,$85.3785,1440857441143,"330,304",100% bearish,of 1 rating,$91
CSCO,$26.02,1440857441305,"21,265,874",84% bullish,of 209 ratings,$32
CRUS,$30.21,1440857441335,"732,197",75% bullish,of 12 ratings,$44.50
CZNC,$19.84,1440857441368,"9,181",Not yet rated,NULL,N/A
CTRN,$26.73,1440857441390,"81,046",100% bearish,of 1 rating,$31.50
CZFC,NULL,1440857441435,0,Not yet rated,NULL,N/A
CIZN,$19.33,1440857441462,"2,439",Not yet rated,NULL,N/A
CZWI,$8.97,1440857441526,974,Not yet rated,NULL,N/A
CHCO,$47.25,1440857441559,"42,647",Not yet rated,NULL,$46
CTXS,$68.69,1440857441658,"1,229,256",86% bullish,of 7 ratings,$80
CIVBP,$33.21,1440857441686,353,Not yet rated,NULL,N/A
CIVB,$10.07,1440857441711,"6,435",Not yet rated,NULL,$11
CDTI,$1.61,1440857441930,"54,168",75% bullish,of 4 ratings,$3.20
CLNE,$5.18,1440857442023,"972,530",80% bullish,of 15 ratings,$9
CLNT,$1.5,1440857442052,"17,654",75% bullish,of 8 ratings,N/A
CLFD,$17.21,1440857442086,"38,655",67% bullish,of 3 ratings,$18
CLRO,$11.51,1440857442124,"4,079",50% bullish,of 2 ratings,$14.25
CLVS,$80.54,1440857442187,"406,345",60% bullish,of 5 ratings,$101.50
CLIR,$4.67,1440857442209,"79,948",100% bullish,of 3 ratings,N/A
CSBK,$13.62,1440857442238,"66,040",Not yet rated,NULL,N/A
CMFN,$11.17,1440857442285,"26,820",100% bearish,of 1 rating,$15.50
CME,$94.62,1440857442429,"1,009,749",67% bullish,of 3 ratings,$102
CBLI,$3.8,1440857442465,"30,681",60% bullish,of 5 ratings,N/A
CISG,$7.81,1440857442559,"67,936",100% bullish,of 5 ratings,$10
CCNE,$16.98,1440857442584,"9,188",50% bullish,of 2 ratings,$21.50
CWAY,$11.11,1440857442618,"4,726",Not yet rated,NULL,N/A
COBZ,$12.84,1440857442754,"40,728",100% bullish,of 1 rating,$14
CNV,$4.43,1440857442783,"28,444",50% bullish,of 2 ratings,$7.15
COKE,$157.56,1440857442857,"23,920",79% bullish,of 19 ratings,N/A
CDRB,$13.97,1440857442888,"24,525",67% bullish,of 3 ratings,N/A
CDXS,$3.8,1440857442958,"19,698",64% bullish,of 11 ratings,$6
JVA,$4.63,1440857442986,"11,572",83% bullish,of 6 ratings,$7
CVLY,$20.32,1440857443037,722,Not yet rated,NULL,N/A
CCOI,$27.46,1440857443096,"445,468",50% bullish,of 4 ratings,$35
CGNX,$35.49,1440857443171,"359,217",50% bullish,of 2 ratings,$47
CGNT,$1.53,1440857443200,"56,889",100% bullish,of 2 ratings,$2
CTSH,$63.72,1440857443303,"2,758,536",90% bullish,of 10 ratings,$75
COHR,$57.83,1440857443590,"78,704",50% bullish,of 2 ratings,$72
CLRX,$0.54,1440857443618,"44,213",50% bullish,of 2 ratings,N/A
CHRS,$28.98,1440857443643,"79,672",67% bearish,of 3 ratings,$37
COLL,$15.34,1440857443669,"40,817",100% bearish,of 1 rating,$26
CLCT,$18.27,1440857443807,"26,386",100% bearish,of 1 rating,N/A
CIGI,$43.29,1440857443838,"40,937",100% bearish,of 1 rating,$52
CBAN,$8.75,1440857443865,"1,516",Not yet rated,NULL,N/A
COHU,$9.65,1440857443886,"127,716",100% bearish,of 1 rating,$14.25
COLB,$30.05,1440857444017,"150,126",Not yet rated,NULL,$36
CLCD,$6.63,1440857444044,"68,876",100% bearish,of 1 rating,$20.50
COLM,$60.64,1440857444100,"88,479",100% bearish,of 1 rating,$71
CMCO,$18.73,1440857444176,"73,520",60% bullish,of 5 ratings,$28
CMCSK,$57.62,1440857444278,"1,941,868",Not yet rated,NULL,$84
CMCSA,$56.77,1440857444384,"7,743,132",66% bullish,of 35 ratings,$69.50
CBSH,$44.5989,1440857444418,"229,533",50% bullish,of 2 ratings,$46
CBSHP,$25.42,1440857444455,"26,034",100% bearish,of 1 rating,N/A
CVGI,$4.96,1440857444514,"43,835",50% bullish,of 2 ratings,$6
COMM,$31.9,1440857444539,"725,355",67% bearish,of 3 ratings,$35
CBMX,$1.1,1440857444569,"19,525",83% bullish,of 6 ratings,$3.15
CUBN,NULL,1440857444594,0,Not yet rated,NULL,N/A
CSAL,$20.6041,1440857444768,"433,349",75% bullish,of 4 ratings,$30
CYHHZ,$0.01,1440857444816,"76,000",100% bullish,of 1 rating,N/A
ESXB,$5.06,1440857444909,"3,468",Not yet rated,NULL,N/A
JCS,$8.61,1440857444956,"7,525",67% bullish,of 3 ratings,N/A
CWBC,$6.7,1440857445005,"1,519",Not yet rated,NULL,N/A
CTBI,$34.87,1440857445045,"53,139",Not yet rated,NULL,$36
CIZ,$33.45,1440857445173,"1,507",100% bearish,of 1 rating,N/A
CVLT,$35.7,1440857445217,"499,857",75% bullish,of 4 ratings,$44.50
CIL,NULL,1440857445245,0,Not yet rated,NULL,N/A
COB,$10.44,1440857445276,"13,253",100% bullish,of 1 rating,$11.75
CID,NULL,1440857445380,0,Not yet rated,NULL,N/A
CSA,NULL,1440857445407,0,Not yet rated,NULL,N/A
CSF,$36.75,1440857445487,"4,489",100% bearish,of 1 rating,N/A
CFO,$35.63,1440857445539,"150,250",100% bearish,of 1 rating,N/A
CDC,$34.78,1440857445566,"3,743",Not yet rated,NULL,N/A
CFA,$35.7,1440857445625,900,100% bearish,of 1 rating,N/A
CSB,$32.92,1440857445727,200,Not yet rated,NULL,N/A
CDL,NULL,1440857445751,0,Not yet rated,NULL,N/A
CGEN,$5.2,1440857445892,"49,804",50% bullish,of 2 ratings,$11
CTG,$6.51,1440857445990,"63,423",100% bearish,of 1 rating,$8.50
SCOR,$53.74,1440857446032,"303,382",100% bearish,of 1 rating,$66
CPSI,$45.63,1440857446058,"70,148",100% bearish,of 1 rating,$45.50
CMTL,$25.29,1440857446136,"132,707",100% bearish,of 2 ratings,$37
CHCI,$0.65,1440857446193,"20,669",50% bullish,of 2 ratings,N/A
CNSI,$18.77,1440857446223,"63,344",100% bearish,of 2 ratings,$29
CNAT,$4.05,1440857446267,"58,100",83% bullish,of 6 ratings,$13
CNCE,$15.95,1440857446323,"103,480",75% bullish,of 4 ratings,$22
CCUR,$5.46,1440857446454,"80,309",75% bullish,of 4 ratings,N/A
CDOR,$1.35,1440857446483,"4,361",100% bullish,of 1 rating,N/A
CXRX,$75.05,1440857446509,"5,908",100% bearish,of 1 rating,$90
CDORO,$18.95,1440857446533,"1,200",100% bearish,of 1 rating,N/A
CFMS,$19.77,1440857446730,"86,468",Not yet rated,NULL,$27
CNFR,$10.18,1440857446789,"11,241",Not yet rated,NULL,N/A
CNMD,$53.23,1440857446824,"80,020",Not yet rated,NULL,$59
CDORP,$7,1440857446859,400,100% bearish,of 1 rating,N/A
CTWS,$34.5,1440857446887,"20,376",100% bearish,of 1 rating,$44
CNOB,$19.01,1440857446917,"42,656",100% bullish,of 1 rating,$23.50
CNXR,$6.93,1440857446942,"72,869",100% bearish,of 1 rating,$12
CONN,$29.44,1440857447084,"528,417",67% bullish,of 3 ratings,$48.50
CNSL,$19.76,1440857447109,"196,877",100% bearish,of 1 rating,$23
CWCO,$10.94,1440857447273,"91,573",67% bullish,of 3 ratings,$14.50
CTCT,$25.04,1440857447304,"195,271",67% bullish,of 3 ratings,$37
CFRX,$5.08,1440857447331,"7,722",Not yet rated,NULL,$14
CPSS,$5.6,1440857447360,"22,982",100% bullish,of 1 rating,$10
CFRXW,$1.95,1440857447402,"2,650",100% bearish,of 1 rating,N/A
CTRV,$3.68,1440857447462,"4,034",Not yet rated,NULL,$6.40
CFRXZ,$0.599,1440857447489,600,Not yet rated,NULL,N/A
CRBP,$1.92,1440857447616,"146,083",100% bullish,of 2 ratings,$6.25
CPRT,$34.99,1440857447651,"286,933",67% bearish,of 3 ratings,$40
CTRL,$8.97,1440857447678,"133,195",50% bullish,of 2 ratings,$11
CORT,$5.18,1440857447713,"216,538",67% bullish,of 3 ratings,$12
BVA,$3.75,1440857447813,627,50% bullish,of 2 ratings,N/A
CORE,$59.67,1440857447861,"118,215",100% bearish,of 1 rating,$72
CSOD,$36.17,1440857447959,"273,201",50% bullish,of 2 ratings,$42
CORI,$10.45,1440857447987,"37,147",100% bearish,of 1 rating,$18
CRVL,$30.91,1440857448123,"28,940",100% bearish,of 1 rating,N/A
CSGP,$181.38,1440857448149,"68,173",50% bullish,of 2 ratings,$235
COSI,$1.17,1440857448178,"158,610",100% bullish,of 1 rating,N/A
COST,$140.29,1440857448225,"1,445,606",79% bullish,of 24 ratings,$154.50
CPAH,$0.4301,1440857448308,"2,700",50% bullish,of 2 ratings,N/A
COWN,$5.23,1440857448507,"635,563",75% bullish,of 4 ratings,$7
COWNL,$26.65,1440857448537,"2,100",Not yet rated,NULL,N/A
COVS,$2.7,1440857448570,"62,906",67% bullish,of 3 ratings,N/A
CVTI,$23.51,1440857448594,"93,135",67% bearish,of 3 ratings,$39
ICBK,$18.11,1440857448637,228,Not yet rated,NULL,$21
CRAI,$22.05,1440857448663,"27,938",100% bearish,of 1 rating,$36
CPSH,$2.18,1440857448692,"1,167",Not yet rated,NULL,N/A
CBRL,$145.82,1440857448873,"142,127",50% bullish,of 2 ratings,$155
CRAY,$20.41,1440857448902,"251,324",83% bullish,of 6 ratings,$38.50
BREW,$7.97,1440857448932,"39,101",67% bullish,of 6 ratings,$15
CACC,$197.5495,1440857449002,"34,208",50% bullish,of 2 ratings,$158.50
SLVO,$10.04,1440857449033,"2,848",100% bearish,of 1 rating,N/A
CREE,$26.99,1440857449058,"801,140",65% bullish,of 17 ratings,$29.50
GLDI,$11.01,1440857449083,"3,640",100% bearish,of 1 rating,N/A
CRTO,$43.1,1440857449266,"295,607",67% bullish,of 6 ratings,$64
CRESY,$10.35,1440857449299,"27,734",100% bearish,of 1 rating,$19
CROX,$14.52,1440857449406,"662,990",63% bullish,of 8 ratings,$16.50
CCRN,$14.14,1440857449435,"142,037",100% bearish,of 1 rating,$14.25
CRDS,$1,1440857449462,"42,738",75% bullish,of 4 ratings,$4.50
CRWS,$8.07,1440857449541,"4,508",Not yet rated,NULL,$10
CRWN,$4.47,1440857449591,"38,249",75% bullish,of 4 ratings,N/A
CYRXW,$0.83,1440857449616,200,Not yet rated,NULL,N/A
CYRX,$2.885,1440857449771,"11,794",Not yet rated,NULL,$9
CSPI,$5.71,1440857449801,516,67% bullish,of 3 ratings,N/A
CSGS,$31.14,1440857449903,"222,878",Not yet rated,NULL,$40
CTCM,$1.83,1440857449938,"114,360",80% bearish,of 5 ratings,$3.90
CCLP,$15.38,1440857449978,"30,912",67% bearish,of 3 ratings,$20
CTIC,$1.6,1440857450036,"646,597",84% bullish,of 76 ratings,$5.75
CTRP,$71.1413,1440857450061,"1,216,212",75% bullish,of 8 ratings,$93
CTIB,$3.63,1440857450205,"3,890",100% bearish,of 1 rating,N/A
CUI,$5.32,1440857450336,"29,604",50% bullish,of 2 ratings,$10
CUNB,$21.18,1440857450383,"14,251",Not yet rated,NULL,$24.50
CMLS,$1.42,1440857450465,"374,324",50% bullish,of 4 ratings,$6
CVBF,$16,1440857450544,"493,743",Not yet rated,NULL,$18
CRIS,$2.59,1440857450572,"166,862",100% bullish,of 8 ratings,$6
CPIX,$6.04,1440857450593,"5,828",Not yet rated,NULL,N/A
CVV,$10.97,1440857450626,"7,294",100% bullish,of 5 ratings,N/A
CUTR,$14.46,1440857450651,"32,831",67% bearish,of 3 ratings,$18
CYAN,$7.6,1440857450756,"2,172",100% bearish,of 1 rating,N/A
CYBR,$52.4,1440857450792,"680,705",75% bullish,of 8 ratings,$66
CYBX,$67,1440857450892,"196,566",50% bullish,of 4 ratings,$71.50
CYBE,$6.76,1440857450920,"22,725",100% bearish,of 1 rating,N/A
CYCC,$0.55,1440857450947,"63,851",73% bullish,of 11 ratings,N/A
CYCCP,NULL,1440857450968,0,100% bearish,of 1 rating,N/A
CBAY,$2.63,1440857451104,"56,866",100% bullish,of 1 rating,$4
CYNA,$16.17,1440857451235,"27,144",50% bullish,of 2 ratings,$31.50
CY,$10.09,1440857451299,"2,674,911",80% bullish,of 10 ratings,$15.50
CYNO,$31.41,1440857451365,"137,063",67% bearish,of 3 ratings,$45.50
CYRN,$1.7,1440857451405,"29,421",67% bullish,of 3 ratings,$4
CYTK,$7,1440857451451,"180,145",71% bullish,of 14 ratings,$13.50
CYTX,$0.315,1440857451480,"2,360,173",83% bullish,of 12 ratings,$5.50
CONE,$32.3,1440857451509,"247,421",67% bearish,of 3 ratings,$35.50
CTSO,$6.89,1440857451586,"27,244",Not yet rated,NULL,$15.625
DAEG,$0.35,1440857451639,"11,063",100% bearish,of 1 rating,N/A
CYTR,$2.39,1440857451666,"318,266",67% bullish,of 6 ratings,$10
TVIZ,$19.51,1440857451733,"3,315",100% bearish,of 1 rating,N/A
ZIV,$40.01,1440857451805,"153,112",Not yet rated,NULL,N/A
DJCO,$191.42,1440857451991,502,Not yet rated,NULL,N/A
XIV,$27,1440857452016,"18,307,444",75% bearish,of 4 ratings,N/A
TVIX,$13.35,1440857452058,"14,107,659",81% bullish,of 16 ratings,N/A
DAKT,$8.64,1440857452084,"421,544",50% bullish,of 2 ratings,$12
DARA,$0.86,1440857452148,"24,822",83% bullish,of 6 ratings,$1.50
DAIO,$2.49,1440857452210,"4,973",Not yet rated,NULL,N/A
DWCH,$5.26,1440857452281,"21,471",75% bullish,of 4 ratings,$8.25
DTLK,$5.85,1440857452308,"72,201",100% bearish,of 1 rating,$9
DTEA,$13.15,1440857452459,"48,592",100% bearish,of 2 ratings,$24
DWSN,$4.54,1440857452491,"13,558",67% bullish,of 3 ratings,N/A
DBVT,$41.26,1440857452515,"32,497",100% bearish,of 1 rating,$53
DRAM,$1.28,1440857452541,"16,449",78% bullish,of 9 ratings,N/A
PLAY,$34.43,1440857452577,"121,342",100% bullish,of 5 ratings,$42
TRAK,$62.85,1440857452604,"645,671",50% bullish,of 2 ratings,$62.50
DHRM,$1.48,1440857452676,"7,227",Not yet rated,NULL,N/A
DFRG,$14.59,1440857452852,"99,897",100% bearish,of 1 rating,$20
TACOW,$4.05,1440857452908,"18,932",100% bullish,of 1 rating,N/A
TACO,$13.1236,1440857452933,"97,042",75% bullish,of 4 ratings,$20
DGAS,$20.12,1440857453011,"3,626",67% bearish,of 3 ratings,N/A
DELT,$2.52,1440857453064,"6,000",Not yet rated,NULL,N/A
DCTH,$0.4003,1440857453152,"122,121",78% bullish,of 9 ratings,N/A
DELTW,NULL,1440857453189,0,Not yet rated,NULL,N/A
XRAY,$53.26,1440857453215,"455,198",100% bullish,of 1 rating,$58
DENN,$11.48,1440857453286,"411,859",100% bullish,of 3 ratings,$15
DSCI,$5.93,1440857453319,"30,721",50% bullish,of 2 ratings,$16
DEPO,$28.38,1440857453348,"492,842",60% bullish,of 5 ratings,$29
DERM,$27.24,1440857453424,"101,807",100% bearish,of 1 rating,$33.50
DEST,$11.13,1440857453485,"20,183",50% bullish,of 2 ratings,N/A
DXLG,$5.62,1440857453555,"88,393",100% bearish,of 1 rating,$8
DXM,$0.26,1440857453642,"140,456",50% bullish,of 2 ratings,N/A
DSWL,$1.71,1440857453737,"4,300",100% bullish,of 1 rating,N/A
DXCM,$94.3009,1440857453791,"601,324",57% bullish,of 7 ratings,$98
DMND,$29.77,1440857453821,"137,181",75% bullish,of 12 ratings,$32
DHXM,$6.82,1440857453842,"1,035",Not yet rated,NULL,N/A
DRNA,$11.13,1440857453976,"76,464",67% bearish,of 3 ratings,$25
DHIL,$194.72,1440857454004,"3,494",Not yet rated,NULL,N/A
DCIX,$1.74,1440857454025,"50,106",50% bullish,of 4 ratings,$3.50
FANG,$66.56,1440857454046,"945,281",50% bullish,of 2 ratings,$86.50
DMRC,$37.81,1440857454179,"119,126",100% bearish,of 1 rating,$44
DGII,$10.06,1440857454209,"88,413",100% bearish,of 1 rating,$10
DRAD,$3.7,1440857454314,"14,268",100% bullish,of 1 rating,$5.25
DCOM,$17.01,1440857454414,"121,317",100% bearish,of 2 ratings,$16.50
DGLY,$8.6,1440857454446,"110,448",50% bullish,of 6 ratings,$20
APPS,$2.43,1440857454471,"110,613",100% bearish,of 1 rating,$10.25
DIOD,$19.93,1440857454547,"100,117",75% bearish,of 4 ratings,$24
DISCA,$27.1127,1440857454680,"1,476,936",67% bullish,of 3 ratings,$34
DPRX,$13.52,1440857454715,"8,669",100% bullish,of 2 ratings,$27.75
DISCK,$25.71,1440857454742,"1,450,570",100% bearish,of 1 rating,$32
DISCB,NULL,1440857454773,0,100% bearish,of 1 rating,$35
DSCO,$0.42,1440857454807,"233,070",83% bullish,of 6 ratings,$2.75
DISH,$59.62,1440857454873,"664,919",69% bullish,of 13 ratings,$73
DVCR,$10.8,1440857454899,"5,362",100% bullish,of 1 rating,N/A
BAGR,$2.77,1440857454939,"10,502",100% bearish,of 1 rating,$6
DLHC,$2.45,1440857455110,"2,228",100% bearish,of 1 rating,N/A
DNBF,$25.76,1440857455144,408,Not yet rated,NULL,$27.50
DLTR,$76.7377,1440857455171,"1,695,005",82% bullish,of 11 ratings,$88
DGICB,NULL,1440857455301,0,100% bearish,of 1 rating,N/A
DORM,$50.42,1440857455366,"213,968",100% bearish,of 1 rating,$56
DMLP,$14.39,1440857455405,"9,844",100% bearish,of 1 rating,N/A
DGICA,$14.27,1440857455431,"10,088",100% bearish,of 1 rating,$17
DRWI,$0.21,1440857455496,"608,108",60% bullish,of 5 ratings,$.45
HILL,$9.665,1440857455523,"1,225,949",60% bearish,of 5 ratings,$9.75
DRWIW,$0.04,1440857455657,318,Not yet rated,NULL,N/A
DWA,$20.29,1440857455682,"780,239",63% bullish,of 8 ratings,$26
DRYS,$0.44,1440857455708,"3,465,209",77% bullish,of 31 ratings,$.60
DSKX,$3.25,1440857455737,"269,494",100% bullish,of 1 rating,N/A
CADT,NULL,1440857455843,0,Not yet rated,NULL,N/A
CADTR,NULL,1440857455908,0,Not yet rated,NULL,N/A
DSPG,$8.55,1440857455975,"86,341",100% bearish,of 1 rating,$13.50
CADTW,NULL,1440857456214,0,Not yet rated,NULL,N/A
CADTU,NULL,1440857456299,0,Not yet rated,NULL,N/A
DTSI,$27.07,1440857456340,"64,293",100% bearish,of 2 ratings,$39.50
DRRX,$2.1,1440857456366,"174,261",50% bullish,of 6 ratings,$3
DYAX,$23.69,1440857456391,"450,638",89% bullish,of 9 ratings,$30
DNKN,$51.69,1440857456429,"615,001",67% bullish,of 15 ratings,$56.50
DYSL,$1.44,1440857456462,"9,241",100% bullish,of 2 ratings,N/A
BOOM,$10.64,1440857456483,"121,109",67% bullish,of 3 ratings,$12
DXPE,$28.01,1440857456563,"198,401",50% bullish,of 2 ratings,N/A
DYNT,$3,1440857456699,"2,521",75% bullish,of 4 ratings,N/A
ETFC,$26.53,1440857456738,"1,656,489",57% bullish,of 14 ratings,$32.50
EGLE,$6.51,1440857456768,"44,799",60% bullish,of 5 ratings,N/A
EGBN,$41.91,1440857456793,"45,548",Not yet rated,NULL,$48
DVAX,$29.76,1440857456821,"286,822",70% bullish,of 10 ratings,$40
EBMT,$11.54,1440857456873,"1,076",Not yet rated,NULL,$13.50
EGRX,$83.67,1440857457045,"183,576",67% bullish,of 3 ratings,$97
EROC,$1.54,1440857457152,"321,569",50% bullish,of 2 ratings,$3
EACQU,NULL,1440857457179,0,Not yet rated,NULL,N/A
EWBC,$40.36,1440857457208,"524,091",100% bearish,of 1 rating,$50
ELNK,$8.45,1440857457234,"507,260",60% bullish,of 5 ratings,$9.50
EML,$16.47,1440857457311,"7,046",Not yet rated,NULL,N/A
EVBS,$6.6,1440857457366,"16,168",Not yet rated,NULL,$7
EBIX,$28.21,1440857457440,"195,546",69% bullish,of 13 ratings,$40
EBAY,$27.25,1440857457499,"6,618,106",81% bullish,of 117 ratings,$34
ELON,$0.5649,1440857457545,"28,406",50% bullish,of 2 ratings,N/A
ECHO,$23.01,1440857457571,"541,539",67% bearish,of 3 ratings,$35.50
SATS,$44.59,1440857457634,"56,536",50% bullish,of 2 ratings,$60
ECTE,$1.46,1440857457659,"3,701",75% bullish,of 4 ratings,N/A
EEI,$11.15,1440857457704,"3,106",67% bearish,of 3 ratings,N/A
ECACU,$10.1,1440857457863,"3,602",Not yet rated,NULL,N/A
ESES,$3.22,1440857457889,"2,164",100% bearish,of 1 rating,$7
EDAP,$3.6,1440857457923,"25,350",60% bullish,of 5 ratings,$4.50
EDGW,$7.01,1440857458021,"10,591",100% bearish,of 1 rating,N/A
EFUT,$4.63,1440857458053,700,Not yet rated,NULL,N/A
EDUC,$5.55,1440857458152,"21,651",100% bearish,of 1 rating,N/A
EGAN,$3.64,1440857458185,"7,806",50% bullish,of 2 ratings,$6.25
EHTH,$14.1,1440857458213,"168,301",50% bullish,of 4 ratings,$16.50
LOCO,$13.72,1440857458281,"1,206,901",77% bullish,of 13 ratings,$20
EGLT,$10.66,1440857458310,"20,932",50% bullish,of 2 ratings,$21
EMITF,$1.18,1440857458362,"3,474",75% bullish,of 4 ratings,N/A
ESLT,$76.65,1440857458421,"2,915",67% bullish,of 3 ratings,N/A
ERI,$9.7,1440857458525,"144,246",100% bearish,of 1 rating,$10
ELRC,$10.71,1440857458555,"16,406",100% bearish,of 1 rating,N/A
ESIO,$4.43,1440857458659,"140,353",50% bullish,of 2 ratings,$10
EA,$67.91,1440857458689,"2,056,941",77% bullish,of 35 ratings,$80
ELSE,$3.9999,1440857458765,500,60% bullish,of 5 ratings,N/A
EFII,$44.09,1440857458822,"127,147",80% bullish,of 5 ratings,$55
ELEC,NULL,1440857458891,0,Not yet rated,NULL,N/A
ELECW,NULL,1440857458916,0,Not yet rated,NULL,N/A
ELECU,NULL,1440857458953,0,Not yet rated,NULL,N/A
CAPX,$22.93,1440857458983,"13,900",Not yet rated,NULL,N/A
EBIO,$3.55,1440857459119,"154,084",100% bearish,of 2 ratings,$8.35
RDEN,$10.95,1440857459149,"74,308",100% bearish,of 4 ratings,$15
ESBK,$19.66,1440857459170,423,Not yet rated,NULL,N/A
LONG,$17.04,1440857459200,"9,996",67% bullish,of 3 ratings,$15.75
ELTK,$1.34,1440857459334,"144,213",67% bearish,of 3 ratings,N/A
EMCI,$23.2,1440857459411,"15,362",Not yet rated,NULL,N/A
EMKR,$7.06,1440857459509,"65,081",75% bullish,of 4 ratings,$8.50
EMMSP,$3,1440857459573,200,100% bearish,of 1 rating,N/A
EMCF,$23.06,1440857459600,100,100% bearish,of 1 rating,N/A
NYNY,$4.37,1440857459639,"30,167",50% bullish,of 2 ratings,N/A
EMMS,$1.12,1440857459671,"136,017",83% bullish,of 6 ratings,N/A
ERS,$2.83,1440857459768,"6,582",Not yet rated,NULL,N/A
ECPG,$40.13,1440857459795,"153,412",100% bullish,of 2 ratings,$52
WIRE,$31.67,1440857459841,"90,127",100% bearish,of 1 rating,$37
ECYT,$5.28,1440857459928,"159,581",83% bullish,of 6 ratings,$12
ENDP,$78.7,1440857459973,"843,248",50% bullish,of 6 ratings,$104
EIGI,$15.55,1440857460005,"197,582",67% bearish,of 3 ratings,$22.50
ENTA,$41.18,1440857460033,"122,390",50% bullish,of 2 ratings,$42
ELGX,$13.04,1440857460103,"310,868",75% bullish,of 4 ratings,$17
WATT,$6.99,1440857460180,"124,032",50% bullish,of 2 ratings,$13
ERII,$2.69,1440857460332,"49,581",80% bullish,of 5 ratings,$2.50
EXXI,$1.83,1440857460378,"2,134,615",86% bullish,of 7 ratings,$3.50
EFOI,$22,1440857460406,"907,367",50% bullish,of 2 ratings,$20.50
ENOC,$9.35,1440857460463,"300,726",75% bullish,of 4 ratings,$18
ENG,$1,1440857460488,"10,728",100% bullish,of 3 ratings,N/A
ENPH,$4.58,1440857460538,"408,795",75% bullish,of 4 ratings,$11
ESGR,$146.02,1440857460628,"29,141",100% bearish,of 1 rating,$185
ENTL,$22.19,1440857460677,"11,224",Not yet rated,NULL,$28
ENTG,$13.7,1440857460704,"498,237",100% bearish,of 1 rating,$18
ENFC,$17.63,1440857460737,"14,896",Not yet rated,NULL,N/A
EBTC,$21.14,1440857460835,"4,216",Not yet rated,NULL,N/A
ETRM,$0.27,1440857460887,"540,107",69% bearish,of 35 ratings,$1.625
EGT,$2.14,1440857460967,"13,092",100% bullish,of 1 rating,N/A
EFSC,$23.84,1440857460992,"31,437",Not yet rated,NULL,$27
ENZN,$1.05,1440857461156,"191,259",100% bullish,of 9 ratings,N/A
ENVI,$1.85,1440857461205,"22,541",67% bullish,of 3 ratings,N/A
EPRS,$5.3,1440857461255,"65,326",82% bullish,of 11 ratings,$15
EPIQ,$12.94,1440857461281,"95,473",100% bearish,of 1 rating,$18
ENZY,$9.69,1440857461310,"20,091",67% bullish,of 3 ratings,$9.50
PLUS,$76.75,1440857461412,"44,219",50% bullish,of 2 ratings,$88
EPZM,$20.1,1440857461437,"274,818",60% bullish,of 5 ratings,$34
EQIX,$268.78,1440857461468,"317,195",75% bullish,of 4 ratings,$312.50
EAC,$3.37,1440857461568,"4,106",100% bearish,of 1 rating,$8
EQFN,NULL,1440857461599,0,100% bearish,of 1 rating,N/A
ERIC,$9.95,1440857461631,"1,517,001",67% bullish,of 9 ratings,$12.20
ERIE,$82.6965,1440857461699,"23,830",Not yet rated,NULL,$73
ESCA,$18,1440857461855,"15,345",100% bearish,of 1 rating,$22
ESCR,$0.12,1440857461924,"313,269",50% bullish,of 2 ratings,N/A
ESCRP,$1.15,1440857461955,"3,261",100% bearish,of 1 rating,N/A
ESMC,$1.31,1440857461981,"1,148",Not yet rated,NULL,N/A
ESPR,$52.27,1440857462017,"597,174",70% bearish,of 10 ratings,$123
EPIX,NULL,1440857462042,0,Not yet rated,NULL,N/A
ESSA,$12.81,1440857462085,"2,219",100% bearish,of 1 rating,N/A
ESSX,$0.4461,1440857462110,"121,833",50% bullish,of 2 ratings,N/A
ESND,$34.46,1440857462252,"110,118",100% bearish,of 2 ratings,$40
ETSY,$14.82,1440857462281,"411,302",80% bullish,of 5 ratings,$16
CLWT,NULL,1440857462327,0,100% bullish,of 1 rating,N/A
EEFT,$65.62,1440857462354,"156,788",100% bearish,of 1 rating,$67.50
EVK,$3.75,1440857462559,267,75% bearish,of 4 ratings,N/A
EVEP,$8.27,1440857462614,"378,682",50% bullish,of 2 ratings,$15
ESEA,$5.37,1440857462642,"3,809",100% bullish,of 1 rating,$15
EVOL,$5.98,1440857462669,"4,531",75% bullish,of 4 ratings,$10
EXA,$11.19,1440857462695,"12,872",100% bearish,of 1 rating,$13
EVLV,$2.68,1440857462720,"224,794",60% bullish,of 5 ratings,$5.125
EXAS,$22.34,1440857462926,"466,825",78% bullish,of 9 ratings,$31
EVOK,$3.75,1440857462970,"45,220",100% bearish,of 1 rating,$13.375
EXAC,$18.64,1440857463001,"19,525",100% bearish,of 1 rating,$22.50
EXEL,$6.06,1440857463054,"3,042,838",81% bullish,of 16 ratings,$6
EXFO,$2.74,1440857463234,"3,109",67% bearish,of 3 ratings,$3.95
EXLS,$36.47,1440857463324,"100,676",50% bullish,of 2 ratings,$41
EXPE,$116.5217,1440857463426,"591,733",64% bullish,of 11 ratings,$130
EXPD,$49.66,1440857463451,"1,275,347",80% bullish,of 5 ratings,$52
ESRX,$84.46,1440857463476,"2,106,762",67% bearish,of 6 ratings,$101
EXPO,$42.71,1440857463508,"77,752",100% bearish,of 1 rating,$45.50
EXTR,$2.85,1440857463643,"441,776",80% bullish,of 5 ratings,$3
EXLP,$20.8232,1440857463674,"166,876",100% bearish,of 1 rating,$25
EYEG,$3.63,1440857463772,"8,530",Not yet rated,NULL,N/A
EYEGW,NULL,1440857463801,0,Not yet rated,NULL,N/A
EZPW,$5.83,1440857463835,"233,828",50% bullish,of 4 ratings,$7.50
EZCH,$22.5819,1440857463874,"100,750",75% bullish,of 8 ratings,$19.50
FB,$90.997,1440857463899,"21,405,623",73% bullish,of 1070 ratings,$111
FFIV,$122.97,1440857463933,"535,549",63% bullish,of 8 ratings,$132
FCS,$13.71,1440857464063,"593,435",67% bearish,of 3 ratings,$17
FRP,$16.22,1440857464231,"95,097",100% bearish,of 1 rating,$18
FWM,$2.25,1440857464364,"117,046",100% bearish,of 2 ratings,$3.20
FARM,$22.94,1440857464394,"20,353",100% bearish,of 1 rating,$35
FMNB,$8.27,1440857464415,"9,733",Not yet rated,NULL,N/A
FALC,$1.76,1440857464450,"108,050",63% bearish,of 8 ratings,N/A
DAVE,$15.36,1440857464472,"17,244",100% bearish,of 1 rating,$15.50
FARO,$38.01,1440857464493,"102,628",50% bullish,of 2 ratings,$48
FFKT,$25.89,1440857464547,"7,909",Not yet rated,NULL,$29
FAST,$38.69,1440857464629,"1,512,410",80% bullish,of 5 ratings,$45.50
FBRC,$22.28,1440857464730,"11,421",100% bearish,of 1 rating,$29
FATE,$7.21,1440857464790,"24,853",50% bullish,of 2 ratings,$11
FDML,$8.72,1440857464812,"236,899",50% bullish,of 4 ratings,$14
FBSS,$15.29,1440857464844,200,Not yet rated,NULL,N/A
FNHC,$21.79,1440857464871,"82,959",100% bearish,of 1 rating,$35
FEIC,$75.72,1440857464899,"219,243",50% bullish,of 2 ratings,$95.50
FHCO,$1.37,1440857465126,"24,116",50% bullish,of 4 ratings,N/A
FENX,$9.97,1440857465156,"142,317",100% bullish,of 1 rating,$14.25
FCSC,$5.74,1440857465258,"84,641",100% bearish,of 1 rating,$8.125
FGEN,$25,1440857465298,"155,438",100% bearish,of 1 rating,$39
ONEQ,$189.9,1440857465328,"11,934",100% bullish,of 1 rating,N/A
LION,$19.23,1440857465349,"74,002",100% bullish,of 1 rating,$20
FDUS,$14.64,1440857465380,"23,047",50% bullish,of 2 ratings,$18
FRGI,$52.21,1440857465426,"105,363",50% bullish,of 2 ratings,$70
FSAM,$8.19,1440857465514,"11,024",100% bearish,of 1 rating,$10.25
FSC,$6.45,1440857465545,"607,315",60% bullish,of 5 ratings,$8
FSFR,$8.89,1440857465650,"67,547",100% bearish,of 1 rating,$11.50
FITB,$19.97,1440857465675,"3,708,357",54% bullish,of 13 ratings,$22
FSCFL,$24.65,1440857465855,"6,848",Not yet rated,NULL,N/A
FITBI,$27.525,1440857465958,"34,706",Not yet rated,NULL,N/A
FNGN,$33.23,1440857465992,"176,570",67% bullish,of 3 ratings,$47
FNJN,$1.9,1440857466023,"33,173",100% bearish,of 1 rating,$5
FISI,$24.52,1440857466049,"15,149",100% bullish,of 2 ratings,$24.50
FNSR,$15.77,1440857466070,"515,888",71% bullish,of 7 ratings,$24.50
FEYE,$39.23,1440857466105,"2,069,894",87% bullish,of 15 ratings,$55.50
FNTCU,NULL,1440857466126,0,Not yet rated,NULL,N/A
FNTC,NULL,1440857466309,0,Not yet rated,NULL,N/A
FBNC,$16.95,1440857466348,"17,226",100% bullish,of 1 rating,$20
FNTCW,NULL,1440857466380,0,Not yet rated,NULL,N/A
BUSE,$6.36,1440857466439,"86,619",Not yet rated,NULL,$6.875
FRBA,$6.08,1440857466478,"1,488",Not yet rated,NULL,$8
FNLC,$18.73,1440857466505,"10,936",100% bullish,of 1 rating,N/A
FCVA,$4.61,1440857466739,351,Not yet rated,NULL,N/A
FCFS,$39.83,1440857466770,"154,214",100% bearish,of 3 ratings,$48
FCAP,$26.77,1440857466797,402,Not yet rated,NULL,N/A
FBIZ,$44.1,1440857466823,"28,261",100% bearish,of 2 ratings,$52
FCLF,$9.05,1440857466846,"1,666",Not yet rated,NULL,N/A
FCNCA,$238.6,1440857466879,"15,051",Not yet rated,NULL,N/A
FCBC,$17.49,1440857466900,"17,432",Not yet rated,NULL,$18
FCCO,$12,1440857467115,"2,065",Not yet rated,NULL,$13.25
FBNK,$17.21,1440857467145,"22,827",100% bearish,of 1 rating,$17.50
FCFP,$6.94,1440857467171,"3,000",Not yet rated,NULL,N/A
FFNM,$6.19,1440857467199,"1,344",Not yet rated,NULL,N/A
FFBC,$18.28,1440857467226,"149,353",67% bearish,of 3 ratings,$20.25
FDEF,$37.44,1440857467252,"34,556",Not yet rated,NULL,$38
FFWM,$21.37,1440857467535,"22,466",Not yet rated,NULL,$24
FFIN,$30.67,1440857467567,"141,387",50% bullish,of 2 ratings,$31.75
FFNW,$12.06,1440857467588,"10,423",Not yet rated,NULL,$14
THFF,$32.94,1440857467619,"24,402",Not yet rated,NULL,$35
FFBCW,NULL,1440857467640,0,100% bearish,of 1 rating,N/A
INBK,$30.15,1440857467676,"10,430",50% bullish,of 2 ratings,$37
FIBK,$26.22,1440857467697,"81,866",Not yet rated,NULL,$32
FRME,$25.92,1440857467961,"130,285",Not yet rated,NULL,$26.50
FNBC,$34.63,1440857468027,"63,076",Not yet rated,NULL,$40
FMBH,NULL,1440857468056,0,Not yet rated,NULL,N/A
FMBI,$17.43,1440857468086,"263,235",Not yet rated,NULL,$20
FNWB,$11.85,1440857468156,"10,217",Not yet rated,NULL,N/A
FNFG,$9.1568,1440857468184,"1,157,000",80% bullish,of 5 ratings,$9
FSGI,$2.47,1440857468356,"12,130",Not yet rated,NULL,N/A
FSFG,$30.07,1440857468386,71,Not yet rated,NULL,N/A
FSLR,$47.8,1440857468412,"1,195,799",72% bullish,of 39 ratings,$65
FSBK,$7.82,1440857468434,"5,412",100% bullish,of 1 rating,N/A
BICK,$19.69,1440857468467,"1,428",100% bullish,of 1 rating,N/A
FCAN,$24.6,1440857468488,"6,052",Not yet rated,NULL,N/A
FV,$23.71,1440857468637,"1,935,175",100% bearish,of 1 rating,N/A
FBZ,$10.144,1440857468664,600,Not yet rated,NULL,N/A
FTCS,$36.63,1440857468741,"18,232",100% bearish,of 1 rating,N/A
IFV,$17.88,1440857468823,"555,778",100% bearish,of 1 rating,N/A
FCA,$20.44,1440857468877,"2,300",Not yet rated,NULL,N/A
FEMB,NULL,1440857468971,0,Not yet rated,NULL,N/A
FTSM,$59.85,1440857469003,"7,169",100% bearish,of 1 rating,N/A
FEUZ,$31.5,1440857469023,"1,405",Not yet rated,NULL,N/A
MDIV,$19.23,1440857469103,"128,525",Not yet rated,NULL,N/A
FGM,$35.58,1440857469158,"2,324",Not yet rated,NULL,N/A
TDIV,$24.9,1440857469186,"74,537",100% bearish,of 1 rating,N/A
FTGC,$22.39,1440857469294,"76,491",Not yet rated,NULL,N/A
FTHI,$19.5399,1440857469325,640,Not yet rated,NULL,N/A
HYLS,$49.53,1440857469357,"35,104",100% bearish,of 1 rating,N/A
FHK,$33.3,1440857469379,"2,363",Not yet rated,NULL,N/A
FPXI,$27.29,1440857469457,500,Not yet rated,NULL,N/A
YDIV,$16.5742,1440857469511,"3,515",Not yet rated,NULL,N/A
SKYY,$29.18,1440857469665,"46,046",100% bullish,of 1 rating,N/A
CU,$13.21,1440857469698,"7,015",100% bearish,of 1 rating,N/A
FJP,$47.81,1440857469805,"59,841",Not yet rated,NULL,N/A
PLTM,$6.38,1440857469826,"6,702",100% bearish,of 1 rating,N/A
FTLB,$19.3188,1440857469859,"3,260",100% bearish,of 1 rating,N/A
LMBS,$49.77,1440857469885,"5,298",Not yet rated,NULL,N/A
CIBR,$18.04,1440857469917,"51,388",Not yet rated,NULL,N/A
FMB,$51.23,1440857469955,415,Not yet rated,NULL,N/A
FONE,$35.29,1440857470016,950,Not yet rated,NULL,N/A
QABA,$37.18,1440857470043,"8,586",100% bearish,of 1 rating,N/A
QCLN,$15.18,1440857470194,"16,517",Not yet rated,NULL,N/A
GRID,$33.09,1440857470220,705,100% bearish,of 1 rating,N/A
CARZ,$35.05,1440857470241,"1,904",100% bearish,of 1 rating,N/A
RDVY,$21.17,1440857470271,"2,849",Not yet rated,NULL,N/A
QQEW,$42.1,1440857470405,"52,287",Not yet rated,NULL,N/A
QQXT,$40.74,1440857470437,"18,704",Not yet rated,NULL,N/A
QTEC,$40.33,1440857470542,"26,311",Not yet rated,NULL,N/A
AIRR,$16.4,1440857470562,"2,252",100% bearish,of 1 rating,N/A
FTSL,$48.74,1440857470595,"110,156",100% bearish,of 1 rating,N/A
FKO,NULL,1440857470641,0,Not yet rated,NULL,N/A
QINC,$20.2999,1440857470693,663,Not yet rated,NULL,N/A
FDIV,$46.09,1440857470729,302,100% bearish,of 1 rating,N/A
FSZ,$39.19,1440857470771,"3,866",Not yet rated,NULL,N/A
FTW,$31.91,1440857470879,230,Not yet rated,NULL,N/A
TUSA,$25.08,1440857470907,300,Not yet rated,NULL,N/A
FKU,$41.82,1440857470936,"5,183",Not yet rated,NULL,N/A
FUNC,$8.12,1440857471043,"2,091",Not yet rated,NULL,N/A
SVVC,$9.43,1440857471074,"11,779",50% bullish,of 2 ratings,$26
FMER,$17.81,1440857471101,"731,124",50% bullish,of 2 ratings,$20
FSV,$31.41,1440857471256,"12,183",Not yet rated,NULL,$33.60
FIVE,$38.5,1440857471283,"860,602",75% bearish,of 4 ratings,$44
FISV,$86.78,1440857471312,"802,788",100% bearish,of 3 ratings,$90
FIVN,$4.03,1440857471339,"81,303",100% bullish,of 1 rating,$8.50
FPRX,$19.37,1440857471366,"177,840",50% bullish,of 2 ratings,$35
FLKS,$12.41,1440857471494,"26,992",50% bullish,of 2 ratings,$27
FLML,$21.9746,1440857471528,"90,829",50% bullish,of 2 ratings,$30
SKOR,$50.3,1440857471595,"2,349",Not yet rated,NULL,N/A
MBSD,$25.02,1440857471632,"14,451",Not yet rated,NULL,N/A
FLXN,$25.29,1440857471667,"49,036",100% bearish,of 1 rating,$40
FLEX,$10.6,1440857471766,"1,115,185",63% bullish,of 8 ratings,$12
FLXS,$32.15,1440857471797,"13,502",100% bearish,of 2 ratings,N/A
FLIR,$28.57,1440857471899,"1,032,100",100% bearish,of 1 rating,$38.50
FFIC,$19.73,1440857472039,"77,431",Not yet rated,NULL,$21
FLDM,$11.7,1440857472065,"260,257",67% bearish,of 3 ratings,$15
FOGO,$19.23,1440857472112,"34,672",50% bullish,of 2 ratings,$25.50
FONR,$9.7,1440857472138,"6,716",100% bullish,of 1 rating,N/A
FOMX,$10.18,1440857472167,"82,757",50% bullish,of 2 ratings,$23.50
FORM,$6.53,1440857472271,"253,899",67% bullish,of 3 ratings,$10.50
FES,$0.9409,1440857472403,"94,182",50% bullish,of 2 ratings,$1
FORTY,$30.33,1440857472450,"1,000",100% bearish,of 1 rating,N/A
FORR,$31.88,1440857472480,"18,396",Not yet rated,NULL,N/A
FBIO,$2.88,1440857472512,"79,815",83% bullish,of 6 ratings,N/A
FWRD,$45.16,1440857472612,"186,984",100% bearish,of 1 rating,$50
FTNT,$42.96,1440857472665,"603,333",80% bullish,of 10 ratings,$52
FORD,$1.66,1440857472691,"1,753,015",67% bullish,of 3 ratings,N/A
FOSL,$61.6,1440857472768,"709,887",60% bearish,of 5 ratings,$80
FWP,$27.02,1440857472828,"15,503",100% bearish,of 1 rating,$45
FMI,$23.8,1440857472961,"312,031",100% bearish,of 2 ratings,$27.50
FXCB,$17.02,1440857472987,"34,723",Not yet rated,NULL,$19
FRAN,$11.17,1440857473019,"366,392",50% bullish,of 4 ratings,$15
FOXF,$15.18,1440857473049,"24,155",100% bearish,of 1 rating,$19
FREE,$0.378,1440857473122,"370,595",92% bullish,of 12 ratings,N/A
FELE,$29.23,1440857473149,"216,658",50% bullish,of 4 ratings,$33
FRED,$13.06,1440857473181,"248,657",50% bullish,of 2 ratings,$16
FEIM,$11,1440857473324,"3,049",100% bearish,of 1 rating,N/A
FTR,$5.08,1440857473356,"11,162,934",78% bullish,of 27 ratings,$6.25
FRPT,$13.06,1440857473391,"298,368",67% bearish,of 3 ratings,$23.50
RAIL,$20.73,1440857473412,"70,803",100% bearish,of 1 rating,$24.50
FTRPR,$100.8,1440857473456,"53,474",100% bearish,of 1 rating,N/A
FRPH,$31.17,1440857473484,"5,010",100% bearish,of 1 rating,N/A
FSBW,$23.2,1440857473616,991,Not yet rated,NULL,N/A
FTD,$29.27,1440857473665,"102,153",100% bearish,of 1 rating,$40
FSYS,$6.63,1440857473748,"30,772",67% bullish,of 3 ratings,$10
FCEL,$0.8,1440857473798,"1,501,071",88% bullish,of 41 ratings,$2.65
FTEK,$2.04,1440857473824,"51,368",75% bullish,of 4 ratings,N/A
FULLL,$24.9101,1440857473902,200,Not yet rated,NULL,N/A
FULT,$12.08,1440857473996,"624,848",100% bearish,of 1 rating,$13
FLL,$1.51,1440857474024,"10,264",75% bullish,of 4 ratings,$3.50
FULL,$3.1,1440857474045,"30,227",67% bearish,of 3 ratings,$4.25
FSNN,$2.18,1440857474087,"1,562",67% bullish,of 3 ratings,$6
FXEN,$0.87,1440857474114,"69,159",75% bullish,of 4 ratings,$1.10
FFHL,$1.05,1440857474179,"18,397",50% bullish,of 4 ratings,N/A
FXENP,$15.76,1440857474204,"1,000",100% bearish,of 1 rating,N/A
GK,$67.55,1440857474336,"59,942",Not yet rated,NULL,$78
GAIA,$5.9,1440857474407,"7,898",50% bullish,of 2 ratings,$8.50
WILC,$4.97,1440857474434,"6,120",100% bullish,of 2 ratings,N/A
GALT,$1.96,1440857474568,"30,257",80% bullish,of 5 ratings,N/A
GALTU,NULL,1440857474601,0,100% bearish,of 1 rating,N/A
GLPG,$60.49,1440857474628,"13,297",100% bullish,of 1 rating,$75
GALTW,NULL,1440857474661,0,100% bullish,of 1 rating,N/A
GALE,$1.5,1440857474687,"789,696",89% bullish,of 47 ratings,$4
GLMD,$8.81,1440857474716,"11,506",67% bullish,of 3 ratings,$20.50
GPIC,$9.64,1440857474818,710,100% bearish,of 1 rating,N/A
GRMN,$37.99,1440857474913,"966,815",50% bullish,of 6 ratings,$46.50
GGACR,$0.3,1440857474970,"49,683",100% bullish,of 1 rating,N/A
GGAC,$9.89,1440857475067,"10,419",100% bearish,of 1 rating,N/A
GGACU,$10.27,1440857475095,"22,044",Not yet rated,NULL,N/A
GGACW,$0.14,1440857475123,"11,300",Not yet rated,NULL,N/A
GLPI,$31.5863,1440857475144,"324,483",100% bearish,of 1 rating,$37.50
GARS,$14.21,1440857475307,"22,022",Not yet rated,NULL,$16
GNCMA,$16.99,1440857475333,"119,943",100% bearish,of 1 rating,$12
GENC,$9.16,1440857475356,"11,573",100% bearish,of 1 rating,N/A
GFNSL,$25.6,1440857475487,700,Not yet rated,NULL,N/A
GFNCP,$93.89,1440857475516,350,Not yet rated,NULL,N/A
GENE,$2.29,1440857475589,"182,762",100% bullish,of 12 ratings,N/A
GNMK,$10.02,1440857475651,"195,594",67% bullish,of 6 ratings,$14
GFN,$3.95,1440857475682,"17,699",100% bearish,of 2 ratings,$8
GNCA,$12.21,1440857475741,"103,358",100% bearish,of 1 rating,$20
GHDX,$27.75,1440857475781,"193,234",50% bullish,of 2 ratings,$30
GNTX,$15.53,1440857475878,"1,032,543",Not yet rated,NULL,$20
GTWN,NULL,1440857475980,0,Not yet rated,NULL,N/A
GNVC,$2.51,1440857476009,"10,917",90% bullish,of 10 ratings,$8.50
THRM,$46.44,1440857476038,"366,550",75% bearish,of 4 ratings,$55.50
GABC,$29,1440857476065,"15,081",Not yet rated,NULL,$31
GEVO,$2.33,1440857476118,"332,274",75% bullish,of 12 ratings,$5
GEOS,$16.71,1440857476254,"121,126",100% bearish,of 3 ratings,$21
ROCK,$16.51,1440857476418,"136,353",80% bullish,of 5 ratings,$24
GIGM,$0.5201,1440857476443,"76,762",100% bullish,of 2 ratings,N/A
GIGA,$1.42,1440857476520,"2,675",100% bearish,of 1 rating,N/A
GERN,$3.23,1440857476591,"1,137,894",88% bullish,of 16 ratings,$5.25
GIII,$68.14,1440857476616,"175,109",67% bullish,of 3 ratings,$75
GILT,$4.3001,1440857476641,"1,700",50% bullish,of 2 ratings,N/A
GBCI,$25.66,1440857476831,"245,507",50% bullish,of 2 ratings,$31
GLADO,$25.59,1440857476858,"1,700",Not yet rated,NULL,N/A
GLAD,$8.8,1440857476888,"171,130",50% bullish,of 2 ratings,$8.75
GILD,$107.7,1440857476925,"5,969,671",91% bullish,of 87 ratings,$129
GOODN,$25.407,1440857477020,400,Not yet rated,NULL,N/A
GOOD,$14.64,1440857477047,"72,029",Not yet rated,NULL,$19
GOODO,$25,1440857477069,30,Not yet rated,NULL,N/A
GOODP,NULL,1440857477194,0,Not yet rated,NULL,N/A
GAIN,$7.47,1440857477296,"107,125",100% bullish,of 2 ratings,$8.25
GAINN,$25.01,1440857477387,"56,593",Not yet rated,NULL,N/A
GAINP,$25.9,1440857477412,620,Not yet rated,NULL,N/A
LAND,$9.16,1440857477441,"48,601",50% bullish,of 2 ratings,$13.75
GAINO,$25.1728,1440857477470,490,Not yet rated,NULL,N/A
GLBZ,NULL,1440857477574,0,Not yet rated,NULL,N/A
GBT,$44,1440857477603,"73,758",100% bearish,of 1 rating,N/A
GDEF,$10.53,1440857477629,600,Not yet rated,NULL,N/A
GPACU,NULL,1440857477762,0,Not yet rated,NULL,N/A
ENT,$11.77,1440857477799,"71,245",100% bearish,of 1 rating,$18
GBLI,$26.99,1440857477890,"11,669",Not yet rated,NULL,N/A
GSOL,$8.0275,1440857477916,"18,239",100% bearish,of 1 rating,N/A
ACTX,NULL,1440857477940,0,100% bullish,of 1 rating,N/A
QQQC,$19.67,1440857477966,"3,061",100% bearish,of 1 rating,N/A
ALTY,$14.44,1440857478103,600,Not yet rated,NULL,N/A
SOCL,$17.82,1440857478133,"24,218",100% bullish,of 2 ratings,N/A
SRET,$13.25,1440857478236,"1,014",Not yet rated,NULL,N/A
YLCO,$11.95,1440857478263,"1,396",Not yet rated,NULL,N/A
GAI,$5.9,1440857478290,"1,400",50% bullish,of 2 ratings,N/A
GSM,$13.47,1440857478421,"403,698",50% bullish,of 2 ratings,$22
GLRI,$1.01,1440857478500,"23,180",100% bearish,of 1 rating,$4.25
GLBS,NULL,1440857478556,0,67% bullish,of 3 ratings,N/A
GLUU,$4.53,1440857478692,"786,373",92% bullish,of 26 ratings,$9
GBIM,$2.29,1440857478830,"19,199",50% bullish,of 2 ratings,N/A
GOGO,$15.67,1440857478862,"431,299",80% bullish,of 5 ratings,$25
GLYC,$7.05,1440857478892,"16,674",50% bullish,of 2 ratings,$14
GLDC,$4,1440857478924,"5,513",50% bullish,of 2 ratings,N/A
GDEN,$8.96,1440857478950,"13,852",50% bullish,of 2 ratings,N/A
GLNG,$38.2739,1440857478975,"963,948",83% bullish,of 6 ratings,$58
GOGL,$3.14,1440857479028,"220,227",75% bullish,of 4 ratings,$5
GTIM,$7.03,1440857479168,"31,867",Not yet rated,NULL,$11.50
GMLP,$18.86,1440857479200,"223,814",50% bullish,of 4 ratings,$32.50
GBDC,$16.66,1440857479227,"111,261",Not yet rated,NULL,$17.75
GOOG,$632.69,1440857479269,"1,043,468",89% bullish,of 70 ratings,$825
GOOGL,$659.9999,1440857479330,"1,027,271",88% bullish,of 1082 ratings,$749
GPRO,$48.18,1440857479371,"3,256,396",78% bullish,of 58 ratings,$72
GMAN,$3.73,1440857479396,"210,604",60% bullish,of 5 ratings,$8.50
GPIAU,NULL,1440857479623,0,Not yet rated,NULL,N/A
GPIA,$9.84,1440857479672,190,Not yet rated,NULL,N/A
GBSNU,NULL,1440857479699,0,NULL,NULL,NULL
GPIAW,NULL,1440857479753,0,Not yet rated,NULL,N/A
LOPE,$37.48,1440857479779,"89,001",100% bearish,of 2 ratings,$50
GRVY,$3.16,1440857479828,125,50% bullish,of 2 ratings,N/A
GLDD,$5.42,1440857479856,"86,319",100% bearish,of 4 ratings,$7.75
GBSN,$0.38,1440857479990,"4,057,047",50% bullish,of 2 ratings,$8.25
GRBK,$11.95,1440857480094,"113,049",77% bullish,of 13 ratings,N/A
GPP,$13.7,1440857480126,"33,561",Not yet rated,NULL,$20.50
GNBC,$11.86,1440857480153,"12,906",100% bearish,of 1 rating,$16.50
GSBC,$39.87,1440857480182,"19,620",100% bullish,of 1 rating,$44
GPRE,$20.55,1440857480224,"1,091,427",67% bullish,of 6 ratings,$28.50
GCBC,NULL,1440857480283,0,100% bullish,of 1 rating,N/A
GLRE,$24.99,1440857480450,"161,684",50% bullish,of 2 ratings,$41
GRIF,$32.61,1440857480479,308,100% bearish,of 1 rating,N/A
GRFS,$30.5748,1440857480504,"206,103",50% bullish,of 2 ratings,$35
OMAB,$40.81,1440857480529,"12,578",100% bullish,of 1 rating,$44
GSIG,$12.99,1440857480665,"26,470",100% bearish,of 2 ratings,N/A
GGAL,$19.4858,1440857480706,"118,461",80% bullish,of 5 ratings,$40
GRPN,$4.6,1440857480767,"5,953,989",61% bullish,of 71 ratings,$6.75
GSVC,$8.72,1440857480911,"82,010",50% bullish,of 2 ratings,$14.50
GSIT,$4.62,1440857480943,"8,389",100% bearish,of 1 rating,N/A
GTXI,$0.874,1440857480964,"20,930",100% bullish,of 5 ratings,$.75
GBNK,$15.79,1440857480993,"18,291",100% bearish,of 1 rating,$18
GFED,$14.67,1440857481014,779,Not yet rated,NULL,$17
GURE,$1.67,1440857481230,"85,776",88% bullish,of 8 ratings,N/A
GUID,$7.28,1440857481268,"42,026",100% bearish,of 3 ratings,$10
GWPH,$109.33,1440857481317,"112,738",78% bullish,of 9 ratings,$148.50
GIFI,$12.46,1440857481366,"46,325",100% bearish,of 1 rating,$16
GULTU,$0.3001,1440857481395,"1,330,535",100% bearish,of 1 rating,N/A
GWGH,$7.74,1440857481423,"1,171",100% bearish,of 1 rating,$15.05
GPOR,$35.04,1440857481444,"1,494,164",75% bullish,of 4 ratings,$55
GYRO,$2.84,1440857481613,"6,150",100% bearish,of 1 rating,N/A
HNRG,$7.69,1440857481706,"67,708",100% bearish,of 1 rating,$10
HALO,$18.41,1440857481739,"771,518",67% bullish,of 3 ratings,$22.50
HEES,$18.69,1440857481767,"314,064",67% bearish,of 3 ratings,$31
HLG,$9.5,1440857481788,"2,247",100% bearish,of 1 rating,N/A
HALL,$11.41,1440857481840,"17,778",Not yet rated,NULL,N/A
HMPR,$1.87,1440857481919,"27,659",100% bullish,of 1 rating,N/A
HBK,$13.67,1440857481968,713,50% bullish,of 2 ratings,N/A
HBHC,$27.4,1440857482102,"558,474",50% bullish,of 2 ratings,$30
HNH,$25.45,1440857482150,"17,110",100% bullish,of 1 rating,N/A
HBHCL,$24.39,1440857482182,"26,203",Not yet rated,NULL,N/A
HAFC,$23.98,1440857482288,"109,880",100% bullish,of 2 ratings,$28.50
HNSN,$0.56,1440857482316,"56,801",88% bullish,of 8 ratings,$.40
HQCL,$12.9,1440857482343,"30,828",67% bullish,of 3 ratings,$14
HLIT,$5.79,1440857482388,"246,263",100% bearish,of 1 rating,$6.50
HDNG,$10.04,1440857482484,"11,625",50% bullish,of 4 ratings,N/A
HRMN,NULL,1440857482513,0,Not yet rated,NULL,N/A
HRMNU,NULL,1440857482546,0,Not yet rated,NULL,N/A
TINY,$2.48,1440857482648,"19,385",50% bullish,of 2 ratings,$5.26
HRMNW,NULL,1440857482675,0,Not yet rated,NULL,N/A
HART,$1.04,1440857482709,"103,690",100% bearish,of 1 rating,N/A
HBIO,$4.28,1440857482840,"35,954",100% bearish,of 1 rating,$10
HCAPL,$25.7399,1440857482868,400,Not yet rated,NULL,N/A
HCAP,$12.15,1440857482890,"4,513",50% bullish,of 2 ratings,$15
HA,$22.91,1440857483023,"540,918",67% bullish,of 9 ratings,$27
HAS,$75.51,1440857483049,"715,928",63% bullish,of 8 ratings,$84.50
HCOM,$21.82,1440857483188,"31,985",100% bearish,of 1 rating,$28
HWKN,$37.33,1440857483216,"28,446",Not yet rated,NULL,N/A
HAYN,$38.31,1440857483254,"42,900",100% bearish,of 1 rating,$59
HWBK,$13.24,1440857483285,100,100% bearish,of 1 rating,N/A
HDS,$33.233,1440857483392,"1,196,925",100% bearish,of 2 ratings,$39.50
HIIQ,$5.17,1440857483449,"32,371",50% bullish,of 2 ratings,$7
HQY,$29.51,1440857483482,"115,451",67% bullish,of 3 ratings,$32
HCSG,$33.32,1440857483512,"191,852",50% bullish,of 4 ratings,$35
HSTM,$25.36,1440857483588,"85,370",50% bullish,of 2 ratings,$33.75
HTLD,$20.55,1440857483613,"341,001",Not yet rated,NULL,$22.50
HWAY,$11.95,1440857483680,"278,697",100% bearish,of 1 rating,$15
HTWR,$86.25,1440857483781,"147,034",50% bullish,of 2 ratings,$103
HTLF,$35.88,1440857483806,"18,551",100% bullish,of 1 rating,$39.50
HTBX,$5.16,1440857483970,"3,070",50% bullish,of 2 ratings,$15.50
HMNY,$2.19,1440857484006,300,100% bearish,of 1 rating,N/A
HELE,$85.56,1440857484060,"103,241",67% bearish,of 3 ratings,$100
HSII,$19.62,1440857484086,"52,553",100% bullish,of 3 ratings,$25
HMTV,$13.72,1440857484108,"12,932",100% bearish,of 1 rating,$16
HNNA,$24.865,1440857484142,"10,548",Not yet rated,NULL,N/A
HCACU,$9.98,1440857484163,"100,000",Not yet rated,NULL,N/A
HERO,NULL,1440857484400,0,NULL,NULL,NULL
HTBK,$10.63,1440857484426,"33,812",Not yet rated,NULL,$12
HSIC,$139.4,1440857484560,"342,416",83% bullish,of 6 ratings,$146
HEOP,$7.66,1440857484591,"15,820",Not yet rated,NULL,$8.50
HFWA,$17.59,1440857484613,"71,544",100% bullish,of 1 rating,$20
HCCI,$11.25,1440857484642,"42,055",100% bearish,of 1 rating,$16.50
MLHR,$26.99,1440857484699,"310,038",50% bullish,of 2 ratings,$33.50
HSKA,$33.74,1440857484807,"20,659",100% bearish,of 1 rating,$38
HRTX,$35.46,1440857484837,"219,447",67% bullish,of 6 ratings,$41
HFFC,$15.77,1440857484916,"5,478",Not yet rated,NULL,N/A
HIBB,$38.87,1440857484946,"223,423",100% bearish,of 1 rating,$46.50
HPJ,$2.21,1440857485014,"29,621",75% bullish,of 4 ratings,$12.43
HIMX,$6.906,1440857485078,"915,996",86% bullish,of 21 ratings,$8.50
HIHO,$3.81,1440857485103,"6,096",Not yet rated,NULL,N/A
HIFS,$115.91,1440857485172,"1,151",Not yet rated,NULL,N/A
HSGX,$6.05,1440857485198,"3,574",100% bearish,of 1 rating,$17
HMNF,$11.32,1440857485328,"2,016",Not yet rated,NULL,N/A
HOLI,$17.78,1440857485471,"94,603",50% bullish,of 4 ratings,$27
HMSY,$10.47,1440857485532,"809,768",67% bullish,of 3 ratings,$19.35
HFBL,$21.62,1440857485561,536,Not yet rated,NULL,N/A
HOMB,$37.97,1440857485598,"222,036",Not yet rated,NULL,$42
HBCP,$24.71,1440857485629,"2,436",Not yet rated,NULL,$29
HOLX,$39.76,1440857485696,"1,449,945",67% bullish,of 3 ratings,$42
HMIN,$26.7,1440857485725,"59,584",100% bearish,of 2 ratings,$35
AWAY,$29.19,1440857485860,"431,994",67% bullish,of 3 ratings,$36
HMST,$21.84,1440857485920,"74,855",100% bullish,of 2 ratings,$27
HTBI,$18.18,1440857485989,"26,626",67% bullish,of 3 ratings,$18.625
HOFT,$23.78,1440857486049,"18,879",100% bearish,of 1 rating,N/A
CETC,$0.76,1440857486080,"165,443",86% bullish,of 7 ratings,N/A
HKTV,$4.76,1440857486101,200,100% bearish,of 1 rating,N/A
HFBC,$11.22,1440857486181,"3,150",Not yet rated,NULL,N/A
HBNC,$23.57,1440857486310,"12,027",100% bullish,of 1 rating,$27
HZNP,$30.48,1440857486730,"1,069,487",85% bullish,of 20 ratings,$40
ZINC,$7.85,1440857486763,"597,280",100% bearish,of 1 rating,$17
HOVNP,$4.54,1440857486784,"1,000",100% bearish,of 1 rating,N/A
HBMD,$14.24,1440857486823,809,100% bearish,of 1 rating,N/A
HMHC,$22.7,1440857486845,"467,940",Not yet rated,NULL,$27
HDP,$24.18,1440857486878,"194,225",67% bearish,of 3 ratings,$30.50
HRZN,$10.33,1440857486901,"33,944",50% bullish,of 2 ratings,$14.25
HWCC,$7.5,1440857486929,"82,097",100% bearish,of 1 rating,$9
HTGM,$5.69,1440857487144,"4,024",100% bearish,of 1 rating,$19.50
HUBG,$37.06,1440857487174,"387,683",100% bearish,of 1 rating,$43
HSNI,$62.38,1440857487200,"170,632",Not yet rated,NULL,$80
HCBK,$9.36,1440857487281,"1,263,712",83% bullish,of 6 ratings,$8.61
HDSN,$3.11,1440857487354,"27,087",100% bullish,of 1 rating,$6.25
HSON,$2.55,1440857487387,"22,082",100% bearish,of 1 rating,$5
HBANP,NULL,1440857487480,0,100% bearish,of 1 rating,N/A
HBAN,$10.91,1440857487516,"5,203,375",76% bullish,of 17 ratings,$12.29
HURC,$30.35,1440857487545,"11,794",100% bearish,of 1 rating,N/A
HURN,$73.36,1440857487567,"75,680",50% bullish,of 2 ratings,$80
HTCH,$1.56,1440857487698,"94,983",100% bearish,of 1 rating,$3.50
HDRA,NULL,1440857487731,0,Not yet rated,NULL,N/A
HBP,$3.11,1440857487761,"3,775",100% bullish,of 1 rating,N/A
HDRAR,NULL,1440857487829,0,Not yet rated,NULL,N/A
HDRAW,NULL,1440857487912,0,Not yet rated,NULL,N/A
HDRAU,NULL,1440857487937,0,Not yet rated,NULL,N/A
HYGS,$9.55,1440857488139,"29,871",50% bullish,of 2 ratings,$13
IKGH,$1.8,1440857488171,"10,231",75% bullish,of 4 ratings,N/A
IACI,$71.44,1440857488200,"445,254",75% bullish,of 4 ratings,$90
IDSY,$3.91,1440857488221,"6,108",100% bearish,of 1 rating,$7
IBKC,$60.36,1440857488253,"111,938",100% bullish,of 1 rating,$70
IEP,$74.24,1440857488283,"59,662",75% bullish,of 4 ratings,$99
ICAD,$3.9,1440857488353,"83,344",100% bullish,of 2 ratings,$7.25
ICLR,$77.9507,1440857488420,"266,641",100% bearish,of 3 ratings,$85
ICON,$13.52,1440857488520,"466,663",50% bullish,of 2 ratings,$18.50
ICFI,$34.04,1440857488547,"48,356",50% bullish,of 2 ratings,$48.50
INVE,$4.4,1440857488678,"78,490",75% bullish,of 4 ratings,$4
ICUI,$113.92,1440857488703,"46,176",Not yet rated,NULL,$122
IPWR,$7.28,1440857488729,"4,444",100% bullish,of 1 rating,$15
IDXX,$73.21,1440857488865,"346,348",100% bearish,of 1 rating,$77
IDRA,$2.94,1440857488895,"601,938",89% bullish,of 9 ratings,$6.50
DSKY,$10.9914,1440857488921,"128,718",67% bullish,of 6 ratings,$11.50
IROQ,$16.7,1440857489026,300,100% bullish,of 1 rating,N/A
IRG,$4.78,1440857489056,"23,310",100% bearish,of 1 rating,$4.25
IIVI,$16.89,1440857489078,"155,141",100% bearish,of 1 rating,$22
RXDX,$13.82,1440857489209,"155,513",100% bullish,of 1 rating,$20
IKAN,$2.72,1440857489238,"4,738",83% bullish,of 6 ratings,$5
IKNX,NULL,1440857489258,0,100% bearish,of 1 rating,N/A
KANG,$15.8182,1440857489280,"226,303",50% bullish,of 2 ratings,$22.55
ILMN,$201.49,1440857489407,"782,267",80% bullish,of 5 ratings,$245
ISNS,$4,1440857489458,"15,572",50% bullish,of 2 ratings,N/A
ICCC,$7.21,1440857489550,"13,479",100% bullish,of 1 rating,N/A
IMMR,$11.81,1440857489591,"72,756",80% bullish,of 5 ratings,$15.50
IMDZ,$16.61,1440857489630,"27,500",100% bearish,of 1 rating,$33
IMMU,$2.16,1440857489658,"704,998",86% bullish,of 7 ratings,$2
IMGN,$14.28,1440857489679,"955,380",75% bullish,of 4 ratings,$17.50
IMNP,$1.36,1440857489853,"30,681",50% bullish,of 2 ratings,$6
SAAS,$7.64,1440857489950,"242,260",50% bullish,of 2 ratings,$15
INCR,$42.01,1440857489976,"221,716",50% bullish,of 2 ratings,$53
IPXL,$42.4,1440857490007,"457,825",67% bullish,of 3 ratings,$46.50
INCY,$120.44,1440857490028,"1,092,792",50% bullish,of 6 ratings,$125.50
IMMY,$7.69,1440857490058,"4,471",100% bearish,of 1 rating,$11
IBCP,$14.16,1440857490079,"93,148",100% bullish,of 1 rating,$14.50
INDB,$44.5,1440857490242,"202,363",Not yet rated,NULL,$44
IDSA,$3.6,1440857490335,"2,730",Not yet rated,NULL,N/A
IBTX,$41.49,1440857490361,"14,876",100% bullish,of 2 ratings,$47.25
INFN,$22.29,1440857490387,"1,022,680",71% bullish,of 7 ratings,$28
INFI,$9.28,1440857490414,"337,361",50% bullish,of 4 ratings,$18
IPCC,$77.31,1440857490440,"22,807",Not yet rated,NULL,$77.50
III,$3.89,1440857490599,"95,856",57% bullish,of 7 ratings,$6
INWK,$7.09,1440857490729,"56,331",50% bullish,of 2 ratings,$10
IFON,$1.21,1440857490758,"24,493",75% bullish,of 4 ratings,N/A
IMKTA,$50.28,1440857490780,"51,886",100% bearish,of 1 rating,N/A
INOD,$2.38,1440857490819,"4,694",100% bearish,of 1 rating,N/A
INNL,$12.78,1440857490913,"1,348",100% bearish,of 1 rating,$16.50
IOSP,$48.17,1440857490938,"185,737",100% bearish,of 1 rating,N/A
IPHS,$48.24,1440857490970,"75,518",100% bearish,of 1 rating,$60
ISSC,$2.78,1440857491074,"4,200",67% bearish,of 3 ratings,N/A
ITEK,$12.15,1440857491158,"249,011",100% bearish,of 3 ratings,$20
INGN,$49.78,1440857491219,"219,266",100% bearish,of 1 rating,$50.50
INO,$7.75,1440857491351,"1,636,416",89% bullish,of 18 ratings,$20
ISIG,$2.71,1440857491383,"10,879",100% bearish,of 1 rating,N/A
NSIT,$25.8,1440857491404,"111,626",50% bullish,of 2 ratings,N/A
INOV,$21.73,1440857491436,"735,420",100% bearish,of 1 rating,$33
IIIN,$17.07,1440857491480,"16,380",100% bearish,of 2 ratings,N/A
INSM,$25.69,1440857491566,"271,347",71% bullish,of 7 ratings,$31.50
PODD,$29.71,1440857491618,"209,947",67% bearish,of 3 ratings,$35
IART,$60.79,1440857491767,"177,967",100% bearish,of 2 ratings,$71.50
IDTI,$19.09,1440857491795,"1,457,438",60% bullish,of 5 ratings,$25
INSY,$33.83,1440857491829,"270,702",75% bullish,of 4 ratings,$48
NTEC,$5.75,1440857491855,"8,105",100% bearish,of 1 rating,N/A
ISSI,$21.94,1440857491926,"133,663",67% bullish,of 3 ratings,$19.75
IESC,$7.02,1440857491953,"2,580",100% bearish,of 1 rating,N/A
IPCI,$2.31,1440857492101,"76,615",67% bullish,of 6 ratings,$8
INTC,$28.41,1440857492134,"25,692,266",82% bullish,of 238 ratings,$36
IPAR,$25.63,1440857492204,"79,920",67% bullish,of 3 ratings,$38
IBKR,$40.2881,1440857492229,"605,394",100% bullish,of 1 rating,N/A
IQNT,$18.59,1440857492260,"151,264",86% bullish,of 7 ratings,$20
ININ,$36.15,1440857492288,"85,150",67% bearish,of 3 ratings,$57
ICPT,$189.4643,1440857492309,"96,157",70% bullish,of 10 ratings,$359.50
ICLD,$1.85,1440857492530,"103,348",75% bullish,of 4 ratings,N/A
ICLDW,NULL,1440857492584,0,100% bearish,of 1 rating,N/A
IMI,$2.13,1440857492658,"10,493",67% bullish,of 3 ratings,$2.22
IDCC,$48,1440857492684,"175,555",80% bullish,of 5 ratings,$63
TILE,$23.94,1440857492741,"431,058",100% bearish,of 3 ratings,$27
IBOC,$25.15,1440857492767,"154,160",100% bearish,of 1 rating,N/A
INAP,$8.05,1440857492788,"239,819",75% bullish,of 4 ratings,$11
IIJI,$10,1440857493021,40,50% bullish,of 2 ratings,$11.50
PTNT,$2.91,1440857493071,"2,723",Not yet rated,NULL,N/A
INTX,$2.03,1440857493097,"97,223",67% bullish,of 3 ratings,N/A
ISCA,$31.97,1440857493128,"101,605",100% bearish,of 1 rating,N/A
INPH,$0.32,1440857493149,"162,928",50% bullish,of 2 ratings,N/A
XENT,$25.35,1440857493187,"141,556",50% bullish,of 2 ratings,$36.50
IGLD,$6.97,1440857493208,400,50% bullish,of 2 ratings,N/A
ISIL,$10.61,1440857493286,"483,071",50% bullish,of 6 ratings,$15
IILG,$19.97,1440857493457,"103,268",100% bearish,of 1 rating,$29
IVAC,$4.86,1440857493516,"23,655",100% bearish,of 1 rating,$6.625
INTL,$25.81,1440857493627,"62,769",67% bearish,of 3 ratings,N/A
INTLL,$26.09,1440857493690,850,Not yet rated,NULL,N/A
ITCI,$26.96,1440857493731,"275,633",75% bearish,of 4 ratings,$40
INVT,$0.303,1440857493757,"213,959",67% bullish,of 3 ratings,N/A
INTU,$86.21,1440857493786,"1,895,063",86% bullish,of 7 ratings,$107.50
ISRG,$514.24,1440857493834,"95,903",67% bullish,of 3 ratings,$600
IIN,$6.39,1440857493889,"2,100",100% bearish,of 1 rating,$12
ISTR,$15.6,1440857493991,841,100% bearish,of 1 rating,$18.50
SNAK,$8.68,1440857494016,"102,749",50% bullish,of 2 ratings,$14
ITIC,$71.15,1440857494042,"1,300",100% bearish,of 2 ratings,N/A
NVIV,$9.66,1440857494172,"133,271",50% bullish,of 4 ratings,$24.50
IVTY,$14.61,1440857494200,"17,056",Not yet rated,NULL,$18
ISBC,$11.75,1440857494228,"972,204",100% bullish,of 1 rating,$13.25
DFVL,NULL,1440857494532,0,Not yet rated,NULL,N/A
IPAS,$1.09,1440857494559,"49,183",67% bullish,of 3 ratings,N/A
DTUL,NULL,1440857494587,0,Not yet rated,NULL,N/A
IRMD,$25.04,1440857494607,"11,245",67% bearish,of 3 ratings,$25
IRIX,$6.89,1440857494640,"7,546",100% bearish,of 1 rating,N/A
IPGP,$85.88,1440857494736,"250,042",100% bearish,of 2 ratings,$109.50
IPCM,$79.44,1440857494810,"119,808",50% bullish,of 2 ratings,$80.125
IRDMB,$279.5,1440857494882,320,67% bearish,of 3 ratings,N/A
IRWD,$11.27,1440857494911,"1,082,384",100% bearish,of 1 rating,$13
IRBT,$29.29,1440857494941,"166,490",67% bullish,of 6 ratings,$37
COMT,$33.62,1440857494973,"23,140",100% bearish,of 1 rating,N/A
IRCP,NULL,1440857494994,0,100% bullish,of 2 ratings,N/A
IRDM,$7.18,1440857495015,"400,499",60% bullish,of 5 ratings,$11.50
FCHI,NULL,1440857495163,0,NULL,NULL,NULL
GNMA,$50.32,1440857495188,"3,187",Not yet rated,NULL,N/A
IFAS,NULL,1440857495235,0,NULL,NULL,NULL
IFNA,NULL,1440857495435,0,NULL,NULL,NULL
IFEU,$37.74,1440857495496,"4,879",Not yet rated,NULL,N/A
AXJS,NULL,1440857495522,0,NULL,NULL,NULL
IFGL,$28.61,1440857495549,"191,698",Not yet rated,NULL,N/A
AAXJ,$53.8559,1440857495575,"3,183,887",Not yet rated,NULL,N/A
ACWI,$56.3,1440857495627,"1,578,362",Not yet rated,NULL,N/A
EEMA,$50.47,1440857495709,"37,087",Not yet rated,NULL,N/A
ACWX,$41.04,1440857495739,"692,879",100% bearish,of 1 rating,N/A
EMDI,NULL,1440857495763,0,NULL,NULL,NULL
AAIT,NULL,1440857495791,0,NULL,NULL,NULL
EMEY,NULL,1440857495872,0,NULL,NULL,NULL
EEME,NULL,1440857495920,0,NULL,NULL,NULL
EGRW,NULL,1440857495943,0,NULL,NULL,NULL
EVAL,NULL,1440857496075,0,NULL,NULL,NULL
IBB,$353.28,1440857496290,"853,689",63% bullish,of 8 ratings,N/A
EEML,$27.61,1440857496325,"9,700",Not yet rated,NULL,N/A
QAT,$21.6,1440857496346,600,Not yet rated,NULL,N/A
IEUS,$45.4,1440857496378,"5,456",100% bearish,of 1 rating,N/A
EUFN,$21.85,1440857496401,"73,493",100% bearish,of 1 rating,N/A
UAE,$18.63,1440857496432,"11,900",Not yet rated,NULL,N/A
SOXX,$83.25,1440857496457,"380,264",50% bullish,of 2 ratings,N/A
EMIF,$28.87,1440857496484,"8,923",Not yet rated,NULL,N/A
ISHG,$79.35,1440857496735,"9,098",100% bearish,of 1 rating,N/A
WOOD,$48.3,1440857496784,"23,260",50% bullish,of 2 ratings,N/A
ICLN,$9.6,1440857496809,"14,518",50% bullish,of 2 ratings,N/A
INDY,$27.63,1440857496880,"140,732",50% bullish,of 2 ratings,N/A
IGOV,$90.85,1440857496977,"16,643",100% bearish,of 1 rating,N/A
ISIS,$51.5999,1440857497007,"782,005",53% bullish,of 15 ratings,$67
ISLE,$17.63,1440857497079,"140,146",50% bullish,of 4 ratings,$16
ITRN,$24.11,1440857497107,"1,416",50% bullish,of 2 ratings,N/A
ITUS,$4.03,1440857497147,"7,850",Not yet rated,NULL,N/A
ITRI,$30.03,1440857497247,"194,687",100% bearish,of 1 rating,$37
XXIA,$15.17,1440857497284,"472,050",71% bullish,of 7 ratings,$14.625
JJSF,$114.72,1440857497340,"29,311",100% bearish,of 1 rating,N/A
IXYS,$11.14,1440857497385,"103,762",50% bullish,of 4 ratings,N/A
MAYS,$55.95,1440857497428,100,Not yet rated,NULL,N/A
ISRL,$131.04,1440857497467,465,100% bearish,of 1 rating,N/A
JBHT,$73.51,1440857497556,"554,190",50% bullish,of 4 ratings,$89.50
JASO,$7.9,1440857497717,"747,475",82% bullish,of 17 ratings,$10
JCOM,$69.71,1440857497815,"185,842",100% bullish,of 2 ratings,$77
JKHY,$68.7938,1440857497843,"214,469",50% bullish,of 2 ratings,$72
JAGX,$3.44,1440857497869,"8,574",Not yet rated,NULL,N/A
JACK,$81.77,1440857497903,"189,732",83% bullish,of 6 ratings,$105
JXSB,NULL,1440857497924,0,Not yet rated,NULL,N/A
JAXB,$13.31,1440857497945,90,100% bullish,of 1 rating,N/A
JMBA,$13.95,1440857498008,"91,223",75% bullish,of 4 ratings,$18
JAKK,$9.42,1440857498111,"492,606",60% bearish,of 5 ratings,$11
ERW,NULL,1440857498176,0,Not yet rated,NULL,N/A
JASN,$4.93,1440857498241,"23,503",50% bullish,of 2 ratings,$9.50
JASNW,NULL,1440857498271,0,50% bullish,of 2 ratings,N/A
JRVR,$26.79,1440857498373,"37,791",Not yet rated,NULL,$32
JAZZ,$171.501,1440857498419,"167,566",80% bullish,of 15 ratings,$206.50
JD,$26.77,1440857498507,"4,905,314",75% bullish,of 16 ratings,$36
JBLU,$22.25,1440857498532,"2,629,199",94% bullish,of 18 ratings,$27
JTPY,$2.95,1440857498557,100,100% bearish,of 1 rating,N/A
JCTCF,NULL,1440857498605,0,100% bullish,of 1 rating,N/A
DATE,$5.92,1440857498708,"93,636",75% bullish,of 4 ratings,$9
JIVE,$4.51,1440857498748,"258,687",75% bullish,of 4 ratings,$5
JST,$3.98,1440857498786,"7,252",75% bullish,of 4 ratings,N/A
JOEZ,$0.17,1440857498877,"97,593",92% bullish,of 12 ratings,N/A
WYIGU,$10.2,1440857498902,6,Not yet rated,NULL,N/A
JOUT,$23.41,1440857498958,"5,196",100% bearish,of 1 rating,$34
JBSS,$54.48,1440857499032,"71,680",67% bearish,of 3 ratings,N/A
JNP,$10.93,1440857499166,"25,559",100% bullish,of 3 ratings,$15
KALU,$83.24,1440857499234,"129,573",67% bearish,of 3 ratings,$91
KTWO,$21.65,1440857499262,"84,969",100% bearish,of 1 rating,$28.50
KBIO,$2.01,1440857499301,"19,373",50% bullish,of 4 ratings,N/A
JUNO,$38.06,1440857499351,"681,045",73% bullish,of 11 ratings,$71.50
KMDA,$3.48,1440857499390,"19,288",50% bullish,of 2 ratings,$8
KNDI,$6.72,1440857499416,"254,671",86% bullish,of 22 ratings,N/A
KCLI,$46.85,1440857499437,"26,651",Not yet rated,NULL,N/A
