Symbol,Price,Date,Volume,Rating,RatingVoteCount,OneYearEstimate
PIH,$7.39,1439932802123,"8,473",100% bearish,of 1 rating,N/A
TFSCR,NULL,1439932802153,0,Not yet rated,NULL,N/A
FLWS,$9.74,1439932802180,"141,603",100% bullish,of 5 ratings,$15
FCCY,$11.59,1439932802214,"3,256",100% bullish,of 1 rating,$13
TFSCU,NULL,1439932802257,0,Not yet rated,NULL,N/A
TFSCW,$0.22,1439932802314,4,100% bearish,of 1 rating,N/A
TWOU,$34.96,1439932802536,"365,438",50% bullish,of 2 ratings,$39
VNET,$21.05,1439932802578,"214,370",60% bullish,of 5 ratings,$29.50
DSLV,$67.29,1439932802610,"38,482",100% bearish,of 1 rating,N/A
SRCE,$31.05,1439932802645,"19,091",100% bullish,of 3 ratings,$33
USLV,$13.4,1439932802667,"438,656",86% bullish,of 7 ratings,N/A
FCTY,$7.5,1439932802703,900,100% bullish,of 1 rating,$8.50
TFSC,NULL,1439932802732,0,100% bearish,of 1 rating,N/A
DGLD,$85.9,1439932802762,"3,632",100% bullish,of 1 rating,N/A
UGLD,$8.88,1439932802921,"132,721",100% bearish,of 1 rating,N/A
JOBS,$28.03,1439932802978,"68,539",50% bullish,of 4 ratings,$36
SIXD,$2.54,1439932803294,"64,564",Not yet rated,NULL,N/A
EGHT,$8.55,1439932803321,"220,865",82% bullish,of 17 ratings,$11
AAON,$23.04,1439932803349,"83,142",100% bearish,of 1 rating,$24
ABGB,$4.66,1439932803402,"70,434",67% bullish,of 3 ratings,$5.50
ABY,$21.47,1439932803423,"309,678",100% bearish,of 2 ratings,$46
CAFD,$15.31,1439932803445,"145,644",Not yet rated,NULL,$25
SHLM,$35.87,1439932803479,"119,982",100% bearish,of 1 rating,$50
ABEO,$5.24,1439932803653,"101,807",67% bullish,of 3 ratings,$15.50
ABMD,$104.93,1439932803719,"340,740",75% bullish,of 4 ratings,$86
ABEOW,$2.08,1439932803756,"5,825",100% bullish,of 1 rating,N/A
AVHI,$14.38,1439932803818,"28,601",100% bearish,of 1 rating,$19
ABAX,$47.93,1439932803848,"86,051",100% bearish,of 1 rating,$60
AXAS,$1.74,1439932803880,"575,647",78% bullish,of 9 ratings,$3.50
ACTG,$8.7,1439932803985,"202,596",67% bullish,of 3 ratings,$18.50
AXDX,$18.86,1439932804269,"84,893",100% bearish,of 1 rating,N/A
ACHC,$81.6598,1439932804303,"228,469",50% bullish,of 2 ratings,$92
ACAD,$38.8,1439932804398,"536,713",85% bullish,of 20 ratings,$48
XLRN,$30.72,1439932804428,"136,800",50% bullish,of 2 ratings,$57
VXUP,$17.03,1439932804457,"4,565",Not yet rated,NULL,N/A
ACST,$0.365,1439932804486,"95,166",100% bullish,of 2 ratings,N/A
VXDN,$14.86,1439932804507,915,Not yet rated,NULL,N/A
ARAY,$5.93,1439932804537,"1,244,704",100% bearish,of 1 rating,$10.50
ANCX,$19.21,1439932804670,"14,875",Not yet rated,NULL,$19
ACRX,$4.34,1439932804809,"121,153",67% bearish,of 6 ratings,$5.50
ACET,$25.35,1439932804881,"55,580",75% bullish,of 4 ratings,$30
AKAO,$7.08,1439932804907,"47,781",75% bullish,of 4 ratings,$15
ACNB,$20.43,1439932804969,929,Not yet rated,NULL,N/A
ACIW,$22.9,1439932805180,"194,622",50% bullish,of 2 ratings,$24
ACOR,$31.15,1439932805233,"188,786",67% bearish,of 3 ratings,$38.50
ACHN,$8.62,1439932805258,"2,304,986",90% bullish,of 21 ratings,$16
ACPW,$1.87,1439932805316,"12,650",100% bullish,of 4 ratings,$3.50
ATVI,$29.22,1439932805350,"2,675,140",68% bullish,of 84 ratings,$31.50
ACTS,$1.4,1439932805372,"35,262",100% bearish,of 1 rating,N/A
ACTA,$13.61,1439932805406,"92,025",67% bearish,of 3 ratings,$25
ACXM,$21.1,1439932805447,"261,530",67% bullish,of 3 ratings,N/A
ADMS,$20.63,1439932805800,"44,589",100% bearish,of 2 ratings,$36
ADMP,$3.84,1439932805831,"64,339",50% bullish,of 2 ratings,$10
ADAP,$15.46,1439932805865,"87,059",67% bullish,of 3 ratings,$22
ACUR,$0.6,1439932805896,"35,138",100% bullish,of 5 ratings,$1
ADEP,$7.31,1439932805967,"9,982",50% bullish,of 2 ratings,$10.75
AEY,$2.29,1439932805997,"3,324",100% bearish,of 2 ratings,N/A
ADUS,$30.66,1439932806026,"78,320",100% bearish,of 1 rating,$31
ADMA,$9.47,1439932806102,"10,548",Not yet rated,NULL,$19
ADBE,$86.45,1439932806207,"1,011,305",65% bullish,of 17 ratings,$90
ADTN,$16.15,1439932806243,"165,768",67% bullish,of 3 ratings,$17.125
AEIS,$26.12,1439932806340,"103,710",50% bullish,of 2 ratings,$32.50
ADXS,$16.09,1439932806372,"398,018",64% bullish,of 14 ratings,$27
ADXSW,$11.6,1439932806469,"4,056",100% bullish,of 1 rating,N/A
ADRO,$21.57,1439932806501,"147,206",80% bullish,of 5 ratings,$45.50
AMD,$1.8,1439932806577,"5,861,434",83% bullish,of 102 ratings,$2
MULT,NULL,1439932806707,0,100% bearish,of 1 rating,N/A
YPRO,$23.022,1439932806806,"1,468",100% bearish,of 1 rating,N/A
AEGR,$18.98,1439932806972,"482,425",50% bullish,of 6 ratings,$26
AEHR,$2.22,1439932807029,109,50% bullish,of 2 ratings,N/A
AEGN,$18.55,1439932807069,"78,350",100% bearish,of 1 rating,$21
AERI,$16.1,1439932807134,"247,931",75% bullish,of 4 ratings,$31.50
AEPI,$57.69,1439932807156,"9,486",100% bearish,of 1 rating,N/A
AEZS,$0.12,1439932807194,"11,153,293",90% bullish,of 21 ratings,$1.625
AVAV,$25.67,1439932807216,"137,838",50% bullish,of 4 ratings,$31
AMTX,$3.43,1439932807299,"7,120",50% bullish,of 2 ratings,$26.11
AEMD,$7.44,1439932807384,"104,703",Not yet rated,NULL,$27.50
AFMD,$11.39,1439932807539,"88,637",50% bullish,of 4 ratings,$15
AFFX,$9.81,1439932807590,"388,579",80% bullish,of 5 ratings,$12
AGEN,$7.44,1439932807697,"577,306",85% bullish,of 13 ratings,$14
AGRX,$8.73,1439932807802,"27,969",100% bearish,of 1 rating,$18
AGIO,$95.37,1439932807854,"236,929",88% bullish,of 8 ratings,$114
AGFSW,$2.13,1439932807910,"73,631",100% bearish,of 1 rating,N/A
AGYS,$9.52,1439932807942,"18,689",100% bearish,of 1 rating,N/A
AGFS,$10.1,1439932807985,"184,902",100% bearish,of 1 rating,N/A
AIMT,$23.37,1439932808016,"97,064",Not yet rated,NULL,N/A
AIRM,$39.8,1439932808115,"137,129",80% bearish,of 5 ratings,$53
AMCN,$5.09,1439932808271,"380,306",83% bullish,of 6 ratings,N/A
AIRT,$23.09,1439932808299,"1,119",100% bullish,of 1 rating,N/A
ATSG,$9.63,1439932808322,"93,478",67% bullish,of 3 ratings,$13
AIXG,$5.95,1439932808460,"7,109",67% bearish,of 3 ratings,$6
AKAM,$73.85,1439932808546,"755,951",63% bullish,of 8 ratings,$77
AKRX,$43.8253,1439932808683,"334,355",78% bullish,of 9 ratings,$56
AKER,$3.08,1439932808729,"187,446",Not yet rated,NULL,N/A
AKBA,$6.89,1439932808788,"177,783",100% bearish,of 1 rating,$18
ABDC,$12.99,1439932808873,"10,693",Not yet rated,NULL,$15
ALRM,$17.18,1439932808901,"79,175",100% bearish,of 1 rating,$22
ALSK,$2.16,1439932808930,"63,279",78% bullish,of 18 ratings,$2
AMRI,$20.76,1439932808952,"132,972",75% bearish,of 4 ratings,$24
ADHD,$9.17,1439932809134,"138,573",50% bullish,of 4 ratings,$18
ALDR,$37.86,1439932809160,"256,746",67% bearish,of 3 ratings,$62
ALDX,$7.74,1439932809300,"14,507",100% bearish,of 1 rating,$14.50
ALXN,$187.42,1439932809329,"607,855",88% bullish,of 8 ratings,$223
ALXA,$1.18,1439932809350,"6,397",83% bullish,of 6 ratings,$2.125
ALGN,$60.5273,1439932809526,"229,275",100% bearish,of 2 ratings,$73
ALCO,$42.63,1439932809559,"5,524",50% bullish,of 2 ratings,N/A
ALIM,$3.7,1439932809614,"48,025",80% bullish,of 5 ratings,$10
ALKS,$67.67,1439932809656,"400,640",67% bullish,of 3 ratings,$75
ALGT,$228.84,1439932809682,"116,309",100% bearish,of 1 rating,$235
ALLB,$23.62,1439932809819,"3,163",Not yet rated,NULL,N/A
AIQ,$14.82,1439932809951,"5,120",67% bullish,of 3 ratings,N/A
ARLP,$24.68,1439932809997,"63,423",67% bearish,of 3 ratings,$32
AFOP,$18.55,1439932810082,"42,474",75% bullish,of 8 ratings,$21
AHPI,$1.44,1439932810129,323,50% bullish,of 2 ratings,N/A
AHGP,$36.04,1439932810158,"20,948",67% bullish,of 3 ratings,N/A
AMOT,$16.905,1439932810185,"37,023",100% bearish,of 1 rating,N/A
ALQA,$4.58,1439932810323,"11,069",75% bullish,of 4 ratings,$8.50
ALLT,$5.07,1439932810459,"121,658",75% bullish,of 4 ratings,$6.25
ALNY,$109.2,1439932810496,"398,800",67% bullish,of 3 ratings,$148.50
MDRX,$14.2,1439932810565,"1,025,809",60% bullish,of 5 ratings,$16
AOSL,$6.99,1439932810633,"71,894",67% bullish,of 3 ratings,$9
AFAM,$49.24,1439932810703,"36,689",50% bullish,of 2 ratings,$44
SMCP,NULL,1439932810729,0,Not yet rated,NULL,N/A
ATEC,$0.6,1439932810813,"126,781",100% bullish,of 1 rating,$2
ALTR,$48.95,1439932810886,"1,708,193",80% bearish,of 5 ratings,$54
ASPS,$30.66,1439932810946,"180,422",67% bullish,of 3 ratings,$46.50
AMAG,$63.54,1439932811019,"214,954",100% bullish,of 2 ratings,$75
AIMC,$26.22,1439932811188,"55,462",100% bearish,of 1 rating,$28.50
AMRK,$10.59,1439932811235,"17,448",50% bullish,of 2 ratings,$14
AYA,$23.07,1439932811260,"18,977",100% bearish,of 1 rating,$40
AMRN,$2.24,1439932811321,"576,911",85% bullish,of 39 ratings,$8
AMZN,$535.02,1439932811389,"1,182,571",81% bullish,of 262 ratings,$646
AMBC,$16.94,1439932811487,"215,178",100% bearish,of 1 rating,$16.50
AMBCW,$8.25,1439932811520,"2,300",100% bearish,of 1 rating,N/A
AMBA,$105.1,1439932811619,"859,730",83% bullish,of 12 ratings,$102.50
EPAX,$2.66,1439932811652,"515,108",100% bearish,of 1 rating,N/A
AMCX,$73.78,1439932811685,"585,953",67% bullish,of 3 ratings,$85.50
AMDA,$0.495,1439932811753,"735,563",90% bullish,of 10 ratings,$1
AMED,$45.51,1439932811847,"147,585",100% bearish,of 1 rating,$42
DOX,$60.47,1439932811883,"324,015",100% bullish,of 2 ratings,$60
ATAX,$5.29,1439932812097,"82,036",100% bullish,of 1 rating,$6.50
ASBI,$22.8,1439932812126,"4,007",Not yet rated,NULL,N/A
UHAL,$382.9,1439932812159,"16,046",100% bullish,of 2 ratings,$393.50
AMOV,$18.84,1439932812261,"3,919",100% bearish,of 1 rating,N/A
AGNCB,$24.19,1439932812327,"7,826",Not yet rated,NULL,N/A
AAL,$43.61,1439932812396,"3,835,776",93% bullish,of 87 ratings,$57
AGNC,$19.836,1439932812424,"1,897,172",75% bullish,of 28 ratings,$22
AGNCP,$25.31,1439932812482,"11,446",Not yet rated,NULL,N/A
MTGEP,$24.4,1439932812626,"2,305",Not yet rated,NULL,N/A
MTGE,$15.98,1439932812711,"230,066",75% bullish,of 4 ratings,$19.50
ANCI,$1.73,1439932812741,"1,318",100% bearish,of 1 rating,N/A
ACAS,$14.25,1439932812772,"602,747",60% bullish,of 5 ratings,$16.75
ACSF,$12.79,1439932812801,"28,999",100% bearish,of 1 rating,$15
AETI,$3.76,1439932812869,5,67% bearish,of 3 ratings,N/A
AMIC,NULL,1439932812899,0,Not yet rated,NULL,N/A
ANAT,$104.2691,1439932813102,"9,621",100% bullish,of 1 rating,N/A
AMNB,$23.29,1439932813171,"9,143",Not yet rated,NULL,$25.50
APEI,$22.17,1439932813199,"87,111",100% bearish,of 1 rating,$29
ARII,$40.21,1439932813230,"101,854",67% bearish,of 3 ratings,$45
AMRB,$10.08,1439932813336,"1,304",Not yet rated,NULL,$11
AMSWA,$9.33,1439932813363,"16,835",100% bearish,of 2 ratings,$10.75
ASEI,$39.11,1439932813389,"51,221",100% bearish,of 1 rating,$52.50
AMWD,$65.5879,1439932813521,"64,678",50% bullish,of 2 ratings,$58
AMSC,$3.95,1439932813567,"39,687",50% bullish,of 4 ratings,N/A
CRMT,$44.98,1439932813718,"13,137",100% bearish,of 1 rating,$49
AMSF,$50.72,1439932813749,"40,943",Not yet rated,NULL,$57.50
ABCB,$28.31,1439932813778,"66,286",Not yet rated,NULL,$30.50
ASRV,$3.3,1439932813856,"1,169",100% bullish,of 2 ratings,N/A
ASRVP,NULL,1439932813907,0,Not yet rated,NULL,N/A
AMGN,$167.72,1439932813984,"1,619,636",89% bullish,of 19 ratings,$185
ATLO,$24.25,1439932814014,"3,880",Not yet rated,NULL,N/A
FOLD,$16.31,1439932814117,"703,621",56% bullish,of 9 ratings,$21
AMKR,$4.28,1439932814180,"651,594",100% bearish,of 2 ratings,$5
AFSI,$63.4773,1439932814595,"409,083",60% bullish,of 5 ratings,$72
AMSGP,$161.75,1439932814628,48,Not yet rated,NULL,N/A
ASYS,$5.69,1439932814660,"22,218",67% bullish,of 3 ratings,$12
AMRS,$1.64,1439932814681,"68,560",70% bullish,of 10 ratings,N/A
AMSG,$85.04,1439932814724,"189,109",100% bearish,of 1 rating,$85.50
ANAC,$132.58,1439932814757,"312,953",80% bullish,of 5 ratings,$180.50
ANAD,$0.36,1439932814816,"603,753",100% bullish,of 2 ratings,$.50
AMPH,$14.61,1439932814842,"132,158",50% bullish,of 2 ratings,$20
ALOG,$83.72,1439932815038,"54,975",100% bearish,of 2 ratings,$100.50
ADI,$61.69,1439932815063,"2,337,045",67% bullish,of 3 ratings,$68
ABCW,$40.31,1439932815205,"7,455",67% bullish,of 3 ratings,N/A
AMCF,$0.27,1439932815337,"23,581",100% bullish,of 7 ratings,N/A
ANGI,$4.45,1439932815366,"715,549",64% bullish,of 11 ratings,$5.50
ANGO,$14.86,1439932815393,"52,298",67% bullish,of 3 ratings,$19
ANCB,$22.48,1439932815418,100,Not yet rated,NULL,$23
ANIP,$55.34,1439932815446,"201,277",89% bullish,of 19 ratings,$66
ANSS,$97.06,1439932815586,"265,931",100% bearish,of 1 rating,$100
ATRS,$1.88,1439932815674,"308,879",92% bullish,of 12 ratings,$4.50
ANIK,$36.08,1439932815701,"65,871",60% bullish,of 5 ratings,$51.25
ANTH,$9.21,1439932815748,"420,826",80% bullish,of 10 ratings,$13
ATNY,$2.36,1439932815831,"3,442",50% bullish,of 2 ratings,$3.75
ABAC,$0.9099,1439932815859,"3,000",100% bearish,of 1 rating,N/A
APIC,$7.74,1439932815899,"52,033",100% bearish,of 1 rating,$19
APOG,$54.08,1439932816003,"109,652",100% bullish,of 1 rating,$62
AINV,$6.65,1439932816135,"1,216,293",50% bullish,of 4 ratings,$8
APPF,$17.89,1439932816161,"49,495",50% bullish,of 2 ratings,$22
APOL,$11.62,1439932816214,"546,313",87% bearish,of 68 ratings,$14
AAPL,$116.603,1439932816244,"20,776,432",86% bullish,of 2333 ratings,$150
APDN,$3.3,1439932816346,"90,544",Not yet rated,NULL,$9
APDNW,$1.2,1439932816445,"7,500",Not yet rated,NULL,N/A
ARCI,$1.26,1439932816476,"10,564",Not yet rated,NULL,N/A
AMAT,$16.6,1439932816582,"8,881,536",82% bullish,of 11 ratings,$23
AMCC,$5.7,1439932816640,"691,398",80% bullish,of 5 ratings,$8
AAOI,$21.83,1439932816668,"177,334",50% bullish,of 4 ratings,$26
AGTC,$15.8,1439932816744,"110,203",50% bullish,of 2 ratings,$33
APRI,$1.14,1439932816841,"98,974",83% bullish,of 6 ratings,$4.86
AREX,$2.76,1439932816879,"379,644",100% bearish,of 1 rating,$3
AQXP,$18.14,1439932817033,"626,011",50% bullish,of 2 ratings,$2
AQMS,$5.5,1439932817114,"14,083",Not yet rated,NULL,N/A
APTO,$5.05,1439932817166,"6,227",Not yet rated,NULL,$17
AUMAU,$9.89,1439932817298,"1,124",Not yet rated,NULL,N/A
ARDM,$7.365,1439932817319,"1,200",100% bullish,of 1 rating,$26
AUMA,$9.8799,1439932817350,600,Not yet rated,NULL,N/A
AUMAW,NULL,1439932817402,0,Not yet rated,NULL,N/A
ABUS,$8.23,1439932817535,"286,254",86% bullish,of 14 ratings,$23
PETX,$17.05,1439932817578,"140,527",100% bearish,of 2 ratings,$26
ARCW,$3.775,1439932817606,"3,528",100% bearish,of 2 ratings,$10.50
ABIO,$0.91,1439932817666,"96,046",50% bullish,of 2 ratings,$3.75
RKDA,$5.72,1439932817740,"33,345",100% bearish,of 2 ratings,$10
ACGL,$73.8752,1439932817869,"208,564",50% bullish,of 2 ratings,$72
ACAT,$29.54,1439932817908,"113,460",100% bearish,of 3 ratings,$33
ARCB,$32.28,1439932818040,"94,465",50% bullish,of 2 ratings,$39.50
ARNA,$3.2,1439932818066,"1,577,445",90% bullish,of 77 ratings,$5.50
ARCC,$16,1439932818093,"547,412",67% bearish,of 3 ratings,$17.875
ARDX,$19.36,1439932818288,"190,716",50% bullish,of 2 ratings,$22
AGII,$58.66,1439932818316,"71,567",Not yet rated,NULL,$58
ARGS,$4.55,1439932818346,"9,294",50% bullish,of 2 ratings,$19.50
ARIS,$3.32,1439932818367,"6,466",Not yet rated,NULL,$4.50
ARIA,$7.33,1439932818558,"1,217,121",87% bullish,of 46 ratings,$9
AGIIL,$25.37,1439932818629,"13,743",Not yet rated,NULL,N/A
ARKR,NULL,1439932818739,0,50% bullish,of 2 ratings,N/A
ARWAR,NULL,1439932818766,0,Not yet rated,NULL,N/A
ARTX,$1.54,1439932818787,"76,707",88% bullish,of 16 ratings,$4.50
ARMH,$42.91,1439932818821,"1,956,489",54% bearish,of 13 ratings,$61
ARWAU,NULL,1439932818851,0,100% bullish,of 1 rating,N/A
ARWA,NULL,1439932818955,0,Not yet rated,NULL,N/A
ARWAW,NULL,1439932819115,0,Not yet rated,NULL,N/A
ARQL,$1.7,1439932819143,"29,538",75% bullish,of 4 ratings,$5
ARRY,$5.67,1439932819165,"680,185",100% bullish,of 7 ratings,$10
ARRS,$27.54,1439932819309,"299,953",50% bullish,of 2 ratings,$38
DWAT,$10.5199,1439932819371,200,100% bearish,of 1 rating,N/A
ARTNA,$22.37,1439932819399,"13,516",100% bearish,of 1 rating,$29
ARWR,$5.75,1439932819436,"790,014",75% bullish,of 4 ratings,$10.50
ARTW,$4.49,1439932819536,"2,800",75% bearish,of 4 ratings,N/A
AROW,$27.42,1439932819590,"10,657",Not yet rated,NULL,N/A
ASBB,NULL,1439932819616,0,Not yet rated,NULL,N/A
ASND,$17.97,1439932819695,"23,324",100% bullish,of 1 rating,$30
ASNA,$12.35,1439932819836,"877,875",50% bullish,of 2 ratings,$18
ASCMA,$28.26,1439932820007,"87,936",100% bearish,of 1 rating,$45
ASMI,$38.86,1439932820045,"1,128",50% bullish,of 2 ratings,N/A
ASTI,$0.1533,1439932820067,"1,326,263",83% bullish,of 6 ratings,$3
AZPN,$39.21,1439932820097,"631,348",50% bullish,of 2 ratings,$42
ASMB,$13.65,1439932820134,"47,014",67% bullish,of 3 ratings,N/A
APWC,$2.07,1439932820162,200,100% bearish,of 1 rating,N/A
ASML,$93,1439932820183,"687,255",67% bullish,of 3 ratings,$127
ASTE,$37.92,1439932820463,"30,473",100% bearish,of 1 rating,$48
ATRO,$57.38,1439932820489,"82,450",100% bearish,of 2 ratings,$80
ASFI,$9.03,1439932820519,"3,275",100% bullish,of 1 rating,N/A
ALOT,$13.89,1439932820619,103,100% bearish,of 1 rating,N/A
ASTC,$2.4,1439932820678,"13,690",100% bullish,of 5 ratings,N/A
ASUR,$5.88,1439932820704,"1,030",Not yet rated,NULL,$8
ATAI,$3.03,1439932820751,"2,360",100% bearish,of 1 rating,N/A
ATRA,$49.52,1439932820882,"115,225",50% bullish,of 2 ratings,$68
AFCB,NULL,1439932821020,0,Not yet rated,NULL,N/A
ATHN,$139.04,1439932821052,"152,935",67% bearish,of 3 ratings,$153
ATHX,$1.2,1439932821083,"109,905",89% bullish,of 9 ratings,$5
AAPC,$10.18,1439932821108,28,Not yet rated,NULL,N/A
AAME,$3.53,1439932821151,"3,000",Not yet rated,NULL,N/A
ACFC,$6.54,1439932821181,"48,096",Not yet rated,NULL,$6.50
ATNI,$74.52,1439932821280,"36,775",100% bearish,of 1 rating,$69.50
ATLC,$3.95,1439932821328,"6,082",67% bullish,of 3 ratings,N/A
ATML,$7.75,1439932821500,"4,974,225",78% bullish,of 9 ratings,$9.50
AFH,$17.1,1439932821578,"36,319",Not yet rated,NULL,$21.50
AAWW,$45.2,1439932821611,"160,404",50% bullish,of 2 ratings,$65
ATOS,$0.948,1439932821632,"254,076",100% bullish,of 7 ratings,$7
ATRC,$27.44,1439932821667,"63,689",100% bullish,of 1 rating,$30
ATRI,$399.88,1439932821707,"2,111",Not yet rated,NULL,N/A
ATRM,$2.8501,1439932821760,600,50% bullish,of 2 ratings,N/A
ATTU,$15.38,1439932821918,"56,739",100% bearish,of 1 rating,$20.50
LIFE,$15.11,1439932821985,"33,914",86% bullish,of 7 ratings,$43
AUBN,$27,1439932822050,250,Not yet rated,NULL,N/A
AUDC,$3.34,1439932822078,"54,169",80% bullish,of 5 ratings,$5
AUPH,$3.5,1439932822130,"17,024",100% bearish,of 1 rating,$8
EARS,$5.02,1439932822159,"6,040",100% bearish,of 2 ratings,$12
ADAT,$0.1201,1439932822214,"35,392",100% bullish,of 2 ratings,N/A
ADSK,$54.59,1439932822347,"722,613",83% bullish,of 6 ratings,$69.50
ABTL,$19,1439932822372,"46,887",100% bullish,of 4 ratings,$20.25
ADP,$84.69,1439932822539,"1,790,517",100% bearish,of 1 rating,$88
AAVL,$11.05,1439932822565,"429,820",100% bearish,of 1 rating,$20
AVGO,$123.29,1439932822591,"1,179,868",88% bullish,of 8 ratings,$160
AVNU,$13,1439932822722,"227,766",Not yet rated,NULL,$14
AVEO,$1.56,1439932822753,"2,521,137",75% bullish,of 8 ratings,$3
AVNW,$1.14,1439932822791,"14,863",50% bullish,of 2 ratings,$2.20
AVID,$8.61,1439932822852,"303,064",100% bearish,of 1 rating,$20
AWRE,$3.32,1439932822932,"7,944",67% bullish,of 3 ratings,N/A
AVGR,$15.5,1439932822964,"16,630",100% bearish,of 1 rating,$20
CAR,$46.51,1439932823060,"1,344,272",80% bullish,of 5 ratings,$60
AXPWW,NULL,1439932823210,0,Not yet rated,NULL,N/A
ACLS,$3.18,1439932823236,"361,051",67% bullish,of 6 ratings,$4.75
AXPW,$1.19,1439932823257,"141,212",83% bullish,of 6 ratings,N/A
AXGN,$3.92,1439932823288,"15,325",Not yet rated,NULL,$5
AXTI,$2.21,1439932823425,"46,442",50% bullish,of 2 ratings,$2.75
BCOM,$20,1439932823558,157,100% bearish,of 1 rating,N/A
BEAV,$51.15,1439932823589,"391,473",67% bearish,of 3 ratings,$59
RILY,$10,1439932823616,"3,498",Not yet rated,NULL,N/A
BIDU,$166.1,1439932823797,"2,367,062",81% bullish,of 88 ratings,$215
BOSC,$2.32,1439932823824,"2,180",50% bullish,of 2 ratings,N/A
BWINB,$23.17,1439932823846,"3,218",Not yet rated,NULL,N/A
BCPC,$60.7,1439932823884,"102,340",100% bearish,of 1 rating,$75
BWINA,$23.35,1439932823982,"1,421",Not yet rated,NULL,N/A
BLDP,$1.34,1439932824019,"97,195",91% bullish,of 22 ratings,$2.50
BANF,$63.48,1439932824148,"14,813",Not yet rated,NULL,$68
BANFP,NULL,1439932824204,0,Not yet rated,NULL,N/A
BOCH,$5.83,1439932824346,"20,054",Not yet rated,NULL,$6.50
BKMU,$7.25,1439932824398,"44,494",Not yet rated,NULL,$8
BKSC,$16,1439932824434,"2,881",Not yet rated,NULL,N/A
BMRC,$48.71,1439932824465,"6,645",Not yet rated,NULL,$52
BOTJ,$11.49,1439932824533,"1,315",Not yet rated,NULL,N/A
OZRK,$43.41,1439932824569,"229,640",67% bullish,of 3 ratings,$49.50
BFIN,$12.12,1439932824590,"17,211",Not yet rated,NULL,$13
BWFG,NULL,1439932824684,0,100% bearish,of 1 rating,N/A
BZUN,$7.87,1439932824814,"160,967",50% bullish,of 2 ratings,$13.85
BANR,$47.38,1439932824840,"32,486",100% bullish,of 3 ratings,$50
TAPR,$31.97,1439932824872,"3,387",100% bearish,of 1 rating,N/A
BHAC,NULL,1439932824896,0,Not yet rated,NULL,N/A
BHACR,NULL,1439932825085,0,Not yet rated,NULL,N/A
BHACW,$0.1208,1439932825142,800,Not yet rated,NULL,N/A
BHACU,$10.15,1439932825170,"3,591",Not yet rated,NULL,N/A
BYLK,$12.92,1439932825298,"42,964",Not yet rated,NULL,$14
BSET,$31.23,1439932825327,"45,850",100% bearish,of 1 rating,$35
BBSI,$37.23,1439932825358,"48,622",67% bearish,of 3 ratings,$62.50
BYBK,$5,1439932825381,"33,405",100% bearish,of 1 rating,N/A
BV,$5.3,1439932825465,"271,500",67% bullish,of 6 ratings,$9
BCBP,$11.74,1439932825603,"2,576",Not yet rated,NULL,N/A
BDCV,$5,1439932825661,"23,780",100% bearish,of 1 rating,$10.19
BECN,$35.9143,1439932825702,"153,100",50% bullish,of 2 ratings,$40
BBCN,$15.64,1439932825765,"191,900",100% bearish,of 1 rating,$16
BSF,$9.26,1439932825849,"12,366",Not yet rated,NULL,N/A
BEBE,$1.8,1439932825874,"49,111",75% bullish,of 4 ratings,$3.075
BBGI,$5,1439932825902,2,100% bearish,of 1 rating,N/A
BBBY,$63.51,1439932826042,"909,689",71% bullish,of 7 ratings,$75
BLPH,$4.88,1439932826179,"92,819",100% bearish,of 1 rating,$12.50
BELFA,$17.36,1439932826209,795,100% bearish,of 1 rating,N/A
BELFB,$20.04,1439932826267,"8,553",100% bearish,of 1 rating,N/A
BNTC,$7.97,1439932826310,"429,067",100% bullish,of 1 rating,N/A
BNCL,$13.05,1439932826373,"214,340",100% bullish,of 3 ratings,$12.50
BNFT,$39.65,1439932826400,"63,286",67% bullish,of 3 ratings,$46
BLCM,$18.63,1439932826441,"170,273",50% bullish,of 4 ratings,$40
BIND,$4.48,1439932826673,"24,828",67% bullish,of 3 ratings,$13.50
BGMD,$0.88,1439932826707,"183,159",100% bullish,of 10 ratings,N/A
BASI,$1.54,1439932826775,"21,301",Not yet rated,NULL,N/A
BGFV,$11.18,1439932826800,"50,003",57% bullish,of 7 ratings,$12
ORPN,$5.7,1439932826830,"17,780",100% bullish,of 1 rating,$28.50
BGCP,$9.65,1439932826860,"877,306",88% bullish,of 8 ratings,$14
BCDA,NULL,1439932826928,0,Not yet rated,NULL,N/A
BIOC,$1.98,1439932827025,"215,291",83% bullish,of 6 ratings,$3.70
BDSI,$6.79,1439932827183,"585,765",88% bullish,of 8 ratings,$17
BCRX,$11.87,1439932827215,"421,892",63% bullish,of 8 ratings,$18
BIOD,$0.7,1439932827252,"176,807",80% bullish,of 5 ratings,$4
BIIB,$312,1439932827278,"667,944",88% bullish,of 16 ratings,$400
BLFS,$2.15,1439932827686,"69,292",100% bearish,of 1 rating,$4.75
BLRX,$1.58,1439932827759,"116,850",100% bullish,of 12 ratings,$5
BMRN,$137.23,1439932827828,"329,548",80% bullish,of 5 ratings,$160
BIOL,$1.61,1439932827859,"33,890",Not yet rated,NULL,N/A
BVXV,$4.1,1439932827961,"3,723",Not yet rated,NULL,N/A
BVXVW,NULL,1439932827986,0,100% bearish,of 1 rating,N/A
BPTH,$1.13,1439932828119,"34,084",100% bullish,of 2 ratings,$5
BBP,$34.49,1439932828190,"25,913",Not yet rated,NULL,N/A
BBC,$32.59,1439932828219,"38,710",Not yet rated,NULL,N/A
BIOS,$1.54,1439932828248,"821,949",71% bullish,of 7 ratings,$4
BRLI,$34.95,1439932828289,"208,996",83% bullish,of 6 ratings,N/A
BSTC,$53.05,1439932828316,"79,469",100% bearish,of 1 rating,$76
BSPM,$0.7,1439932828382,"16,193",50% bullish,of 2 ratings,N/A
BOTA,$2.31,1439932828411,"38,911",88% bullish,of 8 ratings,N/A
BEAT,$12.22,1439932828555,"162,350",67% bearish,of 3 ratings,$15
TECH,$105.8027,1439932828610,"129,957",100% bullish,of 1 rating,$117
BBOX,$15.54,1439932828831,"43,362",100% bearish,of 1 rating,N/A
BDMS,NULL,1439932828861,0,100% bearish,of 1 rating,N/A
BITI,$19.15,1439932828888,"7,014",100% bullish,of 1 rating,$28
BJRI,$46.39,1439932828917,"165,818",50% bullish,of 2 ratings,$55
BBRY,$7.56,1439932828962,"1,845,305",61% bullish,of 330 ratings,$9
BDE,$7.5,1439932829022,"160,592",50% bullish,of 2 ratings,$9
BLKB,$62.58,1439932829048,"86,438",100% bearish,of 2 ratings,$66
BKCC,$9.49,1439932829094,"138,852",100% bullish,of 2 ratings,$10
ADRA,$28.66,1439932829226,700,Not yet rated,NULL,N/A
HAWK,$44.88,1439932829256,"329,648",90% bullish,of 10 ratings,$49
ADRE,$31.38,1439932829297,"4,618",Not yet rated,NULL,N/A
ADRD,$23.3701,1439932829324,"1,317",100% bearish,of 1 rating,N/A
BLMN,$21.73,1439932829461,"677,474",83% bullish,of 6 ratings,$27.50
ADRU,NULL,1439932829489,0,100% bearish,of 1 rating,N/A
BCOR,$13.73,1439932829662,"195,338",57% bullish,of 7 ratings,$15
BLBD,$12.96,1439932829740,"9,048",Not yet rated,NULL,N/A
BUFF,$27.22,1439932829767,"374,402",83% bullish,of 12 ratings,$33
BBLU,$0.825,1439932829793,"198,979",100% bullish,of 2 ratings,$4.43
BLUE,$129.61,1439932829924,"304,415",86% bullish,of 7 ratings,$217.50
BHBK,$14.37,1439932829951,"53,161",100% bullish,of 1 rating,$14.50
NILE,$34.91,1439932830014,"53,212",50% bullish,of 2 ratings,$34
BPMC,$28.62,1439932830082,"106,784",50% bullish,of 2 ratings,$47.50
BKEP,$6.99,1439932830115,"16,738",100% bearish,of 1 rating,$8.50
BNCN,$22,1439932830217,"53,168",Not yet rated,NULL,$23
BKEPP,$7.88,1439932830247,"6,127",100% bearish,of 1 rating,N/A
BOFI,$131.04,1439932830381,"81,178",100% bullish,of 6 ratings,$137.50
BOBE,$45.92,1439932830412,"77,172",75% bullish,of 4 ratings,$57
WIFI,$8.76,1439932830513,"298,086",50% bullish,of 2 ratings,$13.50
BOJA,$22.15,1439932830569,"131,834",100% bullish,of 1 rating,$30
BOKF,$65.9568,1439932830596,"87,343",100% bearish,of 1 rating,$71
BNSO,$1.35,1439932830753,"8,900",100% bearish,of 1 rating,N/A
BONA,$12.15,1439932830784,"228,376",75% bullish,of 4 ratings,$8.50
BPFH,$12.54,1439932830858,"179,589",100% bearish,of 1 rating,$14
BAMM,$3.2,1439932830885,"20,088",60% bullish,of 5 ratings,N/A
BPFHW,NULL,1439932830919,0,100% bearish,of 1 rating,N/A
EPAY,$26.62,1439932831015,"86,772",100% bearish,of 2 ratings,$30
BPFHP,$25.31,1439932831065,"2,050",100% bearish,of 1 rating,N/A
BCLI,$3.32,1439932831158,"222,085",80% bullish,of 5 ratings,$12
BDBD,$8.8,1439932831199,"489,273",60% bullish,of 5 ratings,$10
BBEPP,$13.89,1439932831293,"25,583",100% bearish,of 1 rating,N/A
BBRG,$13.22,1439932831357,"42,498",67% bullish,of 3 ratings,$14.50
BBEP,$2.54,1439932831429,"1,746,695",69% bullish,of 13 ratings,$5.625
BDGE,$27.93,1439932831456,"15,318",Not yet rated,NULL,$31.75
BLIN,$1.35,1439932831611,"8,040",50% bullish,of 2 ratings,$2.80
BRID,$8.84,1439932831687,"7,776",100% bearish,of 1 rating,N/A
BCOV,$5.52,1439932831764,"57,424",67% bullish,of 3 ratings,$10.20
BYFC,$1.45,1439932831795,320,50% bullish,of 2 ratings,N/A
BVSN,$5.98,1439932831824,"5,679",60% bearish,of 5 ratings,N/A
BSFT,$33.83,1439932831896,"96,212",57% bullish,of 7 ratings,$40.50
BRCM,$51.12,1439932831964,"1,316,429",75% bullish,of 12 ratings,$56
BWEN,$3.53,1439932832029,"29,061",100% bullish,of 3 ratings,$8
BRCD,$10,1439932832054,"1,780,505",92% bullish,of 13 ratings,$12.50
BRKS,$10.54,1439932832234,"148,165",67% bullish,of 3 ratings,$15.25
BRKL,$10.9,1439932832260,"240,900",100% bearish,of 1 rating,$10.75
BMTC,$30.03,1439932832320,"41,101",Not yet rated,NULL,$34
BRKR,$20.1224,1439932832425,"249,992",100% bearish,of 2 ratings,$22
BSQR,$6.86,1439932832559,"113,595",67% bullish,of 3 ratings,N/A
BWLD,$196.02,1439932832591,"149,234",82% bullish,of 11 ratings,$205
BLMT,$21.18,1439932832621,"6,321",Not yet rated,NULL,N/A
BLDR,$14.9318,1439932832643,"938,128",50% bullish,of 2 ratings,$22
BUR,$2,1439932832688,"2,700",100% bearish,of 1 rating,$8
CFFI,NULL,1439932832719,0,100% bearish,of 1 rating,N/A
CHRW,$69.75,1439932832865,"730,775",Not yet rated,NULL,$72
CA,$29.53,1439932832904,"1,177,720",50% bullish,of 4 ratings,$33
CCMP,$44.79,1439932833004,"74,228",50% bullish,of 2 ratings,$59
CDNS,$21.62,1439932833030,"1,217,388",75% bullish,of 4 ratings,$22.50
CACQ,$7.08,1439932833108,"24,686",100% bearish,of 1 rating,$12.25
CDZI,$7.52,1439932833206,"18,445",100% bearish,of 1 rating,N/A
CSTE,$48.04,1439932833266,"688,642",100% bearish,of 1 rating,$65
CZR,$7.3,1439932833519,"809,010",60% bearish,of 5 ratings,$10.50
CHY,$11.97,1439932833559,"198,193",Not yet rated,NULL,N/A
CLBS,$1.4,1439932833581,"51,349",79% bullish,of 14 ratings,$4
CHI,$11.09,1439932833622,"201,041",100% bearish,of 1 rating,N/A
PRSS,$4.67,1439932833648,"4,756",80% bullish,of 5 ratings,$4.50
CHW,$8.07,1439932833673,"134,272",100% bearish,of 1 rating,N/A
CLMS,$11.84,1439932833709,"36,813",Not yet rated,NULL,$10.50
CFGE,$11.15,1439932833734,12,Not yet rated,NULL,N/A
CCD,$21.29,1439932833897,"89,283",Not yet rated,NULL,N/A
CGO,$12.66,1439932834029,"13,648",100% bearish,of 1 rating,N/A
CSQ,$10.57,1439932834055,"314,742",Not yet rated,NULL,N/A
CFNB,NULL,1439932834202,0,100% bearish,of 1 rating,N/A
CAMP,$16.37,1439932834246,"166,275",86% bullish,of 7 ratings,$25
CVGW,$54.3,1439932834332,"30,261",50% bullish,of 2 ratings,$58.50
CLMT,$26.62,1439932834377,"101,059",75% bullish,of 8 ratings,$31
CALD,$16.17,1439932834405,"126,315",100% bearish,of 1 rating,$20.50
CALA,$5.58,1439932834434,"274,532",100% bullish,of 3 ratings,$19.50
ABCD,$4.65,1439932834465,"44,053",83% bullish,of 6 ratings,N/A
CALM,$51.7,1439932834491,"286,229",80% bullish,of 5 ratings,$65
CAMB,NULL,1439932834568,0,Not yet rated,NULL,N/A
CAMBU,NULL,1439932834708,0,100% bearish,of 1 rating,N/A
CAMBW,NULL,1439932834804,0,Not yet rated,NULL,N/A
CAC,$40.04,1439932834892,"4,304",Not yet rated,NULL,N/A
CAMT,$2.91,1439932834917,"14,274",73% bullish,of 11 ratings,$4
CSIQ,$22.95,1439932835065,"1,733,896",86% bullish,of 28 ratings,$45
CPHC,$10.61,1439932835098,729,100% bearish,of 1 rating,N/A
CGIX,$10.6,1439932835163,"16,555",67% bullish,of 3 ratings,$14.375
CBF,$30.58,1439932835194,"32,864",Not yet rated,NULL,$32
CBNJ,$10.96,1439932835298,"14,733",100% bullish,of 1 rating,N/A
CPLA,$49.27,1439932835367,"49,501",50% bullish,of 2 ratings,$65
CPLP,$7.1,1439932835404,"218,857",71% bullish,of 7 ratings,$11
CCBG,$15.01,1439932835447,"4,412",Not yet rated,NULL,$17.25
CSWC,$49.17,1439932835500,"4,954",Not yet rated,NULL,N/A
CPTA,$14.88,1439932835552,"74,746",Not yet rated,NULL,$18.50
CFFN,$12.18,1439932835580,"369,685",Not yet rated,NULL,$12.75
CAPN,$2.63,1439932835629,"656,097",100% bullish,of 1 rating,$10.85
CAPNW,$0.7699,1439932835905,100,Not yet rated,NULL,N/A
CAPR,$4.28,1439932835933,"29,087",Not yet rated,NULL,$12
CBYL,$6.53,1439932836298,"18,258",100% bearish,of 1 rating,$20
CPST,$0.403,1439932836330,"529,841",95% bullish,of 22 ratings,$1
CARB,$11.51,1439932836363,"91,043",75% bullish,of 4 ratings,$12
CFNL,$23.53,1439932836393,"109,024",Not yet rated,NULL,$24
CARA,$21.49,1439932836423,"130,769",50% bullish,of 4 ratings,$27.50
CRDC,$0.38,1439932836444,"103,481",100% bullish,of 1 rating,$1.25
CSII,$24.15,1439932836479,"193,761",100% bearish,of 2 ratings,$42.125
CRME,$9.78,1439932836501,"9,129",89% bullish,of 9 ratings,$11.25
CATM,$35.25,1439932836761,"238,997",100% bearish,of 1 rating,$44
CECO,$3.75,1439932836789,"238,656",67% bearish,of 3 ratings,$6
CDNA,$6.35,1439932836827,"4,036",100% bearish,of 1 rating,$9
CKEC,$23.4,1439932836961,"99,302",50% bullish,of 2 ratings,$35.915
CTRE,$11.7477,1439932837013,"492,927",50% bullish,of 2 ratings,N/A
CARO,$15.45,1439932837144,"1,955",100% bearish,of 1 rating,$19
CLBH,NULL,1439932837170,0,Not yet rated,NULL,$16.50
CART,$5.49,1439932837191,500,100% bearish,of 1 rating,N/A
CRZO,$35.27,1439932837222,"526,359",67% bearish,of 3 ratings,$57
CRTN,$2.76,1439932837243,"2,059",100% bearish,of 1 rating,N/A
TAST,$12.89,1439932837381,"125,230",Not yet rated,NULL,$14.25
CARV,$5.99,1439932837458,100,50% bullish,of 2 ratings,N/A
CASM,$1.11,1439932837521,"29,170",100% bullish,of 1 rating,$3.50
CWST,$6.4,1439932837622,"119,664",50% bullish,of 2 ratings,$7
CSCD,$14.01,1439932837650,"92,520",100% bullish,of 2 ratings,$17
CACB,$5.51,1439932837676,"33,474",Not yet rated,NULL,$5.50
CASI,$1.44,1439932837914,"2,400",100% bullish,of 1 rating,$3.50
CASY,$107.62,1439932837954,"338,335",50% bullish,of 2 ratings,$99.50
CASS,$50.78,1439932837986,"10,862",100% bearish,of 1 rating,N/A
CPRX,$4.07,1439932838016,"287,428",71% bullish,of 7 ratings,$7
CATY,$32.02,1439932838085,"272,244",100% bearish,of 1 rating,$33.50
CATB,$11.89,1439932838116,"30,545",100% bearish,of 1 rating,$28
CAVM,$72.46,1439932838147,"469,743",67% bearish,of 3 ratings,$72
CATYW,NULL,1439932838168,0,100% bearish,of 1 rating,N/A
CBFV,NULL,1439932838322,0,Not yet rated,NULL,N/A
CNLM,NULL,1439932838351,0,Not yet rated,NULL,N/A
CVCO,$74.4389,1439932838451,"22,131",100% bearish,of 1 rating,N/A
CNLMR,NULL,1439932838590,0,Not yet rated,NULL,N/A
CNLMU,NULL,1439932838616,0,100% bullish,of 1 rating,N/A
CNLMW,NULL,1439932838769,0,Not yet rated,NULL,N/A
CDK,$49.89,1439932838852,"429,901",67% bearish,of 3 ratings,$50
CPXX,$2.2,1439932838904,"104,493",100% bullish,of 2 ratings,$7
CDW,$39.45,1439932838935,"512,115",75% bullish,of 4 ratings,$44
CBOE,$64.1872,1439932838957,"234,406",Not yet rated,NULL,$60
CECE,$10.27,1439932838989,"43,277",50% bullish,of 2 ratings,$16
CELG,$130.2,1439932839039,"1,811,283",92% bullish,of 13 ratings,$155.50
CELGZ,$1.98,1439932839136,"15,391",80% bullish,of 5 ratings,N/A
CLRB,$3.14,1439932839342,"7,596",100% bearish,of 1 rating,N/A
CLDX,$15.71,1439932839368,"1,013,181",89% bullish,of 9 ratings,$36
CLDN,$1.08,1439932839420,"117,910",71% bullish,of 7 ratings,$3
CLLS,$32.98,1439932839590,"50,355",75% bullish,of 4 ratings,$51.50
CLRBW,NULL,1439932839615,0,Not yet rated,NULL,N/A
CLSN,$2.19,1439932839644,"50,653",80% bullish,of 10 ratings,$7.50
CLTX,$1.02,1439932839776,"2,210,395",100% bullish,of 2 ratings,N/A
CYAD,$57.26,1439932839802,119,100% bullish,of 1 rating,$87.50
CEMP,$36.78,1439932839823,"307,899",71% bullish,of 7 ratings,$48.50
CETX,$2.5,1439932839861,"11,700",Not yet rated,NULL,$5.60
CBMG,$22.46,1439932839883,"69,065",50% bullish,of 2 ratings,N/A
CETV,$2.2,1439932840026,"43,208",67% bullish,of 3 ratings,$2.80
CSFL,$14.25,1439932840095,"60,828",Not yet rated,NULL,$15
CFBK,NULL,1439932840126,0,Not yet rated,NULL,N/A
CENT,$11.98,1439932840261,"52,445",Not yet rated,NULL,$10
CENTA,$12.58,1439932840287,"108,605",Not yet rated,NULL,N/A
CVCY,$11.14,1439932840480,277,Not yet rated,NULL,$12
CENX,$5.32,1439932840508,"3,150,721",67% bullish,of 6 ratings,$9
CNTY,$6.36,1439932840553,"17,541",80% bullish,of 5 ratings,$7.75
CPHD,$51.35,1439932840578,"397,691",50% bullish,of 2 ratings,$66.50
CNBKA,$41.38,1439932840656,"2,189",100% bullish,of 1 rating,N/A
CRNT,$1.5,1439932840743,"253,915",50% bullish,of 2 ratings,$2
CERN,$65.6,1439932840775,"1,545,594",67% bullish,of 3 ratings,$79
CERE,$1.52,1439932840805,"315,593",88% bullish,of 8 ratings,N/A
CERU,$3.53,1439932840903,"27,390",75% bullish,of 4 ratings,$15
KOOL,$0.7,1439932841007,"5,638",100% bullish,of 5 ratings,$7
CERS,$5.09,1439932841034,"587,168",75% bullish,of 4 ratings,$7
CEVA,$19.52,1439932841164,"86,325",100% bearish,of 1 rating,$25
CYOU,$20.14,1439932841406,"131,216",50% bullish,of 6 ratings,$24
HOTR,$1.48,1439932841436,"102,314",100% bullish,of 2 ratings,$5
HOTRW,NULL,1439932841472,0,Not yet rated,NULL,N/A
CHKP,$82.54,1439932841537,"778,012",50% bullish,of 4 ratings,$92
CTHR,$1.21,1439932841568,"1,202",50% bullish,of 2 ratings,$2.50
GTLS,$24.54,1439932841599,"197,939",50% bullish,of 4 ratings,$40
CHFN,$12.48,1439932841632,"14,939",Not yet rated,NULL,$14
CHTR,$188.81,1439932841667,"718,875",100% bearish,of 2 ratings,$196
CHEK,$3.11,1439932841800,"1,902",Not yet rated,NULL,$7.75
CHEKW,NULL,1439932841861,0,Not yet rated,NULL,N/A
CHFC,$32.73,1439932841973,"26,352",100% bearish,of 1 rating,$36
CEMI,$4.6,1439932842079,"8,704",50% bullish,of 2 ratings,$7.50
CCXI,$7.03,1439932842110,"89,584",67% bullish,of 3 ratings,$14
CHMG,$26.6,1439932842136,"5,140",Not yet rated,NULL,$30
CHKE,$27.3,1439932842213,"23,814",100% bearish,of 1 rating,$32.50
CHMA,$26.63,1439932842301,"98,506",Not yet rated,NULL,$40
CADC,$3.4,1439932842647,"2,273",78% bullish,of 9 ratings,N/A
PLCE,$61.18,1439932842682,"197,159",100% bearish,of 1 rating,$71
CBNK,NULL,1439932842710,0,100% bearish,of 1 rating,N/A
CAAS,$6.8,1439932842731,"12,921",93% bullish,of 14 ratings,$11.50
CMRX,$52.51,1439932842768,"238,595",50% bullish,of 2 ratings,$57
CHEV,$14.7,1439932842797,"8,759",Not yet rated,NULL,N/A
CBAK,$2.27,1439932842827,"12,404",67% bullish,of 9 ratings,N/A
CALI,$0.99,1439932842902,"262,555",67% bullish,of 3 ratings,N/A
CCCL,$0.96,1439932843155,"46,807",100% bullish,of 6 ratings,N/A
CBPO,$110.18,1439932843185,"138,859",75% bullish,of 8 ratings,$140.50
CCCR,$0.69,1439932843283,"22,729",67% bearish,of 3 ratings,N/A
CHOP,$1.28,1439932843316,"7,748",50% bullish,of 2 ratings,N/A
CJJD,$2.05,1439932843346,"169,493",100% bullish,of 1 rating,N/A
HTHT,$26.22,1439932843375,"228,871",50% bullish,of 2 ratings,$28
CNIT,$1.73,1439932843453,"94,735",67% bullish,of 6 ratings,N/A
HGSH,$1.98,1439932843507,"3,100",67% bullish,of 3 ratings,N/A
CHLN,$1.61,1439932843586,"5,645",67% bullish,of 3 ratings,N/A
JRJC,$4.41,1439932843618,"93,993",82% bullish,of 11 ratings,N/A
CREG,$0.8,1439932843721,"10,301",100% bullish,of 3 ratings,N/A
CPGI,$6.77,1439932843750,"5,087",Not yet rated,NULL,N/A
CHNR,$2.05,1439932843826,"2,766",100% bearish,of 1 rating,N/A
CSUN,$1.53,1439932843886,681,80% bullish,of 5 ratings,N/A
CNTF,$0.9301,1439932843958,"51,336",Not yet rated,NULL,N/A
CXDC,$6.22,1439932844161,"25,260",67% bullish,of 3 ratings,N/A
CNET,$0.7901,1439932844257,"39,851",50% bullish,of 2 ratings,N/A
CHSCM,$26.25,1439932844287,"37,580",Not yet rated,NULL,N/A
CNYD,$3.16,1439932844317,"1,200",67% bullish,of 3 ratings,N/A
IMOS,$15.77,1439932844338,"115,720",60% bullish,of 5 ratings,$21.50
CCIH,$9.82,1439932844371,"66,490",67% bullish,of 6 ratings,$12.65
CHSCL,$27.1,1439932844392,"28,882",Not yet rated,NULL,N/A
CHSCN,$27.44,1439932844631,"11,971",Not yet rated,NULL,N/A
CHSCP,$30.53,1439932844657,"1,640",Not yet rated,NULL,N/A
CHSCO,$28.45,1439932844688,"7,853",Not yet rated,NULL,N/A
CHDN,$138.56,1439932844787,"57,234",Not yet rated,NULL,$165
CDTX,$14.28,1439932844815,"25,711",Not yet rated,NULL,$22
CHUY,$32.54,1439932844840,"110,562",50% bullish,of 2 ratings,$34
CTAS,$88.86,1439932845114,"344,945",100% bearish,of 1 rating,$91
CMPR,$70.87,1439932845144,"203,824",50% bullish,of 2 ratings,$72.50
CMCT,$15.175,1439932845176,"1,587",100% bearish,of 1 rating,N/A
CINF,$56.89,1439932845213,"285,787",50% bullish,of 4 ratings,$50.50
CIDM,$0.6798,1439932845239,"141,264",50% bullish,of 2 ratings,$2.10
CIFC,$7.27,1439932845272,"2,884",Not yet rated,NULL,N/A
CPHR,$7,1439932845304,"4,336",100% bearish,of 1 rating,$16
CRUS,$29.14,1439932845333,"732,408",75% bullish,of 12 ratings,$44.50
CSCO,$28.25,1439932845461,"23,368,974",84% bullish,of 208 ratings,$32
CTRN,$22.74,1439932845626,"122,096",100% bearish,of 1 rating,$29.50
CIZN,$19.5001,1439932845810,201,Not yet rated,NULL,N/A
CHCO,$48.25,1439932845840,"21,828",Not yet rated,NULL,$46
CZNC,$20.03,1439932845869,"11,555",Not yet rated,NULL,N/A
CTXS,$78.09,1439932845896,"860,845",86% bullish,of 7 ratings,$80
CZWI,$9.1,1439932845942,"1,200",Not yet rated,NULL,N/A
CZFC,NULL,1439932846047,0,Not yet rated,NULL,N/A
CDTI,$1.77,1439932846077,"93,314",75% bullish,of 4 ratings,$3.20
CIVBP,NULL,1439932846107,0,Not yet rated,NULL,N/A
CLNT,$2.01,1439932846211,"1,299",75% bullish,of 8 ratings,N/A
CLNE,$4.57,1439932846239,"850,445",80% bullish,of 15 ratings,$9
CIVB,$10.32,1439932846279,"1,450",Not yet rated,NULL,$11
CLFD,$18.16,1439932846420,"19,038",67% bullish,of 3 ratings,$18
CLIR,$5.33,1439932846449,"40,661",100% bullish,of 3 ratings,N/A
CLRO,$11.78,1439932846471,"7,460",50% bullish,of 2 ratings,$14.25
CBLI,$3.72,1439932846628,"16,259",60% bullish,of 5 ratings,N/A
CSBK,$13.97,1439932846694,"38,369",Not yet rated,NULL,N/A
CME,$98.29,1439932846865,"627,355",67% bullish,of 3 ratings,$102
CISG,$8.39,1439932846896,"82,877",100% bullish,of 5 ratings,$10
CLVS,$79.56,1439932846929,"219,022",60% bullish,of 5 ratings,$101.50
CMFN,$11.67,1439932846950,"18,158",100% bearish,of 1 rating,$15.50
CNV,$4.79,1439932846993,"13,501",50% bullish,of 2 ratings,$7.15
CWAY,$11.51,1439932847024,200,Not yet rated,NULL,N/A
CCNE,$17.36,1439932847084,"10,045",50% bullish,of 2 ratings,$21.50
COBZ,$13.13,1439932847110,"34,452",100% bullish,of 1 rating,$14
CDXS,$4.04,1439932847366,"78,243",64% bullish,of 11 ratings,$6
CDRB,$12.98,1439932847392,"15,939",67% bullish,of 3 ratings,N/A
COKE,$164.7,1439932847441,"22,020",79% bullish,of 19 ratings,N/A
CVLY,$20.83,1439932847522,272,Not yet rated,NULL,N/A
JVA,$4.72,1439932847661,"11,260",83% bullish,of 6 ratings,$7
CCOI,$29.18,1439932847689,"427,399",50% bullish,of 4 ratings,$35
CTSH,$67.84,1439932847750,"1,322,196",90% bullish,of 10 ratings,$74.50
CHRS,$31.99,1439932847815,"56,780",67% bearish,of 3 ratings,$37
CGNT,$1.59,1439932847841,"37,640",100% bullish,of 2 ratings,$2
COHR,$58.02,1439932847913,"62,184",50% bullish,of 2 ratings,$72
COHU,$9.31,1439932848006,"77,219",100% bearish,of 1 rating,$14.25
CLRX,$0.495,1439932848034,"14,752",50% bullish,of 2 ratings,$1.85
CLCT,$19.76,1439932848174,"17,671",100% bearish,of 1 rating,N/A
CGNX,$37.1,1439932848201,"457,035",50% bullish,of 2 ratings,$47
COLL,$15.67,1439932848267,"43,473",100% bearish,of 1 rating,$26
CIGI,$47.19,1439932848337,"3,094",100% bearish,of 1 rating,$52
CBAN,$8.76,1439932848581,"4,839",Not yet rated,NULL,N/A
CLCD,$7.66,1439932848610,"12,312",100% bearish,of 1 rating,$20.50
COLM,$66.69,1439932848639,"109,840",100% bearish,of 1 rating,$71
CBMX,$1.24,1439932848666,"38,842",83% bullish,of 6 ratings,$3.15
CMCO,$21.36,1439932848745,"24,449",60% bullish,of 5 ratings,$28
COLB,$33.39,1439932848799,"140,149",Not yet rated,NULL,$36
CMCSA,$59.69,1439932848828,"6,243,099",66% bullish,of 35 ratings,$69.50
CMCSK,$60.11,1439932848849,"1,810,189",Not yet rated,NULL,$84
CBSH,$47.4305,1439932848985,"130,454",50% bullish,of 2 ratings,$46
CUBN,$14.02,1439932849129,"4,278",Not yet rated,NULL,N/A
CBSHP,$25.36,1439932849154,"5,089",100% bearish,of 1 rating,N/A
CVGI,$4.54,1439932849181,"156,747",50% bullish,of 2 ratings,$6
CSAL,$23.1354,1439932849335,"370,858",75% bullish,of 4 ratings,$30
COMM,$31.34,1439932849463,"338,403",67% bearish,of 3 ratings,$35
CTBI,$35.01,1439932849497,"38,733",Not yet rated,NULL,$36
ESXB,$5.03,1439932849523,"3,200",Not yet rated,NULL,N/A
CYHHZ,$0.012,1439932849553,"443,661",100% bullish,of 1 rating,N/A
CVLT,$37.31,1439932849580,"334,066",75% bullish,of 4 ratings,$44.50
CWBC,$6.72,1439932849612,200,Not yet rated,NULL,N/A
JCS,$9.71,1439932849658,"2,036",67% bullish,of 3 ratings,N/A
COB,$10.67,1439932849887,"18,049",100% bullish,of 1 rating,$11.50
CIZ,$35.13,1439932849946,"2,656",100% bearish,of 1 rating,N/A
CID,NULL,1439932849975,0,Not yet rated,NULL,N/A
CIL,NULL,1439932850078,0,Not yet rated,NULL,N/A
CSA,$34.56,1439932850254,"1,950",Not yet rated,NULL,N/A
CDC,$36.66,1439932850284,"13,532",Not yet rated,NULL,N/A
CSF,$38.5,1439932850342,"3,464",100% bearish,of 1 rating,N/A
CFA,NULL,1439932850383,0,100% bearish,of 1 rating,N/A
CGEN,$5.73,1439932850410,"80,345",50% bullish,of 2 ratings,$11
CFO,$37.68,1439932850476,"15,922",100% bearish,of 1 rating,N/A
CSB,$34.6299,1439932850542,225,Not yet rated,NULL,N/A
CTG,$6.92,1439932850575,"108,215",100% bearish,of 1 rating,$8.50
CDL,NULL,1439932850669,0,Not yet rated,NULL,N/A
CPSI,$46.06,1439932850723,"51,295",100% bearish,of 1 rating,$45.50
SCOR,$64.3,1439932850823,"173,773",100% bearish,of 1 rating,$66
CHCI,$0.55,1439932851009,"2,289",50% bullish,of 2 ratings,N/A
CMTL,$27.66,1439932851075,"26,081",100% bearish,of 2 ratings,$37
CNAT,$4.49,1439932851114,"122,519",83% bullish,of 6 ratings,$13
CDOR,$1.42,1439932851204,"2,629",100% bullish,of 1 rating,N/A
CDORO,$18.8999,1439932851233,480,100% bearish,of 1 rating,N/A
CNSI,$19.43,1439932851255,"51,533",100% bearish,of 2 ratings,$29
CXRX,$79,1439932851288,"5,953",Not yet rated,NULL,$90
CNCE,$16.27,1439932851316,"278,986",75% bullish,of 4 ratings,$22
CDORP,$6.52,1439932851467,202,100% bearish,of 1 rating,N/A
CCUR,$5.22,1439932851516,"10,615",75% bullish,of 4 ratings,N/A
CNFR,$10.45,1439932851611,"15,563",Not yet rated,NULL,N/A
CFMS,$22.99,1439932851688,"186,108",Not yet rated,NULL,$27
CNMD,$56.87,1439932851795,"61,005",Not yet rated,NULL,$59
CTWS,$34.77,1439932851823,"13,600",100% bearish,of 1 rating,$44
CNXR,$6.69,1439932851952,"36,993",100% bearish,of 1 rating,$12
CNOB,$20.13,1439932851978,"45,724",100% bullish,of 1 rating,$23.50
CNSL,$20.46,1439932852002,"124,354",100% bearish,of 1 rating,$23
CONN,$33.88,1439932852032,"301,915",67% bullish,of 3 ratings,$48.50
CWCO,$11.74,1439932852166,"33,408",67% bullish,of 3 ratings,$14.50
CPSS,$5.83,1439932852221,"26,602",100% bullish,of 1 rating,$10
CTCT,$24.56,1439932852296,"190,376",67% bullish,of 3 ratings,$37
CFRX,$5.4,1439932852323,"67,449",Not yet rated,NULL,$14
CFRXW,$2.205,1439932852382,"6,857",100% bearish,of 1 rating,N/A
CTRV,$4.51,1439932852522,"9,706",Not yet rated,NULL,$6.40
CFRXZ,$0.753,1439932852604,"2,901",Not yet rated,NULL,N/A
CTRL,$8.24,1439932852636,"88,929",50% bullish,of 2 ratings,$11
CPRT,$36.5,1439932852737,"107,957",67% bearish,of 3 ratings,$40
CRBP,$1.88,1439932852764,"66,572",100% bullish,of 1 rating,$6.25
CORT,$5.34,1439932852790,"95,910",67% bullish,of 3 ratings,$12
CSOD,$37.81,1439932853005,"279,692",50% bullish,of 2 ratings,$42
CRVL,$33.23,1439932853055,"12,120",100% bearish,of 1 rating,N/A
BVA,$3.8201,1439932853091,700,50% bullish,of 2 ratings,N/A
COSI,$1.16,1439932853184,"54,306",100% bullish,of 1 rating,N/A
CSGP,$193.68,1439932853212,"55,401",50% bullish,of 2 ratings,$235
CORI,$11.81,1439932853241,"47,106",100% bearish,of 1 rating,$18
CORE,$64.18,1439932853262,"60,298",100% bearish,of 1 rating,$72
COST,$145.63,1439932853294,"694,971",83% bullish,of 24 ratings,$154.50
ICBK,$18.25,1439932853426,600,Not yet rated,NULL,$21
CPAH,$0.45,1439932853595,"3,880",50% bullish,of 2 ratings,N/A
COVS,$2.84,1439932853694,"82,274",67% bullish,of 3 ratings,N/A
COWN,$5.46,1439932853738,"615,348",75% bullish,of 4 ratings,$7
COWNL,$26.751,1439932853796,957,Not yet rated,NULL,N/A
CPSH,$2.45,1439932853870,"1,745",Not yet rated,NULL,N/A
CVTI,$25.26,1439932853898,"55,605",67% bearish,of 3 ratings,$39
CRAI,$22.79,1439932853923,"10,820",Not yet rated,NULL,$36
CRAY,$22.49,1439932854115,"209,896",83% bullish,of 6 ratings,$38.50
CACC,$202.4795,1439932854144,"58,565",50% bullish,of 2 ratings,$158.50
CBRL,$149.98,1439932854243,"131,745",50% bullish,of 2 ratings,$155
BREW,$8.18,1439932854279,"35,390",67% bullish,of 6 ratings,$15
CREE,$27.13,1439932854309,"1,101,835",65% bullish,of 17 ratings,$28.50
GLDI,$10.92,1439932854335,"1,900",100% bearish,of 1 rating,N/A
SLVO,$10.26,1439932854501,"13,309",100% bearish,of 1 rating,N/A
CRESY,$11.47,1439932854633,"43,571",100% bearish,of 1 rating,$19
CRTO,$47.6,1439932854662,"234,415",67% bullish,of 6 ratings,$64
CROX,$14.66,1439932854765,"594,307",63% bullish,of 8 ratings,$16.50
CCRN,$14.83,1439932854841,"288,312",100% bearish,of 1 rating,$14.25
CRWS,$8.1,1439932854925,"1,550",Not yet rated,NULL,$10
CRDS,$1.06,1439932854997,"13,574",50% bullish,of 4 ratings,$4.50
CRWN,$4.79,1439932855023,"85,851",75% bullish,of 4 ratings,N/A
CYRXW,$0.85,1439932855053,"18,841",Not yet rated,NULL,N/A
CSGS,$32.06,1439932855086,"54,683",Not yet rated,NULL,$40
CYRX,$2.97,1439932855107,"24,608",Not yet rated,NULL,$9
CCLP,$14.67,1439932855186,"49,518",67% bearish,of 3 ratings,$21
CSPI,$6.15,1439932855251,"2,445",67% bullish,of 3 ratings,N/A
CTIC,$1.83,1439932855453,"355,730",84% bullish,of 76 ratings,$5.75
CTIB,NULL,1439932855479,0,100% bearish,of 1 rating,N/A
CTCM,$1.78,1439932855536,"638,358",80% bearish,of 5 ratings,$3.90
CTRP,$69,1439932855638,"1,330,037",75% bullish,of 8 ratings,$92
CUI,$5.44,1439932855663,"25,082",50% bullish,of 2 ratings,$10
CUNB,$22.18,1439932855706,"15,931",Not yet rated,NULL,$24.50
CPIX,$6.07,1439932855807,"1,287",Not yet rated,NULL,N/A
CMLS,$1.26,1439932855877,"418,076",50% bullish,of 4 ratings,$6
CVBF,$17.52,1439932855938,"192,936",Not yet rated,NULL,$18
CRIS,$2.76,1439932855965,"240,298",100% bullish,of 8 ratings,$6
CVV,$12.3,1439932856043,"17,722",100% bullish,of 5 ratings,N/A
CYBR,$59.3,1439932856100,"732,488",86% bullish,of 7 ratings,$66
CUTR,$14.92,1439932856126,"35,933",67% bearish,of 3 ratings,$18
CYAN,NULL,1439932856177,0,100% bearish,of 1 rating,N/A
CYBX,$59.6,1439932856328,"79,212",50% bullish,of 4 ratings,$70
CYBE,$5.9,1439932856431,"25,956",100% bearish,of 1 rating,N/A
CYCC,$0.6,1439932856523,"29,024",73% bullish,of 11 ratings,N/A
CYNO,$34.15,1439932856567,"92,264",67% bearish,of 3 ratings,$45.50
CY,$10.02,1439932856649,"3,765,489",80% bullish,of 10 ratings,$15.50
CYNA,$15.05,1439932856674,"9,791",100% bullish,of 1 rating,$33
CYCCP,NULL,1439932856702,0,100% bearish,of 1 rating,N/A
CBAY,$2.73,1439932856752,"97,166",100% bullish,of 1 rating,$4
CYTK,$6.56,1439932856897,"100,749",71% bullish,of 14 ratings,$13.50
CONE,$34.4831,1439932856927,"215,856",67% bearish,of 3 ratings,$35
CYRN,$1.77,1439932856953,"219,063",67% bullish,of 3 ratings,$4
CYTX,$0.3988,1439932856983,"385,625",83% bullish,of 12 ratings,$5.50
CTSO,$7.7,1439932857087,"69,790",Not yet rated,NULL,$15.625
CYTR,$2.36,1439932857119,"455,720",67% bullish,of 6 ratings,$10
DAEG,$0.35,1439932857229,"33,200",100% bearish,of 1 rating,N/A
ZIV,$49.68,1439932857478,"22,959",Not yet rated,NULL,N/A
TVIZ,$12.97,1439932857512,200,100% bearish,of 1 rating,N/A
TVIX,$5.62,1439932857566,"2,862,636",81% bullish,of 16 ratings,N/A
XIV,$47.79,1439932857594,"5,448,755",75% bearish,of 4 ratings,N/A
DJCO,$208.75,1439932857620,"1,376",Not yet rated,NULL,N/A
DARA,$0.923,1439932857642,"75,355",83% bullish,of 6 ratings,$1.50
DAKT,$11.75,1439932857675,"108,092",50% bullish,of 2 ratings,$14
DAIO,$2.62,1439932857768,272,Not yet rated,NULL,N/A
DTLK,$5.75,1439932857864,"53,295",100% bearish,of 1 rating,$9
DRAM,$1.495,1439932857894,500,78% bullish,of 9 ratings,N/A
PLAY,$36.26,1439932857962,"103,602",100% bullish,of 5 ratings,$42
DTEA,$12.73,1439932858030,"62,932",100% bearish,of 2 ratings,$24
DWCH,$5.42,1439932858056,"17,182",75% bullish,of 4 ratings,$8.25
DWSN,$5.09,1439932858090,"28,649",67% bullish,of 3 ratings,$6
DBVT,$43.69,1439932858265,"66,865",100% bearish,of 1 rating,$53
TRAK,$62.25,1439932858351,"140,863",50% bullish,of 2 ratings,$62.50
DFRG,$15.21,1439932858454,"104,392",100% bearish,of 1 rating,$20
DCTH,$0.49,1439932858494,"80,562",78% bullish,of 9 ratings,N/A
TACO,$13.51,1439932858520,"286,894",100% bullish,of 3 ratings,$20
DHRM,$1.81,1439932858552,"5,925",Not yet rated,NULL,N/A
DELT,$2.58,1439932858656,"1,900",Not yet rated,NULL,N/A
DGAS,$20.32,1439932858684,"3,402",67% bearish,of 3 ratings,N/A
TACOW,$4.45,1439932858711,"11,310",100% bullish,of 1 rating,N/A
DELTW,NULL,1439932858940,0,Not yet rated,NULL,N/A
DENN,$12.35,1439932858966,"319,691",100% bullish,of 3 ratings,$15
XRAY,$57.19,1439932858992,"630,516",100% bullish,of 1 rating,$58
DEPO,$31.85,1439932859016,"417,729",80% bullish,of 5 ratings,$32
DSCI,$6.53,1439932859156,"21,929",50% bullish,of 2 ratings,$16
DERM,$24.76,1439932859186,"42,614",100% bearish,of 1 rating,$33
DEST,$12.38,1439932859314,"33,762",50% bullish,of 2 ratings,N/A
DSWL,$1.76,1439932859413,"16,854",100% bullish,of 1 rating,N/A
DXCM,$96.8,1439932859457,"380,169",57% bullish,of 7 ratings,$98
DXLG,$4.9,1439932859483,"38,149",100% bearish,of 1 rating,$8
DXM,$0.3088,1439932859554,"277,751",50% bullish,of 2 ratings,N/A
DHXM,$7.55,1439932859650,503,Not yet rated,NULL,N/A
DHIL,$192.73,1439932859741,"1,616",Not yet rated,NULL,N/A
DMND,$31.92,1439932859773,"91,934",75% bullish,of 12 ratings,$32
DCIX,$1.87,1439932859800,"10,950",50% bullish,of 4 ratings,$3.50
FANG,$73.38,1439932859851,"391,295",50% bullish,of 2 ratings,$86
DRAD,$4.04,1439932860062,"8,565",100% bullish,of 1 rating,$5.25
DRNA,$10.16,1439932860088,"85,612",67% bearish,of 3 ratings,$25
DGII,$9.94,1439932860118,"158,492",100% bearish,of 1 rating,$10
DMRC,$37.21,1439932860150,"40,346",100% bearish,of 1 rating,$44
DGLY,$7.45,1439932860219,"181,044",50% bullish,of 6 ratings,$20
APPS,$2.29,1439932860279,"81,593",100% bearish,of 1 rating,$10.25
DCOM,$17.23,1439932860362,"35,049",100% bearish,of 2 ratings,$16.50
DIOD,$19.87,1439932860518,"161,227",75% bearish,of 4 ratings,$24
DISCB,NULL,1439932860552,0,100% bearish,of 1 rating,$35
DISCA,$29.05,1439932860582,"927,066",67% bullish,of 3 ratings,$34
DSCO,$0.4575,1439932860650,"184,904",83% bullish,of 6 ratings,$2.75
DPRX,$13.5,1439932860680,"8,861",100% bullish,of 2 ratings,$27.75
DISCK,$27.75,1439932860743,"1,510,295",100% bearish,of 1 rating,$40
DISH,$66.68,1439932860781,"478,151",69% bullish,of 13 ratings,$73
BAGR,$2.98,1439932860913,"26,161",100% bearish,of 1 rating,$6
DVCR,$11.7,1439932860939,"2,875",100% bullish,of 1 rating,N/A
DLHC,$2.6,1439932861294,942,100% bearish,of 1 rating,N/A
DGICB,$20.05,1439932861325,4,100% bearish,of 1 rating,N/A
DNBF,$26.5,1439932861366,302,Not yet rated,NULL,$27.50
DMLP,$14.71,1439932861393,"94,892",100% bearish,of 1 rating,N/A
DGICA,$14.58,1439932861414,"7,501",100% bearish,of 1 rating,$17
DORM,$51.47,1439932861447,"150,158",100% bearish,of 1 rating,$56
DLTR,$79.37,1439932861469,"701,290",82% bullish,of 11 ratings,$88
DRWI,$0.285,1439932861602,"99,467",60% bullish,of 5 ratings,$.45
HILL,$5.18,1439932861701,"374,983",60% bearish,of 5 ratings,$8
DRWIW,$0.0695,1439932861727,"9,897",Not yet rated,NULL,N/A
DWA,$19.44,1439932861928,"218,598",63% bullish,of 8 ratings,$26
DSKX,$3.41,1439932861954,"255,595",100% bullish,of 1 rating,N/A
DRYS,$0.34,1439932861976,"2,899,581",77% bullish,of 31 ratings,$.60
DSPG,$8.79,1439932862005,"59,344",100% bearish,of 1 rating,$13.50
CADTU,NULL,1439932862233,0,Not yet rated,NULL,N/A
CADT,NULL,1439932862258,0,Not yet rated,NULL,N/A
CADTR,NULL,1439932862319,0,Not yet rated,NULL,N/A
DNKN,$51.37,1439932862707,"540,188",67% bullish,of 15 ratings,$56.50
DXPE,$29.92,1439932862737,"236,525",50% bullish,of 2 ratings,N/A
DRRX,$2.11,1439932862768,"225,204",50% bullish,of 6 ratings,$3
CADTW,NULL,1439932862789,0,Not yet rated,NULL,N/A
BOOM,$10.09,1439932862821,"29,617",67% bullish,of 3 ratings,$12
DTSI,$27.37,1439932862843,"74,080",100% bearish,of 2 ratings,$39.50
DYAX,$23.17,1439932862875,"356,426",89% bullish,of 9 ratings,$30
DYSL,$1.46,1439932863195,"52,136",100% bullish,of 2 ratings,N/A
DVAX,$29.8,1439932863226,"207,362",70% bullish,of 10 ratings,$40
EBMT,$11.4069,1439932863252,500,Not yet rated,NULL,$13.50
DYNT,$3.08,1439932863282,400,75% bullish,of 4 ratings,N/A
EGBN,$44.84,1439932863307,"58,505",Not yet rated,NULL,$48
ETFC,$28.18,1439932863333,"1,248,426",57% bullish,of 14 ratings,$33
EGRX,$68.44,1439932863542,"154,063",67% bullish,of 3 ratings,$97
EGLE,$7.12,1439932863581,"22,006",60% bullish,of 5 ratings,N/A
ELNK,$9.18,1439932863678,"617,363",80% bullish,of 5 ratings,$9.50
EROC,$1.43,1439932863716,"192,671",50% bullish,of 2 ratings,$3
EWBC,$45.051,1439932863739,"286,349",100% bearish,of 1 rating,$50
EACQU,$10.2,1439932863812,"3,627",Not yet rated,NULL,N/A
EML,$17.05,1439932863841,"1,849",Not yet rated,NULL,N/A
EVBS,$6.46,1439932863870,"6,477",Not yet rated,NULL,$7
EBAY,$27.77,1439932864007,"6,428,614",81% bullish,of 117 ratings,$48
EBIX,$29.84,1439932864095,"141,889",69% bullish,of 13 ratings,$40
ECHO,$25.8,1439932864250,"382,950",67% bearish,of 3 ratings,$35.50
ELON,$0.55,1439932864282,"65,153",50% bullish,of 2 ratings,N/A
ECTE,$1.59,1439932864384,"15,543",75% bullish,of 4 ratings,N/A
SATS,$46.55,1439932864406,"66,588",50% bullish,of 2 ratings,$60
EEI,$11.17,1439932864439,911,67% bearish,of 3 ratings,N/A
ECACU,NULL,1439932864488,0,Not yet rated,NULL,N/A
ESES,$3.35,1439932864535,"4,736",100% bearish,of 1 rating,$7
EDAP,$3.53,1439932864630,"7,347",60% bullish,of 5 ratings,$4.50
EFUT,$4.35,1439932864731,"16,007",Not yet rated,NULL,N/A
EDUC,$4.71,1439932864759,"4,559",100% bearish,of 1 rating,N/A
EDGW,$7.17,1439932864804,300,100% bearish,of 1 rating,N/A
EGAN,$3.5,1439932864900,"3,750",50% bullish,of 2 ratings,$6.25
EGLT,$12.29,1439932864927,"15,992",50% bullish,of 2 ratings,$21
EHTH,$14.91,1439932864955,"87,214",50% bullish,of 4 ratings,$16.50
EMITF,$1.26,1439932865222,"6,773",75% bullish,of 4 ratings,N/A
LOCO,$14.08,1439932865252,"855,640",69% bullish,of 13 ratings,$23
ELRC,$10.27,1439932865357,"18,509",100% bearish,of 1 rating,N/A
ESLT,$82.67,1439932865385,"6,351",100% bullish,of 2 ratings,N/A
ERI,$9.72,1439932865414,"103,695",100% bearish,of 1 rating,$10
ESIO,$4.59,1439932865439,"51,944",50% bullish,of 2 ratings,$10
ELSE,$3.99,1439932865468,800,60% bullish,of 5 ratings,N/A
EA,$73.85,1439932865607,"1,682,099",77% bullish,of 35 ratings,$80
EFII,$45.49,1439932865640,"206,303",80% bullish,of 5 ratings,$55
ELEC,NULL,1439932865661,0,Not yet rated,NULL,N/A
ELECU,NULL,1439932865823,0,Not yet rated,NULL,N/A
ELECW,NULL,1439932865849,0,Not yet rated,NULL,N/A
EBIO,$4.05,1439932865875,"735,047",100% bearish,of 2 ratings,$8.35
RDEN,$10.62,1439932866086,"127,646",100% bearish,of 4 ratings,$15
ESBK,$20.0578,1439932866229,"1,725",Not yet rated,NULL,N/A
ELTK,$1.04,1439932866265,"10,291",67% bearish,of 3 ratings,N/A
CAPX,$23.93,1439932866286,104,Not yet rated,NULL,N/A
LONG,$17.18,1439932866307,"39,477",67% bullish,of 3 ratings,$15.75
EMMS,$1.23,1439932866347,"13,275",67% bullish,of 6 ratings,N/A
EMCF,NULL,1439932866377,0,100% bearish,of 1 rating,N/A
EMCI,$23.93,1439932866447,"12,854",Not yet rated,NULL,N/A
EMMSP,$3.4,1439932866474,300,100% bearish,of 1 rating,N/A
NYNY,$4.28,1439932866656,"23,137",50% bullish,of 2 ratings,N/A
ERS,$2.9,1439932866684,"12,800",Not yet rated,NULL,N/A
EMKR,$7.2,1439932866711,"153,571",75% bullish,of 4 ratings,$8.50
ENTA,$40.38,1439932866759,"100,933",50% bullish,of 2 ratings,$42
ECPG,$40.43,1439932866931,"121,793",100% bullish,of 2 ratings,$52
WIRE,$33.97,1439932867035,"101,787",100% bearish,of 1 rating,$37
ENDP,$85.41,1439932867060,"498,700",50% bullish,of 6 ratings,$104
ECYT,$5.28,1439932867090,"116,666",83% bullish,of 6 ratings,$12
ELGX,$13.14,1439932867121,"433,070",75% bullish,of 4 ratings,$17
EIGI,$15.97,1439932867220,"326,626",67% bearish,of 3 ratings,$20
EFOI,$15.2,1439932867250,"165,290",50% bullish,of 2 ratings,$17
ERII,$3.03,1439932867280,"104,136",80% bullish,of 5 ratings,$2.50
WATT,$7.05,1439932867357,"79,195",50% bullish,of 2 ratings,$13
ENOC,$8.62,1439932867517,"148,173",75% bullish,of 4 ratings,$18
ENG,$1.04,1439932867593,"21,129",100% bullish,of 3 ratings,N/A
EXXI,$1.72,1439932867651,"889,403",86% bullish,of 7 ratings,$3.50
ENPH,$5.01,1439932867729,"858,931",75% bullish,of 4 ratings,$11
ESGR,$156.5,1439932867757,"120,632",100% bearish,of 1 rating,$185
ENFC,$18.5,1439932867783,"2,500",Not yet rated,NULL,N/A
ENTG,$14.47,1439932867922,"350,929",100% bearish,of 1 rating,$18
ETRM,$0.28,1439932868084,"639,635",69% bearish,of 35 ratings,$1.625
EBTC,$20.8,1439932868119,"2,122",Not yet rated,NULL,N/A
EGT,$2.38,1439932868146,"7,205",100% bullish,of 1 rating,N/A
ENTL,$23.11,1439932868187,"101,504",Not yet rated,NULL,$28
EFSC,$24.88,1439932868218,"236,234",Not yet rated,NULL,$27
ENZN,$1.07,1439932868281,"506,742",100% bullish,of 9 ratings,N/A
ENVI,$1.76,1439932868322,"19,694",67% bullish,of 3 ratings,N/A
EPIQ,$14.1,1439932868694,"43,363",100% bearish,of 1 rating,$18
ENZY,$8.71,1439932868719,"7,112",67% bullish,of 3 ratings,$9.50
EPRS,$5,1439932868774,"56,134",82% bullish,of 11 ratings,$15
EPZM,$17.54,1439932868806,"262,191",60% bullish,of 5 ratings,$34
EQIX,$287.42,1439932868856,"178,766",67% bullish,of 3 ratings,$312.50
EQFN,$8.31,1439932868882,"1,406",Not yet rated,NULL,N/A
PLUS,$74.87,1439932868903,"23,891",50% bullish,of 2 ratings,$88
EAC,$3.62,1439932868935,"41,560",100% bearish,of 1 rating,$8
ERIC,$10.48,1439932869301,"1,038,227",63% bullish,of 8 ratings,$13.30
ESPR,$65.12,1439932869336,"3,553,432",67% bearish,of 9 ratings,$130
ERIE,$87.8024,1439932869368,"14,878",Not yet rated,NULL,$73
ESCRP,$1.69,1439932869394,"2,463",100% bearish,of 1 rating,N/A
ESMC,NULL,1439932869433,0,Not yet rated,NULL,N/A
ESCA,$18.04,1439932869462,"9,132",100% bearish,of 1 rating,$22
ESSA,$12.86,1439932869692,"2,288",100% bearish,of 1 rating,N/A
ESCR,$0.2099,1439932869722,"21,540",50% bullish,of 2 ratings,N/A
ETSY,$15.86,1439932869827,"484,293",80% bullish,of 5 ratings,$16
EPIX,$7,1439932869852,180,Not yet rated,NULL,N/A
ESSX,$0.4501,1439932869913,"11,169",50% bullish,of 2 ratings,N/A
ESND,$35.99,1439932869939,"102,158",100% bearish,of 1 rating,$40
EEFT,$68.66,1439932869991,"143,373",100% bearish,of 1 rating,$67.50
ESEA,$6.26,1439932870074,"1,442",100% bullish,of 1 rating,$15
CLWT,$2.5501,1439932870136,"1,600",100% bearish,of 1 rating,N/A
EVEP,$8.65,1439932870203,"310,103",50% bullish,of 2 ratings,$15
EVLV,$2.24,1439932870378,"124,405",60% bullish,of 5 ratings,$6.50
EVK,$4.07,1439932870404,330,75% bearish,of 4 ratings,N/A
EVOK,$5.11,1439932870425,"1,480,628",100% bearish,of 1 rating,$13.75
EVOL,$6.4,1439932870455,"20,863",75% bullish,of 4 ratings,$10
EXA,$10.695,1439932870588,"25,052",100% bearish,of 1 rating,$13
EXAS,$23.04,1439932870632,"510,870",78% bullish,of 9 ratings,$31
EXAC,$18.51,1439932870804,"34,364",100% bearish,of 1 rating,$22.50
EXEL,$5.72,1439932870848,"2,165,250",81% bullish,of 16 ratings,$6
EXLS,$36.94,1439932870874,"70,520",100% bullish,of 1 rating,$41
EXPO,$43.85,1439932870896,"32,471",100% bearish,of 1 rating,$45.50
EXFO,$2.82,1439932870928,"6,591",67% bearish,of 3 ratings,$3.95
EXPE,$123.32,1439932870958,"579,507",64% bullish,of 11 ratings,$130
EXPD,$49.66,1439932871061,"962,796",80% bullish,of 5 ratings,$50.50
ESRX,$89.87,1439932871207,"3,669,709",67% bearish,of 6 ratings,$101
EXLP,$20.71,1439932871286,"26,120",100% bearish,of 1 rating,$27
EYEGW,NULL,1439932871317,0,Not yet rated,NULL,N/A
EYEG,$4.57,1439932871338,"12,005",Not yet rated,NULL,N/A
EXTR,$3.01,1439932871367,"476,962",80% bullish,of 5 ratings,$3
EZCH,$22.06,1439932871420,"175,493",75% bullish,of 8 ratings,$19.50
FB,$95.26,1439932871584,"13,699,819",73% bullish,of 1064 ratings,$111
EZPW,$6.08,1439932871626,"117,384",50% bullish,of 4 ratings,$7.50
FFIV,$133,1439932871683,"439,603",71% bullish,of 7 ratings,$132
FCS,$14.17,1439932871717,"381,367",67% bearish,of 3 ratings,$17
FWM,$2.29,1439932871754,"122,352",100% bearish,of 2 ratings,$3.20
FRP,$17.73,1439932871817,"72,035",100% bearish,of 1 rating,$18
FALC,$1.65,1439932871843,"61,852",63% bearish,of 8 ratings,N/A
DAVE,$14.95,1439932871873,"14,817",100% bearish,of 1 rating,$15.50
FARM,$22.4,1439932872099,"9,490",100% bearish,of 1 rating,$35
FFKT,$27.56,1439932872131,"10,659",Not yet rated,NULL,$29
FMNB,$8.11,1439932872231,"12,642",Not yet rated,NULL,N/A
FAST,$40.72,1439932872303,"1,019,305",80% bullish,of 5 ratings,$46
FATE,$7.75,1439932872363,"73,050",100% bearish,of 1 rating,$11
FBSS,NULL,1439932872395,0,Not yet rated,NULL,N/A
FARO,$40.68,1439932872422,"86,933",50% bullish,of 2 ratings,$48
FBRC,$23.69,1439932872495,"38,972",100% bearish,of 1 rating,$29
FDML,$9.69,1439932872554,"123,205",50% bullish,of 4 ratings,$14
FNHC,$23.16,1439932872627,"96,822",100% bearish,of 1 rating,$35
FEIC,$81.46,1439932872686,"269,649",50% bullish,of 2 ratings,$95.50
FCSC,$6.26,1439932872866,"114,934",100% bearish,of 1 rating,$8.125
FHCO,$1.49,1439932872894,"22,719",50% bullish,of 4 ratings,N/A
ONEQ,$199.01,1439932872953,"50,084",100% bullish,of 1 rating,N/A
FENX,$9.71,1439932872986,"31,934",100% bullish,of 1 rating,$14.25
FGEN,$24.77,1439932873007,"351,328",100% bearish,of 1 rating,$39
LION,$20.16,1439932873083,"77,255",100% bullish,of 1 rating,$20
FDUS,$14.9,1439932873141,"47,456",100% bullish,of 1 rating,$18
FRGI,$54.48,1439932873275,"98,965",50% bullish,of 2 ratings,$70
FSAM,$8.78,1439932873407,"13,457",100% bearish,of 1 rating,$11
FSCFL,$25,1439932873437,"7,363",Not yet rated,NULL,N/A
FSFR,$9.1,1439932873464,"92,362",100% bearish,of 1 rating,$11.50
FITB,$21.16,1439932873517,"2,430,941",54% bullish,of 13 ratings,$22
FSC,$6.48,1439932873543,"508,206",75% bullish,of 4 ratings,$8
FITBI,$27.77,1439932873572,"21,230",Not yet rated,NULL,N/A
FNJN,$1.685,1439932873822,"19,702",100% bearish,of 1 rating,$5
FNGN,$35.7,1439932873854,"258,282",67% bullish,of 3 ratings,$47
FNSR,$17.11,1439932873878,"972,896",86% bullish,of 7 ratings,$25
FISI,$24.76,1439932873909,"14,068",100% bullish,of 2 ratings,$24.50
FNTC,NULL,1439932873941,0,Not yet rated,NULL,N/A
FNTCU,NULL,1439932873969,0,Not yet rated,NULL,N/A
FNTCW,NULL,1439932874010,0,Not yet rated,NULL,N/A
FEYE,$43.25,1439932874249,"2,218,662",87% bullish,of 15 ratings,$55.50
FNLC,$18.82,1439932874317,"9,349",100% bullish,of 1 rating,N/A
FRBA,$6.04,1439932874347,895,Not yet rated,NULL,$8
FBIZ,$44.03,1439932874388,"9,070",100% bearish,of 2 ratings,$52
FBNC,$17.14,1439932874450,"11,344",100% bullish,of 1 rating,$20
BUSE,$6.44,1439932874480,"46,130",Not yet rated,NULL,$6.875
FCAP,NULL,1439932874584,0,Not yet rated,NULL,N/A
FCVA,NULL,1439932874615,0,Not yet rated,NULL,N/A
FCFS,$38.29,1439932874716,"68,796",100% bearish,of 2 ratings,$48
FCNCA,$249.29,1439932874748,"4,628",Not yet rated,NULL,N/A
FCLF,$9.48,1439932874845,"1,120",Not yet rated,NULL,N/A
FCCO,$12.02,1439932874944,"1,707",Not yet rated,NULL,$13.25
FCBC,$18.03,1439932875013,"14,655",Not yet rated,NULL,$17
FCFP,$6.99,1439932875081,200,Not yet rated,NULL,N/A
FBNK,$16.28,1439932875108,"10,319",100% bearish,of 1 rating,$17.50
FDEF,$37.59,1439932875369,"25,519",Not yet rated,NULL,$38
FFIN,$32.61,1439932875419,"95,029",50% bullish,of 2 ratings,$31.75
FFNM,$6.34,1439932875452,57,Not yet rated,NULL,N/A
FFBCW,NULL,1439932875472,0,100% bearish,of 1 rating,N/A
FFBC,$19.45,1439932875509,"123,044",67% bearish,of 3 ratings,$20.25
THFF,$33.78,1439932875601,"19,820",Not yet rated,NULL,$35
FFNW,$12.5,1439932875634,"3,992",Not yet rated,NULL,$14
FFWM,$21.4,1439932875769,"10,703",Not yet rated,NULL,$24
FIBK,$28.06,1439932875829,"31,955",Not yet rated,NULL,$32
INBK,$34.77,1439932875858,"12,312",50% bullish,of 2 ratings,$37
FMBH,NULL,1439932875963,0,Not yet rated,NULL,N/A
FRME,$26.08,1439932876005,"39,839",Not yet rated,NULL,$26.50
FNBC,$35.8,1439932876095,"83,969",Not yet rated,NULL,$41
FNFG,$9.788,1439932876161,"1,028,064",80% bullish,of 5 ratings,$9
FMBI,$18.6,1439932876223,"220,738",Not yet rated,NULL,$20
FSFG,$31.2,1439932876298,103,Not yet rated,NULL,N/A
FSGI,$2.47,1439932876326,"1,972",Not yet rated,NULL,N/A
FNWB,$12.24,1439932876347,"6,538",Not yet rated,NULL,N/A
BICK,$20.655,1439932876490,306,100% bullish,of 1 rating,N/A
FSBK,$7.85,1439932876518,"6,157",100% bullish,of 1 rating,N/A
FSLR,$51.63,1439932876544,"1,003,054",74% bullish,of 39 ratings,$65
FCAN,$25.6,1439932876680,315,Not yet rated,NULL,N/A
FBZ,NULL,1439932876708,0,Not yet rated,NULL,N/A
FTCS,$38.74,1439932876863,"17,670",Not yet rated,NULL,N/A
IFV,$18.75,1439932876908,"404,983",100% bearish,of 1 rating,N/A
FV,$24.81,1439932876938,"1,207,866",Not yet rated,NULL,N/A
FCA,$22.43,1439932876958,"4,514",Not yet rated,NULL,N/A
FEMB,NULL,1439932877090,0,Not yet rated,NULL,N/A
FTSM,$59.94,1439932877122,"28,813",100% bearish,of 1 rating,N/A
FEUZ,$32.79,1439932877150,"2,080",Not yet rated,NULL,N/A
TDIV,$25.92,1439932877221,"106,063",100% bearish,of 1 rating,N/A
FGM,$37.2,1439932877294,"9,246",Not yet rated,NULL,N/A
FTGC,$22.64,1439932877362,"46,352",Not yet rated,NULL,N/A
MDIV,$19.88,1439932877451,"126,817",Not yet rated,NULL,N/A
FTHI,NULL,1439932877581,0,Not yet rated,NULL,N/A
FHK,$35.33,1439932877611,"33,035",Not yet rated,NULL,N/A
HYLS,$49.79,1439932877637,"224,235",100% bearish,of 1 rating,N/A
FPXI,NULL,1439932877672,0,Not yet rated,NULL,N/A
YDIV,NULL,1439932877821,0,Not yet rated,NULL,N/A
CU,$12.99,1439932877852,"5,345",100% bearish,of 1 rating,N/A
PLTM,$6.42,1439932877882,"2,900",100% bearish,of 1 rating,N/A
SKYY,$30.64,1439932877903,"48,763",100% bullish,of 1 rating,N/A
FTLB,NULL,1439932878050,0,100% bearish,of 1 rating,N/A
FJP,$50.2,1439932878077,"10,545",Not yet rated,NULL,N/A
LMBS,$50.49,1439932878108,500,Not yet rated,NULL,N/A
FMB,$50.76,1439932878269,"3,718",Not yet rated,NULL,N/A
QABA,$39.64,1439932878374,"12,025",100% bearish,of 1 rating,N/A
CIBR,$19.58,1439932878411,"52,550",Not yet rated,NULL,N/A
QCLN,$16.09,1439932878462,"9,432",Not yet rated,NULL,N/A
GRID,$34.48,1439932878504,526,100% bearish,of 1 rating,N/A
FONE,$36.81,1439932878563,22,Not yet rated,NULL,N/A
CARZ,$36.71,1439932878646,"2,005",100% bearish,of 1 rating,N/A
RDVY,$22.57,1439932878679,"7,829",Not yet rated,NULL,N/A
QQEW,$44.17,1439932878782,"15,029",Not yet rated,NULL,N/A
QQXT,$42.93,1439932878807,"8,476",Not yet rated,NULL,N/A
QTEC,$42.15,1439932878857,"20,954",Not yet rated,NULL,N/A
QINC,$21.59,1439932878987,"1,702",Not yet rated,NULL,N/A
AIRR,$17,1439932879012,"3,412",100% bearish,of 1 rating,N/A
FTSL,$48.97,1439932879158,"33,370",100% bearish,of 1 rating,N/A
FKO,$23.83,1439932879201,"1,950",Not yet rated,NULL,N/A
FDIV,$48.35,1439932879230,"1,050",100% bearish,of 1 rating,N/A
FTW,$31.43,1439932879304,"7,750",Not yet rated,NULL,N/A
FSZ,$40.45,1439932879366,"15,503",Not yet rated,NULL,N/A
FUNC,$8.28,1439932879408,"1,900",Not yet rated,NULL,N/A
TUSA,$26.2754,1439932879433,490,Not yet rated,NULL,N/A
FKU,$43.98,1439932879505,"19,456",Not yet rated,NULL,N/A
SVVC,$10.86,1439932879609,"13,325",100% bullish,of 1 rating,$26
FMER,$18.79,1439932879670,"733,745",50% bullish,of 2 ratings,$20
FSV,$32.63,1439932879811,"15,315",Not yet rated,NULL,$33.60
FIVE,$37.74,1439932879875,"201,860",75% bearish,of 4 ratings,$44
FPRX,$18.7,1439932879904,"272,690",50% bullish,of 2 ratings,$35
FISV,$90.28,1439932879926,"347,547",100% bearish,of 3 ratings,$90
FIVN,$4.19,1439932880054,"190,872",100% bullish,of 1 rating,$8.50
FLML,$21.27,1439932880080,"71,073",50% bullish,of 2 ratings,$30
FLKS,$14.66,1439932880138,"35,258",50% bullish,of 2 ratings,$27
FLXN,$24.21,1439932880215,"73,552",100% bearish,of 1 rating,$39.50
SKOR,$50.01,1439932880281,704,Not yet rated,NULL,N/A
MBSD,$24.85,1439932880313,"1,080",Not yet rated,NULL,N/A
FLXS,$41.59,1439932880414,"15,452",100% bearish,of 2 ratings,N/A
FLEX,$11.1464,1439932880547,"1,073,184",63% bullish,of 8 ratings,$12
FLIR,$30.37,1439932880631,"343,083",100% bearish,of 1 rating,$38.50
FLDM,$12.84,1439932880659,"251,790",67% bearish,of 3 ratings,$21.50
FONR,$9.52,1439932880737,"6,961",100% bullish,of 1 rating,N/A
FOMX,$10.62,1439932880791,"167,381",50% bullish,of 2 ratings,$23.50
FOGO,$19.71,1439932880822,"100,060",50% bullish,of 2 ratings,$25.50
FFIC,$20.95,1439932880843,"33,545",Not yet rated,NULL,$21
FES,$0.934,1439932880878,"3,000",50% bullish,of 2 ratings,$1
FORM,$6.41,1439932880923,"307,340",67% bullish,of 3 ratings,$10.50
FORTY,NULL,1439932881188,0,Not yet rated,NULL,N/A
FORR,$32.33,1439932881214,"24,257",Not yet rated,NULL,N/A
FTNT,$47.75,1439932881239,"765,781",80% bullish,of 10 ratings,$52
FBIO,$3.03,1439932881292,"92,644",83% bullish,of 6 ratings,N/A
FORD,$1.1,1439932881389,"138,833",50% bullish,of 2 ratings,N/A
FWRD,$49.1,1439932881495,"133,679",100% bearish,of 1 rating,$50
FOSL,$62.24,1439932881523,"565,654",50% bullish,of 4 ratings,$70
FWP,$27.23,1439932881551,"47,122",100% bearish,of 1 rating,$45
FRAN,$10.31,1439932881684,"1,427,913",50% bullish,of 4 ratings,$15
FXCB,$17.46,1439932881711,"6,066",Not yet rated,NULL,$19
FRED,$14.51,1439932881843,"100,148",50% bullish,of 2 ratings,$16.50
FOXF,$15.71,1439932881873,"49,101",100% bearish,of 1 rating,$19
FMI,$20.12,1439932881898,"210,102",100% bearish,of 2 ratings,$27.50
FELE,$29.82,1439932882047,"308,186",50% bullish,of 4 ratings,$33
RAIL,$21.8,1439932882072,"77,132",100% bearish,of 1 rating,$24.50
FREE,$0.511,1439932882099,"492,624",92% bullish,of 12 ratings,N/A
FTR,$5.42,1439932882230,"11,921,442",78% bullish,of 27 ratings,$6.25
FRPT,$14.23,1439932882293,"193,074",67% bearish,of 3 ratings,$23.50
FRPH,$31.39,1439932882324,"2,006",100% bearish,of 1 rating,N/A
FEIM,$11,1439932882355,"2,668",100% bearish,of 1 rating,N/A
FTRPR,$105.74,1439932882387,"37,800",100% bearish,of 1 rating,N/A
FTD,$30.86,1439932882489,"129,214",100% bearish,of 1 rating,$40
FSBW,$23.48,1439932882517,"1,753",Not yet rated,NULL,N/A
FSYS,$6.58,1439932882688,"21,723",67% bullish,of 3 ratings,$10
FCEL,$0.825,1439932882717,"536,750",88% bullish,of 40 ratings,$2.65
FTEK,$2.17,1439932882743,"19,506",75% bullish,of 4 ratings,N/A
FULL,$3.2,1439932882874,"27,407",67% bearish,of 3 ratings,$4.25
FULLL,$25.6299,1439932882940,200,Not yet rated,NULL,N/A
FLL,$1.55,1439932883003,"14,796",75% bullish,of 4 ratings,$2.825
FULT,$13.13,1439932883039,"631,952",100% bearish,of 1 rating,$13
FSNN,$2.65,1439932883087,"1,150",67% bullish,of 3 ratings,$6
FFHL,NULL,1439932883113,0,50% bullish,of 4 ratings,N/A
FXEN,$1.03,1439932883145,"99,072",75% bullish,of 4 ratings,$1.10
GK,$71.89,1439932883245,"53,070",Not yet rated,NULL,$78
FXENP,$16.5,1439932883380,"1,355",100% bearish,of 1 rating,N/A
GAIA,$6.01,1439932883431,"40,817",50% bullish,of 2 ratings,$8.50
GLPG,$64.04,1439932883511,"41,716",100% bullish,of 1 rating,$75
GALT,$2.17,1439932883538,"38,281",80% bullish,of 5 ratings,N/A
WILC,$5.19,1439932883577,"3,566",100% bullish,of 2 ratings,N/A
GALTU,NULL,1439932883725,0,100% bearish,of 1 rating,N/A
GALTW,$0.65,1439932883797,"18,100",100% bullish,of 1 rating,N/A
GALE,$1.45,1439932883883,"761,565",89% bullish,of 47 ratings,$4
GLPI,$33.5433,1439932883941,"247,636",100% bearish,of 1 rating,$37.50
GPIC,$10.84,1439932883976,"1,255",100% bearish,of 1 rating,N/A
GLMD,$8.96,1439932883998,"3,890",67% bullish,of 3 ratings,$20.50
GRMN,$40.29,1439932884019,"462,932",50% bullish,of 6 ratings,$48
GGACR,$0.2,1439932884084,"8,200",100% bullish,of 1 rating,N/A
GGAC,$9.82,1439932884157,750,100% bearish,of 1 rating,N/A
GGACU,NULL,1439932884319,0,Not yet rated,NULL,N/A
GGACW,$0.12,1439932884344,"11,870",Not yet rated,NULL,N/A
GARS,$14.78,1439932884382,"14,960",Not yet rated,NULL,$16
GENC,$9.47,1439932884520,"1,100",100% bearish,of 1 rating,N/A
GNCMA,$17.83,1439932884609,"72,793",100% bearish,of 1 rating,$12
GFNCP,$97.9999,1439932884634,310,Not yet rated,NULL,N/A
GFNSL,$25.8,1439932884696,"5,050",Not yet rated,NULL,N/A
GFN,$3.98,1439932884796,"17,606",100% bearish,of 2 ratings,$8
GENE,$2.72,1439932884822,"68,689",100% bullish,of 12 ratings,N/A
THRM,$48.4,1439932885016,"151,404",75% bearish,of 4 ratings,$55.50
GNCA,$12.86,1439932885045,"161,042",100% bearish,of 1 rating,$20
GNTX,$15.91,1439932885074,"1,392,651",Not yet rated,NULL,$20
GNMK,$9.45,1439932885096,"89,094",67% bullish,of 6 ratings,$14
GHDX,$26.47,1439932885127,"187,985",50% bullish,of 2 ratings,$30
GNVC,$2.41,1439932885262,"4,378",90% bullish,of 10 ratings,$8.50
GTWN,$18.98,1439932885287,"3,815",Not yet rated,NULL,N/A
GERN,$3.36,1439932885464,"1,346,138",88% bullish,of 16 ratings,$5.25
GEVO,$2.26,1439932885490,"420,016",75% bullish,of 12 ratings,N/A
GABC,$29.48,1439932885541,"10,803",Not yet rated,NULL,$31.50
GEOS,$15.58,1439932885570,"75,088",100% bearish,of 3 ratings,$25.50
GIGM,$0.6533,1439932885669,"28,300",100% bullish,of 2 ratings,N/A
GIGA,$1.44,1439932885719,"3,566",100% bearish,of 1 rating,N/A
GIII,$69.44,1439932885751,"112,574",67% bullish,of 3 ratings,$75
ROCK,$18.6,1439932885779,"86,185",80% bullish,of 5 ratings,$24
GILD,$117.06,1439932885914,"3,634,889",91% bullish,of 86 ratings,$129
GBCI,$28.05,1439932885945,"118,437",50% bullish,of 2 ratings,$31
GILT,$4.56,1439932886017,"12,528",50% bullish,of 2 ratings,N/A
GLAD,$8.22,1439932886112,"46,743",50% bullish,of 2 ratings,$8.75
GLADO,$25.5,1439932886140,"2,150",Not yet rated,NULL,N/A
GOOD,$15.79,1439932886199,"29,694",Not yet rated,NULL,$19
GOODO,$25.25,1439932886377,404,Not yet rated,NULL,N/A
GOODN,$25.67,1439932886409,91,Not yet rated,NULL,N/A
GOODP,$25.25,1439932886435,950,Not yet rated,NULL,N/A
GAINN,$25.16,1439932886508,"4,450",Not yet rated,NULL,N/A
GAIN,$7.92,1439932886594,"85,937",100% bullish,of 2 ratings,$8.25
GAINO,$25.29,1439932886624,"2,735",Not yet rated,NULL,N/A
GAINP,$26.09,1439932886657,"1,562",Not yet rated,NULL,N/A
GLBZ,$12.12,1439932886787,376,Not yet rated,NULL,N/A
GBT,$44.83,1439932886815,"418,401",Not yet rated,NULL,N/A
LAND,$9.395,1439932886836,"27,447",50% bullish,of 2 ratings,$13.75
GDEF,NULL,1439932886999,0,Not yet rated,NULL,N/A
GBLI,$26.99,1439932887028,"18,474",Not yet rated,NULL,N/A
ENT,$12.71,1439932887134,"248,863",100% bearish,of 1 rating,$18
GPACU,$10.05,1439932887165,500,Not yet rated,NULL,N/A
ACTX,$14.24,1439932887260,200,100% bullish,of 1 rating,N/A
GSOL,$8.62,1439932887290,"15,851",100% bearish,of 1 rating,N/A
SOCL,$18.47,1439932887391,"46,386",100% bullish,of 2 ratings,N/A
QQQC,$21.13,1439932887563,"3,062",100% bearish,of 1 rating,N/A
GAI,$5.47,1439932887598,870,50% bullish,of 2 ratings,N/A
ALTY,NULL,1439932887626,0,Not yet rated,NULL,N/A
GSM,$13.74,1439932887653,"236,068",50% bullish,of 2 ratings,$24.50
YLCO,$12.36,1439932887684,"2,202",Not yet rated,NULL,N/A
SRET,$13.8973,1439932887704,840,Not yet rated,NULL,N/A
GBIM,$2.11,1439932887783,"28,299",50% bullish,of 2 ratings,N/A
GLBS,$1.4,1439932887950,"8,900",67% bullish,of 3 ratings,N/A
GLRI,$1.22,1439932887977,"5,513",100% bearish,of 1 rating,$6
GLUU,$4.7,1439932888029,"1,747,331",92% bullish,of 26 ratings,$9
GLNG,$39.37,1439932888112,"455,933",83% bullish,of 6 ratings,$58
GOGO,$16.29,1439932888140,"482,778",80% bullish,of 5 ratings,$25
GLYC,$7.4,1439932888174,"4,408",50% bullish,of 2 ratings,$14
GLDC,NULL,1439932888275,0,50% bullish,of 2 ratings,N/A
GMLP,$20.09,1439932888343,"121,346",50% bullish,of 4 ratings,$32.50
GDEN,$9.15,1439932888487,800,50% bullish,of 2 ratings,N/A
GBDC,$16.63,1439932888522,"38,185",Not yet rated,NULL,$17.75
GOOG,$655.19,1439932888549,"660,087",89% bullish,of 65 ratings,$795
GTIM,$7.02,1439932888622,"54,688",Not yet rated,NULL,$11.50
GOGL,$3.49,1439932888652,"143,360",75% bullish,of 4 ratings,$5
GOOGL,$688.73,1439932888729,"711,961",88% bullish,of 1078 ratings,$747
GPRO,$57.313,1439932888787,"2,696,784",79% bullish,of 58 ratings,$72
GMAN,$4.66,1439932888828,"26,917",60% bullish,of 5 ratings,$8
GPIA,NULL,1439932888985,0,Not yet rated,NULL,N/A
GPIAW,NULL,1439932889042,0,Not yet rated,NULL,N/A
GPIAU,$10.1,1439932889067,576,Not yet rated,NULL,N/A
LOPE,$38.6,1439932889573,"166,244",100% bearish,of 2 ratings,$50
GNBC,$13.16,1439932889610,"10,038",100% bearish,of 1 rating,$17
GRBK,$14.36,1439932889631,"192,343",77% bullish,of 13 ratings,N/A
GBSN,$2.2482,1439932889667,"92,012",100% bearish,of 1 rating,$8.25
GLDD,$5.64,1439932889689,"182,838",100% bearish,of 4 ratings,$7.75
GBSNU,$16.79,1439932889709,"18,220",Not yet rated,NULL,N/A
GRVY,$3.57,1439932889731,511,50% bullish,of 2 ratings,N/A
GSBC,$41.94,1439932889774,"10,429",100% bullish,of 1 rating,$44
GPP,$14.77,1439932889999,"36,651",Not yet rated,NULL,$20.50
GLRE,$26.66,1439932890042,"61,754",100% bullish,of 1 rating,$41
GCBC,$28.4999,1439932890072,100,100% bullish,of 1 rating,N/A
GPRE,$21.74,1439932890098,"462,302",67% bullish,of 6 ratings,$28.50
GRIF,NULL,1439932890173,0,100% bearish,of 1 rating,N/A
OMAB,$42.32,1439932890346,"36,216",100% bullish,of 1 rating,$44
GRPN,$4.2,1439932890379,"7,373,552",61% bullish,of 71 ratings,$6.75
GRFS,$32.62,1439932890407,"345,014",50% bullish,of 2 ratings,$35
GGAL,$20.75,1439932890436,"131,024",80% bullish,of 5 ratings,$40
GSIG,$13.54,1439932890470,"23,706",100% bearish,of 2 ratings,N/A
GSIT,$5.02,1439932890497,"1,880",100% bearish,of 1 rating,N/A
GBNK,$16.03,1439932890570,"18,993",100% bearish,of 1 rating,$18
GSVC,$9.65,1439932890752,"23,283",50% bullish,of 2 ratings,$14.50
GFED,$14.8,1439932890778,2,Not yet rated,NULL,$17
GTXI,$0.97,1439932890810,"23,938",100% bullish,of 5 ratings,$.75
GUID,$8.97,1439932890913,"23,442",100% bearish,of 3 ratings,$10
GPOR,$35.64,1439932891095,"797,317",75% bullish,of 4 ratings,$55.50
GURE,$1.83,1439932891129,"21,377",88% bullish,of 8 ratings,N/A
GIFI,$12.86,1439932891155,"66,102",100% bearish,of 1 rating,$16
GULTU,$0.34,1439932891180,"90,985",100% bearish,of 1 rating,N/A
GWGH,$7.64,1439932891228,118,100% bearish,of 1 rating,$15.05
GYRO,$2.9,1439932891261,"6,370",100% bearish,of 1 rating,N/A
GWPH,$114.29,1439932891359,"111,559",78% bullish,of 9 ratings,$148.50
HEES,$17.11,1439932891387,"165,352",67% bearish,of 3 ratings,$31
HLG,$9.49,1439932891448,314,100% bearish,of 1 rating,N/A
HALL,$11.77,1439932891528,"12,696",Not yet rated,NULL,N/A
HNRG,$7.48,1439932891555,"69,374",100% bearish,of 1 rating,$10
HALO,$19.047,1439932891786,"766,498",67% bullish,of 3 ratings,$22.50
HBK,$13.72,1439932891832,700,50% bullish,of 2 ratings,N/A
HMPR,$1.94,1439932891859,"33,276",100% bullish,of 1 rating,N/A
HBHCL,$24.6,1439932891921,"29,288",Not yet rated,NULL,N/A
HBHC,$28.63,1439932891946,"396,100",50% bullish,of 2 ratings,$30
HNH,$28.85,1439932891993,"4,658",100% bullish,of 1 rating,N/A
HAFC,$25.63,1439932892019,"54,342",100% bullish,of 2 ratings,$28.50
HNSN,$0.53,1439932892160,"41,203",88% bullish,of 8 ratings,$.40
HLIT,$5.86,1439932892233,"260,549",100% bearish,of 1 rating,$6.50
HDNG,$10.77,1439932892262,"39,940",50% bullish,of 4 ratings,N/A
HQCL,$10.67,1439932892293,"13,034",67% bullish,of 3 ratings,N/A
HRMN,NULL,1439932892391,0,Not yet rated,NULL,N/A
HRMNU,NULL,1439932892487,0,Not yet rated,NULL,N/A
HRMNW,NULL,1439932892515,0,Not yet rated,NULL,N/A
TINY,$2.48,1439932892584,"31,315",50% bullish,of 2 ratings,$5.26
HART,$0.665,1439932892717,"184,827",100% bearish,of 1 rating,N/A
HCAP,$12.23,1439932892761,"3,356",50% bullish,of 2 ratings,$15
HBIO,$4.47,1439932892788,"67,924",Not yet rated,NULL,$10
HCAPL,$25.6499,1439932892846,"3,200",Not yet rated,NULL,N/A
HAS,$80.38,1439932892918,"454,745",63% bullish,of 8 ratings,$84.50
HCOM,$23.1,1439932893051,"9,416",100% bearish,of 1 rating,$28
HA,$25.72,1439932893082,"395,705",67% bullish,of 9 ratings,$27
HWKN,$36.79,1439932893109,"18,406",Not yet rated,NULL,N/A
HWBK,$13.64,1439932893185,300,100% bearish,of 1 rating,N/A
HDS,$34.69,1439932893330,"478,438",100% bearish,of 2 ratings,$39.50
HAYN,$39.83,1439932893363,"27,127",100% bearish,of 1 rating,$59
HIIQ,$4.7,1439932893438,"12,302",50% bullish,of 2 ratings,$7
HCSG,$34.5541,1439932893465,"111,473",50% bullish,of 4 ratings,$35
HQY,$33.47,1439932893538,"95,029",67% bullish,of 3 ratings,$31
HSTM,$25.66,1439932893564,"71,443",50% bullish,of 2 ratings,$33.75
HWAY,$12.5,1439932893698,"161,464",100% bearish,of 1 rating,$15
HTWR,$88.32,1439932893828,"70,118",50% bullish,of 2 ratings,$103
HTLD,$21.25,1439932893861,"164,212",Not yet rated,NULL,$22.50
HTBX,$5.95,1439932893883,"45,005",50% bullish,of 2 ratings,$15.50
HTLF,$37.53,1439932893918,"19,605",100% bullish,of 1 rating,$39.50
HSII,$20.07,1439932893958,"44,804",100% bullish,of 3 ratings,$25
HMNY,$2.2801,1439932894022,"1,000",100% bearish,of 1 rating,N/A
HELE,$92.41,1439932894190,"102,227",67% bearish,of 3 ratings,$100
HMTV,$13.21,1439932894220,"10,917",100% bearish,of 1 rating,$16
HNNA,$22.99,1439932894256,"8,700",Not yet rated,NULL,N/A
HSIC,$147.31,1439932894388,"318,462",83% bullish,of 6 ratings,$146
HCACU,$9.98,1439932894417,"1,500",Not yet rated,NULL,N/A
HERO,$0.072,1439932894443,"1,591,671",81% bullish,of 16 ratings,$.75
HTBK,$11.02,1439932894600,"36,526",Not yet rated,NULL,$12
HFWA,$18.41,1439932894630,"29,014",100% bullish,of 1 rating,$20
MLHR,$29.57,1439932894731,"223,932",50% bullish,of 2 ratings,$33.50
HEOP,$8,1439932894759,"13,356",Not yet rated,NULL,$8.50
HCCI,$12.55,1439932894787,"14,040",100% bearish,of 1 rating,$16.50
HRTX,$32.24,1439932894819,"235,572",67% bullish,of 6 ratings,$41
HSKA,$34.05,1439932894919,"25,963",100% bearish,of 1 rating,$38
HFFC,$16.44,1439932894946,463,Not yet rated,NULL,N/A
HIBB,$40.39,1439932895090,"237,093",100% bearish,of 1 rating,$48.50
HPJ,$2.75,1439932895131,"21,800",75% bullish,of 4 ratings,$12.43
HIMX,$6.8,1439932895222,"1,067,981",85% bullish,of 20 ratings,$8.50
HIHO,$4.12,1439932895247,"11,042",Not yet rated,NULL,N/A
HIFS,$117.46,1439932895297,"1,848",Not yet rated,NULL,N/A
HSGX,$6.67,1439932895467,"1,810",100% bearish,of 1 rating,$17
HOLI,$17.81,1439932895552,"287,985",50% bullish,of 4 ratings,$27
HMSY,$9.4211,1439932895582,"930,092",67% bullish,of 3 ratings,$19.35
HOLX,$42.6051,1439932895603,"1,251,914",67% bullish,of 3 ratings,$42
HMNF,$11.4,1439932895640,"2,331",Not yet rated,NULL,N/A
HFBL,$22,1439932895734,9,Not yet rated,NULL,N/A
HBCP,$24.29,1439932895804,472,Not yet rated,NULL,$29
HOMB,$40.98,1439932895834,"106,546",Not yet rated,NULL,$41
AWAY,$31.207,1439932895934,"531,692",67% bullish,of 3 ratings,$36
HMST,$21.65,1439932896002,"64,586",100% bullish,of 2 ratings,$27
HMIN,$29.56,1439932896029,"39,663",100% bearish,of 2 ratings,$35
HKTV,$5.19,1439932896210,"2,426",100% bearish,of 1 rating,N/A
HOFT,$25.17,1439932896251,"10,968",100% bearish,of 1 rating,N/A
CETC,$0.8402,1439932896281,"101,918",86% bullish,of 7 ratings,N/A
HTBI,$18.49,1439932896314,"22,205",67% bullish,of 3 ratings,$18.625
HFBC,$11.54,1439932896412,"4,062",Not yet rated,NULL,N/A
HRZN,$11.04,1439932896473,"38,649",100% bearish,of 1 rating,$14.25
HBNC,$24.87,1439932896541,"20,733",100% bullish,of 1 rating,$27
HZNP,$31.74,1439932896570,"1,002,678",85% bullish,of 20 ratings,$40
ZINC,$7.94,1439932896601,"679,483",100% bearish,of 1 rating,$17
HDP,$25.99,1439932896703,"130,890",67% bearish,of 3 ratings,$30.50
HOVNP,$5.51,1439932896854,"6,482",100% bearish,of 1 rating,N/A
HWCC,$7.36,1439932896884,"187,766",100% bearish,of 1 rating,$9
HMHC,$22.86,1439932896916,"366,742",Not yet rated,NULL,$27
HSNI,$63.19,1439932896985,"130,386",Not yet rated,NULL,$80
HBMD,$14.6,1439932897047,304,100% bearish,of 1 rating,N/A
HTGM,$5.76,1439932897072,"16,213",100% bearish,of 1 rating,$19.50
HUBG,$41.29,1439932897128,"75,276",100% bearish,of 1 rating,$43
HCBK,$10.3579,1439932897271,"620,536",83% bullish,of 6 ratings,$8.61
HSON,$3,1439932897299,"18,951",100% bearish,of 1 rating,$5
HDSN,$3.1,1439932897328,"8,228",100% bullish,of 1 rating,$6.25
HBAN,$11.84,1439932897373,"4,481,321",76% bullish,of 17 ratings,$12.50
HBANP,$1358,1439932897459,601,100% bearish,of 1 rating,N/A
HURC,$30.87,1439932897504,"12,823",100% bearish,of 1 rating,N/A
HURN,$75.4,1439932897587,"59,038",50% bullish,of 2 ratings,$80
HTCH,$1.66,1439932897720,"54,692",100% bearish,of 1 rating,$3.50
HBP,$3.23,1439932897777,"6,915",100% bullish,of 1 rating,N/A
HDRA,NULL,1439932897802,0,Not yet rated,NULL,N/A
HDRAR,NULL,1439932897853,0,Not yet rated,NULL,N/A
HDRAU,NULL,1439932897882,0,Not yet rated,NULL,N/A
IDSY,$4.01,1439932897983,"4,300",100% bearish,of 1 rating,$7
HYGS,$7.74,1439932898027,"14,621",50% bullish,of 2 ratings,$13
HDRAW,NULL,1439932898052,0,Not yet rated,NULL,N/A
IBKC,$63.34,1439932898225,"88,328",100% bullish,of 1 rating,$70
IACI,$74.19,1439932898253,"374,981",75% bullish,of 4 ratings,$90
IKGH,$1.86,1439932898288,"46,564",75% bullish,of 4 ratings,N/A
IEP,$72.85,1439932898314,"52,791",75% bullish,of 4 ratings,$99
ICAD,$3.61,1439932898336,"60,800",50% bullish,of 2 ratings,$7.25
ICLR,$80.73,1439932898469,"593,500",100% bearish,of 3 ratings,$85
ICFI,$35.45,1439932898645,"61,778",50% bullish,of 2 ratings,$48.50
ICON,$13.17,1439932898683,"913,377",50% bullish,of 2 ratings,$18.50
IPWR,$7.68,1439932898775,"9,744",100% bullish,of 1 rating,$15
ICUI,$121.14,1439932898804,"142,507",Not yet rated,NULL,$122
IDRA,$2.66,1439932898826,"826,528",89% bullish,of 9 ratings,$6.50
INVE,$5.03,1439932898855,"142,201",75% bullish,of 4 ratings,$4
IDXX,$78.4094,1439932898987,"329,923",100% bearish,of 1 rating,$77
DSKY,$12.38,1439932899017,"86,950",67% bullish,of 6 ratings,$11.50
IROQ,$16.6,1439932899047,"2,500",100% bullish,of 1 rating,N/A
IRG,$4.47,1439932899083,"11,703",100% bearish,of 1 rating,$4.50
RXDX,$13.47,1439932899184,"124,873",100% bullish,of 1 rating,$20
IIVI,$17.72,1439932899213,"149,388",100% bearish,of 1 rating,$22
KANG,$17.04,1439932899245,"81,823",50% bullish,of 2 ratings,$22.55
IKNX,NULL,1439932899349,0,100% bearish,of 1 rating,N/A
IKAN,$2.73,1439932899377,"18,944",83% bullish,of 6 ratings,$5
ILMN,$207.0248,1439932899543,"593,639",80% bullish,of 5 ratings,$240
ISNS,$4.18,1439932899605,"17,985",50% bullish,of 2 ratings,N/A
ICCC,$8.39,1439932899699,"4,483",100% bullish,of 1 rating,N/A
IMNP,$1.54,1439932899730,"130,621",50% bullish,of 2 ratings,$6
IMMR,$12.31,1439932899756,"76,691",80% bullish,of 5 ratings,$15.50
IMDZ,$16.86,1439932899782,"62,352",100% bearish,of 1 rating,$33
IMGN,$13.54,1439932899840,"617,425",75% bullish,of 4 ratings,$17.50
IMMU,$1.91,1439932899930,"559,301",86% bullish,of 7 ratings,$2
IMMY,$7.78,1439932900035,"4,326",100% bearish,of 1 rating,$11
IPXL,$46.8856,1439932900065,"516,223",67% bullish,of 3 ratings,$46.50
INCY,$113.97,1439932900169,"1,234,506",50% bullish,of 6 ratings,$125.50
SAAS,$8.01,1439932900198,"239,903",50% bullish,of 2 ratings,$15
INCR,$44.42,1439932900224,"485,341",50% bullish,of 2 ratings,$53
INDB,$48.25,1439932900273,"36,505",Not yet rated,NULL,$44
IBCP,$14.61,1439932900482,"40,764",100% bullish,of 1 rating,$14.50
IBTX,$43.06,1439932900512,"20,346",100% bullish,of 2 ratings,$47.25
INFI,$9.38,1439932900590,"284,436",50% bullish,of 4 ratings,$18
IDSA,$3.74,1439932900645,"3,300",Not yet rated,NULL,N/A
IPCC,$80.48,1439932900673,"29,387",Not yet rated,NULL,$77
INFN,$24.48,1439932900703,"1,000,660",71% bullish,of 7 ratings,$27.50
III,$4.2,1439932900733,"59,852",57% bullish,of 7 ratings,$6
IFON,$1.36,1439932900829,"32,769",75% bullish,of 4 ratings,N/A
IMKTA,$54.315,1439932900885,"109,340",100% bearish,of 1 rating,N/A
INOD,$2.54,1439932901043,"10,752",100% bearish,of 1 rating,N/A
INWK,$7.76,1439932901069,"85,068",50% bullish,of 2 ratings,$10
INNL,NULL,1439932901129,0,100% bearish,of 1 rating,$16.50
IOSP,$46.74,1439932901199,"93,285",100% bearish,of 1 rating,N/A
IPHS,$50.11,1439932901230,"63,751",100% bearish,of 1 rating,$60
ISSC,$2.99,1439932901328,"5,421",67% bearish,of 3 ratings,N/A
ITEK,$15.99,1439932901429,"644,302",67% bearish,of 3 ratings,$20
INGN,$50.28,1439932901461,"126,953",100% bearish,of 1 rating,$50.50
INOV,$21.57,1439932901491,"295,896",100% bearish,of 1 rating,$33
INO,$7.44,1439932901559,"650,719",89% bullish,of 18 ratings,$20
NSIT,$26.35,1439932901624,"86,477",50% bullish,of 2 ratings,N/A
INSM,$27.43,1439932901692,"196,770",71% bullish,of 7 ratings,$32
ISIG,$2.58,1439932901794,"5,500",100% bearish,of 1 rating,N/A
PODD,$30.62,1439932901873,"288,293",50% bullish,of 2 ratings,$35
IIIN,$17.71,1439932901941,"16,055",100% bearish,of 2 ratings,N/A
INSY,$35.01,1439932901976,"385,513",75% bullish,of 4 ratings,$48
NTEC,$6.09,1439932902073,"2,952",Not yet rated,NULL,N/A
IESC,$7.37,1439932902103,"13,530",100% bearish,of 1 rating,N/A
IART,$62.81,1439932902133,"93,694",100% bearish,of 1 rating,$71.50
ISSI,$22.34,1439932902234,"73,936",67% bullish,of 3 ratings,$19.75
IDTI,$18.04,1439932902263,"6,480,518",60% bullish,of 5 ratings,$25
INTC,$29.1,1439932902398,"11,916,179",82% bullish,of 238 ratings,$36
IQNT,$21.4,1439932902433,"1,396,995",86% bullish,of 7 ratings,$20
IPCI,$2.19,1439932902527,"28,691",67% bullish,of 6 ratings,$7.75
IPAR,$28.83,1439932902553,"83,266",67% bullish,of 3 ratings,$38
IBKR,$42.3715,1439932902629,"187,341",100% bullish,of 1 rating,N/A
ICPT,$211.22,1439932902795,"121,849",70% bullish,of 10 ratings,$363
ININ,$39.99,1439932902881,"37,823",67% bearish,of 3 ratings,$57
ICLD,$1.86,1439932902941,"182,803",75% bullish,of 4 ratings,N/A
IMI,$2.07,1439932902974,300,67% bullish,of 3 ratings,$2.22
ICLDW,NULL,1439932903009,0,100% bearish,of 1 rating,N/A
TILE,$26.13,1439932903035,"305,063",67% bearish,of 3 ratings,$27
IDCC,$49.7,1439932903069,"152,430",80% bullish,of 5 ratings,$63
IBOC,$27.52,1439932903174,"61,553",100% bearish,of 1 rating,N/A
INAP,$8.75,1439932903340,"124,495",75% bullish,of 4 ratings,$11
ISCA,$33.85,1439932903366,"79,494",100% bearish,of 1 rating,N/A
IGLD,$7.85,1439932903399,"3,085",50% bullish,of 2 ratings,N/A
PTNT,$3.09,1439932903499,575,Not yet rated,NULL,N/A
IIJI,NULL,1439932903525,0,50% bullish,of 2 ratings,$11.50
INPH,$0.35,1439932903559,"18,156",50% bullish,of 2 ratings,N/A
XENT,$29.92,1439932903726,"158,920",50% bullish,of 2 ratings,$36.50
INTX,$2.56,1439932903833,"26,512",67% bullish,of 3 ratings,N/A
IILG,$21.47,1439932903854,"68,178",100% bearish,of 1 rating,$30.50
ISIL,$10.8,1439932903890,"513,432",50% bullish,of 6 ratings,$15
INTLL,$25.87,1439932903927,"15,128",Not yet rated,NULL,N/A
ITCI,$30.23,1439932903956,"215,928",75% bearish,of 4 ratings,$40
INTL,$28.42,1439932904020,"73,894",67% bearish,of 3 ratings,N/A
IVAC,$4.99,1439932904048,"13,630",Not yet rated,NULL,$6.625
IIN,$6.47,1439932904230,110,100% bearish,of 1 rating,$12
INTU,$105.72,1439932904319,"541,842",100% bullish,of 7 ratings,$107.50
ISRG,$529.7,1439932904377,"78,349",67% bullish,of 3 ratings,$600
SNAK,$8.75,1439932904454,"56,664",50% bullish,of 2 ratings,$14
ISTR,$15.75,1439932904522,"1,102",100% bearish,of 1 rating,$18.50
INVT,$0.2899,1439932904551,"80,832",67% bullish,of 3 ratings,N/A
ISBC,$12.3,1439932904577,"1,563,242",100% bullish,of 1 rating,$13.25
ITIC,$71.99,1439932904659,200,100% bearish,of 2 ratings,N/A
DTUL,$64.46,1439932904763,300,Not yet rated,NULL,N/A
NVIV,$11.66,1439932904798,"193,194",50% bullish,of 4 ratings,$24.50
IVTY,$11.38,1439932904829,"17,432",Not yet rated,NULL,$18
IPAS,$1.06,1439932904851,"27,886",67% bullish,of 3 ratings,N/A
DFVL,$65.55,1439932904901,"2,000",Not yet rated,NULL,N/A
IPCM,$79.56,1439932904984,"86,049",50% bullish,of 2 ratings,$80.125
IPGP,$91.27,1439932905010,"132,497",100% bearish,of 2 ratings,$109.50
IRMD,$26.28,1439932905151,"8,099",67% bearish,of 3 ratings,$25
IRIX,$7.05,1439932905241,"6,956",100% bearish,of 1 rating,N/A
IRDM,$6.85,1439932905319,"212,526",60% bullish,of 5 ratings,$11.50
IRBT,$31.21,1439932905399,"135,951",67% bullish,of 6 ratings,$37
IRCP,$35,1439932905452,"2,608",100% bullish,of 2 ratings,N/A
IRDMB,$270,1439932905479,550,67% bearish,of 3 ratings,N/A
COMT,$33.6,1439932905530,"8,476",100% bearish,of 1 rating,N/A
IRWD,$11.63,1439932905556,"689,220",100% bearish,of 1 rating,$13
GNMA,$50.1,1439932905579,"3,810",Not yet rated,NULL,N/A
FCHI,$49.6,1439932905623,"3,661",Not yet rated,NULL,N/A
IFAS,NULL,1439932905771,0,Not yet rated,NULL,N/A
IFEU,$40.0701,1439932905803,"1,399",Not yet rated,NULL,N/A
IFGL,$30.06,1439932905835,"100,752",Not yet rated,NULL,N/A
ACWX,$42.9,1439932905935,"192,838",100% bearish,of 1 rating,N/A
ACWI,$59.03,1439932906067,"326,951",Not yet rated,NULL,N/A
IFNA,$55.96,1439932906094,"1,500",Not yet rated,NULL,N/A
AAXJ,$55.67,1439932906123,"755,795",Not yet rated,NULL,N/A
AAIT,$30.54,1439932906228,"2,999",100% bullish,of 1 rating,N/A
AXJS,$52.38,1439932906255,128,Not yet rated,NULL,N/A
EEMA,$52.485,1439932906310,"31,290",Not yet rated,NULL,N/A
EMDI,NULL,1439932906341,0,Not yet rated,NULL,N/A
EEME,$39,1439932906417,32,100% bearish,of 1 rating,N/A
EMEY,NULL,1439932906449,0,Not yet rated,NULL,N/A
EGRW,$48.8812,1439932906551,512,Not yet rated,NULL,N/A
EEML,$28.75,1439932906578,178,Not yet rated,NULL,N/A
EVAL,$36.85,1439932906608,"220,260",Not yet rated,NULL,N/A
EUFN,$23.16,1439932906630,"142,246",100% bearish,of 1 rating,N/A
IEUS,$47.17,1439932906768,"6,704",100% bearish,of 1 rating,N/A
QAT,$21.99,1439932906797,200,Not yet rated,NULL,N/A
EMIF,$30.01,1439932906998,"5,162",Not yet rated,NULL,N/A
IBB,$368.28,1439932907028,"332,435",63% bullish,of 8 ratings,N/A
SOXX,$84.86,1439932907050,"171,090",50% bullish,of 2 ratings,N/A
UAE,$18.51,1439932907082,"1,100",Not yet rated,NULL,N/A
ICLN,$10.24,1439932907126,"10,460",50% bullish,of 2 ratings,N/A
INDY,$29.54,1439932907224,"124,324",100% bullish,of 1 rating,N/A
ISIS,$51.33,1439932907352,"643,677",53% bullish,of 15 ratings,$67
ISHG,$78.57,1439932907381,"5,394",100% bearish,of 1 rating,N/A
WOOD,$51.54,1439932907407,"11,464",50% bullish,of 2 ratings,N/A
IGOV,$89.96,1439932907447,"23,279",100% bearish,of 1 rating,N/A
ISLE,$19.19,1439932907478,"191,986",50% bullish,of 4 ratings,$16
ITRN,$25.53,1439932907630,"1,426",50% bullish,of 2 ratings,N/A
ITRI,$33.49,1439932907677,"269,379",Not yet rated,NULL,$37
ISRL,$138,1439932907703,278,100% bearish,of 1 rating,N/A
XXIA,$15.62,1439932907831,"258,601",71% bullish,of 7 ratings,$14.625
ITUS,$4.31,1439932907930,"2,466",Not yet rated,NULL,N/A
IXYS,$10.83,1439932907985,"127,540",50% bullish,of 4 ratings,N/A
MAYS,$57.05,1439932908115,"2,165",Not yet rated,NULL,N/A
JJSF,$118.8,1439932908141,"31,038",100% bearish,of 1 rating,N/A
JBHT,$79.95,1439932908219,"476,417",50% bullish,of 4 ratings,$89.50
JASO,$8.3,1439932908281,"651,732",82% bullish,of 17 ratings,$10
JKHY,$71.5757,1439932908306,"65,913",50% bullish,of 2 ratings,$72
JXSB,$24.21,1439932908631,200,Not yet rated,NULL,N/A
JAGX,$2.93,1439932908659,"3,800",Not yet rated,NULL,N/A
JCOM,$73.06,1439932908680,"126,598",100% bullish,of 2 ratings,$77
JACK,$85.94,1439932908740,"428,695",83% bullish,of 6 ratings,$105
JAXB,$12.94,1439932908883,"13,000",100% bullish,of 1 rating,N/A
JAKK,$9.61,1439932909059,"211,449",60% bearish,of 5 ratings,$10.50
JMBA,$13.78,1439932909156,"418,357",75% bullish,of 4 ratings,$18
JRVR,$26.9,1439932909206,"11,699",Not yet rated,NULL,$27
JASNW,NULL,1439932909312,0,50% bullish,of 2 ratings,N/A
ERW,NULL,1439932909342,0,Not yet rated,NULL,N/A
JASN,$5.18,1439932909413,"18,584",50% bullish,of 2 ratings,$9.50
JAZZ,$187.6825,1439932909442,"164,771",80% bullish,of 15 ratings,$206.50
JD,$26.62,1439932909501,"4,347,271",75% bullish,of 16 ratings,$36
JBLU,$24.06,1439932909530,"4,294,953",94% bullish,of 16 ratings,$27
JTPY,$2.96,1439932909601,200,100% bearish,of 1 rating,N/A
JCTCF,$9.54,1439932909632,40,100% bullish,of 1 rating,N/A
DATE,$6.49,1439932909730,"137,591",75% bullish,of 4 ratings,$9
JST,$4.35,1439932909860,"10,829",75% bullish,of 4 ratings,N/A
WYIGU,$10.02,1439932909938,997,Not yet rated,NULL,N/A
JOEZ,$0.189,1439932909964,"128,218",92% bullish,of 12 ratings,N/A
JIVE,$4.08,1439932910030,"579,284",75% bullish,of 4 ratings,$5
JBSS,$48.23,1439932910097,"38,739",67% bearish,of 3 ratings,N/A
JOUT,$26.95,1439932910123,"11,158",100% bearish,of 1 rating,$34
JNP,$9.88,1439932910175,"9,860",100% bullish,of 3 ratings,$15
JUNO,$41.77,1439932910307,"1,351,222",73% bullish,of 11 ratings,$71.50
KALU,$85.42,1439932910410,"70,772",67% bearish,of 3 ratings,$91
KTWO,$22.12,1439932910464,"134,946",100% bearish,of 1 rating,$28.50
KMDA,$3.86,1439932910495,"15,221",50% bullish,of 2 ratings,$8
KBIO,$1.97,1439932910525,"117,878",50% bullish,of 4 ratings,N/A
KNDI,$7.66,1439932910555,"606,610",86% bullish,of 22 ratings,N/A
KCLI,$47.74,1439932910585,"16,720",Not yet rated,NULL,N/A
KPTI,$13.42,1439932910611,"481,620",67% bearish,of 3 ratings,$41
KBSF,$3.67,1439932910823,"4,000",100% bullish,of 1 rating,N/A
KRNY,$11.78,1439932911006,"380,690",100% bearish,of 1 rating,$12
