Symbol,Price,Date,Volume,Rating,RatingVoteCount,OneYearEstimate
TFSCR,NULL,1439997602417,0,Not yet rated,NULL,N/A
DSLV,$62.57,1439997602447,"8,838",100% bearish,of 1 rating,N/A
DGLD,$83,1439997602474,"8,895",100% bullish,of 1 rating,N/A
PIH,NULL,1439997602505,0,100% bearish,of 1 rating,N/A
SRCE,$30.46,1439997602607,"8,699",100% bullish,of 3 ratings,$33
FCCY,NULL,1439997602664,0,100% bullish,of 1 rating,$13
FLWS,$9.63,1439997602690,"31,282",100% bullish,of 5 ratings,$15
FCTY,NULL,1439997602744,0,100% bullish,of 1 rating,$8.50
TFSCW,NULL,1439997602822,0,100% bearish,of 1 rating,N/A
TFSCU,NULL,1439997602879,0,Not yet rated,NULL,N/A
TFSC,NULL,1439997602954,0,100% bearish,of 1 rating,N/A
VNET,$20.85,1439997603018,"71,537",60% bullish,of 5 ratings,$29.50
TWOU,$35.05,1439997603111,"47,256",50% bullish,of 2 ratings,$39
UGLD,$9.15,1439997603157,"57,327",100% bearish,of 1 rating,N/A
USLV,$14.41,1439997603290,"164,522",86% bullish,of 7 ratings,N/A
JOBS,$27.5,1439997603363,"26,548",50% bullish,of 4 ratings,$36
CAFD,$15.56,1439997603519,"38,731",Not yet rated,NULL,$25
SIXD,$2.2825,1439997603549,"9,087",Not yet rated,NULL,N/A
SHLM,$35,1439997603593,"45,276",100% bearish,of 1 rating,$50
EGHT,$8.45,1439997603619,"42,460",82% bullish,of 17 ratings,$11
AAON,$22.675,1439997603652,"26,706",100% bearish,of 1 rating,$24
ABAX,$47.33,1439997603694,"45,417",100% bearish,of 1 rating,$60
AVHI,$14.28,1439997603903,"5,941",100% bearish,of 1 rating,$19
ABGB,$4.2101,1439997603975,"62,809",67% bullish,of 3 ratings,$5.50
ABY,$21.025,1439997604036,"44,302",100% bearish,of 2 ratings,$46
ABEO,$5.33,1439997604154,"122,674",67% bullish,of 3 ratings,$15.50
ABMD,$102.75,1439997604202,"134,677",75% bullish,of 4 ratings,$86
ABEOW,$2.2,1439997604232,"3,389",100% bullish,of 1 rating,N/A
AXAS,$1.65,1439997604337,"160,432",78% bullish,of 9 ratings,$3.50
ACHC,$79.505,1439997604396,"137,558",50% bullish,of 2 ratings,$92
ACTG,$8.5399,1439997604467,"61,006",67% bullish,of 3 ratings,$18.50
ACST,$0.365,1439997604492,"1,200",100% bullish,of 2 ratings,N/A
AXDX,$18.5899,1439997604656,"52,194",100% bearish,of 1 rating,N/A
XLRN,$30.69,1439997604688,"37,328",50% bullish,of 2 ratings,$57
ARAY,$6.02,1439997604714,"406,538",100% bearish,of 1 rating,$10.50
ACAD,$37.69,1439997604764,"108,939",85% bullish,of 20 ratings,$48
ANCX,$19.21,1439997604898,"8,820",Not yet rated,NULL,$19
VXDN,$14.42,1439997604983,238,Not yet rated,NULL,N/A
VXUP,$17.37,1439997605114,"9,950",Not yet rated,NULL,N/A
ACRX,$4.2,1439997605246,"80,022",67% bearish,of 6 ratings,$5.50
ACHN,$8.38,1439997605285,"474,942",90% bullish,of 21 ratings,$16
ACET,$24.9,1439997605315,"13,959",75% bullish,of 4 ratings,$30
AKAO,$6.96,1439997605415,"17,904",75% bullish,of 4 ratings,$15
ACNB,$20.12,1439997605466,63,Not yet rated,NULL,N/A
ACIW,$22.62,1439997605569,"38,318",50% bullish,of 2 ratings,$24
ACOR,$30.52,1439997605639,"34,310",67% bearish,of 3 ratings,$38.50
ACPW,$1.85,1439997605666,"6,264",100% bullish,of 4 ratings,$3.50
ACTS,$1.4,1439997605838,"7,304",100% bearish,of 1 rating,N/A
ATVI,$28.8851,1439997605868,"686,253",68% bullish,of 84 ratings,$31.50
ACTA,$13.51,1439997605902,"24,130",67% bearish,of 3 ratings,$25
ACXM,$20.78,1439997606003,"117,317",67% bullish,of 3 ratings,N/A
ACUR,$0.65,1439997606029,"34,002",100% bullish,of 5 ratings,$1
ADMP,$3.7899,1439997606166,"1,315",50% bullish,of 2 ratings,$10
ADMS,$19.85,1439997606197,"13,382",100% bearish,of 2 ratings,$36
ADAP,$15.26,1439997606301,"11,316",67% bullish,of 3 ratings,$22
ADEP,$7.34,1439997606499,"6,253",50% bullish,of 2 ratings,$10.75
AEY,$2.35,1439997606525,"10,999",100% bearish,of 2 ratings,N/A
ADBE,$86.03,1439997606607,"182,039",65% bullish,of 17 ratings,$90
ADTN,$15.79,1439997606673,"92,860",67% bullish,of 3 ratings,$17.125
ADMA,$9.5,1439997606698,"1,200",Not yet rated,NULL,$19
ADRO,$20.86,1439997606728,"49,655",80% bullish,of 5 ratings,$45.50
ADUS,$30.39,1439997606759,"14,782",100% bearish,of 1 rating,$31
AEIS,$25.57,1439997606859,"17,947",50% bullish,of 2 ratings,$32.50
AMD,$1.775,1439997606887,"1,101,333",83% bullish,of 102 ratings,$2
ADXS,$15.11,1439997606950,"173,757",64% bullish,of 14 ratings,$27
ADXSW,$10.7597,1439997607082,"10,820",100% bullish,of 1 rating,N/A
MULT,NULL,1439997607107,0,100% bearish,of 1 rating,N/A
AEGR,$17.94,1439997607350,"62,713",50% bullish,of 6 ratings,$26
YPRO,NULL,1439997607416,0,100% bearish,of 1 rating,N/A
AEHR,$2.24,1439997607442,12,50% bullish,of 2 ratings,N/A
AEGN,$18.65,1439997607740,"30,364",100% bearish,of 1 rating,$21
AMTX,$3.33,1439997607836,"3,900",50% bullish,of 2 ratings,$26.11
AEPI,$56.85,1439997607862,"1,539",100% bearish,of 1 rating,N/A
AEMD,$7.06,1439997608265,"12,476",Not yet rated,NULL,$27.50
AEZS,$0.1087,1439997608291,"4,801,124",90% bullish,of 21 ratings,$1.50
AERI,$16.06,1439997608364,"80,489",75% bullish,of 4 ratings,$31.50
AVAV,$25.4,1439997608467,"22,005",50% bullish,of 4 ratings,$31
AFMD,$10.7484,1439997608493,"98,183",50% bullish,of 4 ratings,$15
AGYS,$9.4,1439997608921,"1,422",100% bearish,of 1 rating,N/A
AGEN,$7.385,1439997609079,"133,128",85% bullish,of 13 ratings,$14
AFFX,$9.71,1439997609135,"26,556",80% bullish,of 5 ratings,$12
AGIO,$94.105,1439997609162,"62,361",88% bullish,of 8 ratings,$114
AGRX,$8.55,1439997609190,"7,182",100% bearish,of 1 rating,$18
AGFS,$10,1439997609217,"114,922",100% bearish,of 1 rating,N/A
AGFSW,$2.19,1439997609238,"3,535",100% bearish,of 2 ratings,N/A
AIMT,$24.2,1439997609387,"15,914",Not yet rated,NULL,N/A
ATSG,$9.46,1439997609558,"29,127",67% bullish,of 3 ratings,$13
AIRT,$22.99,1439997609589,100,100% bullish,of 1 rating,N/A
AKAM,$72.8463,1439997609652,"106,177",63% bullish,of 8 ratings,$77
AIXG,$6.13,1439997609690,"6,213",67% bearish,of 3 ratings,$6
AIRM,$39.27,1439997609756,"39,523",80% bearish,of 5 ratings,$53
AMCN,$5.07,1439997609823,"96,537",83% bullish,of 6 ratings,N/A
AKER,$2.85,1439997609849,"27,960",Not yet rated,NULL,N/A
AKBA,$6.6,1439997609882,"51,116",100% bearish,of 1 rating,$18
AKRX,$43.4,1439997610142,"92,256",78% bullish,of 9 ratings,$56
AMRI,$20.22,1439997610308,"19,496",75% bearish,of 4 ratings,$24
ALRM,$17.35,1439997610335,"7,094",100% bearish,of 1 rating,$22
ABDC,$12.8999,1439997610408,"3,464",Not yet rated,NULL,$15
ADHD,$8.835,1439997610470,"98,352",50% bullish,of 4 ratings,$18
ALXA,$1.17,1439997610501,"1,540",83% bullish,of 6 ratings,$2.125
ALSK,$2.15,1439997610536,"35,136",78% bullish,of 18 ratings,$2
ALXN,$184.14,1439997610562,"191,137",88% bullish,of 8 ratings,$223
ALDR,$36.2601,1439997610607,"57,685",67% bearish,of 3 ratings,$62
ALCO,$42.26,1439997610827,"3,380",50% bullish,of 2 ratings,N/A
ALKS,$65.9001,1439997610960,"107,049",67% bullish,of 3 ratings,$75
ALGN,$59.58,1439997610986,"106,486",100% bearish,of 2 ratings,$73
ALDX,$7.82,1439997611012,"6,996",100% bearish,of 1 rating,$14.50
ALGT,$227.69,1439997611161,"36,281",100% bearish,of 1 rating,$235
ALIM,$3.63,1439997611195,"19,872",80% bullish,of 5 ratings,$10
ALLB,$23.75,1439997611343,"1,382",Not yet rated,NULL,N/A
AHGP,$35.75,1439997611371,"18,883",67% bullish,of 3 ratings,N/A
AFOP,$18.4021,1439997611401,"25,659",75% bullish,of 8 ratings,$21
AHPI,$1.45,1439997611500,200,50% bullish,of 2 ratings,N/A
ARLP,$24.57,1439997611534,"17,151",67% bearish,of 3 ratings,$32
AIQ,$14.71,1439997611582,"1,854",67% bullish,of 3 ratings,N/A
AMOT,$16.32,1439997611678,"13,097",100% bearish,of 1 rating,N/A
ALQA,$4.6,1439997611813,"5,936",75% bullish,of 4 ratings,$8.50
MDRX,$13.89,1439997611875,"360,686",60% bullish,of 5 ratings,$16
ALLT,$5.04,1439997611943,"18,057",75% bullish,of 4 ratings,$6.25
AFAM,$48.3,1439997611971,"5,859",50% bullish,of 2 ratings,$44
ALNY,$107.18,1439997612121,"73,381",67% bullish,of 3 ratings,$148.50
AOSL,$7.31,1439997612260,"27,773",67% bullish,of 3 ratings,$9
SMCP,$23.83,1439997612289,250,Not yet rated,NULL,N/A
ASPS,$29.88,1439997612314,"19,380",67% bullish,of 3 ratings,$46.50
ALTR,$48.67,1439997612368,"386,948",80% bearish,of 5 ratings,$54
AIMC,$25.77,1439997612523,"14,281",100% bearish,of 1 rating,$28.50
ATEC,$0.6299,1439997612602,"5,100",100% bullish,of 1 rating,$2
AMRN,$2.19,1439997612632,"147,449",85% bullish,of 39 ratings,$8
AMAG,$63.59,1439997612705,"103,614",100% bullish,of 2 ratings,$77.50
AMRK,$10.62,1439997612733,700,50% bullish,of 2 ratings,$14
AMZN,$531.6,1439997612866,"300,317",81% bullish,of 263 ratings,$646
AYA,$22.5,1439997612894,"8,586",100% bearish,of 1 rating,$40
AMBC,$15.84,1439997613023,"37,914",100% bearish,of 1 rating,$16.50
AMBCW,NULL,1439997613169,0,100% bearish,of 1 rating,N/A
EPAX,$2.68,1439997613203,"9,102",100% bearish,of 1 rating,N/A
AMBA,$102.99,1439997613230,"571,829",83% bullish,of 12 ratings,$102.50
AMCX,$72.845,1439997613299,"146,178",67% bullish,of 3 ratings,$85.50
DOX,$59.97,1439997613329,"69,305",100% bullish,of 2 ratings,$60
AMED,$44.42,1439997613394,"48,070",100% bearish,of 1 rating,$42
AMDA,$0.485,1439997613429,"440,499",90% bullish,of 10 ratings,$1
UHAL,$380.395,1439997613456,"2,510",100% bullish,of 2 ratings,$393.50
ASBI,NULL,1439997613612,0,Not yet rated,NULL,N/A
ATAX,$5.3,1439997613721,"24,589",100% bullish,of 1 rating,$6.50
AMOV,$18.69,1439997613777,10,100% bearish,of 1 rating,N/A
AAL,$43.629,1439997613851,"1,593,245",93% bullish,of 87 ratings,$57
AGNC,$19.83,1439997613910,"547,143",71% bullish,of 28 ratings,$22
AGNCB,$24.1,1439997613993,"4,719",Not yet rated,NULL,N/A
AGNCP,$25.3547,1439997614137,"2,000",Not yet rated,NULL,N/A
ANCI,NULL,1439997614327,0,100% bearish,of 1 rating,N/A
ACSF,$12.7299,1439997614357,"5,452",100% bearish,of 1 rating,$15
MTGE,$15.88,1439997614383,"67,956",75% bullish,of 4 ratings,$19.50
MTGEP,NULL,1439997614420,0,Not yet rated,NULL,N/A
AETI,$3.77,1439997614447,68,67% bearish,of 3 ratings,N/A
ACAS,$14.125,1439997614486,"406,818",60% bullish,of 5 ratings,$16.75
AMIC,NULL,1439997614526,0,Not yet rated,NULL,N/A
ANAT,$102.72,1439997614785,"4,617",100% bullish,of 1 rating,N/A
AMNB,$23.37,1439997614851,943,Not yet rated,NULL,$25.50
ARII,$39.96,1439997614877,"41,501",67% bearish,of 3 ratings,$45
APEI,$21.96,1439997615127,"17,062",100% bearish,of 1 rating,$25.50
AMSWA,$9.38,1439997615157,"13,655",100% bearish,of 2 ratings,$10.75
AMWD,$65.77,1439997615186,"20,382",50% bullish,of 2 ratings,$58
ASEI,$38.735,1439997615208,"6,545",100% bearish,of 1 rating,$52.50
AMSC,$3.91,1439997615247,"15,984",50% bullish,of 4 ratings,N/A
AMRB,$10.03,1439997615275,100,Not yet rated,NULL,$11
AMSF,$50.48,1439997615348,"18,122",Not yet rated,NULL,$57.50
ABCB,$28,1439997615411,"8,122",Not yet rated,NULL,$31
ASRV,$3.2992,1439997615548,447,100% bullish,of 2 ratings,N/A
ASRVP,NULL,1439997615575,0,Not yet rated,NULL,N/A
CRMT,$44.1,1439997615607,"3,083",100% bearish,of 1 rating,$49
AMGN,$165.22,1439997615740,"501,577",89% bullish,of 19 ratings,$185
ATLO,$24.07,1439997615778,48,Not yet rated,NULL,N/A
AMPH,$14.2,1439997615963,"43,668",50% bullish,of 2 ratings,$20
AMKR,$4.295,1439997615990,"220,699",100% bearish,of 2 ratings,$5
FOLD,$15.89,1439997616022,"133,498",56% bullish,of 9 ratings,$21
AMSGP,NULL,1439997616052,0,Not yet rated,NULL,N/A
AMSG,$83.18,1439997616124,"76,117",100% bearish,of 1 rating,$85.50
ASYS,$5.575,1439997616150,"18,200",67% bullish,of 3 ratings,$12
AMRS,$1.62,1439997616228,"19,478",70% bullish,of 10 ratings,N/A
AFSI,$63.7495,1439997616285,"59,729",60% bullish,of 5 ratings,$72
ANAC,$127.6401,1439997616457,"125,215",80% bullish,of 5 ratings,$180.50
ANAD,$0.355,1439997616514,"124,024",100% bullish,of 2 ratings,$.50
ADI,$58.44,1439997616672,"2,832,358",67% bullish,of 3 ratings,$68
ALOG,$82.2,1439997616803,"6,061",100% bearish,of 2 ratings,$100.50
ABCW,$40.8,1439997616832,"1,039",67% bullish,of 3 ratings,N/A
ANCB,$22.56,1439997616938,1,Not yet rated,NULL,$23
ANGO,$14.74,1439997616964,"9,116",67% bullish,of 3 ratings,$19
AMCF,$0.259,1439997616992,410,100% bullish,of 7 ratings,N/A
ANGI,$4.375,1439997617019,"183,894",64% bullish,of 11 ratings,$5.50
ANIP,$54.31,1439997617178,"22,782",89% bullish,of 19 ratings,$66
ANTH,$8.74,1439997617351,"203,288",80% bullish,of 10 ratings,$13
ANIK,$35.66,1439997617445,"17,290",60% bullish,of 5 ratings,$51.25
ATRS,$1.845,1439997617497,"109,357",92% bullish,of 12 ratings,$4.50
ATNY,$2.31,1439997617523,54,50% bullish,of 2 ratings,$3.75
ABAC,$0.84,1439997617550,"7,600",100% bearish,of 1 rating,N/A
ANSS,$95.94,1439997617577,"66,512",100% bearish,of 1 rating,$100
APIC,$7.4,1439997617713,"38,980",100% bearish,of 1 rating,$19
APOG,$53.55,1439997617873,"31,500",100% bullish,of 1 rating,$62
APPF,$17.97,1439997617979,"29,701",50% bullish,of 2 ratings,$22
AAPL,$115.025,1439997618015,"8,983,945",86% bullish,of 2334 ratings,$150
APOL,$11.61,1439997618083,"214,706",87% bearish,of 68 ratings,$14
APDN,$3.28,1439997618110,"13,365",Not yet rated,NULL,$9
AINV,$6.62,1439997618141,"455,226",50% bullish,of 4 ratings,$8
ARCI,$1.25,1439997618168,200,Not yet rated,NULL,N/A
APDNW,NULL,1439997618241,0,Not yet rated,NULL,N/A
AGTC,$15.6901,1439997618420,"20,269",50% bullish,of 2 ratings,$33
AMAT,$16.36,1439997618518,"2,192,893",82% bullish,of 11 ratings,$23
AMCC,$5.57,1439997618548,"119,582",80% bullish,of 5 ratings,$8
AREX,$2.45,1439997618653,"90,231",100% bearish,of 1 rating,$3
APTO,$5.1387,1439997618706,226,Not yet rated,NULL,$17
APRI,$1.2399,1439997618733,"75,012",83% bullish,of 6 ratings,$4.86
AAOI,$21.45,1439997618759,"56,662",50% bullish,of 4 ratings,$26
AQXP,$18.109,1439997619430,"256,895",50% bullish,of 2 ratings,$2
AUMAU,NULL,1439997619586,0,Not yet rated,NULL,N/A
AQMS,$5.39,1439997619637,"4,450",Not yet rated,NULL,N/A
AUMA,NULL,1439997619742,0,Not yet rated,NULL,N/A
AUMAW,NULL,1439997619885,0,Not yet rated,NULL,N/A
ARDM,$7.4,1439997620211,600,100% bullish,of 1 rating,$26
ARCW,$3.66,1439997620239,"1,586",100% bearish,of 2 ratings,$10.50
PETX,$17.03,1439997620303,"31,049",100% bearish,of 2 ratings,$26
ABUS,$7.83,1439997620379,"98,863",86% bullish,of 14 ratings,$23
ABIO,$0.9029,1439997620413,"50,811",50% bullish,of 2 ratings,$3.75
RKDA,$5.815,1439997620440,"6,568",100% bearish,of 2 ratings,$10
ACGL,$73.34,1439997620514,"37,766",50% bullish,of 2 ratings,$72
ARCB,$31.52,1439997620540,"31,964",50% bullish,of 2 ratings,$39.50
ARNA,$3.0368,1439997620607,"642,637",90% bullish,of 77 ratings,$5.50
AGIIL,$25.4132,1439997620842,"2,817",Not yet rated,NULL,N/A
ARCC,$15.89,1439997620868,"159,174",67% bearish,of 3 ratings,$17.875
AGII,$58.705,1439997620893,"41,549",Not yet rated,NULL,$59.50
ACAT,$28.95,1439997620942,"49,660",100% bearish,of 3 ratings,$33
ARDX,$17.9,1439997621106,"38,596",50% bullish,of 2 ratings,$24.50
ARIS,NULL,1439997621134,0,Not yet rated,NULL,$4.50
ARGS,$4.74,1439997621157,"7,553",50% bullish,of 2 ratings,$19.50
ARTX,$1.6,1439997621325,"97,112",88% bullish,of 16 ratings,$4.50
ARMH,$42.1,1439997621354,"199,075",54% bearish,of 13 ratings,$61
ARIA,$7.167,1439997621382,"330,665",87% bullish,of 46 ratings,$9
ARKR,NULL,1439997621513,0,50% bullish,of 2 ratings,N/A
ARWAR,NULL,1439997621539,0,Not yet rated,NULL,N/A
ARWA,NULL,1439997621602,0,Not yet rated,NULL,N/A
ARWAU,NULL,1439997621628,0,100% bullish,of 1 rating,N/A
ARWAW,NULL,1439997621788,0,Not yet rated,NULL,N/A
ARQL,$1.68,1439997621851,"24,819",75% bullish,of 4 ratings,$5
ARRY,$5.57,1439997621888,"222,657",100% bullish,of 7 ratings,$10
ARRS,$27.72,1439997621937,"565,895",50% bullish,of 2 ratings,$38
DWAT,NULL,1439997622157,0,100% bearish,of 1 rating,N/A
ARWR,$5.57,1439997622215,"214,096",75% bullish,of 4 ratings,$10.50
AROW,$27.31,1439997622294,"2,816",Not yet rated,NULL,N/A
ASBB,$23.45,1439997622352,"1,200",Not yet rated,NULL,N/A
ARTNA,$22.46,1439997622384,355,100% bearish,of 1 rating,$29
ARTW,NULL,1439997622489,0,75% bearish,of 4 ratings,N/A
ASNA,$11.87,1439997622621,"520,742",50% bullish,of 2 ratings,$18
ASND,$17.98,1439997622695,"17,968",100% bullish,of 1 rating,$30
APWC,NULL,1439997622766,0,100% bearish,of 1 rating,N/A
ASTI,$0.1361,1439997622838,"419,045",83% bullish,of 6 ratings,$3
ASMI,$37.9,1439997622901,200,50% bullish,of 2 ratings,N/A
ASCMA,$28.1,1439997622927,"21,086",100% bearish,of 1 rating,$45
ASML,$90.28,1439997623003,"268,763",67% bullish,of 3 ratings,$127
AZPN,$39.24,1439997623204,"173,414",50% bullish,of 2 ratings,$42
ASFI,$9.0399,1439997623242,"1,538",100% bullish,of 1 rating,N/A
ASMB,$12.72,1439997623308,"17,900",67% bullish,of 3 ratings,N/A
ALOT,$13.35,1439997623394,202,100% bearish,of 1 rating,N/A
ASUR,$6,1439997623423,"9,050",Not yet rated,NULL,$8
ATRO,$55.39,1439997623451,"31,905",100% bearish,of 2 ratings,$80
ASTE,$36.97,1439997623477,"11,272",100% bearish,of 1 rating,$48
ASTC,$2.35,1439997623777,"9,008",100% bullish,of 5 ratings,N/A
ATAI,$2.9294,1439997623834,"11,901",100% bearish,of 1 rating,N/A
AAPC,NULL,1439997624033,0,Not yet rated,NULL,N/A
ATRA,$48.04,1439997624098,"18,946",50% bullish,of 2 ratings,$68
ATHN,$138.39,1439997624128,"23,874",67% bearish,of 3 ratings,$153
AFCB,NULL,1439997624155,0,Not yet rated,NULL,N/A
ACFC,$6.33,1439997624232,"20,522",Not yet rated,NULL,$6.50
AAME,NULL,1439997624285,0,Not yet rated,NULL,N/A
ATNI,$74.19,1439997624318,"15,125",100% bearish,of 1 rating,$69.50
ATHX,$1.195,1439997624346,"19,908",89% bullish,of 9 ratings,$5
ATLC,$3.9511,1439997624421,802,67% bullish,of 3 ratings,N/A
AAWW,$44.58,1439997624481,"133,584",50% bullish,of 2 ratings,$65
ATML,$7.655,1439997624688,"1,224,468",78% bullish,of 9 ratings,$9.50
ATOS,$0.91,1439997624817,"6,180",100% bullish,of 7 ratings,$7
AFH,$17.09,1439997624843,"3,552",Not yet rated,NULL,$21.50
ATRC,$27.12,1439997624906,"17,522",100% bullish,of 1 rating,$30
ATRM,NULL,1439997624986,0,50% bullish,of 2 ratings,N/A
ATRI,$395.88,1439997625011,257,Not yet rated,NULL,N/A
ATTU,$14.97,1439997625190,"16,397",100% bearish,of 1 rating,$20.50
LIFE,$14.4001,1439997625218,"23,245",86% bullish,of 7 ratings,$43
AUBN,$27.19,1439997625244,100,Not yet rated,NULL,N/A
EARS,$4.98,1439997625378,"5,939",100% bearish,of 2 ratings,$12
AUDC,$3.31,1439997625417,"33,538",80% bullish,of 5 ratings,$5
AUPH,$3.42,1439997625439,"10,768",100% bearish,of 1 rating,$8
ABTL,$18.73,1439997625513,"13,553",100% bullish,of 4 ratings,$20.25
ADAT,$0.1139,1439997625543,"1,366",100% bullish,of 2 ratings,N/A
ADSK,$54.07,1439997625791,"124,731",83% bullish,of 6 ratings,$69.50
ADP,$84.305,1439997625841,"335,240",100% bearish,of 1 rating,$88
AVGO,$119.66,1439997625866,"394,823",88% bullish,of 8 ratings,$160
AAVL,$10.48,1439997625997,"181,638",100% bearish,of 1 rating,$20
AVNU,$12.73,1439997626099,"2,350",Not yet rated,NULL,$14
AVNW,$1.13,1439997626178,"7,206",50% bullish,of 2 ratings,$2.20
AVGR,$15.443,1439997626232,429,100% bearish,of 1 rating,$20
AVEO,$1.4708,1439997626285,"885,450",75% bullish,of 8 ratings,$3
CAR,$45.95,1439997626317,"390,069",80% bullish,of 5 ratings,$60
AWRE,$3.24,1439997626362,"2,202",67% bullish,of 3 ratings,N/A
ACLS,$3.13,1439997626421,"118,542",67% bullish,of 6 ratings,$4.75
AVID,$8.225,1439997626447,"64,425",100% bearish,of 1 rating,$20
AXPWW,NULL,1439997626721,0,Not yet rated,NULL,N/A
AXPW,$1.1982,1439997626747,"31,852",83% bullish,of 6 ratings,N/A
AXTI,$2.18,1439997626799,"8,218",50% bullish,of 2 ratings,$2.75
AXGN,$3.89,1439997626829,"17,114",Not yet rated,NULL,$5
BCOM,$19.52,1439997626931,8,100% bearish,of 1 rating,N/A
RILY,NULL,1439997626959,0,Not yet rated,NULL,N/A
BOSC,$2.21,1439997627066,710,50% bullish,of 2 ratings,N/A
BIDU,$162.45,1439997627170,"1,011,525",81% bullish,of 88 ratings,$215
BCPC,$59.63,1439997627236,"10,318",100% bearish,of 1 rating,$75
BEAV,$50.99,1439997627319,"124,528",67% bearish,of 3 ratings,$59
BLDP,$1.345,1439997627367,"41,000",91% bullish,of 22 ratings,$2.50
BANF,$62.69,1439997627396,"2,341",Not yet rated,NULL,$68
BWINB,$23.18,1439997627426,"1,700",Not yet rated,NULL,N/A
BWINA,NULL,1439997627496,0,Not yet rated,NULL,N/A
BANFP,$27.2,1439997627624,100,Not yet rated,NULL,N/A
BKMU,$7.23,1439997627723,"79,058",Not yet rated,NULL,$8
BOCH,$5.8,1439997627795,600,Not yet rated,NULL,$6.50
BOTJ,$11.4,1439997627857,3,Not yet rated,NULL,N/A
BMRC,$48.5,1439997627882,562,Not yet rated,NULL,$52
BKSC,NULL,1439997627939,0,Not yet rated,NULL,N/A
BFIN,$12.06,1439997628112,"1,104",Not yet rated,NULL,$13
OZRK,$42.96,1439997628142,"82,237",67% bullish,of 3 ratings,$49.50
BWFG,NULL,1439997628173,0,100% bearish,of 1 rating,N/A
BANR,$46.842,1439997628219,"3,075",100% bullish,of 3 ratings,$50
TAPR,$31.63,1439997628281,"1,505",100% bearish,of 1 rating,N/A
BZUN,$7.57,1439997628357,"315,243",50% bullish,of 2 ratings,$13.85
BHAC,NULL,1439997628387,0,Not yet rated,NULL,N/A
BHACR,NULL,1439997628482,0,Not yet rated,NULL,N/A
BHACU,NULL,1439997628681,0,Not yet rated,NULL,N/A
BHACW,NULL,1439997628749,0,Not yet rated,NULL,N/A
BBSI,$35.56,1439997628848,"24,611",67% bearish,of 3 ratings,$62.50
BSET,$31.47,1439997628880,"20,885",100% bearish,of 1 rating,$35
BV,$5.26,1439997628908,"62,132",67% bullish,of 6 ratings,$9
BYBK,$5.05,1439997628935,10,100% bearish,of 1 rating,N/A
BYLK,$12.9401,1439997628989,846,Not yet rated,NULL,$14
BCBP,$11.71,1439997629144,200,Not yet rated,NULL,N/A
BBCN,$15.44,1439997629175,"17,361",100% bearish,of 1 rating,$16
BECN,$35.75,1439997629277,"36,407",50% bullish,of 2 ratings,$40
BSF,$9.1053,1439997629343,"1,267",Not yet rated,NULL,N/A
BDCV,$4.96,1439997629413,3,100% bearish,of 1 rating,$10.19
BBGI,$4.6,1439997629546,916,100% bearish,of 1 rating,N/A
BEBE,$1.8,1439997629606,"36,128",75% bullish,of 4 ratings,$3.075
BBBY,$63.27,1439997629679,"167,011",71% bullish,of 7 ratings,$75
BELFB,$19.88,1439997629706,"7,142",100% bearish,of 1 rating,N/A
BLPH,$5.81,1439997629734,"27,314",100% bearish,of 1 rating,$12.50
BELFA,NULL,1439997629759,0,100% bearish,of 1 rating,N/A
BLCM,$18.925,1439997630225,"48,857",50% bullish,of 4 ratings,$40
BNCL,$12.93,1439997630360,"41,798",100% bullish,of 3 ratings,$12.50
BNTC,$8.1,1439997630459,"33,566",100% bullish,of 1 rating,N/A
BGCP,$9.405,1439997630676,"183,816",88% bullish,of 8 ratings,$14
BGMD,$0.8399,1439997630731,"72,389",100% bullish,of 10 ratings,N/A
BGFV,$11.16,1439997630759,"20,262",57% bullish,of 7 ratings,$12
BIND,$4.5047,1439997630781,"6,861",67% bullish,of 3 ratings,$13.50
BNFT,$38.72,1439997630814,"28,362",67% bullish,of 3 ratings,$46
ORPN,$5.63,1439997630835,"2,200",100% bullish,of 1 rating,$28.50
BASI,NULL,1439997630867,0,Not yet rated,NULL,N/A
BCDA,NULL,1439997631001,0,Not yet rated,NULL,N/A
BIOD,$0.6902,1439997631131,"41,825",80% bullish,of 5 ratings,$4
BCRX,$11.53,1439997631189,"97,850",63% bullish,of 8 ratings,$18
BIIB,$314.03,1439997631274,"342,249",88% bullish,of 16 ratings,$400
BIOC,$2.24,1439997631419,"722,309",83% bullish,of 6 ratings,$3.70
BDSI,$6.51,1439997631444,"185,332",88% bullish,of 8 ratings,$17
BLFS,$2.18,1439997631575,"33,259",100% bearish,of 1 rating,$4.75
BIOL,$1.57,1439997631608,"12,642",Not yet rated,NULL,N/A
BLRX,$1.5,1439997631658,"31,586",100% bullish,of 12 ratings,$5
BPTH,$1.12,1439997631708,"32,645",100% bullish,of 2 ratings,$5
BMRN,$134.1,1439997631734,"89,173",80% bullish,of 5 ratings,$160
BVXV,$4.05,1439997631784,"1,300",Not yet rated,NULL,N/A
BIOS,$1.55,1439997631885,"138,232",71% bullish,of 7 ratings,$4
BVXVW,NULL,1439997632030,0,100% bearish,of 1 rating,N/A
BRLI,$34.64,1439997632063,"77,600",83% bullish,of 6 ratings,N/A
BBC,$31.8614,1439997632104,"8,742",Not yet rated,NULL,N/A
BBP,$33.8,1439997632197,"8,987",Not yet rated,NULL,N/A
BSTC,$49.88,1439997632358,"19,987",100% bearish,of 1 rating,$76
BSPM,$0.7,1439997632455,"1,150",50% bullish,of 2 ratings,N/A
BOTA,$2.23,1439997632512,"13,521",88% bullish,of 8 ratings,N/A
BITI,$19.28,1439997632549,"7,808",100% bullish,of 1 rating,$28
BJRI,$46.43,1439997632583,"29,967",50% bullish,of 2 ratings,$55
TECH,$105.1,1439997632610,"10,286",100% bullish,of 1 rating,$117
BDMS,NULL,1439997632680,0,100% bearish,of 1 rating,N/A
BEAT,$12.27,1439997632710,"28,720",67% bearish,of 3 ratings,$15
BDE,$7.47,1439997632877,"26,152",50% bullish,of 2 ratings,$9
BBOX,$15.3,1439997632933,"8,773",100% bearish,of 1 rating,N/A
BLKB,$61.09,1439997632959,"24,608",100% bearish,of 2 ratings,$66
BBRY,$7.44,1439997633135,"728,520",61% bullish,of 330 ratings,$9
BKCC,$9.28,1439997633194,"89,653",100% bullish,of 2 ratings,$10
HAWK,$43.88,1439997633279,"41,573",90% bullish,of 10 ratings,$49
ADRA,$28.5,1439997633353,100,Not yet rated,NULL,N/A
ADRE,$31.028,1439997633412,"2,833",Not yet rated,NULL,N/A
BLMN,$21.48,1439997633455,"117,653",83% bullish,of 6 ratings,$27.50
ADRD,$23.165,1439997633548,600,100% bearish,of 1 rating,N/A
BLBD,$12.95,1439997633584,"2,935",Not yet rated,NULL,N/A
ADRU,$22.9799,1439997633610,103,100% bearish,of 1 rating,N/A
BCOR,$13.47,1439997633753,"27,952",57% bullish,of 7 ratings,$15
BUFF,$27.555,1439997633779,"95,911",83% bullish,of 12 ratings,$31.50
BHBK,$14.3404,1439997633924,"7,777",100% bullish,of 1 rating,$14.50
BBLU,$0.88,1439997633949,"15,905",100% bullish,of 2 ratings,$4.43
BLUE,$122.81,1439997634178,"145,794",86% bullish,of 7 ratings,$217.50
NILE,$34.42,1439997634224,"18,758",50% bullish,of 2 ratings,$34
BKEP,$6.95,1439997634323,"2,266",100% bearish,of 1 rating,$8.50
WIFI,$8.5999,1439997634418,"108,703",50% bullish,of 2 ratings,$13.50
BKEPP,NULL,1439997634465,0,100% bearish,of 1 rating,N/A
BOBE,$45.69,1439997634499,"11,463",75% bullish,of 4 ratings,$57
BOFI,$131.32,1439997634550,"22,863",100% bullish,of 6 ratings,$144
BPMC,$27.3,1439997634598,"8,142",50% bullish,of 2 ratings,$47.50
BNCN,$21.79,1439997634628,"3,429",Not yet rated,NULL,$23
BOJA,$21.9,1439997634734,"84,972",100% bullish,of 1 rating,$30
BOKF,$65.26,1439997634779,"14,394",100% bearish,of 1 rating,$71
BPFHP,$25.3,1439997635136,"1,400",100% bearish,of 1 rating,N/A
BPFHW,$6.79,1439997635175,"1,210",100% bearish,of 1 rating,N/A
BNSO,$1.5799,1439997635234,"26,079",100% bearish,of 1 rating,N/A
BONA,$12.04,1439997635262,"29,152",75% bullish,of 4 ratings,$8.50
BAMM,$3.205,1439997635307,"2,908",60% bullish,of 5 ratings,N/A
BPFH,$12.45,1439997635339,"42,237",100% bearish,of 1 rating,$14
BDBD,$8.59,1439997635444,"95,075",60% bullish,of 5 ratings,$10
EPAY,$26.19,1439997635471,"17,043",100% bearish,of 2 ratings,$30
BBRG,$12.94,1439997635547,"13,168",67% bullish,of 3 ratings,$14.50
BBEP,$2.3471,1439997635610,"616,663",69% bullish,of 13 ratings,$5.625
BBEPP,$13.7,1439997635706,"8,699",100% bearish,of 1 rating,N/A
BCLI,$3.1999,1439997635732,"60,506",80% bullish,of 5 ratings,$12
BDGE,$27.97,1439997635909,"5,673",Not yet rated,NULL,$31.75
BLIN,$1.3301,1439997636002,"8,000",50% bullish,of 2 ratings,$2.20
BRID,$8.8,1439997636085,200,100% bearish,of 1 rating,N/A
BYFC,NULL,1439997636212,0,50% bullish,of 2 ratings,N/A
BCOV,$5.35,1439997636276,"17,399",67% bullish,of 3 ratings,$10.20
BRCM,$50.53,1439997636312,"581,678",75% bullish,of 12 ratings,$56
BVSN,$5.91,1439997636339,"13,239",60% bearish,of 5 ratings,N/A
BSFT,$32.98,1439997636374,"14,294",57% bullish,of 7 ratings,$40.50
BRCD,$10.01,1439997636471,"753,937",92% bullish,of 13 ratings,$12.50
BRKL,$10.82,1439997636500,"61,052",100% bearish,of 1 rating,$10.75
BWEN,$3.5,1439997636628,"33,087",100% bullish,of 3 ratings,$8
BRKR,$19.745,1439997636807,"92,960",100% bearish,of 2 ratings,$22
BRKS,$10.38,1439997636890,"25,793",67% bullish,of 3 ratings,$15.25
BSQR,$6.83,1439997636939,"18,196",67% bullish,of 3 ratings,N/A
BMTC,$29.56,1439997636964,"3,213",Not yet rated,NULL,$34
BLMT,$21.15,1439997637031,840,Not yet rated,NULL,N/A
BLDR,$14.915,1439997637096,"411,838",50% bullish,of 2 ratings,$22
BWLD,$199.082,1439997637122,"109,618",82% bullish,of 11 ratings,$205
BUR,$1.98,1439997637191,"1,200",100% bearish,of 1 rating,$8
CCMP,$44.4,1439997637374,"9,918",50% bullish,of 2 ratings,$59
CHRW,$70.3,1439997637408,"286,404",Not yet rated,NULL,$72
CFFI,NULL,1439997637431,0,100% bearish,of 1 rating,N/A
CA,$29.39,1439997637476,"286,925",50% bullish,of 4 ratings,$33
CDNS,$21.555,1439997637507,"263,482",75% bullish,of 4 ratings,$22.50
CDZI,$7.435,1439997637573,"10,432",100% bearish,of 1 rating,N/A
CACQ,$7.11,1439997637640,"6,717",100% bearish,of 1 rating,$12.25
CZR,$6.965,1439997637904,"169,528",60% bearish,of 5 ratings,$10.50
CSTE,$42.21,1439997637936,"606,603",100% bearish,of 1 rating,$65
CHY,$11.89,1439997638037,"53,638",Not yet rated,NULL,N/A
CLBS,$1.38,1439997638062,"37,101",79% bullish,of 14 ratings,$4
PRSS,$4.51,1439997638088,"2,800",80% bullish,of 5 ratings,$4.50
CLMS,$11.79,1439997638144,"8,935",Not yet rated,NULL,$10.50
CCD,$21.28,1439997638276,"38,657",Not yet rated,NULL,N/A
CHI,$11.0999,1439997638319,"79,302",100% bearish,of 1 rating,N/A
CFGE,NULL,1439997638469,0,Not yet rated,NULL,N/A
CSQ,$10.44,1439997638541,"85,814",Not yet rated,NULL,N/A
CHW,$8,1439997638571,"47,046",100% bearish,of 1 rating,N/A
CGO,$12.7,1439997638598,"10,712",100% bearish,of 1 rating,N/A
CVGW,$53.89,1439997638626,"26,331",50% bullish,of 2 ratings,$58.50
CAMP,$16.11,1439997638651,"90,740",86% bullish,of 7 ratings,$25
CFNB,$13.38,1439997638888,2,100% bearish,of 1 rating,N/A
CALA,$5.26,1439997639037,"85,623",100% bullish,of 3 ratings,$19.50
CLMT,$26.05,1439997639067,"82,436",75% bullish,of 8 ratings,$31
ABCD,$4.65,1439997639170,"19,355",83% bullish,of 6 ratings,N/A
CALM,$50.005,1439997639229,"134,929",80% bullish,of 5 ratings,$65
CAMBU,NULL,1439997639390,0,100% bearish,of 1 rating,N/A
CAC,$40.39,1439997639447,"4,400",Not yet rated,NULL,N/A
CAMBW,NULL,1439997639476,0,Not yet rated,NULL,N/A
CALD,$15.9573,1439997639505,"15,060",100% bearish,of 1 rating,$20.50
CAMT,$2.955,1439997639533,300,73% bullish,of 11 ratings,$4
CSIQ,$20.3301,1439997639579,"5,795,904",86% bullish,of 28 ratings,$45
CAMB,NULL,1439997639641,0,Not yet rated,NULL,N/A
CPLA,$48.555,1439997639910,"11,665",50% bullish,of 2 ratings,$65
CPHC,NULL,1439997639932,0,100% bearish,of 1 rating,N/A
CBNJ,$10.91,1439997640015,"1,772",100% bullish,of 1 rating,N/A
CGIX,$10.18,1439997640094,"10,504",67% bullish,of 3 ratings,$14.375
CPLP,$7.03,1439997640286,"44,407",71% bullish,of 7 ratings,$11
CBF,$30.3,1439997640313,"8,276",Not yet rated,NULL,$32
CPTA,$14.8,1439997640335,"10,630",Not yet rated,NULL,$18.50
CCBG,$15.08,1439997640364,"1,500",Not yet rated,NULL,$17.25
CAPN,$2.4501,1439997640555,"86,040",100% bullish,of 1 rating,$10.85
CAPNW,NULL,1439997640616,0,Not yet rated,NULL,N/A
CSWC,$48.75,1439997640643,"2,125",Not yet rated,NULL,N/A
CFFN,$12.15,1439997640676,"58,193",Not yet rated,NULL,$12.75
CPST,$0.39,1439997640811,"130,591",95% bullish,of 22 ratings,$1
CARA,$21.195,1439997640838,"36,524",50% bullish,of 4 ratings,$27.50
CAPR,$4.22,1439997640859,"11,204",Not yet rated,NULL,$12
CARB,$11.68,1439997641065,"28,402",75% bullish,of 4 ratings,$12
CBYL,$6.35,1439997641198,"20,531",100% bearish,of 1 rating,$20
CRME,$9.6616,1439997641292,"2,508",89% bullish,of 9 ratings,$11.25
CRDC,$0.4,1439997641323,"15,825",100% bullish,of 1 rating,$1.25
CFNL,$23.1785,1439997641355,"5,594",Not yet rated,NULL,$24
CECO,$3.63,1439997641384,"59,330",67% bearish,of 3 ratings,$6
CSII,$24,1439997641418,"40,591",100% bearish,of 2 ratings,$42.125
CATM,$34.88,1439997641459,"58,793",100% bearish,of 1 rating,$44
CDNA,$6.36,1439997641489,100,100% bearish,of 1 rating,$9
CARO,$15.36,1439997641760,200,100% bearish,of 1 rating,$19
CLBH,$12.76,1439997641786,"2,130",Not yet rated,NULL,$16.50
CTRE,$11.595,1439997641813,"40,638",50% bullish,of 2 ratings,N/A
CKEC,$23.2601,1439997641970,"12,984",50% bullish,of 2 ratings,$35.915
CART,$5.4501,1439997642031,900,100% bearish,of 1 rating,N/A
TAST,$12.73,1439997642070,"34,880",Not yet rated,NULL,$14.25
CRZO,$33.79,1439997642134,"152,897",67% bearish,of 3 ratings,$57
CRTN,NULL,1439997642160,0,100% bearish,of 1 rating,N/A
CARV,$6.15,1439997642196,"1,041",50% bullish,of 2 ratings,N/A
CWST,$6.38,1439997642294,"13,444",50% bullish,of 2 ratings,$7
CASM,$1.15,1439997642324,"16,573",100% bullish,of 1 rating,$3.50
CACB,$5.545,1439997642398,"10,420",Not yet rated,NULL,$5.50
CSCD,$14,1439997642542,"73,794",100% bullish,of 2 ratings,$17
CASY,$106.86,1439997642613,"50,480",50% bullish,of 2 ratings,$99.50
CASS,$49.98,1439997642821,"7,078",100% bearish,of 1 rating,N/A
CASI,$1.42,1439997642846,"2,575",100% bullish,of 1 rating,$3.50
CPRX,$3.855,1439997643046,"169,528",71% bullish,of 7 ratings,$7
CATB,$11.97,1439997643073,"9,158",100% bearish,of 1 rating,$28
CATYW,NULL,1439997643104,0,100% bearish,of 1 rating,N/A
CVCO,$73.56,1439997643131,"1,890",100% bearish,of 1 rating,N/A
CATY,$31.53,1439997643204,"42,333",100% bearish,of 1 rating,$33.50
CBFV,$20.04,1439997643298,100,Not yet rated,NULL,N/A
CNLM,NULL,1439997643342,0,Not yet rated,NULL,N/A
CNLMU,NULL,1439997643367,0,100% bullish,of 1 rating,N/A
CAVM,$71.4,1439997643536,"38,584",67% bearish,of 3 ratings,$72
CBOE,$63.57,1439997643570,"49,668",Not yet rated,NULL,$60
CNLMR,NULL,1439997643592,0,Not yet rated,NULL,N/A
CNLMW,NULL,1439997643733,0,Not yet rated,NULL,N/A
CDK,$49.115,1439997643764,"70,740",67% bearish,of 3 ratings,$50
CDW,$39.12,1439997643839,"86,951",75% bullish,of 4 ratings,$44
CPXX,$2.14,1439997644084,"20,736",100% bullish,of 2 ratings,$7
CECE,$10.04,1439997644117,"28,183",50% bullish,of 2 ratings,$16
CELGZ,$1.96,1439997644139,"4,500",80% bullish,of 5 ratings,N/A
CELG,$127.93,1439997644182,"608,558",92% bullish,of 13 ratings,$155.50
CLDN,$1.07,1439997644215,"23,302",71% bullish,of 7 ratings,$3
CLRBW,NULL,1439997644312,0,Not yet rated,NULL,N/A
CLDX,$15.47,1439997644364,"473,000",89% bullish,of 9 ratings,$36
CLLS,$32.06,1439997644399,"14,576",75% bullish,of 4 ratings,$51.50
CBMG,$22.85,1439997644534,"23,545",50% bullish,of 2 ratings,N/A
CLTX,$1.12,1439997644570,"329,668",100% bullish,of 2 ratings,N/A
CLRB,NULL,1439997644600,0,100% bearish,of 1 rating,N/A
CYAD,$54.98,1439997644705,"2,688",100% bullish,of 1 rating,$87.50
CLSN,$2.0901,1439997644766,"66,846",80% bullish,of 10 ratings,$7.50
CEMP,$38.565,1439997644894,"476,466",71% bullish,of 7 ratings,$48.50
CETX,$2.56,1439997645001,"2,400",Not yet rated,NULL,$5.60
CSFL,$14.1,1439997645066,"5,422",Not yet rated,NULL,$15
CFBK,NULL,1439997645136,0,Not yet rated,NULL,N/A
CETV,$2.13,1439997645166,"32,330",67% bullish,of 3 ratings,$2.80
CENT,$12.17,1439997645274,"11,268",Not yet rated,NULL,$10
CENTA,$12.78,1439997645304,"48,303",Not yet rated,NULL,N/A
CVCY,NULL,1439997645333,0,Not yet rated,NULL,$12
CENX,$5.0106,1439997645405,"445,981",67% bullish,of 6 ratings,$9
CNBKA,$41.2,1439997645541,118,100% bullish,of 1 rating,N/A
CNTY,$6.32,1439997645932,"7,524",80% bullish,of 5 ratings,$7.75
CPHD,$50.24,1439997646036,"51,454",50% bullish,of 2 ratings,$66.50
CRNT,$1.45,1439997646170,"105,620",50% bullish,of 2 ratings,$2
CERE,$1.34,1439997646214,"364,957",88% bullish,of 8 ratings,N/A
CERU,$3.43,1439997646241,"3,464",75% bullish,of 4 ratings,$15
CERS,$4.935,1439997646302,"143,290",75% bullish,of 4 ratings,$7
CERN,$65.22,1439997646328,"378,270",67% bullish,of 3 ratings,$79
CEVA,$19.06,1439997646396,"9,643",100% bearish,of 1 rating,$25
KOOL,$0.691,1439997646472,310,100% bullish,of 5 ratings,$7
CYOU,$20,1439997646502,"62,572",50% bullish,of 6 ratings,$24
CTHR,$1.24,1439997646634,"5,817",50% bullish,of 2 ratings,$2.50
GTLS,$23.8228,1439997646721,"44,151",50% bullish,of 4 ratings,$40
HOTRW,$0.33,1439997646765,700,Not yet rated,NULL,N/A
CHTR,$187.58,1439997646791,"295,323",100% bearish,of 2 ratings,$196
HOTR,$1.33,1439997646818,"222,772",100% bullish,of 2 ratings,$5
CHFN,$12.54,1439997646970,902,Not yet rated,NULL,$14
CHKP,$81.47,1439997647176,"64,233",50% bullish,of 4 ratings,$92
CHEK,$2.99,1439997647214,"3,309",Not yet rated,NULL,$7.75
CEMI,$4.51,1439997647308,"18,252",50% bullish,of 2 ratings,$7.50
CHFC,$32.52,1439997647335,"7,392",100% bearish,of 1 rating,$36
CCXI,$6.85,1439997647366,"13,539",67% bullish,of 3 ratings,$14
CHEKW,NULL,1439997647394,0,Not yet rated,NULL,N/A
CHKE,$26.83,1439997647421,"6,417",100% bearish,of 1 rating,$32.50
CHMG,$26.5,1439997647586,100,Not yet rated,NULL,$30
CHMA,$25.9829,1439997647642,"23,699",Not yet rated,NULL,$40
CHEV,$14.46,1439997647716,150,Not yet rated,NULL,N/A
CBNK,$16.57,1439997647847,100,100% bearish,of 1 rating,N/A
PLCE,$61.18,1439997647873,"72,033",100% bearish,of 1 rating,$71
CADC,NULL,1439997648009,0,78% bullish,of 9 ratings,N/A
CMRX,$50.8,1439997648038,"39,687",50% bullish,of 2 ratings,$57
CAAS,$6.66,1439997648071,"10,791",93% bullish,of 14 ratings,$11.50
CBPO,$110.07,1439997648167,"60,725",75% bullish,of 8 ratings,$140.50
CBAK,$2.28,1439997648197,"28,814",67% bullish,of 9 ratings,N/A
CALI,$1.0501,1439997648234,"7,245",67% bullish,of 3 ratings,N/A
CCCR,$0.68,1439997648263,"6,066",67% bearish,of 3 ratings,N/A
CCCL,$0.94,1439997648330,"6,438",100% bullish,of 6 ratings,N/A
JRJC,$4.4,1439997648459,"31,057",82% bullish,of 11 ratings,N/A
CHOP,$1.38,1439997648649,804,50% bullish,of 2 ratings,N/A
HGSH,$1.8304,1439997648711,120,67% bullish,of 3 ratings,N/A
CNIT,$1.73,1439997648737,"32,236",67% bullish,of 6 ratings,N/A
CHLN,$2.15,1439997648893,"9,738",67% bullish,of 3 ratings,N/A
CHNR,NULL,1439997648921,0,100% bearish,of 1 rating,N/A
CREG,$0.818,1439997648942,500,100% bullish,of 3 ratings,N/A
HTHT,$26.7,1439997648974,"27,121",50% bullish,of 2 ratings,$28
CJJD,$2.0602,1439997649003,"8,079",100% bullish,of 1 rating,N/A
CPGI,NULL,1439997649154,0,Not yet rated,NULL,N/A
CSUN,$1.49,1439997649182,"4,672",80% bullish,of 5 ratings,N/A
CXDC,$6.21,1439997649324,"4,200",67% bullish,of 3 ratings,N/A
CCIH,$9.74,1439997649406,"7,630",67% bullish,of 6 ratings,$12.65
CNYD,NULL,1439997649433,0,67% bullish,of 3 ratings,N/A
CNTF,$0.935,1439997649481,"43,050",Not yet rated,NULL,N/A
CNET,$0.8887,1439997649610,"78,488",50% bullish,of 2 ratings,N/A
IMOS,$15.42,1439997649638,"34,666",60% bullish,of 5 ratings,$21.50
CHSCM,$26.2301,1439997649767,"7,323",Not yet rated,NULL,N/A
CHSCN,$27.427,1439997649826,"2,106",Not yet rated,NULL,N/A
CHSCL,$27.14,1439997649899,"3,726",Not yet rated,NULL,N/A
CHSCO,$28.4101,1439997649925,820,Not yet rated,NULL,N/A
CHSCP,$30.23,1439997649963,578,Not yet rated,NULL,N/A
CHUY,$32.26,1439997650054,"16,414",50% bullish,of 2 ratings,$34
CHDN,$136.19,1439997650082,"6,242",Not yet rated,NULL,$165
CDTX,$14.01,1439997650111,"6,301",Not yet rated,NULL,$22
CMCT,NULL,1439997650291,0,100% bearish,of 1 rating,N/A
CMPR,$70.205,1439997650392,"64,487",50% bullish,of 2 ratings,$72.50
CIFC,$7.21,1439997650531,30,Not yet rated,NULL,N/A
CPHR,$6.51,1439997650557,"1,698",100% bearish,of 1 rating,$16
CINF,$56.28,1439997650584,"47,119",50% bullish,of 4 ratings,$50.50
CIDM,$0.6801,1439997650630,"45,715",50% bullish,of 2 ratings,$2.10
CRUS,$28.82,1439997650729,"210,539",75% bullish,of 12 ratings,$44.50
CTRN,$25.24,1439997650759,"64,154",100% bearish,of 1 rating,$29.50
CTAS,$87.76,1439997650788,"51,940",100% bearish,of 1 rating,$91
CSCO,$27.84,1439997650862,"5,382,744",84% bullish,of 208 ratings,$32
CZWI,$9.1,1439997651005,335,Not yet rated,NULL,N/A
CZFC,NULL,1439997651083,0,Not yet rated,NULL,N/A
CTXS,$77.47,1439997651140,"130,646",86% bullish,of 7 ratings,$80
CZNC,$20,1439997651167,"3,624",Not yet rated,NULL,N/A
CIZN,$20.35,1439997651305,"3,030",Not yet rated,NULL,N/A
CHCO,$47.5,1439997651331,"3,198",Not yet rated,NULL,$46
CIVB,$10.31,1439997651409,834,Not yet rated,NULL,$11
CIVBP,NULL,1439997651469,0,Not yet rated,NULL,N/A
CLFD,$17.74,1439997651630,"39,043",67% bullish,of 3 ratings,$18
CDTI,$1.73,1439997651689,"26,021",75% bullish,of 4 ratings,$3.20
CLNT,$1.999,1439997651728,"1,700",75% bullish,of 8 ratings,N/A
CLNE,$4.299,1439997651793,"435,474",80% bullish,of 15 ratings,$9
CLRO,$11.8,1439997651823,"3,500",50% bullish,of 2 ratings,$14.25
CBLI,$3.6811,1439997651926,"8,296",60% bullish,of 5 ratings,N/A
CLIR,$5.31,1439997651951,"26,744",100% bullish,of 3 ratings,N/A
CSBK,$13.83,1439997651979,"6,950",Not yet rated,NULL,N/A
CMFN,$11.4501,1439997652143,"6,394",100% bearish,of 1 rating,$15.50
CME,$96.76,1439997652302,"252,151",67% bullish,of 3 ratings,$102
CLVS,$76.818,1439997652334,"46,567",60% bullish,of 5 ratings,$101.50
CCNE,$17.3,1439997652418,"3,553",50% bullish,of 2 ratings,$21.50
CISG,$8.5,1439997652447,"64,351",100% bullish,of 5 ratings,$10
CNV,$4.75,1439997652477,"3,364",50% bullish,of 2 ratings,$7.15
CWAY,NULL,1439997652524,0,Not yet rated,NULL,N/A
COBZ,$12.98,1439997652576,"2,464",100% bullish,of 1 rating,$14
CDRB,$12.4001,1439997652768,600,67% bullish,of 3 ratings,N/A
COKE,$162.35,1439997652863,"4,509",79% bullish,of 19 ratings,N/A
JVA,$4.767,1439997652923,"9,179",83% bullish,of 6 ratings,$7
CVLY,$20.55,1439997652949,"3,538",Not yet rated,NULL,N/A
CGNT,$1.63,1439997652994,"10,671",100% bullish,of 2 ratings,$2
CDXS,$3.97,1439997653022,"8,000",64% bullish,of 11 ratings,$6
CCOI,$28.59,1439997653080,"58,450",50% bullish,of 4 ratings,$35
CGNX,$36.825,1439997653176,"103,952",50% bullish,of 2 ratings,$47
CTSH,$67.01,1439997653389,"305,141",90% bullish,of 10 ratings,$74.50
COHR,$56.59,1439997653415,"24,298",50% bullish,of 2 ratings,$72
CHRS,$30.57,1439997653437,"20,181",67% bearish,of 3 ratings,$37
COHU,$9.625,1439997653582,"78,447",100% bearish,of 1 rating,$14.25
CLCT,$19.06,1439997653614,"4,722",100% bearish,of 1 rating,N/A
CLRX,$0.52,1439997653635,"12,804",50% bullish,of 2 ratings,N/A
COLL,$15.228,1439997653725,"17,228",100% bearish,of 1 rating,$26
CIGI,$46.36,1439997653764,"1,300",100% bearish,of 1 rating,$52
CBAN,$9.14,1439997653858,100,Not yet rated,NULL,N/A
CLCD,$7.65,1439997653909,"8,608",100% bearish,of 1 rating,$20.50
COLB,$32.95,1439997653935,"23,118",Not yet rated,NULL,$36
COLM,$65.89,1439997654067,"53,041",100% bearish,of 1 rating,$71
CMCO,$20.68,1439997654097,"6,100",60% bullish,of 5 ratings,$28
CBMX,$1.2499,1439997654159,"1,340",83% bullish,of 6 ratings,$3.15
CMCSA,$60.19,1439997654330,"4,061,414",66% bullish,of 35 ratings,$69.50
CMCSK,$60.47,1439997654356,"1,091,192",Not yet rated,NULL,$84
CBSH,$46.98,1439997654503,"42,357",50% bullish,of 2 ratings,$46
CBSHP,$25.38,1439997654535,"6,128",100% bearish,of 1 rating,N/A
CSAL,$22.46,1439997654644,"113,276",75% bullish,of 4 ratings,$30
CVGI,$4.555,1439997654675,"26,639",50% bullish,of 2 ratings,$6
CUBN,$14.0001,1439997654772,"4,543",Not yet rated,NULL,N/A
COMM,$31.31,1439997654803,"254,687",67% bearish,of 3 ratings,$35
JCS,$9.53,1439997654829,"3,835",67% bullish,of 3 ratings,N/A
ESXB,$5.05,1439997654859,"12,940",Not yet rated,NULL,N/A
CTBI,$35.07,1439997654956,"9,628",Not yet rated,NULL,$36
CWBC,$6.73,1439997655176,"1,468",Not yet rated,NULL,N/A
CYHHZ,$0.0115,1439997655230,287,100% bullish,of 1 rating,N/A
CIZ,NULL,1439997655256,0,100% bearish,of 1 rating,N/A
CVLT,$36.86,1439997655335,"30,932",75% bullish,of 4 ratings,$44.50
COB,$10.57,1439997655399,"3,000",100% bullish,of 1 rating,$11.75
CIL,NULL,1439997655501,0,Not yet rated,NULL,N/A
CID,NULL,1439997655531,0,Not yet rated,NULL,N/A
CDC,$36.2999,1439997655626,"11,223",Not yet rated,NULL,N/A
CSA,NULL,1439997655660,0,Not yet rated,NULL,N/A
CFO,$37.319,1439997655804,"6,895",100% bearish,of 1 rating,N/A
CFA,NULL,1439997655840,0,100% bearish,of 1 rating,N/A
CSF,$38.2,1439997655875,650,100% bearish,of 1 rating,N/A
CGEN,$5.5,1439997655940,"24,485",50% bullish,of 2 ratings,$11
CDL,NULL,1439997655972,0,Not yet rated,NULL,N/A
CSB,NULL,1439997655992,0,Not yet rated,NULL,N/A
CPSI,$45.79,1439997656354,"9,981",100% bearish,of 1 rating,$45.50
CNAT,$4.32,1439997656415,"30,035",83% bullish,of 6 ratings,$13
CHCI,$0.598,1439997656444,15,50% bullish,of 2 ratings,N/A
CNSI,$19.435,1439997656489,"32,143",100% bearish,of 2 ratings,$29
CNCE,$16.1692,1439997656549,"39,554",75% bullish,of 4 ratings,$22
CTG,$6.82,1439997656581,"5,652",100% bearish,of 1 rating,$8.50
SCOR,$63.32,1439997656619,"36,949",100% bearish,of 1 rating,$66
CMTL,$26.88,1439997656679,"4,141",100% bearish,of 2 ratings,$37
CDORO,$18.34,1439997656890,6,100% bearish,of 1 rating,N/A
CCUR,$5.1771,1439997656922,"1,043",75% bullish,of 4 ratings,N/A
CDORP,NULL,1439997656993,0,100% bearish,of 1 rating,N/A
CDOR,$1.44,1439997657022,"2,907",100% bullish,of 1 rating,N/A
CFMS,$22.17,1439997657048,"55,863",Not yet rated,NULL,$27
CNFR,$10.2499,1439997657187,"6,400",Not yet rated,NULL,N/A
CNMD,$56.45,1439997657291,"16,012",Not yet rated,NULL,$59
CXRX,$78.0385,1439997657318,702,Not yet rated,NULL,$90
CNOB,$20.14,1439997657447,"3,753",100% bullish,of 1 rating,$23.50
CTWS,$34.51,1439997657473,"3,710",100% bearish,of 1 rating,$44
CNXR,$6.52,1439997657495,"7,054",100% bearish,of 1 rating,$12
CONN,$32.93,1439997657625,"41,302",67% bullish,of 3 ratings,$48.50
CNSL,$20.06,1439997657651,"16,642",100% bearish,of 1 rating,$23
CTCT,$24.2,1439997657897,"51,420",67% bullish,of 3 ratings,$37
CFRX,$5.54,1439997657927,"23,796",Not yet rated,NULL,$14
CWCO,$11.61,1439997657958,"16,329",67% bullish,of 3 ratings,$14.50
CFRXW,$2.01,1439997658032,18,100% bearish,of 1 rating,N/A
CFRXZ,$0.71,1439997658057,"15,802",Not yet rated,NULL,N/A
CPSS,$5.695,1439997658086,"8,058",100% bullish,of 1 rating,$10
CTRV,$4.45,1439997658217,"1,562",Not yet rated,NULL,$6.40
CPRT,$35.9808,1439997658363,"33,147",67% bearish,of 3 ratings,$40
CRBP,$3.21,1439997658390,"15,639,815",100% bullish,of 2 ratings,$6.25
CTRL,$8.015,1439997658420,"36,080",50% bullish,of 2 ratings,$11
CORT,$5.13,1439997658453,"43,306",67% bullish,of 3 ratings,$12
BVA,NULL,1439997658479,0,50% bullish,of 2 ratings,N/A
CORE,$63.75,1439997658556,"18,904",100% bearish,of 1 rating,$72
CORI,$11.43,1439997658622,"5,528",100% bearish,of 1 rating,$18
CSOD,$37.55,1439997658766,"42,959",50% bullish,of 2 ratings,$42
CRVL,$32.84,1439997658904,"1,336",100% bearish,of 1 rating,N/A
CSGP,$190.83,1439997658934,"14,773",50% bullish,of 2 ratings,$235
COSI,$1.1351,1439997658962,"15,238",100% bullish,of 1 rating,N/A
CPAH,NULL,1439997659036,0,50% bullish,of 2 ratings,N/A
COST,$143.78,1439997659109,"263,755",83% bullish,of 24 ratings,$154.50
CVTI,$24.56,1439997659137,"29,267",67% bearish,of 3 ratings,$39
ICBK,$18.43,1439997659209,1,Not yet rated,NULL,$21
COVS,$2.78,1439997659278,"14,687",67% bullish,of 3 ratings,N/A
COWN,$5.41,1439997659341,"151,954",75% bullish,of 4 ratings,$7
COWNL,$27.2153,1439997659442,128,Not yet rated,NULL,N/A
CPSH,$2.4001,1439997659496,"3,000",Not yet rated,NULL,N/A
CRAI,$22.2,1439997659521,"13,436",Not yet rated,NULL,$36
CBRL,$149.2,1439997659581,"35,052",50% bullish,of 2 ratings,$155
BREW,$8.09,1439997659723,"10,641",67% bullish,of 6 ratings,$15
CACC,$195.94,1439997659954,"17,781",50% bullish,of 2 ratings,$158.50
CRAY,$22.185,1439997659981,"23,488",83% bullish,of 6 ratings,$38.50
GLDI,$10.98,1439997660014,"45,680",100% bearish,of 1 rating,N/A
CREE,$26.73,1439997660058,"166,311",65% bullish,of 17 ratings,$28.50
CRESY,$11.23,1439997660115,"2,378",100% bearish,of 1 rating,$19
CRTO,$47.34,1439997660140,"87,073",67% bullish,of 6 ratings,$64
SLVO,$10.3513,1439997660188,"1,296",100% bearish,of 1 rating,N/A
CROX,$14.525,1439997660337,"100,146",63% bullish,of 8 ratings,$16.50
CCRN,$15.115,1439997660365,"79,154",100% bearish,of 1 rating,$14.25
CRDS,$1.06,1439997660547,"28,824",50% bullish,of 4 ratings,$4.50
CRWN,$4.74,1439997660597,"19,301",75% bullish,of 4 ratings,N/A
CYRXW,$0.9199,1439997660622,"4,550",Not yet rated,NULL,N/A
CRWS,$8.1001,1439997660647,450,Not yet rated,NULL,$10
CSGS,$31.65,1439997660795,"12,867",Not yet rated,NULL,$40
CYRX,$2.97,1439997660841,"12,403",Not yet rated,NULL,$9
CCLP,$14.09,1439997660927,"42,203",67% bearish,of 3 ratings,$21
CSPI,$6.23,1439997660978,"1,204",67% bullish,of 3 ratings,N/A
CTCM,$1.77,1439997661005,"47,692",80% bearish,of 5 ratings,$3.90
CTIC,$1.775,1439997661137,"111,702",84% bullish,of 76 ratings,$5.75
CTIB,$3.52,1439997661190,"1,100",100% bearish,of 1 rating,N/A
CUNB,$22.05,1439997661323,"1,868",Not yet rated,NULL,$24.50
CTRP,$68.435,1439997661419,"318,084",75% bullish,of 8 ratings,$92
CUI,$5.31,1439997661447,"8,052",50% bullish,of 2 ratings,$10
CPIX,$5.95,1439997661473,"3,271",Not yet rated,NULL,N/A
CMLS,$1.275,1439997661499,"95,071",50% bullish,of 4 ratings,$6
CUTR,$14.74,1439997661686,"4,756",67% bearish,of 3 ratings,$18
CVV,$11.97,1439997661716,"5,030",100% bullish,of 5 ratings,N/A
CVBF,$17.33,1439997661780,"34,761",Not yet rated,NULL,$18
CRIS,$2.65,1439997661809,"42,745",100% bullish,of 8 ratings,$6
CYBR,$59.492,1439997661880,"556,809",86% bullish,of 7 ratings,$66
CYAN,NULL,1439997661965,0,100% bearish,of 1 rating,N/A
CYBE,$5.905,1439997662011,"4,693",100% bearish,of 1 rating,N/A
CYBX,$59.745,1439997662039,"42,012",50% bullish,of 4 ratings,$70
CYCC,$0.6093,1439997662173,"62,586",73% bullish,of 11 ratings,N/A
CY,$9.875,1439997662423,"1,318,420",80% bullish,of 10 ratings,$15.50
CYCCP,NULL,1439997662451,0,100% bearish,of 1 rating,N/A
CYNA,$15.58,1439997662486,"5,464",100% bullish,of 1 rating,$33
CBAY,$2.77,1439997662513,"22,932",100% bullish,of 1 rating,$4
CYNO,$33.55,1439997662585,"13,794",67% bearish,of 3 ratings,$45.50
CONE,$34.17,1439997662611,"277,815",67% bearish,of 3 ratings,$35
CYRN,$1.7499,1439997662651,"53,550",67% bullish,of 3 ratings,$4
CYTX,$0.3868,1439997662677,"218,117",83% bullish,of 12 ratings,$5.50
CTSO,$7.5,1439997662985,"15,482",Not yet rated,NULL,$15.625
CYTR,$2.2721,1439997663070,"103,744",67% bullish,of 6 ratings,$10
CYTK,$6.45,1439997663100,"45,254",71% bullish,of 14 ratings,$13.50
DAEG,$0.35,1439997663129,"3,000",100% bearish,of 1 rating,N/A
ZIV,$49.34,1439997663156,"14,305",Not yet rated,NULL,N/A
TVIZ,NULL,1439997663177,0,100% bearish,of 1 rating,N/A
TVIX,$6.0444,1439997663228,"2,285,517",81% bullish,of 16 ratings,N/A
XIV,$46.12,1439997663397,"4,373,095",75% bearish,of 4 ratings,N/A
DARA,$0.9199,1439997663500,"45,004",83% bullish,of 6 ratings,$1.50
DJCO,$210.79,1439997663559,101,Not yet rated,NULL,N/A
DAKT,$11.609,1439997663594,"30,641",50% bullish,of 2 ratings,$14
DAIO,$2.49,1439997663629,236,Not yet rated,NULL,N/A
DTLK,$5.46,1439997663695,"22,832",100% bearish,of 1 rating,$9
DRAM,$1.45,1439997663721,"5,469",78% bullish,of 9 ratings,N/A
PLAY,$34.85,1439997663988,"45,374",100% bullish,of 5 ratings,$42
DTEA,$12.57,1439997664025,"11,290",100% bearish,of 2 ratings,$24
DWCH,$5.46,1439997664047,"33,256",75% bullish,of 4 ratings,$8.25
TRAK,$62.38,1439997664119,"276,355",50% bullish,of 2 ratings,$62.50
DWSN,$5.01,1439997664152,"72,036",67% bullish,of 3 ratings,$6
DBVT,$42.53,1439997664180,"18,176",100% bearish,of 1 rating,$53
DHRM,$1.83,1439997664251,500,Not yet rated,NULL,N/A
TACO,$13.1,1439997664411,"147,385",100% bullish,of 3 ratings,$20
DFRG,$15.21,1439997664453,"15,648",100% bearish,of 1 rating,$20
TACOW,$4.05,1439997664478,"20,100",100% bullish,of 1 rating,N/A
DCTH,$0.4918,1439997664548,"115,021",78% bullish,of 9 ratings,N/A
DELT,$2.4452,1439997664689,100,Not yet rated,NULL,N/A
DGAS,$20.21,1439997664723,104,67% bearish,of 3 ratings,N/A
DELTW,NULL,1439997664744,0,Not yet rated,NULL,N/A
DENN,$12.27,1439997664825,"59,115",100% bullish,of 3 ratings,$15
DSCI,$6.5,1439997665009,"8,213",50% bullish,of 2 ratings,$16
DEPO,$31.41,1439997665039,"70,008",80% bullish,of 5 ratings,$32
XRAY,$56.47,1439997665070,"50,410",100% bullish,of 1 rating,$58
DEST,$11.9,1439997665139,"14,848",50% bullish,of 2 ratings,N/A
DERM,$24.05,1439997665171,"103,841",100% bearish,of 1 rating,$33
DXLG,$4.87,1439997665318,"6,578",100% bearish,of 1 rating,$8
DSWL,NULL,1439997665345,0,100% bullish,of 1 rating,N/A
DXCM,$94.4,1439997665542,"179,617",57% bullish,of 7 ratings,$98
DXM,$0.3299,1439997665574,"34,373",50% bullish,of 2 ratings,N/A
DHIL,$192.32,1439997665605,31,Not yet rated,NULL,N/A
DHXM,$7.57,1439997665626,"1,600",Not yet rated,NULL,N/A
DMND,$31.37,1439997665678,"15,674",75% bullish,of 12 ratings,$32
FANG,$70.52,1439997665824,"133,271",50% bullish,of 2 ratings,$86
DCIX,$1.841,1439997665855,"3,307",50% bullish,of 4 ratings,$3.50
DGII,$9.95,1439997665953,"7,800",100% bearish,of 1 rating,$10
DRNA,$10.39,1439997666015,"48,294",67% bearish,of 3 ratings,$25
DGLY,$7.39,1439997666047,"16,639",50% bullish,of 6 ratings,$20
DMRC,$36.295,1439997666147,"15,112",100% bearish,of 1 rating,$44
DRAD,$3.96,1439997666189,"3,134",100% bullish,of 1 rating,$5.25
DPRX,$13.275,1439997666282,"1,500",100% bullish,of 2 ratings,$27.75
APPS,$2.29,1439997666319,"17,517",100% bearish,of 1 rating,$10.25
DIOD,$19.5,1439997666362,"33,807",75% bearish,of 4 ratings,$24
DCOM,$17.03,1439997666416,"8,482",100% bearish,of 2 ratings,$16.50
DISCA,$28.62,1439997666442,"269,045",67% bullish,of 3 ratings,$34
DSCO,$0.4601,1439997666603,"40,940",83% bullish,of 6 ratings,$2.75
DISCK,$27.43,1439997666652,"395,453",100% bearish,of 1 rating,$40
DISCB,NULL,1439997666703,0,100% bearish,of 1 rating,$35
DISH,$66.02,1439997666783,"121,384",69% bullish,of 13 ratings,$73
DVCR,NULL,1439997666836,0,100% bullish,of 1 rating,N/A
BAGR,$3.04,1439997666885,"8,202",100% bearish,of 1 rating,$6
DNBF,$27.132,1439997667030,"14,490",Not yet rated,NULL,$27.50
DLTR,$79.34,1439997667122,"306,516",82% bullish,of 11 ratings,$88
DLHC,$2.65,1439997667150,"4,491",100% bearish,of 1 rating,N/A
DGICB,$17.92,1439997667227,2,100% bearish,of 1 rating,N/A
HILL,$9.69,1439997667285,"15,886,643",60% bearish,of 5 ratings,$8
DGICA,$14.49,1439997667361,92,100% bearish,of 1 rating,$17
DORM,$50.995,1439997667417,"20,419",100% bearish,of 1 rating,$56
DMLP,$14.4896,1439997667470,"18,346",100% bearish,of 1 rating,N/A
DRWI,$0.2799,1439997667575,"42,949",60% bullish,of 5 ratings,$.45
DRWIW,$0.0471,1439997667604,800,Not yet rated,NULL,N/A
DWA,$19.14,1439997667707,"92,905",63% bullish,of 8 ratings,$26
DSKX,$3.34,1439997667887,"54,137",100% bullish,of 1 rating,N/A
CADTU,NULL,1439997668021,0,Not yet rated,NULL,N/A
CADTR,NULL,1439997668056,0,Not yet rated,NULL,N/A
DRYS,$0.3438,1439997668091,"1,178,090",77% bullish,of 31 ratings,$.60
DSPG,$8.72,1439997668113,"10,315",100% bearish,of 1 rating,$13.50
DTSI,$27.04,1439997668149,"8,506",100% bearish,of 2 ratings,$39.50
CADT,$10.02,1439997668177,4,Not yet rated,NULL,N/A
DNKN,$50.21,1439997668206,"521,749",67% bullish,of 15 ratings,$56.50
CADTW,NULL,1439997668367,0,Not yet rated,NULL,N/A
DRRX,$2.05,1439997668496,"71,253",50% bullish,of 6 ratings,$3
DYAX,$22.705,1439997668544,"100,937",89% bullish,of 9 ratings,$30
DXPE,$28.91,1439997668597,"14,638",50% bullish,of 2 ratings,N/A
BOOM,$10.17,1439997668680,"11,835",67% bullish,of 3 ratings,$12
DYSL,$1.42,1439997668727,"2,300",100% bullish,of 2 ratings,N/A
DYNT,$2.95,1439997668753,"2,600",75% bullish,of 4 ratings,N/A
EGRX,$67.1108,1439997668917,"61,875",67% bullish,of 3 ratings,$97
DVAX,$29.0401,1439997669063,"80,922",70% bullish,of 10 ratings,$40
ETFC,$27.58,1439997669102,"388,417",57% bullish,of 14 ratings,$33
EGLE,$7.21,1439997669124,"1,996",60% bullish,of 5 ratings,N/A
EGBN,$44.27,1439997669155,"5,485",Not yet rated,NULL,$48
EBMT,$11.53,1439997669180,9,Not yet rated,NULL,$13.50
EROC,$1.3065,1439997669217,"295,668",50% bullish,of 2 ratings,$3
ELNK,$9.01,1439997669323,"140,598",80% bullish,of 5 ratings,$9.50
EWBC,$44.59,1439997669503,"173,915",100% bearish,of 1 rating,$50
EACQU,NULL,1439997669544,0,Not yet rated,NULL,N/A
EML,$17,1439997669749,910,Not yet rated,NULL,N/A
EVBS,$6.4201,1439997669807,"3,500",Not yet rated,NULL,$7
ELON,$0.5552,1439997669833,"5,429",50% bullish,of 2 ratings,N/A
EBAY,$27.405,1439997669865,"1,847,574",81% bullish,of 117 ratings,$48
EBIX,$30.08,1439997669886,"55,722",69% bullish,of 13 ratings,$40
ECHO,$25.54,1439997669916,"35,527",67% bearish,of 3 ratings,$35.50
SATS,$46,1439997670052,"21,760",50% bullish,of 2 ratings,$60
ECTE,$1.48,1439997670117,"5,043",75% bullish,of 4 ratings,N/A
EEI,$11.19,1439997670252,100,67% bearish,of 3 ratings,N/A
ESES,NULL,1439997670280,0,100% bearish,of 1 rating,$7
EDAP,$3.5245,1439997670308,"1,860",60% bullish,of 5 ratings,$4.50
ECACU,NULL,1439997670329,0,Not yet rated,NULL,N/A
EDGW,$7.16,1439997670467,202,100% bearish,of 1 rating,N/A
EDUC,$4.68,1439997670649,200,100% bearish,of 1 rating,N/A
EGLT,$12.39,1439997670707,"36,396",50% bullish,of 2 ratings,$21
EHTH,$14.43,1439997670755,"13,787",50% bullish,of 4 ratings,$16.50
LOCO,$13.43,1439997670783,"838,058",69% bullish,of 13 ratings,$20
EGAN,$3.53,1439997670814,"105,936",50% bullish,of 2 ratings,$6.25
EFUT,$4.3,1439997670846,"2,700",Not yet rated,NULL,N/A
ESLT,$81.112,1439997670949,"3,920",100% bullish,of 2 ratings,N/A
EMITF,$1.25,1439997670999,35,75% bullish,of 4 ratings,N/A
EA,$71.97,1439997671250,"427,955",77% bullish,of 35 ratings,$80
ERI,$9.734,1439997671274,"10,941",100% bearish,of 1 rating,$10
ESIO,$4.555,1439997671305,"5,350",50% bullish,of 2 ratings,$10
ELRC,$10.27,1439997671327,"4,402",100% bearish,of 1 rating,N/A
ELSE,$4.16,1439997671453,"3,065",60% bullish,of 5 ratings,N/A
EFII,$44.94,1439997671481,"35,751",80% bullish,of 5 ratings,$55
ELEC,NULL,1439997671558,0,Not yet rated,NULL,N/A
ELECW,NULL,1439997671773,0,Not yet rated,NULL,N/A
RDEN,$10.62,1439997671823,"27,746",100% bearish,of 4 ratings,$15
ELECU,$10.08,1439997671861,800,Not yet rated,NULL,N/A
EBIO,$3.99,1439997671883,"242,339",100% bearish,of 2 ratings,$8.35
CAPX,NULL,1439997671918,0,Not yet rated,NULL,N/A
LONG,$17.17,1439997671971,"6,258",67% bullish,of 3 ratings,$15.75
ESBK,NULL,1439997672015,0,Not yet rated,NULL,N/A
ELTK,$1.1,1439997672242,"11,300",67% bearish,of 3 ratings,N/A
EMCI,$23.67,1439997672314,"4,886",Not yet rated,NULL,N/A
EMMS,$1.25,1439997672441,"3,800",67% bullish,of 6 ratings,N/A
EMCF,NULL,1439997672469,0,100% bearish,of 1 rating,N/A
EMKR,$7.21,1439997672500,"19,539",75% bullish,of 4 ratings,$8.50
ERS,NULL,1439997672541,0,Not yet rated,NULL,N/A
ENTA,$39.87,1439997672602,"23,239",50% bullish,of 2 ratings,$42
EMMSP,NULL,1439997672643,0,100% bearish,of 1 rating,N/A
NYNY,$4.19,1439997672737,"3,742",50% bullish,of 2 ratings,N/A
WIRE,$33.63,1439997672960,"24,621",100% bearish,of 1 rating,$37
ECPG,$39.94,1439997673037,"33,788",100% bullish,of 2 ratings,$52
ECYT,$5.25,1439997673093,"38,726",83% bullish,of 6 ratings,$12
ENDP,$83.47,1439997673119,"175,820",50% bullish,of 6 ratings,$104
EIGI,$15.75,1439997673178,"166,795",67% bearish,of 3 ratings,$20
ELGX,$13.03,1439997673251,"59,672",75% bullish,of 4 ratings,$17
EFOI,$16.43,1439997673322,"321,991",50% bullish,of 2 ratings,$17
WATT,$7,1439997673382,"23,525",50% bullish,of 2 ratings,$13
ERII,$2.85,1439997673454,"25,710",80% bullish,of 5 ratings,$2.50
EXXI,$1.66,1439997673515,"252,713",86% bullish,of 7 ratings,$3.50
ENPH,$4.96,1439997673646,"110,593",75% bullish,of 4 ratings,$11
ENG,$1.02,1439997673673,"4,350",100% bullish,of 3 ratings,N/A
ENOC,$8.415,1439997673699,"35,723",75% bullish,of 4 ratings,$18
ESGR,$154.4,1439997673733,"1,575",100% bearish,of 1 rating,$185
ENFC,$18.32,1439997673843,795,Not yet rated,NULL,N/A
ENTL,$22.5485,1439997674040,"4,496",Not yet rated,NULL,$28
ENTG,$14.32,1439997674068,"86,841",100% bearish,of 1 rating,$18
ETRM,$0.2701,1439997674095,"133,034",69% bearish,of 35 ratings,$1.625
EFSC,$24.7,1439997674223,"5,423",Not yet rated,NULL,$27
EBTC,$20.64,1439997674270,38,Not yet rated,NULL,N/A
ENZN,$1.07,1439997674333,"237,403",100% bullish,of 9 ratings,N/A
EGT,$2.21,1439997674421,5,100% bullish,of 1 rating,N/A
ENVI,$1.753,1439997674454,500,67% bullish,of 3 ratings,N/A
ENZY,$9.06,1439997674549,"13,195",67% bullish,of 3 ratings,$9.50
EPRS,$4.96,1439997674582,"13,701",82% bullish,of 11 ratings,$15
EPIQ,$13.995,1439997674715,"5,874",100% bearish,of 1 rating,$18
EPZM,$17.01,1439997674847,"49,631",60% bullish,of 5 ratings,$34
EQIX,$284.6,1439997674873,"68,604",67% bullish,of 3 ratings,$312.50
PLUS,$75.52,1439997674905,"10,740",50% bullish,of 2 ratings,$88
EQFN,NULL,1439997675005,0,Not yet rated,NULL,N/A
ERIC,$10.1,1439997675089,"686,856",63% bullish,of 8 ratings,$13.30
ERIE,$87.56,1439997675118,"1,362",Not yet rated,NULL,$73
EAC,$3.69,1439997675145,"1,802",100% bearish,of 1 rating,$8
ESCA,$17.9175,1439997675271,"2,625",100% bearish,of 1 rating,$22
ESCR,$0.2,1439997675319,"19,654",50% bullish,of 2 ratings,N/A
ESCRP,NULL,1439997675377,0,100% bearish,of 1 rating,N/A
ESMC,$1.35,1439997675483,200,Not yet rated,NULL,N/A
ESPR,$59.6647,1439997675515,"881,382",67% bearish,of 9 ratings,$130
EPIX,NULL,1439997675657,0,Not yet rated,NULL,N/A
ESSX,$0.47,1439997675731,"38,600",50% bullish,of 2 ratings,N/A
ESSA,$12.9799,1439997675793,"4,656",100% bearish,of 1 rating,N/A
ESND,$35.655,1439997675836,"10,612",100% bearish,of 1 rating,$40
ETSY,$15.05,1439997675874,"237,016",80% bullish,of 5 ratings,$16
CLWT,$2.45,1439997675931,18,100% bearish,of 1 rating,N/A
EEFT,$68.14,1439997676001,"16,747",100% bearish,of 1 rating,$67.50
ESEA,NULL,1439997676132,0,100% bullish,of 1 rating,$15
EVEP,$8.0199,1439997676174,"147,191",50% bullish,of 2 ratings,$15
EVK,$4.057,1439997676203,560,75% bearish,of 4 ratings,N/A
EVLV,$2.245,1439997676309,"36,186",60% bullish,of 5 ratings,$6.50
EVOK,$4.4405,1439997676369,"162,213",100% bearish,of 1 rating,$13.75
EVOL,$6.337,1439997676503,"3,581",75% bullish,of 4 ratings,$10
EXA,$10.75,1439997676537,"16,577",100% bearish,of 1 rating,$13
EXAS,$22.38,1439997676635,"248,564",78% bullish,of 9 ratings,$31
EXAC,$18.3,1439997676660,"4,262",100% bearish,of 1 rating,$22.50
EXEL,$5.54,1439997676686,"794,245",81% bullish,of 16 ratings,$6
EXFO,$2.76,1439997676829,869,67% bearish,of 3 ratings,$3.95
EXPO,$43.3,1439997676919,"4,812",100% bearish,of 1 rating,$45.50
EXLS,$36.92,1439997676955,"22,835",100% bullish,of 1 rating,$41
EXPE,$122.89,1439997676982,"108,882",64% bullish,of 11 ratings,$130
EXPD,$49.4,1439997677014,"162,791",80% bullish,of 5 ratings,$50.50
ESRX,$89.14,1439997677048,"713,006",67% bearish,of 6 ratings,$101
EXLP,$20.42,1439997677181,"12,482",100% bearish,of 1 rating,$27
EYEG,$4.2,1439997677216,"22,223",Not yet rated,NULL,N/A
EXTR,$2.89,1439997677393,"159,949",80% bullish,of 5 ratings,$3
EYEGW,$1.2,1439997677477,33,Not yet rated,NULL,N/A
EZCH,$21.63,1439997677503,"35,419",75% bullish,of 8 ratings,$19.50
EZPW,$5.9,1439997677535,"88,438",50% bullish,of 4 ratings,$7.50
FFIV,$132.72,1439997677632,"68,483",71% bullish,of 7 ratings,$132
FB,$94.8412,1439997677690,"4,082,571",73% bullish,of 1065 ratings,$111
FCS,$13.97,1439997677716,"148,006",67% bearish,of 3 ratings,$17
FRP,$17.36,1439997677780,"3,522",100% bearish,of 1 rating,$18
FWM,$2.22,1439997677856,"47,776",100% bearish,of 2 ratings,$3.20
DAVE,$14.66,1439997677953,"3,438",100% bearish,of 1 rating,$15.50
FALC,$1.68,1439997677979,"14,612",63% bearish,of 8 ratings,N/A
FARM,$22.33,1439997678051,"3,756",100% bearish,of 1 rating,$35
FFKT,$26.86,1439997678111,"2,699",Not yet rated,NULL,$29
FMNB,$8.03,1439997678243,"10,979",Not yet rated,NULL,N/A
FARO,$39.74,1439997678380,"11,278",50% bullish,of 2 ratings,$48
FAST,$40.035,1439997678438,"186,222",80% bullish,of 5 ratings,$46
FBSS,NULL,1439997678469,0,Not yet rated,NULL,N/A
FATE,$7.045,1439997678500,"19,884",50% bullish,of 2 ratings,$11
FBRC,$23.28,1439997678547,"3,627",100% bearish,of 1 rating,$29
FDML,$9.44,1439997678602,"61,645",50% bullish,of 4 ratings,$14
FEIC,$80.72,1439997678737,"56,513",50% bullish,of 2 ratings,$95.50
FHCO,$1.41,1439997678768,"17,840",50% bullish,of 4 ratings,N/A
FCSC,$6,1439997678830,"85,065",100% bearish,of 1 rating,$8.125
FNHC,$23.12,1439997678868,"11,420",100% bearish,of 1 rating,$35
FENX,$9.77,1439997679013,"6,861",100% bullish,of 1 rating,$14.25
FGEN,$24.83,1439997679043,"70,669",100% bearish,of 1 rating,$39
ONEQ,$197.56,1439997679076,"1,899",100% bullish,of 1 rating,N/A
FDUS,$14.93,1439997679204,"8,031",100% bullish,of 1 rating,$18
LION,$19.87,1439997679230,"7,313",100% bullish,of 1 rating,$20
FSAM,$8.69,1439997679290,"1,958",100% bearish,of 1 rating,$11
FRGI,$53.84,1439997679374,"29,206",50% bullish,of 2 ratings,$70
FSCFL,$25.1812,1439997679474,"4,076",Not yet rated,NULL,N/A
FSFR,$9.06,1439997679501,"19,579",100% bearish,of 1 rating,$11.50
FSC,$6.45,1439997679569,"112,215",75% bullish,of 4 ratings,$8
FITB,$20.95,1439997679643,"548,995",54% bullish,of 13 ratings,$22
FITBI,$27.76,1439997679670,"1,589",Not yet rated,NULL,N/A
FNGN,$35.505,1439997679839,"39,778",67% bullish,of 3 ratings,$47
FNSR,$16.85,1439997679889,"129,300",71% bullish,of 7 ratings,$24.50
FNJN,$1.64,1439997680034,"25,007",100% bearish,of 1 rating,$5
FNTC,NULL,1439997680179,0,Not yet rated,NULL,N/A
FNTCU,NULL,1439997680210,0,Not yet rated,NULL,N/A
FNTCW,NULL,1439997680231,0,Not yet rated,NULL,N/A
FBNC,$17.09,1439997680316,"6,832",100% bullish,of 1 rating,$20
FNLC,$18.74,1439997680365,"3,544",100% bullish,of 1 rating,N/A
FEYE,$43.29,1439997680392,"790,416",87% bullish,of 15 ratings,$55.50
FRBA,$6.013,1439997680546,"2,000",Not yet rated,NULL,$8
FBIZ,$44.09,1439997680610,"2,824",100% bearish,of 2 ratings,$52
BUSE,$6.37,1439997680689,"6,096",Not yet rated,NULL,$6.875
FCVA,NULL,1439997680714,0,Not yet rated,NULL,N/A
FCAP,$26.28,1439997680792,100,Not yet rated,NULL,N/A
FCFS,$38.2,1439997680858,"16,953",100% bearish,of 2 ratings,$48
FISI,$24.73,1439997680885,"8,232",100% bullish,of 2 ratings,$24.50
FCLF,$9.2037,1439997681017,302,Not yet rated,NULL,N/A
FCBC,$17.86,1439997681066,"1,146",Not yet rated,NULL,$18
FCNCA,$248.52,1439997681112,678,Not yet rated,NULL,N/A
FBNK,$16.16,1439997681243,"3,253",100% bearish,of 1 rating,$17.50
FCCO,$12,1439997681268,"11,507",Not yet rated,NULL,$13.25
FCFP,$7,1439997681397,100,Not yet rated,NULL,N/A
FFBC,$19.23,1439997681431,"33,501",67% bearish,of 3 ratings,$20.25
FDEF,$37.2216,1439997681460,"4,768",Not yet rated,NULL,$38
FFNM,NULL,1439997681488,0,Not yet rated,NULL,N/A
FFBCW,NULL,1439997681509,0,100% bearish,of 1 rating,N/A
THFF,$33.53,1439997681682,"2,828",Not yet rated,NULL,$35
FFIN,$32.09,1439997681712,"13,184",50% bullish,of 2 ratings,$31.75
FFNW,$12.5114,1439997681734,"7,202",Not yet rated,NULL,$14
INBK,$34.83,1439997681874,"2,825",50% bullish,of 2 ratings,$37
FFWM,$21.24,1439997681899,"6,318",Not yet rated,NULL,$24
FIBK,$27.74,1439997681974,"10,616",Not yet rated,NULL,$32
FMBH,NULL,1439997682119,0,Not yet rated,NULL,N/A
FRME,$26.015,1439997682190,"29,993",Not yet rated,NULL,$26.50
FNFG,$9.645,1439997682250,"241,910",80% bullish,of 5 ratings,$9
FNBC,$35.36,1439997682276,"8,185",Not yet rated,NULL,$41.50
FMBI,$18.43,1439997682412,"40,291",Not yet rated,NULL,$20
FSFG,NULL,1439997682477,0,Not yet rated,NULL,N/A
FSGI,$2.49,1439997682559,102,Not yet rated,NULL,N/A
FNWB,NULL,1439997682631,0,Not yet rated,NULL,N/A
FSBK,$7.77,1439997682660,100,100% bullish,of 1 rating,N/A
FSLR,$49.5,1439997682689,"599,311",74% bullish,of 39 ratings,$65
BICK,NULL,1439997682791,0,100% bullish,of 1 rating,N/A
FCAN,NULL,1439997682877,0,Not yet rated,NULL,N/A
FBZ,NULL,1439997682921,0,Not yet rated,NULL,N/A
FCA,NULL,1439997683090,0,Not yet rated,NULL,N/A
FV,$24.5067,1439997683169,"329,848",Not yet rated,NULL,N/A
FTCS,$38.3238,1439997683225,"5,748",Not yet rated,NULL,N/A
IFV,$18.4613,1439997683299,"103,344",100% bearish,of 1 rating,N/A
FEMB,NULL,1439997683328,0,Not yet rated,NULL,N/A
FEUZ,$32.0734,1439997683359,600,Not yet rated,NULL,N/A
FTSM,$59.93,1439997683427,"1,902",100% bearish,of 1 rating,N/A
MDIV,$19.7448,1439997683488,"43,492",Not yet rated,NULL,N/A
TDIV,$25.6136,1439997683686,"17,375",100% bearish,of 1 rating,N/A
FTGC,$22.5996,1439997683716,"19,657",Not yet rated,NULL,N/A
FTHI,NULL,1439997683742,0,Not yet rated,NULL,N/A
FHK,$34.4824,1439997683824,"1,059",Not yet rated,NULL,N/A
FGM,$36.5,1439997683923,"12,041",Not yet rated,NULL,N/A
HYLS,$49.79,1439997683951,"16,758",100% bearish,of 1 rating,N/A
FPXI,NULL,1439997684012,0,Not yet rated,NULL,N/A
SKYY,$30.4058,1439997684145,"11,516",100% bullish,of 1 rating,N/A
CU,$12.8571,1439997684217,"2,290",100% bearish,of 1 rating,N/A
YDIV,$17.04,1439997684277,686,Not yet rated,NULL,N/A
PLTM,$6.39,1439997684361,"1,732",100% bearish,of 1 rating,N/A
FJP,$49.45,1439997684413,"6,100",Not yet rated,NULL,N/A
FTLB,NULL,1439997684442,0,100% bearish,of 1 rating,N/A
FMB,$51.226,1439997684505,"1,143",Not yet rated,NULL,N/A
LMBS,$50.4663,1439997684543,200,Not yet rated,NULL,N/A
QABA,$39.15,1439997684591,"1,344",100% bearish,of 1 rating,N/A
CIBR,$19.4188,1439997684679,"19,261",Not yet rated,NULL,N/A
FONE,NULL,1439997684782,0,Not yet rated,NULL,N/A
QCLN,$15.7101,1439997684841,"1,938",Not yet rated,NULL,N/A
GRID,$34.42,1439997685081,201,100% bearish,of 1 rating,N/A
QQEW,$43.76,1439997685110,"25,306",Not yet rated,NULL,N/A
CARZ,$36.42,1439997685136,394,100% bearish,of 1 rating,N/A
RDVY,NULL,1439997685214,0,Not yet rated,NULL,N/A
QQXT,$42.6999,1439997685358,"1,565",Not yet rated,NULL,N/A
QTEC,$41.77,1439997685383,"4,987",Not yet rated,NULL,N/A
QINC,NULL,1439997685408,0,Not yet rated,NULL,N/A
AIRR,$16.873,1439997685435,200,100% bearish,of 1 rating,N/A
FTSL,$48.9201,1439997685646,"6,870",100% bearish,of 1 rating,N/A
FKO,$22.96,1439997685993,75,Not yet rated,NULL,N/A
FDIV,NULL,1439997686591,0,100% bearish,of 1 rating,N/A
FSZ,$40.2327,1439997686616,"8,963",Not yet rated,NULL,N/A
FTW,NULL,1439997686642,0,Not yet rated,NULL,N/A
TUSA,$26.11,1439997686882,"3,886",Not yet rated,NULL,N/A
FKU,$43.41,1439997686933,"14,903",Not yet rated,NULL,N/A
SVVC,$10.89,1439997687074,"1,185",100% bullish,of 1 rating,$26
FMER,$18.5,1439997687132,"188,147",50% bullish,of 2 ratings,$20
FSV,$31.1,1439997687231,"10,021",Not yet rated,NULL,$33.60
FUNC,$8.27,1439997687362,"1,479",Not yet rated,NULL,N/A
FIVE,$37.15,1439997687405,"48,394",75% bearish,of 4 ratings,$44
FISV,$89.28,1439997687431,"115,267",100% bearish,of 3 ratings,$90
FPRX,$18.36,1439997687503,"97,858",50% bullish,of 2 ratings,$35
FLML,$21.77,1439997687566,"18,591",50% bullish,of 2 ratings,$30
FIVN,$4.16,1439997687603,"113,353",100% bullish,of 1 rating,$8.50
FLKS,$14.34,1439997687629,"17,149",50% bullish,of 2 ratings,$27
FLXN,$24.25,1439997687910,"16,163",100% bearish,of 1 rating,$39.50
MBSD,$24.88,1439997688215,"8,730",Not yet rated,NULL,N/A
SKOR,$50.01,1439997688242,"1,500",Not yet rated,NULL,N/A
FLEX,$10.94,1439997688264,"318,181",63% bullish,of 8 ratings,$12
FLIR,$30.07,1439997688295,"113,759",100% bearish,of 1 rating,$38.50
FLXS,$34.55,1439997688316,"30,020",100% bearish,of 2 ratings,N/A
FONR,$9.48,1439997688522,463,100% bullish,of 1 rating,N/A
FES,$0.92,1439997688548,200,50% bullish,of 2 ratings,$1
FFIC,$20.69,1439997688609,"7,263",Not yet rated,NULL,$21
FORTY,$34.63,1439997688692,"1,016",Not yet rated,NULL,N/A
FOMX,$10.46,1439997688745,"39,436",50% bullish,of 2 ratings,$23.50
FOGO,$19.05,1439997688772,"72,518",50% bullish,of 2 ratings,$25.50
FORM,$6.34,1439997688855,"31,854",67% bullish,of 3 ratings,$10.50
FLDM,$12.53,1439997688915,"70,384",67% bearish,of 3 ratings,$21.50
FTNT,$47.34,1439997689247,"193,686",80% bullish,of 10 ratings,$52
FORR,$32.22,1439997689307,"26,772",Not yet rated,NULL,N/A
FORD,$1.01,1439997689486,"55,205",50% bullish,of 2 ratings,N/A
FOSL,$62.24,1439997689537,"175,919",50% bullish,of 4 ratings,$70
FBIO,$3.02,1439997689563,"32,446",83% bullish,of 6 ratings,N/A
FWRD,$48.63,1439997689588,"74,411",100% bearish,of 1 rating,$50
FMI,$20,1439997689862,"51,226",100% bearish,of 2 ratings,$27.50
FWP,$26.56,1439997689963,"5,196",100% bearish,of 1 rating,$45
FXCB,$17.264,1439997690006,"1,603",Not yet rated,NULL,$19
FRAN,$10.47,1439997690057,"168,084",50% bullish,of 4 ratings,$15
FOXF,$15.45,1439997690109,"2,707",100% bearish,of 1 rating,$19
FRED,$14.43,1439997690134,"31,361",50% bullish,of 2 ratings,$16.50
FREE,$0.52,1439997690162,"176,425",92% bullish,of 12 ratings,N/A
FELE,$29.46,1439997690184,"92,008",50% bullish,of 4 ratings,$33
FEIM,NULL,1439997690637,0,100% bearish,of 1 rating,N/A
RAIL,$21.61,1439997690662,"14,485",100% bearish,of 1 rating,$24.50
FRPT,$13.91,1439997690971,"115,316",67% bearish,of 3 ratings,$23.50
FTR,$5.3,1439997690997,"3,548,240",78% bullish,of 27 ratings,$6.25
FTRPR,$104.734,1439997691028,800,100% bearish,of 1 rating,N/A
FTD,$30.52,1439997691056,"7,162",100% bearish,of 1 rating,$40
FSYS,$6.65,1439997691149,"7,534",67% bullish,of 3 ratings,$10
FRPH,$31.34,1439997691185,100,100% bearish,of 1 rating,N/A
FSBW,NULL,1439997691213,0,Not yet rated,NULL,N/A
FTEK,$2.15,1439997691353,"16,500",75% bullish,of 4 ratings,N/A
FULL,$3.2199,1439997691386,"5,502",67% bearish,of 3 ratings,$4.25
FCEL,$0.8414,1439997691416,"246,008",88% bullish,of 40 ratings,$2.65
FULLL,$25.5,1439997691492,400,Not yet rated,NULL,N/A
FSNN,NULL,1439997691522,0,67% bullish,of 3 ratings,$6
FLL,$1.56,1439997691670,"7,928",75% bullish,of 4 ratings,$2.825
FULT,$12.98,1439997691745,"104,006",100% bearish,of 1 rating,$13
FFHL,NULL,1439997692110,0,50% bullish,of 4 ratings,N/A
FXEN,$1.005,1439997692246,"13,065",75% bullish,of 4 ratings,$1.10
GK,$71.45,1439997692375,"5,929",Not yet rated,NULL,$78
WILC,$5.1181,1439997692402,100,100% bullish,of 2 ratings,N/A
FXENP,NULL,1439997692423,0,100% bearish,of 1 rating,N/A
GLPG,$63.36,1439997692461,"2,419",100% bullish,of 1 rating,$75
GAIA,$5.98,1439997692555,"5,401",50% bullish,of 2 ratings,$8.50
GALTU,NULL,1439997692588,0,100% bearish,of 1 rating,N/A
GALT,$2.09,1439997692626,"68,578",80% bullish,of 5 ratings,N/A
GALTW,NULL,1439997692800,0,100% bullish,of 1 rating,N/A
GLPI,$33.28,1439997692884,"66,211",100% bearish,of 1 rating,$37.50
GALE,$1.41,1439997692915,"205,992",89% bullish,of 47 ratings,$4
GRMN,$39.91,1439997693016,"126,896",50% bullish,of 6 ratings,$48
GPIC,$11.39,1439997693074,210,100% bearish,of 1 rating,N/A
GLMD,$8.98,1439997693147,"2,000",67% bullish,of 3 ratings,$20.50
GGAC,NULL,1439997693210,0,100% bearish,of 1 rating,N/A
GGACW,NULL,1439997693343,0,Not yet rated,NULL,N/A
GGACR,NULL,1439997693370,0,100% bullish,of 1 rating,N/A
GGACU,NULL,1439997693391,0,Not yet rated,NULL,N/A
GARS,$14.73,1439997693579,"6,650",Not yet rated,NULL,$16
GENC,NULL,1439997693604,0,100% bearish,of 1 rating,N/A
GFN,$3.85,1439997693742,"7,995",100% bearish,of 2 ratings,$8
GFNCP,NULL,1439997693793,0,Not yet rated,NULL,N/A
GFNSL,$25.55,1439997693824,635,Not yet rated,NULL,N/A
GNCMA,$17.5,1439997693877,"16,234",100% bearish,of 1 rating,$12
GNMK,$9.35,1439997693929,"48,933",67% bullish,of 6 ratings,$14
GENE,$2.69,1439997693955,"6,352",100% bullish,of 12 ratings,N/A
GNCA,$12.15,1439997694109,"58,484",100% bearish,of 1 rating,$20
THRM,$47.04,1439997694187,"22,631",75% bearish,of 4 ratings,$55.50
GHDX,$26.14,1439997694289,"36,569",50% bullish,of 2 ratings,$30
GNVC,$2.3409,1439997694319,"2,880",90% bullish,of 10 ratings,$8.50
GNTX,$15.9,1439997694348,"484,948",Not yet rated,NULL,$20
GEOS,$15.2899,1439997694415,"15,769",100% bearish,of 3 ratings,$25.50
GTWN,$18.27,1439997694447,400,Not yet rated,NULL,N/A
GABC,$29.32,1439997694514,"1,132",Not yet rated,NULL,$31.50
GEVO,$2.388,1439997694760,"1,120,285",75% bullish,of 12 ratings,N/A
GERN,$3.24,1439997694854,"368,344",88% bullish,of 16 ratings,$5.25
ROCK,$18.33,1439997694909,"17,674",80% bullish,of 5 ratings,$24
GIGM,$0.6402,1439997694957,950,100% bullish,of 2 ratings,N/A
GIGA,$1.44,1439997694986,"16,898",100% bearish,of 1 rating,N/A
GIII,$68.67,1439997695089,"28,166",67% bullish,of 3 ratings,$75
GILT,$4.58,1439997695330,"7,600",50% bullish,of 2 ratings,N/A
GBCI,$27.64,1439997695463,"14,127",50% bullish,of 2 ratings,$31
GLAD,$8.24,1439997695491,"17,755",50% bullish,of 2 ratings,$8.75
GILD,$116.04,1439997695517,"1,473,532",91% bullish,of 86 ratings,$129
GLADO,$25.59,1439997695552,300,Not yet rated,NULL,N/A
GOOD,$15.65,1439997695589,"8,274",Not yet rated,NULL,$19
GOODO,$25.175,1439997695689,200,Not yet rated,NULL,N/A
GOODN,$25.629,1439997695720,"1,000",Not yet rated,NULL,N/A
GOODP,$25.2399,1439997696010,374,Not yet rated,NULL,N/A
GAINO,$25.3001,1439997696038,400,Not yet rated,NULL,N/A
GAINN,$25.1,1439997696065,"2,660",Not yet rated,NULL,N/A
GAIN,$7.857,1439997696091,"54,603",100% bullish,of 2 ratings,$8.25
GAINP,$25.98,1439997696234,"1,150",Not yet rated,NULL,N/A
LAND,$9.345,1439997696326,"7,200",50% bullish,of 2 ratings,$13.75
GLBZ,NULL,1439997696386,0,Not yet rated,NULL,N/A
GBT,$42.96,1439997696412,"48,281",100% bearish,of 1 rating,N/A
GPACU,NULL,1439997696465,0,Not yet rated,NULL,N/A
GDEF,NULL,1439997696567,0,Not yet rated,NULL,N/A
ENT,$12.5,1439997696606,"21,563",100% bearish,of 1 rating,$18
GBLI,$26.83,1439997696635,"2,200",Not yet rated,NULL,N/A
ACTX,NULL,1439997696706,0,100% bullish,of 1 rating,N/A
GSOL,$8.51,1439997696782,600,100% bearish,of 1 rating,N/A
SOCL,$18.28,1439997696997,"8,005",100% bullish,of 2 ratings,N/A
QQQC,$20.9134,1439997697024,"1,088",100% bearish,of 1 rating,N/A
GAI,$5.37,1439997697078,"2,037",50% bullish,of 2 ratings,N/A
ALTY,NULL,1439997697175,0,Not yet rated,NULL,N/A
SRET,$13.8484,1439997697270,265,Not yet rated,NULL,N/A
GLBS,NULL,1439997697295,0,67% bullish,of 3 ratings,N/A
YLCO,NULL,1439997697340,0,Not yet rated,NULL,N/A
GLRI,$1.23,1439997697367,"1,600",100% bearish,of 1 rating,$6
GSM,$13.53,1439997697511,"52,277",50% bullish,of 2 ratings,$24.50
GLUU,$4.685,1439997697577,"363,061",92% bullish,of 26 ratings,$9
GBIM,$2.13,1439997697605,"5,100",50% bullish,of 2 ratings,N/A
GOGO,$16.18,1439997697657,"108,938",80% bullish,of 5 ratings,$25
GLNG,$37.41,1439997697684,"142,071",83% bullish,of 6 ratings,$58
GLYC,$7.26,1439997697862,"1,075",50% bullish,of 2 ratings,$14
GMLP,$18.8735,1439997697888,"70,392",50% bullish,of 4 ratings,$32.50
GLDC,$4.149,1439997698019,400,50% bullish,of 2 ratings,N/A
GDEN,$8.92,1439997698169,"6,477",50% bullish,of 2 ratings,N/A
GTIM,$7.0247,1439997698222,"5,180",Not yet rated,NULL,$11.50
GOGL,$3.42,1439997698247,"90,941",75% bullish,of 4 ratings,$5
GBDC,$16.47,1439997698276,"21,430",Not yet rated,NULL,$17.75
GOOG,$658,1439997698312,"227,197",89% bullish,of 65 ratings,$795
GPIA,NULL,1439997698406,0,Not yet rated,NULL,N/A
GOOGL,$691.2869,1439997698445,"292,780",88% bullish,of 1078 ratings,$747
GPRO,$55.48,1439997698513,"1,335,069",79% bullish,of 58 ratings,$72
GMAN,$4.6,1439997698540,"8,174",60% bullish,of 5 ratings,$8
GPIAU,NULL,1439997698610,0,Not yet rated,NULL,N/A
GRVY,NULL,1439997698739,0,50% bullish,of 2 ratings,N/A
LOPE,$38.025,1439997698767,"80,917",100% bearish,of 2 ratings,$50
GPIAW,NULL,1439997698795,0,Not yet rated,NULL,N/A
GBSN,$2.28,1439997698926,"27,400",100% bearish,of 1 rating,$8.25
GBSNU,$16.34,1439997698960,640,Not yet rated,NULL,N/A
GLDD,$5.675,1439997699029,"61,409",100% bearish,of 4 ratings,$7.75
GNBC,$12.97,1439997699137,949,100% bearish,of 1 rating,$17
GPRE,$21.13,1439997699267,"68,172",67% bullish,of 6 ratings,$28.50
GRBK,$14.17,1439997699321,"37,364",77% bullish,of 13 ratings,N/A
GCBC,NULL,1439997699351,0,100% bullish,of 1 rating,N/A
GLRE,$26.57,1439997699377,"25,198",100% bullish,of 1 rating,$41
GPP,$14.764,1439997699408,"1,560",Not yet rated,NULL,$20.50
GSBC,$41.29,1439997699456,"5,952",100% bullish,of 1 rating,$44
GRIF,NULL,1439997699589,0,100% bearish,of 1 rating,N/A
GRFS,$32.01,1439997699716,"68,411",50% bullish,of 2 ratings,$35
GRPN,$4.16,1439997699741,"1,511,465",61% bullish,of 71 ratings,$6.75
GGAL,$19.9601,1439997699767,"52,845",80% bullish,of 5 ratings,$40
OMAB,$41.39,1439997699817,"2,844",100% bullish,of 1 rating,$44
GSIG,$13.345,1439997699987,"2,972",100% bearish,of 2 ratings,N/A
GTXI,$0.95,1439997700161,"23,260",100% bullish,of 5 ratings,$.75
GUID,$8.86,1439997700190,"5,100",100% bearish,of 3 ratings,$10
GSVC,$9.58,1439997700217,"5,419",50% bullish,of 2 ratings,$14.50
GFED,NULL,1439997700248,0,Not yet rated,NULL,$17
GSIT,$4.9,1439997700275,"43,636",100% bearish,of 1 rating,N/A
GBNK,$15.86,1439997700346,"2,225",100% bearish,of 1 rating,$18
GIFI,$12.62,1439997700445,"24,474",100% bearish,of 1 rating,$16
GURE,$1.79,1439997700512,"32,287",88% bullish,of 8 ratings,N/A
GULTU,$0.3202,1439997700611,"867,787",100% bearish,of 1 rating,N/A
GWPH,$112.89,1439997700678,"32,691",78% bullish,of 9 ratings,$148.50
GPOR,$33.8,1439997700783,"291,260",75% bullish,of 4 ratings,$55
HLG,$9.5,1439997700945,3,100% bearish,of 1 rating,N/A
GYRO,$3,1439997700996,"1,044",100% bearish,of 1 rating,N/A
GWGH,NULL,1439997701026,0,100% bearish,of 1 rating,$15.05
HNRG,$7.39,1439997701081,"13,212",100% bearish,of 1 rating,$10
HALO,$18.2246,1439997701111,"303,363",67% bullish,of 3 ratings,$22.50
HALL,$11.72,1439997701138,"2,042",Not yet rated,NULL,N/A
HEES,$16.84,1439997701169,"50,405",67% bearish,of 3 ratings,$31
HMPR,$1.89,1439997701245,"4,184",100% bullish,of 1 rating,N/A
HBHC,$28.33,1439997701388,"66,139",50% bullish,of 2 ratings,$30
HBK,$13.7,1439997701417,100,50% bullish,of 2 ratings,N/A
HNH,$28.5,1439997701474,"1,113",100% bullish,of 1 rating,N/A
HBHCL,$24.6,1439997701518,"6,386",Not yet rated,NULL,N/A
HAFC,$25.4,1439997701621,"21,307",100% bullish,of 2 ratings,$28.50
HQCL,$10.44,1439997701768,"3,295",67% bullish,of 3 ratings,N/A
HLIT,$5.83,1439997701833,"41,419",100% bearish,of 1 rating,$6.50
HRMN,NULL,1439997701905,0,Not yet rated,NULL,N/A
HRMNU,NULL,1439997701971,0,Not yet rated,NULL,N/A
HNSN,$0.515,1439997702035,"24,720",88% bullish,of 8 ratings,$.40
HRMNW,NULL,1439997702099,0,Not yet rated,NULL,N/A
HDNG,$10.74,1439997702126,"1,900",50% bullish,of 4 ratings,N/A
TINY,$2.4801,1439997702158,"3,200",50% bullish,of 2 ratings,$5.26
HART,$0.64,1439997702184,"57,393",100% bearish,of 1 rating,N/A
HBIO,$4.46,1439997702339,"6,196",Not yet rated,NULL,$10
HCAP,$12.12,1439997702510,"3,045",50% bullish,of 2 ratings,$15
HCAPL,NULL,1439997702567,0,Not yet rated,NULL,N/A
HCOM,$22.81,1439997702592,654,100% bearish,of 1 rating,$28
HAS,$79.42,1439997702618,"137,087",63% bullish,of 8 ratings,$84.50
HA,$25.48,1439997702762,"89,552",67% bullish,of 9 ratings,$27
HWKN,$35.51,1439997702788,"2,910",Not yet rated,NULL,N/A
HAYN,$38.89,1439997702926,"10,149",100% bearish,of 1 rating,$59
HWBK,NULL,1439997702958,0,100% bearish,of 1 rating,N/A
HDS,$34.29,1439997702985,"132,204",100% bearish,of 2 ratings,$39.50
HIIQ,$4.72,1439997703034,"3,109",50% bullish,of 2 ratings,$7
HCSG,$34.25,1439997703064,"77,572",50% bullish,of 4 ratings,$35
HQY,$32.45,1439997703206,"38,454",67% bullish,of 3 ratings,$31
HWAY,$12.39,1439997703265,"92,173",100% bearish,of 1 rating,$15
HTLD,$21.0775,1439997703307,"45,344",Not yet rated,NULL,$22.50
HTLF,$36.91,1439997703503,"2,766",100% bullish,of 1 rating,$39.50
HTBX,$5.69,1439997703641,"8,865",50% bullish,of 2 ratings,$15.50
HMTV,$13.03,1439997703698,"2,998",100% bearish,of 1 rating,$16
HSII,$20.01,1439997703725,"11,304",100% bullish,of 3 ratings,$25
HTWR,$87.5,1439997703751,"35,081",50% bullish,of 2 ratings,$103
HMNY,$2.31,1439997703805,100,100% bearish,of 1 rating,N/A
HCACU,$9.9801,1439997703908,"2,100",Not yet rated,NULL,N/A
HNNA,$22.81,1439997703957,200,Not yet rated,NULL,N/A
HELE,$91.952,1439997704012,"37,639",67% bearish,of 3 ratings,$100
HTBK,$10.97,1439997704184,"2,525",Not yet rated,NULL,$12
HERO,$0.0719,1439997704215,"600,518",81% bullish,of 16 ratings,$.75
HSTM,$25.39,1439997704241,"23,882",50% bullish,of 2 ratings,$33.75
HFWA,$18.26,1439997704317,"6,102",100% bullish,of 1 rating,$20
HSIC,$146.45,1439997704378,"66,544",83% bullish,of 6 ratings,$146
HEOP,$7.9,1439997704461,"1,344",Not yet rated,NULL,$8.50
HCCI,$12.36,1439997704507,"1,086",100% bearish,of 1 rating,$16.50
MLHR,$29.235,1439997704605,"31,628",50% bullish,of 2 ratings,$33.50
HFFC,NULL,1439997704694,0,Not yet rated,NULL,N/A
HRTX,$32.01,1439997704724,"57,217",67% bullish,of 6 ratings,$41
HIBB,$40.025,1439997704751,"65,019",100% bearish,of 1 rating,$48.50
HSKA,$34.38,1439997704776,"10,818",100% bearish,of 1 rating,$38
HIHO,$4.1308,1439997704919,"10,900",Not yet rated,NULL,N/A
HPJ,$2.71,1439997704949,"6,327",75% bullish,of 4 ratings,$12.43
HIMX,$6.75,1439997704991,"498,223",85% bullish,of 20 ratings,$8.50
HSGX,$6.61,1439997705120,"2,049",100% bearish,of 1 rating,$17
HMNF,$11.4,1439997705148,4,Not yet rated,NULL,N/A
HIFS,$116.4,1439997705215,"1,829",Not yet rated,NULL,N/A
HMSY,$9.31,1439997705360,"134,008",67% bullish,of 3 ratings,$19.35
HOLI,$17.65,1439997705388,"71,712",50% bullish,of 4 ratings,$27
HOLX,$42.19,1439997705421,"223,952",67% bullish,of 3 ratings,$42
HBCP,$24.29,1439997705554,"2,620",Not yet rated,NULL,$29
HOMB,$40.51,1439997705602,"17,628",Not yet rated,NULL,$41
HFBL,NULL,1439997705627,0,Not yet rated,NULL,N/A
AWAY,$30.91,1439997705782,"206,656",67% bullish,of 3 ratings,$36
HMIN,$29.24,1439997705831,"25,594",100% bearish,of 2 ratings,$35
HMST,$21.627,1439997705861,"19,164",100% bullish,of 2 ratings,$27
HTBI,$18.4,1439997705962,"3,107",67% bullish,of 3 ratings,$18.625
HKTV,$5.15,1439997705990,"18,000",100% bearish,of 1 rating,N/A
CETC,$0.85,1439997706018,"10,124",86% bullish,of 7 ratings,N/A
HFBC,$11.7299,1439997706168,"1,302",Not yet rated,NULL,N/A
HOFT,$24.6,1439997706242,"1,798",100% bearish,of 1 rating,N/A
HZNP,$31.06,1439997706269,"236,303",85% bullish,of 20 ratings,$40
HBNC,$24.9,1439997706291,"4,568",100% bullish,of 1 rating,$27
ZINC,$7.6301,1439997706529,"211,230",100% bearish,of 1 rating,$17
HRZN,$10.8724,1439997706555,"9,701",100% bearish,of 1 rating,$14.25
HDP,$26.1,1439997706622,"41,964",67% bearish,of 3 ratings,$30.50
HMHC,$22.57,1439997706692,"54,323",Not yet rated,NULL,$27
HWCC,$7.34,1439997706766,"6,450",100% bearish,of 1 rating,$9
HOVNP,$5.45,1439997706791,"7,250",100% bearish,of 1 rating,N/A
HSNI,$62.94,1439997706837,"30,991",Not yet rated,NULL,$80
HTGM,$5.79,1439997706992,"3,400",100% bearish,of 1 rating,$19.50
HBMD,NULL,1439997707090,0,100% bearish,of 1 rating,N/A
HSON,$3,1439997707123,"6,874",100% bearish,of 1 rating,$5
HCBK,$10.27,1439997707154,"146,730",83% bullish,of 6 ratings,$8.61
HUBG,$40.9,1439997707220,"15,050",100% bearish,of 1 rating,$43
HDSN,$3.03,1439997707247,"10,032",100% bullish,of 1 rating,$6.25
HBAN,$11.67,1439997707282,"1,611,516",76% bullish,of 17 ratings,$12.50
HBANP,$1345,1439997707321,18,100% bearish,of 1 rating,N/A
HURC,$30.53,1439997707465,"3,577",100% bearish,of 1 rating,N/A
HURN,$75.1,1439997707622,"9,477",50% bullish,of 2 ratings,$80
HTCH,$1.66,1439997707665,"9,392",100% bearish,of 1 rating,$3.50
HBP,$3.25,1439997707765,"1,080",100% bullish,of 1 rating,N/A
HDRAW,NULL,1439997707858,0,Not yet rated,NULL,N/A
HDRA,NULL,1439997707884,0,Not yet rated,NULL,N/A
HDRAU,$10.2,1439997707910,100,Not yet rated,NULL,N/A
HYGS,$7.6242,1439997707936,"4,091",50% bullish,of 2 ratings,$13
HDRAR,NULL,1439997707965,0,Not yet rated,NULL,N/A
IACI,$73.49,1439997708098,"111,519",75% bullish,of 4 ratings,$90
IDSY,$4,1439997708254,"3,186",100% bearish,of 1 rating,$7
IBKC,$62.73,1439997708284,"37,006",100% bullish,of 1 rating,$70
IKGH,$1.87,1439997708307,"56,952",75% bullish,of 4 ratings,N/A
ICAD,$3.5,1439997708341,"24,489",50% bullish,of 2 ratings,$7.25
IEP,$71.57,1439997708363,"30,139",75% bullish,of 4 ratings,$99
ICFI,$35.73,1439997708519,"13,649",50% bullish,of 2 ratings,$48.50
ICLR,$80.26,1439997708662,"151,951",100% bearish,of 3 ratings,$85
ICON,$12.88,1439997708688,"86,052",50% bullish,of 2 ratings,$18.50
IPWR,$7.61,1439997708714,140,100% bullish,of 1 rating,$15
ICUI,$120.71,1439997708884,"11,451",Not yet rated,NULL,$122
INVE,$4.71,1439997708940,"35,946",75% bullish,of 4 ratings,$4
IROQ,NULL,1439997708983,0,100% bullish,of 1 rating,N/A
DSKY,$12.26,1439997709010,"7,250",67% bullish,of 6 ratings,$11.50
IDRA,$2.55,1439997709041,"431,799",89% bullish,of 9 ratings,$6.50
IRG,$4.48,1439997709084,"2,000",100% bearish,of 1 rating,$4.50
IDXX,$77.654,1439997709179,"76,280",100% bearish,of 1 rating,$77
RXDX,$12.93,1439997709225,"25,930",100% bullish,of 1 rating,$20
IIVI,$17.35,1439997709313,"12,528",100% bearish,of 1 rating,$22
KANG,$16.35,1439997709479,"52,165",50% bullish,of 2 ratings,$22.55
IKNX,NULL,1439997709527,0,100% bearish,of 1 rating,N/A
IKAN,$2.73,1439997709555,"7,398",83% bullish,of 6 ratings,$5
ILMN,$205.9701,1439997709688,"141,724",80% bullish,of 5 ratings,$240
ISNS,$4.12,1439997709759,600,50% bullish,of 2 ratings,N/A
ICCC,$8.3,1439997709824,"3,638",100% bullish,of 1 rating,N/A
IMMR,$12.14,1439997709855,"38,399",80% bullish,of 5 ratings,$15.50
IMDZ,$16.5,1439997709877,"27,821",100% bearish,of 1 rating,$33
IMNP,$1.48,1439997709950,"84,339",50% bullish,of 2 ratings,$6
IPXL,$46.29,1439997710012,"178,579",67% bullish,of 3 ratings,$46.50
IMGN,$13.09,1439997710155,"181,891",75% bullish,of 4 ratings,$17.50
INCR,$44.075,1439997710234,"75,182",50% bullish,of 2 ratings,$53
IMMU,$1.83,1439997710259,"163,162",86% bullish,of 7 ratings,$2
IMMY,$7.7,1439997710288,803,100% bearish,of 1 rating,$11
SAAS,$7.96,1439997710314,"59,931",50% bullish,of 2 ratings,$15
INCY,$111.8,1439997710630,"172,484",50% bullish,of 6 ratings,$125.50
INDB,$47.44,1439997710657,"5,552",Not yet rated,NULL,$44
IPCC,$80.46,1439997710789,"2,742",Not yet rated,NULL,$77.50
INFN,$24.5,1439997710822,"229,657",71% bullish,of 7 ratings,$28
IBCP,$14.51,1439997710844,"10,154",100% bullish,of 1 rating,$14.50
INFI,$9.135,1439997710875,"111,601",50% bullish,of 4 ratings,$18
IDSA,$3.69,1439997710896,302,Not yet rated,NULL,N/A
IBTX,$43.11,1439997710928,"4,251",100% bullish,of 2 ratings,$47.25
III,$4.25,1439997711102,"8,601",57% bullish,of 7 ratings,$6
IFON,$1.31,1439997711128,"34,085",75% bullish,of 4 ratings,N/A
IMKTA,$53.43,1439997711265,"11,058",100% bearish,of 1 rating,N/A
INWK,$7.58,1439997711410,"13,527",50% bullish,of 2 ratings,$10
ITEK,$15.8,1439997711557,"238,985",67% bearish,of 3 ratings,$20
ISSC,NULL,1439997711601,0,67% bearish,of 3 ratings,N/A
IOSP,$46.12,1439997711663,"18,022",100% bearish,of 1 rating,N/A
IPHS,$48.13,1439997711700,"18,053",100% bearish,of 1 rating,$60
INOD,$2.538,1439997711727,"25,900",100% bearish,of 1 rating,N/A
INNL,$12.84,1439997711797,"1,944",100% bearish,of 1 rating,$16.50
INOV,$21.4,1439997711927,"23,199",100% bearish,of 1 rating,$33
INGN,$50.32,1439997712484,"20,615",100% bearish,of 1 rating,$50.50
INO,$7.2365,1439997712553,"164,254",89% bullish,of 18 ratings,$20
NSIT,$26.03,1439997712687,"16,274",50% bullish,of 2 ratings,N/A
ISIG,$2.61,1439997712714,"3,500",100% bearish,of 1 rating,N/A
INSM,$26.91,1439997712776,"34,899",71% bullish,of 7 ratings,$32
IIIN,$17.74,1439997713127,"5,742",100% bearish,of 2 ratings,N/A
INSY,$34.005,1439997713154,"100,181",75% bullish,of 4 ratings,$48
PODD,$30.1,1439997713208,"55,535",50% bullish,of 2 ratings,$35
ISSI,$22.33,1439997713235,"89,775",67% bullish,of 3 ratings,$19.75
IESC,$7.1001,1439997713293,"1,300",100% bearish,of 1 rating,N/A
NTEC,$5.79,1439997713321,"9,730",Not yet rated,NULL,N/A
IART,$61.66,1439997713365,"28,732",100% bearish,of 1 rating,$71.50
IDTI,$18.0635,1439997713450,"534,900",60% bullish,of 5 ratings,$25
INTC,$28.34,1439997713528,"7,304,878",82% bullish,of 238 ratings,$36
IPCI,$2.1301,1439997713692,"12,271",67% bullish,of 6 ratings,$7.75
IQNT,$20.15,1439997713786,"175,659",86% bullish,of 7 ratings,$20
IPAR,$28.23,1439997713817,"8,834",67% bullish,of 3 ratings,$38
IBKR,$41.68,1439997713838,"45,456",100% bullish,of 1 rating,N/A
ININ,$39.93,1439997713918,"20,852",67% bearish,of 3 ratings,$57
ICPT,$208.68,1439997713966,"38,362",70% bullish,of 10 ratings,$363
ICLD,$1.8601,1439997714061,"80,645",75% bullish,of 4 ratings,N/A
ICLDW,NULL,1439997714088,0,100% bearish,of 1 rating,N/A
IDCC,$49.34,1439997714142,"40,688",80% bullish,of 5 ratings,$63
IMI,$1.99,1439997714215,430,67% bullish,of 3 ratings,$2.22
INAP,$8.66,1439997714241,"21,025",75% bullish,of 4 ratings,$11
TILE,$25.84,1439997714288,"64,046",67% bearish,of 3 ratings,$27
IBOC,$27.2,1439997714433,"13,204",100% bearish,of 1 rating,N/A
IGLD,$7.49,1439997714459,"1,400",50% bullish,of 2 ratings,N/A
ISCA,$33.2,1439997714484,"12,853",100% bearish,of 1 rating,N/A
IIJI,NULL,1439997714626,0,50% bullish,of 2 ratings,$11.50
PTNT,$3.0301,1439997714927,"1,000",Not yet rated,NULL,N/A
XENT,$29.8596,1439997714977,"25,265",50% bullish,of 2 ratings,$36.50
INPH,$0.33,1439997715009,200,50% bullish,of 2 ratings,N/A
INTX,$2.54,1439997715106,"13,920",67% bullish,of 3 ratings,N/A
ISIL,$10.72,1439997715135,"206,589",50% bullish,of 6 ratings,$15
IILG,$21.2,1439997715264,"14,452",100% bearish,of 1 rating,$30.50
INTL,$27.4501,1439997715307,"14,708",67% bearish,of 3 ratings,N/A
IVAC,$4.82,1439997715362,"1,900",Not yet rated,NULL,$6.625
INTU,$105.91,1439997715469,"281,218",100% bullish,of 7 ratings,$107.50
ISRG,$524.18,1439997715515,"46,594",67% bullish,of 3 ratings,$600
INTLL,$25.94,1439997715548,133,Not yet rated,NULL,N/A
ITCI,$29.602,1439997715570,"115,974",75% bearish,of 4 ratings,$40
IIN,NULL,1439997715640,0,100% bearish,of 1 rating,$12
INVT,$0.285,1439997715747,"2,579",67% bullish,of 3 ratings,N/A
SNAK,$8.73,1439997715876,"23,550",50% bullish,of 2 ratings,$14
ISTR,$15.61,1439997716007,2,100% bearish,of 1 rating,$18.50
ISBC,$12.19,1439997716036,"247,424",100% bullish,of 1 rating,$13.25
ITIC,NULL,1439997716063,0,100% bearish,of 2 ratings,N/A
NVIV,$10.7942,1439997716085,"109,308",50% bullish,of 4 ratings,$24.50
IPAS,$1.08,1439997716226,"38,869",67% bullish,of 3 ratings,N/A
IVTY,$11.54,1439997716321,"6,899",Not yet rated,NULL,$18
DFVL,NULL,1439997716408,0,Not yet rated,NULL,N/A
IRMD,$26.15,1439997716461,"3,095",67% bearish,of 3 ratings,$25
IPCM,$79.46,1439997716486,"92,480",50% bullish,of 2 ratings,$80.125
DTUL,NULL,1439997716543,0,Not yet rated,NULL,N/A
IRIX,$7.1,1439997716632,"2,500",100% bearish,of 1 rating,N/A
IPGP,$91.87,1439997716674,"66,302",100% bearish,of 2 ratings,$109.50
IRDM,$6.7,1439997716735,"97,690",60% bullish,of 5 ratings,$11.50
IRBT,$30.68,1439997716874,"32,184",67% bullish,of 6 ratings,$37
IRWD,$11.44,1439997717004,"134,914",100% bearish,of 1 rating,$13
IRDMB,$270,1439997717031,49,67% bearish,of 3 ratings,N/A
IRCP,NULL,1439997717098,0,100% bullish,of 2 ratings,N/A
COMT,$32.94,1439997717168,"4,355",100% bearish,of 1 rating,N/A
FCHI,$48.6487,1439997717267,"1,114",Not yet rated,NULL,N/A
GNMA,$49.9001,1439997717313,"1,552",Not yet rated,NULL,N/A
IFAS,NULL,1439997717399,0,Not yet rated,NULL,N/A
IFEU,$39.94,1439997717427,"25,113",Not yet rated,NULL,N/A
IFGL,$29.86,1439997717452,"9,297",Not yet rated,NULL,N/A
IFNA,NULL,1439997717709,0,Not yet rated,NULL,N/A
AAXJ,$54.75,1439997717737,"241,862",Not yet rated,NULL,N/A
ACWX,$42.29,1439997717767,"56,843",100% bearish,of 1 rating,N/A
ACWI,$58.31,1439997717867,"136,756",Not yet rated,NULL,N/A
AAIT,$30.49,1439997717893,100,100% bullish,of 1 rating,N/A
AXJS,NULL,1439997717951,0,Not yet rated,NULL,N/A
EEMA,$51.9593,1439997718023,"9,468",Not yet rated,NULL,N/A
EEME,NULL,1439997718094,0,100% bearish,of 1 rating,N/A
EMDI,NULL,1439997718119,0,Not yet rated,NULL,N/A
EMEY,$25.31,1439997718204,300,Not yet rated,NULL,N/A
EEML,$28.26,1439997718285,500,Not yet rated,NULL,N/A
EGRW,$48.5,1439997718318,100,Not yet rated,NULL,N/A
EVAL,$37.18,1439997718417,314,Not yet rated,NULL,N/A
EUFN,$22.8764,1439997718496,"41,254",100% bearish,of 1 rating,N/A
IEUS,$46.7601,1439997718521,"3,623",100% bearish,of 1 rating,N/A
QAT,NULL,1439997718666,0,Not yet rated,NULL,N/A
UAE,NULL,1439997718803,0,Not yet rated,NULL,N/A
IBB,$363.1139,1439997718861,"318,760",63% bullish,of 8 ratings,N/A
SOXX,$83.62,1439997718916,"95,676",50% bullish,of 2 ratings,N/A
WOOD,$50.98,1439997718990,"3,246",50% bullish,of 2 ratings,N/A
ICLN,$10.08,1439997719018,"27,615",50% bullish,of 2 ratings,N/A
EMIF,$29.46,1439997719061,"6,290",Not yet rated,NULL,N/A
INDY,$29.63,1439997719087,"69,301",100% bullish,of 1 rating,N/A
ISHG,$78.53,1439997719150,759,100% bearish,of 1 rating,N/A
IGOV,$89.9001,1439997719281,"5,837",100% bearish,of 1 rating,N/A
ISLE,$18.655,1439997719338,"61,034",50% bullish,of 4 ratings,$16
ISIS,$50.14,1439997719367,"241,103",53% bullish,of 15 ratings,$67
ISRL,$138,1439997719432,34,100% bearish,of 1 rating,N/A
ITRI,$32.77,1439997719466,"60,787",Not yet rated,NULL,$37
ITRN,$25.3924,1439997719595,386,50% bullish,of 2 ratings,N/A
ITUS,NULL,1439997719763,0,Not yet rated,NULL,N/A
XXIA,$15.65,1439997719826,"51,244",71% bullish,of 7 ratings,$14.625
JJSF,$118,1439997719854,"11,455",100% bearish,of 1 rating,N/A
MAYS,NULL,1439997719914,0,Not yet rated,NULL,N/A
IXYS,$10.46,1439997719941,"26,773",50% bullish,of 4 ratings,N/A
JBHT,$79.41,1439997719963,"106,931",50% bullish,of 4 ratings,$89.50
JKHY,$71.118,1439997719998,"26,854",50% bullish,of 2 ratings,$72
JASO,$7.915,1439997720024,"301,709",82% bullish,of 17 ratings,$10
JCOM,$72.31,1439997720158,"18,759",100% bullish,of 2 ratings,$77
JAXB,NULL,1439997720362,0,100% bullish,of 1 rating,N/A
JAGX,NULL,1439997720446,0,Not yet rated,NULL,N/A
JXSB,NULL,1439997720508,0,Not yet rated,NULL,N/A
JACK,$84.95,1439997720534,"107,061",83% bullish,of 6 ratings,$105
JAKK,$9.42,1439997720580,"61,898",60% bearish,of 5 ratings,$10.50
JMBA,$13.55,1439997720606,"20,190",75% bullish,of 4 ratings,$18
JRVR,$26.63,1439997720746,"6,282",Not yet rated,NULL,$32
JASNW,$0.21,1439997720771,"2,000",50% bullish,of 2 ratings,N/A
ERW,NULL,1439997720907,0,Not yet rated,NULL,N/A
JASN,$5.16,1439997721009,"4,900",50% bullish,of 2 ratings,$9.50
JTPY,$2.98,1439997721074,400,100% bearish,of 1 rating,N/A
JAZZ,$185.475,1439997721101,"74,751",80% bullish,of 15 ratings,$206.50
JD,$26.0631,1439997721123,"2,115,796",75% bullish,of 16 ratings,$36
JBLU,$24,1439997721154,"1,024,178",94% bullish,of 16 ratings,$27
JCTCF,NULL,1439997721298,0,100% bullish,of 1 rating,N/A
DATE,$6.55,1439997721360,"8,884",75% bullish,of 4 ratings,$9
JOEZ,$0.18,1439997721595,"25,844",92% bullish,of 12 ratings,N/A
JIVE,$4.09,1439997721664,"77,458",75% bullish,of 4 ratings,$5
JST,$4.3479,1439997721694,"7,050",75% bullish,of 4 ratings,N/A
JBSS,$47.994,1439997721721,"2,232",67% bearish,of 3 ratings,N/A
WYIGU,$10.0434,1439997721747,"1,000",Not yet rated,NULL,N/A
JNP,$9.74,1439997721800,"5,295",100% bullish,of 3 ratings,$15
JOUT,$26.52,1439997721876,"2,525",100% bearish,of 1 rating,$34
JUNO,$39.734,1439997721933,"524,154",73% bullish,of 11 ratings,$71.50
KBIO,$1.97,1439997722147,"7,990",50% bullish,of 4 ratings,N/A
KTWO,$21.74,1439997722177,"19,386",100% bearish,of 1 rating,$28.50
KALU,$83.64,1439997722209,"26,426",67% bearish,of 3 ratings,$91
KNDI,$8.16,1439997722235,"562,876",86% bullish,of 22 ratings,N/A
KMDA,NULL,1439997722277,0,50% bullish,of 2 ratings,$8
KCLI,$47.66,1439997722312,"2,064",Not yet rated,NULL,N/A
KPTI,$13.12,1439997722555,"113,908",67% bearish,of 3 ratings,$41
KELYA,$14.8,1439997722654,"17,666",67% bullish,of 6 ratings,$20
KBSF,NULL,1439997722678,0,100% bullish,of 1 rating,N/A
KRNY,$11.72,1439997722707,"85,645",100% bearish,of 1 rating,$12
KCAP,$4.8,1439997722728,"11,697",75% bullish,of 4 ratings,$6
KELYB,NULL,1439997722757,0,50% bullish,of 2 ratings,N/A
KERX,$6.035,1439997722892,"182,605",82% bullish,of 11 ratings,$12
KFFB,$8.71,1439997722922,"7,376",100% bearish,of 1 rating,N/A
KMPH,$21.53,1439997723025,"11,110",100% bearish,of 2 ratings,$22
GMCR,$49.7,1439997723288,"461,617",71% bullish,of 42 ratings,$64
KEQU,$17.09,1439997723350,198,100% bullish,of 1 rating,N/A
KTEC,$12.0899,1439997723617,300,Not yet rated,NULL,N/A
KTCC,$10.855,1439997724011,"20,375",100% bearish,of 1 rating,$15
KFRC,$28.38,1439997724171,"238,029",100% bullish,of 2 ratings,$29
KE,$11.26,1439997724347,"2,978",67% bearish,of 3 ratings,$16
KBAL,$11.22,1439997724373,"15,575",50% bullish,of 2 ratings,N/A
KINS,$8.5701,1439997724505,"2,402",100% bullish,of 1 rating,N/A
KGJI,$0.8302,1439997724532,"119,900",89% bullish,of 9 ratings,N/A
KONE,$4.28,1439997724569,208,Not yet rated,NULL,N/A
KIRK,$26.29,1439997724595,"11,514",50% bullish,of 2 ratings,$32
KITE,$54.97,1439997724622,"226,551",89% bullish,of 9 ratings,$85
KIN,$5.865,1439997724658,"2,509",50% bullish,of 2 ratings,$6.25
