Symbol,Price,Date,Volume,Rating,RatingVoteCount,OneYearEstimate
TFSC,NULL,1440084002529,0,100% bearish,of 1 rating,N/A
PIH,$7.5024,1440084002594,"1,940",100% bearish,of 1 rating,N/A
TFSCW,NULL,1440084002620,0,100% bearish,of 1 rating,N/A
FCTY,NULL,1440084002647,0,100% bullish,of 1 rating,$8.50
TFSCU,NULL,1440084002675,0,Not yet rated,NULL,N/A
FLWS,$9.645,1440084002697,"50,807",100% bullish,of 5 ratings,$15
TFSCR,NULL,1440084002719,0,Not yet rated,NULL,N/A
FCCY,NULL,1440084002907,0,100% bullish,of 1 rating,$13
DGLD,$78.1966,1440084003041,"6,389",100% bullish,of 1 rating,N/A
VNET,$20.06,1440084003098,"90,728",60% bullish,of 5 ratings,$29.50
USLV,$15.283,1440084003129,"129,600",86% bullish,of 7 ratings,N/A
SRCE,$30.17,1440084003151,"2,629",100% bullish,of 3 ratings,$33
JOBS,$26.54,1440084003194,"45,466",50% bullish,of 4 ratings,$36
TWOU,$34.68,1440084003216,"83,408",50% bullish,of 2 ratings,$39
DSLV,$58.6039,1440084003237,"7,867",100% bearish,of 1 rating,N/A
UGLD,$9.6702,1440084003626,"126,424",100% bearish,of 1 rating,N/A
SIXD,$1.98,1440084003759,"43,637",Not yet rated,NULL,N/A
AVHI,$13.94,1440084003963,"10,032",100% bearish,of 1 rating,$19
SHLM,$35.35,1440084004013,"15,644",100% bearish,of 1 rating,$50
AAON,$22.46,1440084004046,"10,817",100% bearish,of 1 rating,$24
EGHT,$8.2789,1440084004067,"67,986",82% bullish,of 17 ratings,$11
ABY,$21.03,1440084004089,"29,104",100% bearish,of 2 ratings,$46
CAFD,$15.38,1440084004111,"49,621",Not yet rated,NULL,$25
ABGB,$4.04,1440084004147,"46,447",67% bullish,of 3 ratings,$5.50
ABMD,$102.79,1440084004472,"59,347",75% bullish,of 4 ratings,$100.50
AXAS,$1.655,1440084004510,"106,380",78% bullish,of 9 ratings,$3.50
ABEOW,NULL,1440084004545,0,100% bullish,of 1 rating,N/A
ABAX,$47.45,1440084004575,"36,488",100% bearish,of 1 rating,$60
ABEO,$5.1099,1440084004600,"58,278",67% bullish,of 3 ratings,$15.50
ACHC,$77.92,1440084004636,"140,142",50% bullish,of 2 ratings,$92
ACTG,$8.69,1440084004663,"44,153",67% bullish,of 3 ratings,$18.50
ACST,$0.3601,1440084005105,"7,400",100% bullish,of 2 ratings,N/A
ARAY,$5.93,1440084005164,"152,802",100% bearish,of 1 rating,$10.50
XLRN,$30.24,1440084005196,"16,650",50% bullish,of 2 ratings,$57
VXDN,$13.87,1440084005217,"1,015",Not yet rated,NULL,N/A
ANCX,$19.08,1440084005247,"8,306",Not yet rated,NULL,$19
AXDX,$18.6,1440084005273,"45,773",100% bearish,of 1 rating,N/A
ACAD,$37.44,1440084005299,"251,895",80% bullish,of 20 ratings,$48
VXUP,$17.7,1440084005576,"15,008",Not yet rated,NULL,N/A
ACHN,$8.22,1440084005607,"220,665",90% bullish,of 21 ratings,$16
AKAO,$7,1440084005636,"42,124",75% bullish,of 4 ratings,$15
ACET,$25,1440084005677,"26,626",75% bullish,of 4 ratings,$30
ACIW,$22.46,1440084005705,"48,819",50% bullish,of 2 ratings,$24
ACNB,$20.1088,1440084005768,300,Not yet rated,NULL,N/A
ACRX,$4.35,1440084005793,"85,305",67% bearish,of 6 ratings,$5.50
ACOR,$29.995,1440084005845,"52,641",67% bearish,of 3 ratings,$38.50
ACTS,$1.35,1440084006123,"21,985",100% bearish,of 1 rating,N/A
ATVI,$28.11,1440084006182,"1,087,667",68% bullish,of 84 ratings,$31.50
ACUR,$0.618,1440084006215,500,100% bullish,of 5 ratings,$1
ADMS,$19.955,1440084006398,"19,226",100% bearish,of 2 ratings,$36
ACTA,$13.46,1440084006424,"23,469",67% bearish,of 3 ratings,$25
ACPW,$1.8511,1440084006475,"3,365",100% bullish,of 4 ratings,$3.50
ADMP,$3.5209,1440084006558,"2,829",50% bullish,of 2 ratings,$10
ACXM,$20.55,1440084006624,"51,873",67% bullish,of 3 ratings,N/A
ADAP,$14.84,1440084006655,"11,002",67% bullish,of 3 ratings,$22
ADUS,$29.55,1440084006677,"16,633",100% bearish,of 1 rating,$31
AEY,NULL,1440084006719,0,100% bearish,of 2 ratings,N/A
ADBE,$83.81,1440084006812,"276,070",65% bullish,of 17 ratings,$90
ADEP,$7.17,1440084006840,"10,384",50% bullish,of 2 ratings,$10.75
ADMA,$9.6,1440084007047,100,Not yet rated,NULL,$19
ADRO,$20.42,1440084007083,"34,527",80% bullish,of 5 ratings,$45.50
ADTN,$15.53,1440084007108,"83,437",67% bullish,of 3 ratings,$17.125
AEIS,$25.29,1440084007298,"28,811",50% bullish,of 2 ratings,$32.50
ADXS,$14.29,1440084007327,"231,397",64% bullish,of 14 ratings,$27
AMD,$1.75,1440084007349,"2,029,410",83% bullish,of 102 ratings,$2
ADXSW,$9.82,1440084007378,"2,030",100% bullish,of 1 rating,N/A
MULT,NULL,1440084007412,0,100% bearish,of 1 rating,N/A
YPRO,$23.24,1440084007513,200,100% bearish,of 1 rating,N/A
AEGR,$18.06,1440084007561,"50,882",50% bullish,of 6 ratings,$26
AMTX,$3.38,1440084007694,"3,915",50% bullish,of 2 ratings,$26.11
AEGN,$18.62,1440084007720,"28,236",100% bearish,of 1 rating,$21
AEPI,$56.64,1440084007751,"1,836",100% bearish,of 1 rating,N/A
AEHR,$2.1364,1440084007896,"1,069",50% bullish,of 2 ratings,N/A
AERI,$16,1440084007952,"99,656",75% bullish,of 4 ratings,$31.50
AVAV,$24.7299,1440084008089,"29,799",50% bullish,of 4 ratings,$31
AEMD,$6.9101,1440084008123,"1,300",Not yet rated,NULL,$27.50
AFMD,$10.37,1440084008149,"87,841",50% bullish,of 4 ratings,$15
AEZS,$0.107,1440084008196,"2,844,255",90% bullish,of 21 ratings,$1.50
AGEN,$7.44,1440084008330,"120,419",85% bullish,of 13 ratings,$14
AFFX,$9.52,1440084008374,"42,095",80% bullish,of 5 ratings,$12
AGRX,$8.3638,1440084008470,"8,228",100% bearish,of 1 rating,$17.50
AGFS,$9.6,1440084008501,"28,797",100% bearish,of 1 rating,N/A
AGIO,$90.56,1440084008532,"87,530",88% bullish,of 8 ratings,$114
AGYS,$9.54,1440084008560,"2,254",100% bearish,of 1 rating,N/A
AGFSW,$1.77,1440084008588,"5,245",100% bearish,of 2 ratings,N/A
AIMT,$22.8489,1440084008725,"69,520",Not yet rated,NULL,N/A
AIRM,$38.14,1440084008858,"31,331",80% bearish,of 5 ratings,$53
ATSG,$9.365,1440084008941,"17,847",67% bullish,of 3 ratings,$13
AMCN,$4.98,1440084009040,"124,997",83% bullish,of 6 ratings,N/A
AIRT,$22.7,1440084009098,251,100% bullish,of 1 rating,N/A
AIXG,$6.13,1440084009130,"4,028",67% bearish,of 3 ratings,$6
AKAM,$71.25,1440084009155,"382,490",63% bullish,of 8 ratings,$77
AKER,$2.83,1440084009231,"1,427",Not yet rated,NULL,N/A
AKBA,$6.5,1440084009294,"67,618",100% bearish,of 1 rating,$18
AKRX,$42.37,1440084009323,"107,283",78% bullish,of 9 ratings,$56
ALRM,$17.19,1440084009400,"102,000",100% bearish,of 1 rating,$22
ALSK,$2.135,1440084009472,"25,216",78% bullish,of 18 ratings,$2
ABDC,$12.95,1440084009627,"3,211",Not yet rated,NULL,$15
AMRI,$20.1,1440084009654,"23,092",75% bearish,of 4 ratings,$24
ALDR,$37.9,1440084009681,"77,209",67% bearish,of 3 ratings,$62
ADHD,$8.69,1440084009703,"30,302",50% bullish,of 4 ratings,$18
ALDX,$7.7999,1440084009901,"5,600",100% bearish,of 1 rating,$14.50
ALIM,$3.49,1440084010085,"18,892",80% bullish,of 5 ratings,$10
ALXA,$1.14,1440084010132,"5,720",83% bullish,of 6 ratings,$2.125
ALXN,$183.865,1440084010165,"170,553",88% bullish,of 8 ratings,$223
ALCO,$41.76,1440084010196,"1,312",50% bullish,of 2 ratings,N/A
ALGN,$59.17,1440084010218,"87,524",100% bearish,of 2 ratings,$73
ALKS,$64.75,1440084010255,"125,512",67% bullish,of 3 ratings,$75
ALGT,$221.78,1440084010287,"23,360",100% bearish,of 1 rating,$235
ALLB,$23.59,1440084010362,200,Not yet rated,NULL,N/A
AFOP,$17.71,1440084010551,"44,688",75% bullish,of 8 ratings,$21
AIQ,$14.87,1440084010622,625,67% bullish,of 3 ratings,N/A
AHGP,$37.04,1440084010704,"18,522",67% bullish,of 3 ratings,N/A
ARLP,$24.6618,1440084010781,"39,071",67% bearish,of 3 ratings,$32
AHPI,$1.44,1440084010807,700,50% bullish,of 2 ratings,N/A
ALLT,$5.015,1440084010882,"16,647",75% bullish,of 4 ratings,$6.25
AMOT,$16.51,1440084010937,"16,786",100% bearish,of 1 rating,N/A
ALQA,$4.5001,1440084010995,"11,352",75% bullish,of 4 ratings,$8.50
MDRX,$14.01,1440084011067,"304,333",60% bullish,of 5 ratings,$16
AFAM,$47.58,1440084011096,"10,608",50% bullish,of 2 ratings,$44
ALNY,$107.5,1440084011135,"179,793",67% bullish,of 3 ratings,$148.50
AOSL,$7.26,1440084011228,"10,597",67% bullish,of 3 ratings,$9
SMCP,NULL,1440084011258,0,Not yet rated,NULL,N/A
ATEC,$0.59,1440084011365,"6,350",100% bullish,of 1 rating,$2
ALTR,$49.23,1440084011498,"411,696",80% bearish,of 5 ratings,$54
AIMC,$25.87,1440084011714,"1,759",100% bearish,of 1 rating,$28.50
AYA,$22.18,1440084011752,"12,172",100% bearish,of 1 rating,$40
ASPS,$29.75,1440084011774,"16,447",67% bullish,of 3 ratings,$46.50
AMAG,$62.33,1440084011796,"45,826",100% bullish,of 2 ratings,$77.50
AMRN,$2.09,1440084011844,"345,587",85% bullish,of 39 ratings,$8
AMRK,NULL,1440084011872,0,50% bullish,of 2 ratings,$14
AMBCW,NULL,1440084012146,0,100% bearish,of 1 rating,N/A
AMBC,$15.83,1440084012194,"42,698",100% bearish,of 1 rating,$16.50
AMZN,$521.0188,1440084012232,"938,474",81% bullish,of 263 ratings,$646
AMCX,$70.315,1440084012254,"235,234",67% bullish,of 3 ratings,$85.50
AMBA,$99.6083,1440084012286,"643,080",83% bullish,of 12 ratings,$102.50
DOX,$59.59,1440084012318,"47,595",100% bullish,of 2 ratings,$60
EPAX,$2.67,1440084012353,"2,513",100% bearish,of 1 rating,N/A
AMDA,$0.49,1440084012449,"544,977",90% bullish,of 10 ratings,$1
AMED,$41.56,1440084012715,"100,240",100% bearish,of 1 rating,$42
AAL,$42.905,1440084012821,"1,581,383",93% bullish,of 87 ratings,$57
ATAX,$5.27,1440084012849,"27,037",100% bullish,of 1 rating,$6.50
UHAL,$372.235,1440084012876,"4,641",100% bullish,of 2 ratings,$393.50
MTGEP,NULL,1440084012913,0,Not yet rated,NULL,N/A
ASBI,$22.65,1440084013098,600,Not yet rated,NULL,N/A
AGNC,$19.995,1440084013124,"1,280,291",71% bullish,of 28 ratings,$22
AMOV,$18.44,1440084013153,"2,245",100% bearish,of 1 rating,N/A
AGNCP,$25.432,1440084013182,"1,472",Not yet rated,NULL,N/A
AGNCB,$24.15,1440084013313,"1,400",Not yet rated,NULL,N/A
ACSF,$12.71,1440084013365,"2,076",100% bearish,of 1 rating,$15
MTGE,$15.9671,1440084013442,"39,201",75% bullish,of 4 ratings,$19.50
AETI,NULL,1440084013604,0,67% bearish,of 3 ratings,N/A
ANCI,NULL,1440084013634,0,100% bearish,of 1 rating,N/A
ACAS,$14.14,1440084013660,"447,256",60% bullish,of 5 ratings,$16.75
AMIC,NULL,1440084013791,0,Not yet rated,NULL,N/A
AMNB,$23.1,1440084013976,"1,544",Not yet rated,NULL,$25.50
ANAT,$102.45,1440084014031,"2,455",100% bullish,of 1 rating,N/A
ARII,$39.47,1440084014075,"41,654",67% bearish,of 3 ratings,$45
AMRB,$10.002,1440084014166,583,Not yet rated,NULL,$11
APEI,$21.65,1440084014202,"7,230",100% bearish,of 1 rating,$25.50
AMSC,$3.77,1440084014233,"7,842",50% bullish,of 4 ratings,N/A
AMSWA,$9.4092,1440084014298,"2,495",100% bearish,of 2 ratings,$10.75
AMWD,$63.7499,1440084014366,"37,267",50% bullish,of 2 ratings,$58
ASEI,$39.37,1440084014536,"20,118",100% bearish,of 1 rating,$52.50
ABCB,$27.845,1440084014667,"10,876",Not yet rated,NULL,$31
CRMT,$42.675,1440084014693,"5,440",100% bearish,of 1 rating,$49
AMSF,$50.48,1440084014724,"12,247",Not yet rated,NULL,$57.50
ATLO,$23.6228,1440084014823,"2,259",Not yet rated,NULL,N/A
ASRV,$3.3,1440084014955,160,100% bullish,of 2 ratings,N/A
ASRVP,NULL,1440084015098,0,Not yet rated,NULL,N/A
FOLD,$15.73,1440084015126,"196,570",56% bullish,of 9 ratings,$21
AMKR,$4.3,1440084015152,"216,869",100% bearish,of 2 ratings,$5
AMGN,$164.525,1440084015292,"546,888",89% bullish,of 19 ratings,$185
AMPH,$14.45,1440084015327,"45,689",50% bullish,of 2 ratings,$20
AMSG,$82.965,1440084015421,"48,729",100% bearish,of 1 rating,$85.50
AMSGP,NULL,1440084015448,0,Not yet rated,NULL,N/A
ASYS,$5.65,1440084015840,"17,170",67% bullish,of 3 ratings,$12
AFSI,$64.2,1440084015879,"101,968",60% bullish,of 5 ratings,$72
ANAC,$131.94,1440084015941,"117,054",80% bullish,of 5 ratings,$180.50
AMRS,$1.65,1440084015970,"28,905",70% bullish,of 10 ratings,N/A
ANAD,$0.38,1440084016106,"87,479",100% bullish,of 2 ratings,$.50
ANCB,NULL,1440084016134,0,Not yet rated,NULL,$23
ALOG,$83.22,1440084016163,"14,948",100% bearish,of 2 ratings,$100.50
ADI,$56.07,1440084016189,"1,188,144",67% bullish,of 3 ratings,$69
ANGI,$4.285,1440084016326,"90,198",64% bullish,of 11 ratings,$5.50
ABCW,$40.01,1440084016355,"3,657",67% bullish,of 3 ratings,N/A
ANGO,$14.78,1440084016553,"7,901",67% bullish,of 3 ratings,$19
AMCF,$0.2599,1440084016613,"1,284",100% bullish,of 7 ratings,N/A
ANIK,$35.2799,1440084016697,"23,390",60% bullish,of 5 ratings,$51.25
ANTH,$8.36,1440084017062,"238,915",80% bullish,of 10 ratings,$13
ATNY,NULL,1440084017120,0,50% bullish,of 2 ratings,$3.75
ANSS,$94.44,1440084017153,"100,023",100% bearish,of 1 rating,$100
ATRS,$1.84,1440084017176,"104,947",92% bullish,of 12 ratings,$4.50
APIC,$7.14,1440084017209,"58,403",100% bearish,of 1 rating,$19
ABAC,$0.79,1440084017231,"6,310",100% bearish,of 1 rating,N/A
ANIP,$53.61,1440084017264,"36,575",89% bullish,of 19 ratings,$66
APOL,$11.07,1440084017430,"275,736",87% bearish,of 68 ratings,$14
APPF,$17.29,1440084017828,"6,053",50% bullish,of 2 ratings,$22
AINV,$6.53,1440084017862,"437,285",50% bullish,of 4 ratings,$8
AAPL,$112.1,1440084017884,"14,917,135",86% bullish,of 2335 ratings,$150
ARCI,$1.25,1440084017917,200,Not yet rated,NULL,N/A
APOG,$52.1,1440084017964,"33,567",100% bullish,of 1 rating,$62
APDN,$3.27,1440084018015,"13,819",Not yet rated,NULL,$9
AGTC,$15.7775,1440084018266,"54,989",50% bullish,of 2 ratings,$33
APDNW,NULL,1440084018398,0,Not yet rated,NULL,N/A
AMCC,$5.415,1440084018580,"77,813",80% bullish,of 5 ratings,$8
AAOI,$21.03,1440084018608,"74,618",50% bullish,of 4 ratings,$26
AMAT,$16.33,1440084018651,"1,888,093",82% bullish,of 11 ratings,$23
AREX,$2.41,1440084018678,"117,983",100% bearish,of 1 rating,$3
APRI,$1.2601,1440084018939,"75,217",83% bullish,of 6 ratings,$4.86
AQMS,$5.35,1440084019009,"2,485",Not yet rated,NULL,N/A
AQXP,$16.45,1440084019094,"160,787",50% bullish,of 2 ratings,$2
APTO,$4.97,1440084019177,"4,250",Not yet rated,NULL,$17
AUMAU,NULL,1440084019454,0,Not yet rated,NULL,N/A
AUMAW,NULL,1440084019514,0,Not yet rated,NULL,N/A
AUMA,NULL,1440084019539,0,Not yet rated,NULL,N/A
ARDM,$7.21,1440084019597,"1,700",100% bullish,of 1 rating,$26
ABIO,$0.9199,1440084019673,"34,748",50% bullish,of 2 ratings,$3.75
PETX,$17.06,1440084019997,"50,565",100% bearish,of 2 ratings,$26
ABUS,$7.48,1440084020054,"86,064",86% bullish,of 14 ratings,$23
RKDA,$5.9,1440084020102,"2,903",100% bearish,of 2 ratings,$10
ARCW,$3.59,1440084020133,995,100% bearish,of 2 ratings,$10.50
ACGL,$72.5,1440084020235,"42,185",50% bullish,of 2 ratings,$72
ACAT,$28.01,1440084020263,"25,402",100% bearish,of 3 ratings,$33
ARCB,$30.95,1440084020310,"37,972",50% bullish,of 2 ratings,$39.50
ARDX,$17.78,1440084020654,"13,411",50% bullish,of 2 ratings,$24.50
ARCC,$15.8401,1440084020689,"129,056",67% bearish,of 3 ratings,$17.875
AGII,$58.51,1440084020711,"24,402",Not yet rated,NULL,$59.50
ARNA,$2.94,1440084020743,"494,985",90% bullish,of 77 ratings,$5.50
AGIIL,$25.35,1440084020786,417,Not yet rated,NULL,N/A
ARKR,NULL,1440084021061,0,50% bullish,of 2 ratings,N/A
ARIA,$7.01,1440084021100,"527,873",87% bullish,of 46 ratings,$9
ARGS,$5.739,1440084021129,"41,644",50% bullish,of 2 ratings,$19.50
ARIS,$3.31,1440084021191,"2,325",Not yet rated,NULL,$4.50
ARTX,$1.5,1440084021218,"22,646",88% bullish,of 16 ratings,$4.50
ARWA,NULL,1440084021266,0,Not yet rated,NULL,N/A
ARWAR,NULL,1440084021291,0,Not yet rated,NULL,N/A
ARMH,$42.16,1440084021350,"497,638",54% bearish,of 13 ratings,$61
ARQL,$1.6699,1440084021690,"11,802",75% bullish,of 4 ratings,$5
ARWAU,NULL,1440084021731,0,100% bullish,of 1 rating,N/A
ARWAW,NULL,1440084021767,0,Not yet rated,NULL,N/A
ARRS,$27.27,1440084021799,"160,990",50% bullish,of 2 ratings,$38
ARRY,$5.47,1440084021827,"221,430",100% bullish,of 7 ratings,$10
DWAT,NULL,1440084021858,0,100% bearish,of 1 rating,N/A
ARWR,$5.6,1440084021888,"189,246",75% bullish,of 4 ratings,$10.50
AROW,$27.303,1440084021914,"1,895",Not yet rated,NULL,N/A
ARTW,NULL,1440084022181,0,75% bearish,of 4 ratings,N/A
ASNA,$11.705,1440084022261,"470,255",50% bullish,of 2 ratings,$18
ASBB,$23.72,1440084022310,305,Not yet rated,NULL,N/A
ARTNA,$22.5,1440084022336,"6,897",100% bearish,of 1 rating,$29
ASND,$17.6,1440084022466,"4,355",100% bullish,of 1 rating,$30
ASCMA,$27.965,1440084022515,"12,770",100% bearish,of 1 rating,$45
ASTI,$0.125,1440084022542,"528,547",83% bullish,of 6 ratings,$3
APWC,$2,1440084022682,600,100% bearish,of 1 rating,N/A
ASMI,$36.57,1440084022715,300,50% bullish,of 2 ratings,N/A
ASMB,$13.52,1440084022816,"20,996",67% bullish,of 3 ratings,N/A
ASML,$88.355,1440084022858,"308,735",67% bullish,of 3 ratings,$127
AZPN,$38.8225,1440084022880,"103,740",50% bullish,of 2 ratings,$42
ASFI,$9.02,1440084022952,610,100% bullish,of 1 rating,N/A
ASTE,$36.94,1440084022985,"4,698",100% bearish,of 1 rating,$48
ALOT,$12.3001,1440084023138,300,100% bearish,of 1 rating,N/A
ATRO,$53.775,1440084023166,"23,816",100% bearish,of 2 ratings,$80
ASTC,$2.31,1440084023367,"3,020",100% bullish,of 5 ratings,N/A
ASUR,$5.8187,1440084023393,"2,758",100% bearish,of 1 rating,$8
ATRA,$45.85,1440084023535,"22,272",50% bullish,of 2 ratings,$68
AFCB,NULL,1440084023610,0,Not yet rated,NULL,N/A
AAPC,$10.2,1440084023678,170,Not yet rated,NULL,N/A
ATHX,$1.17,1440084023706,"53,935",89% bullish,of 9 ratings,$5
ATAI,$2.94,1440084023737,"9,883",100% bearish,of 1 rating,N/A
ATHN,$136.905,1440084023837,"19,131",67% bearish,of 3 ratings,$153
ACFC,$6.29,1440084023900,"20,814",Not yet rated,NULL,$6.50
AAME,$3.44,1440084024005,104,Not yet rated,NULL,N/A
ATLC,$3.98,1440084024034,492,67% bullish,of 3 ratings,N/A
AFH,$16.99,1440084024164,"2,786",Not yet rated,NULL,$21.50
ATNI,$73.26,1440084024191,"9,122",100% bearish,of 1 rating,$69.50
AAWW,$42.68,1440084024213,"144,189",50% bullish,of 2 ratings,$65
ATRC,$26.56,1440084024447,"22,421",100% bullish,of 1 rating,$30
ATML,$7.51,1440084024542,"961,264",78% bullish,of 9 ratings,$9.50
ATRM,$2.9,1440084024569,140,50% bullish,of 2 ratings,N/A
AUBN,$27.21,1440084024597,100,Not yet rated,NULL,N/A
ATOS,$0.9385,1440084024619,"81,492",100% bullish,of 7 ratings,$7
ATRI,$394.45,1440084024661,501,Not yet rated,NULL,N/A
ATTU,$14.695,1440084024752,"3,910",100% bearish,of 1 rating,$20.50
LIFE,$14.7087,1440084024778,"8,394",86% bullish,of 7 ratings,$43
EARS,$5,1440084024986,"27,045",100% bearish,of 2 ratings,$11.50
AUPH,$3.35,1440084025019,"2,600",100% bearish,of 1 rating,$8
AUDC,$3.23,1440084025041,"28,177",80% bullish,of 5 ratings,$5
ADAT,$0.1311,1440084025118,"45,169",100% bullish,of 2 ratings,N/A
AVEO,$1.4111,1440084025347,"354,847",75% bullish,of 8 ratings,$3
AVGO,$118.445,1440084025376,"606,710",88% bullish,of 8 ratings,$160
ABTL,$18.8,1440084025399,"19,003",100% bullish,of 4 ratings,$20.25
ADSK,$53.385,1440084025434,"213,275",83% bullish,of 6 ratings,$69.50
AAVL,$10.59,1440084025542,"59,784",100% bearish,of 1 rating,$20
ADP,$83.2,1440084025579,"392,543",100% bearish,of 1 rating,$88
AVNU,NULL,1440084025644,0,Not yet rated,NULL,$14
AVNW,$1.12,1440084025748,"6,916",50% bullish,of 2 ratings,$2.20
AVGR,$15.3,1440084025782,"13,669",100% bearish,of 1 rating,$20
AVID,$8.04,1440084025885,"33,262",100% bearish,of 1 rating,$20
CAR,$45.21,1440084025910,"351,439",80% bullish,of 5 ratings,$60
AWRE,$3.185,1440084026130,"5,194",67% bullish,of 3 ratings,N/A
AXPW,$1.1001,1440084026159,"21,820",83% bullish,of 6 ratings,N/A
ACLS,$3.35,1440084026199,"170,241",67% bullish,of 6 ratings,$4.75
BCOM,NULL,1440084026299,0,100% bearish,of 1 rating,N/A
AXPWW,NULL,1440084026328,0,Not yet rated,NULL,N/A
AXTI,$2.15,1440084026356,"3,030",50% bullish,of 2 ratings,$2.75
AXGN,$3.8211,1440084026382,"5,350",Not yet rated,NULL,$5
BOSC,$2.25,1440084026515,"1,900",50% bullish,of 2 ratings,N/A
RILY,$10,1440084026691,5,Not yet rated,NULL,N/A
BIDU,$158.86,1440084026750,"1,298,264",81% bullish,of 88 ratings,$215
BEAV,$50.02,1440084026825,"91,269",67% bearish,of 3 ratings,$59
BWINA,NULL,1440084026897,0,Not yet rated,NULL,N/A
BWINB,$23.04,1440084027045,48,Not yet rated,NULL,N/A
BLDP,$1.305,1440084027071,"109,548",91% bullish,of 22 ratings,$2.50
BANFP,NULL,1440084027100,0,Not yet rated,NULL,N/A
BCPC,$59.46,1440084027132,"15,487",100% bearish,of 1 rating,$75
BKMU,$7.235,1440084027252,"14,327",Not yet rated,NULL,$8
BANF,$62.28,1440084027288,306,Not yet rated,NULL,$68
BMRC,$48.59,1440084027390,"3,068",Not yet rated,NULL,$52
BOCH,$5.75,1440084027431,"7,890",Not yet rated,NULL,$6.50
BOTJ,NULL,1440084027837,0,Not yet rated,NULL,N/A
OZRK,$41.9,1440084027863,"35,018",67% bullish,of 3 ratings,$49.50
BFIN,$11.95,1440084027889,"2,106",Not yet rated,NULL,$13
BKSC,NULL,1440084027914,0,Not yet rated,NULL,N/A
TAPR,$29.856,1440084027941,200,100% bearish,of 1 rating,N/A
BANR,$45.64,1440084028071,"7,808",100% bullish,of 3 ratings,$50
BZUN,$6.1737,1440084028332,"263,784",50% bullish,of 2 ratings,$13.85
BHACW,NULL,1440084028385,0,Not yet rated,NULL,N/A
BWFG,$18.25,1440084028414,"1,627",100% bearish,of 1 rating,N/A
BHACU,$10.19,1440084028436,200,Not yet rated,NULL,N/A
BHACR,NULL,1440084028468,0,Not yet rated,NULL,N/A
BSET,$30.49,1440084029167,"29,784",100% bearish,of 1 rating,$35
BYLK,$12.96,1440084029199,"1,904",Not yet rated,NULL,$14
BV,$5.18,1440084029221,"47,352",67% bullish,of 6 ratings,$9
BYBK,NULL,1440084029254,0,100% bearish,of 1 rating,N/A
BHAC,NULL,1440084029275,0,Not yet rated,NULL,N/A
BBCN,$15.22,1440084029297,"23,373",100% bearish,of 1 rating,$16
BDCV,$5.01,1440084029330,"1,480",100% bearish,of 1 rating,$10.19
BECN,$36.59,1440084029642,"60,343",50% bullish,of 2 ratings,$40
BBSI,$33.91,1440084029686,"20,511",67% bearish,of 3 ratings,$62.50
BCBP,$11.7,1440084029774,"3,754",Not yet rated,NULL,N/A
BBBY,$63.33,1440084029954,"377,322",71% bullish,of 7 ratings,$75
BSF,$8.94,1440084030003,"2,542",Not yet rated,NULL,N/A
BELFA,NULL,1440084030056,0,100% bearish,of 1 rating,N/A
BBGI,$4.8499,1440084030085,100,100% bearish,of 1 rating,N/A
BEBE,$1.82,1440084030117,"14,095",75% bullish,of 4 ratings,$3.075
BELFB,$19.7,1440084030216,"3,219",100% bearish,of 1 rating,N/A
BNCL,$12.81,1440084030482,"80,788",100% bullish,of 3 ratings,$12.50
BNFT,$37.96,1440084030515,"16,118",67% bullish,of 3 ratings,$46
BLPH,$5.38,1440084030614,"25,274",100% bearish,of 1 rating,$12.50
BNTC,$8.38,1440084030818,"57,693",100% bullish,of 1 rating,N/A
BGCP,$9.29,1440084030887,"174,083",88% bullish,of 8 ratings,$14
ORPN,$5.43,1440084030951,"4,350",100% bullish,of 1 rating,$28.50
BGFV,$11.13,1440084030981,"16,258",57% bullish,of 7 ratings,$12
BLCM,$18.23,1440084031013,"17,413",50% bullish,of 4 ratings,$40
BASI,$1.34,1440084031045,"5,908",Not yet rated,NULL,N/A
BGMD,$0.78,1440084031078,"118,906",100% bullish,of 10 ratings,N/A
BIND,$4.65,1440084031146,"12,602",67% bullish,of 3 ratings,$13.50
BCRX,$11.92,1440084031359,"70,737",63% bullish,of 8 ratings,$18
BCDA,NULL,1440084031385,0,Not yet rated,NULL,N/A
BIOC,$2.0332,1440084031413,"406,180",83% bullish,of 6 ratings,$3.85
BIOD,$0.6701,1440084031563,"38,614",80% bullish,of 5 ratings,$4
BDSI,$6.48,1440084031610,"155,423",88% bullish,of 8 ratings,$17
BIOL,$1.4997,1440084031801,"24,454",Not yet rated,NULL,N/A
BVXV,$4,1440084031830,"4,200",Not yet rated,NULL,N/A
BLRX,$1.47,1440084031856,"88,250",100% bullish,of 12 ratings,$5
BIIB,$313.18,1440084031890,"277,265",88% bullish,of 16 ratings,$400
BMRN,$133.44,1440084031917,"209,780",80% bullish,of 5 ratings,$160
BLFS,$2.0751,1440084031952,"9,099",100% bearish,of 1 rating,$4.75
BVXVW,$0.7051,1440084032025,"3,000",100% bearish,of 1 rating,N/A
BPTH,$1.17,1440084032132,"2,144",100% bullish,of 2 ratings,$5
BIOS,$1.63,1440084032235,"330,203",71% bullish,of 7 ratings,$4
BRLI,NULL,1440084032277,0,83% bullish,of 6 ratings,N/A
BBC,$31.5,1440084032406,"4,652",Not yet rated,NULL,N/A
BBP,$33.331,1440084032510,"3,766",Not yet rated,NULL,N/A
BSTC,$50.215,1440084032658,"14,372",100% bearish,of 1 rating,$76
BOTA,$2.368,1440084032730,"44,866",88% bullish,of 8 ratings,N/A
BSPM,$0.6684,1440084032791,"2,100",50% bullish,of 2 ratings,N/A
BEAT,$13.175,1440084032835,"175,328",67% bearish,of 3 ratings,$15
TECH,$104.46,1440084032891,"11,425",100% bullish,of 1 rating,$117
BJRI,$46.79,1440084032937,"26,321",50% bullish,of 2 ratings,$55
BITI,$18.87,1440084032991,"16,275",100% bullish,of 1 rating,$28
BDMS,NULL,1440084033018,0,100% bearish,of 1 rating,N/A
BDE,$7.48,1440084033263,"17,644",50% bullish,of 2 ratings,$9
BBOX,$15.39,1440084033301,"7,563",100% bearish,of 1 rating,N/A
BBRY,$7.2799,1440084033327,"1,165,818",61% bullish,of 330 ratings,$9
BLKB,$60.18,1440084033353,"28,445",100% bearish,of 2 ratings,$66
HAWK,$44.34,1440084033508,"104,602",90% bullish,of 10 ratings,$49
BKCC,$9.29,1440084033557,"40,119",100% bullish,of 2 ratings,$10
ADRA,$27.77,1440084033690,908,Not yet rated,NULL,N/A
ADRU,NULL,1440084033767,0,100% bearish,of 1 rating,N/A
BLMN,$21.27,1440084033798,"126,788",83% bullish,of 6 ratings,$27.50
BLBD,$11.95,1440084033836,"1,800",Not yet rated,NULL,N/A
ADRE,$30.39,1440084033858,"2,300",Not yet rated,NULL,N/A
ADRD,$22.838,1440084033932,"1,838",100% bearish,of 1 rating,N/A
BCOR,$13.53,1440084033962,"32,224",57% bullish,of 7 ratings,$15
BUFF,$26.39,1440084034155,"53,970",83% bullish,of 12 ratings,$31.50
BBLU,$0.88,1440084034206,"11,122",100% bullish,of 2 ratings,$4.43
BHBK,$14.23,1440084034298,"11,829",100% bullish,of 1 rating,$14.50
NILE,$34.92,1440084034430,"9,768",50% bullish,of 2 ratings,$34
BLUE,$124.84,1440084034456,"230,950",71% bullish,of 7 ratings,$217.50
BKEP,$6.87,1440084034484,"7,831",100% bearish,of 1 rating,$8.50
BKEPP,$7.75,1440084034512,"9,900",100% bearish,of 1 rating,N/A
BPMC,$27.02,1440084034648,"19,163",50% bullish,of 2 ratings,$47.50
BNCN,$21.35,1440084034677,"5,371",Not yet rated,NULL,$23
BOBE,$45.32,1440084034889,"18,474",75% bullish,of 4 ratings,$57
BOFI,$130.795,1440084034919,"34,114",100% bullish,of 6 ratings,$144
WIFI,$8.3,1440084034957,"120,063",50% bullish,of 2 ratings,$13.50
BOKF,$63.33,1440084034984,"20,024",100% bearish,of 1 rating,$71
BNSO,$1.4199,1440084035115,"1,002",100% bearish,of 1 rating,N/A
BONA,$11.92,1440084035189,"88,880",75% bullish,of 4 ratings,$8.50
BOJA,$21.2,1440084035247,"74,831",100% bullish,of 1 rating,$30
BAMM,$3.2,1440084035397,898,60% bullish,of 5 ratings,N/A
BPFH,$12.28,1440084035497,"121,885",100% bearish,of 1 rating,$14
BPFHP,NULL,1440084035570,0,100% bearish,of 1 rating,N/A
BPFHW,NULL,1440084035598,0,100% bearish,of 1 rating,N/A
BDBD,$8.65,1440084035624,"107,767",60% bullish,of 5 ratings,$10
EPAY,$26.25,1440084035652,"17,509",100% bearish,of 2 ratings,$30
BBEP,$2.4599,1440084035806,"636,401",69% bullish,of 13 ratings,$5.625
BBRG,$13.03,1440084035987,"10,647",67% bullish,of 3 ratings,$14.50
BLIN,$1.33,1440084036025,"16,977",50% bullish,of 2 ratings,$2.20
BCLI,$3.1195,1440084036051,"27,083",80% bullish,of 5 ratings,$12
BRID,NULL,1440084036089,0,100% bearish,of 1 rating,N/A
BBEPP,$13.57,1440084036188,"8,908",100% bearish,of 1 rating,N/A
BDGE,$27.62,1440084036218,"2,971",Not yet rated,NULL,$31.75
BCOV,$5.34,1440084036245,"41,444",67% bullish,of 3 ratings,$10.20
BRCM,$50.64,1440084036393,"911,722",75% bullish,of 12 ratings,$56
BVSN,$5.98,1440084036531,8,60% bearish,of 5 ratings,N/A
BSFT,$32.27,1440084036583,"14,025",57% bullish,of 7 ratings,$40.50
BYFC,$1.49,1440084037020,"13,810",50% bullish,of 2 ratings,N/A
BWEN,$3.45,1440084037121,"7,311",100% bullish,of 3 ratings,$8
BRKS,$10.505,1440084037182,"32,277",67% bullish,of 3 ratings,$15.25
BMTC,$29.47,1440084037210,"4,948",Not yet rated,NULL,$34
BRKR,$19.6925,1440084037250,"254,023",100% bearish,of 2 ratings,$22
BLMT,$20.91,1440084037282,"2,742",Not yet rated,NULL,N/A
BRKL,$10.86,1440084037346,"29,956",100% bearish,of 1 rating,$10.75
BSQR,$6.56,1440084037562,"38,441",67% bullish,of 3 ratings,N/A
BLDR,$15.2265,1440084037800,"304,715",50% bullish,of 2 ratings,$22
CFFI,NULL,1440084037826,0,100% bearish,of 1 rating,N/A
BWLD,$194.7,1440084037848,"72,888",82% bullish,of 11 ratings,$205
BUR,$1.99,1440084037983,600,100% bearish,of 1 rating,$8
CA,$28.77,1440084038012,"295,073",50% bullish,of 4 ratings,$33
BRCD,$9.9,1440084038038,"1,776,455",92% bullish,of 13 ratings,$12.50
CHRW,$69.4799,1440084038068,"296,635",Not yet rated,NULL,$72
CCMP,$44.53,1440084038148,"18,226",50% bullish,of 2 ratings,$59
CDZI,$7.45,1440084038514,"5,850",100% bearish,of 1 rating,N/A
CACQ,$7.1125,1440084038553,"6,891",100% bearish,of 1 rating,$12.25
PRSS,$4.57,1440084038574,729,80% bullish,of 5 ratings,$4.50
CDNS,$20.91,1440084038596,"264,619",75% bullish,of 4 ratings,$22.50
CSTE,$43.53,1440084038644,"310,007",100% bearish,of 1 rating,$65
CZR,$6.95,1440084038671,"208,363",60% bearish,of 5 ratings,$10.50
CLBS,$1.33,1440084038744,"31,464",79% bullish,of 14 ratings,$4
CLMS,$11.78,1440084038900,"6,566",Not yet rated,NULL,$10.50
CHI,$10.97,1440084039003,"35,329",100% bearish,of 1 rating,N/A
CHW,$7.86,1440084039029,"77,183",100% bearish,of 1 rating,N/A
CFGE,NULL,1440084039073,0,Not yet rated,NULL,N/A
CHY,$11.712,1440084039158,"75,264",Not yet rated,NULL,N/A
CCD,$20.84,1440084039185,"20,376",Not yet rated,NULL,N/A
CGO,$12.49,1440084039255,"9,066",100% bearish,of 1 rating,N/A
CAMP,$16.23,1440084039320,"64,586",88% bullish,of 8 ratings,$25
CVGW,$54.3,1440084039389,"40,873",50% bullish,of 2 ratings,$58.50
CSQ,$10.3199,1440084039495,"106,544",Not yet rated,NULL,N/A
CALD,$15.81,1440084039986,"39,146",100% bearish,of 1 rating,$20.50
CFNB,NULL,1440084040118,0,100% bearish,of 1 rating,N/A
CALA,$5.27,1440084040184,"92,146",100% bullish,of 3 ratings,$19.50
CALM,$50.01,1440084040251,"90,276",80% bullish,of 5 ratings,$65
CLMT,$26.1301,1440084040480,"34,552",75% bullish,of 8 ratings,$31
CAMBU,NULL,1440084040757,0,100% bearish,of 1 rating,N/A
CAMB,$9.95,1440084040786,400,Not yet rated,NULL,N/A
CSIQ,$19.2268,1440084040817,"1,270,835",86% bullish,of 28 ratings,$45
ABCD,$4.85,1440084040851,"38,155",83% bullish,of 6 ratings,N/A
CAMT,$2.8445,1440084040886,"11,570",73% bullish,of 11 ratings,$4
CAMBW,NULL,1440084040915,0,Not yet rated,NULL,N/A
CAC,$39.99,1440084040945,777,Not yet rated,NULL,N/A
CGIX,$10.0851,1440084040992,"11,890",67% bullish,of 3 ratings,$14.375
CBNJ,NULL,1440084041168,0,100% bullish,of 1 rating,N/A
CPHC,NULL,1440084041311,0,100% bearish,of 1 rating,N/A
CPLA,$48.85,1440084041358,"8,193",50% bullish,of 2 ratings,$65
CBF,$30.02,1440084041398,"24,966",Not yet rated,NULL,$32
CCBG,$15,1440084041432,"2,465",Not yet rated,NULL,$17.25
CSWC,$47.73,1440084041534,"3,999",Not yet rated,NULL,N/A
CPLP,$6.97,1440084041562,"192,600",71% bullish,of 7 ratings,$11
CPTA,$14.68,1440084041589,"17,043",Not yet rated,NULL,$18.50
CAPN,$2.2903,1440084041750,"112,089",100% bullish,of 1 rating,$10.85
CFFN,$12.035,1440084041806,"78,579",Not yet rated,NULL,$12.75
CARA,$21.84,1440084041835,"38,475",50% bullish,of 4 ratings,$25
CAPNW,$0.6683,1440084041864,"3,100",Not yet rated,NULL,N/A
CPST,$0.3922,1440084041966,"197,786",95% bullish,of 22 ratings,$1
CARB,$11.25,1440084042100,"27,067",75% bullish,of 4 ratings,$12
CAPR,$4.0001,1440084042127,"7,880",Not yet rated,NULL,$12
CRDC,$0.3825,1440084042291,"7,788",100% bullish,of 1 rating,$1.25
CRME,$9.36,1440084042321,"13,482",89% bullish,of 9 ratings,$11.25
CFNL,$22.74,1440084042351,"26,975",Not yet rated,NULL,$24
CBYL,$7.0799,1440084042420,"9,108",100% bearish,of 1 rating,$20
CSII,$24,1440084042479,"34,256",100% bearish,of 2 ratings,$42.125
CATM,$35.22,1440084042512,"64,847",100% bearish,of 1 rating,$44
CECO,$3.66,1440084042566,"42,871",67% bearish,of 3 ratings,$6
CDNA,$6.41,1440084042789,"1,600",100% bearish,of 1 rating,$9
CKEC,$22.39,1440084042849,"19,758",50% bullish,of 2 ratings,$35.915
CTRE,$12.005,1440084042879,"116,102",50% bullish,of 2 ratings,N/A
CLBH,NULL,1440084042924,0,Not yet rated,NULL,$16.50
CARO,$15.34,1440084042952,"7,122",100% bearish,of 1 rating,$19
CART,$5.45,1440084042978,"2,256",100% bearish,of 1 rating,N/A
CASM,$1.12,1440084043275,"35,900",100% bullish,of 1 rating,$3.50
CRZO,$33.47,1440084043306,"97,107",67% bearish,of 3 ratings,$57
CARV,$6.04,1440084043337,317,50% bullish,of 2 ratings,N/A
TAST,$12.48,1440084043370,"45,077",Not yet rated,NULL,$14.25
CRTN,$2.71,1440084043444,100,100% bearish,of 1 rating,N/A
CACB,$5.53,1440084043475,"6,516",Not yet rated,NULL,$5.50
CSCD,$14.34,1440084043501,"26,095",100% bullish,of 2 ratings,$17
CWST,$6.42,1440084043527,"17,701",50% bullish,of 2 ratings,$7
CASY,$107.61,1440084043723,"31,091",50% bullish,of 2 ratings,$99.50
CASS,$49.36,1440084043813,"2,344",100% bearish,of 1 rating,N/A
CASI,$1.49,1440084043877,"7,980",100% bullish,of 1 rating,$3.50
CATY,$31.02,1440084043957,"71,802",100% bearish,of 1 rating,$33.50
CPRX,$3.65,1440084044007,"253,435",71% bullish,of 7 ratings,$7
CATYW,NULL,1440084044059,0,100% bearish,of 1 rating,N/A
CATB,$11.96,1440084044085,"3,008",100% bearish,of 1 rating,$28
CVCO,$73.4,1440084044310,"4,136",100% bearish,of 1 rating,N/A
CAVM,$69.315,1440084044368,"79,552",67% bearish,of 3 ratings,$72
CNLM,$9.98,1440084044492,200,Not yet rated,NULL,N/A
CBFV,$20.45,1440084044525,"2,573",Not yet rated,NULL,N/A
CNLMR,NULL,1440084044552,0,Not yet rated,NULL,N/A
CNLMU,NULL,1440084044628,0,100% bullish,of 1 rating,N/A
CNLMW,NULL,1440084044701,0,Not yet rated,NULL,N/A
CBOE,$63.5001,1440084044797,"40,897",Not yet rated,NULL,$60
CELGZ,$1.81,1440084045593,"9,300",80% bullish,of 5 ratings,N/A
CLDX,$14.4,1440084045662,"329,288",89% bullish,of 9 ratings,$36
CELG,$127.39,1440084045733,"917,595",92% bullish,of 13 ratings,$155.50
CDW,$39.14,1440084045770,"115,804",75% bullish,of 4 ratings,$44
CDK,$48.4645,1440084045791,"84,740",67% bearish,of 3 ratings,$50
CLDN,$1.0601,1440084045814,"73,963",71% bullish,of 7 ratings,$3
CECE,$9.94,1440084045852,"56,409",50% bullish,of 2 ratings,$16
CPXX,$2.1715,1440084045878,"7,820",100% bullish,of 2 ratings,$7
CBMG,$22.86,1440084046276,"5,308",50% bullish,of 2 ratings,N/A
CLLS,$31.55,1440084046302,"33,043",75% bullish,of 4 ratings,$51.50
CLRBW,NULL,1440084046332,0,Not yet rated,NULL,N/A
CLRB,NULL,1440084046374,0,100% bearish,of 1 rating,N/A
CLTX,$3.07,1440084046435,"4,047,648",100% bullish,of 2 ratings,N/A
CYAD,$53.31,1440084046515,918,100% bullish,of 1 rating,$87.50
CEMP,$36.95,1440084046789,"201,621",71% bullish,of 7 ratings,$52
CSFL,$14.03,1440084046825,"40,778",Not yet rated,NULL,$15
CFBK,$1.372,1440084046854,100,Not yet rated,NULL,N/A
CETV,$2.07,1440084046924,"22,468",67% bullish,of 3 ratings,$2.80
CETX,$2.54,1440084046950,"7,352",Not yet rated,NULL,$5.60
CENT,$12.34,1440084046990,"12,587",Not yet rated,NULL,$10
CENTA,$13.09,1440084047017,"13,444",Not yet rated,NULL,N/A
CLSN,$2.08,1440084047093,"15,649",80% bullish,of 10 ratings,$7.50
CVCY,NULL,1440084047198,0,Not yet rated,NULL,$12
CENX,$5.22,1440084047402,"621,818",67% bullish,of 6 ratings,$9
CNTY,$6.1806,1440084047535,"1,899",80% bullish,of 5 ratings,$7.75
CNBKA,$41.1,1440084047563,34,100% bullish,of 1 rating,N/A
CERU,$3.3305,1440084047595,"8,925",75% bullish,of 4 ratings,$15
CPHD,$48.33,1440084047625,"72,554",50% bullish,of 2 ratings,$66.50
CERE,$1.2,1440084047701,"164,336",88% bullish,of 8 ratings,N/A
CERS,$4.95,1440084047735,"90,040",75% bullish,of 4 ratings,$7
CRNT,$1.43,1440084047761,"14,130",50% bullish,of 2 ratings,$2
KOOL,$0.72,1440084047834,670,100% bullish,of 5 ratings,$7
CERN,$63.8,1440084048121,"229,696",67% bullish,of 3 ratings,$79
CYOU,$19.82,1440084048171,"103,364",50% bullish,of 6 ratings,$24
CEVA,$18.66,1440084048198,"5,434",100% bearish,of 1 rating,$25
HOTR,$1.29,1440084048259,"126,804",100% bullish,of 2 ratings,$5
HOTRW,$0.1399,1440084048339,"4,399",Not yet rated,NULL,N/A
CTHR,$1.2428,1440084048832,"14,462",50% bullish,of 2 ratings,$2.50
GTLS,$23.15,1440084048894,"43,466",50% bullish,of 4 ratings,$40
CHEK,$3.08,1440084048919,38,Not yet rated,NULL,$7.75
CHTR,$184.05,1440084048967,"228,900",100% bearish,of 2 ratings,$196
CHFN,$12.49,1440084049142,"1,922",Not yet rated,NULL,$14
CHEKW,NULL,1440084049176,0,Not yet rated,NULL,N/A
CEMI,$4.4,1440084049234,"5,718",50% bullish,of 2 ratings,$7.50
CHFC,$32.12,1440084049268,"16,266",100% bearish,of 1 rating,$36
CCXI,$7,1440084049409,"12,052",67% bullish,of 3 ratings,$14
CHKP,$80,1440084049448,"212,056",50% bullish,of 4 ratings,$92
CHMG,$26.5,1440084049634,900,Not yet rated,NULL,$30
CHMA,$25.94,1440084049770,"8,463",Not yet rated,NULL,$40
PLCE,$60.38,1440084049797,"95,933",100% bearish,of 1 rating,$71
CHKE,$26.36,1440084049875,"2,151",100% bearish,of 1 rating,$32.50
CMRX,$49.59,1440084050006,"27,016",50% bullish,of 2 ratings,$57
CBNK,$16.52,1440084050037,100,100% bearish,of 1 rating,N/A
CADC,NULL,1440084050066,0,78% bullish,of 9 ratings,N/A
CHEV,$14.67,1440084050141,400,Not yet rated,NULL,N/A
CAAS,$6.62,1440084050438,"4,999",93% bullish,of 14 ratings,$11.50
CALI,$0.89,1440084050463,"4,492",67% bullish,of 3 ratings,N/A
CBAK,$2.12,1440084050490,"31,926",67% bullish,of 9 ratings,N/A
CCCL,$0.9,1440084050620,"1,872",100% bullish,of 6 ratings,N/A
CBPO,$106.51,1440084050645,"37,618",75% bullish,of 8 ratings,$140.50
CCCR,$0.8,1440084050823,"2,500",67% bearish,of 3 ratings,N/A
JRJC,$4.29,1440084050965,"7,601",82% bullish,of 11 ratings,N/A
CNIT,$1.65,1440084051287,"41,072",67% bullish,of 6 ratings,N/A
HGSH,NULL,1440084051316,0,67% bullish,of 3 ratings,N/A
CHLN,$2.01,1440084051364,"13,775",67% bullish,of 3 ratings,N/A
CHOP,$1.249,1440084051397,"4,300",50% bullish,of 2 ratings,N/A
HTHT,$25.92,1440084051453,"8,517",50% bullish,of 2 ratings,$28
CHNR,NULL,1440084051494,0,100% bearish,of 1 rating,N/A
CJJD,$2,1440084051522,"7,233",100% bullish,of 1 rating,N/A
CREG,$0.78,1440084051551,"8,241",100% bullish,of 3 ratings,N/A
CSUN,$1.3982,1440084051834,"11,789",80% bullish,of 5 ratings,N/A
CPGI,$6.7065,1440084051868,140,Not yet rated,NULL,N/A
CXDC,$6.26,1440084051890,"9,902",67% bullish,of 3 ratings,N/A
CNTF,$0.9199,1440084051927,"18,650",Not yet rated,NULL,N/A
CCIH,$8.95,1440084051977,"32,043",67% bullish,of 6 ratings,$12.65
CNYD,NULL,1440084052023,0,67% bullish,of 3 ratings,N/A
CNET,$0.825,1440084052155,"13,299",50% bullish,of 2 ratings,N/A
IMOS,$15.355,1440084052294,"30,882",60% bullish,of 5 ratings,$21.50
CHSCL,$27.0599,1440084052323,"2,883",Not yet rated,NULL,N/A
CHSCM,$26.25,1440084052429,"3,951",Not yet rated,NULL,N/A
CHDN,$134.91,1440084052556,"24,569",Not yet rated,NULL,$165
CHSCO,NULL,1440084052599,0,Not yet rated,NULL,N/A
CHSCN,NULL,1440084052655,0,Not yet rated,NULL,N/A
CDTX,$14.2,1440084052726,"7,868",Not yet rated,NULL,$22
CHSCP,$30.31,1440084052753,"2,434",Not yet rated,NULL,N/A
CHUY,$31.6,1440084052832,"40,617",50% bullish,of 2 ratings,$34
CMCT,NULL,1440084052887,0,100% bearish,of 1 rating,N/A
CIFC,$7.09,1440084052917,360,Not yet rated,NULL,N/A
CINF,$56.037,1440084053025,"53,564",50% bullish,of 4 ratings,$50.50
CMPR,$69.8,1440084053102,"57,179",50% bullish,of 2 ratings,$72.50
CTRN,$27.8,1440084053386,"65,129",100% bearish,of 1 rating,$30.50
CSCO,$27.2247,1440084053419,"6,006,389",84% bullish,of 208 ratings,$32
CTAS,$87.26,1440084053446,"56,228",100% bearish,of 1 rating,$91
CPHR,$6.5,1440084053481,"3,461",100% bearish,of 1 rating,$16
CRUS,$29.04,1440084053539,"280,563",75% bullish,of 12 ratings,$44.50
CIDM,$0.6601,1440084053576,"13,899",50% bullish,of 2 ratings,$2.10
CZNC,$20.0001,1440084053645,"5,852",Not yet rated,NULL,N/A
CIZN,NULL,1440084053859,0,Not yet rated,NULL,N/A
CTXS,$76.67,1440084053897,"156,750",86% bullish,of 7 ratings,$80
CZFC,$12.75,1440084053927,700,Not yet rated,NULL,N/A
CZWI,NULL,1440084053990,0,Not yet rated,NULL,N/A
CIVB,$10.2838,1440084054016,"1,900",Not yet rated,NULL,$11
CHCO,$47.35,1440084054043,"7,385",Not yet rated,NULL,$46
CIVBP,NULL,1440084054396,0,Not yet rated,NULL,N/A
CLNE,$4.185,1440084054425,"227,923",80% bullish,of 15 ratings,$9
CDTI,$1.5928,1440084054557,"22,961",75% bullish,of 4 ratings,$3.20
CBLI,$3.85,1440084054592,"6,121",60% bullish,of 5 ratings,N/A
CLRO,$11.8178,1440084054614,"1,227",50% bullish,of 2 ratings,$14.25
CLFD,$17.04,1440084054636,"32,617",67% bullish,of 3 ratings,$18
CLIR,$5.1594,1440084054676,"10,377",100% bullish,of 3 ratings,N/A
CLNT,$1.9875,1440084054698,"3,854",75% bullish,of 8 ratings,N/A
CLVS,$74.28,1440084054990,"54,841",60% bullish,of 5 ratings,$101.50
CSBK,$13.78,1440084055017,"13,532",Not yet rated,NULL,N/A
CME,$96.74,1440084055094,"207,728",67% bullish,of 3 ratings,$102
CCNE,$17.26,1440084055153,664,50% bullish,of 2 ratings,$21.50
COBZ,$12.97,1440084055423,"34,670",100% bullish,of 1 rating,$14
CWAY,$11.49,1440084055463,"1,800",Not yet rated,NULL,N/A
CISG,$8.68,1440084055528,"40,885",100% bullish,of 5 ratings,$10
COKE,$158.57,1440084055559,"13,343",79% bullish,of 19 ratings,N/A
CMFN,$11.5596,1440084055587,"5,937",100% bearish,of 1 rating,$15.50
CNV,$4.62,1440084055621,"22,937",50% bullish,of 2 ratings,$7.15
CDRB,$12.02,1440084055643,"1,496",67% bullish,of 3 ratings,N/A
CDXS,$4.005,1440084055690,"10,955",64% bullish,of 11 ratings,$6
JVA,$4.7158,1440084056000,"1,404",83% bullish,of 6 ratings,$7
CCOI,$28.56,1440084056045,"36,162",50% bullish,of 4 ratings,$35
CGNT,$1.6499,1440084056071,"5,252",100% bullish,of 2 ratings,$2
CVLY,NULL,1440084056098,0,Not yet rated,NULL,N/A
COHU,$9.75,1440084056451,"12,705",100% bearish,of 1 rating,$14.25
CTSH,$65.87,1440084056501,"752,327",90% bullish,of 10 ratings,$74.50
CLCT,$19.16,1440084056527,"2,581",100% bearish,of 1 rating,N/A
CLRX,$0.51,1440084056591,"11,395",50% bullish,of 2 ratings,N/A
CGNX,$36.66,1440084056619,"96,861",50% bullish,of 2 ratings,$47
COLL,$14.082,1440084056640,"8,254",100% bearish,of 1 rating,$26
COHR,$57.17,1440084056678,"18,566",50% bullish,of 2 ratings,$72
CHRS,$29.68,1440084056705,"27,353",67% bearish,of 3 ratings,$37
CBAN,$8.77,1440084057019,200,Not yet rated,NULL,N/A
CLCD,$7.669,1440084057046,"5,960",100% bearish,of 1 rating,$20.50
CIGI,$46.27,1440084057099,"1,200",100% bearish,of 1 rating,$52
COLB,$32.275,1440084057125,"55,636",Not yet rated,NULL,$36
CMCSA,$58.74,1440084057397,"2,887,443",66% bullish,of 35 ratings,$69.50
COLM,$64.24,1440084057428,"26,698",100% bearish,of 1 rating,$71
CBMX,$1.1799,1440084057480,"3,080",83% bullish,of 6 ratings,$3.15
CBSHP,$25.24,1440084057528,"2,592",100% bearish,of 1 rating,N/A
CBSH,$46.21,1440084057557,"48,803",50% bullish,of 2 ratings,$46
CVGI,$4.62,1440084057591,"17,377",50% bullish,of 2 ratings,$6
CMCSK,$58.9,1440084057618,"882,955",Not yet rated,NULL,$84
CMCO,$20.03,1440084057692,"140,891",60% bullish,of 5 ratings,$28
CUBN,NULL,1440084057829,0,Not yet rated,NULL,N/A
COMM,$30.895,1440084057860,"144,328",67% bearish,of 3 ratings,$35
JCS,$9.325,1440084057997,"2,000",67% bullish,of 3 ratings,N/A
CSAL,$22.345,1440084058022,"85,952",75% bullish,of 4 ratings,$30
CIL,$34.46,1440084058378,100,Not yet rated,NULL,N/A
ESXB,$5.09,1440084058427,"23,702",Not yet rated,NULL,N/A
CYHHZ,$0.012,1440084058453,450,100% bullish,of 1 rating,N/A
CTBI,$34.59,1440084058513,"2,503",Not yet rated,NULL,$36
CWBC,$6.752,1440084058547,200,Not yet rated,NULL,N/A
CIZ,$34.3,1440084058639,"2,060",100% bearish,of 1 rating,N/A
CVLT,$37.06,1440084058665,"35,076",75% bullish,of 4 ratings,$44.50
CDC,$36.137,1440084058829,442,Not yet rated,NULL,N/A
COB,$10.59,1440084058867,"1,100",100% bullish,of 1 rating,$11.75
CSF,$38.02,1440084059024,175,100% bearish,of 1 rating,N/A
CID,NULL,1440084059054,0,Not yet rated,NULL,N/A
CFO,$37.0271,1440084059127,"1,280",100% bearish,of 1 rating,N/A
CSA,NULL,1440084059151,0,Not yet rated,NULL,N/A
CDL,NULL,1440084059316,0,Not yet rated,NULL,N/A
CFA,$37.15,1440084059347,200,100% bearish,of 1 rating,N/A
CSB,NULL,1440084059382,0,Not yet rated,NULL,N/A
CTG,$6.62,1440084059482,"6,318",100% bearish,of 1 rating,$8.50
CPSI,$45.565,1440084059508,"4,957",100% bearish,of 1 rating,$45.50
SCOR,$61.8,1440084059677,"102,302",100% bearish,of 1 rating,$66
CGEN,$5.39,1440084059708,"34,488",50% bullish,of 2 ratings,$11
CHCI,$0.5722,1440084059744,"4,300",50% bullish,of 2 ratings,N/A
CMTL,$26.89,1440084059898,"6,143",100% bearish,of 2 ratings,$37
CNSI,$19.08,1440084059966,"6,248",100% bearish,of 2 ratings,$29
CNAT,$4.27,1440084059991,"12,646",83% bullish,of 6 ratings,$13
CCUR,$5.19,1440084060121,"2,549",75% bullish,of 4 ratings,N/A
CNCE,$15.68,1440084060194,"63,602",75% bullish,of 4 ratings,$22
CXRX,$76.413,1440084060228,"1,021",Not yet rated,NULL,$90
CDORO,NULL,1440084060254,0,100% bearish,of 1 rating,N/A
CDOR,$1.46,1440084060321,"3,012",100% bullish,of 1 rating,N/A
CFMS,$22.0775,1440084060401,"34,316",Not yet rated,NULL,$27
CNFR,$10.35,1440084060508,"11,060",Not yet rated,NULL,N/A
CDORP,NULL,1440084060536,0,100% bearish,of 1 rating,N/A
CTWS,$34.8001,1440084060593,"1,951",100% bearish,of 1 rating,$44
CNMD,$56.175,1440084060697,"5,218",Not yet rated,NULL,$59
CNOB,$20,1440084060752,"2,071",100% bullish,of 1 rating,$23.50
CONN,$31.583,1440084061040,"56,688",67% bullish,of 3 ratings,$48.50
CWCO,$11.42,1440084061071,"19,373",67% bullish,of 3 ratings,$14.50
CNXR,$6.31,1440084061109,"6,161",100% bearish,of 1 rating,$12
CTCT,$24.115,1440084061169,"44,517",67% bullish,of 3 ratings,$37
CFRXW,NULL,1440084061201,0,100% bearish,of 1 rating,N/A
CPSS,$5.64,1440084061254,"6,320",100% bullish,of 1 rating,$10
CNSL,$20,1440084061285,"23,366",100% bearish,of 1 rating,$23
CFRX,$5.07,1440084061308,"12,625",Not yet rated,NULL,$14
CTRL,$7.935,1440084061709,"35,987",50% bullish,of 2 ratings,$11
CFRXZ,$0.51,1440084061739,400,Not yet rated,NULL,N/A
CRBP,$2.12,1440084061766,"927,178",100% bullish,of 2 ratings,$6.25
CTRV,$4.17,1440084061797,"15,464",Not yet rated,NULL,$6.40
CPRT,$35.76,1440084061843,"48,662",67% bearish,of 3 ratings,$40
CORT,$4.94,1440084061898,"69,724",67% bullish,of 3 ratings,$12
BVA,NULL,1440084062121,0,50% bullish,of 2 ratings,N/A
CORE,$62.92,1440084062174,"10,389",100% bearish,of 1 rating,$72
COSI,$1.14,1440084062226,"52,279",100% bullish,of 1 rating,N/A
CORI,$11.05,1440084062310,"7,821",100% bearish,of 1 rating,$18
CSGP,$189.99,1440084062340,"13,226",50% bullish,of 2 ratings,$235
COST,$144,1440084062414,"276,264",83% bullish,of 24 ratings,$154.50
CSOD,$37.87,1440084062486,"91,472",50% bullish,of 2 ratings,$42
CPAH,NULL,1440084062515,0,50% bullish,of 2 ratings,N/A
CRVL,$32.43,1440084062548,"2,183",100% bearish,of 1 rating,N/A
ICBK,NULL,1440084062569,0,Not yet rated,NULL,$21
COWN,$5.315,1440084062949,"143,450",75% bullish,of 4 ratings,$7
COVS,$2.73,1440084062989,"6,938",67% bullish,of 3 ratings,N/A
CRAY,$21.79,1440084063084,"43,713",83% bullish,of 6 ratings,$38.50
COWNL,$27.02,1440084063112,300,Not yet rated,NULL,N/A
CPSH,$2.4,1440084063133,"2,700",Not yet rated,NULL,N/A
CVTI,$24.35,1440084063169,"16,665",67% bearish,of 3 ratings,$39
CBRL,$148,1440084063191,"46,335",50% bullish,of 2 ratings,$155
CRAI,$22.59,1440084063221,"4,962",Not yet rated,NULL,$36
BREW,$7.85,1440084063443,"17,501",67% bullish,of 6 ratings,$15
GLDI,$11.0888,1440084063619,"1,628",100% bearish,of 1 rating,N/A
CACC,$189.8032,1440084063653,"17,038",50% bullish,of 2 ratings,$158.50
CRESY,$10.96,1440084063686,"70,449",100% bearish,of 1 rating,$19
SLVO,$10.5599,1440084063715,"4,117",100% bearish,of 1 rating,N/A
CROX,$14.65,1440084063747,"134,992",63% bullish,of 8 ratings,$16.50
CREE,$26.3501,1440084063780,"202,770",65% bullish,of 17 ratings,$28.50
CRTO,$46.81,1440084063844,"102,272",67% bullish,of 6 ratings,$64
CRDS,$1.0601,1440084064111,"7,600",50% bullish,of 4 ratings,$4.50
CRWN,$4.68,1440084064166,"41,097",75% bullish,of 4 ratings,N/A
CYRX,$3.09,1440084064215,"8,738",Not yet rated,NULL,$9
CRWS,$8.08,1440084064254,665,Not yet rated,NULL,$10
CCRN,$14.8205,1440084064382,"83,563",100% bearish,of 1 rating,$14.25
CSGS,$31.66,1440084064408,"22,968",Not yet rated,NULL,$40
CCLP,$15.0019,1440084064465,"12,880",67% bearish,of 3 ratings,$21
CYRXW,$1.03,1440084064491,"6,400",Not yet rated,NULL,N/A
CTCM,$1.73,1440084064628,"91,371",80% bearish,of 5 ratings,$3.90
CTIC,$1.66,1440084064662,"706,892",84% bullish,of 76 ratings,$5.75
CSPI,$6.25,1440084064721,155,67% bullish,of 3 ratings,N/A
CTIB,$3.54,1440084064760,"2,475",100% bearish,of 1 rating,N/A
CTRP,$64.89,1440084064826,"801,800",75% bullish,of 8 ratings,$92
CUNB,$22.18,1440084064916,"2,608",Not yet rated,NULL,$24.50
CPIX,$5.9,1440084065063,"1,800",Not yet rated,NULL,N/A
CUI,$5.35,1440084065097,"24,452",50% bullish,of 2 ratings,$10
CMLS,$1.22,1440084065152,"147,123",50% bullish,of 4 ratings,$6
CRIS,$2.64,1440084065193,"54,004",100% bullish,of 8 ratings,$6
CUTR,$14.65,1440084065224,"3,593",67% bearish,of 3 ratings,$18
CVBF,$16.86,1440084065328,"57,801",Not yet rated,NULL,$18
CYAN,$7.64,1440084065437,202,100% bearish,of 1 rating,N/A
CYBR,$57.89,1440084065580,"550,109",86% bullish,of 7 ratings,$66
CVV,$11.8501,1440084065610,"10,600",100% bullish,of 5 ratings,N/A
CYCC,$0.6031,1440084065631,"24,254",73% bullish,of 11 ratings,N/A
CYBE,$5.9499,1440084065661,"5,678",100% bearish,of 1 rating,N/A
CYBX,$64.515,1440084065797,"289,683",50% bullish,of 4 ratings,$70
CYCCP,NULL,1440084066020,0,100% bearish,of 1 rating,N/A
CBAY,$2.73,1440084066086,"26,016",100% bullish,of 1 rating,$4
CYNA,$16.12,1440084066113,"9,003",100% bullish,of 1 rating,$31.50
CYNO,$33.26,1440084066141,"35,382",67% bearish,of 3 ratings,$45.50
CYRN,$1.73,1440084066244,"41,391",67% bullish,of 3 ratings,$4
CY,$9.65,1440084066272,"1,580,262",80% bullish,of 10 ratings,$15.50
CONE,$33.665,1440084066310,"94,662",67% bearish,of 3 ratings,$35
CYTK,$6.53,1440084066591,"59,895",71% bullish,of 14 ratings,$13.50
CYTX,$0.4,1440084066625,"264,150",83% bullish,of 12 ratings,$5.50
CTSO,$7.2,1440084066656,"34,045",Not yet rated,NULL,$15.625
CYTR,$2.3201,1440084066722,"95,704",67% bullish,of 6 ratings,$10
DAEG,$0.3301,1440084066747,100,100% bearish,of 1 rating,N/A
XIV,$44.72,1440084067080,"5,181,173",75% bearish,of 4 ratings,N/A
TVIZ,$13.6,1440084067136,200,100% bearish,of 1 rating,N/A
DJCO,$205.8,1440084067163,200,Not yet rated,NULL,N/A
ZIV,$48.41,1440084067214,"36,836",Not yet rated,NULL,N/A
TVIX,$6.518,1440084067248,"4,934,531",81% bullish,of 16 ratings,N/A
DAKT,$11.74,1440084067274,"39,389",50% bullish,of 2 ratings,$14
DARA,$0.89,1440084067296,"19,322",83% bullish,of 6 ratings,$1.50
DAIO,$2.609,1440084067346,"9,690",Not yet rated,NULL,N/A
DTLK,$5.44,1440084067688,"33,733",100% bearish,of 1 rating,$9
DWCH,$5.46,1440084067789,"9,961",75% bullish,of 4 ratings,$8.25
DRAM,NULL,1440084067844,0,78% bullish,of 9 ratings,N/A
TRAK,$62.995,1440084067896,"399,167",50% bullish,of 2 ratings,$62.50
DTEA,$12.0991,1440084067927,"13,651",100% bearish,of 2 ratings,$24
DWSN,$4.42,1440084067975,"5,380",67% bullish,of 3 ratings,$6
PLAY,$35.09,1440084068027,"77,032",100% bullish,of 5 ratings,$42
DBVT,$41.38,1440084068054,"15,583",100% bearish,of 1 rating,$53
DFRG,$14.97,1440084068187,"17,203",100% bearish,of 1 rating,$20
DCTH,$0.4898,1440084068919,"31,224",78% bullish,of 9 ratings,N/A
DELTW,NULL,1440084068952,0,Not yet rated,NULL,N/A
TACOW,$4.26,1440084069013,"1,183",100% bullish,of 1 rating,N/A
DHRM,$1.84,1440084069051,100,Not yet rated,NULL,N/A
DGAS,$20.25,1440084069093,"7,258",67% bearish,of 3 ratings,N/A
DELT,$2.79,1440084069120,"3,343",Not yet rated,NULL,N/A
TACO,$13.47,1440084069194,"46,842",100% bullish,of 3 ratings,$20
XRAY,$55.91,1440084069399,"46,661",100% bullish,of 1 rating,$58
DENN,$12.26,1440084069474,"66,815",100% bullish,of 3 ratings,$15
DEPO,$30.695,1440084069553,"167,162",80% bullish,of 5 ratings,$29
DEST,$11.64,1440084069586,"6,646",50% bullish,of 2 ratings,N/A
DERM,$24.1467,1440084069614,"21,360",100% bearish,of 1 rating,$33.50
DSCI,$6.4,1440084069661,"11,946",50% bullish,of 2 ratings,$16
DXLG,$4.75,1440084069688,"7,992",100% bearish,of 1 rating,$8
DSWL,NULL,1440084069819,0,100% bullish,of 1 rating,N/A
DMND,$30.98,1440084070094,"91,770",75% bullish,of 12 ratings,$32
DHXM,NULL,1440084070123,0,Not yet rated,NULL,N/A
DXM,$0.32,1440084070149,"11,063",50% bullish,of 2 ratings,N/A
DXCM,$91.68,1440084070180,"161,901",57% bullish,of 7 ratings,$98
DRNA,$10.23,1440084070285,"25,260",67% bearish,of 3 ratings,$25
FANG,$71.28,1440084070314,"159,899",50% bullish,of 2 ratings,$86
DHIL,$191.58,1440084070369,116,Not yet rated,NULL,N/A
DCIX,$1.79,1440084070444,"14,093",50% bullish,of 4 ratings,$3.50
DGII,$10.19,1440084070525,"7,637",100% bearish,of 1 rating,$10
DGLY,$7.265,1440084070658,"32,608",50% bullish,of 6 ratings,$20
DRAD,$3.989,1440084070799,"1,670",100% bullish,of 1 rating,$5.25
DMRC,$36.04,1440084070828,"17,310",100% bearish,of 1 rating,$44
APPS,$2.36,1440084070880,"3,424",100% bearish,of 1 rating,$10.25
DIOD,$19.479,1440084070909,"16,039",75% bearish,of 4 ratings,$24
DCOM,$17.04,1440084071016,"27,176",100% bearish,of 2 ratings,$16.50
DISCA,$28.24,1440084071047,"746,078",67% bullish,of 3 ratings,$34
DPRX,$12.69,1440084071075,"65,798",100% bullish,of 2 ratings,$27.75
DISCB,$30.53,1440084071211,50,100% bearish,of 1 rating,$35
DISH,$63.82,1440084071260,"275,179",69% bullish,of 13 ratings,$73
DISCK,$27.27,1440084071312,"1,108,968",100% bearish,of 1 rating,$32
DSCO,$0.445,1440084071344,"53,627",83% bullish,of 6 ratings,$2.75
BAGR,$3,1440084071413,904,100% bearish,of 1 rating,$6
DVCR,$11.25,1440084071475,"6,349",100% bullish,of 1 rating,N/A
DLHC,$2.65,1440084071546,904,100% bearish,of 1 rating,N/A
DNBF,$26.6201,1440084071689,538,Not yet rated,NULL,$27.50
DLTR,$80.59,1440084071747,"377,435",82% bullish,of 11 ratings,$88
DGICA,$14.475,1440084071838,"2,690",100% bearish,of 1 rating,$17
DGICB,NULL,1440084071920,0,100% bearish,of 1 rating,N/A
DORM,$50.53,1440084071972,"11,602",100% bearish,of 1 rating,$56
DMLP,$13.9551,1440084072000,"10,823",100% bearish,of 1 rating,N/A
DRWIW,$0.068,1440084072031,200,Not yet rated,NULL,N/A
DRWI,$0.2676,1440084072135,"124,333",60% bullish,of 5 ratings,$.45
HILL,$9.675,1440084072162,"2,301,665",60% bearish,of 5 ratings,$9
DWA,$18.2899,1440084072294,"104,860",63% bullish,of 8 ratings,$26
DRYS,$0.3451,1440084072320,"722,988",77% bullish,of 31 ratings,$.60
CADT,NULL,1440084072455,0,Not yet rated,NULL,N/A
DSKX,$3.324,1440084072483,"78,640",100% bullish,of 1 rating,N/A
DSPG,$8.71,1440084072505,"14,995",100% bearish,of 1 rating,$13.50
CADTR,NULL,1440084072538,0,Not yet rated,NULL,N/A
CADTW,NULL,1440084072724,0,Not yet rated,NULL,N/A
CADTU,NULL,1440084072858,0,Not yet rated,NULL,N/A
DXPE,$28.5,1440084072880,"28,587",50% bullish,of 2 ratings,N/A
DTSI,$27.055,1440084072921,"12,027",100% bearish,of 2 ratings,$39.50
DNKN,$50.73,1440084072956,"442,109",67% bullish,of 15 ratings,$56.50
DRRX,$2,1440084073016,"33,108",50% bullish,of 6 ratings,$3
BOOM,$10.28,1440084073049,"14,432",67% bullish,of 3 ratings,$12
DYAX,$22.58,1440084073075,"41,127",89% bullish,of 9 ratings,$30
DYNT,$2.99,1440084073323,39,75% bullish,of 4 ratings,N/A
DYSL,$1.76,1440084073467,"309,576",100% bullish,of 2 ratings,N/A
ETFC,$26.805,1440084073513,"561,286",57% bullish,of 14 ratings,$33
EBMT,$11.45,1440084073545,600,Not yet rated,NULL,$13.50
DVAX,$28.42,1440084073599,"55,160",70% bullish,of 10 ratings,$40
EGRX,$66.48,1440084073627,"88,156",67% bullish,of 3 ratings,$97
EGBN,$43.68,1440084073653,"16,704",Not yet rated,NULL,$48
EGLE,$6.54,1440084073679,"4,400",60% bullish,of 5 ratings,N/A
ELNK,$8.76,1440084074041,"103,386",60% bullish,of 5 ratings,$9.50
EACQU,$10.2,1440084074089,944,Not yet rated,NULL,N/A
EVBS,$6.45,1440084074141,886,Not yet rated,NULL,$7
EML,$16.96,1440084074170,"8,200",Not yet rated,NULL,N/A
EBAY,$26.855,1440084074201,"2,002,341",81% bullish,of 117 ratings,$48
EROC,$1.181,1440084074223,"124,883",50% bullish,of 2 ratings,$3
EWBC,$43.11,1440084074271,"396,285",100% bearish,of 1 rating,$50
EBIX,$29.6,1440084074355,"41,688",69% bullish,of 13 ratings,$40
ELON,$0.575,1440084074647,"3,519",50% bullish,of 2 ratings,N/A
ECHO,$25.95,1440084074674,"36,836",67% bearish,of 3 ratings,$35.50
ECTE,$1.48,1440084074738,200,75% bullish,of 4 ratings,N/A
SATS,$45.58,1440084074871,"29,582",50% bullish,of 2 ratings,$60
EEI,$11.29,1440084074898,800,67% bearish,of 3 ratings,N/A
EDAP,$3.4545,1440084074920,"16,168",60% bullish,of 5 ratings,$4.50
EDGW,$7.15,1440084075050,"11,300",100% bearish,of 1 rating,N/A
ESES,$3.3967,1440084075078,249,100% bearish,of 1 rating,$7
ECACU,$10.05,1440084075134,"13,200",Not yet rated,NULL,N/A
EDUC,$4.67,1440084075165,"5,866",100% bearish,of 1 rating,N/A
EGLT,$11.5,1440084075426,"22,543",50% bullish,of 2 ratings,$21
EFUT,NULL,1440084075451,0,Not yet rated,NULL,N/A
EGAN,$3.5999,1440084075604,"103,500",50% bullish,of 2 ratings,$6.25
EMITF,$1.308,1440084075632,"3,154",75% bullish,of 4 ratings,N/A
LOCO,$12.68,1440084075658,"854,779",69% bullish,of 13 ratings,$20
EHTH,$14.65,1440084075710,"29,562",50% bullish,of 4 ratings,$16.50
ESLT,$81,1440084075798,"2,556",100% bullish,of 2 ratings,N/A
ERI,$9.5,1440084075844,"11,291",100% bearish,of 1 rating,$10
ELRC,$10.25,1440084075902,"4,560",100% bearish,of 1 rating,N/A
ESIO,$4.535,1440084076035,"36,029",50% bullish,of 2 ratings,$10
EFII,$44.71,1440084076061,"16,808",80% bullish,of 5 ratings,$55
EA,$68.66,1440084076092,"1,123,815",77% bullish,of 35 ratings,$80
ELECU,NULL,1440084076267,0,Not yet rated,NULL,N/A
ELSE,$4.07,1440084076297,486,60% bullish,of 5 ratings,N/A
ELECW,NULL,1440084076326,0,Not yet rated,NULL,N/A
ELEC,NULL,1440084076404,0,Not yet rated,NULL,N/A
RDEN,$10.6,1440084076622,"27,987",100% bearish,of 4 ratings,$15
EBIO,$3.2301,1440084076686,"330,771",100% bearish,of 2 ratings,$8.35
ESBK,NULL,1440084076740,0,Not yet rated,NULL,N/A
LONG,$17.05,1440084076769,"16,749",67% bullish,of 3 ratings,$15.75
CAPX,NULL,1440084076790,0,Not yet rated,NULL,N/A
ELTK,$1.0999,1440084076932,"17,748",67% bearish,of 3 ratings,N/A
EMCI,$23.6,1440084076973,900,Not yet rated,NULL,N/A
EMCF,NULL,1440084077037,0,100% bearish,of 1 rating,N/A
EMKR,$7.125,1440084077103,"15,201",75% bullish,of 4 ratings,$8.50
EMMSP,NULL,1440084077142,0,100% bearish,of 1 rating,N/A
EMMS,$1.32,1440084077272,"7,850",67% bullish,of 6 ratings,N/A
NYNY,$3.97,1440084077298,"26,469",50% bullish,of 2 ratings,N/A
ECPG,$39.23,1440084077580,"45,214",100% bullish,of 2 ratings,$52
WIRE,$32.72,1440084077663,"7,832",100% bearish,of 1 rating,$37
EIGI,$15.6,1440084077729,"155,660",67% bearish,of 3 ratings,$20
ENTA,$40.65,1440084077759,"19,899",50% bullish,of 2 ratings,$42
WATT,$7.01,1440084077791,"25,566",50% bullish,of 2 ratings,$13
ERS,$3.39,1440084077833,"1,385",Not yet rated,NULL,N/A
ELGX,$13.04,1440084077892,"56,292",75% bullish,of 4 ratings,$17
ECYT,$5.065,1440084077934,"60,055",83% bullish,of 6 ratings,$12
EFOI,$17.85,1440084078284,"195,918",50% bullish,of 2 ratings,$20.50
ENDP,$82.975,1440084078313,"197,894",50% bullish,of 6 ratings,$104
ERII,$2.827,1440084078335,"15,715",80% bullish,of 5 ratings,$2.50
EXXI,$1.643,1440084078470,"318,152",86% bullish,of 7 ratings,$3.50
ENOC,$8.05,1440084078495,"50,190",75% bullish,of 4 ratings,$18
ENG,$1.08,1440084078525,"12,300",100% bullish,of 3 ratings,N/A
ENPH,$4.628,1440084078654,"133,025",75% bullish,of 4 ratings,$11
ESGR,$151.199,1440084078755,"4,186",100% bearish,of 1 rating,$185
ENTG,$14.06,1440084078854,"34,818",100% bearish,of 1 rating,$18
ENFC,$18.03,1440084078896,"1,342",Not yet rated,NULL,N/A
EBTC,$20.62,1440084078934,640,Not yet rated,NULL,N/A
ETRM,$0.243,1440084078989,"125,760",69% bearish,of 35 ratings,$1.625
EFSC,$24.82,1440084079155,"8,430",Not yet rated,NULL,$27
ENVI,$1.77,1440084079218,"4,814",67% bullish,of 3 ratings,N/A
EPRS,$4.9,1440084080110,"44,396",82% bullish,of 11 ratings,$15
PLUS,$79.58,1440084080139,"65,249",50% bullish,of 2 ratings,$88
ENZY,$9.07,1440084080161,"3,776",67% bullish,of 3 ratings,$9.50
ENZN,$1.07,1440084080198,"152,009",100% bullish,of 9 ratings,N/A
EGT,$2.16,1440084080220,"1,125",100% bullish,of 1 rating,N/A
EPIQ,$13.96,1440084080294,"29,634",100% bearish,of 1 rating,$18
EPZM,$16.74,1440084080366,"33,392",60% bullish,of 5 ratings,$34
ENTL,$22.22,1440084080393,"4,609",Not yet rated,NULL,$28
EQIX,$281,1440084080532,"44,959",67% bullish,of 3 ratings,$312.50
EQFN,$8.3,1440084080585,"1,200",Not yet rated,NULL,N/A
ERIC,$9.95,1440084080630,"340,752",63% bullish,of 8 ratings,$13.30
EAC,$3.69,1440084080661,"4,796",100% bearish,of 1 rating,$8
ERIE,$86.87,1440084080797,"2,701",Not yet rated,NULL,$73
ESSA,$12.8501,1440084081190,"1,854",100% bearish,of 1 rating,N/A
ESCR,$0.1899,1440084081226,"8,600",50% bullish,of 2 ratings,N/A
ESMC,$1.3,1440084081260,1,Not yet rated,NULL,N/A
ESCA,$18.1,1440084081322,"3,104",100% bearish,of 1 rating,$22
EPIX,NULL,1440084081353,0,Not yet rated,NULL,N/A
ESCRP,NULL,1440084081382,0,100% bearish,of 1 rating,N/A
ESPR,$54.71,1440084081408,"469,458",67% bearish,of 9 ratings,$123
ESND,$35.98,1440084081457,"11,098",50% bullish,of 2 ratings,$40
ESSX,$0.53,1440084081722,"18,500",50% bullish,of 2 ratings,N/A
CLWT,NULL,1440084081791,0,100% bearish,of 1 rating,N/A
ESEA,$6.1201,1440084081819,"1,422",100% bullish,of 1 rating,$15
ETSY,$14.6199,1440084081851,"265,619",80% bullish,of 5 ratings,$16
EEFT,$68.055,1440084081989,"35,892",100% bearish,of 1 rating,$67.50
EVEP,$8.38,1440084082030,"108,759",50% bullish,of 2 ratings,$15
EVK,$3.86,1440084082089,"1,012",75% bearish,of 4 ratings,N/A
EVLV,$2.24,1440084082164,"23,730",60% bullish,of 5 ratings,$6.50
EVOK,$4.1601,1440084082201,"114,662",100% bearish,of 1 rating,$13.75
EXA,$10.7,1440084082298,"2,822",100% bearish,of 1 rating,$13
EXAS,$22.0842,1440084082326,"127,321",78% bullish,of 9 ratings,$31
EVOL,$6.25,1440084082365,"3,387",75% bullish,of 4 ratings,$10
EXAC,$18.93,1440084082509,"7,773",100% bearish,of 1 rating,$22.50
EXEL,$5.51,1440084082571,"702,512",81% bullish,of 16 ratings,$6
EXLS,$36.8,1440084082597,"24,634",100% bullish,of 1 rating,$41
EXFO,$2.8999,1440084082644,600,67% bearish,of 3 ratings,$3.95
EXPD,$49.78,1440084082778,"414,592",80% bullish,of 5 ratings,$50.50
EXPE,$119.8,1440084082822,"151,597",64% bullish,of 11 ratings,$130
ESRX,$89.02,1440084082910,"714,670",67% bearish,of 6 ratings,$101
EXLP,$19.93,1440084082966,"13,993",100% bearish,of 1 rating,$27
EYEG,$4.16,1440084083096,"5,536",Not yet rated,NULL,N/A
EXPO,$43.15,1440084083124,"4,040",100% bearish,of 1 rating,$45.50
EYEGW,NULL,1440084083156,0,Not yet rated,NULL,N/A
EXTR,$2.94,1440084083183,"378,192",80% bullish,of 5 ratings,$3
EZCH,$21.25,1440084083264,"26,119",75% bullish,of 8 ratings,$19.50
EZPW,$6.11,1440084083345,"27,394",50% bullish,of 4 ratings,$7.50
FFIV,$129.035,1440084083437,"152,850",71% bullish,of 7 ratings,$132
FB,$92.0635,1440084083525,"9,458,480",73% bullish,of 1065 ratings,$111
FCS,$13.5,1440084083582,"197,944",67% bearish,of 3 ratings,$17
FRP,$16.96,1440084083608,"6,550",100% bearish,of 1 rating,$18
FWM,$2.25,1440084083634,"35,779",100% bearish,of 2 ratings,$3.20
FALC,$1.62,1440084083785,"6,982",63% bearish,of 8 ratings,N/A
DAVE,$14.06,1440084084267,"8,102",100% bearish,of 1 rating,$15.50
FFKT,$26.71,1440084084350,978,Not yet rated,NULL,$29
FARM,$22.39,1440084084433,"4,314",100% bearish,of 1 rating,$35
FMNB,$8.005,1440084084618,"1,146",Not yet rated,NULL,N/A
FARO,$39.475,1440084084719,"19,857",50% bullish,of 2 ratings,$48
FNHC,$22.92,1440084084810,"12,990",100% bearish,of 1 rating,$35
FBSS,NULL,1440084084836,0,Not yet rated,NULL,N/A
FATE,$6.36,1440084084868,"34,617",50% bullish,of 2 ratings,$11
FDML,$9.285,1440084084897,"44,940",50% bullish,of 4 ratings,$14
FAST,$39.88,1440084084963,"302,054",80% bullish,of 5 ratings,$46
FEIC,$80.51,1440084085032,"80,732",50% bullish,of 2 ratings,$95.50
FBRC,$22.74,1440084085062,"1,316",100% bearish,of 1 rating,$29
FGEN,$24.71,1440084085226,"38,254",100% bearish,of 1 rating,$39
FHCO,$1.4,1440084085277,"12,600",50% bullish,of 4 ratings,N/A
FCSC,$5.855,1440084085330,"41,988",100% bearish,of 1 rating,$8.125
FENX,$9.74,1440084085466,"8,755",100% bullish,of 1 rating,$14.25
ONEQ,$193.7337,1440084085525,"7,800",100% bullish,of 1 rating,N/A
FDUS,$14.958,1440084085663,"10,263",100% bullish,of 1 rating,$18
LION,$19.4,1440084085694,"15,969",100% bullish,of 1 rating,$20
FRGI,$53.44,1440084085734,"26,153",50% bullish,of 2 ratings,$70
FSAM,$8.87,1440084085762,932,100% bearish,of 1 rating,$11
FITB,$20.57,1440084085791,"1,270,463",54% bullish,of 13 ratings,$22
FSCFL,$24.8999,1440084085942,"2,675",Not yet rated,NULL,N/A
FSC,$6.542,1440084085971,"210,423",75% bullish,of 4 ratings,$8
FSFR,$9.1078,1440084086070,"17,772",100% bearish,of 1 rating,$11.50
FITBI,$27.73,1440084086138,"1,092",Not yet rated,NULL,N/A
FNGN,$34.61,1440084086215,"76,383",67% bullish,of 3 ratings,$47
FISI,$24.64,1440084086244,"23,110",100% bullish,of 2 ratings,$24.50
FNSR,$16.2,1440084086378,"376,496",71% bullish,of 7 ratings,$24.50
FEYE,$41.5,1440084086486,"960,998",87% bullish,of 15 ratings,$55.50
FNTCW,NULL,1440084086621,0,Not yet rated,NULL,N/A
FNTCU,NULL,1440084086652,0,Not yet rated,NULL,N/A
FNTC,$9.82,1440084086682,100,Not yet rated,NULL,N/A
FNJN,$1.71,1440084086713,"5,050",100% bearish,of 1 rating,$5
FBNC,$16.89,1440084086779,"12,792",100% bullish,of 1 rating,$20
BUSE,$6.34,1440084086807,"21,707",Not yet rated,NULL,$6.875
FRBA,NULL,1440084086839,0,Not yet rated,NULL,$8
FNLC,$18.6,1440084086973,"1,810",100% bullish,of 1 rating,N/A
FBIZ,$43.9,1440084087033,"2,400",100% bearish,of 2 ratings,$52
FCVA,$4.7475,1440084087218,"1,100",Not yet rated,NULL,N/A
FCAP,$27,1440084087245,100,Not yet rated,NULL,N/A
FCLF,NULL,1440084087383,0,Not yet rated,NULL,N/A
FCFS,$38.7,1440084087413,"12,658",100% bearish,of 2 ratings,$48
FCNCA,$243.46,1440084087447,224,Not yet rated,NULL,N/A
FCBC,$17.71,1440084087486,"1,192",Not yet rated,NULL,$18
FCFP,NULL,1440084087546,0,Not yet rated,NULL,N/A
FCCO,$11.9,1440084087571,836,Not yet rated,NULL,$13.25
FBNK,$16.43,1440084087786,780,100% bearish,of 1 rating,$17.50
FFNM,$6.42,1440084087817,100,Not yet rated,NULL,N/A
FDEF,$37.88,1440084087843,"6,422",Not yet rated,NULL,$38
FFBC,$19.1,1440084087890,"18,604",67% bearish,of 3 ratings,$20.25
FFBCW,NULL,1440084088023,0,100% bearish,of 1 rating,N/A
FFIN,$31.241,1440084088069,"20,491",50% bullish,of 2 ratings,$31.75
THFF,$33.375,1440084088206,"2,316",Not yet rated,NULL,$35
FFNW,$12.53,1440084088269,"5,922",Not yet rated,NULL,$14
FFWM,$21,1440084088311,"2,516",Not yet rated,NULL,$24
FIBK,$27.21,1440084088370,"12,507",Not yet rated,NULL,$32
INBK,$32.6,1440084088465,"3,391",50% bullish,of 2 ratings,$37
FRME,$25.64,1440084088497,"37,430",Not yet rated,NULL,$26.50
FMBI,$18.11,1440084088563,"64,507",Not yet rated,NULL,$20
FMBH,NULL,1440084088631,0,Not yet rated,NULL,N/A
FNBC,$34.68,1440084088730,"18,741",Not yet rated,NULL,$41.50
FNFG,$9.355,1440084088760,"516,405",80% bullish,of 5 ratings,$9
FNWB,$12.0824,1440084088789,"4,670",Not yet rated,NULL,N/A
FSFG,$31.12,1440084088915,100,Not yet rated,NULL,N/A
FSGI,$2.5004,1440084088970,"1,207",Not yet rated,NULL,N/A
FSLR,$48.59,1440084089016,"372,585",74% bullish,of 39 ratings,$65
FSBK,NULL,1440084089150,0,100% bullish,of 1 rating,N/A
BICK,$20.17,1440084089176,100,100% bullish,of 1 rating,N/A
FBZ,NULL,1440084089369,0,Not yet rated,NULL,N/A
FTCS,$38.0584,1440084089419,"3,110",Not yet rated,NULL,N/A
FV,$24.2099,1440084089446,"338,258",Not yet rated,NULL,N/A
FCA,$21.007,1440084089468,"3,600",Not yet rated,NULL,N/A
FCAN,$24.94,1440084089599,400,Not yet rated,NULL,N/A
IFV,$18.1608,1440084089631,"666,691",100% bearish,of 1 rating,N/A
FEMB,NULL,1440084089652,0,Not yet rated,NULL,N/A
FTSM,$59.9244,1440084089683,"2,426",100% bearish,of 1 rating,N/A
FEUZ,NULL,1440084089881,0,Not yet rated,NULL,N/A
MDIV,$19.72,1440084089907,"52,243",Not yet rated,NULL,N/A
TDIV,$25.27,1440084089932,"75,747",100% bearish,of 1 rating,N/A
FGM,$36.15,1440084090113,"8,080",Not yet rated,NULL,N/A
FTGC,$22.563,1440084090148,"30,916",Not yet rated,NULL,N/A
FTHI,$20.23,1440084090174,"5,147",Not yet rated,NULL,N/A
HYLS,$49.732,1440084090305,"6,185",100% bearish,of 1 rating,N/A
FHK,$33.84,1440084090332,"41,069",Not yet rated,NULL,N/A
YDIV,$16.88,1440084090359,"1,400",Not yet rated,NULL,N/A
FPXI,$27.98,1440084090496,525,Not yet rated,NULL,N/A
PLTM,$6.6864,1440084090555,"2,482",100% bearish,of 1 rating,N/A
CU,$12.85,1440084090581,"3,274",100% bearish,of 1 rating,N/A
FTLB,NULL,1440084090814,0,100% bearish,of 1 rating,N/A
FJP,$48.283,1440084090877,"39,990",Not yet rated,NULL,N/A
LMBS,NULL,1440084090903,0,Not yet rated,NULL,N/A
SKYY,$29.9092,1440084090945,"11,498",100% bullish,of 1 rating,N/A
QABA,$38.5599,1440084091035,"5,550",100% bearish,of 1 rating,N/A
FMB,NULL,1440084091105,0,Not yet rated,NULL,N/A
CIBR,$18.8541,1440084091178,"25,854",Not yet rated,NULL,N/A
FONE,$35.6197,1440084091321,300,Not yet rated,NULL,N/A
QCLN,$15.4575,1440084091398,"10,791",Not yet rated,NULL,N/A
GRID,NULL,1440084091451,0,100% bearish,of 1 rating,N/A
QQEW,$43.12,1440084091480,"25,551",Not yet rated,NULL,N/A
CARZ,$35.9099,1440084091534,850,100% bearish,of 1 rating,N/A
QQXT,$42.0499,1440084091555,602,Not yet rated,NULL,N/A
RDVY,$22.0599,1440084091588,"1,646",Not yet rated,NULL,N/A
AIRR,$16.61,1440084091901,"2,947",100% bearish,of 1 rating,N/A
FTSL,$48.98,1440084092046,"11,326",100% bearish,of 1 rating,N/A
QTEC,$40.93,1440084092073,"16,510",Not yet rated,NULL,N/A
FKO,NULL,1440084092103,0,Not yet rated,NULL,N/A
FDIV,NULL,1440084092132,0,100% bearish,of 1 rating,N/A
QINC,NULL,1440084092154,0,Not yet rated,NULL,N/A
FSZ,$39.95,1440084092209,"7,377",Not yet rated,NULL,N/A
FTW,NULL,1440084092283,0,Not yet rated,NULL,N/A
TUSA,NULL,1440084092465,0,Not yet rated,NULL,N/A
FUNC,$8.33,1440084092523,200,Not yet rated,NULL,N/A
FKU,$43.01,1440084092597,"8,254",Not yet rated,NULL,N/A
SVVC,$10.66,1440084092627,"7,436",100% bullish,of 1 rating,$26
FMER,$18.07,1440084092698,"127,788",50% bullish,of 2 ratings,$20
FSV,$32.14,1440084092761,100,Not yet rated,NULL,$33.60
FISV,$89.14,1440084092803,"160,141",100% bearish,of 3 ratings,$90
FIVE,$36.7,1440084092904,"50,928",75% bearish,of 4 ratings,$44
FIVN,$4.225,1440084092990,"98,600",100% bullish,of 1 rating,$8.50
FLML,$21.4701,1440084093074,"50,419",50% bullish,of 2 ratings,$30
FPRX,$18.62,1440084093126,"57,983",50% bullish,of 2 ratings,$35
FLKS,$14.54,1440084093256,"11,477",50% bullish,of 2 ratings,$27
FLXN,$24.14,1440084093331,"17,654",100% bearish,of 1 rating,$40
MBSD,NULL,1440084093431,0,Not yet rated,NULL,N/A
SKOR,$50.5,1440084093499,200,Not yet rated,NULL,N/A
FLIR,$29.87,1440084093527,"157,690",100% bearish,of 1 rating,$38.50
FLEX,$10.84,1440084093559,"603,691",63% bullish,of 8 ratings,$12
FLXS,$33.14,1440084093605,"19,436",100% bearish,of 2 ratings,N/A
FLDM,$12.75,1440084093654,"59,636",67% bearish,of 3 ratings,$21.50
FFIC,$20.525,1440084093759,"4,067",Not yet rated,NULL,$21
FOMX,$9.985,1440084093902,"97,541",50% bullish,of 2 ratings,$23.50
FOGO,$18.52,1440084093928,"46,464",50% bullish,of 2 ratings,$25.50
FONR,$9.681,1440084093974,"8,281",100% bullish,of 1 rating,N/A
FES,$0.9484,1440084094058,300,50% bullish,of 2 ratings,$1
FTNT,$45.92,1440084094118,"351,403",80% bullish,of 10 ratings,$52
FORM,$6.22,1440084094255,"30,057",67% bullish,of 3 ratings,$10.50
FORTY,NULL,1440084094284,0,Not yet rated,NULL,N/A
FORR,$32.42,1440084094364,"7,972",Not yet rated,NULL,N/A
FBIO,$2.855,1440084094416,"45,708",83% bullish,of 6 ratings,N/A
FWRD,$48.08,1440084094593,"60,920",100% bearish,of 1 rating,$50
FOSL,$61.47,1440084094629,"222,270",50% bullish,of 4 ratings,$70
FWP,$26.045,1440084094663,"2,830",100% bearish,of 1 rating,$45
FMI,$20.23,1440084094728,"32,604",100% bearish,of 2 ratings,$27.50
FORD,$1.0051,1440084094758,"57,281",50% bullish,of 2 ratings,N/A
FXCB,$17.27,1440084094788,318,Not yet rated,NULL,$19
FOXF,$15.43,1440084094895,"5,085",100% bearish,of 1 rating,$19
FRAN,$10.3,1440084095069,"147,410",50% bullish,of 4 ratings,$15
FELE,$29.44,1440084095125,"71,084",50% bullish,of 4 ratings,$33
FRED,$14.75,1440084095201,"20,672",50% bullish,of 2 ratings,$16.50
RAIL,$21.23,1440084095279,"21,795",100% bearish,of 1 rating,$24.50
FEIM,$10.99,1440084095330,"2,200",100% bearish,of 1 rating,N/A
FREE,$0.5434,1440084095362,"1,724,435",92% bullish,of 12 ratings,N/A
FRPT,$13.13,1440084095388,"63,916",67% bearish,of 3 ratings,$23.50
FTR,$5.25,1440084095522,"5,654,302",78% bullish,of 27 ratings,$6.25
FRPH,$30.87,1440084095585,200,100% bearish,of 1 rating,N/A
FTRPR,$103.5,1440084095688,"101,348",100% bearish,of 1 rating,N/A
FSBW,$23.44,1440084095750,1,Not yet rated,NULL,N/A
FSYS,$6.5,1440084095853,"17,746",67% bullish,of 3 ratings,$10
FTEK,$2.2,1440084095985,"15,183",75% bullish,of 4 ratings,N/A
FTD,$30.06,1440084096027,"9,017",100% bearish,of 1 rating,$40
FCEL,$0.7823,1440084096118,"270,457",88% bullish,of 40 ratings,$2.65
FULL,$3.184,1440084096181,"1,735",67% bearish,of 3 ratings,$4.25
FLL,$1.54,1440084096224,"4,395",75% bullish,of 4 ratings,$2.825
FULLL,$25.46,1440084096254,500,Not yet rated,NULL,N/A
FSNN,$2.552,1440084096283,"1,600",67% bullish,of 3 ratings,$6
FULT,$12.69,1440084096386,"122,017",100% bearish,of 1 rating,$13
FFHL,NULL,1440084096469,0,50% bullish,of 4 ratings,N/A
GK,$71.16,1440084096612,"2,752",Not yet rated,NULL,$78
FXENP,NULL,1440084096645,0,100% bearish,of 1 rating,N/A
WILC,$5.11,1440084096712,495,100% bullish,of 2 ratings,N/A
GAIA,$5.86,1440084096739,"8,180",50% bullish,of 2 ratings,$8.50
FXEN,$0.9726,1440084096776,"31,150",75% bullish,of 4 ratings,$1.10
GALE,$1.3735,1440084097051,"262,009",89% bullish,of 47 ratings,$4
GALTU,NULL,1440084097084,0,100% bearish,of 1 rating,N/A
GLPG,$64.75,1440084097114,"2,786",100% bullish,of 1 rating,$75
GALT,$2.05,1440084097143,"11,491",80% bullish,of 5 ratings,N/A
GALTW,NULL,1440084097175,0,100% bullish,of 1 rating,N/A
GLMD,$8.6301,1440084097204,600,67% bullish,of 3 ratings,$20.50
GPIC,$10.89,1440084097236,200,100% bearish,of 1 rating,N/A
GLPI,$32.82,1440084097331,"54,050",100% bearish,of 1 rating,$37.50
GGAC,NULL,1440084097614,0,100% bearish,of 1 rating,N/A
GRMN,$39.525,1440084097674,"122,368",50% bullish,of 6 ratings,$48
GGACR,NULL,1440084097742,0,100% bullish,of 1 rating,N/A
GARS,$14.783,1440084097769,"4,814",Not yet rated,NULL,$16
GGACW,$0.12,1440084097902,500,Not yet rated,NULL,N/A
GENC,$9.43,1440084097929,200,100% bearish,of 1 rating,N/A
GNCMA,$17.19,1440084097955,"23,412",100% bearish,of 1 rating,$12
GGACU,NULL,1440084098008,0,Not yet rated,NULL,N/A
GFN,$3.75,1440084098108,"3,447",100% bearish,of 2 ratings,$8
GFNCP,NULL,1440084098170,0,Not yet rated,NULL,N/A
GENE,$2.57,1440084098206,"94,582",100% bullish,of 12 ratings,N/A
GFNSL,$25.76,1440084098239,"1,300",Not yet rated,NULL,N/A
GNMK,$9.17,1440084098342,"25,683",67% bullish,of 6 ratings,$14
GNCA,$12.55,1440084098379,"23,837",100% bearish,of 1 rating,$20
GHDX,$25.9,1440084098510,"16,680",50% bullish,of 2 ratings,$30
THRM,$45.84,1440084098680,"46,340",75% bearish,of 4 ratings,$55.50
GNTX,$15.69,1440084098735,"389,143",Not yet rated,NULL,$20
GNVC,$2.49,1440084098781,"1,210",90% bullish,of 10 ratings,$8.50
GEOS,$15.39,1440084098834,"48,927",100% bearish,of 3 ratings,$25.50
GTWN,$18.57,1440084098934,1,Not yet rated,NULL,N/A
GERN,$3.11,1440084098961,"221,642",88% bullish,of 16 ratings,$5.25
GABC,$29.89,1440084099044,"2,186",Not yet rated,NULL,$31.50
ROCK,$18.28,1440084099103,"8,840",80% bullish,of 5 ratings,$24
GIGM,$0.631,1440084099134,"3,000",100% bullish,of 2 ratings,N/A
GEVO,$2.45,1440084099268,"125,035",75% bullish,of 12 ratings,$5
GIGA,$1.3912,1440084099300,"4,281",100% bearish,of 1 rating,N/A
GILT,$4.495,1440084099334,"5,806",50% bullish,of 2 ratings,N/A
GIII,$67.44,1440084099403,"19,876",67% bullish,of 3 ratings,$75
GILD,$114.987,1440084099543,"1,429,552",91% bullish,of 86 ratings,$129
GBCI,$26.665,1440084099572,"43,090",50% bullish,of 2 ratings,$31
GLAD,$8.243,1440084099749,"21,958",50% bullish,of 2 ratings,$8.75
GLADO,NULL,1440084099778,0,Not yet rated,NULL,N/A
GOOD,$15.67,1440084099817,"6,572",Not yet rated,NULL,$19
GOODP,NULL,1440084099845,0,Not yet rated,NULL,N/A
GOODO,NULL,1440084099913,0,Not yet rated,NULL,N/A
GOODN,$25.6499,1440084099938,400,Not yet rated,NULL,N/A
GAIN,$7.805,1440084100099,"21,885",100% bullish,of 2 ratings,$8.25
GAINN,$25.1965,1440084100151,"4,700",Not yet rated,NULL,N/A
GAINO,$25.7499,1440084100177,200,Not yet rated,NULL,N/A
GAINP,$25.8501,1440084100251,"1,022",Not yet rated,NULL,N/A
GLBZ,NULL,1440084100396,0,Not yet rated,NULL,N/A
LAND,$9.59,1440084100423,"5,000",50% bullish,of 2 ratings,$13.75
GBT,$44.87,1440084100563,"29,712",100% bearish,of 1 rating,N/A
GDEF,NULL,1440084100593,0,Not yet rated,NULL,N/A
ENT,$11.7301,1440084100705,"91,411",100% bearish,of 1 rating,$18
GBLI,$26.52,1440084100758,"4,000",Not yet rated,NULL,N/A
ACTX,$13.78,1440084100886,751,100% bullish,of 1 rating,N/A
GPACU,NULL,1440084100969,0,Not yet rated,NULL,N/A
GSOL,$8.36,1440084101164,"4,346",100% bearish,of 1 rating,N/A
ALTY,NULL,1440084101243,0,Not yet rated,NULL,N/A
SOCL,$17.88,1440084101304,"28,730",100% bullish,of 2 ratings,N/A
QQQC,$20.108,1440084101379,"6,273",100% bearish,of 1 rating,N/A
YLCO,$12.1099,1440084101437,100,Not yet rated,NULL,N/A
GAI,$5.43,1440084101485,"1,562",50% bullish,of 2 ratings,N/A
SRET,$13.85,1440084101512,1,Not yet rated,NULL,N/A
GSM,$13.56,1440084101665,"45,191",50% bullish,of 2 ratings,$24.50
GLBS,NULL,1440084101811,0,67% bullish,of 3 ratings,N/A
GLRI,$1.15,1440084101907,"2,309",100% bearish,of 1 rating,$6
GBIM,$2.2201,1440084101971,"2,982",50% bullish,of 2 ratings,N/A
GLYC,$7.25,1440084102009,712,50% bullish,of 2 ratings,$14
GLUU,$4.51,1440084102101,"1,091,283",92% bullish,of 26 ratings,$9
GLNG,$37.34,1440084102127,"165,602",83% bullish,of 6 ratings,$58
GOGO,$16.02,1440084102315,"164,839",80% bullish,of 5 ratings,$25
GMLP,$19.3706,1440084102344,"57,553",50% bullish,of 4 ratings,$32.50
GDEN,$8.65,1440084102446,"4,695",50% bullish,of 2 ratings,N/A
GBDC,$16.541,1440084102519,"13,367",Not yet rated,NULL,$17.75
GOGL,$3.25,1440084102544,"70,060",75% bullish,of 4 ratings,$5
GLDC,NULL,1440084102687,0,50% bullish,of 2 ratings,N/A
GOOG,$649.34,1440084102721,"316,761",89% bullish,of 65 ratings,$825
GTIM,$6.49,1440084102819,"35,395",Not yet rated,NULL,$11.50
GOOGL,$682.48,1440084102863,"383,182",88% bullish,of 1079 ratings,$749
GPRO,$51.535,1440084102903,"2,341,160",78% bullish,of 58 ratings,$72
GPIA,NULL,1440084102954,0,Not yet rated,NULL,N/A
GPIAU,NULL,1440084102997,0,Not yet rated,NULL,N/A
GMAN,$4.52,1440084103052,"16,040",60% bullish,of 5 ratings,$8
LOPE,$36.69,1440084103286,"45,393",100% bearish,of 2 ratings,$50
GPIAW,NULL,1440084103353,0,Not yet rated,NULL,N/A
GRVY,NULL,1440084103379,0,50% bullish,of 2 ratings,N/A
GBSN,$2.13,1440084103513,"31,981",100% bearish,of 1 rating,$8.25
GBSNU,$17.05,1440084103584,"2,350",Not yet rated,NULL,N/A
GLDD,$5.49,1440084103658,"23,978",100% bearish,of 4 ratings,$7.75
GNBC,$12.59,1440084103933,"1,975",100% bearish,of 1 rating,$17
GRBK,$13.91,1440084103959,"32,979",77% bullish,of 13 ratings,N/A
GPRE,$20.26,1440084104120,"120,597",67% bullish,of 6 ratings,$28.50
GSBC,$40.96,1440084104148,"6,496",100% bullish,of 1 rating,$44
GPP,$14.585,1440084104181,"6,600",Not yet rated,NULL,$20.50
GCBC,NULL,1440084104226,0,100% bullish,of 1 rating,N/A
GLRE,$26.0988,1440084104280,"43,758",100% bullish,of 1 rating,$41
GRFS,$31.48,1440084104486,"18,852",50% bullish,of 2 ratings,$35
GRPN,$4.031,1440084104517,"1,789,827",61% bullish,of 71 ratings,$6.75
GRIF,NULL,1440084104548,0,100% bearish,of 1 rating,N/A
GGAL,$19.26,1440084104619,"76,042",80% bullish,of 5 ratings,$40
OMAB,$40.54,1440084104650,"5,092",100% bullish,of 1 rating,$44
GSIG,$13.27,1440084104701,"3,044",100% bearish,of 2 ratings,N/A
GSIT,$4.85,1440084105026,"6,203",100% bearish,of 1 rating,N/A
GSVC,$9.3399,1440084105075,"15,782",50% bullish,of 2 ratings,$14.50
GTXI,$0.92,1440084105218,"32,885",100% bullish,of 5 ratings,$.75
GUID,$7.99,1440084105373,"29,248",100% bearish,of 3 ratings,$10
GFED,NULL,1440084105434,0,Not yet rated,NULL,$17
GBNK,$15.92,1440084105461,"8,918",100% bearish,of 1 rating,$18
GULTU,$0.3001,1440084105506,"1,381,532",100% bearish,of 1 rating,N/A
GIFI,$12.63,1440084106443,"17,480",100% bearish,of 1 rating,$16
GPOR,$33.91,1440084107019,"168,223",75% bullish,of 4 ratings,$55
GURE,$1.7301,1440084107151,"17,115",88% bullish,of 8 ratings,N/A
GWPH,$105.9,1440084107214,"77,275",78% bullish,of 9 ratings,$148.50
HEES,$16.74,1440084107318,"86,128",67% bearish,of 3 ratings,$31
GWGH,NULL,1440084107347,0,100% bearish,of 1 rating,$15.05
GYRO,$2.99,1440084107413,"1,176",100% bearish,of 1 rating,N/A
HLG,NULL,1440084107443,0,100% bearish,of 1 rating,N/A
HALL,$11.6899,1440084107477,"2,354",Not yet rated,NULL,N/A
HNRG,$7.25,1440084107502,"64,304",100% bearish,of 1 rating,$10
HALO,$18.12,1440084107639,"240,455",67% bullish,of 3 ratings,$22.50
HBK,$13.72,1440084107700,550,50% bullish,of 2 ratings,N/A
HMPR,$1.95,1440084107738,"174,754",100% bullish,of 1 rating,N/A
HBHC,$27.44,1440084107837,"35,998",50% bullish,of 2 ratings,$30
HBHCL,$24.5899,1440084107894,"9,916",Not yet rated,NULL,N/A
HNH,$28.66,1440084107942,"6,897",100% bullish,of 1 rating,N/A
HAFC,$24.82,1440084108097,"14,116",100% bullish,of 2 ratings,$28.50
HNSN,$0.51,1440084108235,"15,133",88% bullish,of 8 ratings,$.40
HQCL,$9.93,1440084108314,"2,888",67% bullish,of 3 ratings,N/A
HLIT,$5.69,1440084108341,"41,381",100% bearish,of 1 rating,$6.50
HRMN,NULL,1440084108389,0,Not yet rated,NULL,N/A
HDNG,$10.428,1440084108524,272,50% bullish,of 4 ratings,N/A
HRMNU,NULL,1440084108555,0,Not yet rated,NULL,N/A
HRMNW,NULL,1440084108605,0,Not yet rated,NULL,N/A
TINY,$2.48,1440084108662,"4,202",50% bullish,of 2 ratings,$5.26
HBIO,$4.36,1440084108693,"4,944",Not yet rated,NULL,$10
HART,$0.5802,1440084108821,"20,960",100% bearish,of 1 rating,N/A
HCAPL,$25.5,1440084108849,814,Not yet rated,NULL,N/A
HCAP,$12.088,1440084108871,"1,420",50% bullish,of 2 ratings,$15
HAS,$78.26,1440084109012,"157,334",63% bullish,of 8 ratings,$84.50
HA,$25.121,1440084109142,"125,789",67% bullish,of 9 ratings,$27
HCOM,$22.67,1440084109312,154,100% bearish,of 1 rating,$28
HWKN,$36.56,1440084109340,"2,118",Not yet rated,NULL,N/A
HAYN,$38.46,1440084109362,"6,350",100% bearish,of 1 rating,$59
HWBK,$13.49,1440084109384,328,100% bearish,of 1 rating,N/A
HIIQ,$4.53,1440084109575,"4,550",50% bullish,of 2 ratings,$7
HSTM,$24.97,1440084109602,"11,298",50% bullish,of 2 ratings,$33.75
HQY,$31.95,1440084109624,"25,538",67% bullish,of 3 ratings,$31
HDS,$33.72,1440084109655,"203,221",100% bearish,of 2 ratings,$39.50
HTLD,$20.82,1440084109790,"74,973",Not yet rated,NULL,$22.50
HCSG,$34.16,1440084109817,"19,738",50% bullish,of 4 ratings,$35
HWAY,$12.545,1440084109850,"50,947",100% bearish,of 1 rating,$15
HTWR,$86.19,1440084110080,"26,390",50% bullish,of 2 ratings,$103
HTBX,$5.3,1440084110171,"10,070",50% bullish,of 2 ratings,$15.50
HTLF,$36.73,1440084110216,"6,927",100% bullish,of 1 rating,$39.50
HSII,$20.39,1440084110359,"13,602",100% bullish,of 3 ratings,$25
HMNY,$2.29,1440084110402,"1,100",100% bearish,of 1 rating,N/A
HELE,$89.945,1440084110435,"44,688",67% bearish,of 3 ratings,$100
HNNA,$23.02,1440084110463,"4,148",Not yet rated,NULL,N/A
HMTV,$12.92,1440084110534,606,100% bearish,of 1 rating,$16
HCACU,$10.02,1440084110565,200,Not yet rated,NULL,N/A
HFWA,$18.1399,1440084110664,"3,459",100% bullish,of 1 rating,$20
HEOP,$7.8,1440084110897,217,Not yet rated,NULL,$8.50
HERO,$0.0681,1440084110940,"418,982",81% bullish,of 16 ratings,$.75
HTBK,$10.825,1440084110995,"8,505",Not yet rated,NULL,$12
MLHR,$28.9,1440084111023,"25,857",50% bullish,of 2 ratings,$33.50
HCCI,$12,1440084111045,254,100% bearish,of 1 rating,$16.50
HSIC,$144.09,1440084111097,"47,350",83% bullish,of 6 ratings,$146
HRTX,$33.44,1440084111413,"152,812",67% bullish,of 6 ratings,$41
HFFC,$16.2,1440084111442,"1,302",Not yet rated,NULL,N/A
HPJ,$2.67,1440084111516,"6,550",75% bullish,of 4 ratings,$12.43
HSKA,$33.7,1440084111577,"6,190",100% bearish,of 1 rating,$38
HIBB,$39.75,1440084111602,"58,344",100% bearish,of 1 rating,$48.50
HIHO,$4.2899,1440084111749,788,Not yet rated,NULL,N/A
HIMX,$6.74,1440084111811,"650,524",86% bullish,of 21 ratings,$8.50
HSGX,$6.34,1440084111903,800,100% bearish,of 1 rating,$17
HIFS,$118.35,1440084111977,461,Not yet rated,NULL,N/A
HMNF,NULL,1440084112034,0,Not yet rated,NULL,N/A
HOLI,$17.4,1440084112079,"85,194",50% bullish,of 4 ratings,$27
HMSY,$9.29,1440084112166,"157,952",67% bullish,of 3 ratings,$19.35
HOMB,$39.86,1440084112386,"22,689",Not yet rated,NULL,$41
HOLX,$41.2798,1440084112435,"229,878",67% bullish,of 3 ratings,$42
HBCP,$24.24,1440084112494,"1,200",Not yet rated,NULL,$29
HMIN,$29.37,1440084112623,"43,903",100% bearish,of 2 ratings,$35
AWAY,$30.6501,1440084112767,"172,704",67% bullish,of 3 ratings,$36
HMST,$21.38,1440084112826,"26,225",100% bullish,of 2 ratings,$27
HFBL,$21.8,1440084112857,"6,661",Not yet rated,NULL,N/A
HTBI,$18.34,1440084112952,"11,341",67% bullish,of 3 ratings,$18.625
HOFT,$24.79,1440084112988,"7,560",100% bearish,of 1 rating,N/A
HKTV,$4.93,1440084113013,"14,800",100% bearish,of 1 rating,N/A
CETC,$0.83,1440084113193,"33,801",86% bullish,of 7 ratings,N/A
HFBC,$11.5,1440084113258,"3,400",Not yet rated,NULL,N/A
ZINC,$7.59,1440084113329,"106,133",100% bearish,of 1 rating,$17
HDP,$25.29,1440084113394,"79,666",67% bearish,of 3 ratings,$30.50
HRZN,$10.83,1440084113425,"20,957",100% bearish,of 1 rating,$14.25
HBNC,$24.76,1440084113456,"9,117",100% bullish,of 1 rating,$27
HMHC,$22.24,1440084113486,"112,379",Not yet rated,NULL,$27
HZNP,$30.42,1440084113513,"292,256",85% bullish,of 20 ratings,$40
HWCC,$7.28,1440084113733,"13,163",100% bearish,of 1 rating,$9
HBMD,NULL,1440084113893,0,100% bearish,of 1 rating,N/A
HOVNP,NULL,1440084113922,0,100% bearish,of 1 rating,N/A
HUBG,$40.22,1440084114027,"29,515",100% bearish,of 1 rating,$43
HCBK,$9.935,1440084114053,"382,225",83% bullish,of 6 ratings,$8.61
HSNI,$62.195,1440084114092,"48,345",Not yet rated,NULL,$80
HTGM,$6.0799,1440084114183,"7,784",100% bearish,of 1 rating,$19.50
HDSN,$2.9999,1440084114392,"33,966",100% bullish,of 1 rating,$6.25
HBAN,$11.405,1440084114426,"1,514,063",76% bullish,of 17 ratings,$12.50
HSON,$2.9566,1440084114457,"3,561",100% bearish,of 1 rating,$5
HURC,$30.2,1440084114484,"4,907",100% bearish,of 1 rating,N/A
HURN,$74.66,1440084114514,"14,539",50% bullish,of 2 ratings,$80
HBANP,$1358,1440084114546,79,100% bearish,of 1 rating,N/A
HBP,NULL,1440084114675,0,100% bullish,of 1 rating,N/A
HTCH,$1.635,1440084114701,"21,980",100% bearish,of 1 rating,$3.50
HDRA,$9.69,1440084114855,100,Not yet rated,NULL,N/A
HDRAR,$0.3701,1440084115014,"1,700",Not yet rated,NULL,N/A
HDRAU,$10.1,1440084115045,"5,825",Not yet rated,NULL,N/A
HDRAW,NULL,1440084115076,0,Not yet rated,NULL,N/A
HYGS,$7.45,1440084115110,"12,382",50% bullish,of 2 ratings,$13
IDSY,$3.9,1440084115144,"6,817",100% bearish,of 1 rating,$7
IACI,$72,1440084115172,"226,500",75% bullish,of 4 ratings,$90
IBKC,$61.55,1440084115214,"23,758",100% bullish,of 1 rating,$70
IKGH,$1.71,1440084115323,"2,700",75% bullish,of 4 ratings,N/A
ICAD,$3.51,1440084115460,"5,650",50% bullish,of 2 ratings,$7.25
IEP,$69.9253,1440084115507,"29,887",75% bullish,of 4 ratings,$99
ICFI,$36,1440084115534,"25,124",50% bullish,of 2 ratings,$48.50
ICLR,$80.26,1440084115563,"74,261",100% bearish,of 3 ratings,$85
ICON,$12.76,1440084115665,"72,669",50% bullish,of 2 ratings,$18.50
ICUI,$120.63,1440084115757,"7,313",Not yet rated,NULL,$122
IPWR,$7.28,1440084115863,"5,040",100% bullish,of 1 rating,$15
INVE,$4.71,1440084116001,"18,016",75% bullish,of 4 ratings,$4
IDRA,$2.5501,1440084116027,"306,403",89% bullish,of 9 ratings,$6.50
IDXX,$76.28,1440084116245,"97,671",100% bearish,of 1 rating,$77
DSKY,$11.74,1440084116296,"114,171",67% bullish,of 6 ratings,$11.50
IROQ,NULL,1440084116379,0,100% bullish,of 1 rating,N/A
IRG,$4.6,1440084116511,"3,260",100% bearish,of 1 rating,$4.50
IIVI,$17.65,1440084116536,"32,546",100% bearish,of 1 rating,$22
RXDX,$12.665,1440084116739,"36,654",100% bullish,of 1 rating,$20
KANG,$15.52,1440084116765,"109,498",50% bullish,of 2 ratings,$22.55
IKNX,NULL,1440084117056,0,100% bearish,of 1 rating,N/A
IMMR,$11.59,1440084117107,"76,820",80% bullish,of 5 ratings,$15.50
ILMN,$202.53,1440084117135,"154,404",80% bullish,of 5 ratings,$240
IKAN,$2.72,1440084117193,"20,102",83% bullish,of 6 ratings,$5
ISNS,$4.1,1440084117226,"7,451",50% bullish,of 2 ratings,N/A
IMDZ,$16.44,1440084117247,"13,550",100% bearish,of 1 rating,$33
IMNP,$1.46,1440084117326,"22,171",50% bullish,of 2 ratings,$6
IMGN,$12.78,1440084117469,"158,581",75% bullish,of 4 ratings,$17.50
ICCC,$8.1,1440084117551,"4,416",100% bullish,of 1 rating,N/A
IPXL,$45.01,1440084117604,"145,726",67% bullish,of 3 ratings,$46.50
IMMU,$1.775,1440084117634,"147,179",86% bullish,of 7 ratings,$2
IMMY,$7.4,1440084117667,"7,088",100% bearish,of 1 rating,$11
INCR,$43.73,1440084117689,"73,251",50% bullish,of 2 ratings,$53
SAAS,$7.7,1440084117770,"92,484",50% bullish,of 2 ratings,$15
INCY,$110.78,1440084117878,"159,741",50% bullish,of 6 ratings,$125.50
INDB,$47.2,1440084118035,"4,093",Not yet rated,NULL,$44
IBCP,$14.43,1440084118061,"7,184",100% bullish,of 1 rating,$14.50
IDSA,NULL,1440084118265,0,Not yet rated,NULL,N/A
IBTX,$43.25,1440084118309,"6,484",100% bullish,of 2 ratings,$47.25
IPCC,$81.455,1440084118370,"7,204",Not yet rated,NULL,$77.50
III,$4.26,1440084118396,"15,720",57% bullish,of 7 ratings,$6
INFN,$22.657,1440084118452,"831,619",71% bullish,of 7 ratings,$28
INFI,$9.175,1440084118478,"138,413",50% bullish,of 4 ratings,$18
IMKTA,$54.05,1440084118539,"12,465",100% bearish,of 1 rating,N/A
IFON,$1.18,1440084118595,"103,321",75% bullish,of 4 ratings,N/A
INWK,$7.49,1440084118671,"14,700",50% bullish,of 2 ratings,$10
IPHS,$48.79,1440084118811,"9,807",100% bearish,of 1 rating,$60
INOD,$2.5011,1440084118838,"12,593",100% bearish,of 1 rating,N/A
INNL,$12.63,1440084118869,588,100% bearish,of 1 rating,$16.50
IOSP,$46.27,1440084118970,"20,699",100% bearish,of 1 rating,N/A
ISSC,$2.95,1440084119163,"7,800",67% bearish,of 3 ratings,N/A
INGN,$50.22,1440084119240,"37,780",100% bearish,of 1 rating,$50.50
ITEK,$15.19,1440084119273,"123,324",100% bearish,of 3 ratings,$20
NSIT,$26.7,1440084119373,"22,428",50% bullish,of 2 ratings,N/A
ISIG,$2.58,1440084119407,"4,400",100% bearish,of 1 rating,N/A
INSM,$26.5399,1440084119430,"31,838",71% bullish,of 7 ratings,$31.50
INOV,$21.09,1440084119456,"75,596",100% bearish,of 1 rating,$33
INO,$7.28,1440084119483,"340,766",89% bullish,of 18 ratings,$20
INSY,$33.34,1440084119704,"110,225",75% bullish,of 4 ratings,$48
IIIN,$18.01,1440084119730,"25,121",100% bearish,of 2 ratings,N/A
PODD,$29.62,1440084119869,"105,759",50% bullish,of 2 ratings,$35
NTEC,$5.97,1440084119895,852,Not yet rated,NULL,N/A
IART,$61.15,1440084120038,"50,954",100% bearish,of 1 rating,$71.50
INTC,$27.955,1440084120272,"5,733,549",82% bullish,of 238 ratings,$36
IESC,$7.33,1440084120332,400,100% bearish,of 1 rating,N/A
ISSI,$22.36,1440084120361,"65,442",67% bullish,of 3 ratings,$19.75
IDTI,$17.9328,1440084120402,"613,432",60% bullish,of 5 ratings,$25
IQNT,$18.66,1440084120494,"45,816",86% bullish,of 7 ratings,$20
IPAR,$28.2216,1440084120522,"4,983",67% bullish,of 3 ratings,$38
IPCI,$2.14,1440084120555,"14,100",67% bullish,of 6 ratings,$7.75
IBKR,$40.81,1440084120684,"101,156",100% bullish,of 1 rating,N/A
ININ,$39.865,1440084120818,"20,909",67% bearish,of 3 ratings,$57
ICPT,$202.525,1440084120848,"62,023",70% bullish,of 10 ratings,$359.50
ICLD,$1.804,1440084120952,"91,353",75% bullish,of 4 ratings,N/A
IDCC,$49.13,1440084121035,"42,365",80% bullish,of 5 ratings,$63
ICLDW,NULL,1440084121122,0,100% bearish,of 1 rating,N/A
INAP,$8.67,1440084121184,"35,436",75% bullish,of 4 ratings,$11
TILE,$25.325,1440084121215,"82,140",67% bearish,of 3 ratings,$27
IMI,$2,1440084121250,"1,600",67% bullish,of 3 ratings,$2.22
IBOC,$26.465,1440084121284,"25,576",100% bearish,of 1 rating,N/A
ISCA,$32.355,1440084121311,"7,367",100% bearish,of 1 rating,N/A
IGLD,$7.25,1440084121382,712,50% bullish,of 2 ratings,N/A
IIJI,NULL,1440084121544,0,50% bullish,of 2 ratings,$11.50
PTNT,$3,1440084121641,810,Not yet rated,NULL,N/A
XENT,$28.01,1440084121669,"29,224",50% bullish,of 2 ratings,$36.50
INPH,$0.325,1440084121697,254,50% bullish,of 2 ratings,N/A
INTX,$2.4,1440084121830,"2,218",67% bullish,of 3 ratings,N/A
IVAC,$4.9,1440084122129,"4,400",Not yet rated,NULL,$6.625
INTLL,NULL,1440084122161,0,Not yet rated,NULL,N/A
ITCI,$29.72,1440084122190,"106,292",75% bearish,of 4 ratings,$40
IILG,$21.025,1440084122212,"13,398",100% bearish,of 1 rating,$30.50
ISIL,$10.48,1440084122259,"112,080",50% bullish,of 6 ratings,$15
INTU,$104.29,1440084122352,"181,012",100% bullish,of 7 ratings,$110.50
IIN,$6.42,1440084122385,510,100% bearish,of 1 rating,$12
INTL,$27.18,1440084122411,"13,733",67% bearish,of 3 ratings,N/A
ISRG,$520.0603,1440084122669,"27,340",67% bullish,of 3 ratings,$600
INVT,$0.29,1440084122724,"10,377",67% bullish,of 3 ratings,N/A
SNAK,$8.68,1440084122750,"8,462",50% bullish,of 2 ratings,$14
ISTR,$15.69,1440084122822,4,100% bearish,of 1 rating,$18.50
ISBC,$12.035,1440084122909,"473,056",100% bullish,of 1 rating,$13.25
ITIC,NULL,1440084122978,0,100% bearish,of 2 ratings,N/A
NVIV,$11.11,1440084123012,"109,974",50% bullish,of 4 ratings,$24.50
IVTY,$11.915,1440084123148,"5,701",Not yet rated,NULL,$18
DFVL,NULL,1440084123206,0,Not yet rated,NULL,N/A
IPCM,$79.15,1440084123233,"80,034",50% bullish,of 2 ratings,$80.125
DTUL,NULL,1440084123263,0,Not yet rated,NULL,N/A
IPAS,$1.0799,1440084123284,"5,000",67% bullish,of 3 ratings,N/A
IRMD,$25.73,1440084123483,"13,653",67% bearish,of 3 ratings,$25
IRDM,$6.68,1440084123581,"62,938",60% bullish,of 5 ratings,$11.50
IRIX,$7.17,1440084123610,"12,800",100% bearish,of 1 rating,N/A
IRBT,$30.11,1440084123689,"25,860",67% bullish,of 6 ratings,$37
IPGP,$89.55,1440084123745,"50,338",100% bearish,of 2 ratings,$109.50
IRDMB,$264.29,1440084123797,20,67% bearish,of 3 ratings,N/A
IRWD,$11.4456,1440084123829,"341,325",100% bearish,of 1 rating,$13
GNMA,$50.2083,1440084124040,"1,272",Not yet rated,NULL,N/A
FCHI,$47.9,1440084124085,470,Not yet rated,NULL,N/A
COMT,$33.07,1440084124111,"2,400",100% bearish,of 1 rating,N/A
IRCP,$33,1440084124139,357,100% bullish,of 2 ratings,N/A
IFEU,$40.2,1440084124288,"2,935",Not yet rated,NULL,N/A
IFGL,$29.62,1440084124318,"5,448",Not yet rated,NULL,N/A
IFAS,$28.84,1440084124344,300,Not yet rated,NULL,N/A
IFNA,$55.47,1440084124369,"2,500",Not yet rated,NULL,N/A
ACWX,$41.76,1440084124626,"270,285",100% bearish,of 1 rating,N/A
ACWI,$57.66,1440084124691,"181,828",Not yet rated,NULL,N/A
EEMA,$51.211,1440084124801,"3,984",Not yet rated,NULL,N/A
AAXJ,$53.94,1440084124827,"444,206",Not yet rated,NULL,N/A
EMDI,$45.33,1440084124856,500,Not yet rated,NULL,N/A
AXJS,NULL,1440084124960,0,Not yet rated,NULL,N/A
EEME,NULL,1440084124998,0,100% bearish,of 1 rating,N/A
AAIT,$30.2135,1440084125024,306,100% bullish,of 1 rating,N/A
EVAL,$36.15,1440084125195,"3,628",Not yet rated,NULL,N/A
EMEY,$24.3966,1440084125220,500,Not yet rated,NULL,N/A
EUFN,$22.5782,1440084125257,"41,895",100% bearish,of 1 rating,N/A
EGRW,$47,1440084125283,"1,737",Not yet rated,NULL,N/A
EEML,$28.25,1440084125360,600,Not yet rated,NULL,N/A
IEUS,$46.9599,1440084125492,"1,522",100% bearish,of 1 rating,N/A
QAT,NULL,1440084125530,0,Not yet rated,NULL,N/A
UAE,$18.0203,1440084125573,250,Not yet rated,NULL,N/A
SOXX,$82.43,1440084125783,"232,954",50% bullish,of 2 ratings,N/A
IBB,$360.05,1440084125809,"275,560",63% bullish,of 8 ratings,N/A
ISHG,$79.39,1440084125943,"1,498",100% bearish,of 1 rating,N/A
WOOD,$50.35,1440084125993,"1,219",50% bullish,of 2 ratings,N/A
INDY,$29.035,1440084126019,"141,864",100% bullish,of 1 rating,N/A
IGOV,$91.275,1440084126078,"5,000",100% bearish,of 1 rating,N/A
ICLN,$9.736,1440084126108,"10,747",50% bullish,of 2 ratings,N/A
ISIS,$49.98,1440084126152,"224,454",53% bullish,of 15 ratings,$67
ISLE,$17.655,1440084126215,"60,206",50% bullish,of 4 ratings,$16
ISRL,$136.99,1440084126247,121,100% bearish,of 1 rating,N/A
EMIF,$29.17,1440084126398,"1,370",Not yet rated,NULL,N/A
ITRI,$32.47,1440084126713,"55,953",Not yet rated,NULL,$37
ITUS,$4.3501,1440084126744,"2,400",Not yet rated,NULL,N/A
IXYS,$10.5949,1440084126778,"37,357",50% bullish,of 4 ratings,N/A
JJSF,$117.925,1440084126805,"6,028",100% bearish,of 1 rating,N/A
ITRN,$24.81,1440084126831,"1,763",50% bullish,of 2 ratings,N/A
XXIA,$15.63,1440084126878,"65,289",71% bullish,of 7 ratings,$14.625
JBHT,$79.22,1440084126904,"159,420",50% bullish,of 4 ratings,$89.50
JASO,$7.82,1440084127036,"294,572",82% bullish,of 17 ratings,$10
MAYS,NULL,1440084127167,0,Not yet rated,NULL,N/A
JCOM,$72.02,1440084127196,"14,920",100% bullish,of 2 ratings,$77
JACK,$84.82,1440084127234,"76,862",83% bullish,of 6 ratings,$105
JAGX,$2.95,1440084127328,300,Not yet rated,NULL,N/A
JKHY,$70.84,1440084127354,"43,125",50% bullish,of 2 ratings,$72
JAXB,$13.22,1440084127384,15,100% bullish,of 1 rating,N/A
JXSB,NULL,1440084127707,0,Not yet rated,NULL,N/A
JAKK,$9.7,1440084127995,"272,964",60% bearish,of 5 ratings,$10.50
JRVR,$26.76,1440084128042,"3,700",Not yet rated,NULL,$32
JASN,$4.8675,1440084128069,"10,964",50% bullish,of 2 ratings,$9.50
ERW,NULL,1440084128099,0,Not yet rated,NULL,N/A
JD,$25.6,1440084128131,"2,278,785",75% bullish,of 16 ratings,$36
JMBA,$13.4801,1440084128158,"16,201",75% bullish,of 4 ratings,$18
JAZZ,$183.67,1440084128202,"61,275",80% bullish,of 15 ratings,$206.50
JASNW,$0.25,1440084128227,"5,000",50% bullish,of 2 ratings,N/A
JBLU,$23.46,1440084128465,"1,285,511",94% bullish,of 16 ratings,$27
JCTCF,NULL,1440084128497,0,100% bullish,of 1 rating,N/A
JTPY,$3,1440084128531,"1,516",100% bearish,of 1 rating,N/A
JST,$4.15,1440084128562,"22,948",75% bullish,of 4 ratings,N/A
DATE,$6.47,1440084128629,"66,944",75% bullish,of 4 ratings,$9
JIVE,$4.06,1440084128658,"132,787",75% bullish,of 4 ratings,$5
WYIGU,NULL,1440084128714,0,Not yet rated,NULL,N/A
JOEZ,$0.1828,1440084129019,"99,465",92% bullish,of 12 ratings,N/A
JOUT,$24.87,1440084129051,"1,900",100% bearish,of 1 rating,$34
JBSS,$47.99,1440084129154,"4,608",67% bearish,of 3 ratings,N/A
KBIO,$1.95,1440084129185,"28,386",50% bullish,of 4 ratings,N/A
JUNO,$39.7947,1440084129229,"334,492",73% bullish,of 11 ratings,$71.50
KALU,$84.06,1440084129290,"21,049",67% bearish,of 3 ratings,$91
JNP,$9.75,1440084129329,"7,435",100% bullish,of 3 ratings,$15
KTWO,$21.55,1440084129374,"46,694",100% bearish,of 1 rating,$28.50
KMDA,$3.65,1440084129434,"6,485",50% bullish,of 2 ratings,$8
KNDI,$7.38,1440084129644,"121,623",86% bullish,of 22 ratings,N/A
KPTI,$13.06,1440084129670,"62,111",67% bearish,of 3 ratings,$39
KCLI,$47.6,1440084129700,"2,318",Not yet rated,NULL,N/A
KBSF,$3.9115,1440084129808,750,100% bullish,of 1 rating,N/A
KCAP,$4.7788,1440084129844,"26,706",75% bullish,of 4 ratings,$6
KELYA,$14.88,1440084129916,"17,723",67% bullish,of 6 ratings,$20
KRNY,$11.56,1440084130023,"131,706",100% bearish,of 1 rating,$12
GMCR,$50.498,1440084130109,"535,234",71% bullish,of 42 ratings,$64
KERX,$5.68,1440084130167,"294,987",82% bullish,of 11 ratings,$12
KELYB,NULL,1440084130239,0,50% bullish,of 2 ratings,N/A
KMPH,$21.5,1440084130271,"11,004",100% bearish,of 2 ratings,$22
KFFB,NULL,1440084130299,0,100% bearish,of 1 rating,N/A
KEQU,$16.8501,1440084130325,800,100% bullish,of 1 rating,N/A
KTEC,$12,1440084130356,424,Not yet rated,NULL,N/A
KTCC,$10.54,1440084130609,"9,050",100% bearish,of 1 rating,$16
KFRC,$28.24,1440084130649,"24,074",100% bullish,of 2 ratings,$29
KE,$11.37,1440084130780,"9,765",67% bearish,of 3 ratings,$16
KBAL,$11.2,1440084130809,"13,252",50% bullish,of 2 ratings,N/A
KIN,$5.9045,1440084130911,"4,648",50% bullish,of 2 ratings,$6.25
KGJI,$0.73,1440084130936,"260,900",89% bullish,of 9 ratings,N/A
