Symbol,Price,Date,Volume,Rating,RatingVoteCount,OneYearEstimate
FLWS,$8.3899,1440699003127,"732,800",80% bullish,of 5 ratings,$15
FCTY,NULL,1440699003262,0,100% bullish,of 1 rating,$8.50
FCCY,$11.72,1440699003367,310,100% bullish,of 1 rating,$13
VNET,$18.18,1440699003668,"674,488",60% bullish,of 5 ratings,$29.50
SRCE,$29.5,1440699003694,"16,377",100% bullish,of 3 ratings,$33
TWOU,$35.02,1440699003833,"100,688",50% bullish,of 2 ratings,$39
DSLV,$72.15,1440699004111,"14,579",100% bearish,of 1 rating,N/A
DGLD,$83.45,1440699004136,"20,409",100% bullish,of 1 rating,N/A
UGLD,$9.0099,1440699004364,"922,205",100% bearish,of 1 rating,N/A
USLV,$11.99,1440699004495,"288,722",86% bullish,of 7 ratings,N/A
JOBS,$27.515,1440699004784,"326,780",50% bullish,of 4 ratings,$36
EGHT,$7.83,1440699005414,"183,424",82% bullish,of 17 ratings,$11
SIXD,$2.8001,1440699005477,"149,991",Not yet rated,NULL,N/A
CAFD,$14.73,1440699005518,"135,370",Not yet rated,NULL,$25
AVHI,$14.05,1440699005958,"64,204",100% bearish,of 1 rating,$19
ABAX,$47.31,1440699006004,"61,424",100% bearish,of 1 rating,$60
SHLM,$34.25,1440699006029,"38,754",100% bearish,of 1 rating,$47
AAON,$20.58,1440699006417,"33,698",100% bearish,of 1 rating,$24
ABY,$21.7,1440699006443,"211,424",100% bearish,of 2 ratings,$46
ABGB,$5.83,1440699006573,"192,194",67% bullish,of 3 ratings,$5.50
ABEO,$4.72,1440699006910,"40,965",50% bullish,of 4 ratings,$15.50
ABEOW,$1.655,1440699007170,"1,761",100% bullish,of 1 rating,N/A
ABMD,$98.55,1440699007255,"214,403",75% bullish,of 4 ratings,$100.50
AXAS,$1.785,1440699007385,"686,384",78% bullish,of 9 ratings,$3.50
ACTG,$9.21,1440699007617,"83,133",67% bullish,of 3 ratings,$18.50
AXDX,$18.365,1440699007755,"78,114",100% bearish,of 1 rating,N/A
ACAD,$37.81,1440699007814,"488,322",80% bullish,of 20 ratings,$48
ACST,$0.3351,1440699007841,"36,540",100% bullish,of 2 ratings,N/A
ANCX,$19.695,1440699007890,"10,004",Not yet rated,NULL,$20
ACHC,$74.31,1440699007914,"363,136",50% bullish,of 2 ratings,$92
XLRN,$28.51,1440699007975,"68,958",50% bullish,of 2 ratings,$57
TFSCU,NULL,1440699008150,0,Not yet rated,NULL,N/A
TFSCW,NULL,1440699008207,0,100% bearish,of 1 rating,N/A
TFSC,NULL,1440699008285,0,100% bearish,of 1 rating,N/A
TFSCR,NULL,1440699008316,0,Not yet rated,NULL,N/A
VXDN,$2.0125,1440699008419,"49,600",100% bearish,of 1 rating,N/A
ARAY,$6.55,1440699008444,"472,207",100% bearish,of 1 rating,$10.50
PIH,$7.54,1440699008494,"7,600",100% bearish,of 1 rating,N/A
ACRX,$4.29,1440699008622,"130,370",67% bearish,of 6 ratings,$5.50
VXUP,$1.4399,1440699008647,"38,827",100% bearish,of 1 rating,N/A
ACHN,$7.58,1440699008792,"760,534",90% bullish,of 21 ratings,$16
ACET,$22.45,1440699008820,"77,583",75% bullish,of 4 ratings,$30
AKAO,$6.635,1440699008846,"31,601",75% bullish,of 4 ratings,$15
ACIW,$20.95,1440699008921,"232,704",67% bearish,of 3 ratings,$24
ACOR,$30.8,1440699008982,"344,637",67% bearish,of 3 ratings,$38.50
ACNB,$20.2,1440699009007,726,Not yet rated,NULL,N/A
ACTS,$1.65,1440699009036,"44,741",100% bearish,of 1 rating,N/A
ATVI,$28.04,1440699009169,"2,489,759",68% bullish,of 84 ratings,$31.50
ACPW,$1.8215,1440699009203,"12,206",100% bullish,of 4 ratings,$3.50
ACTA,$13.01,1440699009306,"58,082",67% bearish,of 3 ratings,$25
ACUR,$0.57,1440699009333,"62,478",100% bullish,of 5 ratings,$1
ACXM,$20.87,1440699009357,"130,661",67% bullish,of 3 ratings,N/A
ADMP,$3.7,1440699009571,"10,239",50% bullish,of 2 ratings,$10
ADMS,$20.03,1440699009596,"33,550",100% bearish,of 2 ratings,$36
AEY,$2.3511,1440699009750,"4,549",100% bearish,of 2 ratings,N/A
ADMA,$9.538,1440699009784,"2,210",Not yet rated,NULL,$19
ADAP,$11.5,1440699009815,"29,310",67% bullish,of 3 ratings,$22
ADEP,$6.75,1440699009844,"15,887",50% bullish,of 2 ratings,$10.75
ADUS,$29.0836,1440699009865,"20,594",100% bearish,of 1 rating,$31
ADTN,$15.67,1440699009916,"110,157",67% bullish,of 3 ratings,$17.125
AEIS,$24.7699,1440699010110,"50,044",50% bullish,of 2 ratings,$32.50
ADBE,$78.98,1440699010211,"1,395,232",65% bullish,of 17 ratings,$90
ADRO,$21.935,1440699010279,"123,687",80% bullish,of 5 ratings,$45.50
AMD,$1.8001,1440699010313,"3,958,719",83% bullish,of 103 ratings,$2
ADXS,$15.0182,1440699010345,"487,809",64% bullish,of 14 ratings,$27
MULT,NULL,1440699010543,0,100% bearish,of 1 rating,N/A
ADXSW,$10.44,1440699010568,"6,250",100% bullish,of 1 rating,N/A
YPRO,NULL,1440699010600,0,100% bearish,of 1 rating,N/A
AEPI,$54.82,1440699010736,"6,188",100% bearish,of 1 rating,N/A
AEGR,$17.6,1440699010767,"223,333",50% bullish,of 6 ratings,$26
AMTX,$2.6448,1440699010788,"22,086",50% bullish,of 2 ratings,$26.11
AEGN,$18.2101,1440699010921,"48,591",100% bearish,of 2 ratings,$21
AERI,$16.44,1440699010947,"300,030",75% bullish,of 4 ratings,$31.50
AEHR,$2.2501,1440699010972,"1,950",50% bullish,of 2 ratings,N/A
AVAV,$23.97,1440699010997,"23,766",50% bullish,of 4 ratings,$31
AEZS,$0.0823,1440699011168,"5,908,255",90% bullish,of 21 ratings,$1.50
AGEN,$6.9275,1440699011386,"366,324",85% bullish,of 13 ratings,$14
AFMD,$10.17,1440699011469,"66,343",50% bullish,of 4 ratings,$15
AGRX,$8.3799,1440699011520,"5,564",100% bearish,of 1 rating,$17.50
AEMD,$6.9799,1440699011545,"72,457",Not yet rated,NULL,$27.50
AFFX,$9.6,1440699011578,"211,571",80% bullish,of 5 ratings,$12
AGYS,$9.63,1440699011676,"7,792",100% bearish,of 1 rating,N/A
AGFS,$10.17,1440699011706,"20,334",100% bearish,of 1 rating,N/A
AGIO,$90.3475,1440699011734,"205,533",88% bullish,of 8 ratings,$114
AIMT,$22.55,1440699011813,"25,463",Not yet rated,NULL,N/A
AIRM,$36.795,1440699011892,"92,801",80% bearish,of 5 ratings,$53
AGFSW,$2.12,1440699011950,"15,800",100% bearish,of 2 ratings,N/A
AIRT,$21.49,1440699012023,200,100% bullish,of 1 rating,N/A
ATSG,$8.91,1440699012052,"51,572",67% bullish,of 3 ratings,$13
AMCN,$4.59,1440699012156,"356,197",83% bullish,of 6 ratings,N/A
AIXG,$6.1,1440699012195,"18,353",67% bearish,of 3 ratings,$5.25
AKAM,$70.7,1440699012332,"581,546",63% bullish,of 8 ratings,$77
AKBA,$6.39,1440699012563,"71,005",100% bearish,of 1 rating,$18
AKRX,$41.34,1440699012591,"402,895",78% bullish,of 9 ratings,$56
AKER,$2.8395,1440699012617,"3,542",Not yet rated,NULL,N/A
ALSK,$2.01,1440699012650,"140,994",78% bullish,of 18 ratings,$2
ALRM,$16.82,1440699012696,"43,093",100% bearish,of 1 rating,$22
ABDC,$12.1277,1440699012749,"14,880",Not yet rated,NULL,$15
ALDR,$38.59,1440699012797,"134,832",67% bearish,of 3 ratings,$62
AMRI,$19.85,1440699012826,"56,688",75% bearish,of 4 ratings,$24
ALXN,$178.09,1440699012922,"521,743",88% bullish,of 8 ratings,$223
ALDX,$6.61,1440699013089,"6,860",100% bearish,of 1 rating,$14.50
ALXA,$1.19,1440699013116,"16,926",83% bullish,of 6 ratings,$2.125
ADHD,$7.68,1440699013155,"119,618",50% bullish,of 4 ratings,$18
ALCO,$42.07,1440699013245,"1,134",50% bullish,of 2 ratings,N/A
ALIM,$3.35,1440699013351,"32,676",80% bullish,of 5 ratings,$10
ALGN,$56.89,1440699013380,"127,716",100% bearish,of 2 ratings,$73
ALKS,$61.05,1440699013483,"198,433",67% bullish,of 3 ratings,$75
ALGT,$210.9,1440699013514,"102,702",100% bearish,of 2 ratings,$235
ALLB,$22.79,1440699013615,100,Not yet rated,NULL,N/A
AIQ,$13.69,1440699013693,"4,100",67% bullish,of 3 ratings,N/A
AHGP,$36.33,1440699013758,"102,276",67% bullish,of 3 ratings,N/A
ARLP,$24.82,1440699013821,"177,273",67% bearish,of 3 ratings,$32
AHPI,NULL,1440699013847,0,50% bullish,of 2 ratings,N/A
AFOP,$18.76,1440699013930,"87,337",75% bullish,of 8 ratings,$21
AMOT,$18.8,1440699014035,"47,593",100% bearish,of 1 rating,N/A
ALQA,$4.36,1440699014192,"4,550",75% bullish,of 4 ratings,$8.50
ALLT,$5.0188,1440699014228,"42,109",75% bullish,of 4 ratings,$6.25
ALNY,$105.7,1440699014363,"203,462",67% bullish,of 3 ratings,$148.50
AFAM,$45.785,1440699014385,"29,232",50% bullish,of 2 ratings,$44
SMCP,NULL,1440699014439,0,Not yet rated,NULL,N/A
MDRX,$13.7,1440699014466,"577,730",60% bullish,of 5 ratings,$16
ALTR,$48.6525,1440699014527,"1,138,123",80% bearish,of 5 ratings,$54
AOSL,$7.23,1440699014559,"28,853",67% bullish,of 3 ratings,$9
ATEC,$0.5748,1440699014659,"39,380",100% bullish,of 1 rating,$2
AMAG,$66.48,1440699014821,"188,830",100% bullish,of 2 ratings,$77.50
AIMC,$24.71,1440699014885,"18,726",100% bearish,of 2 ratings,$28.50
ASPS,$25.78,1440699014910,"105,077",67% bullish,of 3 ratings,$46.50
AMRN,$2.12,1440699015082,"1,232,605",85% bullish,of 39 ratings,$8
AYA,$20.81,1440699015113,"27,454",100% bearish,of 1 rating,$40
AMRK,NULL,1440699015134,0,50% bullish,of 2 ratings,$14
AMZN,$517.45,1440699015215,"1,920,203",81% bullish,of 264 ratings,$646
AMBA,$92.1023,1440699015288,"1,343,166",83% bullish,of 12 ratings,$102.50
AMBCW,$7.6326,1440699015318,"5,880",100% bearish,of 1 rating,N/A
AMBC,$16.12,1440699015421,"118,103",100% bearish,of 1 rating,$16.50
AMCX,$72.72,1440699015521,"350,246",67% bullish,of 3 ratings,$87.50
EPAX,$2.7,1440699015555,"8,592",100% bearish,of 1 rating,N/A
AMDA,$0.4821,1440699015580,"623,817",90% bullish,of 10 ratings,$1
DOX,$58.105,1440699015623,"185,295",67% bearish,of 3 ratings,$60
AMED,$39.35,1440699015649,"86,181",100% bearish,of 1 rating,$42
UHAL,$376.04,1440699015798,"6,399",100% bullish,of 2 ratings,$393.50
ASBI,$22.5,1440699015952,"3,400",Not yet rated,NULL,N/A
AMOV,$18.305,1440699015989,"2,545",100% bearish,of 1 rating,N/A
AGNC,$19.6359,1440699016037,"1,350,553",71% bullish,of 28 ratings,$22
ATAX,$5.1758,1440699016167,"40,925",100% bullish,of 1 rating,$6.50
AAL,$39.17,1440699016192,"5,458,745",93% bullish,of 88 ratings,$57
AGNCB,$24.3299,1440699016258,"13,140",Not yet rated,NULL,N/A
AGNCP,$25.25,1440699016388,"3,700",Not yet rated,NULL,N/A
ACSF,$12.07,1440699016415,"33,254",100% bearish,of 1 rating,$15
MTGEP,$24.5,1440699016436,631,Not yet rated,NULL,N/A
MTGE,$15.66,1440699016571,"160,633",75% bullish,of 4 ratings,$19.50
AMIC,$9.62,1440699016680,200,Not yet rated,NULL,N/A
ANCI,$1.52,1440699016709,350,100% bearish,of 1 rating,N/A
ACAS,$13.68,1440699016735,"1,023,438",60% bullish,of 5 ratings,$16.75
AETI,$3.81,1440699016760,"8,369",67% bearish,of 3 ratings,N/A
ANAT,$101.49,1440699016891,"7,153",100% bullish,of 1 rating,N/A
AMNB,$23,1440699016916,"4,374",Not yet rated,NULL,$25.50
APEI,$21.98,1440699017167,"34,747",100% bearish,of 1 rating,$25.50
ARII,$39.35,1440699017197,"258,043",67% bearish,of 3 ratings,$45
AMSWA,$8.505,1440699017218,"18,644",100% bearish,of 2 ratings,$10.75
AMRB,$9.8101,1440699017299,"1,379",Not yet rated,NULL,$11
ABCB,$27.06,1440699017431,"34,361",Not yet rated,NULL,$31
ASEI,$37.74,1440699017462,"18,426",100% bearish,of 1 rating,$52.50
AMWD,$66.56,1440699017511,"47,424",50% bullish,of 2 ratings,$70
AMSF,$47.08,1440699017568,"26,159",Not yet rated,NULL,$57.50
AMSC,$4.37,1440699017595,"158,810",50% bullish,of 4 ratings,N/A
CRMT,$36.36,1440699017672,"16,366",100% bearish,of 1 rating,$39
ATLO,$23.8,1440699017730,"2,696",Not yet rated,NULL,N/A
AMGN,$154.6,1440699017939,"1,464,322",89% bullish,of 19 ratings,$185
ASRV,$3.29,1440699017969,600,100% bullish,of 2 ratings,N/A
ASRVP,NULL,1440699018043,0,Not yet rated,NULL,N/A
FOLD,$14.84,1440699018069,"444,655",56% bullish,of 9 ratings,$21
AMKR,$5.04,1440699018199,"658,400",100% bearish,of 2 ratings,$5
AMPH,$13.78,1440699018242,"77,173",50% bullish,of 2 ratings,$20
AMSGP,$141.83,1440699018331,12,Not yet rated,NULL,N/A
AMSG,$80.33,1440699018389,"113,582",100% bearish,of 1 rating,$85.50
ASYS,$5.42,1440699018419,"34,583",67% bullish,of 3 ratings,$12
AFSI,$59.4,1440699018494,"169,535",60% bullish,of 5 ratings,$72
ANAC,$133.42,1440699018522,"193,499",80% bullish,of 5 ratings,$180.50
AMRS,$1.68,1440699018561,"39,718",70% bullish,of 10 ratings,N/A
ANAD,$0.3301,1440699018655,"201,526",100% bullish,of 2 ratings,$.50
ADI,$56.28,1440699018680,"1,373,660",67% bullish,of 3 ratings,$69
ALOG,$78.87,1440699018722,"33,020",100% bearish,of 2 ratings,$100.50
ANCB,$22.1,1440699018931,"1,100",Not yet rated,NULL,$23
AMCF,$0.2441,1440699019140,800,100% bullish,of 7 ratings,N/A
ANGI,$4.96,1440699019219,"181,320",64% bullish,of 11 ratings,$5.50
ANGO,$14.79,1440699019248,"79,857",67% bullish,of 3 ratings,$19
ABCW,$40.2,1440699019357,"5,546",67% bullish,of 3 ratings,N/A
ANIK,$35.06,1440699019383,"50,575",60% bullish,of 5 ratings,$51.25
ANIP,$50.29,1440699019410,"85,009",89% bullish,of 19 ratings,$66
ABAC,$0.78,1440699019459,"8,027",100% bearish,of 1 rating,N/A
ATRS,$1.68,1440699019547,"280,937",92% bullish,of 12 ratings,$4.50
ATNY,$2.34,1440699019649,"1,500",50% bullish,of 2 ratings,$3.75
ANTH,$7.49,1440699019701,"326,330",80% bullish,of 10 ratings,$13
ANSS,$89.8,1440699019809,"131,578",100% bearish,of 1 rating,$100
APOG,$50.17,1440699019835,"52,201",50% bullish,of 2 ratings,$67
AINV,$6.595,1440699019976,"459,597",50% bullish,of 4 ratings,$8
APIC,$7.32,1440699020167,"89,792",100% bearish,of 1 rating,$19
AAPL,$112.7,1440699020218,"29,975,592",86% bullish,of 2350 ratings,$150
APPF,$17.12,1440699020311,"39,070",50% bullish,of 2 ratings,$22
APOL,$11.23,1440699020341,"474,731",87% bearish,of 68 ratings,$14
APDN,$3.4599,1440699020372,"26,622",Not yet rated,NULL,$9
ARCI,NULL,1440699020442,0,Not yet rated,NULL,N/A
APDNW,$1.2,1440699020469,"4,200",Not yet rated,NULL,N/A
AMAT,$15.95,1440699020634,"6,637,562",82% bullish,of 11 ratings,$23
AMCC,$5.68,1440699020663,"196,387",80% bullish,of 5 ratings,$8
AGTC,$15.6101,1440699020685,"52,437",50% bullish,of 2 ratings,$33
AREX,$2.105,1440699020828,"544,514",100% bearish,of 1 rating,$3
AAOI,$20.33,1440699020854,"144,475",50% bullish,of 4 ratings,$26
APTO,$5.13,1440699020896,"8,801",Not yet rated,NULL,$17
APRI,$1.22,1440699020984,"8,161",83% bullish,of 6 ratings,$4.86
AQMS,$4.98,1440699021174,"7,410",Not yet rated,NULL,N/A
AUMAU,$9.99,1440699021367,"5,308",Not yet rated,NULL,N/A
AQXP,$17.8,1440699021397,"274,640",50% bullish,of 2 ratings,$2
AUMA,NULL,1440699021423,0,Not yet rated,NULL,N/A
AUMAW,NULL,1440699021447,0,Not yet rated,NULL,N/A
PETX,$17.52,1440699021502,"94,095",100% bearish,of 2 ratings,$26
ARCW,$3.665,1440699021600,"8,035",100% bearish,of 2 ratings,$10.50
ABUS,$7.23,1440699021628,"213,802",86% bullish,of 14 ratings,$23
ABIO,$0.8704,1440699021677,"67,294",50% bullish,of 2 ratings,$3.75
RKDA,$6.2,1440699021810,"12,464",100% bearish,of 2 ratings,$10
ARDM,NULL,1440699021880,0,100% bullish,of 1 rating,$26
ARCB,$29.12,1440699021939,"69,370",67% bearish,of 3 ratings,$39.50
ACGL,$68.49,1440699022070,"137,835",50% bullish,of 2 ratings,$72
ACAT,$25.95,1440699022147,"61,104",100% bearish,of 3 ratings,$33
ARDX,$17.71,1440699022280,"64,846",50% bullish,of 2 ratings,$24.50
AGII,$55.38,1440699022341,"60,121",Not yet rated,NULL,$59.50
ARNA,$2.6567,1440699022439,"1,624,136",90% bullish,of 77 ratings,$5.50
AGIIL,$25.65,1440699022472,"1,487",Not yet rated,NULL,N/A
ARCC,$15.365,1440699022541,"737,977",67% bearish,of 3 ratings,$17.875
ARIS,$4.128,1440699022571,"48,429",Not yet rated,NULL,$4.50
ARGS,$6.25,1440699022610,"23,661",50% bullish,of 2 ratings,$19.50
ARIA,$6.855,1440699022635,"1,175,229",87% bullish,of 46 ratings,$9
ARKR,$24.9,1440699022805,2,50% bullish,of 2 ratings,N/A
ARMH,$42.78,1440699022832,"1,507,420",54% bearish,of 13 ratings,$61
ARTX,$1.48,1440699022860,"45,507",88% bullish,of 16 ratings,$4.50
ARWA,NULL,1440699022994,0,Not yet rated,NULL,N/A
ARWAU,NULL,1440699023117,0,100% bullish,of 1 rating,N/A
ARWAR,NULL,1440699023146,0,Not yet rated,NULL,N/A
ARWAW,$0.125,1440699023250,"4,805",Not yet rated,NULL,N/A
ARQL,$1.75,1440699023277,"84,147",75% bullish,of 4 ratings,$5
DWAT,$9.9,1440699023358,"2,800",100% bearish,of 1 rating,N/A
ARRY,$5.84,1440699023411,"560,515",100% bullish,of 7 ratings,$10
ARRS,$26.285,1440699023491,"273,181",50% bullish,of 2 ratings,$38
AROW,$27.26,1440699023525,"5,085",Not yet rated,NULL,N/A
ARWR,$5.66,1440699023617,"349,803",75% bullish,of 4 ratings,$10.50
ASBB,$24.28,1440699023662,100,Not yet rated,NULL,N/A
ARTNA,$22.03,1440699023745,"12,443",100% bearish,of 1 rating,$29
ARTW,$4.33,1440699023796,593,75% bearish,of 4 ratings,N/A
ASNA,$11.665,1440699023966,"734,323",50% bullish,of 2 ratings,$18
ASMI,NULL,1440699024054,0,NULL,NULL,NULL
ASND,$20.6,1440699024084,"39,378",100% bullish,of 1 rating,$30
ASCMA,$26.74,1440699024150,"43,136",100% bearish,of 1 rating,$45
APWC,$1.6,1440699024183,"6,462",100% bearish,of 1 rating,N/A
ASTI,$0.1146,1440699024213,"1,278,201",83% bullish,of 6 ratings,$3
ASMB,$13.05,1440699024318,"26,127",67% bullish,of 3 ratings,N/A
ASML,$91.5,1440699024350,"620,294",50% bullish,of 4 ratings,$127
AZPN,$37.79,1440699024503,"205,062",50% bullish,of 2 ratings,$42
ASFI,$8.92,1440699024528,"3,034",100% bullish,of 1 rating,N/A
ASTE,$36.86,1440699024598,"43,704",100% bearish,of 1 rating,$48
ALOT,NULL,1440699024666,0,100% bearish,of 1 rating,N/A
ATRO,$53.005,1440699024703,"71,115",100% bearish,of 2 ratings,$80
ASTC,$1.97,1440699024859,"11,940",100% bullish,of 5 ratings,N/A
ASUR,$6,1440699024887,"12,050",50% bullish,of 2 ratings,$8
ATAI,$2.4,1440699025017,"1,822",100% bearish,of 1 rating,N/A
AFCB,$27.3,1440699025124,200,Not yet rated,NULL,N/A
ATHN,$134.23,1440699025149,"109,943",67% bearish,of 3 ratings,$153
ATRA,$38.1,1440699025174,"64,905",50% bullish,of 2 ratings,$68
AAME,$3.5899,1440699025321,998,Not yet rated,NULL,N/A
ATHX,$1.13,1440699025366,"100,545",89% bullish,of 9 ratings,$5
AAPC,$10.1,1440699025421,16,Not yet rated,NULL,N/A
ACFC,$5.49,1440699025495,"42,186",100% bearish,of 1 rating,$6.50
ATNI,$71.1,1440699025520,"30,558",100% bearish,of 1 rating,$69.50
ATLC,$3.86,1440699025662,2,67% bullish,of 3 ratings,N/A
AAWW,$40.91,1440699025791,"125,019",50% bullish,of 2 ratings,$65
ATML,$7.89,1440699025824,"1,535,910",78% bullish,of 9 ratings,$9.50
AFH,$16.4,1440699025851,"33,591",Not yet rated,NULL,$21.50
ATRI,$388.0001,1440699025901,"3,226",Not yet rated,NULL,N/A
ATOS,$0.74,1440699025926,"72,022",100% bullish,of 7 ratings,$7
ATRC,$25.54,1440699025990,"55,765",100% bullish,of 1 rating,$30
ATRM,$2.8,1440699026178,"3,555",50% bullish,of 2 ratings,N/A
LIFE,$15.525,1440699026204,"14,447",86% bullish,of 7 ratings,$43
ATTU,$13.39,1440699026225,"17,221",100% bearish,of 1 rating,$20.50
AUPH,$3.03,1440699026358,"13,450",100% bearish,of 1 rating,$8
AUBN,$26.96,1440699026388,550,Not yet rated,NULL,N/A
AUDC,$3.26,1440699026416,"63,491",80% bullish,of 5 ratings,$5
ADAT,$0.3389,1440699026491,"367,836",100% bullish,of 2 ratings,N/A
EARS,$4.9,1440699026553,"3,750",100% bearish,of 2 ratings,$11.50
ADSK,$50.32,1440699026623,"2,419,378",67% bullish,of 6 ratings,$69.50
ABTL,$17.93,1440699026681,"92,716",100% bullish,of 4 ratings,$20.25
ADP,$78.43,1440699026768,"737,830",100% bearish,of 1 rating,$88
AVGO,$125.56,1440699026826,"3,554,338",88% bullish,of 8 ratings,$165
AAVL,$10.66,1440699026959,"185,242",100% bearish,of 1 rating,$20
AVEO,$1.3932,1440699026985,"495,342",75% bullish,of 8 ratings,$3
AVNU,$12.4,1440699027011,"7,426",Not yet rated,NULL,$14
AVNW,$1.16,1440699027140,"51,069",50% bullish,of 2 ratings,$2.20
AVID,$8.12,1440699027165,"217,466",100% bearish,of 1 rating,$20
CAR,$43.81,1440699027332,"816,553",80% bullish,of 5 ratings,$60
AXPW,$1.0628,1440699027385,"63,382",83% bullish,of 6 ratings,N/A
AVGR,$14.2799,1440699027414,"12,768",100% bearish,of 1 rating,$20
AWRE,$3.146,1440699027488,"8,677",67% bullish,of 3 ratings,N/A
ACLS,$3.16,1440699027514,"176,623",67% bullish,of 6 ratings,$4.75
AXPWW,NULL,1440699027551,0,Not yet rated,NULL,N/A
AXGN,$4.1499,1440699027646,"45,684",Not yet rated,NULL,$5
AXTI,$2.19,1440699027714,"9,601",50% bullish,of 2 ratings,$2.75
BCOM,$19.003,1440699027775,984,100% bearish,of 1 rating,N/A
BOSC,$2.24,1440699027944,"5,501",50% bullish,of 2 ratings,N/A
RILY,$9.78,1440699027969,200,Not yet rated,NULL,N/A
BEAV,$49.13,1440699028097,"391,883",67% bearish,of 3 ratings,$59
BIDU,$151.445,1440699028126,"2,148,868",81% bullish,of 88 ratings,$210
BCPC,$58.12,1440699028196,"41,626",100% bearish,of 1 rating,$75
BWINA,NULL,1440699028225,0,Not yet rated,NULL,N/A
BWINB,$22.76,1440699028253,"3,562",Not yet rated,NULL,N/A
BANFP,NULL,1440699028327,0,Not yet rated,NULL,N/A
BLDP,$1.22,1440699028386,"288,434",91% bullish,of 22 ratings,$2.50
BANF,$59.73,1440699028459,"4,810",Not yet rated,NULL,$68
BKMU,$6.97,1440699028617,"44,706",Not yet rated,NULL,$8
BOCH,$5.8,1440699028648,"8,961",Not yet rated,NULL,$6.50
BMRC,$47.78,1440699028674,"6,792",Not yet rated,NULL,$52
BKSC,$15.9,1440699028810,"4,556",Not yet rated,NULL,N/A
BOTJ,$11.0785,1440699028912,717,Not yet rated,NULL,N/A
OZRK,$41.95,1440699028997,"226,169",67% bullish,of 3 ratings,$49.50
BZUN,$5.16,1440699029092,"264,407",50% bullish,of 2 ratings,$11.50
BWFG,NULL,1440699029174,0,100% bearish,of 1 rating,N/A
BFIN,$12.03,1440699029195,"10,631",Not yet rated,NULL,$13
TAPR,$32.98,1440699029232,535,100% bearish,of 1 rating,N/A
BHAC,$9.81,1440699029278,"1,100",Not yet rated,NULL,N/A
BANR,$43.92,1440699029336,"17,821",100% bullish,of 3 ratings,$50
BHACU,NULL,1440699029382,0,Not yet rated,NULL,N/A
BBSI,$34.73,1440699029526,"44,234",67% bearish,of 3 ratings,$62.50
BHACW,NULL,1440699029656,0,Not yet rated,NULL,N/A
BHACR,NULL,1440699029718,0,Not yet rated,NULL,N/A
BYBK,$4.88,1440699029753,100,100% bearish,of 1 rating,N/A
BSET,$28.745,1440699029850,"16,224",100% bearish,of 1 rating,$35
BYLK,$12.71,1440699029921,500,Not yet rated,NULL,$14
BBCN,$14.49,1440699030002,"90,084",100% bearish,of 1 rating,$16
BV,$5.09,1440699030049,"161,225",67% bullish,of 6 ratings,$9
BCBP,$11.43,1440699030141,200,Not yet rated,NULL,N/A
BECN,$35.45,1440699030166,"162,347",50% bullish,of 2 ratings,$40
BDCV,$4.8025,1440699030294,"18,482",100% bearish,of 1 rating,$10.19
BSF,$8.76,1440699030320,"2,163",Not yet rated,NULL,N/A
BBGI,$4.1616,1440699030383,300,100% bullish,of 1 rating,N/A
BBBY,$62.15,1440699030451,"1,070,347",71% bullish,of 7 ratings,$75
BEBE,$1.83,1440699030501,"84,747",75% bullish,of 4 ratings,$3.075
BELFB,$17.75,1440699030760,"12,299",100% bearish,of 1 rating,N/A
BELFA,NULL,1440699030822,0,100% bearish,of 1 rating,N/A
BLPH,$5.09,1440699030860,"11,382",100% bearish,of 1 rating,$12.50
BNTC,$8,1440699030891,"25,793",100% bullish,of 1 rating,N/A
BLCM,$17.27,1440699030954,"98,590",50% bullish,of 4 ratings,$40
BNCL,$12.495,1440699030987,"107,806",100% bullish,of 3 ratings,$12.50
BNFT,$34.48,1440699031087,"54,721",67% bullish,of 3 ratings,$46
BGMD,$0.7601,1440699031259,"137,076",100% bullish,of 10 ratings,N/A
BGFV,$10.9399,1440699031302,"64,208",57% bullish,of 7 ratings,$12
BGCP,$8.81,1440699031332,"535,621",88% bullish,of 8 ratings,$14
ORPN,$5.5899,1440699031360,"26,550",100% bullish,of 1 rating,$28.50
BIND,$4.41,1440699031435,"45,797",75% bullish,of 4 ratings,$13.50
BASI,$1.6069,1440699031491,200,Not yet rated,NULL,N/A
BCDA,NULL,1440699031673,0,Not yet rated,NULL,N/A
BIOC,$1.935,1440699031700,"273,842",83% bullish,of 6 ratings,$3.85
BIOD,$0.685,1440699031861,"50,280",80% bullish,of 5 ratings,$4
BIIB,$304.67,1440699031894,"684,177",88% bullish,of 16 ratings,$400
BCRX,$11.19,1440699031922,"112,290",63% bullish,of 8 ratings,$18
BIOL,$1.4264,1440699031948,"23,011",Not yet rated,NULL,N/A
BLFS,$2.02,1440699031992,"14,385",100% bearish,of 1 rating,$4.75
BDSI,$6.615,1440699032120,"416,805",88% bullish,of 8 ratings,$17
BMRN,$131,1440699032265,"311,658",80% bullish,of 5 ratings,$160
BLRX,$1.34,1440699032304,"50,390",100% bullish,of 12 ratings,$5
BVXV,$3.51,1440699032364,"1,450",Not yet rated,NULL,N/A
BVXVW,NULL,1440699032391,0,100% bearish,of 1 rating,N/A
BPTH,$1.04,1440699032454,"35,052",100% bullish,of 2 ratings,$5
BIOS,$2.3,1440699032525,"482,758",71% bullish,of 7 ratings,$4
BRLI,NULL,1440699032583,0,NULL,NULL,NULL
BBC,$31.01,1440699032624,"7,762",Not yet rated,NULL,N/A
BBP,$32.6514,1440699032752,"15,674",Not yet rated,NULL,N/A
BSTC,$49.62,1440699032777,"46,286",100% bearish,of 1 rating,$76
BSPM,$0.6603,1440699032849,"9,275",50% bullish,of 2 ratings,N/A
BOTA,$2.0701,1440699032910,"15,982",88% bullish,of 8 ratings,N/A
TECH,$96.34,1440699032936,"101,684",100% bullish,of 1 rating,$117
BEAT,$14.74,1440699033067,"575,746",67% bearish,of 3 ratings,$15
BITI,$17.14,1440699033198,"10,068",100% bullish,of 1 rating,$28
BDMS,$12.65,1440699033229,875,100% bearish,of 1 rating,N/A
BDE,$7.33,1440699033335,"95,755",50% bullish,of 2 ratings,$9
BBOX,$15.07,1440699033360,"65,348",100% bearish,of 1 rating,N/A
BJRI,$44.63,1440699033391,"83,241",50% bullish,of 2 ratings,$55
BBRY,$7.21,1440699033531,"2,798,237",61% bullish,of 330 ratings,$9
HAWK,$40.13,1440699033582,"244,562",91% bullish,of 11 ratings,$49
BLKB,$57.79,1440699033610,"58,583",100% bearish,of 2 ratings,$66
BKCC,$9.28,1440699033740,"194,238",50% bullish,of 2 ratings,$10
ADRA,$27.3825,1440699033767,398,100% bearish,of 1 rating,N/A
ADRD,$22.18,1440699033792,"6,560",100% bearish,of 1 rating,N/A
ADRE,$30.2,1440699033926,"175,580",100% bearish,of 1 rating,N/A
BCOR,$13.67,1440699033966,"74,543",57% bullish,of 7 ratings,$15
ADRU,$21.73,1440699034018,"3,618",100% bearish,of 1 rating,N/A
BLMN,$20.3,1440699034095,"431,133",83% bullish,of 6 ratings,$27.50
BLBD,$11.94,1440699034182,"13,125",Not yet rated,NULL,N/A
BUFF,$26.7601,1440699034225,"93,632",83% bullish,of 12 ratings,$31.50
BHBK,$13.83,1440699034312,"32,242",100% bullish,of 1 rating,$14.50
BBLU,$0.79,1440699034463,"68,154",100% bullish,of 2 ratings,$4.43
NILE,$33.65,1440699034488,"88,746",50% bullish,of 2 ratings,$34
BLUE,$131.81,1440699034626,"231,481",71% bullish,of 7 ratings,$217.50
BKEPP,$7.58,1440699034698,"5,223",100% bearish,of 1 rating,N/A
BKEP,$6.25,1440699034727,"22,699",100% bearish,of 1 rating,$8.50
BPMC,$27.425,1440699034833,"36,408",50% bullish,of 2 ratings,$47.50
BOFI,$122.07,1440699034934,"94,526",100% bullish,of 6 ratings,$144
BOBE,$43.75,1440699034986,"51,760",75% bullish,of 4 ratings,$57
BNCN,$20.38,1440699035030,"47,953",Not yet rated,NULL,$24
WIFI,$7.5,1440699035118,"54,612",50% bullish,of 2 ratings,$13.50
BONA,$11.795,1440699035281,"75,973",75% bullish,of 4 ratings,$8.50
BOJA,$21.57,1440699035347,"121,379",100% bullish,of 1 rating,$30
BNSO,$1.3,1440699035375,"2,400",100% bearish,of 1 rating,N/A
BPFH,$11.92,1440699035552,"129,131",100% bearish,of 1 rating,$14
BOKF,$61.975,1440699035579,"105,930",100% bearish,of 1 rating,$69
BAMM,$3.16,1440699035600,"8,560",60% bullish,of 5 ratings,N/A
BPFHP,$25.1,1440699035730,"3,450",100% bearish,of 1 rating,N/A
EPAY,$26.65,1440699035916,"221,682",100% bearish,of 2 ratings,$30
BPFHW,NULL,1440699035948,0,100% bearish,of 1 rating,N/A
BCLI,$2.92,1440699036027,"25,357",80% bullish,of 5 ratings,$12
BBEP,$2.69,1440699036056,"1,486,161",69% bullish,of 13 ratings,$5.625
BDBD,$8.16,1440699036085,"268,037",60% bullish,of 5 ratings,$10
BBRG,$12.4158,1440699036112,"22,034",67% bullish,of 3 ratings,$14.50
BBEPP,$13.48,1440699036190,"19,676",100% bearish,of 1 rating,N/A
BLIN,$1.31,1440699036334,"4,295",100% bullish,of 2 ratings,$2.20
BDGE,$26.52,1440699036359,"3,550",Not yet rated,NULL,$31.75
BCOV,$5.21,1440699036545,"55,301",67% bullish,of 3 ratings,$10.20
BRID,$8.8,1440699036571,100,100% bearish,of 1 rating,N/A
BRCM,$51.745,1440699036642,"2,615,532",75% bullish,of 12 ratings,$56
BSFT,$31.72,1440699036743,"218,088",57% bullish,of 7 ratings,$40.50
BVSN,$6.0101,1440699036769,"33,915",60% bearish,of 5 ratings,N/A
BYFC,NULL,1440699036959,0,50% bullish,of 2 ratings,N/A
BRCD,$10.58,1440699036986,"1,529,615",92% bullish,of 13 ratings,$11.50
BWEN,$3.23,1440699037016,"9,461",100% bullish,of 3 ratings,$8
BRKL,$10.64,1440699037042,"96,204",100% bearish,of 1 rating,$10.75
BRKS,$10.3,1440699037171,"44,975",67% bullish,of 3 ratings,$15.25
BLMT,$20.61,1440699037257,"3,844",Not yet rated,NULL,N/A
BMTC,$29.185,1440699037302,"29,489",Not yet rated,NULL,$34
BRKR,$18.62,1440699037333,"172,298",100% bearish,of 2 ratings,$22
BSQR,$6.25,1440699037438,"31,441",67% bullish,of 3 ratings,N/A
BWLD,$195.2,1440699037493,"135,634",82% bullish,of 11 ratings,$205
BLDR,$14.38,1440699037535,"380,613",67% bullish,of 3 ratings,$22
BUR,$1.83,1440699037735,"5,600",100% bearish,of 1 rating,$8
CHRW,$67.75,1440699037808,"506,276",Not yet rated,NULL,$72
CFFI,$35.38,1440699037867,500,100% bearish,of 1 rating,N/A
CA,$27.06,1440699037893,"827,398",50% bullish,of 4 ratings,$33
CDNS,$19.885,1440699037951,"498,503",75% bullish,of 4 ratings,$22.50
CCMP,$43.48,1440699038027,"33,948",50% bullish,of 2 ratings,$59
CDZI,$7.88,1440699038058,"55,700",100% bearish,of 1 rating,N/A
CACQ,$7.2,1440699038159,"38,379",100% bearish,of 1 rating,$12.25
CZR,$8.4801,1440699038211,"1,892,767",60% bearish,of 5 ratings,$10.50
CSTE,$40.99,1440699038321,"253,222",50% bullish,of 2 ratings,$65
PRSS,$4.45,1440699038382,"9,541",80% bullish,of 5 ratings,$4.50
CLBS,$1.365,1440699038466,"107,013",79% bullish,of 14 ratings,$4
CLMS,$10.6,1440699038492,"33,576",Not yet rated,NULL,$10.50
CHY,$11.418,1440699038623,"161,946",Not yet rated,NULL,N/A
CHI,$10.6701,1440699038648,"138,158",100% bearish,of 1 rating,N/A
CGO,$12.2,1440699038791,"14,993",100% bearish,of 1 rating,N/A
CCD,$19,1440699038925,"146,812",Not yet rated,NULL,N/A
CFGE,$10.57,1440699038953,810,Not yet rated,NULL,N/A
CSQ,$9.96,1440699038981,"194,747",Not yet rated,NULL,N/A
CHW,$7.6324,1440699039030,"119,431",100% bearish,of 1 rating,N/A
CAMP,$16.29,1440699039117,"156,516",88% bullish,of 8 ratings,$25
CVGW,$60.3,1440699039161,"106,065",50% bullish,of 2 ratings,$58.50
CFNB,$13.31,1440699039222,310,100% bearish,of 1 rating,N/A
CALA,$5.3766,1440699039324,"393,101",100% bullish,of 3 ratings,$19.50
CALD,$15.71,1440699039424,"156,126",100% bearish,of 1 rating,$21
CALM,$50.5,1440699039450,"188,050",80% bullish,of 5 ratings,$65
CLMT,$26.08,1440699039521,"175,031",75% bullish,of 8 ratings,$31
ABCD,$5.15,1440699039593,"93,337",83% bullish,of 6 ratings,N/A
CAMB,$10.05,1440699039665,100,Not yet rated,NULL,N/A
CAMBU,NULL,1440699039725,0,100% bearish,of 1 rating,N/A
CAMBW,NULL,1440699039749,0,Not yet rated,NULL,N/A
CSIQ,$18.11,1440699039948,"1,243,186",86% bullish,of 28 ratings,$42.50
CAC,$40.43,1440699040009,"2,156",Not yet rated,NULL,N/A
CAMT,$2.62,1440699040037,"27,887",73% bullish,of 11 ratings,$4
CGIX,$9.95,1440699040080,"26,176",67% bullish,of 3 ratings,$14.375
CBNJ,$11,1440699040237,"13,369",100% bullish,of 1 rating,N/A
CPLA,$47.98,1440699040300,"69,451",67% bearish,of 3 ratings,$65
CPHC,NULL,1440699040341,0,100% bearish,of 1 rating,N/A
CBF,$28.89,1440699040367,"632,505",Not yet rated,NULL,$32
CSWC,$45.8,1440699040496,"4,207",Not yet rated,NULL,N/A
CCBG,$14.84,1440699040521,"4,282",Not yet rated,NULL,$17.25
CPLP,$6.915,1440699040663,"267,023",71% bullish,of 7 ratings,$11
CPTA,$13.87,1440699040698,"26,924",100% bearish,of 1 rating,$18.50
CFFN,$12.06,1440699040966,"186,221",Not yet rated,NULL,$12.75
CAPN,$2.2495,1440699040994,"255,744",100% bullish,of 1 rating,$10.85
CPST,$0.3651,1440699041023,"365,132",95% bullish,of 22 ratings,$1.25
CAPNW,$0.6969,1440699041054,100,Not yet rated,NULL,N/A
CAPR,$4.3386,1440699041129,"9,464",Not yet rated,NULL,$12
CARA,$19.01,1440699041156,"80,290",50% bullish,of 4 ratings,$25
CARB,$11.26,1440699041365,"53,823",75% bullish,of 4 ratings,$12
CRDC,$0.3699,1440699041393,"39,643",100% bullish,of 1 rating,$1.25
CFNL,$22.12,1440699041419,"68,958",Not yet rated,NULL,$24
CBYL,$5.0825,1440699041445,"32,864",100% bearish,of 1 rating,$20
CRME,$8.87,1440699041586,"6,600",89% bullish,of 9 ratings,$11.25
CSII,$23.705,1440699041633,"249,417",100% bearish,of 2 ratings,$42.125
CTRE,$11.54,1440699041914,"129,103",50% bullish,of 2 ratings,$13.50
CDNA,$6.82,1440699041944,"3,400",100% bearish,of 1 rating,$9
CATM,$34.61,1440699041969,"81,094",100% bearish,of 1 rating,$44
CECO,$3.54,1440699041994,"165,672",67% bearish,of 3 ratings,$6
CARO,$15.5,1440699042019,802,100% bearish,of 1 rating,$19
CRZO,$32.68,1440699042212,"727,084",67% bearish,of 3 ratings,$55.50
CART,$5.35,1440699042244,100,100% bearish,of 1 rating,N/A
TAST,$12.6,1440699042380,"232,469",Not yet rated,NULL,$14.25
CLBH,$12.75,1440699042407,100,Not yet rated,NULL,$16.50
CRTN,$2.38,1440699042441,"3,360",100% bearish,of 1 rating,N/A
CARV,$7.06,1440699042535,464,50% bullish,of 2 ratings,N/A
CKEC,$23.54,1440699042569,"77,791",50% bullish,of 2 ratings,$35.915
CASM,$1.14,1440699042629,"10,933",100% bullish,of 1 rating,$3.50
CACB,$5.31,1440699042673,"16,243",Not yet rated,NULL,$5.50
CSCD,$14.9999,1440699042931,"15,335",100% bullish,of 2 ratings,$17
CWST,$6.12,1440699042960,"138,860",50% bullish,of 2 ratings,$7.25
CASY,$106.05,1440699043001,"156,232",50% bullish,of 2 ratings,$99.50
CASS,$47.91,1440699043138,"7,708",100% bearish,of 1 rating,N/A
CASI,$1.4154,1440699043165,"3,348",100% bullish,of 1 rating,$3.50
CATY,$29.61,1440699043231,"262,303",100% bearish,of 1 rating,$33.50
CATB,$11.99,1440699043300,"5,487",100% bearish,of 1 rating,$28
CPRX,$3.6358,1440699043365,"548,580",71% bullish,of 7 ratings,$7
CVCO,$70.38,1440699043395,"14,099",100% bearish,of 1 rating,N/A
CATYW,NULL,1440699043566,0,100% bearish,of 1 rating,N/A
CNLM,NULL,1440699043593,0,Not yet rated,NULL,N/A
CAVM,$68.68,1440699043618,"171,225",67% bearish,of 3 ratings,$72
CNLMR,NULL,1440699043750,0,Not yet rated,NULL,N/A
CBFV,$20.9399,1440699043880,"4,000",Not yet rated,NULL,$25
CNLMU,NULL,1440699044012,0,100% bullish,of 1 rating,N/A
CDK,$48.81,1440699044108,"132,870",67% bearish,of 3 ratings,$50
CNLMW,NULL,1440699044181,0,Not yet rated,NULL,N/A
CDW,$39.96,1440699044235,"652,508",75% bullish,of 4 ratings,$44
CECE,$9.37,1440699044284,"68,222",50% bullish,of 2 ratings,$16
CPXX,$2.05,1440699044311,"66,034",100% bullish,of 2 ratings,$7
CBOE,$63.07,1440699044381,"195,506",Not yet rated,NULL,$60
CLDX,$14.9842,1440699044565,"709,860",89% bullish,of 9 ratings,$36
CLDN,$1.06,1440699044672,"104,787",71% bullish,of 7 ratings,$3
CELG,$122.56,1440699044708,"2,109,677",92% bullish,of 13 ratings,$155.50
CELGZ,$1.7011,1440699044807,"11,800",80% bullish,of 5 ratings,N/A
CLRB,$3.1078,1440699044834,331,100% bearish,of 1 rating,N/A
CLLS,$32.67,1440699044862,"62,248",75% bullish,of 4 ratings,$51.50
CLRBW,NULL,1440699044910,0,Not yet rated,NULL,N/A
CBMG,$22.66,1440699045104,"25,274",50% bullish,of 2 ratings,N/A
CYAD,$49.01,1440699045198,"3,200",100% bullish,of 1 rating,$87.50
CLTX,$2.3001,1440699045265,"473,018",100% bullish,of 2 ratings,N/A
CEMP,$34.61,1440699045364,"317,720",71% bullish,of 7 ratings,$52
CSFL,$13.71,1440699045391,"90,666",Not yet rated,NULL,$15
CLSN,$1.99,1440699045416,"63,592",80% bullish,of 10 ratings,$7.50
CETX,$2.3299,1440699045441,"9,017",Not yet rated,NULL,$5.60
CETV,$2.09,1440699045641,"55,548",67% bullish,of 3 ratings,$2.80
CFBK,$1.371,1440699045673,100,Not yet rated,NULL,N/A
CENT,$12,1440699045701,"95,200",Not yet rated,NULL,$10
CVCY,$11.25,1440699045733,"2,000",Not yet rated,NULL,$12
CENTA,$12.43,1440699045831,"132,727",Not yet rated,NULL,N/A
CNBKA,$41.7,1440699045920,496,50% bullish,of 2 ratings,N/A
CENX,$5.4,1440699045947,"1,859,231",67% bullish,of 6 ratings,$9
CNTY,$5.8,1440699045972,"25,166",80% bullish,of 5 ratings,$7.75
CPHD,$49.31,1440699046146,"193,132",67% bearish,of 3 ratings,$66.50
CRNT,$1.36,1440699046250,"43,180",50% bullish,of 2 ratings,$2
CERE,$1.1801,1440699046328,"129,741",88% bullish,of 8 ratings,N/A
CERN,$62.135,1440699046355,"644,097",67% bullish,of 3 ratings,$79
CERS,$4.925,1440699046379,"311,158",75% bullish,of 4 ratings,$7
CERU,$3.5401,1440699046412,"15,407",75% bullish,of 4 ratings,$15
KOOL,$0.625,1440699046483,"10,156",100% bullish,of 5 ratings,$7
CEVA,$18.45,1440699046543,"23,963",100% bearish,of 1 rating,$25
CYOU,$20.9,1440699046804,"67,368",50% bullish,of 6 ratings,$24
GTLS,$23.29,1440699046829,"144,526",50% bullish,of 4 ratings,$40
HOTRW,NULL,1440699046859,0,Not yet rated,NULL,N/A
CTHR,$1.26,1440699046886,"12,959",50% bullish,of 2 ratings,$2.50
HOTR,$1.5201,1440699046907,"79,853",100% bullish,of 2 ratings,$5
CHTR,$180.66,1440699046962,"303,859",100% bearish,of 2 ratings,$196
CHFN,$12.5,1440699047128,"9,514",Not yet rated,NULL,$14
CHKP,$79.85,1440699047237,"576,082",50% bullish,of 4 ratings,$92
CHEK,$2.1001,1440699047264,"10,138",Not yet rated,NULL,$7.75
CCXI,$6.82,1440699047308,"18,294",67% bullish,of 3 ratings,$14
CHFC,$31.44,1440699047334,"29,860",100% bearish,of 1 rating,$36
CHEKW,NULL,1440699047358,0,Not yet rated,NULL,N/A
CEMI,$4.02,1440699047407,"6,454",50% bullish,of 2 ratings,$7.50
CHMG,$26.07,1440699047539,100,Not yet rated,NULL,$30
CHKE,$25.92,1440699047706,"9,864",100% bearish,of 1 rating,$32.50
CHEV,$14.5899,1440699047735,700,Not yet rated,NULL,N/A
PLCE,$59.64,1440699047845,"146,248",100% bearish,of 1 rating,$69
CHMA,$25.88,1440699047918,"47,429",Not yet rated,NULL,$40
CBNK,NULL,1440699048002,0,100% bearish,of 1 rating,N/A
CADC,NULL,1440699048081,0,78% bullish,of 9 ratings,N/A
CBAK,$1.94,1440699048106,"17,494",67% bullish,of 9 ratings,N/A
CALI,$0.8982,1440699048138,"2,620",67% bullish,of 3 ratings,N/A
CMRX,$50.09,1440699048236,"104,049",50% bullish,of 2 ratings,$57
CAAS,$6.3163,1440699048265,"23,038",93% bullish,of 14 ratings,$11.50
JRJC,$3.5599,1440699048414,"139,153",82% bullish,of 11 ratings,N/A
CCCL,$0.7701,1440699048466,"27,015",100% bullish,of 6 ratings,N/A
CCCR,$0.7834,1440699048571,"16,369",67% bearish,of 3 ratings,N/A
CBPO,$100,1440699048600,"100,235",75% bullish,of 8 ratings,$140.50
HGSH,$1.67,1440699048703,"19,458",67% bullish,of 3 ratings,N/A
CHOP,$1.28,1440699048846,"1,200",50% bullish,of 2 ratings,N/A
CHLN,$2.09,1440699048988,"7,041",67% bullish,of 3 ratings,N/A
CNIT,$1.48,1440699049122,"58,766",67% bullish,of 6 ratings,N/A
CHNR,$1.68,1440699049144,"1,016",100% bearish,of 1 rating,N/A
CJJD,$1.88,1440699049179,"24,935",100% bullish,of 1 rating,N/A
HTHT,$25.84,1440699049211,"73,695",50% bullish,of 2 ratings,$28.40
CREG,$0.6999,1440699049237,"20,300",100% bullish,of 3 ratings,N/A
CPGI,$6.861,1440699049276,"1,022",Not yet rated,NULL,N/A
CSUN,$1.4853,1440699049301,"29,329",80% bullish,of 5 ratings,N/A
CXDC,$5.88,1440699049524,"45,517",67% bearish,of 3 ratings,N/A
CCIH,$6.7611,1440699049590,"157,420",67% bullish,of 6 ratings,$12.65
CNYD,$3.55,1440699049617,"20,486",67% bullish,of 3 ratings,N/A
CNTF,$0.8002,1440699049638,"98,896",Not yet rated,NULL,N/A
CNET,$0.86,1440699049794,"192,366",50% bullish,of 2 ratings,N/A
IMOS,$17.08,1440699049867,"97,695",60% bullish,of 5 ratings,$21.50
CHSCL,$27.05,1440699049935,"6,295",Not yet rated,NULL,N/A
CHSCM,$26.13,1440699050096,"14,301",Not yet rated,NULL,N/A
CHSCO,$28.252,1440699050155,"5,220",Not yet rated,NULL,N/A
CHDN,$134.85,1440699050181,"14,311",Not yet rated,NULL,$165
CHSCN,$27.0595,1440699050313,"5,811",Not yet rated,NULL,N/A
CHSCP,$30.4201,1440699050342,"3,325",Not yet rated,NULL,N/A
CDTX,$14.32,1440699050371,"8,809",Not yet rated,NULL,$22
CHUY,$30.945,1440699050421,"97,700",50% bullish,of 2 ratings,$34
CMCT,$15.551,1440699050475,142,100% bearish,of 1 rating,N/A
CIFC,$7.02,1440699050580,"1,192",100% bearish,of 1 rating,N/A
CMPR,$69.77,1440699050756,"142,948",50% bullish,of 2 ratings,$72.50
CTAS,$85.67,1440699050821,"176,116",100% bearish,of 1 rating,$91
CPHR,$5.5736,1440699050923,"5,861",100% bearish,of 1 rating,$17
CINF,$53.29,1440699050957,"203,169",50% bullish,of 4 ratings,$50.50
CRUS,$30.15,1440699050991,"675,172",75% bullish,of 12 ratings,$44.50
CSCO,$26.03,1440699051055,"9,886,297",84% bullish,of 209 ratings,$32
CIDM,$0.57,1440699051080,"14,112",50% bullish,of 2 ratings,$2.10
CZNC,$19.6,1440699051224,"6,800",Not yet rated,NULL,N/A
CTRN,$26.99,1440699051251,"21,115",100% bearish,of 1 rating,$31.50
CZWI,$8.95,1440699051279,109,Not yet rated,NULL,N/A
CZFC,$12.7001,1440699051589,800,Not yet rated,NULL,N/A
CIVB,$10.25,1440699051679,"2,138",Not yet rated,NULL,$11
CTXS,$69.4,1440699051704,"706,403",86% bullish,of 7 ratings,$80
CHCO,$47.14,1440699051733,"11,479",Not yet rated,NULL,$46
CIVBP,NULL,1440699051753,0,Not yet rated,NULL,N/A
CIZN,$19.274,1440699051782,370,Not yet rated,NULL,N/A
CDTI,$1.57,1440699051967,"83,382",75% bullish,of 4 ratings,$3.20
CLFD,$16.8,1440699052093,"20,583",67% bullish,of 3 ratings,$18
CLNE,$4.7301,1440699052120,"771,892",80% bullish,of 15 ratings,$9
CLIR,$4.6588,1440699052146,"50,272",100% bullish,of 3 ratings,N/A
CLNT,$1.3501,1440699052174,"11,702",75% bullish,of 8 ratings,N/A
CSBK,$13.69,1440699052306,"42,452",Not yet rated,NULL,N/A
CBLI,$3.73,1440699052335,"13,306",60% bullish,of 5 ratings,N/A
CLRO,$11.52,1440699052361,"5,428",50% bullish,of 2 ratings,$14.25
CLVS,$75.95,1440699052592,"211,931",60% bullish,of 5 ratings,$101.50
CMFN,$11.6399,1440699052725,"34,211",100% bearish,of 1 rating,$15.50
CCNE,$16.8955,1440699052755,"2,610",50% bullish,of 2 ratings,$21.50
CME,$93.45,1440699052781,"509,423",67% bullish,of 3 ratings,$102
CWAY,$11.2099,1440699052855,600,Not yet rated,NULL,N/A
CNV,$4.47,1440699052950,"33,168",50% bullish,of 2 ratings,$7.15
COBZ,$12.91,1440699053005,"25,799",100% bullish,of 1 rating,$14
CISG,$7.61,1440699053107,"34,299",100% bullish,of 5 ratings,$10
COKE,$157.07,1440699053133,"10,417",79% bullish,of 19 ratings,N/A
CVLY,$20.2,1440699053282,524,Not yet rated,NULL,N/A
JVA,$4.675,1440699053366,"12,433",83% bullish,of 6 ratings,$7
CDRB,$12.79,1440699053395,"4,342",67% bullish,of 3 ratings,N/A
CDXS,$3.56,1440699053441,"11,475",64% bullish,of 11 ratings,$6
CGNT,$1.455,1440699053601,"20,905",100% bullish,of 2 ratings,$2
CGNX,$35.25,1440699053667,"220,265",50% bullish,of 2 ratings,$47
CCOI,$27.47,1440699053695,"192,735",50% bullish,of 4 ratings,$35
CTSH,$63.73,1440699053802,"1,286,195",90% bullish,of 10 ratings,$75
COHU,$9.5,1440699053937,"42,046",100% bearish,of 1 rating,$14.25
CLRX,$0.555,1440699053965,"27,805",50% bullish,of 2 ratings,N/A
CHRS,$28.26,1440699053992,"101,204",67% bearish,of 3 ratings,$37
COHR,$56.88,1440699054014,"46,532",50% bullish,of 2 ratings,$72
COLL,$15.5,1440699054178,"22,754",100% bearish,of 1 rating,$26
CLCT,$18.3,1440699054227,"8,803",100% bearish,of 1 rating,N/A
CIGI,$43.15,1440699054282,"2,885",100% bearish,of 1 rating,$52
CBAN,$9,1440699054412,400,Not yet rated,NULL,N/A
COLM,$61.69,1440699054444,"41,822",100% bearish,of 1 rating,$71
CLCD,$6.37,1440699054496,"22,964",100% bearish,of 1 rating,$20.50
COLB,$30.29,1440699054542,"75,451",Not yet rated,NULL,$36
CMCO,$18.33,1440699054676,"43,648",60% bullish,of 5 ratings,$28
CMCSK,$57.16,1440699054776,"1,191,497",Not yet rated,NULL,$84
CBMX,$1.1491,1440699054832,"10,217",83% bullish,of 6 ratings,$3.15
CMCSA,$56.4,1440699054917,"4,219,571",66% bullish,of 35 ratings,$69.50
CBSH,$44.77,1440699054943,"81,794",50% bullish,of 2 ratings,$46
COMM,$30.62,1440699055068,"487,338",67% bearish,of 3 ratings,$35
CBSHP,$25.45,1440699055095,222,100% bearish,of 1 rating,N/A
CUBN,NULL,1440699055124,0,Not yet rated,NULL,N/A
CVGI,$4.89,1440699055288,"36,241",50% bullish,of 2 ratings,$6
CSAL,$21.1,1440699055458,"166,057",75% bullish,of 4 ratings,$30
JCS,NULL,1440699055483,0,67% bullish,of 3 ratings,N/A
COB,$10.31,1440699055639,"6,357",100% bullish,of 1 rating,$11.75
ESXB,$5.0611,1440699055700,"1,400",Not yet rated,NULL,N/A
CWBC,$6.71,1440699055729,304,Not yet rated,NULL,N/A
CTBI,$34.76,1440699055786,"12,867",Not yet rated,NULL,$36
CVLT,$36.14,1440699055827,"201,118",75% bullish,of 4 ratings,$44.50
CIZ,$33.6058,1440699055915,"1,368",100% bearish,of 1 rating,N/A
CYHHZ,$0.011,1440699055940,"22,172",100% bullish,of 1 rating,N/A
CIL,$33.77,1440699056105,200,Not yet rated,NULL,N/A
CSA,NULL,1440699056179,0,Not yet rated,NULL,N/A
CID,$33.74,1440699056204,200,Not yet rated,NULL,N/A
CDC,$34.798,1440699056394,"13,690",Not yet rated,NULL,N/A
CSF,$36.72,1440699056423,"3,169",100% bearish,of 1 rating,N/A
CFO,$35.6478,1440699056531,"8,988",100% bearish,of 1 rating,N/A
CSB,NULL,1440699056561,0,Not yet rated,NULL,N/A
CPSI,$45.38,1440699056634,"29,044",100% bearish,of 1 rating,$45.50
CDL,NULL,1440699056660,0,Not yet rated,NULL,N/A
CFA,$35.71,1440699056686,"14,979",100% bearish,of 1 rating,N/A
CGEN,$4.8401,1440699056848,"48,480",50% bullish,of 2 ratings,$11
SCOR,$53.88,1440699056874,"117,600",100% bearish,of 1 rating,$66
CHCI,$0.7327,1440699057004,"6,530",50% bullish,of 2 ratings,N/A
CTG,$6.79,1440699057150,"20,820",100% bearish,of 1 rating,$8.50
CNSI,$18.73,1440699057183,"42,747",100% bearish,of 2 ratings,$29
CMTL,$25.39,1440699057205,"49,952",100% bearish,of 2 ratings,$37
CNCE,$15.48,1440699057286,"88,591",75% bullish,of 4 ratings,$22
CNAT,$3.67,1440699057341,"62,349",83% bullish,of 6 ratings,$13
CXRX,$74.51,1440699057416,"2,300",100% bearish,of 1 rating,$90
CDORP,NULL,1440699057552,0,100% bearish,of 1 rating,N/A
CDOR,$1.36,1440699057619,900,100% bullish,of 1 rating,N/A
CDORO,$17,1440699057717,162,100% bearish,of 1 rating,N/A
CNMD,$53.265,1440699057745,"58,065",Not yet rated,NULL,$59
CCUR,$4.642,1440699057771,"34,357",75% bullish,of 4 ratings,N/A
CFMS,$19.84,1440699057906,"121,183",Not yet rated,NULL,$27
CNFR,$10.2523,1440699057933,"1,612",Not yet rated,NULL,N/A
CTWS,$34.46,1440699058085,"8,766",100% bearish,of 1 rating,$44
CNOB,$19.4201,1440699058244,"17,949",100% bullish,of 1 rating,$23.50
CNXR,$6.48,1440699058275,"28,405",100% bearish,of 1 rating,$12
CONN,$30.94,1440699058296,"187,988",67% bullish,of 3 ratings,$48.50
CWCO,$10.51,1440699058347,"35,741",67% bullish,of 3 ratings,$14.50
CTCT,$24.54,1440699058431,"91,431",67% bullish,of 3 ratings,$37
CNSL,$19.23,1440699058458,"79,881",100% bearish,of 1 rating,$23
CPSS,$5.67,1440699058584,"23,330",100% bullish,of 1 rating,$10
CTRL,$8.2,1440699058747,"83,206",50% bullish,of 2 ratings,$11
CFRXZ,NULL,1440699058797,0,Not yet rated,NULL,N/A
CTRV,$3.5501,1440699058823,"1,413",Not yet rated,NULL,$6.40
CFRXW,$1.64,1440699058877,"1,229",100% bearish,of 1 rating,N/A
CPRT,$34.6,1440699058952,"93,003",67% bearish,of 3 ratings,$40
CFRX,$5.062,1440699059020,"12,625",Not yet rated,NULL,$14
CRBP,$1.95,1440699059083,"276,403",100% bullish,of 2 ratings,$6.25
CORT,$5,1440699059215,"135,082",67% bullish,of 3 ratings,$12
CSOD,$36.22,1440699059372,"434,123",50% bullish,of 2 ratings,$42
BVA,NULL,1440699059397,0,50% bullish,of 2 ratings,N/A
CORI,$10.67,1440699059529,"33,161",100% bearish,of 1 rating,$18
CORE,$59.433,1440699059624,"29,577",100% bearish,of 1 rating,$72
COSI,$1.17,1440699059651,"90,470",100% bullish,of 1 rating,N/A
CSGP,$179.65,1440699059678,"45,543",50% bullish,of 2 ratings,$235
CRVL,$31.41,1440699059705,"11,043",100% bearish,of 1 rating,N/A
COST,$140.0682,1440699059838,"833,020",79% bullish,of 24 ratings,$154.50
CPAH,$0.47,1440699059965,"3,779",50% bullish,of 2 ratings,N/A
CVTI,$23.08,1440699060067,"42,202",67% bearish,of 3 ratings,$39
COVS,$2.615,1440699060112,"43,468",67% bullish,of 3 ratings,N/A
ICBK,$18.56,1440699060245,200,Not yet rated,NULL,$21
COWN,$5.095,1440699060292,"369,153",75% bullish,of 4 ratings,$7
CPSH,$2.24,1440699060317,"1,800",Not yet rated,NULL,N/A
COWNL,NULL,1440699060342,0,Not yet rated,NULL,N/A
CBRL,$147.11,1440699060693,"108,000",50% bullish,of 2 ratings,$155
CACC,$198.47,1440699060724,"39,232",50% bullish,of 2 ratings,$158.50
BREW,$7.61,1440699060824,"18,077",67% bullish,of 6 ratings,$15
CRAI,$21.84,1440699060855,"16,033",100% bearish,of 1 rating,$36
GLDI,$10.95,1440699060955,"5,474",100% bearish,of 1 rating,N/A
SLVO,$9.89,1440699061138,"14,533",100% bearish,of 1 rating,N/A
CREE,$26.89,1440699061244,"557,758",65% bullish,of 17 ratings,$29.50
CRESY,$10.32,1440699061270,"14,435",100% bearish,of 1 rating,$19
CRAY,$20.5,1440699061295,"146,234",83% bullish,of 6 ratings,$38.50
CROX,$14.015,1440699061482,"577,845",63% bullish,of 8 ratings,$16.50
CRTO,$44.19,1440699061546,"148,899",67% bullish,of 6 ratings,$64
CRDS,$1,1440699061612,"69,400",75% bullish,of 4 ratings,$4.50
CYRX,$2.885,1440699061682,"14,864",Not yet rated,NULL,$9
CRWS,$8.1,1440699061730,"5,223",Not yet rated,NULL,$10
CCRN,$13.9,1440699061755,"74,682",100% bearish,of 1 rating,$14.25
CRWN,$4.44,1440699061780,"22,859",75% bullish,of 4 ratings,N/A
CYRXW,$0.869,1440699061969,"2,900",Not yet rated,NULL,N/A
CSGS,$30.47,1440699062047,"94,952",Not yet rated,NULL,$40
CTCM,$1.74,1440699062274,"143,185",80% bearish,of 5 ratings,$3.90
CSPI,$5.7499,1440699062321,"10,412",67% bullish,of 3 ratings,N/A
CCLP,$14.6375,1440699062346,"30,116",67% bearish,of 3 ratings,$20
CTIC,$1.59,1440699062553,"841,982",84% bullish,of 76 ratings,$5.75
CTIB,$3.55,1440699062578,"3,299",100% bearish,of 1 rating,N/A
CUI,$5.06,1440699062729,"9,878",50% bullish,of 2 ratings,$10
CUNB,$20.97,1440699062815,"5,882",Not yet rated,NULL,$24.50
CPIX,$6.02,1440699062841,"1,800",Not yet rated,NULL,N/A
CTRP,$69.59,1440699062897,"1,320,334",75% bullish,of 8 ratings,$92
CRIS,$2.5,1440699062970,"161,671",100% bullish,of 8 ratings,$6
CVBF,$16.115,1440699063107,"121,137",Not yet rated,NULL,$18
CVV,$10.81,1440699063165,"3,761",100% bullish,of 5 ratings,N/A
CUTR,$14.4,1440699063209,"40,140",67% bearish,of 3 ratings,$18
CYAN,$7.7299,1440699063297,"8,351",100% bearish,of 1 rating,N/A
CMLS,$1.4399,1440699063339,"163,445",50% bullish,of 4 ratings,$6
CYBR,$51.74,1440699063400,"721,969",75% bullish,of 8 ratings,$66
CYBE,$6.33,1440699063751,"15,965",100% bearish,of 1 rating,N/A
CYCCP,NULL,1440699063812,0,100% bearish,of 1 rating,N/A
CYBX,$66.61,1440699063881,"166,079",50% bullish,of 4 ratings,$71.50
CYRN,$1.73,1440699063946,"14,775",67% bullish,of 3 ratings,$4
CYCC,$0.51,1440699063971,"15,021",73% bullish,of 11 ratings,N/A
CONE,$32.13,1440699064213,"180,452",67% bearish,of 3 ratings,$35.50
CYNA,$16,1440699064247,"9,728",100% bullish,of 1 rating,$31.50
CY,$9.86,1440699064343,"2,610,024",80% bullish,of 10 ratings,$15.50
CBAY,$2.64,1440699064370,"27,606",100% bullish,of 1 rating,$4
CYTK,$6.79,1440699064506,"66,497",71% bullish,of 14 ratings,$13.50
CYNO,$30.9,1440699064546,"165,520",67% bearish,of 3 ratings,$45.50
CYTX,$0.3001,1440699064746,"1,686,324",83% bullish,of 12 ratings,$5.50
TVIZ,$16.62,1440699065033,"6,942",100% bearish,of 1 rating,N/A
CYTR,$2.32,1440699065131,"265,006",67% bullish,of 6 ratings,$10
CTSO,$6.52,1440699065165,"18,290",Not yet rated,NULL,$15.625
DAEG,$0.36,1440699065186,400,100% bearish,of 1 rating,N/A
TVIX,$11.849,1440699065265,"7,882,660",81% bullish,of 16 ratings,N/A
ZIV,$42.45,1440699065291,"226,378",Not yet rated,NULL,N/A
XIV,$28.81,1440699065322,"15,971,372",75% bearish,of 4 ratings,N/A
DJCO,$196.33,1440699065490,360,Not yet rated,NULL,N/A
DAIO,$2.6393,1440699065867,"1,204",Not yet rated,NULL,N/A
DRAM,$1.19,1440699065948,"22,528",78% bullish,of 9 ratings,N/A
DARA,$0.8402,1440699065996,"42,690",83% bullish,of 6 ratings,$1.50
DAKT,$8.36,1440699066073,"230,460",50% bullish,of 2 ratings,$14
DTLK,$5.72,1440699066175,"31,934",100% bearish,of 1 rating,$9
PLAY,$34.8901,1440699066223,"210,738",100% bullish,of 5 ratings,$42
DWCH,$5.01,1440699066256,"16,829",75% bullish,of 4 ratings,$8.25
DWSN,$4.27,1440699066762,"11,890",67% bullish,of 3 ratings,N/A
DBVT,$40.985,1440699067000,"104,471",100% bearish,of 1 rating,$53
TRAK,$62.865,1440699067025,"172,404",50% bullish,of 2 ratings,$62.50
DTEA,$12.9,1440699067055,"24,732",100% bearish,of 2 ratings,$24
DFRG,$14.56,1440699067085,"48,099",100% bearish,of 1 rating,$20
DHRM,$1.5,1440699067111,"22,321",Not yet rated,NULL,N/A
TACO,$13.21,1440699067157,"68,385",75% bullish,of 4 ratings,$20
TACOW,$4,1440699067182,"11,228",100% bullish,of 1 rating,N/A
DELTW,NULL,1440699067313,0,Not yet rated,NULL,N/A
DGAS,$20.0974,1440699067592,"7,287",67% bearish,of 3 ratings,N/A
DENN,$11.47,1440699067625,"146,343",100% bullish,of 3 ratings,$15
DCTH,$0.3999,1440699067758,"84,230",78% bullish,of 9 ratings,N/A
XRAY,$53.15,1440699067833,"220,091",100% bullish,of 1 rating,$58
DSCI,$5.905,1440699067891,"40,380",50% bullish,of 2 ratings,$16
DEPO,$28.98,1440699067966,"228,538",60% bullish,of 5 ratings,$29
DELT,$2.68,1440699068050,"4,100",Not yet rated,NULL,N/A
DSWL,$1.7399,1440699068206,500,100% bullish,of 1 rating,N/A
DXLG,$5.245,1440699068244,"132,168",100% bearish,of 1 rating,$8
DXM,$0.2588,1440699068336,"208,604",50% bullish,of 2 ratings,N/A
DHXM,NULL,1440699068380,0,Not yet rated,NULL,N/A
DERM,$25.65,1440699068559,"54,189",100% bearish,of 1 rating,$33.50
DEST,$11.405,1440699068626,"49,464",50% bullish,of 2 ratings,N/A
DMND,$28.62,1440699068652,"171,491",75% bullish,of 12 ratings,$32
DXCM,$94.73,1440699068723,"424,619",57% bullish,of 7 ratings,$98
DCIX,$1.75,1440699068789,"77,110",50% bullish,of 4 ratings,$3.50
FANG,$66.865,1440699068828,"429,601",50% bullish,of 2 ratings,$86.50
DHIL,$191.87,1440699069103,560,Not yet rated,NULL,N/A
DRNA,$10.58,1440699069169,"27,288",67% bearish,of 3 ratings,$25
DGLY,$8.104,1440699069298,"137,453",50% bullish,of 6 ratings,$20
DRAD,$3.68,1440699069324,"12,212",100% bullish,of 1 rating,$5.25
DMRC,$34.635,1440699069398,"22,179",100% bearish,of 1 rating,$44
DCOM,$16.88,1440699069460,"73,620",100% bearish,of 2 ratings,$16.50
DGII,$9.69,1440699069488,"81,860",100% bearish,of 1 rating,$10
APPS,$2.37,1440699069514,"52,216",100% bearish,of 1 rating,$10.25
DPRX,$12.59,1440699069654,"3,406",100% bullish,of 2 ratings,$27.75
DIOD,$20.055,1440699069786,"53,355",75% bearish,of 4 ratings,$24
DISCA,$27.06,1440699069812,"872,718",67% bullish,of 3 ratings,$34
DISCK,$25.51,1440699069941,"351,877",100% bearish,of 1 rating,$32
DISCB,$27.0801,1440699069980,200,100% bearish,of 1 rating,$35
DSCO,$0.3701,1440699070026,"194,959",83% bullish,of 6 ratings,$2.75
DISH,$59.44,1440699070156,"615,218",69% bullish,of 13 ratings,$73
DVCR,$10.8,1440699070219,"2,042",100% bullish,of 1 rating,N/A
BAGR,$2.77,1440699070252,"21,009",100% bearish,of 1 rating,$6
DGICA,$14.295,1440699070508,"5,627",100% bearish,of 1 rating,$17
DGICB,NULL,1440699070541,0,100% bearish,of 1 rating,N/A
DNBF,$26.3,1440699070571,200,Not yet rated,NULL,$27.50
DLTR,$76.6,1440699070592,"2,232,049",82% bullish,of 11 ratings,$88
DLHC,$2.4636,1440699070613,"2,034",100% bearish,of 1 rating,N/A
DMLP,$14.49,1440699070649,"24,625",100% bearish,of 1 rating,N/A
DORM,$50.8416,1440699070808,"44,560",100% bearish,of 1 rating,$56
HILL,$9.68,1440699070964,"500,492",60% bearish,of 5 ratings,$9.75
DRWIW,$0.049,1440699071038,400,Not yet rated,NULL,N/A
DRWI,$0.2299,1440699071063,"71,390",60% bullish,of 5 ratings,$.45
DRYS,$0.4425,1440699071300,"4,453,747",77% bullish,of 31 ratings,$.60
DWA,$20.2,1440699071329,"391,748",63% bullish,of 8 ratings,$26
CADT,NULL,1440699071395,0,Not yet rated,NULL,N/A
DSPG,$8.75,1440699071426,"19,538",100% bearish,of 1 rating,$13.50
CADTR,$0.2,1440699071533,"10,500",Not yet rated,NULL,N/A
DSKX,$3.0726,1440699071572,"64,007",100% bullish,of 1 rating,N/A
CADTU,NULL,1440699071627,0,Not yet rated,NULL,N/A
DTSI,$26.6099,1440699071706,"21,408",100% bearish,of 2 ratings,$39.50
DNKN,$51.62,1440699071876,"315,945",67% bullish,of 15 ratings,$56.50
DRRX,$2.035,1440699071946,"84,691",50% bullish,of 6 ratings,$3
CADTW,NULL,1440699071978,0,Not yet rated,NULL,N/A
DXPE,$26.51,1440699072090,"257,963",50% bullish,of 2 ratings,N/A
DYAX,$23.6119,1440699072371,"386,320",89% bullish,of 9 ratings,$30
BOOM,$9.4,1440699072403,"50,233",67% bullish,of 3 ratings,$12
DVAX,$28.3739,1440699072501,"160,349",70% bullish,of 10 ratings,$40
DYNT,$3,1440699072583,"7,747",75% bullish,of 4 ratings,N/A
DYSL,$1.5317,1440699072642,"45,541",100% bullish,of 2 ratings,N/A
EGLE,$6.77,1440699072668,"6,464",60% bullish,of 5 ratings,N/A
ETFC,$26.585,1440699072725,"1,767,851",57% bullish,of 14 ratings,$32.50
EGBN,$42.1,1440699072928,"58,251",Not yet rated,NULL,$48
EROC,$1.4399,1440699073032,"237,690",50% bullish,of 2 ratings,$3
EGRX,$80.71,1440699073101,"193,908",67% bullish,of 3 ratings,$97
EBMT,$12.02,1440699073137,"2,597",Not yet rated,NULL,$13.50
ELNK,$8.49,1440699073165,"258,585",60% bullish,of 5 ratings,$9.50
EWBC,$40.28,1440699073363,"378,467",100% bearish,of 1 rating,$50
EACQU,NULL,1440699073424,0,Not yet rated,NULL,N/A
EML,$16.79,1440699073526,"1,302",Not yet rated,NULL,N/A
EVBS,NULL,1440699073579,0,Not yet rated,NULL,$7
ECHO,$23.51,1440699073717,"301,756",67% bearish,of 3 ratings,$35.50
EBIX,$28.56,1440699073766,"166,901",69% bullish,of 13 ratings,$40
ELON,$0.54,1440699073791,"38,407",50% bullish,of 2 ratings,N/A
EBAY,$27.0399,1440699073866,"5,454,049",81% bullish,of 117 ratings,$48
ECTE,$1.5,1440699074039,"1,534",75% bullish,of 4 ratings,N/A
SATS,$44.98,1440699074067,"32,224",50% bullish,of 2 ratings,$60
ECACU,$10.06,1440699074140,100,Not yet rated,NULL,N/A
ESES,$3.43,1440699074166,500,100% bearish,of 1 rating,$7
EEI,$11.33,1440699074240,"6,641",67% bearish,of 3 ratings,N/A
EDGW,$7.01,1440699074311,"6,974",100% bearish,of 1 rating,N/A
EDUC,$5.24,1440699074544,"8,470",100% bearish,of 1 rating,N/A
EFUT,$4.4,1440699074603,"2,797",Not yet rated,NULL,N/A
EDAP,$3.545,1440699074674,"90,066",60% bullish,of 5 ratings,$4.50
EGLT,$10.5098,1440699074701,"19,689",50% bullish,of 2 ratings,$21
EHTH,$14.02,1440699074733,"39,500",50% bullish,of 4 ratings,$16.50
EGAN,$3.53,1440699074758,"1,092,461",50% bullish,of 2 ratings,$6.25
LOCO,$12.73,1440699074785,"490,350",69% bullish,of 13 ratings,$20
EMITF,$1.2501,1440699074839,"6,994",75% bullish,of 4 ratings,N/A
ESLT,$77.084,1440699075066,"2,468",67% bullish,of 3 ratings,N/A
ERI,$9.66,1440699075200,"50,311",100% bearish,of 1 rating,$10
ELRC,$10.35,1440699075230,"15,586",100% bearish,of 1 rating,N/A
ESIO,$4.47,1440699075256,"63,200",50% bullish,of 2 ratings,$10
EA,$66.83,1440699075306,"898,843",77% bullish,of 35 ratings,$80
EFII,$43.95,1440699075337,"102,177",80% bullish,of 5 ratings,$55
ELSE,$3.8001,1440699075440,"1,247",60% bullish,of 5 ratings,N/A
ELEC,NULL,1440699075751,0,Not yet rated,NULL,N/A
ELECW,NULL,1440699075782,0,Not yet rated,NULL,N/A
ESBK,$19.62,1440699075803,340,Not yet rated,NULL,N/A
EBIO,$3.506,1440699075838,"387,099",100% bearish,of 2 ratings,$8.35
ELECU,NULL,1440699075864,0,Not yet rated,NULL,N/A
RDEN,$10.6,1440699075889,"19,590",100% bearish,of 4 ratings,$15
CAPX,$22.83,1440699076027,"5,600",Not yet rated,NULL,N/A
LONG,$17.09,1440699076182,"31,562",67% bullish,of 3 ratings,$15.75
EMCI,$23.24,1440699076208,"8,582",Not yet rated,NULL,N/A
ELTK,$1.2699,1440699076340,"87,166",67% bearish,of 3 ratings,N/A
EMCF,$23.2999,1440699076472,300,100% bearish,of 1 rating,N/A
EMMSP,NULL,1440699076504,0,100% bearish,of 1 rating,N/A
EMKR,$6.94,1440699076541,"39,206",75% bullish,of 4 ratings,$8.50
ECPG,$39.41,1440699076613,"60,218",100% bullish,of 2 ratings,$52
EMMS,$1.15,1440699076675,"32,650",83% bullish,of 6 ratings,N/A
NYNY,$4.23,1440699076746,"13,346",50% bullish,of 2 ratings,N/A
ENTA,$41.59,1440699076807,"73,709",50% bullish,of 2 ratings,$42
ERS,$2.87,1440699076832,"2,300",Not yet rated,NULL,N/A
WIRE,$30.98,1440699076889,"44,695",100% bearish,of 1 rating,$37
ENDP,$78.89,1440699076986,"448,773",50% bullish,of 6 ratings,$104
ELGX,$13.04,1440699077150,"177,009",75% bullish,of 4 ratings,$17
ECYT,$5.14,1440699077177,"81,107",83% bullish,of 6 ratings,$12
EFOI,$19.6946,1440699077253,"936,577",50% bullish,of 2 ratings,$20.50
WATT,$6.33,1440699077307,"70,566",50% bullish,of 2 ratings,$13
EIGI,$15.53,1440699077349,"155,935",67% bearish,of 3 ratings,$22.50
ERII,$2.7,1440699077442,"20,564",80% bullish,of 5 ratings,$2.50
ENG,$0.9993,1440699077581,"7,110",100% bullish,of 3 ratings,N/A
EXXI,$1.7,1440699077622,"1,288,231",86% bullish,of 7 ratings,$3.50
ENOC,$8.495,1440699077681,"64,650",75% bullish,of 4 ratings,$18
ENPH,$4.685,1440699077912,"336,728",75% bullish,of 4 ratings,$11
ENTG,$13.72,1440699077995,"174,249",100% bearish,of 1 rating,$18
ESGR,$145,1440699078044,"4,645",100% bearish,of 1 rating,$185
ENFC,NULL,1440699078177,0,Not yet rated,NULL,N/A
ENTL,$22.159,1440699078308,"3,700",Not yet rated,NULL,$28
ETRM,$0.2726,1440699078500,"623,402",69% bearish,of 35 ratings,$1.625
EFSC,$23.66,1440699078566,"26,624",Not yet rated,NULL,$27
ENZN,$1.0599,1440699078632,"415,272",100% bullish,of 9 ratings,N/A
EGT,$2.12,1440699078660,706,100% bullish,of 1 rating,N/A
EPIQ,$12.99,1440699078685,"24,556",100% bearish,of 1 rating,$18
EBTC,$22.14,1440699078713,"2,680",Not yet rated,NULL,N/A
ENVI,$1.83,1440699078847,"43,534",67% bullish,of 3 ratings,N/A
PLUS,$75.16,1440699078900,"36,239",50% bullish,of 2 ratings,$88
EPZM,$17.39,1440699079051,"139,795",60% bullish,of 5 ratings,$34
EPRS,$5,1440699079146,"51,536",82% bullish,of 11 ratings,$15
ENZY,$9.14,1440699079173,"3,852",67% bullish,of 3 ratings,$9.50
EQFN,$8.03,1440699079236,200,100% bearish,of 1 rating,N/A
EQIX,$267.875,1440699079261,"178,703",75% bullish,of 4 ratings,$312.50
ESCRP,$1.1501,1440699079669,"2,100",100% bearish,of 1 rating,N/A
ESCR,$0.1303,1440699079694,"151,626",50% bullish,of 2 ratings,N/A
EAC,$3.23,1440699079722,"5,035",100% bearish,of 1 rating,$8
ERIC,$9.88,1440699079857,"729,913",67% bullish,of 9 ratings,$12.20
ERIE,$82.8,1440699079988,"4,660",Not yet rated,NULL,$73
ESCA,$17.17,1440699080162,"3,206",100% bearish,of 1 rating,$22
ESPR,$52.33,1440699080245,"305,209",70% bearish,of 10 ratings,$123
ESMC,$1.3,1440699080298,"2,406",Not yet rated,NULL,N/A
ESND,$34.16,1440699080374,"33,314",100% bearish,of 2 ratings,$40
EPIX,NULL,1440699080457,0,Not yet rated,NULL,N/A
ESSX,$0.361,1440699080483,"63,938",50% bullish,of 2 ratings,N/A
ESSA,$12.7501,1440699080531,646,100% bearish,of 1 rating,N/A
ETSY,$13.95,1440699080556,"337,289",80% bullish,of 5 ratings,$16
CLWT,$2.41,1440699080727,200,100% bullish,of 1 rating,N/A
EEFT,$65.32,1440699080752,"122,223",100% bearish,of 1 rating,$67.50
ESEA,$5.55,1440699080805,401,100% bullish,of 1 rating,$15
EVEP,$8.3328,1440699080911,"220,777",50% bullish,of 2 ratings,$15
EVK,$3.75,1440699080940,300,75% bearish,of 4 ratings,N/A
EVLV,$2.5,1440699080966,"103,084",60% bullish,of 5 ratings,$6
EVOL,$6.1,1440699081103,"3,725",75% bullish,of 4 ratings,$10
EVOK,$4.0212,1440699081154,"16,717",100% bearish,of 1 rating,$13.375
EXAC,$18.49,1440699081379,"64,208",100% bearish,of 1 rating,$22.50
EXA,$11.21,1440699081455,"4,950",100% bearish,of 1 rating,$13
EXAS,$22.15,1440699081516,"506,573",78% bullish,of 9 ratings,$31
EXPE,$117.17,1440699081548,"429,291",64% bullish,of 11 ratings,$130
EXLS,$36,1440699081569,"84,753",50% bullish,of 2 ratings,$41
EXFO,$2.98,1440699081618,"19,552",67% bearish,of 3 ratings,$3.95
EXEL,$5.97,1440699081643,"4,488,467",81% bullish,of 16 ratings,$6
EXPO,$42.5,1440699081775,"45,701",100% bearish,of 1 rating,$45.50
EXPD,$49.965,1440699081828,"600,731",80% bullish,of 5 ratings,$52
ESRX,$85.15,1440699081905,"1,021,299",67% bearish,of 6 ratings,$101
EXLP,$19.03,1440699081962,"90,300",100% bearish,of 1 rating,$25
EXTR,$2.77,1440699081996,"366,465",80% bullish,of 5 ratings,$3
EYEG,$3.6724,1440699082098,"8,005",Not yet rated,NULL,N/A
EYEGW,$0.9024,1440699082229,172,Not yet rated,NULL,N/A
FFIV,$123.1159,1440699082462,"414,084",63% bullish,of 8 ratings,$132
EZCH,$22.4701,1440699082489,"125,897",75% bullish,of 8 ratings,$19.50
EZPW,$5.93,1440699082524,"102,741",50% bullish,of 4 ratings,$7.50
FCS,$13.53,1440699082617,"274,353",67% bearish,of 3 ratings,$17
FB,$89.07,1440699082649,"15,986,338",73% bullish,of 1067 ratings,$111
FALC,$1.66,1440699082674,"80,743",63% bearish,of 8 ratings,N/A
FWM,$2.42,1440699082702,"72,097",100% bearish,of 2 ratings,$3.20
FRP,$15.55,1440699082724,"74,379",100% bearish,of 1 rating,$18
FARM,$21.57,1440699082855,"32,837",100% bearish,of 1 rating,$35
DAVE,$14.56,1440699082883,"2,757",100% bearish,of 1 rating,$15.50
FFKT,$25.89,1440699083017,"6,636",Not yet rated,NULL,$29
FMNB,$8.09,1440699083074,"10,772",Not yet rated,NULL,N/A
FAST,$38.86,1440699083155,"856,401",80% bullish,of 5 ratings,$45.50
FARO,$37.92,1440699083186,"19,174",50% bullish,of 2 ratings,$48
FATE,$6.63,1440699083292,"10,404",50% bullish,of 2 ratings,$11
FNHC,$21.89,1440699083421,"20,379",100% bearish,of 1 rating,$35
FBSS,NULL,1440699083449,0,Not yet rated,NULL,N/A
FBRC,$21.81,1440699083630,"38,788",100% bearish,of 1 rating,$29
FHCO,$1.3598,1440699083670,"4,088",50% bullish,of 4 ratings,N/A
FEIC,$75.1,1440699083703,"106,851",50% bullish,of 2 ratings,$95.50
FDML,$8.4101,1440699083725,"142,662",50% bullish,of 4 ratings,$14
FENX,$9.6,1440699083757,"11,892",100% bullish,of 1 rating,$14.25
FCSC,$5.57,1440699083802,"45,363",100% bearish,of 1 rating,$8.125
FGEN,$23.7644,1440699084057,"91,745",100% bearish,of 1 rating,$39
LION,$18.92,1440699084087,"42,609",100% bullish,of 1 rating,$20
ONEQ,$189.195,1440699084108,"27,140",100% bullish,of 1 rating,N/A
FDUS,$14.29,1440699084246,"21,563",50% bullish,of 2 ratings,$18
FRGI,$52.13,1440699084273,"63,324",50% bullish,of 2 ratings,$70
FSC,$6.41,1440699084410,"474,763",60% bullish,of 5 ratings,$8
FSAM,$8.328,1440699084441,"4,734",100% bearish,of 1 rating,$10.25
FSFR,$8.89,1440699084482,"37,845",100% bearish,of 1 rating,$11.50
FSCFL,$24.49,1440699084541,"6,776",Not yet rated,NULL,N/A
FITB,$19.95,1440699084618,"3,491,125",54% bullish,of 13 ratings,$22
FITBI,$27.5,1440699084777,"15,355",Not yet rated,NULL,N/A
FISI,$24.62,1440699084802,"60,780",100% bullish,of 2 ratings,$24.50
FNGN,$32.65,1440699084845,"113,133",67% bullish,of 3 ratings,$47
FNSR,$15.64,1440699084880,"359,573",71% bullish,of 7 ratings,$24.50
FNTC,$9.79,1440699084978,151,Not yet rated,NULL,N/A
FNJN,$1.9199,1440699085025,"56,742",100% bearish,of 1 rating,$5
FEYE,$39.4,1440699085223,"1,900,359",87% bullish,of 15 ratings,$55.50
FNTCU,NULL,1440699085254,0,Not yet rated,NULL,N/A
FNTCW,NULL,1440699085299,0,Not yet rated,NULL,N/A
BUSE,$6.37,1440699085387,"19,442",Not yet rated,NULL,$6.875
FNLC,$18.8507,1440699085438,"11,226",100% bullish,of 1 rating,N/A
FRBA,$6.0773,1440699085468,"2,300",Not yet rated,NULL,$8
FBNC,$17.1,1440699085568,"6,210",100% bullish,of 1 rating,$20
FBIZ,$44,1440699085760,"6,350",100% bearish,of 2 ratings,$52
FCVA,$4.6201,1440699085832,"1,932",Not yet rated,NULL,N/A
FCAP,$27.4,1440699085927,88,Not yet rated,NULL,N/A
FCFS,$39.62,1440699085969,"49,399",100% bearish,of 3 ratings,$48
FCNCA,$238.12,1440699086070,"1,759",Not yet rated,NULL,N/A
FCLF,NULL,1440699086096,0,Not yet rated,NULL,N/A
FCBC,$17.64,1440699086141,"7,485",Not yet rated,NULL,$18
FCCO,$12.05,1440699086317,"3,350",Not yet rated,NULL,$13.25
FCFP,$6.823,1440699086343,250,Not yet rated,NULL,N/A
FDEF,$38.09,1440699086406,"17,012",Not yet rated,NULL,$38
FFBCW,NULL,1440699086477,0,100% bearish,of 1 rating,N/A
FFNM,$6.37,1440699086507,"1,250",Not yet rated,NULL,N/A
FBNK,$17.11,1440699086532,"21,400",100% bearish,of 1 rating,$17.50
FFBC,$18.37,1440699086562,"72,791",67% bearish,of 3 ratings,$20.25
THFF,$32.92,1440699086706,"10,974",Not yet rated,NULL,$35
FFWM,$21.19,1440699086888,"24,372",Not yet rated,NULL,$24
FFNW,$12.11,1440699086914,"9,093",Not yet rated,NULL,$14
FIBK,$26.54,1440699087048,"46,429",Not yet rated,NULL,$32
FRME,$25.75,1440699087079,"50,314",Not yet rated,NULL,$26.50
INBK,$30.291,1440699087105,"4,155",50% bullish,of 2 ratings,$37
FMBH,NULL,1440699087177,0,Not yet rated,NULL,N/A
FNBC,$34.7,1440699087247,"41,969",Not yet rated,NULL,$40
FMBI,$17.53,1440699087273,"114,230",Not yet rated,NULL,$20
FNWB,NULL,1440699087303,0,Not yet rated,NULL,N/A
FNFG,$9.105,1440699087438,"825,216",80% bullish,of 5 ratings,$9
FSFG,NULL,1440699087470,0,Not yet rated,NULL,N/A
FSGI,$2.47,1440699087620,"1,275",Not yet rated,NULL,N/A
FSBK,$7.78,1440699087645,"2,449",100% bullish,of 1 rating,N/A
FSLR,$47.48,1440699087782,"720,399",72% bullish,of 39 ratings,$65
FFIN,$30.8,1440699087808,"56,309",50% bullish,of 2 ratings,$31.75
BICK,$19.885,1440699087881,"9,240",100% bullish,of 1 rating,N/A
FV,$23.5549,1440699087972,"2,636,834",100% bearish,of 1 rating,N/A
FCAN,$24.3988,1440699088042,"3,151",Not yet rated,NULL,N/A
FBZ,NULL,1440699088170,0,Not yet rated,NULL,N/A
FCA,$20.2868,1440699088199,"1,377",Not yet rated,NULL,N/A
FTCS,$36.6996,1440699088254,"14,578",100% bearish,of 1 rating,N/A
FTSM,$59.85,1440699088330,"11,803",100% bearish,of 1 rating,N/A
FEMB,NULL,1440699088357,0,Not yet rated,NULL,N/A
IFV,$17.9572,1440699088389,"366,114",100% bearish,of 1 rating,N/A
FEUZ,$31.452,1440699088487,318,Not yet rated,NULL,N/A
TDIV,$24.66,1440699088569,"68,918",100% bearish,of 1 rating,N/A
MDIV,$19.248,1440699088639,"98,784",Not yet rated,NULL,N/A
FGM,$35.978,1440699088734,"5,766",Not yet rated,NULL,N/A
FTGC,$22.1176,1440699088870,"23,350",Not yet rated,NULL,N/A
HYLS,$49.7286,1440699088896,"20,363",100% bearish,of 1 rating,N/A
FTHI,$19.375,1440699088924,"2,500",Not yet rated,NULL,N/A
FHK,$33.971,1440699089058,"22,038",Not yet rated,NULL,N/A
FPXI,$27.46,1440699089083,703,Not yet rated,NULL,N/A
YDIV,$16.4692,1440699089142,"5,194",Not yet rated,NULL,N/A
SKYY,$29,1440699089347,"35,938",100% bullish,of 1 rating,N/A
FJP,$47.8,1440699089394,"4,041",Not yet rated,NULL,N/A
CU,$13.0809,1440699089431,"3,448",100% bearish,of 1 rating,N/A
FTLB,$19.35,1440699089484,"1,447",100% bearish,of 1 rating,N/A
LMBS,$50.0501,1440699089563,547,Not yet rated,NULL,N/A
FMB,$51.1425,1440699089663,165,Not yet rated,NULL,N/A
PLTM,$6.21,1440699089694,"14,491",100% bearish,of 1 rating,N/A
QABA,$37.55,1440699089767,"7,060",100% bearish,of 1 rating,N/A
CIBR,$18.07,1440699089793,"77,673",Not yet rated,NULL,N/A
QCLN,$14.92,1440699089960,"13,393",Not yet rated,NULL,N/A
FONE,$35.3724,1440699089988,"1,960",Not yet rated,NULL,N/A
GRID,NULL,1440699090094,0,100% bearish,of 1 rating,N/A
CARZ,$35.006,1440699090125,"3,853",100% bearish,of 1 rating,N/A
RDVY,$21.24,1440699090221,"8,418",Not yet rated,NULL,N/A
QQEW,$42.05,1440699090322,"50,260",Not yet rated,NULL,N/A
QTEC,$40.195,1440699090363,"56,093",Not yet rated,NULL,N/A
QQXT,$40.7499,1440699090388,"26,157",Not yet rated,NULL,N/A
QINC,NULL,1440699090619,0,Not yet rated,NULL,N/A
FKO,$23,1440699090647,147,Not yet rated,NULL,N/A
AIRR,$16.13,1440699090668,"11,524",100% bearish,of 1 rating,N/A
FTSL,$48.82,1440699090703,"28,389",100% bearish,of 1 rating,N/A
FDIV,$44.8284,1440699090800,"6,205",100% bearish,of 1 rating,N/A
FSZ,$39.349,1440699090829,"5,741",Not yet rated,NULL,N/A
TUSA,$24.8599,1440699090883,389,Not yet rated,NULL,N/A
FKU,$41.86,1440699091067,"7,392",Not yet rated,NULL,N/A
FTW,NULL,1440699091216,0,Not yet rated,NULL,N/A
FUNC,$8.2,1440699091285,300,Not yet rated,NULL,N/A
FMER,$17.87,1440699091316,"574,383",50% bullish,of 2 ratings,$20
FISV,$86.6501,1440699091343,"615,708",100% bearish,of 3 ratings,$90
SVVC,$9.5499,1440699091390,"12,774",50% bullish,of 2 ratings,$26
FIVE,$37.38,1440699091418,"288,620",75% bearish,of 4 ratings,$44
FPRX,$18.66,1440699091494,"97,876",50% bullish,of 2 ratings,$35
FSV,$31.32,1440699091676,"3,146",Not yet rated,NULL,$33.60
FLML,$22.64,1440699091735,"89,718",50% bullish,of 2 ratings,$30
FIVN,$4.11,1440699091808,"65,905",100% bullish,of 1 rating,$8.50
FLKS,$12.25,1440699092313,"8,112",50% bullish,of 2 ratings,$27
FLXN,$24.59,1440699092358,"50,599",100% bearish,of 1 rating,$40
MBSD,NULL,1440699092515,0,Not yet rated,NULL,N/A
FLXS,$31.79,1440699092542,"9,290",100% bearish,of 2 ratings,N/A
SKOR,NULL,1440699092562,0,Not yet rated,NULL,N/A
FOGO,$18.32,1440699092693,"46,991",50% bullish,of 2 ratings,$25.50
FLEX,$10.65,1440699092718,"865,337",63% bullish,of 8 ratings,$12
FLIR,$28.61,1440699092746,"599,897",100% bearish,of 1 rating,$38.50
FFIC,$19.91,1440699092790,"27,579",Not yet rated,NULL,$21
FLDM,$11.39,1440699092933,"315,649",67% bearish,of 3 ratings,$15
FES,$0.886,1440699093035,"43,476",50% bullish,of 2 ratings,$1
FOMX,$10.085,1440699093061,"54,449",50% bullish,of 2 ratings,$23.50
FONR,$9.7301,1440699093122,"9,236",100% bullish,of 1 rating,N/A
FORR,$32.21,1440699093149,"15,808",Not yet rated,NULL,N/A
FORM,$6.29,1440699093198,"99,993",67% bullish,of 3 ratings,$10.50
FORTY,NULL,1440699093224,0,100% bearish,of 1 rating,N/A
FTNT,$43.2,1440699093440,"398,648",80% bullish,of 10 ratings,$52
FORD,$2.19,1440699093575,"7,223,369",67% bullish,of 3 ratings,N/A
FWP,$26.11,1440699093605,"27,969",100% bearish,of 1 rating,$45
FMI,$22.02,1440699093632,"87,912",100% bearish,of 2 ratings,$27.50
FBIO,$2.61,1440699093680,"29,685",83% bullish,of 6 ratings,N/A
FOSL,$60.88,1440699093707,"362,032",60% bearish,of 5 ratings,$80
FWRD,$45.49,1440699093764,"159,564",100% bearish,of 1 rating,$50
FXCB,$17.15,1440699093862,"27,218",Not yet rated,NULL,$19
FOXF,$15.45,1440699094061,"11,486",100% bearish,of 1 rating,$19
FRAN,$11.09,1440699094160,"194,842",50% bullish,of 4 ratings,$15
FELE,$28.37,1440699094188,"80,285",50% bullish,of 4 ratings,$33
FRED,$12.835,1440699094213,"258,242",50% bullish,of 2 ratings,$16.50
FREE,$0.382,1440699094374,"316,595",92% bullish,of 12 ratings,N/A
RAIL,$19.71,1440699094401,"36,865",100% bearish,of 1 rating,$24.50
FRPT,$12.7,1440699094432,"224,673",67% bearish,of 3 ratings,$23.50
FTR,$4.95,1440699094636,"9,255,183",78% bullish,of 27 ratings,$6.25
FEIM,$10.87,1440699094686,108,100% bearish,of 1 rating,N/A
FTRPR,$99.3,1440699094719,"3,020",100% bearish,of 1 rating,N/A
FRPH,$30.88,1440699094748,"1,669",100% bearish,of 1 rating,N/A
FSBW,$23.15,1440699094777,777,Not yet rated,NULL,N/A
FSYS,$6.46,1440699094829,"9,021",67% bullish,of 3 ratings,$10
FTD,$30.02,1440699094879,"34,127",100% bearish,of 1 rating,$40
FTEK,$2.0291,1440699095012,"20,178",75% bullish,of 4 ratings,N/A
FCEL,$0.7365,1440699095095,"936,978",88% bullish,of 41 ratings,$2.65
FULL,$3.07,1440699095181,"145,646",67% bearish,of 3 ratings,$4.25
FLL,$1.4525,1440699095287,"7,648",75% bullish,of 4 ratings,$3.50
FULLL,NULL,1440699095328,0,Not yet rated,NULL,N/A
FULT,$12.14,1440699095416,"248,465",100% bearish,of 1 rating,$13
FFHL,NULL,1440699095450,0,50% bullish,of 4 ratings,N/A
GK,$67.59,1440699095545,"20,889",Not yet rated,NULL,$78
FXEN,$0.86,1440699095571,"22,741",75% bullish,of 4 ratings,$1.10
FSNN,NULL,1440699095647,0,67% bullish,of 3 ratings,$6
FXENP,NULL,1440699095753,0,100% bearish,of 1 rating,N/A
WILC,$4.85,1440699095781,970,100% bullish,of 2 ratings,N/A
GAIA,$6,1440699095829,"15,896",50% bullish,of 2 ratings,$8.50
GALT,$1.93,1440699095938,"39,696",80% bullish,of 5 ratings,N/A
GLPG,$61.557,1440699095970,"13,581",100% bullish,of 1 rating,$75
GALTU,NULL,1440699095996,0,100% bearish,of 1 rating,N/A
GALTW,NULL,1440699096221,0,100% bullish,of 1 rating,N/A
GALE,$1.49,1440699096327,"472,858",89% bullish,of 47 ratings,$4
GLMD,$8.86,1440699096390,"9,516",67% bullish,of 3 ratings,$20.50
GLPI,$31.62,1440699096416,"297,519",100% bearish,of 1 rating,$37.50
GPIC,NULL,1440699096559,0,100% bearish,of 1 rating,N/A
GGACR,$0.25,1440699096623,"310,354",100% bullish,of 1 rating,N/A
GGAC,$9.88,1440699096753,"6,232",100% bearish,of 1 rating,N/A
GRMN,$38.09,1440699096801,"372,110",50% bullish,of 6 ratings,$46.50
GGACU,$10.3,1440699096827,"12,700",Not yet rated,NULL,N/A
GGACW,$0.1499,1440699096899,"301,600",Not yet rated,NULL,N/A
GARS,$14.26,1440699096965,"23,600",Not yet rated,NULL,$16
GENC,$9.28,1440699097029,800,100% bearish,of 1 rating,N/A
GNCMA,$16.99,1440699097123,"158,972",100% bearish,of 1 rating,$12
GFNSL,$25.7499,1440699097254,"2,900",Not yet rated,NULL,N/A
GFN,$3.7,1440699097279,"5,368",100% bearish,of 2 ratings,$8
GFNCP,$95,1440699097420,260,Not yet rated,NULL,N/A
GENE,$2.144,1440699097482,"153,873",100% bullish,of 12 ratings,N/A
GNCA,$12.19,1440699097508,"45,938",100% bearish,of 1 rating,$20
GNMK,$9.495,1440699097534,"33,875",67% bullish,of 6 ratings,$14
GHDX,$26.36,1440699097664,"55,796",50% bullish,of 2 ratings,$30
GNTX,$15.23,1440699097808,"925,298",Not yet rated,NULL,$20
GTWN,NULL,1440699097851,0,Not yet rated,NULL,N/A
GNVC,$2.48,1440699097893,"3,300",90% bullish,of 10 ratings,$8.50
THRM,$44.42,1440699098000,"90,427",75% bearish,of 4 ratings,$55.50
GABC,$29.37,1440699098031,"8,178",Not yet rated,NULL,$31
GEOS,$15.78,1440699098061,"98,560",100% bearish,of 3 ratings,$21
GEVO,$2.3401,1440699098142,"273,817",75% bullish,of 12 ratings,$5
GERN,$3.04,1440699098174,"672,459",88% bullish,of 16 ratings,$5.25
ROCK,$16.44,1440699098273,"41,299",80% bullish,of 5 ratings,$24
GIGM,$0.56,1440699098358,"19,049",100% bullish,of 2 ratings,N/A
GILD,$108.11,1440699098538,"4,072,129",91% bullish,of 87 ratings,$129
GIII,$67.835,1440699098564,"105,315",67% bullish,of 3 ratings,$75
GBCI,$25.75,1440699098744,"134,564",50% bullish,of 2 ratings,$31
GIGA,$1.44,1440699098776,"13,310",100% bearish,of 1 rating,N/A
GILT,$4.3452,1440699098875,"8,527",50% bullish,of 2 ratings,N/A
GLAD,$8.64,1440699098901,"210,265",50% bullish,of 2 ratings,$8.75
GOOD,$14.67,1440699099042,"41,675",Not yet rated,NULL,$19
GLADO,$25.5899,1440699099072,"1,640",Not yet rated,NULL,N/A
GOODN,NULL,1440699099098,0,Not yet rated,NULL,N/A
GOODP,NULL,1440699099282,0,Not yet rated,NULL,N/A
GAINN,$25.1001,1440699099368,"2,975",Not yet rated,NULL,N/A
GAIN,$7.37,1440699099449,"73,090",100% bullish,of 2 ratings,$8.25
GAINO,$25.2564,1440699099496,500,Not yet rated,NULL,N/A
GOODO,$25.0601,1440699099527,"1,019",Not yet rated,NULL,N/A
LAND,$9.36,1440699099729,"22,858",50% bullish,of 2 ratings,$13.75
GAINP,$25.9726,1440699099791,"2,029",Not yet rated,NULL,N/A
GBLI,$26.77,1440699099895,"4,442",Not yet rated,NULL,N/A
GDEF,NULL,1440699099924,0,Not yet rated,NULL,N/A
GBT,$41.99,1440699099962,"35,860",100% bearish,of 1 rating,N/A
GLBZ,NULL,1440699099991,0,Not yet rated,NULL,N/A
ENT,$11.52,1440699100020,"70,618",100% bearish,of 1 rating,$18
GPACU,NULL,1440699100164,0,Not yet rated,NULL,N/A
ACTX,$13.2068,1440699100256,"4,251",100% bullish,of 1 rating,N/A
GSOL,$7.94,1440699100345,"11,120",100% bearish,of 1 rating,N/A
QQQC,$19.6325,1440699100376,"5,107",100% bearish,of 1 rating,N/A
SOCL,$17.6999,1440699100483,"18,403",100% bullish,of 2 ratings,N/A
ALTY,$14.35,1440699100614,558,Not yet rated,NULL,N/A
YLCO,NULL,1440699100786,0,Not yet rated,NULL,N/A
SRET,$13.2725,1440699100842,"2,201",Not yet rated,NULL,N/A
GBIM,$2.22,1440699100891,"18,921",50% bullish,of 2 ratings,N/A
GAI,$5.93,1440699100916,10,50% bullish,of 2 ratings,N/A
GLUU,$4.39,1440699100975,"1,381,924",92% bullish,of 26 ratings,$9
GLBS,$1.011,1440699101048,"13,100",67% bullish,of 3 ratings,N/A
GLYC,$6.97,1440699101180,"3,720",50% bullish,of 2 ratings,$14
GSM,$13.65,1440699101210,"155,672",50% bullish,of 2 ratings,$23
GLNG,$36.64,1440699101312,"382,911",83% bullish,of 6 ratings,$58
GLRI,$1.03,1440699101389,"7,899",100% bearish,of 1 rating,$4.25
GOGO,$15.62,1440699101455,"310,836",80% bullish,of 5 ratings,$25
GMLP,$17.695,1440699101533,"216,019",50% bullish,of 4 ratings,$32.50
GDEN,$8.95,1440699101760,"1,600",50% bullish,of 2 ratings,N/A
GTIM,$6.6799,1440699101820,"26,824",Not yet rated,NULL,$11.50
GOOG,$628.53,1440699101849,"877,397",89% bullish,of 70 ratings,$825
GOGL,$2.83,1440699101923,"222,331",75% bullish,of 4 ratings,$5
GMAN,$3.65,1440699101949,"58,601",60% bullish,of 5 ratings,$8.50
GBDC,$16.73,1440699102020,"73,931",Not yet rated,NULL,$17.75
GLDC,$4.15,1440699102049,5,50% bullish,of 2 ratings,N/A
GPRO,$47.885,1440699102079,"3,864,902",78% bullish,of 58 ratings,$72
GOOGL,$659.18,1440699102204,"824,237",88% bullish,of 1080 ratings,$749
GPIAW,$0.975,1440699102388,"4,500",Not yet rated,NULL,N/A
GPIAU,NULL,1440699102414,0,Not yet rated,NULL,N/A
GPIA,NULL,1440699102488,0,Not yet rated,NULL,N/A
LOPE,$37.46,1440699102674,"86,864",100% bearish,of 2 ratings,$50
GBSNU,NULL,1440699102703,0,NULL,NULL,NULL
GRVY,$3.1,1440699102805,"3,675",50% bullish,of 2 ratings,N/A
GNBC,$11.74,1440699102935,"6,985",100% bearish,of 1 rating,$16.50
GBSN,$0.395,1440699102976,"7,458,733",50% bullish,of 2 ratings,$8.25
GLDD,$5.36,1440699103029,"70,137",100% bearish,of 4 ratings,$7.75
GRBK,$12.11,1440699103109,"119,438",77% bullish,of 13 ratings,N/A
GPRE,$19.575,1440699103136,"257,453",67% bullish,of 6 ratings,$28.50
GSBC,$39.97,1440699103206,"13,095",100% bullish,of 1 rating,$44
GPP,$13.3107,1440699103235,"38,091",Not yet rated,NULL,$20.50
GLRE,$24.85,1440699103311,"88,377",50% bullish,of 2 ratings,$41
GCBC,NULL,1440699103416,0,100% bullish,of 1 rating,N/A
GRIF,$30.12,1440699103578,"1,088",100% bearish,of 1 rating,N/A
GRFS,$30.495,1440699103605,"203,907",50% bullish,of 2 ratings,$35
GRPN,$4.33,1440699103632,"4,310,694",61% bullish,of 71 ratings,$6.75
GGAL,$19.71,1440699103762,"113,844",80% bullish,of 5 ratings,$40
GSIG,$12.878,1440699103843,"17,532",100% bearish,of 2 ratings,N/A
OMAB,$40.34,1440699103868,"20,480",100% bullish,of 1 rating,$44
GTXI,$0.8013,1440699104001,"10,937",100% bullish,of 5 ratings,$.75
GSIT,$4.65,1440699104045,"9,394",100% bearish,of 1 rating,N/A
GSVC,$8.92,1440699104180,"40,225",50% bullish,of 2 ratings,$14.50
GBNK,$15.49,1440699104206,"8,005",100% bearish,of 1 rating,$18
GUID,$7.15,1440699104239,"72,834",100% bearish,of 3 ratings,$10
GFED,NULL,1440699104344,0,Not yet rated,NULL,$17
GIFI,$11.62,1440699104454,"13,307",100% bearish,of 1 rating,$16
GULTU,$0.298,1440699104588,"264,971",100% bearish,of 1 rating,N/A
GPOR,$35.6,1440699104693,"833,359",75% bullish,of 4 ratings,$55
GURE,$1.6543,1440699104721,"16,835",88% bullish,of 8 ratings,N/A
GWPH,$107.99,1440699104936,"88,461",78% bullish,of 9 ratings,$148.50
HLG,$8.0501,1440699105002,200,100% bearish,of 1 rating,N/A
GWGH,NULL,1440699105089,0,100% bearish,of 1 rating,$15.05
HEES,$18.49,1440699105134,"334,852",67% bearish,of 3 ratings,$31
HNRG,$7.6301,1440699105192,"83,868",100% bearish,of 1 rating,$10
GYRO,NULL,1440699105226,0,100% bearish,of 1 rating,N/A
HALO,$17.93,1440699105473,"438,483",67% bullish,of 3 ratings,$22.50
HBK,$13.8,1440699105545,300,50% bullish,of 2 ratings,N/A
HMPR,$1.865,1440699105574,"11,085",100% bullish,of 1 rating,N/A
HBHC,$27.69,1440699105680,"222,637",50% bullish,of 2 ratings,$30
HALL,$11.28,1440699105705,"9,299",Not yet rated,NULL,N/A
HNH,$25.95,1440699106022,"10,210",100% bullish,of 1 rating,N/A
HNSN,$0.513,1440699106085,"59,230",88% bullish,of 8 ratings,$.40
HBHCL,$24.4799,1440699106113,"9,667",Not yet rated,NULL,N/A
HDNG,$9.6002,1440699106266,"9,825",50% bullish,of 4 ratings,N/A
HRMN,NULL,1440699106359,0,Not yet rated,NULL,N/A
HAFC,$24.19,1440699106424,"80,450",100% bullish,of 2 ratings,$28.50
HQCL,$12.38,1440699106490,"28,315",67% bullish,of 3 ratings,$14
TINY,$2.4899,1440699106558,"20,093",50% bullish,of 2 ratings,$5.26
HRMNU,NULL,1440699106587,0,Not yet rated,NULL,N/A
HLIT,$5.75,1440699106690,"112,372",100% bearish,of 1 rating,$6.50
HART,$0.89,1440699106824,"58,525",100% bearish,of 1 rating,N/A
HBIO,$4.4,1440699106868,"25,298",Not yet rated,NULL,$10
HRMNW,NULL,1440699106927,0,Not yet rated,NULL,N/A
HCAP,$12.02,1440699107002,"15,195",50% bullish,of 2 ratings,$15
HAS,$75.162,1440699107132,"324,644",63% bullish,of 8 ratings,$84.50
HCAPL,$25.15,1440699107263,"1,800",Not yet rated,NULL,N/A
HA,$22.7,1440699107288,"435,414",67% bullish,of 9 ratings,$27
HWKN,$36.83,1440699107433,"12,935",Not yet rated,NULL,N/A
HCOM,$22.02,1440699107491,"4,552",100% bearish,of 1 rating,$28
HWBK,$13.63,1440699107519,800,100% bearish,of 1 rating,N/A
HAYN,$37.66,1440699107659,"27,586",100% bearish,of 1 rating,$59
HDS,$32.7899,1440699107687,"933,502",100% bearish,of 2 ratings,$39.50
HQY,$29.33,1440699107826,"80,173",67% bullish,of 3 ratings,$31
HIIQ,$4.65,1440699107857,"31,170",50% bullish,of 2 ratings,$7
HCSG,$33.4306,1440699107959,"67,929",50% bullish,of 4 ratings,$35
HSTM,$24.97,1440699108004,"31,800",50% bullish,of 2 ratings,$33.75
HWAY,$12.04,1440699108088,"75,298",100% bearish,of 1 rating,$15
HTLD,$20.42,1440699108179,"133,342",Not yet rated,NULL,$22.50
HTWR,$84.64,1440699108323,"83,999",50% bullish,of 2 ratings,$103
HTLF,$36,1440699108406,"21,292",100% bullish,of 1 rating,$39.50
HTBX,$5.16,1440699108455,"5,675",50% bullish,of 2 ratings,$15.50
HMNY,NULL,1440699108700,0,100% bearish,of 1 rating,N/A
HELE,$85.34,1440699108797,"65,564",67% bearish,of 3 ratings,$100
HMTV,$13.63,1440699108824,"16,614",100% bearish,of 1 rating,$16
HNNA,$24.64,1440699108845,"1,831",Not yet rated,NULL,N/A
HSII,$19.57,1440699108881,"22,814",100% bullish,of 3 ratings,$25
HCACU,NULL,1440699108978,0,Not yet rated,NULL,N/A
HSIC,$138.545,1440699109010,"173,251",83% bullish,of 6 ratings,$146
HERO,NULL,1440699109050,0,NULL,NULL,NULL
HTBK,$10.66,1440699109349,"19,081",Not yet rated,NULL,$12
MLHR,$27.05,1440699109447,"126,180",50% bullish,of 2 ratings,$33.50
HFWA,$17.56,1440699109543,"16,159",100% bullish,of 1 rating,$20
HSKA,$33.4,1440699109568,"21,628",100% bearish,of 1 rating,$38
HCCI,$11.12,1440699109596,"15,866",100% bearish,of 1 rating,$16.50
HEOP,$7.665,1440699109621,"5,718",Not yet rated,NULL,$8.50
HRTX,$34.3989,1440699109648,"205,287",67% bullish,of 6 ratings,$41
HFFC,$16,1440699109782,"3,038",Not yet rated,NULL,N/A
HIBB,$38.47,1440699109975,"135,700",100% bearish,of 1 rating,$46.50
HSGX,$5.91,1440699110054,700,100% bearish,of 1 rating,$17
HIFS,$117,1440699110079,"2,586",Not yet rated,NULL,N/A
HIHO,$3.89,1440699110109,"6,497",Not yet rated,NULL,N/A
HPJ,$2.2001,1440699110134,"35,584",75% bullish,of 4 ratings,$12.43
HMSY,$10.03,1440699110329,"448,586",67% bullish,of 3 ratings,$19.35
HIMX,$6.74,1440699110394,"451,623",86% bullish,of 21 ratings,$8.50
HMNF,$11.0001,1440699110527,"1,650",Not yet rated,NULL,N/A
HBCP,$24.9799,1440699110560,200,Not yet rated,NULL,$29
HOLI,$17.73,1440699110590,"134,018",50% bullish,of 4 ratings,$27
HOMB,$38.0205,1440699110659,"78,269",Not yet rated,NULL,$42
HOLX,$39.35,1440699110684,"542,700",67% bullish,of 3 ratings,$42
HFBL,$21.54,1440699110878,200,Not yet rated,NULL,N/A
HMST,$21.9,1440699111052,"80,046",100% bullish,of 2 ratings,$27
HTBI,$18.29,1440699111078,"17,615",67% bullish,of 3 ratings,$18.625
HMIN,$27.5,1440699111099,"160,384",100% bearish,of 2 ratings,$35
AWAY,$28.6,1440699111133,"401,587",67% bullish,of 3 ratings,$36
CETC,$0.7202,1440699111236,"56,719",86% bullish,of 7 ratings,N/A
HKTV,$4.66,1440699111264,"27,150",100% bearish,of 1 rating,N/A
HOFT,$23.51,1440699111289,"27,741",100% bearish,of 1 rating,N/A
HFBC,$11.28,1440699111518,"2,420",Not yet rated,NULL,N/A
HZNP,$30.42,1440699111595,"984,400",85% bullish,of 20 ratings,$40
HBNC,$23.37,1440699111621,"3,610",100% bullish,of 1 rating,$27
HDP,$24.49,1440699111811,"152,987",67% bearish,of 3 ratings,$30.50
HRZN,$10.255,1440699112052,"26,002",50% bullish,of 2 ratings,$14.25
HMHC,$22.81,1440699112098,"920,639",Not yet rated,NULL,$27
HSNI,$62.1,1440699112123,"73,824",Not yet rated,NULL,$80
HOVNP,$4.4985,1440699112153,"3,113",100% bearish,of 1 rating,N/A
ZINC,$7.475,1440699112174,"367,473",100% bearish,of 1 rating,$17
HUBG,$37.84,1440699112304,"102,044",100% bearish,of 1 rating,$43
HTGM,$5.625,1440699112333,"35,077",100% bearish,of 1 rating,$19.50
HWCC,$7.35,1440699112364,"48,854",100% bearish,of 1 rating,$9
HBMD,$14,1440699112724,350,100% bearish,of 1 rating,N/A
HSON,$2.62,1440699112870,"8,771",100% bearish,of 1 rating,$5
HDSN,$3.05,1440699112897,"3,579",100% bullish,of 1 rating,$6.25
HCBK,$9.475,1440699112926,"716,552",83% bullish,of 6 ratings,$8.61
HBAN,$10.86,1440699113027,"3,435,601",76% bullish,of 17 ratings,$12.29
HURC,$30.45,1440699113053,"9,187",100% bearish,of 1 rating,N/A
HBANP,$1355,1440699113118,66,100% bearish,of 1 rating,N/A
HURN,$73.58,1440699113189,"69,757",50% bullish,of 2 ratings,$80
HDRA,$9.69,1440699113242,"7,600",Not yet rated,NULL,N/A
HTCH,$1.45,1440699113351,"59,546",100% bearish,of 1 rating,$3.50
HDRAR,NULL,1440699113404,0,Not yet rated,NULL,N/A
HBP,$3.12,1440699113451,492,100% bullish,of 1 rating,N/A
HDRAU,NULL,1440699113540,0,Not yet rated,NULL,N/A
IDSY,$3.73,1440699113598,"7,012",100% bearish,of 1 rating,$7
HYGS,$8.615,1440699113627,"20,555",50% bullish,of 2 ratings,$13
HDRAW,NULL,1440699113731,0,Not yet rated,NULL,N/A
IKGH,$1.7,1440699113960,"151,969",75% bullish,of 4 ratings,N/A
IBKC,$60.32,1440699113985,"89,843",100% bullish,of 1 rating,$70
ICFI,$34.21,1440699114123,"20,118",50% bullish,of 2 ratings,$48.50
IEP,$73.6,1440699114144,"82,896",75% bullish,of 4 ratings,$99
ICLR,$78.8553,1440699114174,"260,586",100% bearish,of 3 ratings,$85
IACI,$71.67,1440699114220,"250,502",75% bullish,of 4 ratings,$90
ICON,$13.475,1440699114306,"356,481",50% bullish,of 2 ratings,$18.50
ICAD,$3.8812,1440699114439,"85,359",100% bullish,of 2 ratings,$7.25
IPWR,$7.3,1440699114492,"2,210",100% bullish,of 1 rating,$15
ICUI,$112.985,1440699114574,"31,777",Not yet rated,NULL,$122
IDRA,$2.83,1440699114602,"774,385",89% bullish,of 9 ratings,$6.50
INVE,$4.095,1440699114630,"25,219",75% bullish,of 4 ratings,$4
IDXX,$73.13,1440699114657,"117,812",100% bearish,of 1 rating,$77
DSKY,$11.0101,1440699114811,"119,414",67% bullish,of 6 ratings,$11.50
IROQ,$17,1440699115027,204,100% bullish,of 1 rating,N/A
RXDX,$13.39,1440699115056,"89,731",100% bullish,of 1 rating,$20
IRG,$4.56,1440699115163,"5,659",100% bearish,of 1 rating,$4.25
KANG,$15.79,1440699115189,"104,666",50% bullish,of 2 ratings,$22.55
IIVI,$16.01,1440699115218,"313,046",100% bearish,of 1 rating,$22
IKNX,NULL,1440699115243,0,100% bearish,of 1 rating,N/A
ILMN,$200.85,1440699115268,"554,604",80% bullish,of 5 ratings,$245
ISNS,$3.96,1440699115414,"1,809",50% bullish,of 2 ratings,N/A
IKAN,$2.731,1440699115549,"19,931",83% bullish,of 6 ratings,$5
ICCC,$7.4401,1440699115623,"8,988",100% bullish,of 1 rating,N/A
IMDZ,$16.37,1440699115718,"46,663",100% bearish,of 1 rating,$33
IMMR,$11.88,1440699115755,"49,137",80% bullish,of 5 ratings,$15.50
IMNP,$1.34,1440699115782,"67,351",50% bullish,of 2 ratings,$6
IMMU,$1.945,1440699115808,"361,757",86% bullish,of 7 ratings,$2
IMGN,$14.05,1440699115837,"281,364",75% bullish,of 4 ratings,$17.50
IMMY,$7.659,1440699116197,"10,739",100% bearish,of 1 rating,$11
INCR,$41.98,1440699116226,"127,992",50% bullish,of 2 ratings,$53
IPXL,$44.105,1440699116273,"198,966",67% bullish,of 3 ratings,$46.50
INCY,$113.31,1440699116325,"525,338",50% bullish,of 6 ratings,$125.50
SAAS,$7.54,1440699116431,"148,819",50% bullish,of 2 ratings,$15
INDB,$44.73,1440699116459,"17,668",Not yet rated,NULL,$44
IBCP,$14.071,1440699116485,"32,680",100% bullish,of 1 rating,$14.50
IBTX,$40.8,1440699116506,"8,660",100% bullish,of 2 ratings,$47.25
IDSA,$3.38,1440699116649,"1,848",Not yet rated,NULL,N/A
IPCC,$77.53,1440699116694,"9,677",Not yet rated,NULL,$77.50
INFN,$22.34,1440699116831,"970,728",71% bullish,of 7 ratings,$28
IFON,$1.225,1440699116934,"73,879",75% bullish,of 4 ratings,N/A
INFI,$9,1440699116962,"134,597",50% bullish,of 4 ratings,$18
III,$3.97,1440699116988,"42,790",57% bullish,of 7 ratings,$6
IMKTA,$51.61,1440699117015,"23,051",100% bearish,of 1 rating,N/A
INWK,$6.98,1440699117186,"36,421",50% bullish,of 2 ratings,$10
INOD,$2.32,1440699117378,"35,870",100% bearish,of 1 rating,N/A
IPHS,$47.86,1440699117446,"31,635",100% bearish,of 1 rating,$60
INNL,$11.67,1440699117474,3,100% bearish,of 1 rating,$16.50
ISSC,$2.862,1440699117505,"1,452",67% bearish,of 3 ratings,N/A
IOSP,$48.05,1440699117534,"143,521",100% bearish,of 1 rating,N/A
ITEK,$12.5175,1440699117561,"329,795",100% bearish,of 3 ratings,$20
INGN,$47.02,1440699117600,"60,983",100% bearish,of 1 rating,$50.50
INOV,$21.34,1440699117692,"454,263",100% bearish,of 1 rating,$33
NSIT,$25.36,1440699117917,"51,216",50% bullish,of 2 ratings,N/A
INO,$6.9101,1440699117984,"554,576",89% bullish,of 18 ratings,$20
INSM,$24.6905,1440699118012,"127,717",71% bullish,of 7 ratings,$31.50
IIIN,$16.93,1440699118146,"12,137",100% bearish,of 2 ratings,N/A
PODD,$29.45,1440699118302,"82,653",67% bearish,of 3 ratings,$35
INSY,$33.05,1440699118387,"214,968",75% bullish,of 4 ratings,$48
IART,$60.96,1440699118432,"75,998",100% bearish,of 1 rating,$71.50
ISIG,$2.71,1440699118529,"265,442",100% bearish,of 1 rating,N/A
ISSI,$21.865,1440699118576,"61,717",67% bullish,of 3 ratings,$19.75
IDTI,$19.54,1440699118610,"2,173,007",60% bullish,of 5 ratings,$25
NTEC,$5.5508,1440699118631,"1,801",100% bearish,of 1 rating,N/A
IQNT,$19.1,1440699118708,"108,801",86% bullish,of 7 ratings,$20
INTC,$27.58,1440699118781,"11,511,064",82% bullish,of 238 ratings,$36
IPCI,$2.2002,1440699118914,"61,075",67% bullish,of 6 ratings,$8
IPAR,$25.735,1440699118944,"34,431",67% bullish,of 3 ratings,$38
IBKR,$39.595,1440699119011,"332,238",100% bullish,of 1 rating,N/A
IESC,$6.9434,1440699119038,"11,981",100% bearish,of 1 rating,N/A
ICPT,$187.78,1440699119241,"79,544",70% bullish,of 10 ratings,$359.50
ININ,$35.615,1440699119310,"41,404",67% bearish,of 3 ratings,$57
ICLDW,NULL,1440699119334,0,100% bearish,of 1 rating,N/A
IDCC,$49.22,1440699119373,"115,570",80% bullish,of 5 ratings,$63
ICLD,$1.8599,1440699119398,"141,160",75% bullish,of 4 ratings,N/A
TILE,$23.89,1440699119551,"274,938",100% bearish,of 3 ratings,$27
IMI,$1.995,1440699119582,"86,682",67% bullish,of 3 ratings,$2.22
IBOC,$25.32,1440699119687,"28,917",100% bearish,of 1 rating,N/A
INAP,$7.885,1440699119819,"58,792",75% bullish,of 4 ratings,$11
IIJI,$8.59,1440699119849,180,50% bullish,of 2 ratings,$11.50
PTNT,$2.97,1440699119880,"1,000",Not yet rated,NULL,N/A
ISCA,$31.58,1440699119901,"21,880",100% bearish,of 1 rating,N/A
IGLD,$6.855,1440699119982,"3,200",50% bullish,of 2 ratings,N/A
INPH,$0.28,1440699120053,"61,559",50% bullish,of 2 ratings,N/A
INTX,$1.9499,1440699120215,"41,536",67% bullish,of 3 ratings,N/A
XENT,$25.79,1440699120243,"72,899",50% bullish,of 2 ratings,$36.50
ISIL,$10.55,1440699120273,"395,585",50% bullish,of 6 ratings,$15
IILG,$19.98,1440699120374,"64,441",100% bearish,of 1 rating,$29
IVAC,$4.765,1440699120402,"44,440",100% bearish,of 1 rating,$6.625
INTL,$26.11,1440699120531,"29,369",67% bearish,of 3 ratings,N/A
INTU,$86.03,1440699120625,"888,180",86% bullish,of 7 ratings,$107.50
INTLL,NULL,1440699120687,0,Not yet rated,NULL,N/A
IIN,$6.24,1440699120757,"1,700",100% bearish,of 1 rating,$12
ISRG,$514.265,1440699120785,"59,887",67% bullish,of 3 ratings,$600
ITCI,$25.945,1440699120807,"174,526",75% bearish,of 4 ratings,$40
SNAK,$8.51,1440699120863,"42,722",50% bullish,of 2 ratings,$14
INVT,$0.2799,1440699120941,"9,797",67% bullish,of 3 ratings,N/A
NVIV,$9.41,1440699121147,"112,677",50% bullish,of 4 ratings,$24.50
IVTY,$13.93,1440699121194,"12,494",Not yet rated,NULL,$18
ISBC,$11.77,1440699121285,"1,239,856",100% bullish,of 1 rating,$13.25
ISTR,$15.61,1440699121310,104,100% bearish,of 1 rating,$18.50
IPAS,$1.08,1440699121335,"56,519",67% bullish,of 3 ratings,N/A
ITIC,NULL,1440699121361,0,100% bearish,of 2 ratings,N/A
DFVL,NULL,1440699121525,0,Not yet rated,NULL,N/A
DTUL,NULL,1440699121553,0,Not yet rated,NULL,N/A
IPCM,$79.04,1440699121587,"93,847",50% bullish,of 2 ratings,$80.125
IRDM,$7.085,1440699121762,"252,390",60% bullish,of 5 ratings,$11.50
IRMD,$25.4499,1440699121801,"5,513",67% bearish,of 3 ratings,$25
IPGP,$85.045,1440699121838,"357,329",100% bearish,of 2 ratings,$109.50
IRIX,$6.86,1440699121866,"7,900",100% bearish,of 1 rating,N/A
IRDMB,$278.9,1440699121896,534,67% bearish,of 3 ratings,N/A
IRBT,$28.535,1440699121996,"97,266",67% bullish,of 6 ratings,$37
IRWD,$11.01,1440699122133,"360,714",100% bearish,of 1 rating,$13
IRCP,NULL,1440699122234,0,100% bullish,of 2 ratings,N/A
COMT,$32.2074,1440699122260,"9,328",100% bearish,of 1 rating,N/A
IFAS,NULL,1440699122334,0,NULL,NULL,NULL
GNMA,$50.1277,1440699122393,"3,483",Not yet rated,NULL,N/A
IFEU,$38.1844,1440699122420,"5,848",Not yet rated,NULL,N/A
IFNA,NULL,1440699122464,0,NULL,NULL,NULL
FCHI,NULL,1440699122490,0,NULL,NULL,NULL
IFGL,$28.91,1440699122591,"51,711",Not yet rated,NULL,N/A
AXJS,NULL,1440699122729,0,NULL,NULL,NULL
ACWX,$41.2,1440699122763,"615,462",100% bearish,of 1 rating,N/A
AAXJ,$54.16,1440699122794,"666,694",Not yet rated,NULL,N/A
AAIT,NULL,1440699122859,0,NULL,NULL,NULL
ACWI,$56.37,1440699122884,"1,296,748",Not yet rated,NULL,N/A
EMDI,NULL,1440699123061,0,NULL,NULL,NULL
EEMA,$51.1001,1440699123109,"24,012",Not yet rated,NULL,N/A
EVAL,NULL,1440699123164,0,NULL,NULL,NULL
EEML,$28.2,1440699123202,"8,606",Not yet rated,NULL,N/A
EEME,NULL,1440699123230,0,NULL,NULL,NULL
EMEY,NULL,1440699123292,0,NULL,NULL,NULL
EUFN,$22.0401,1440699123332,"39,961",100% bearish,of 1 rating,N/A
EGRW,NULL,1440699123357,0,NULL,NULL,NULL
IEUS,$45.71,1440699123522,"3,403",100% bearish,of 1 rating,N/A
QAT,$21.31,1440699123598,"9,124",Not yet rated,NULL,N/A
IBB,$348.415,1440699123703,"979,020",63% bullish,of 8 ratings,N/A
UAE,$18.67,1440699123769,"15,120",Not yet rated,NULL,N/A
SOXX,$82.56,1440699123844,"497,244",50% bullish,of 2 ratings,N/A
WOOD,$47.92,1440699123901,"7,762",50% bullish,of 2 ratings,N/A
ICLN,$9.6999,1440699123929,"18,405",50% bullish,of 2 ratings,N/A
EMIF,$28.97,1440699123960,"3,233",Not yet rated,NULL,N/A
INDY,$28,1440699124029,"142,467",50% bullish,of 2 ratings,N/A
ISHG,$79.8899,1440699124060,"10,566",100% bearish,of 1 rating,N/A
IGOV,$90.9681,1440699124091,"6,170",100% bearish,of 1 rating,N/A
ISLE,$17.04,1440699124160,"139,052",50% bullish,of 4 ratings,$16
ISIS,$51.1449,1440699124233,"623,451",53% bullish,of 15 ratings,$67
ITRI,$29.63,1440699124363,"174,302",Not yet rated,NULL,$37
ISRL,$129.36,1440699124395,100,100% bearish,of 1 rating,N/A
ITRN,$24.105,1440699124603,"16,322",50% bullish,of 2 ratings,N/A
ITUS,$4.09,1440699124642,"8,184",Not yet rated,NULL,N/A
IXYS,$10.84,1440699124672,"46,813",50% bullish,of 4 ratings,N/A
XXIA,$15.065,1440699124703,"141,811",71% bullish,of 7 ratings,$14.625
MAYS,NULL,1440699124771,0,Not yet rated,NULL,N/A
JJSF,$114.23,1440699124800,"10,210",100% bearish,of 1 rating,N/A
JBHT,$73.84,1440699124829,"359,355",50% bullish,of 4 ratings,$89.50
JCOM,$69.105,1440699124928,"76,346",100% bullish,of 2 ratings,$77
JXSB,NULL,1440699125057,0,Not yet rated,NULL,N/A
JASO,$7.94,1440699125141,"536,362",82% bullish,of 17 ratings,$10
JKHY,$68.475,1440699125218,"188,013",50% bullish,of 2 ratings,$72
JAGX,$4.3101,1440699125322,"13,069",Not yet rated,NULL,N/A
JAXB,NULL,1440699125347,0,100% bullish,of 1 rating,N/A
JACK,$81.525,1440699125427,"162,923",83% bullish,of 6 ratings,$105
JAKK,$9.34,1440699125563,"108,284",60% bearish,of 5 ratings,$11
ERW,NULL,1440699125622,0,Not yet rated,NULL,N/A
JMBA,$13.78,1440699125691,"53,883",75% bullish,of 4 ratings,$18
JASN,$4.91,1440699125718,"6,432",50% bullish,of 2 ratings,$9.50
JRVR,$26.54,1440699125749,"28,207",Not yet rated,NULL,$32
JAZZ,$170.07,1440699125789,"165,969",80% bullish,of 15 ratings,$206.50
JASNW,NULL,1440699125848,0,50% bullish,of 2 ratings,N/A
JTPY,$2.95,1440699125928,100,100% bearish,of 1 rating,N/A
JD,$26.815,1440699125956,"4,183,112",75% bullish,of 16 ratings,$36
JBLU,$22.52,1440699126091,"3,181,062",94% bullish,of 18 ratings,$27
JCTCF,$9.5,1440699126117,"1,800",100% bullish,of 1 rating,N/A
DATE,$6.12,1440699126246,"48,868",75% bullish,of 4 ratings,$9
JIVE,$4.3095,1440699126318,"201,411",75% bullish,of 4 ratings,$5
JST,$3.9156,1440699126344,"37,532",75% bullish,of 4 ratings,N/A
JOEZ,$0.1699,1440699126476,"91,774",92% bullish,of 12 ratings,N/A
JBSS,$53.505,1440699126522,"18,190",67% bearish,of 3 ratings,N/A
WYIGU,NULL,1440699126607,0,Not yet rated,NULL,N/A
JOUT,$22.1145,1440699126639,"4,241",100% bearish,of 1 rating,$34
JNP,$11.2,1440699126742,"46,080",100% bullish,of 3 ratings,$15
JUNO,$37.3,1440699126770,"613,212",73% bullish,of 11 ratings,$71.50
KTWO,$21.57,1440699126794,"38,551",100% bearish,of 1 rating,$28.50
KALU,$81.79,1440699126903,"61,963",67% bearish,of 3 ratings,$91
KBIO,$2.0483,1440699127003,"23,717",50% bullish,of 4 ratings,N/A
KNDI,$6.64,1440699127028,"311,000",86% bullish,of 22 ratings,N/A
KMDA,$3.42,1440699127073,100,50% bullish,of 2 ratings,$8
KPTI,$13.71,1440699127264,"103,364",67% bearish,of 3 ratings,$39
KCLI,$46.1,1440699127292,"14,164",Not yet rated,NULL,N/A
KBSF,NULL,1440699127317,0,100% bullish,of 1 rating,N/A
KCAP,$4.71,1440699127369,"53,178",75% bullish,of 4 ratings,$6
