Symbol,Price,Date,Volume,Rating,RatingVoteCount,OneYearEstimate
TFSCU,NULL,1441034102491,0,Not yet rated,NULL,N/A
FLWS,$8.54,1441034102531,"104,114",80% bullish,of 5 ratings,$15
FCTY,$7.82,1441034102595,"1,300",100% bullish,of 1 rating,$8.50
TFSC,NULL,1441034102620,0,100% bearish,of 1 rating,N/A
TFSCR,NULL,1441034102646,0,Not yet rated,NULL,N/A
PIH,$7.57,1441034102667,200,100% bearish,of 1 rating,N/A
TFSCW,NULL,1441034102688,0,100% bearish,of 1 rating,N/A
FCCY,NULL,1441034102826,0,100% bullish,of 1 rating,$13
TWOU,$34.82,1441034102957,"45,871",50% bullish,of 2 ratings,$39
SRCE,$29.39,1441034102990,"1,483",100% bullish,of 3 ratings,$33
UGLD,$9.21,1441034103015,"53,284",100% bearish,of 1 rating,N/A
JOBS,$27.09,1441034103050,"24,588",50% bullish,of 4 ratings,$36
DGLD,$81.78,1441034103080,"4,998",100% bullish,of 1 rating,N/A
VNET,$17.8,1441034103102,"97,093",60% bullish,of 5 ratings,$35
USLV,$12.2699,1441034103137,"119,683",86% bullish,of 7 ratings,N/A
DSLV,$70.6015,1441034103227,"5,580",100% bearish,of 1 rating,N/A
AVHI,$14,1441034103623,"6,770",100% bearish,of 1 rating,$19
EGHT,$7.82,1441034103728,"40,668",82% bullish,of 17 ratings,$11
SIXD,$2.36,1441034103754,"47,520",Not yet rated,NULL,N/A
AAON,$20.6599,1441034103904,"13,655",100% bearish,of 1 rating,$24
ABAX,$47.72,1441034103935,"12,105",100% bearish,of 1 rating,$60
CAFD,$15.04,1441034103956,"31,085",Not yet rated,NULL,$25
SHLM,$34.3,1441034104038,"7,495",100% bearish,of 1 rating,$47
ABGB,$5.94,1441034104435,"15,474",67% bullish,of 3 ratings,$5.50
ABMD,$97.675,1441034104467,"55,502",75% bullish,of 4 ratings,$100.50
ABY,$22.91,1441034104566,"115,043",100% bearish,of 2 ratings,$46
AXAS,$1.87,1441034104662,"160,959",78% bullish,of 9 ratings,$3.50
ABEOW,$2,1441034105367,"2,000",100% bullish,of 1 rating,N/A
ACAD,$37.625,1441034105782,"150,356",80% bullish,of 20 ratings,$48
ACST,$0.3503,1441034106312,400,100% bullish,of 2 ratings,N/A
ABEO,$4.87,1441034106487,"17,186",50% bullish,of 4 ratings,$15.50
ACTG,$9.44,1441034106512,"28,819",67% bullish,of 3 ratings,$18.50
ACHC,$73.73,1441034106559,"106,936",50% bullish,of 2 ratings,$92
ARAY,$6.89,1441034106812,"376,425",100% bearish,of 1 rating,$10.50
VXUP,$1.57,1441034106948,"15,719",100% bearish,of 1 rating,N/A
ACET,$22.515,1441034107012,"9,341",75% bullish,of 4 ratings,$30
ACRX,$4.34,1441034107111,"100,247",67% bearish,of 6 ratings,$5.50
AKAO,$6.913,1441034107194,"15,158",75% bullish,of 4 ratings,$15
ACIW,$21.4,1441034107331,"40,965",67% bearish,of 3 ratings,$24
ACHN,$7.63,1441034107363,"528,605",90% bullish,of 21 ratings,$16
ANCX,$20.26,1441034107408,"5,835",Not yet rated,NULL,$20
XLRN,$30.03,1441034107437,"17,898",50% bullish,of 2 ratings,$57
AXDX,$19.43,1441034107474,"12,988",100% bearish,of 1 rating,N/A
ACNB,$20.06,1441034107568,100,Not yet rated,NULL,N/A
ACOR,$32.39,1441034107597,"93,049",67% bearish,of 3 ratings,$38.50
VXDN,$1.8101,1441034107618,"17,617",100% bearish,of 1 rating,N/A
ACPW,$2,1441034107783,"70,953",100% bullish,of 4 ratings,$3.50
ACTS,$1.67,1441034107808,"11,355",100% bearish,of 1 rating,N/A
ATVI,$28.6396,1441034107833,"2,574,917",67% bullish,of 84 ratings,$31.50
ACTA,$14.01,1441034107964,"12,881",67% bearish,of 3 ratings,$25
ACUR,$2.8303,1441034107990,"7,786",100% bullish,of 5 ratings,$5
ACXM,$21.01,1441034108119,"91,870",67% bullish,of 3 ratings,N/A
ADMP,$3.6399,1441034108152,300,50% bullish,of 2 ratings,$10
ADMS,$20.51,1441034108183,"7,565",100% bearish,of 2 ratings,$36
AEY,$2.3121,1441034108251,"1,000",100% bearish,of 2 ratings,N/A
ADEP,$7.06,1441034108286,"12,710",50% bullish,of 2 ratings,$10.75
ADAP,$11.56,1441034108312,"3,742",67% bullish,of 3 ratings,$22
ADUS,$28.579,1441034108338,"16,533",100% bearish,of 1 rating,$31
ADMA,$9.43,1441034108383,"3,551",Not yet rated,NULL,$19
ADTN,$15.72,1441034108655,"29,005",67% bullish,of 3 ratings,$17.125
ADRO,$19.62,1441034108759,"25,354",80% bullish,of 5 ratings,$45.50
ADBE,$79.06,1441034108826,"383,341",65% bullish,of 17 ratings,$90
AMD,$1.795,1441034108852,"1,805,178",83% bullish,of 103 ratings,$2
ADXS,$15.05,1441034108888,"132,786",64% bullish,of 14 ratings,$27
AEIS,$24.42,1441034108981,"14,504",50% bullish,of 2 ratings,$32.50
ADXSW,NULL,1441034109079,0,100% bullish,of 1 rating,N/A
YPRO,NULL,1441034109214,0,100% bearish,of 1 rating,N/A
MULT,NULL,1441034109242,0,100% bearish,of 1 rating,N/A
AMTX,$3.09,1441034109273,"3,200",50% bullish,of 2 ratings,$26.11
AEGR,$18.08,1441034109294,"43,106",50% bullish,of 6 ratings,$26
AEHR,$2.4,1441034109334,"2,200",50% bullish,of 2 ratings,N/A
AEGN,$18.34,1441034109427,"17,286",100% bearish,of 2 ratings,$21
AEPI,$54.74,1441034109453,"3,607",100% bearish,of 1 rating,N/A
AERI,$16.36,1441034109583,"110,865",75% bullish,of 4 ratings,$31.50
AVAV,$23.91,1441034109643,"8,885",50% bullish,of 4 ratings,$31
AEMD,$7.2538,1441034109898,"2,660",Not yet rated,NULL,$27.50
AEZS,$0.087,1441034109931,"4,777,568",90% bullish,of 21 ratings,$1.50
AFFX,$9.33,1441034109952,"41,614",80% bullish,of 5 ratings,$12.50
AFMD,$10.33,1441034109987,"52,433",50% bullish,of 4 ratings,$15
AGRX,$8.92,1441034110008,"1,850",100% bearish,of 1 rating,$17.50
AGEN,$7.29,1441034110040,"142,707",85% bullish,of 13 ratings,$14
AGYS,$10.19,1441034110085,"4,100",100% bearish,of 1 rating,N/A
AGFS,$9.96,1441034110225,"23,888",100% bearish,of 1 rating,N/A
AGIO,$91.33,1441034110294,"25,840",88% bullish,of 8 ratings,$114
AGFSW,$2,1441034110322,"6,700",100% bearish,of 2 ratings,N/A
AIMT,$21.08,1441034110397,"25,926",Not yet rated,NULL,N/A
ATSG,$8.94,1441034110459,"13,444",67% bullish,of 3 ratings,$13
AIRM,$37.73,1441034110488,"26,417",80% bearish,of 5 ratings,$53
AIRT,$22.37,1441034110591,263,100% bullish,of 1 rating,N/A
AKAM,$71.07,1441034110720,"285,585",63% bullish,of 8 ratings,$77
AMCN,$4.579,1441034110807,"57,258",83% bullish,of 6 ratings,N/A
AIXG,$6.3301,1441034110849,"5,029",67% bearish,of 3 ratings,$5.25
AKER,$2.51,1441034110878,102,Not yet rated,NULL,N/A
AKBA,$6.97,1441034110907,"14,221",100% bearish,of 1 rating,$18
AKRX,$40.71,1441034110936,"84,787",78% bullish,of 9 ratings,$56
ALRM,$17,1441034110980,"13,123",100% bearish,of 1 rating,$22
ALSK,$2.212,1441034111036,"38,386",78% bullish,of 18 ratings,$2
AMRI,$20.56,1441034111208,"14,719",75% bearish,of 4 ratings,$24
ADHD,$7.8,1441034111283,"22,214",50% bullish,of 4 ratings,$18
ABDC,$12.78,1441034111464,"10,961",Not yet rated,NULL,$15
ALXN,$176.82,1441034111491,"182,089",88% bullish,of 8 ratings,$223
ALDX,$7.4,1441034111551,"2,354",100% bearish,of 1 rating,$14.50
ALDR,$38.64,1441034111626,"71,189",67% bearish,of 3 ratings,$62
ALXA,$1.1029,1441034111709,"1,490",83% bullish,of 6 ratings,$2.125
ALCO,$42.21,1441034111739,728,50% bullish,of 2 ratings,N/A
ALIM,$3.46,1441034111796,"10,503",80% bullish,of 5 ratings,$10
ALGN,$57.3,1441034111823,"41,976",100% bearish,of 2 ratings,$73
ALKS,$62.35,1441034111851,"94,198",67% bullish,of 3 ratings,$75
ALGT,$206.1,1441034111876,"27,228",100% bearish,of 2 ratings,$235
AFOP,$19.07,1441034112071,"45,119",75% bullish,of 8 ratings,$21
ALLB,$22.64,1441034112127,100,Not yet rated,NULL,N/A
AIQ,$14.52,1441034112201,"3,500",67% bullish,of 3 ratings,N/A
AHGP,$35.8001,1441034112300,"6,884",67% bullish,of 3 ratings,N/A
ARLP,$25.24,1441034112328,"33,329",67% bearish,of 3 ratings,$32
AHPI,$1.5,1441034112403,200,50% bullish,of 2 ratings,N/A
AMOT,$19.04,1441034112463,"13,901",100% bearish,of 1 rating,N/A
ALQA,$4.35,1441034112534,"1,429",75% bullish,of 4 ratings,$8.50
ALLT,$5.16,1441034112604,"12,589",75% bullish,of 4 ratings,$6.25
ALNY,$105.775,1441034112704,"484,659",67% bullish,of 3 ratings,$148.50
MDRX,$13.89,1441034112735,"200,695",60% bullish,of 5 ratings,$16
AOSL,$7.505,1441034112790,"8,683",67% bullish,of 3 ratings,$9
AFAM,$46.0299,1441034112816,"7,510",50% bullish,of 2 ratings,$44
SMCP,NULL,1441034112952,0,Not yet rated,NULL,N/A
ALTR,$48.53,1441034113027,"166,818",80% bearish,of 5 ratings,$54
ATEC,$0.5859,1441034113084,"6,000",100% bullish,of 1 rating,$2
AIMC,$24.87,1441034113215,"6,726",100% bearish,of 2 ratings,$28.50
AMAG,$64.8,1441034113292,"101,764",100% bullish,of 2 ratings,$77.50
ASPS,$26.14,1441034113328,"39,986",67% bullish,of 3 ratings,$46.50
AMRN,$2.2301,1441034113358,"352,891",85% bullish,of 39 ratings,$8
AMRK,$10.33,1441034113427,200,50% bullish,of 2 ratings,$14
AMZN,$515.185,1441034113448,"456,000",81% bullish,of 264 ratings,$646
AYA,$20.51,1441034113480,"5,167",100% bearish,of 1 rating,$40
AMBCW,NULL,1441034113507,0,100% bearish,of 1 rating,N/A
AMBA,$96.51,1441034113678,"872,036",83% bullish,of 12 ratings,$102.50
AMBC,$15.59,1441034113704,"44,697",100% bearish,of 1 rating,$16.50
EPAX,$2.695,1441034113729,"2,500",100% bearish,of 1 rating,N/A
DOX,$57.28,1441034113861,"24,633",67% bearish,of 3 ratings,$60
AMCX,$72.74,1441034113890,"54,856",67% bullish,of 3 ratings,$87.50
AMDA,$0.475,1441034113994,"119,979",90% bullish,of 10 ratings,$1
UHAL,$376,1441034114199,972,100% bullish,of 2 ratings,$393.50
AMED,$39.2,1441034114234,"17,487",100% bearish,of 1 rating,$42
ASBI,$22.71,1441034114254,100,Not yet rated,NULL,N/A
ATAX,$5.23,1441034114276,"18,753",100% bullish,of 1 rating,$6.50
AGNC,$19.195,1441034114311,"474,362",71% bullish,of 28 ratings,$22
AAL,$39.51,1441034114332,"2,326,976",93% bullish,of 88 ratings,$57
AMOV,NULL,1441034114363,0,100% bearish,of 1 rating,N/A
AGNCB,$24.36,1441034114575,343,Not yet rated,NULL,N/A
MTGE,$15.17,1441034114656,"87,962",75% bullish,of 4 ratings,$19.50
AGNCP,$25.35,1441034114714,"3,400",Not yet rated,NULL,N/A
ACAS,$13.915,1441034114739,"148,783",60% bullish,of 5 ratings,$16.75
ACSF,$12.37,1441034114764,"5,450",100% bearish,of 1 rating,$15
MTGEP,NULL,1441034114788,0,Not yet rated,NULL,N/A
ANCI,$1.55,1441034114960,200,100% bearish,of 1 rating,N/A
AETI,$3.57,1441034114990,100,67% bearish,of 3 ratings,N/A
AMIC,NULL,1441034115019,0,100% bearish,of 1 rating,N/A
AMNB,$23.515,1441034115123,404,Not yet rated,NULL,$25.50
ANAT,$99.68,1441034115153,"12,699",100% bullish,of 1 rating,N/A
APEI,$22.23,1441034115178,"2,154",100% bearish,of 1 rating,$25.50
ARII,$40.84,1441034115206,"57,370",67% bearish,of 3 ratings,$45
AMRB,$10.0999,1441034115231,"1,782",Not yet rated,NULL,$11
ASEI,$39,1441034115366,"1,694",100% bearish,of 1 rating,$52.50
AMSWA,$9.015,1441034115492,"22,442",100% bearish,of 2 ratings,$10.75
AMSC,$5.33,1441034115597,"108,884",50% bullish,of 4 ratings,N/A
AMWD,$67.035,1441034115623,"12,732",50% bullish,of 2 ratings,$70
CRMT,$35.7,1441034115650,"3,950",100% bearish,of 1 rating,$39
ABCB,$26.86,1441034115671,"10,974",Not yet rated,NULL,$31
ASRV,$3.31,1441034115806,"1,868",100% bullish,of 2 ratings,N/A
ASRVP,NULL,1441034115831,0,Not yet rated,NULL,N/A
AMSF,$46.77,1441034115862,"10,711",Not yet rated,NULL,$57.50
AMGN,$154.25,1441034115966,"712,585",89% bullish,of 19 ratings,$185
FOLD,$14.645,1441034116097,"523,304",56% bullish,of 9 ratings,$21
AMKR,$5.105,1441034116130,"678,744",100% bearish,of 2 ratings,$5
ATLO,$23.5,1441034116159,117,Not yet rated,NULL,N/A
AMPH,$13.1,1441034116226,"13,735",50% bullish,of 2 ratings,$20
AMSG,$79.99,1441034116256,"39,380",100% bearish,of 1 rating,$85.50
AMSGP,NULL,1441034116361,0,Not yet rated,NULL,N/A
ASYS,$5.45,1441034116562,"3,100",67% bullish,of 3 ratings,$12
AFSI,$58.14,1441034116588,"52,130",60% bullish,of 5 ratings,$72
AMRS,$1.7099,1441034116670,"36,466",70% bullish,of 10 ratings,N/A
ANAD,$0.3258,1441034116772,"13,164",100% bullish,of 2 ratings,$.50
ADI,$55.91,1441034116797,"308,782",67% bullish,of 3 ratings,$69
ANCB,$21.98,1441034116826,500,Not yet rated,NULL,$23
ABCW,$40.97,1441034116927,"3,652",67% bullish,of 3 ratings,N/A
AMCF,$0.2001,1441034117023,"86,475",100% bullish,of 7 ratings,N/A
ALOG,$80.26,1441034117053,"3,300",100% bearish,of 2 ratings,$100.50
ANAC,$132.77,1441034117188,"47,653",80% bullish,of 5 ratings,$180.50
ANGO,$15,1441034117263,"37,034",67% bullish,of 3 ratings,$19
ANGI,$5.19,1441034117298,"149,994",64% bullish,of 11 ratings,$5.50
ANSS,$89.35,1441034117393,"44,557",100% bearish,of 1 rating,$100
ANIP,$50.448,1441034117418,"9,103",89% bullish,of 19 ratings,$66
ANIK,$35.5,1441034117444,"24,689",60% bullish,of 5 ratings,$51.25
ANTH,$7.16,1441034117582,"209,939",80% bullish,of 10 ratings,$13
ABAC,$0.7101,1441034117667,"2,025",100% bearish,of 1 rating,N/A
ATRS,$1.81,1441034117688,"80,669",92% bullish,of 12 ratings,$4.50
APIC,$6.64,1441034117768,"17,269",100% bearish,of 1 rating,$19
ATNY,$2.34,1441034117820,303,50% bullish,of 2 ratings,$3.75
APOG,$51.33,1441034117846,"19,109",50% bullish,of 2 ratings,$67
APOL,$11.42,1441034117903,"154,620",87% bearish,of 68 ratings,$14
AINV,$6.51,1441034117980,"554,943",50% bullish,of 4 ratings,$8
APPF,$15.6,1441034118037,"9,630",50% bullish,of 2 ratings,$22
AAPL,$112.9,1441034118112,"9,197,517",86% bullish,of 2357 ratings,$150
ARCI,$1.2,1441034118208,180,Not yet rated,NULL,N/A
APDN,$3.51,1441034118235,"18,363",Not yet rated,NULL,$9
APDNW,$1.35,1441034118255,320,Not yet rated,NULL,N/A
AMCC,$5.805,1441034118446,"45,744",80% bullish,of 5 ratings,$8
AMAT,$16,1441034118514,"1,667,519",82% bullish,of 11 ratings,$23
AGTC,$16.39,1441034118542,"3,750",50% bullish,of 2 ratings,$33
AAOI,$20.78,1441034118569,"37,699",50% bullish,of 4 ratings,$26
APRI,$1.57,1441034118594,"814,086",83% bullish,of 6 ratings,$4.86
AREX,$2.19,1441034118732,"126,624",100% bearish,of 1 rating,$3
APTO,$5.0317,1441034118759,326,Not yet rated,NULL,$17
AQMS,$4.9955,1441034118838,"7,134",Not yet rated,NULL,N/A
AQXP,$16.647,1441034118946,"113,584",50% bullish,of 2 ratings,$2
AUMAU,NULL,1441034119013,0,Not yet rated,NULL,N/A
AUMA,NULL,1441034119078,0,Not yet rated,NULL,N/A
AUMAW,NULL,1441034119106,0,Not yet rated,NULL,N/A
PETX,$18.015,1441034119183,"34,598",100% bearish,of 2 ratings,$26
ARDM,$7,1441034119215,"2,151",100% bullish,of 1 rating,$26
ARCW,$3.61,1441034119308,92,100% bearish,of 2 ratings,$10.50
ABUS,$7.2,1441034119347,"107,987",86% bullish,of 14 ratings,$23
ABIO,$0.8995,1441034119432,"59,303",50% bullish,of 2 ratings,$3.75
ARCB,$29.11,1441034119476,"21,995",67% bearish,of 3 ratings,$39.50
RKDA,$6.3,1441034119501,"2,856",100% bearish,of 2 ratings,$10
ACAT,$26.49,1441034119642,"16,726",100% bearish,of 3 ratings,$33
ACGL,$68.05,1441034119709,"23,485",50% bullish,of 2 ratings,$72
ARDX,$19.15,1441034119847,"28,338",50% bullish,of 2 ratings,$24.50
ARNA,$2.71,1441034119886,"596,809",90% bullish,of 78 ratings,$5.50
ARCC,$15.6472,1441034119950,"173,009",67% bearish,of 3 ratings,$17.75
AGII,$55.25,1441034119975,"16,695",Not yet rated,NULL,$59.50
ARGS,$6.2,1441034120019,"9,600",50% bullish,of 2 ratings,$19.50
AGIIL,$25.3,1441034120106,"2,125",Not yet rated,NULL,N/A
ARIS,$3.7496,1441034120166,"5,504",Not yet rated,NULL,$4.50
ARKR,$24.35,1441034120193,420,50% bullish,of 2 ratings,N/A
ARIA,$9.41,1441034120237,"4,248,594",87% bullish,of 46 ratings,$9
ARTX,$1.4864,1441034120345,"2,226",88% bullish,of 16 ratings,$4.50
ARWAU,NULL,1441034120482,0,100% bullish,of 1 rating,N/A
ARWA,NULL,1441034120509,0,Not yet rated,NULL,N/A
ARMH,$41.93,1441034120530,"251,195",54% bearish,of 13 ratings,$60
ARWAR,NULL,1441034120586,0,Not yet rated,NULL,N/A
ARQL,$1.7099,1441034120671,"24,454",75% bullish,of 4 ratings,$5
ARWAW,NULL,1441034120812,0,Not yet rated,NULL,N/A
ARRS,$26.38,1441034120887,"159,834",50% bullish,of 2 ratings,$38
ARRY,$6.01,1441034120946,"448,202",100% bullish,of 7 ratings,$10
AROW,$27.42,1441034120978,"1,002",Not yet rated,NULL,N/A
DWAT,$10.01,1441034120998,5,100% bearish,of 1 rating,N/A
ARTNA,$22.16,1441034121029,201,100% bearish,of 1 rating,$29
ARTW,$4.25,1441034121078,764,75% bearish,of 4 ratings,N/A
ARWR,$5.81,1441034121208,"172,962",75% bullish,of 4 ratings,$10.50
ASBB,NULL,1441034121279,0,Not yet rated,NULL,N/A
ASNA,$12.02,1441034121304,"377,587",50% bullish,of 2 ratings,$18
ASND,$19.29,1441034121434,"8,995",50% bullish,of 2 ratings,$30
ASCMA,$27.58,1441034121459,"10,555",100% bearish,of 1 rating,$45
APWC,$1.75,1441034121526,"1,150",100% bearish,of 1 rating,N/A
ASTI,$0.1112,1441034121552,"703,667",83% bullish,of 6 ratings,$3
ASMI,NULL,1441034121626,0,NULL,NULL,NULL
ASML,$90.74,1441034121719,"167,558",50% bullish,of 4 ratings,$127
AZPN,$38.05,1441034121756,"45,815",50% bullish,of 2 ratings,$42
ASFI,$8.9,1441034121905,"1,200",100% bullish,of 1 rating,N/A
ASMB,$13.49,1441034121970,"8,673",67% bullish,of 3 ratings,N/A
ASTE,$39.24,1441034122000,"49,566",100% bearish,of 1 rating,$48
ALOT,$14,1441034122134,16,100% bearish,of 1 rating,N/A
ATRO,$52.115,1441034122163,"12,202",100% bearish,of 2 ratings,$80
ASTC,$2.02,1441034122220,"8,510",100% bullish,of 5 ratings,N/A
ASUR,$5.51,1441034122266,700,50% bullish,of 2 ratings,$8
ATRA,$42.48,1441034122410,"80,599",50% bullish,of 2 ratings,$68
ATAI,$2.34,1441034122443,200,100% bearish,of 1 rating,N/A
ATHN,$134.5,1441034122539,"33,186",67% bearish,of 3 ratings,$153
ATHX,$1.15,1441034122566,"22,660",89% bullish,of 9 ratings,$5
AAPC,NULL,1441034122729,0,Not yet rated,NULL,N/A
ACFC,$5.39,1441034122805,"17,816",100% bearish,of 1 rating,$6.50
AFCB,NULL,1441034122866,0,Not yet rated,NULL,N/A
AAME,NULL,1441034122898,0,Not yet rated,NULL,N/A
ATNI,$72.44,1441034123034,"3,183",100% bearish,of 1 rating,$69.50
ATLC,$3.95,1441034123059,100,67% bullish,of 3 ratings,N/A
AFH,$16.3,1441034123202,"2,537",Not yet rated,NULL,$21.50
ATML,$8.14,1441034123240,"783,078",78% bullish,of 9 ratings,$9.50
ATRC,$25.1299,1441034123328,"10,726",100% bullish,of 1 rating,$30
AAWW,$41.43,1441034123356,"24,625",50% bullish,of 2 ratings,$65
ATRI,$389,1441034123377,68,Not yet rated,NULL,N/A
ATOS,$0.7844,1441034123413,"3,870",100% bullish,of 7 ratings,$7
ATRM,NULL,1441034123514,0,50% bullish,of 2 ratings,N/A
ATTU,$13.4199,1441034123593,"3,612",100% bearish,of 1 rating,$20.50
LIFE,$14.2598,1441034123722,"6,474",86% bullish,of 7 ratings,$43
AUBN,$26.5,1441034123748,100,Not yet rated,NULL,N/A
AUPH,$3.4508,1441034123828,"23,488",100% bearish,of 1 rating,$8
AUDC,$3.29,1441034123885,"10,429",80% bullish,of 5 ratings,$5
EARS,$4.89,1441034123959,312,100% bearish,of 2 ratings,$11
ADAT,$0.3,1441034124089,"105,882",100% bullish,of 2 ratings,N/A
AVGO,$126.25,1441034124114,"446,638",88% bullish,of 8 ratings,$165
ADP,$77.51,1441034124186,"274,797",100% bearish,of 1 rating,$88
ADSK,$46.54,1441034124378,"604,079",67% bullish,of 6 ratings,$66
ABTL,$17.68,1441034124411,"10,242",100% bullish,of 4 ratings,$20.25
AAVL,$10.77,1441034124432,"26,588",100% bearish,of 1 rating,$20
AVNU,$12.31,1441034124521,252,Not yet rated,NULL,$14
AVEO,$1.39,1441034124567,"122,050",75% bullish,of 8 ratings,$3
AVNW,$1.17,1441034124592,"9,060",50% bullish,of 2 ratings,$2.20
AVID,$8.5359,1441034124726,"28,264",100% bearish,of 1 rating,$20
AVGR,$14.62,1441034124751,"1,700",100% bearish,of 1 rating,$20
AWRE,$3.19,1441034124878,"1,650",67% bullish,of 3 ratings,N/A
CAR,$44.22,1441034124914,"177,596",80% bullish,of 5 ratings,$60
AXPWW,NULL,1441034124980,0,Not yet rated,NULL,N/A
AXPW,$1.0767,1441034125011,"19,689",83% bullish,of 6 ratings,N/A
ACLS,$3.28,1441034125042,"120,696",67% bullish,of 6 ratings,$4.75
AXGN,$5.17,1441034125113,"171,806",Not yet rated,NULL,$5
BCOM,NULL,1441034125213,0,100% bearish,of 1 rating,N/A
AXTI,$2.26,1441034125273,"2,874",50% bullish,of 2 ratings,$2.75
RILY,$10.15,1441034125417,200,Not yet rated,NULL,N/A
BEAV,$49.02,1441034125445,"85,743",67% bearish,of 3 ratings,$59
BOSC,$2.21,1441034125470,"2,380",50% bullish,of 2 ratings,N/A
BIDU,$149.87,1441034125519,"700,427",81% bullish,of 88 ratings,$210
BWINB,$22.83,1441034125649,900,Not yet rated,NULL,N/A
BCPC,$57.95,1441034125678,"11,414",100% bearish,of 1 rating,$75
BLDP,$1.3101,1441034125725,"77,331",91% bullish,of 22 ratings,$2.50
BWINA,NULL,1441034125751,0,Not yet rated,NULL,N/A
BANF,$59.48,1441034125885,100,Not yet rated,NULL,$68
BANFP,NULL,1441034125913,0,Not yet rated,NULL,N/A
BOCH,$5.73,1441034125939,7,Not yet rated,NULL,$6.50
BKMU,$7.15,1441034125963,"1,808",Not yet rated,NULL,$8
BMRC,$48.506,1441034126192,"1,144",Not yet rated,NULL,$52
BKSC,$16.25,1441034126244,"2,911",Not yet rated,NULL,N/A
BOTJ,NULL,1441034126352,0,Not yet rated,NULL,N/A
BWFG,$17.85,1441034126444,106,100% bearish,of 1 rating,N/A
BFIN,$12.04,1441034126475,"2,752",Not yet rated,NULL,$13
OZRK,$41.61,1441034126496,"51,560",67% bullish,of 3 ratings,$49.50
BANR,$43.84,1441034126530,"21,388",100% bullish,of 3 ratings,$50
BZUN,$5.071,1441034126573,"51,284",50% bullish,of 2 ratings,$11.50
TAPR,NULL,1441034126626,0,100% bearish,of 1 rating,N/A
BHAC,NULL,1441034126655,0,Not yet rated,NULL,N/A
BHACR,NULL,1441034126766,0,Not yet rated,NULL,N/A
BHACU,NULL,1441034126800,0,Not yet rated,NULL,N/A
BHACW,NULL,1441034126867,0,Not yet rated,NULL,N/A
BSET,$29.08,1441034126892,"3,569",100% bearish,of 1 rating,$35
BBSI,$35.33,1441034126929,"7,584",67% bearish,of 3 ratings,$62.50
BYBK,NULL,1441034127103,0,100% bearish,of 1 rating,N/A
BV,$5.18,1441034127276,"56,952",67% bullish,of 6 ratings,$9
BYLK,NULL,1441034127313,0,Not yet rated,NULL,$14
BBCN,$14.34,1441034127334,"16,750",100% bearish,of 1 rating,$16
BCBP,$11.4522,1441034127405,"2,000",Not yet rated,NULL,N/A
BECN,$36.04,1441034127435,"38,683",50% bullish,of 2 ratings,$40
BDCV,$4.72,1441034127461,103,100% bearish,of 1 rating,$10.19
BBGI,$4.06,1441034127491,"2,993",100% bearish,of 1 rating,N/A
BSF,$8.672,1441034127536,"1,199",Not yet rated,NULL,N/A
BBBY,$61.985,1441034127634,"201,001",71% bullish,of 7 ratings,$75
BEBE,$1.3002,1441034127662,"240,495",75% bullish,of 4 ratings,$2.125
BELFB,$17.53,1441034127797,"6,441",100% bearish,of 1 rating,N/A
BELFA,$14.8701,1441034127902,210,100% bearish,of 1 rating,N/A
BLCM,$17.055,1441034128006,"34,485",50% bullish,of 4 ratings,$40
BLPH,$5.08,1441034128032,12,100% bearish,of 1 rating,$12.50
BGMD,$0.7205,1441034128068,"59,647",100% bullish,of 10 ratings,N/A
BNCL,$12.32,1441034128093,"20,153",100% bullish,of 3 ratings,$12.50
BNFT,$35.74,1441034128160,"12,789",67% bullish,of 3 ratings,$46
BGFV,$11.3799,1441034128364,"30,946",57% bullish,of 7 ratings,$12
BGCP,$8.69,1441034128390,"86,321",88% bullish,of 8 ratings,$14
BNTC,$7.95,1441034128424,445,100% bullish,of 1 rating,N/A
ORPN,$5.84,1441034128519,"4,700",100% bullish,of 1 rating,$28.50
BASI,$1.64,1441034128550,"3,900",Not yet rated,NULL,N/A
BIND,$4.52,1441034128580,"33,778",75% bullish,of 4 ratings,$13.50
BCDA,NULL,1441034128605,0,Not yet rated,NULL,N/A
BIOC,$1.9401,1441034128650,"35,067",83% bullish,of 6 ratings,$3.85
BCRX,$11.935,1441034128852,"288,074",63% bullish,of 8 ratings,$18
BDSI,$6.75,1441034128937,"180,395",88% bullish,of 8 ratings,$17
BIIB,$300.42,1441034128962,"290,360",88% bullish,of 16 ratings,$400
BIOD,$0.666,1441034128992,"15,418",80% bullish,of 5 ratings,$4
BIOL,$1.44,1441034129095,"16,359",Not yet rated,NULL,N/A
BLFS,$3.14,1441034129120,"4,341,093",100% bearish,of 1 rating,$4.75
BMRN,$132.225,1441034129263,"110,473",80% bullish,of 5 ratings,$160
BLRX,$1.46,1441034129287,"64,519",100% bullish,of 12 ratings,$5
BVXV,$3.5899,1441034129323,"2,250",Not yet rated,NULL,N/A
BRLI,NULL,1441034129346,0,NULL,NULL,NULL
BPTH,$1.11,1441034129424,"3,657",100% bullish,of 2 ratings,$5
BVXVW,$0.85,1441034129478,"3,000",100% bearish,of 1 rating,N/A
BIOS,$2.445,1441034129511,"95,666",71% bullish,of 7 ratings,$4
BBC,$31.64,1441034129538,"1,531",Not yet rated,NULL,N/A
BSTC,$50.7,1441034129837,"44,976",100% bearish,of 1 rating,$76
TECH,$95.885,1441034129899,"15,926",100% bullish,of 1 rating,$117
BBP,$33.3865,1441034129933,"4,446",Not yet rated,NULL,N/A
BITI,$16.73,1441034130033,"1,496",100% bullish,of 1 rating,$28
BSPM,$0.6525,1441034130060,"4,884",50% bullish,of 2 ratings,N/A
BEAT,$14.717,1441034130086,"109,215",67% bearish,of 3 ratings,$15
BOTA,$2.1,1441034130107,"4,331",88% bullish,of 8 ratings,N/A
BJRI,$43.84,1441034130245,"14,803",50% bullish,of 2 ratings,$55
BBOX,$15.375,1441034130430,"12,379",100% bearish,of 1 rating,N/A
BLKB,$57.66,1441034130479,"13,097",100% bearish,of 2 ratings,$66
BDMS,NULL,1441034130514,0,100% bearish,of 1 rating,N/A
BBRY,$7.4,1441034130535,"807,606",61% bullish,of 330 ratings,$9
BDE,$7.37,1441034130567,"9,931",50% bullish,of 2 ratings,$9
ADRA,$27.1441,1441034130609,245,100% bearish,of 1 rating,N/A
BKCC,$9.46,1441034130637,"73,156",50% bullish,of 2 ratings,$10
HAWK,$39.6225,1441034130774,"34,989",91% bullish,of 11 ratings,$49
ADRE,$29.65,1441034130989,"2,800",100% bearish,of 1 rating,N/A
ADRD,$21.9656,1441034131022,"3,718",100% bearish,of 1 rating,N/A
ADRU,$21.6816,1441034131082,451,100% bearish,of 1 rating,N/A
BLMN,$20.79,1441034131119,"207,946",83% bullish,of 6 ratings,$27.50
BLBD,$11.815,1441034131183,"1,467",Not yet rated,NULL,N/A
BUFF,$24.93,1441034131208,"203,633",83% bullish,of 12 ratings,$31.50
BHBK,$13.8,1441034131269,"3,400",100% bullish,of 1 rating,$14.50
BBLU,$0.76,1441034131365,"27,820",100% bullish,of 2 ratings,$4.43
BCOR,$13.825,1441034131394,"40,536",57% bullish,of 7 ratings,$15
NILE,$34.515,1441034131499,"38,448",50% bullish,of 2 ratings,$34
BKEPP,NULL,1441034131540,0,100% bearish,of 1 rating,N/A
BLUE,$133.69,1441034131629,"79,441",71% bullish,of 7 ratings,$217.50
BPMC,$27.21,1441034131673,"12,212",50% bullish,of 2 ratings,$47.50
BKEP,$6.1,1441034131733,"6,165",100% bearish,of 1 rating,$8.50
BNCN,$20.4875,1441034131868,"87,108",Not yet rated,NULL,$24
BOFI,$117,1441034131927,"32,811",100% bullish,of 6 ratings,$144
BOBE,$45.2,1441034131964,"89,626",75% bullish,of 4 ratings,$57
BOJA,$21.29,1441034132059,"49,608",100% bullish,of 1 rating,$30
WIFI,$7.58,1441034132089,"30,288",50% bullish,of 2 ratings,$13.50
BOKF,$61.91,1441034132115,"15,374",100% bearish,of 1 rating,$69
BONA,$11.36,1441034132141,"42,663",75% bullish,of 4 ratings,$8.50
BNSO,$1.3,1441034132302,16,100% bearish,of 1 rating,N/A
BAMM,$3.144,1441034132442,"3,289",60% bullish,of 5 ratings,N/A
BPFH,$11.745,1441034132467,"29,171",100% bearish,of 1 rating,$14
BPFHP,$24.9,1441034132599,"1,630",100% bearish,of 1 rating,N/A
EPAY,$26.55,1441034132627,"26,179",100% bearish,of 2 ratings,$30
BPFHW,NULL,1441034132652,0,100% bearish,of 1 rating,N/A
BCLI,$3.0512,1441034132818,"23,953",80% bullish,of 5 ratings,$12
BDBD,$8.2,1441034132846,"97,259",60% bullish,of 5 ratings,$10
BBRG,$12.75,1441034132900,"11,058",67% bullish,of 3 ratings,$14.50
BBEPP,$14.1389,1441034132921,"6,303",100% bearish,of 1 rating,N/A
BBEP,$2.75,1441034133009,"538,976",69% bullish,of 13 ratings,$5.625
BLIN,NULL,1441034133069,0,100% bullish,of 2 ratings,$2.20
BDGE,$26,1441034133139,"5,181",Not yet rated,NULL,$31.75
BRID,NULL,1441034133174,0,100% bearish,of 1 rating,N/A
BCOV,$5.32,1441034133271,"6,850",67% bullish,of 3 ratings,$10.20
BRCM,$51.53,1441034133296,"469,487",75% bullish,of 12 ratings,$56
BSFT,$30.94,1441034133605,"10,165",57% bullish,of 7 ratings,$40.50
BYFC,$1.46,1441034133661,107,50% bullish,of 2 ratings,N/A
BRCD,$10.68,1441034133735,"313,274",92% bullish,of 13 ratings,$11.50
BWEN,$3.19,1441034133760,"6,550",75% bullish,of 4 ratings,$8
BVSN,$6,1441034133787,"1,979",60% bearish,of 5 ratings,N/A
BRKS,$10.3101,1441034133823,"10,943",67% bullish,of 3 ratings,$15.25
BRKR,$18.42,1441034133919,"41,646",100% bearish,of 2 ratings,$22
BRKL,$10.54,1441034133946,"12,893",100% bearish,of 1 rating,$10.75
BMTC,$29.38,1441034134087,"2,259",Not yet rated,NULL,$34
BSQR,$6.09,1441034134219,"14,973",67% bullish,of 3 ratings,N/A
BLMT,$20.52,1441034134281,300,Not yet rated,NULL,N/A
BLDR,$14.72,1441034134386,"58,454",67% bullish,of 3 ratings,$22
BUR,$1.737,1441034134410,"20,900",100% bearish,of 1 rating,$8
BWLD,$193.19,1441034134435,"24,540",82% bullish,of 11 ratings,$205
CHRW,$67.25,1441034134460,"142,705",Not yet rated,NULL,$72
CFFI,$36.06,1441034134602,189,100% bearish,of 1 rating,N/A
CCMP,$43.15,1441034134819,"16,569",50% bullish,of 2 ratings,$59
CDZI,$7.77,1441034134851,"14,404",100% bearish,of 1 rating,N/A
CACQ,$7.02,1441034134887,"6,952",100% bearish,of 1 rating,$12.25
CZR,$9.18,1441034134954,"115,981",60% bearish,of 5 ratings,$10.50
CA,$27.12,1441034134988,"259,131",50% bullish,of 4 ratings,$33
CDNS,$20.15,1441034135014,"126,965",75% bullish,of 4 ratings,$22.50
CSTE,$40.22,1441034135144,"26,243",50% bullish,of 2 ratings,$65
PRSS,$4.5601,1441034135286,"1,700",80% bullish,of 5 ratings,$4.50
CLBS,$1.48,1441034135324,"27,760",79% bullish,of 14 ratings,$4
CHY,$11.4,1441034135418,"63,562",Not yet rated,NULL,N/A
CLMS,$10.67,1441034135444,"23,710",Not yet rated,NULL,$10.50
CHI,$10.53,1441034135465,"60,277",100% bearish,of 1 rating,N/A
CCD,$19.12,1441034135501,"29,351",Not yet rated,NULL,N/A
CFGE,$10.5301,1441034135521,755,Not yet rated,NULL,N/A
CHW,$7.594,1441034135728,"47,151",100% bearish,of 1 rating,N/A
CGO,$12.11,1441034135754,"5,418",100% bearish,of 1 rating,N/A
CSQ,$9.9299,1441034135886,"127,367",Not yet rated,NULL,N/A
CAMP,$16.38,1441034136138,"56,508",88% bullish,of 8 ratings,$25
CVGW,$58.75,1441034136170,"10,768",50% bullish,of 2 ratings,$62
CFNB,NULL,1441034136199,0,100% bearish,of 1 rating,N/A
CALM,$53.1,1441034136271,"243,846",80% bullish,of 5 ratings,$65
CALA,$6.17,1441034136296,"206,501",100% bullish,of 3 ratings,$19.50
ABCD,$5.21,1441034136328,"55,182",83% bullish,of 6 ratings,N/A
CALD,$15.7301,1441034136354,"39,418",100% bearish,of 1 rating,$21
CLMT,$26.25,1441034136375,"34,769",75% bullish,of 8 ratings,$31
CAMBU,NULL,1441034136521,0,100% bearish,of 1 rating,N/A
CAMB,NULL,1441034136571,0,Not yet rated,NULL,N/A
CAMBW,NULL,1441034136703,0,Not yet rated,NULL,N/A
CAC,$40,1441034136731,200,Not yet rated,NULL,N/A
CAMT,$2.67,1441034136836,"3,082",73% bullish,of 11 ratings,$4
CSIQ,$18.96,1441034136868,"366,997",86% bullish,of 28 ratings,$42.50
CGIX,$10.06,1441034137004,"2,190",67% bullish,of 3 ratings,$14.375
CBNJ,$11.15,1441034137033,"2,930",100% bearish,of 1 rating,N/A
CPLA,$49.31,1441034137135,"24,184",67% bearish,of 3 ratings,$65
CCBG,$15.09,1441034137204,400,Not yet rated,NULL,$17.25
CBF,$30.09,1441034137232,"11,160",Not yet rated,NULL,$32
CPLP,$6.99,1441034137305,"82,367",71% bullish,of 7 ratings,$11
CPTA,$13.57,1441034137440,"7,572",100% bearish,of 1 rating,$18.50
CPHC,NULL,1441034137470,0,100% bearish,of 1 rating,N/A
CFFN,$12.03,1441034137499,"75,857",Not yet rated,NULL,$12.75
CSWC,$45.06,1441034137577,"2,973",Not yet rated,NULL,N/A
CAPN,$2.365,1441034137709,"27,125",100% bullish,of 1 rating,$10.85
CAPNW,$0.6898,1441034137791,100,Not yet rated,NULL,N/A
CAPR,$4.3912,1441034137875,"1,202",Not yet rated,NULL,$12
CBYL,$5.25,1441034137942,"3,133",100% bearish,of 1 rating,$20
CARB,$11.085,1441034138017,"16,493",75% bullish,of 4 ratings,$12
CPST,$0.3998,1441034138160,"369,103",95% bullish,of 22 ratings,$1.25
CRDC,$0.3549,1441034138242,"64,020",100% bullish,of 1 rating,$1.25
CARA,$19.05,1441034138291,"41,755",50% bullish,of 4 ratings,$25
CFNL,$22.13,1441034138316,"7,189",Not yet rated,NULL,$24
CSII,$24.33,1441034138371,"18,312",100% bearish,of 2 ratings,$42.125
CRME,$8.81,1441034138540,"5,255",89% bullish,of 9 ratings,$11.25
CDNA,$6.69,1441034138565,700,100% bearish,of 1 rating,$9
CATM,$34.395,1441034138613,"22,390",100% bearish,of 1 rating,$44
CTRE,$11.18,1441034138707,"18,229",50% bullish,of 2 ratings,$13.50
CECO,$3.76,1441034138751,"35,654",67% bearish,of 3 ratings,$6
CKEC,$23.24,1441034138839,"7,125",50% bullish,of 2 ratings,$35.915
CARO,$15.1676,1441034138879,"1,007",100% bearish,of 1 rating,$19
CLBH,$12.7,1441034138903,100,Not yet rated,NULL,$16.50
CART,$5.35,1441034138982,"2,200",100% bearish,of 1 rating,N/A
CRZO,$35.37,1441034139034,"352,562",67% bearish,of 3 ratings,$54.50
TAST,$12.69,1441034139169,"121,240",Not yet rated,NULL,$14.25
CASM,$1.16,1441034139374,"5,700",100% bullish,of 1 rating,$3.50
CRTN,$2.51,1441034139412,600,100% bearish,of 1 rating,N/A
CWST,$6.29,1441034139438,"6,650",50% bullish,of 2 ratings,$7.25
CARV,$7.51,1441034139509,703,50% bullish,of 2 ratings,N/A
CACB,$5.29,1441034139537,"2,666",Not yet rated,NULL,$5.50
CSCD,$15.14,1441034139558,"7,309",100% bullish,of 2 ratings,$17
CASI,$1.4999,1441034139690,"1,255",100% bullish,of 1 rating,$3.50
CASY,$105.7,1441034139739,"18,905",50% bullish,of 2 ratings,$99.50
CASS,$48.61,1441034139835,"2,300",100% bearish,of 1 rating,N/A
CATB,$12.3,1441034139870,"2,325",100% bearish,of 1 rating,$28
CATYW,NULL,1441034139963,0,100% bearish,of 1 rating,N/A
CPRX,$3.6298,1441034139999,"48,470",71% bullish,of 7 ratings,$7
CATY,$29.43,1441034140062,"83,150",100% bearish,of 1 rating,$33.50
CBFV,$21,1441034140284,261,Not yet rated,NULL,$25
CVCO,$71.68,1441034140327,757,100% bearish,of 1 rating,N/A
CNLMR,NULL,1441034140466,0,Not yet rated,NULL,N/A
CNLMU,NULL,1441034140495,0,100% bullish,of 1 rating,N/A
CNLM,NULL,1441034140515,0,Not yet rated,NULL,N/A
CBOE,$63.48,1441034140573,"62,424",Not yet rated,NULL,$60
CNLMW,NULL,1441034140594,0,Not yet rated,NULL,N/A
CAVM,$68.88,1441034140649,"42,795",67% bearish,of 3 ratings,$72
CDK,$49.63,1441034140795,"61,538",67% bearish,of 3 ratings,$50
CDW,$39.79,1441034140927,"161,836",75% bullish,of 4 ratings,$44
CECE,$9.52,1441034140953,"8,997",50% bullish,of 2 ratings,$16
CELG,$120.75,1441034140976,"867,104",92% bullish,of 13 ratings,$155.50
CPXX,$2.21,1441034141009,"61,617",100% bullish,of 2 ratings,$7
CELGZ,$1.69,1441034141113,"8,700",80% bullish,of 5 ratings,N/A
CLDX,$15.33,1441034141166,"307,231",89% bullish,of 9 ratings,$36
CLDN,$1.1231,1441034141264,"12,271",71% bullish,of 7 ratings,$3
CLRB,$3.07,1441034141338,100,100% bearish,of 1 rating,N/A
CBMG,$23.39,1441034141371,"34,746",50% bullish,of 2 ratings,N/A
CLLS,$33.98,1441034141444,"21,645",75% bullish,of 4 ratings,$51.50
CLRBW,NULL,1441034141469,0,Not yet rated,NULL,N/A
CLSN,$2.1045,1441034141653,"24,278",80% bullish,of 10 ratings,$7.50
CLTX,$2.4,1441034141724,"74,377",100% bullish,of 2 ratings,N/A
CYAD,$49.83,1441034141750,50,100% bullish,of 1 rating,$87.50
CEMP,$36.27,1441034141926,"94,070",71% bullish,of 7 ratings,$52
CETX,$2.39,1441034141958,"1,900",Not yet rated,NULL,$5.60
CETV,$2.19,1441034142029,"18,210",67% bullish,of 3 ratings,$2.80
CSFL,$13.57,1441034142103,"8,454",Not yet rated,NULL,$15
CENT,$12.28,1441034142162,"31,745",Not yet rated,NULL,$10
CENTA,$12.63,1441034142235,"64,066",Not yet rated,NULL,N/A
CENX,$5.42,1441034142263,"311,288",67% bullish,of 6 ratings,$9
CFBK,NULL,1441034142291,0,Not yet rated,NULL,N/A
CNBKA,$41.2,1441034142425,100,50% bullish,of 2 ratings,N/A
CVCY,$11.21,1441034142451,100,Not yet rated,NULL,$12
CPHD,$49.78,1441034142521,"58,221",67% bearish,of 3 ratings,$66.50
CNTY,$5.775,1441034142546,"21,587",80% bullish,of 5 ratings,$7.75
CRNT,$1.38,1441034142679,"49,732",50% bullish,of 2 ratings,$2
CERE,$1.1499,1441034142870,"94,034",88% bullish,of 8 ratings,N/A
CERN,$62.58,1441034142902,"388,258",67% bullish,of 3 ratings,$79
CERS,$4.94,1441034142957,"56,389",75% bullish,of 4 ratings,$7
CEVA,$19.39,1441034143000,"6,078",100% bearish,of 1 rating,$25
CYOU,$20.75,1441034143058,"35,639",50% bullish,of 6 ratings,$24
CERU,$3.94,1441034143135,"25,975",75% bullish,of 4 ratings,$14
KOOL,$0.72,1441034143165,"1,599",100% bullish,of 5 ratings,$7
HOTR,$1.49,1441034143186,"23,698",100% bullish,of 2 ratings,$5
CTHR,$1.34,1441034143328,"3,656",50% bullish,of 2 ratings,$2.50
HOTRW,NULL,1441034143364,0,Not yet rated,NULL,N/A
GTLS,$24.79,1441034143421,"34,767",50% bullish,of 4 ratings,$40
CHTR,$180.31,1441034143628,"189,515",100% bearish,of 2 ratings,$202
CHFN,$12.43,1441034143661,"1,365",Not yet rated,NULL,$14
CHKP,$78.08,1441034143688,"181,988",50% bullish,of 4 ratings,$92
CHEK,$2.25,1441034143764,200,Not yet rated,NULL,$7.75
CEMI,$4.0475,1441034143794,"7,074",50% bullish,of 2 ratings,$7.50
CHEKW,NULL,1441034143821,0,Not yet rated,NULL,N/A
CCXI,$6.5678,1441034143846,"14,275",67% bullish,of 3 ratings,$14
CHFC,$31.3301,1441034143901,"4,190",100% bearish,of 1 rating,$36
CHMG,$26.1,1441034144131,100,Not yet rated,NULL,$30
CHKE,$25.5,1441034144174,"4,509",100% bearish,of 1 rating,$32.50
CHEV,$14.39,1441034144308,100,Not yet rated,NULL,N/A
CHMA,$25.69,1441034144337,"16,223",Not yet rated,NULL,$40
CBNK,$16.26,1441034144442,"23,155",100% bearish,of 1 rating,N/A
PLCE,$59.45,1441034144496,"14,142",100% bearish,of 1 rating,$69
CMRX,$49.4475,1441034144629,"26,558",50% bullish,of 2 ratings,$57
CALI,$0.86,1441034144683,200,67% bullish,of 3 ratings,N/A
CBAK,$2.04,1441034144720,"3,923",67% bullish,of 9 ratings,N/A
CAAS,$6.38,1441034144754,"3,476",93% bullish,of 14 ratings,$11.50
CADC,$2.97,1441034144855,"2,610",78% bullish,of 9 ratings,N/A
CBPO,$96.43,1441034144886,"46,447",75% bullish,of 8 ratings,$140.50
CCCR,$0.7497,1441034144959,225,67% bearish,of 3 ratings,N/A
CCCL,$0.78,1441034144984,"1,000",100% bullish,of 6 ratings,N/A
JRJC,$3.61,1441034145127,"17,986",82% bullish,of 11 ratings,N/A
CHOP,$1.15,1441034145185,"3,168",50% bullish,of 2 ratings,N/A
HGSH,$1.8138,1441034145412,"1,540",67% bullish,of 3 ratings,N/A
CHLN,$1.7701,1441034145474,"2,200",67% bullish,of 3 ratings,N/A
CJJD,$1.88,1441034145543,500,100% bullish,of 1 rating,N/A
CNIT,$1.29,1441034145625,"45,984",67% bullish,of 6 ratings,N/A
CREG,$0.6991,1441034145653,"34,635",100% bullish,of 3 ratings,N/A
CHNR,$1.59,1441034145675,"4,881",100% bearish,of 1 rating,N/A
HTHT,$25.63,1441034145706,"13,901",50% bullish,of 2 ratings,$28.40
CPGI,NULL,1441034145726,0,Not yet rated,NULL,N/A
CNTF,$0.7903,1441034146047,"15,650",Not yet rated,NULL,N/A
CXDC,$5.7,1441034146076,"11,501",67% bearish,of 3 ratings,N/A
CSUN,$1.45,1441034146147,"2,959",80% bullish,of 5 ratings,N/A
CNET,$0.8672,1441034146173,"8,990",50% bullish,of 2 ratings,N/A
CNYD,$3.4,1441034146201,"1,400",67% bullish,of 3 ratings,N/A
IMOS,$18.07,1441034146228,"42,646",60% bullish,of 5 ratings,$21.50
CCIH,$7.279,1441034146249,"40,548",67% bullish,of 6 ratings,$12.65
CHSCM,$26.3,1441034146546,"4,523",Not yet rated,NULL,N/A
CHUY,$30.6,1441034146600,"21,215",50% bullish,of 2 ratings,$34
CHSCL,$27.1488,1441034146626,"1,988",Not yet rated,NULL,N/A
CHSCN,$27.3,1441034146647,"1,896",Not yet rated,NULL,N/A
CHDN,$133.01,1441034146683,"15,118",Not yet rated,NULL,$165
CHSCO,NULL,1441034146705,0,Not yet rated,NULL,N/A
CHSCP,$30.7399,1441034146726,"1,312",Not yet rated,NULL,N/A
CDTX,$14.37,1441034146905,"6,277",Not yet rated,NULL,$22
CIFC,$6.85,1441034147096,100,100% bearish,of 1 rating,N/A
CMPR,$72.405,1441034147143,"35,297",50% bullish,of 2 ratings,$72.50
CMCT,$15.21,1441034147240,100,100% bearish,of 1 rating,N/A
CTAS,$85.07,1441034147371,"70,036",100% bearish,of 1 rating,$91
CIDM,$0.56,1441034147396,"109,128",50% bullish,of 2 ratings,$2.10
CINF,$52.11,1441034147422,"73,088",50% bullish,of 4 ratings,$50.50
CPHR,$5.24,1441034147550,"4,600",100% bearish,of 1 rating,$17
CRUS,$29.85,1441034147600,"141,017",75% bullish,of 12 ratings,$44.50
CTRN,$26.69,1441034147651,"8,632",100% bearish,of 1 rating,$31.50
CZNC,$19.84,1441034147691,"2,667",Not yet rated,NULL,N/A
CSCO,$25.795,1441034147815,"3,567,920",84% bullish,of 209 ratings,$32
CIZN,NULL,1441034147844,0,Not yet rated,NULL,N/A
CZFC,$12.6801,1441034147869,750,Not yet rated,NULL,N/A
CZWI,$9.1,1441034147921,402,Not yet rated,NULL,N/A
CTXS,$68.12,1441034148026,"237,332",86% bullish,of 7 ratings,$80
CHCO,$47.21,1441034148223,"3,403",Not yet rated,NULL,$46
CIVB,NULL,1441034148276,0,Not yet rated,NULL,$11
CDTI,$1.64,1441034148355,"10,389",75% bullish,of 4 ratings,$3.20
CLNE,$5.185,1441034148407,"163,329",80% bullish,of 15 ratings,$9
CIVBP,NULL,1441034148432,0,Not yet rated,NULL,N/A
CLNT,$1.49,1441034148466,10,75% bullish,of 8 ratings,N/A
CLFD,$17.2,1441034148492,"14,571",67% bullish,of 3 ratings,$18
CLRO,$11.57,1441034148570,"3,103",50% bullish,of 2 ratings,$14.25
CLIR,$4.5368,1441034148782,"1,800",100% bullish,of 3 ratings,N/A
CBLI,$3.8985,1441034148832,"2,448",60% bullish,of 5 ratings,N/A
CSBK,$13.63,1441034148859,"1,700",Not yet rated,NULL,N/A
CLVS,$79.01,1441034148885,"81,369",60% bullish,of 5 ratings,$101.50
CME,$94.2545,1441034149048,"492,947",67% bullish,of 3 ratings,$102
CMFN,$11.19,1441034149073,"6,597",100% bearish,of 1 rating,$15.50
CCNE,$16.97,1441034149118,"1,300",50% bullish,of 2 ratings,$21.50
CISG,$7.72,1441034149143,"5,325",100% bullish,of 5 ratings,$10
CWAY,$11.055,1441034149209,100,Not yet rated,NULL,N/A
CNV,$4.4379,1441034149278,"4,515",50% bullish,of 2 ratings,$7.15
COBZ,$12.9,1441034149311,"3,602",100% bullish,of 1 rating,$14
COKE,$157.12,1441034149530,"4,318",79% bullish,of 19 ratings,N/A
CDXS,$3.74,1441034149581,"3,730",64% bullish,of 11 ratings,$6
CDRB,$13.52,1441034149611,"2,905",67% bullish,of 3 ratings,N/A
CVLY,NULL,1441034149635,0,Not yet rated,NULL,N/A
JVA,$4.74,1441034149711,"1,725",83% bullish,of 6 ratings,$7
CCOI,$27.81,1441034149868,"48,503",50% bullish,of 4 ratings,$35
CGNT,$1.55,1441034149895,173,100% bullish,of 2 ratings,$2
CGNX,$35.5,1441034149920,"44,528",50% bullish,of 2 ratings,$47
COHR,$58,1441034150101,"9,039",50% bullish,of 2 ratings,$72
CTSH,$63.0815,1441034150130,"756,852",90% bullish,of 10 ratings,$75
COHU,$9.66,1441034150161,"18,591",100% bearish,of 1 rating,$14.25
CLRX,$0.54,1441034150199,"31,719",50% bullish,of 2 ratings,N/A
CHRS,$28.7,1441034150265,"7,293",67% bearish,of 3 ratings,$37
CLCT,$18.57,1441034150364,"5,040",100% bearish,of 1 rating,N/A
CIGI,$43.1,1441034150531,"7,800",100% bearish,of 1 rating,$52
COLL,$14.87,1441034150568,"7,620",100% bearish,of 1 rating,$26
CBAN,NULL,1441034150604,0,Not yet rated,NULL,N/A
CLCD,$6.87,1441034150631,"9,949",100% bearish,of 1 rating,$20.50
COLB,$29.92,1441034150658,"16,677",Not yet rated,NULL,$36
COLM,$61.935,1441034150683,"16,816",100% bearish,of 1 rating,$71
CBMX,$1.1411,1441034150814,780,83% bullish,of 6 ratings,$3.15
CMCO,$18.91,1441034150898,600,60% bullish,of 5 ratings,$28
CMCSK,$57.35,1441034150992,"654,986",Not yet rated,NULL,$84
CMCSA,$56.3735,1441034151077,"1,617,584",66% bullish,of 35 ratings,$69.50
CBSH,$44.455,1441034151151,"49,277",50% bullish,of 2 ratings,$46
CBSHP,$25.4344,1441034151180,386,100% bearish,of 1 rating,N/A
CUBN,$13.5,1441034151282,200,Not yet rated,NULL,N/A
CVGI,$5.11,1441034151356,"24,682",50% bullish,of 2 ratings,$6
CSAL,$20.3,1441034151496,"76,013",75% bullish,of 4 ratings,$30
COMM,$32.21,1441034151580,"180,670",67% bearish,of 3 ratings,$35
JCS,$8.52,1441034151608,"2,640",67% bullish,of 3 ratings,N/A
CYHHZ,$0.01,1441034151636,377,100% bullish,of 1 rating,N/A
ESXB,$5.11,1441034151657,577,Not yet rated,NULL,N/A
CTBI,$34.91,1441034151689,"1,667",Not yet rated,NULL,$36
CWBC,$6.79,1441034151710,15,Not yet rated,NULL,N/A
COB,$10.44,1441034151845,520,100% bullish,of 1 rating,$11.75
CIZ,$33.37,1441034152028,950,100% bearish,of 1 rating,N/A
CVLT,$35.47,1441034152081,"40,102",75% bullish,of 4 ratings,$44.50
CIL,NULL,1441034152105,0,Not yet rated,NULL,N/A
CSA,NULL,1441034152250,0,Not yet rated,NULL,N/A
CID,NULL,1441034152274,0,Not yet rated,NULL,N/A
CDC,$34.45,1441034152338,"2,628",Not yet rated,NULL,N/A
CSF,NULL,1441034152406,0,100% bearish,of 1 rating,N/A
CFA,$35.64,1441034152533,385,100% bearish,of 1 rating,N/A
CFO,$35.51,1441034152557,"1,265",100% bearish,of 1 rating,N/A
CSB,NULL,1441034152586,0,Not yet rated,NULL,N/A
CDL,NULL,1441034152637,0,Not yet rated,NULL,N/A
CGEN,$5.1344,1441034152716,"47,717",50% bullish,of 2 ratings,$11
SCOR,$52.99,1441034152770,"28,396",100% bearish,of 1 rating,$66
CPSI,$45.7101,1441034152807,"6,790",100% bearish,of 1 rating,$45.50
CTG,$6.54,1441034152846,"9,304",100% bearish,of 1 rating,$8.50
CHCI,$0.6599,1441034153035,977,50% bullish,of 2 ratings,N/A
CNSI,$18.7,1441034153236,"22,930",100% bearish,of 2 ratings,$29
CMTL,$26.13,1441034153265,"7,265",100% bearish,of 2 ratings,$37
CNCE,$16.11,1441034153293,"22,616",75% bullish,of 4 ratings,$22
CXRX,$76.01,1441034153319,"2,000",100% bearish,of 1 rating,$90
CCUR,$5.4,1441034153347,"4,530",75% bullish,of 4 ratings,N/A
CNAT,$4.0738,1441034153376,"10,034",83% bullish,of 6 ratings,$13
CDOR,NULL,1441034153480,0,100% bullish,of 1 rating,N/A
CDORO,NULL,1441034153506,0,100% bearish,of 1 rating,N/A
CDORP,NULL,1441034153641,0,100% bearish,of 1 rating,N/A
CFMS,$16.7101,1441034153698,"612,910",100% bearish,of 1 rating,$27
CNMD,$53.36,1441034153773,"15,732",Not yet rated,NULL,$59
CNFR,$10.06,1441034153838,419,Not yet rated,NULL,N/A
CTWS,$34.25,1441034153909,"7,770",100% bearish,of 1 rating,$44
CNOB,$18.97,1441034153971,"1,300",100% bullish,of 1 rating,$23.50
CNXR,$6.94,1441034154102,"5,330",100% bearish,of 1 rating,$12
CONN,$29.79,1441034154183,"73,901",67% bullish,of 3 ratings,$48.50
CPSS,$5.72,1441034154262,"2,472",100% bullish,of 1 rating,$10
CTCT,$25.15,1441034154317,"30,949",67% bullish,of 3 ratings,$37
CNSL,$19.68,1441034154346,"15,045",100% bearish,of 1 rating,$23
CWCO,$10.3299,1441034154367,"9,729",67% bullish,of 3 ratings,$14.50
CFRX,$4.94,1441034154388,"6,461",Not yet rated,NULL,$14
CFRXW,$2.28,1441034154583,"1,000",100% bearish,of 1 rating,N/A
CFRXZ,$0.6,1441034154690,100,Not yet rated,NULL,N/A
CTRV,$3.9099,1441034154722,320,Not yet rated,NULL,$6.40
CTRL,$9.13,1441034154747,"9,524",50% bullish,of 2 ratings,$11
CPRT,$34.98,1441034154904,"42,769",67% bearish,of 3 ratings,$40
CRBP,$1.918,1441034155000,"95,308",100% bullish,of 2 ratings,$6.25
CORE,$60.26,1441034155085,"27,997",100% bearish,of 1 rating,$72
CORT,$4.87,1441034155130,"57,962",67% bullish,of 3 ratings,$12
CSOD,$35.76,1441034155163,"18,590",50% bullish,of 2 ratings,$42
BVA,$3.86,1441034155192,"13,183",50% bullish,of 2 ratings,N/A
CRVL,$30.48,1441034155227,"2,270",100% bearish,of 1 rating,N/A
CORI,$10.01,1441034155262,"44,516",100% bearish,of 1 rating,$18
COSI,$1.19,1441034155363,"14,412",100% bullish,of 1 rating,N/A
CSGP,$180.41,1441034155400,"15,756",50% bullish,of 2 ratings,$235
COST,$139.2,1441034155495,"359,663",79% bullish,of 24 ratings,$154.50
CPAH,$0.47,1441034155542,"2,600",50% bullish,of 2 ratings,N/A
ICBK,NULL,1441034155689,0,Not yet rated,NULL,$21
COVS,$2.7,1441034155792,"21,508",67% bullish,of 3 ratings,N/A
COWNL,$26.6501,1441034155846,200,Not yet rated,NULL,N/A
CVTI,$23.75,1441034155882,"15,031",67% bearish,of 3 ratings,$39
CPSH,NULL,1441034155907,0,Not yet rated,NULL,N/A
COWN,$5.21,1441034155934,"53,816",75% bullish,of 4 ratings,$7
CBRL,$145.83,1441034155978,"36,131",50% bullish,of 2 ratings,$155
CRAI,$22.14,1441034156007,"1,276",100% bearish,of 1 rating,$36
BREW,$7.88,1441034156204,"3,946",67% bullish,of 6 ratings,$15
GLDI,$11,1441034156345,"3,600",100% bearish,of 1 rating,N/A
CACC,$201.44,1441034156370,"16,493",50% bullish,of 2 ratings,$158.50
CRAY,$21.2,1441034156433,"27,298",83% bullish,of 6 ratings,$38.50
SLVO,$9.92,1441034156499,471,100% bearish,of 1 rating,N/A
CREE,$26.96,1441034156561,"99,145",65% bullish,of 17 ratings,$29.50
CRESY,$10.3391,1441034156634,"2,430",100% bearish,of 1 rating,$19
CRTO,$42.05,1441034156658,"56,529",67% bullish,of 6 ratings,$64
CROX,$14.68,1441034156790,"140,654",63% bullish,of 8 ratings,$16.50
CCRN,$14.4199,1441034156820,"68,667",100% bearish,of 1 rating,$14.25
CRWS,$8.13,1441034156851,696,Not yet rated,NULL,$10
CRDS,$1.011,1441034156948,"2,351",75% bullish,of 4 ratings,$4.50
CRWN,$4.965,1441034157022,"112,041",75% bullish,of 4 ratings,N/A
CYRX,$2.7901,1441034157094,"4,658",Not yet rated,NULL,$9
CYRXW,$0.81,1441034157123,"9,601",Not yet rated,NULL,N/A
CSGS,$30.58,1441034157223,"21,137",Not yet rated,NULL,$40
CCLP,$15.219,1441034157427,"4,212",67% bearish,of 3 ratings,$20
CTCM,$1.78,1441034157459,"23,484",80% bearish,of 5 ratings,$3.90
CTIB,NULL,1441034157556,0,100% bearish,of 1 rating,N/A
CTIC,$1.6,1441034157583,"79,268",84% bullish,of 76 ratings,$5.75
CSPI,NULL,1441034157618,0,67% bullish,of 3 ratings,N/A
CPIX,$6.16,1441034157653,703,Not yet rated,NULL,N/A
CTRP,$66.62,1441034157709,"452,069",75% bullish,of 8 ratings,$92.50
CUI,$5.282,1441034157735,454,50% bullish,of 2 ratings,$10
CUNB,$20.93,1441034157933,475,Not yet rated,NULL,$24.50
CMLS,$1.39,1441034158039,"49,832",50% bullish,of 4 ratings,$6
CRIS,$2.6001,1441034158064,"47,104",100% bullish,of 8 ratings,$6
CUTR,$14.67,1441034158088,"605,076",67% bearish,of 3 ratings,$18
CVBF,$16.08,1441034158227,"36,721",Not yet rated,NULL,$18
CVV,$10.9,1441034158300,"2,248",100% bullish,of 5 ratings,N/A
CYAN,$7.03,1441034158403,"1,250",100% bearish,of 1 rating,N/A
CYBR,$51.71,1441034158431,"133,804",75% bullish,of 8 ratings,$66
CYBE,$6.75,1441034158461,"4,701",100% bearish,of 1 rating,N/A
CBAY,$2.77,1441034158491,"18,266",100% bullish,of 1 rating,$4
CYCC,$0.5932,1441034158557,"13,430",73% bullish,of 11 ratings,N/A
CYBX,$66.29,1441034158586,"28,137",50% bullish,of 4 ratings,$71.50
CYCCP,NULL,1441034158738,0,100% bearish,of 1 rating,N/A
CYNA,$16,1441034158866,"16,602",50% bullish,of 2 ratings,$31.50
CYNO,$31.74,1441034158893,"19,870",67% bearish,of 3 ratings,$45.50
CY,$10.0199,1441034158961,"521,443",80% bullish,of 10 ratings,$15.50
CYRN,$1.69,1441034159093,"2,366",67% bullish,of 3 ratings,$4
CYTK,$7.09,1441034159174,"29,059",71% bullish,of 14 ratings,$13.50
CONE,$31.935,1441034159223,"68,179",67% bearish,of 3 ratings,$35.50
CYTX,$0.3798,1441034159248,"1,596,923",83% bullish,of 12 ratings,$5.50
CTSO,$6.96,1441034159274,"17,069",Not yet rated,NULL,$15.625
DAEG,$0.37,1441034159403,500,100% bearish,of 1 rating,N/A
TVIZ,$20.38,1441034159541,"1,100",100% bearish,of 1 rating,N/A
XIV,$25.68,1441034159673,"5,501,044",75% bearish,of 4 ratings,N/A
TVIX,$14.457,1441034159699,"4,847,392",81% bullish,of 16 ratings,N/A
ZIV,$38.75,1441034159742,"35,679",Not yet rated,NULL,N/A
DJCO,$192.01,1441034159766,100,Not yet rated,NULL,N/A
CYTR,$2.49,1441034159791,"137,445",67% bullish,of 6 ratings,$10
DAKT,$8.65,1441034159948,"27,055",50% bullish,of 2 ratings,$12
DARA,$0.873,1441034159995,"26,294",83% bullish,of 6 ratings,$1.50
DTLK,$5.85,1441034160224,"7,171",100% bearish,of 1 rating,$9
DRAM,$1.33,1441034160255,"10,534",78% bullish,of 9 ratings,N/A
DAIO,$2.52,1441034160288,112,Not yet rated,NULL,N/A
DWCH,$5.18,1441034160314,"5,481",75% bullish,of 4 ratings,$8.25
PLAY,$34.63,1441034160353,"35,948",100% bullish,of 5 ratings,$42
DTEA,$13.65,1441034160384,"13,830",100% bearish,of 2 ratings,$24
DWSN,$4.6,1441034160486,"2,944",67% bullish,of 3 ratings,N/A
DBVT,$40.8514,1441034160548,"32,468",100% bearish,of 1 rating,$53
DHRM,$1.51,1441034160805,"1,700",Not yet rated,NULL,N/A
DFRG,$14.96,1441034160835,"22,912",100% bearish,of 1 rating,$20
TRAK,$62.815,1441034160865,"39,557",50% bullish,of 2 ratings,$62.50
TACOW,$3.98,1441034160935,"2,476",100% bullish,of 1 rating,N/A
TACO,$13.09,1441034160961,"42,876",75% bullish,of 4 ratings,$20
DGAS,$20.2,1441034161030,101,67% bearish,of 3 ratings,N/A
DCTH,$0.4192,1441034161051,"29,332",78% bullish,of 9 ratings,N/A
DELT,NULL,1441034161134,0,Not yet rated,NULL,N/A
DENN,$11.48,1441034161290,"57,610",100% bullish,of 3 ratings,$15
XRAY,$52.92,1441034161317,"44,922",100% bullish,of 1 rating,$58
DELTW,NULL,1441034161346,0,Not yet rated,NULL,N/A
DEPO,$27.85,1441034161455,"127,891",60% bullish,of 5 ratings,$29
DSCI,$5.9,1441034161482,"6,450",50% bullish,of 2 ratings,$16
DERM,$25.96,1441034161507,"17,020",100% bearish,of 1 rating,$33.50
DEST,$11.2,1441034161693,"10,762",50% bullish,of 2 ratings,N/A
DXM,$0.2775,1441034161821,"25,309",50% bullish,of 2 ratings,N/A
DSWL,$1.7,1441034161847,"6,900",100% bullish,of 1 rating,N/A
DXLG,$5.71,1441034161888,"29,923",100% bearish,of 1 rating,$8
DXCM,$94.3688,1441034161920,"81,462",57% bullish,of 7 ratings,$98
DHXM,NULL,1441034161987,0,Not yet rated,NULL,N/A
DHIL,$194.72,1441034162054,669,Not yet rated,NULL,N/A
DMND,$30.59,1441034162185,"67,172",75% bullish,of 12 ratings,$32
FANG,$67.42,1441034162239,"135,212",50% bullish,of 2 ratings,$86.50
DCIX,$1.74,1441034162321,"3,584",50% bullish,of 4 ratings,$3.50
DMRC,$38.7001,1441034162523,"15,848",100% bearish,of 1 rating,$44
DGII,$10.19,1441034162578,"7,900",100% bearish,of 1 rating,$11
DRNA,$10.94,1441034162603,"26,827",67% bearish,of 3 ratings,$25
APPS,$2.53,1441034162657,"23,270",100% bearish,of 1 rating,$10.25
DRAD,$3.72,1441034162754,"10,406",100% bullish,of 1 rating,$5.25
DGLY,$8.3801,1441034162801,"22,690",50% bullish,of 6 ratings,$20
DCOM,$17.09,1441034163064,"9,069",100% bearish,of 2 ratings,$16
DPRX,$13.89,1441034163090,300,100% bullish,of 2 ratings,$27.75
DIOD,$19.76,1441034163115,"10,969",75% bearish,of 4 ratings,$24
DISCB,NULL,1441034163146,0,100% bearish,of 1 rating,$35
DSCO,$0.4004,1441034163250,"131,149",83% bullish,of 6 ratings,$2.75
DISCA,$26.5,1441034163276,"280,059",67% bullish,of 3 ratings,$34
DISCK,$25.24,1441034163297,"156,667",100% bearish,of 1 rating,$32
DISH,$59.19,1441034163510,"116,511",69% bullish,of 13 ratings,$73
DVCR,$10.5,1441034163607,"1,700",100% bullish,of 1 rating,N/A
DLHC,$2.42,1441034163636,502,100% bearish,of 1 rating,N/A
BAGR,$2.74,1441034163660,"2,800",100% bearish,of 1 rating,$6
DNBF,NULL,1441034163805,0,Not yet rated,NULL,$27.50
DLTR,$76.6,1441034163830,"620,264",82% bullish,of 11 ratings,$88
DGICA,$14.3499,1441034163957,"1,049",100% bearish,of 1 rating,$17
DMLP,$14.3298,1441034164033,"7,382",100% bearish,of 1 rating,N/A
DGICB,NULL,1441034164060,0,100% bearish,of 1 rating,N/A
DRWI,$0.205,1441034164232,"41,064",60% bullish,of 5 ratings,$.45
HILL,$9.675,1441034164259,"195,571",60% bearish,of 5 ratings,$9.75
DORM,$50.56,1441034164285,"10,018",100% bearish,of 1 rating,$56
DRWIW,NULL,1441034164476,0,Not yet rated,NULL,N/A
DRYS,$0.4605,1441034164501,"1,143,818",77% bullish,of 31 ratings,$.60
DSKX,$3.1601,1441034164546,"33,812",100% bullish,of 1 rating,N/A
DSPG,$8.63,1441034164681,"12,285",100% bearish,of 1 rating,$13.50
DWA,$20.08,1441034164749,"58,055",63% bullish,of 8 ratings,$26
CADT,NULL,1441034164822,0,Not yet rated,NULL,N/A
CADTU,NULL,1441034164855,0,Not yet rated,NULL,N/A
CADTW,NULL,1441034164893,0,Not yet rated,NULL,N/A
CADTR,NULL,1441034164919,0,Not yet rated,NULL,N/A
DTSI,$26.88,1441034164949,"8,550",100% bearish,of 2 ratings,$39.50
DRRX,$2.13,1441034165155,"21,046",50% bullish,of 6 ratings,$3
DXPE,$28.67,1441034165182,"21,701",50% bullish,of 2 ratings,N/A
DNKN,$51.28,1441034165207,"97,898",67% bullish,of 15 ratings,$56.50
DYSL,$1.48,1441034165406,200,100% bullish,of 2 ratings,N/A
DYAX,$23.41,1441034165430,"106,049",89% bullish,of 9 ratings,$30
BOOM,$11.0306,1441034165457,"20,694",67% bullish,of 3 ratings,$12
DYNT,$3.05,1441034165588,200,75% bullish,of 4 ratings,N/A
DVAX,$29.4499,1441034165645,"56,534",70% bullish,of 10 ratings,$40
ETFC,$26.14,1441034165675,"363,049",57% bullish,of 14 ratings,$32.50
EBMT,$11.54,1441034165719,204,Not yet rated,NULL,$13.50
EGBN,$41.56,1441034165855,"5,582",Not yet rated,NULL,$48
EGLE,$6.73,1441034166006,"11,588",60% bullish,of 5 ratings,N/A
EGRX,$82.0799,1441034166031,"41,336",67% bullish,of 3 ratings,$97
EROC,$1.51,1441034166056,"139,147",50% bullish,of 2 ratings,$3
ELNK,$8.34,1441034166188,"62,558",60% bullish,of 5 ratings,$9.50
EWBC,$40.17,1441034166319,"130,457",100% bearish,of 1 rating,$50
EVBS,$6.67,1441034166448,400,Not yet rated,NULL,$7
EML,$16.489,1441034166514,302,Not yet rated,NULL,N/A
ELON,$0.5588,1441034166579,"19,115",50% bullish,of 2 ratings,N/A
EACQU,$10.1,1441034166610,"2,004",Not yet rated,NULL,N/A
EBAY,$27.15,1441034166631,"2,028,054",81% bullish,of 117 ratings,$34
EBIX,$28.4,1441034166652,"32,594",69% bullish,of 13 ratings,$40
ECHO,$23.04,1441034166709,"17,767",67% bearish,of 3 ratings,$34.50
ECTE,$1.49,1441034166800,"4,684",75% bullish,of 4 ratings,N/A
SATS,$44.34,1441034166990,"23,456",50% bullish,of 2 ratings,$60
ECACU,$10.1,1441034167015,50,Not yet rated,NULL,N/A
EEI,NULL,1441034167166,0,67% bearish,of 3 ratings,N/A
ESES,NULL,1441034167233,0,100% bearish,of 1 rating,$7
EDAP,$3.611,1441034167296,"18,746",60% bullish,of 5 ratings,$4.50
EDGW,NULL,1441034167335,0,100% bearish,of 1 rating,N/A
EDUC,$5.9,1441034167390,"5,770",100% bearish,of 1 rating,N/A
EFUT,NULL,1441034167483,0,Not yet rated,NULL,N/A
EGLT,$11.3,1441034167510,"74,177",50% bullish,of 2 ratings,$21
EGAN,$3.62,1441034167531,"2,398",50% bullish,of 2 ratings,$6.25
EMITF,$1.2,1441034167663,"20,760",75% bullish,of 4 ratings,N/A
LOCO,$13.16,1441034167707,"246,375",77% bullish,of 13 ratings,$19.50
EHTH,$14.605,1441034167736,"12,258",50% bullish,of 4 ratings,$16.50
ESLT,$76.61,1441034167844,"3,530",67% bullish,of 3 ratings,N/A
ERI,$9.535,1441034167871,"21,325",100% bearish,of 1 rating,$10
ELRC,$10.49,1441034168000,"2,674",100% bearish,of 1 rating,N/A
ELEC,NULL,1441034168190,0,Not yet rated,NULL,N/A
EFII,$43.93,1441034168219,"8,815",80% bullish,of 5 ratings,$55
EA,$66.68,1441034168240,"543,119",77% bullish,of 35 ratings,$80
ELSE,$3.89,1441034168270,51,60% bullish,of 5 ratings,N/A
ESIO,$4.54,1441034168291,"14,896",50% bullish,of 2 ratings,$10
ELECW,NULL,1441034168427,0,Not yet rated,NULL,N/A
EBIO,$3.575,1441034168454,"45,806",100% bearish,of 2 ratings,$8.35
ELECU,NULL,1441034168474,0,Not yet rated,NULL,N/A
CAPX,NULL,1441034168633,0,Not yet rated,NULL,N/A
RDEN,$10.85,1441034168689,"7,176",100% bearish,of 4 ratings,$15
LONG,$16.97,1441034168716,"1,200",67% bullish,of 3 ratings,$15.75
ELTK,$1.3202,1441034168766,"20,910",67% bearish,of 3 ratings,N/A
ESBK,NULL,1441034168790,0,Not yet rated,NULL,N/A
EMCI,$23.04,1441034169057,"3,050",Not yet rated,NULL,N/A
EMCF,NULL,1441034169101,0,100% bearish,of 1 rating,N/A
EMMS,$1.12,1441034169128,"8,403",83% bullish,of 6 ratings,N/A
EMMSP,$3,1441034169159,200,100% bearish,of 1 rating,N/A
NYNY,$4.3,1441034169260,"6,269",50% bullish,of 2 ratings,N/A
EMKR,$7.01,1441034169288,"14,627",75% bullish,of 4 ratings,$8.50
ERS,$2.8313,1441034169451,200,Not yet rated,NULL,N/A
ENTA,$40.225,1441034169501,"26,071",50% bullish,of 2 ratings,$42
ECPG,$39.72,1441034169652,"40,641",100% bullish,of 2 ratings,$52
WIRE,$32.2,1441034169677,"14,430",100% bearish,of 1 rating,$37
ENDP,$77.85,1441034169748,"200,409",50% bullish,of 6 ratings,$104
ECYT,$5.286,1441034169811,"90,661",83% bullish,of 6 ratings,$12
EIGI,$15.36,1441034169841,"41,028",67% bearish,of 3 ratings,$22.50
ELGX,$13.01,1441034169861,"25,575",75% bullish,of 4 ratings,$17
WATT,$7.23,1441034169891,"45,192",50% bullish,of 2 ratings,$13
ENOC,$9.19,1441034170089,"37,953",75% bullish,of 4 ratings,$18
EFOI,$23.2425,1441034170114,"547,101",50% bullish,of 2 ratings,$24.50
ERII,$2.68,1441034170159,"3,776",80% bullish,of 5 ratings,$2.50
ENG,$1.03,1441034170315,"5,500",100% bullish,of 3 ratings,N/A
EXXI,$1.83,1441034170339,"251,914",86% bullish,of 7 ratings,$3.50
ENPH,$4.81,1441034170377,"169,027",75% bullish,of 4 ratings,$11
ESGR,$146.6268,1441034170401,385,100% bearish,of 1 rating,$185
ENTL,$21.905,1441034170752,"1,569",Not yet rated,NULL,$28
ETRM,$0.26,1441034170781,"418,280",69% bearish,of 35 ratings,$1.625
ENFC,$17.501,1441034170802,600,Not yet rated,NULL,N/A
ENTG,$13.74,1441034170858,"79,737",100% bearish,of 1 rating,$18
EBTC,$21,1441034170962,100,Not yet rated,NULL,N/A
EGT,$2.0602,1441034171098,216,100% bullish,of 1 rating,N/A
EFSC,$23.74,1441034171240,"2,552",Not yet rated,NULL,$27
ENVI,$1.8601,1441034171271,"17,758",67% bullish,of 3 ratings,N/A
ENZN,$1.03,1441034171305,"44,947",100% bullish,of 9 ratings,N/A
ENZY,$9.91,1441034171367,"4,324",67% bullish,of 3 ratings,$9.50
EPIQ,$13.04,1441034171400,"9,634",100% bearish,of 1 rating,$18
EPRS,$5.19,1441034171466,"9,337",82% bullish,of 11 ratings,$15
PLUS,$75.81,1441034171613,"10,487",50% bullish,of 2 ratings,$88
EPZM,$21.075,1441034171662,"89,823",60% bullish,of 5 ratings,$34
EQFN,$8.39,1441034171694,35,100% bearish,of 1 rating,N/A
EQIX,$265.98,1441034171751,"37,759",75% bullish,of 4 ratings,$312.50
ERIE,$81.85,1441034171854,"1,618",Not yet rated,NULL,$73
EAC,$3.5,1441034171881,"1,889",100% bearish,of 1 rating,$8
ERIC,$9.715,1441034171914,"535,494",67% bullish,of 9 ratings,$12.20
ESCA,$17.93,1441034172013,403,100% bearish,of 1 rating,$22
ESCR,$0.1253,1441034172165,"93,326",50% bullish,of 2 ratings,N/A
ESCRP,$1.15,1441034172199,"2,511",100% bearish,of 1 rating,N/A
ESMC,NULL,1441034172224,0,Not yet rated,NULL,N/A
ESPR,$51.4,1441034172370,"206,482",70% bearish,of 10 ratings,$122.50
ESSA,$12.8101,1441034172467,959,100% bearish,of 1 rating,N/A
EPIX,NULL,1441034172499,0,Not yet rated,NULL,N/A
ESND,$34.6,1441034172521,"9,106",100% bearish,of 2 ratings,$40
ESSX,$0.488,1441034172576,"27,332",50% bullish,of 2 ratings,N/A
ETSY,$14.7,1441034172610,"74,445",80% bullish,of 5 ratings,$16
CLWT,NULL,1441034172705,0,100% bullish,of 1 rating,N/A
EEFT,$65.3684,1441034172775,"35,898",100% bearish,of 1 rating,$67.50
ESEA,$5.1,1441034172801,"1,560",100% bullish,of 1 rating,$15
EVEP,$8.48,1441034173013,"73,422",50% bullish,of 2 ratings,$15
EVLV,$2.66,1441034173040,"42,218",60% bullish,of 5 ratings,$5.125
EVK,$3.96,1441034173070,832,75% bearish,of 4 ratings,N/A
EVOK,$3.7801,1441034173170,"8,984",100% bearish,of 1 rating,$13.375
EXA,$11.02,1441034173197,"1,736",100% bearish,of 1 rating,$13
EVOL,$6,1441034173227,"1,691",75% bullish,of 4 ratings,$10
EXAS,$22.364,1441034173248,"96,260",78% bullish,of 9 ratings,$31
EXEL,$6.06,1441034173415,"1,127,795",81% bullish,of 16 ratings,$6
EXAC,$19.43,1441034173443,"6,210",100% bearish,of 1 rating,$22.50
EXLS,$36.01,1441034173588,"4,020",50% bullish,of 2 ratings,$41
EXFO,$2.7801,1441034173620,"1,805",67% bearish,of 3 ratings,$3.95
EXPD,$49.33,1441034173722,"163,260",80% bullish,of 5 ratings,$52
EXPE,$116.05,1441034173747,"119,768",64% bullish,of 11 ratings,$130
ESRX,$83.98,1441034173775,"495,568",67% bearish,of 6 ratings,$101
EXPO,$42.53,1441034173796,"8,825",100% bearish,of 1 rating,$45.50
EXLP,$20.3,1441034173964,"142,915",100% bearish,of 1 rating,$25
EYEG,$3.65,1441034173995,"2,537",Not yet rated,NULL,N/A
EYEGW,NULL,1441034174057,0,Not yet rated,NULL,N/A
EXTR,$2.9,1441034174091,"251,970",80% bullish,of 5 ratings,$3
EZCH,$22.81,1441034174197,"26,147",75% bullish,of 8 ratings,$19.50
EZPW,$6.005,1441034174269,"30,475",50% bullish,of 4 ratings,$7
FB,$90.2711,1441034174376,"6,284,810",73% bullish,of 1072 ratings,$111
FFIV,$122.36,1441034174430,"105,243",63% bullish,of 8 ratings,$132
FRP,$16.23,1441034174513,"42,132",100% bearish,of 1 rating,$18
FCS,$13.52,1441034174560,"63,112",67% bearish,of 3 ratings,$17
FWM,$2.27,1441034174585,"30,539",100% bearish,of 2 ratings,$3.20
DAVE,$15.2,1441034174658,"16,551",100% bearish,of 1 rating,$15.50
FALC,$1.703,1441034174723,"14,463",63% bearish,of 8 ratings,N/A
FMNB,$8.2,1441034174830,"2,100",Not yet rated,NULL,N/A
FARM,$22.59,1441034174857,"7,988",100% bearish,of 1 rating,$35
FFKT,$25.73,1441034174888,668,Not yet rated,NULL,$29
FAST,$38.4,1441034174992,"352,826",80% bullish,of 5 ratings,$45.50
FARO,$38.0548,1441034175071,"14,302",50% bullish,of 2 ratings,$48
FATE,$6.88,1441034175098,"12,707",50% bullish,of 2 ratings,$11
FBRC,$21.825,1441034175303,346,100% bearish,of 1 rating,$29
FBSS,NULL,1441034175327,0,Not yet rated,NULL,N/A
FDML,$8.83,1441034175389,"41,397",50% bullish,of 4 ratings,$14
FNHC,$21.9999,1441034175414,"13,949",100% bearish,of 1 rating,$35
FEIC,$75.77,1441034175595,"25,090",50% bullish,of 2 ratings,$95.50
FENX,$10.06,1441034175628,"14,093",100% bullish,of 1 rating,$14.25
FHCO,$1.4494,1441034175649,"35,674",50% bullish,of 4 ratings,N/A
FGEN,$24.12,1441034175681,"75,008",100% bearish,of 1 rating,$39
FCSC,$5.67,1441034175724,"23,458",100% bearish,of 1 rating,$8.125
LION,$19.2,1441034175828,"10,268",100% bullish,of 1 rating,$20
FDUS,$14.546,1441034175866,"8,716",50% bullish,of 2 ratings,$18
ONEQ,$188.5561,1441034175898,"4,701",100% bullish,of 1 rating,N/A
FSAM,$8.22,1441034176172,507,100% bearish,of 1 rating,$10.25
FRGI,$51.42,1441034176199,"15,212",50% bullish,of 2 ratings,$70
FSC,$6.465,1441034176230,"141,512",60% bullish,of 5 ratings,$8
FSCFL,$24.7,1441034176329,350,Not yet rated,NULL,N/A
FSFR,$8.8301,1441034176358,"7,168",100% bearish,of 1 rating,$11.50
FITBI,$27.528,1441034176424,"1,427",Not yet rated,NULL,N/A
FITB,$19.87,1441034176476,"581,703",54% bullish,of 13 ratings,$22
FNGN,$32.69,1441034176552,"71,124",67% bullish,of 3 ratings,$47
FNSR,$15.51,1441034176646,"83,550",71% bullish,of 7 ratings,$24.50
FNJN,$1.9,1441034176697,"5,768",100% bearish,of 1 rating,$5
FISI,$24.85,1441034176749,"2,595",100% bullish,of 2 ratings,$24.50
FNTC,NULL,1441034177013,0,Not yet rated,NULL,N/A
FEYE,$38.6056,1441034177041,"728,969",87% bullish,of 15 ratings,$55.50
FNTCU,NULL,1441034177065,0,Not yet rated,NULL,N/A
FNLC,$18.6635,1441034177205,"1,112",100% bullish,of 1 rating,N/A
FBNC,$16.9124,1441034177230,450,100% bullish,of 1 rating,$20
FRBA,NULL,1441034177256,0,Not yet rated,NULL,$8
FNTCW,$0.33,1441034177277,998,Not yet rated,NULL,N/A
BUSE,$6.39,1441034177411,"2,002",Not yet rated,NULL,$6.875
FBIZ,$22.4,1441034177458,"21,475",100% bearish,of 2 ratings,$52
FCVA,$4.78,1441034177514,"2,494",Not yet rated,NULL,N/A
FCFS,$40.05,1441034177649,"15,264",100% bearish,of 3 ratings,$47
FCAP,NULL,1441034177674,0,Not yet rated,NULL,N/A
FCNCA,$238.6,1441034177699,"2,494",Not yet rated,NULL,N/A
FCBC,$17.4132,1441034177860,"1,578",Not yet rated,NULL,$18
FCLF,$9.1999,1441034177889,500,Not yet rated,NULL,N/A
FCCO,$12,1441034177991,"2,100",Not yet rated,NULL,$13.25
FCFP,$6.95,1441034178016,200,Not yet rated,NULL,N/A
FDEF,$37.72,1441034178045,"5,187",Not yet rated,NULL,$38
FBNK,$17.24,1441034178152,"10,980",100% bearish,of 1 rating,$17.50
FFBC,$18.2,1441034178189,"9,534",67% bearish,of 3 ratings,$20.25
FFBCW,NULL,1441034178283,0,100% bearish,of 1 rating,N/A
FFIN,$30.85,1441034178521,"39,757",50% bullish,of 2 ratings,$31.75
FFNW,NULL,1441034178570,0,Not yet rated,NULL,$14
FFWM,$21.25,1441034178597,"2,300",Not yet rated,NULL,$24
THFF,$32.96,1441034178653,314,Not yet rated,NULL,$35
FFNM,$6.39,1441034178822,100,Not yet rated,NULL,N/A
INBK,$30.87,1441034178899,"7,055",50% bullish,of 2 ratings,$37
FIBK,$26.2,1441034179006,"28,809",Not yet rated,NULL,$32
FRME,$25.98,1441034179041,"7,183",Not yet rated,NULL,$26.50
FMBH,NULL,1441034179067,0,Not yet rated,NULL,N/A
FMBI,$17.41,1441034179139,"39,106",Not yet rated,NULL,$20
FNBC,$34.792,1441034179164,"8,435",Not yet rated,NULL,$40
FNFG,$9.13,1441034179199,"224,863",80% bullish,of 5 ratings,$9
FNWB,NULL,1441034179452,0,Not yet rated,NULL,N/A
FSGI,$2.47,1441034179479,200,Not yet rated,NULL,N/A
FSFG,NULL,1441034179506,0,Not yet rated,NULL,N/A
FCAN,$24.0783,1441034179746,400,Not yet rated,NULL,N/A
FSBK,NULL,1441034179774,0,100% bullish,of 1 rating,N/A
FSLR,$47.54,1441034179797,"237,340",72% bullish,of 39 ratings,$65
BICK,NULL,1441034179817,0,100% bullish,of 1 rating,N/A
FBZ,$9.67,1441034179854,600,Not yet rated,NULL,N/A
FCA,NULL,1441034179952,0,Not yet rated,NULL,N/A
FTCS,$36.3859,1441034180049,"1,110",100% bearish,of 1 rating,N/A
FV,$23.5565,1441034180078,"576,255",100% bearish,of 1 rating,N/A
FTSM,$59.85,1441034180297,"39,399",100% bearish,of 1 rating,N/A
IFV,$17.74,1441034180355,"35,956",100% bearish,of 1 rating,N/A
FEUZ,$30.9301,1441034180383,625,Not yet rated,NULL,N/A
FEMB,NULL,1441034180408,0,Not yet rated,NULL,N/A
TDIV,$24.6999,1441034180453,"7,801",100% bearish,of 1 rating,N/A
FGM,$35.574,1441034180625,837,Not yet rated,NULL,N/A
FTGC,$22.215,1441034180659,"21,320",Not yet rated,NULL,N/A
MDIV,$19.1652,1441034180729,"42,923",Not yet rated,NULL,N/A
HYLS,$49.46,1441034180894,"2,914",100% bearish,of 1 rating,N/A
YDIV,$16.3804,1441034180920,"1,099",Not yet rated,NULL,N/A
FTHI,$19.4135,1441034180954,556,Not yet rated,NULL,N/A
FPXI,$27.5,1441034180980,400,Not yet rated,NULL,N/A
FHK,$33.13,1441034181056,"2,000",Not yet rated,NULL,N/A
SKYY,$28.8606,1441034181149,"12,920",100% bullish,of 1 rating,N/A
CU,$12.78,1441034181249,"6,089",100% bearish,of 1 rating,N/A
PLTM,$6.2725,1441034181353,328,100% bearish,of 1 rating,N/A
FTLB,$19.81,1441034181483,1,100% bearish,of 1 rating,N/A
FMB,NULL,1441034181507,0,Not yet rated,NULL,N/A
FJP,$47.27,1441034181532,"2,998",Not yet rated,NULL,N/A
LMBS,$50.09,1441034181563,"1,089",Not yet rated,NULL,N/A
QABA,$37.25,1441034181660,926,100% bearish,of 1 rating,N/A
CIBR,$17.9096,1441034181758,"20,865",Not yet rated,NULL,N/A
QCLN,$15.1501,1441034181835,"1,926",Not yet rated,NULL,N/A
FONE,$35,1441034181862,500,Not yet rated,NULL,N/A
CARZ,$34.8999,1441034182074,"2,369",100% bearish,of 1 rating,N/A
GRID,NULL,1441034182098,0,100% bearish,of 1 rating,N/A
RDVY,$21.04,1441034182129,600,Not yet rated,NULL,N/A
QQEW,$41.773,1441034182234,"21,233",Not yet rated,NULL,N/A
QTEC,$39.9301,1441034182269,"3,465",Not yet rated,NULL,N/A
QQXT,$40.4213,1441034182336,"8,096",Not yet rated,NULL,N/A
AIRR,$16.52,1441034182365,"12,465",100% bearish,of 1 rating,N/A
QINC,$20.151,1441034182498,257,Not yet rated,NULL,N/A
FTSL,$48.82,1441034182525,"4,697",100% bearish,of 1 rating,N/A
FKO,NULL,1441034182591,0,Not yet rated,NULL,N/A
FDIV,$47,1441034182760,"1,797",100% bearish,of 1 rating,N/A
FSZ,$39,1441034182788,307,Not yet rated,NULL,N/A
FTW,NULL,1441034182813,0,Not yet rated,NULL,N/A
FUNC,$8.0538,1441034183035,"2,704",Not yet rated,NULL,N/A
TUSA,$25.03,1441034183060,"2,834",Not yet rated,NULL,N/A
FKU,$41.75,1441034183087,"1,987",Not yet rated,NULL,N/A
SVVC,$9.41,1441034183311,"3,528",50% bullish,of 2 ratings,$26
FSV,$31.41,1441034183386,"2,300",Not yet rated,NULL,$33.60
FMER,$17.88,1441034183522,"136,114",50% bullish,of 2 ratings,$20
FISV,$85.78,1441034183551,"208,658",100% bearish,of 3 ratings,$90
FPRX,$19.99,1441034183576,"531,204",50% bullish,of 2 ratings,$35
FIVE,$38.75,1441034183616,"158,806",75% bearish,of 4 ratings,$44
FIVN,$3.95,1441034183641,"17,012",100% bullish,of 1 rating,$8.50
FLML,$22.45,1441034183709,"14,108",50% bullish,of 2 ratings,$30
FLXN,$25.082,1441034183882,"20,139",100% bearish,of 1 rating,$40
SKOR,$50.35,1441034184021,"3,700",Not yet rated,NULL,N/A
FLKS,$12.28,1441034184094,"7,947",50% bullish,of 2 ratings,$27
FLEX,$10.53,1441034184123,"260,523",63% bullish,of 8 ratings,$12
MBSD,$24.95,1441034184147,985,Not yet rated,NULL,N/A
FLIR,$28.56,1441034184198,"142,140",100% bearish,of 1 rating,$38.50
FLXS,$32.46,1441034184223,"2,830",100% bearish,of 2 ratings,N/A
FLDM,$12.12,1441034184358,"45,073",67% bearish,of 3 ratings,$15
FFIC,$19.83,1441034184462,"11,568",Not yet rated,NULL,$20.50
FOMX,$10.19,1441034184598,"69,325",50% bullish,of 2 ratings,$23.50
FES,$0.85,1441034184619,"41,327",50% bullish,of 2 ratings,$1
FONR,$9.53,1441034184651,"2,381",100% bullish,of 1 rating,N/A
FOGO,$19.15,1441034184672,"33,988",50% bullish,of 2 ratings,$25.50
FORM,$6.58,1441034184705,"10,945",67% bullish,of 3 ratings,$10.50
FORTY,$31.63,1441034184849,33,100% bearish,of 1 rating,N/A
FORR,$31.57,1441034184979,"2,560",Not yet rated,NULL,N/A
FTNT,$42.39,1441034185036,"135,707",80% bullish,of 10 ratings,$52
FWRD,$44.86,1441034185123,"12,830",100% bearish,of 1 rating,$50
FBIO,$2.89,1441034185184,"40,783",83% bullish,of 6 ratings,N/A
FORD,$1.4439,1441034185329,"663,603",67% bullish,of 3 ratings,N/A
FOSL,$61.46,1441034185357,"63,031",60% bearish,of 5 ratings,$80
FMI,$24.195,1441034185382,"47,991",100% bearish,of 2 ratings,$27.50
FWP,$27.46,1441034185432,"12,691",100% bearish,of 1 rating,$45
FXCB,$16.94,1441034185522,113,Not yet rated,NULL,$19
FOXF,$15.02,1441034185562,"2,048",100% bearish,of 1 rating,$19
FRAN,$11.45,1441034185600,"52,967",50% bullish,of 4 ratings,$15
FELE,$29.03,1441034185699,"16,212",50% bullish,of 4 ratings,$33
FREE,$0.3589,1441034185937,"190,857",92% bullish,of 12 ratings,N/A
FRED,$13.09,1441034185967,"27,089",50% bullish,of 2 ratings,$15.50
RAIL,$21.4,1441034186066,"39,823",100% bearish,of 1 rating,$24.50
FEIM,$10.95,1441034186097,100,100% bearish,of 1 rating,N/A
FRPT,$12.94,1441034186146,"23,266",67% bearish,of 3 ratings,$23.50
FTR,$5.06,1441034186200,"2,138,149",78% bullish,of 27 ratings,$6.25
FRPH,$31.24,1441034186276,6,100% bearish,of 1 rating,N/A
FTRPR,$100.2,1441034186302,"1,065",100% bearish,of 1 rating,N/A
FTD,$29.75,1441034186433,"16,849",100% bearish,of 1 rating,$40
FSBW,$23.03,1441034186501,"1,904",Not yet rated,NULL,N/A
FSYS,$6.82,1441034186527,"3,150",67% bullish,of 3 ratings,$10
FCEL,$0.8097,1441034186587,"172,486",88% bullish,of 41 ratings,$2.65
FTEK,$2.05,1441034186791,"7,540",75% bullish,of 4 ratings,N/A
FULL,$3.12,1441034186819,"3,405",67% bearish,of 3 ratings,$4.25
FULLL,NULL,1441034187118,0,Not yet rated,NULL,N/A
FLL,$1.575,1441034187161,"1,491",75% bullish,of 4 ratings,$3.50
FSNN,$2.175,1441034187186,"1,282",67% bullish,of 3 ratings,$6
FULT,$12.05,1441034187257,"46,965",100% bearish,of 1 rating,$13
FXEN,$0.9,1441034187341,"4,601",75% bullish,of 4 ratings,$1.10
FFHL,$1.09,1441034187372,"1,950",50% bullish,of 4 ratings,N/A
GK,$68.01,1441034187393,"6,504",Not yet rated,NULL,$78
FXENP,NULL,1441034187474,0,100% bearish,of 1 rating,N/A
WILC,$4.95,1441034187652,"1,652",100% bullish,of 2 ratings,N/A
GLPG,$59.98,1441034187683,"14,074",100% bullish,of 1 rating,$75
GAIA,$5.86,1441034187709,486,50% bullish,of 2 ratings,$8.50
GALTU,NULL,1441034187840,0,100% bearish,of 1 rating,N/A
GALTW,NULL,1441034187867,0,100% bullish,of 1 rating,N/A
GALT,$2.12,1441034187894,"47,167",80% bullish,of 5 ratings,N/A
GLMD,$8.68,1441034188074,"6,550",67% bullish,of 3 ratings,$20.50
GALE,$1.5001,1441034188146,"214,609",89% bullish,of 47 ratings,$4
GRMN,$37.67,1441034188207,"107,172",50% bullish,of 6 ratings,$46.50
GLPI,$31.15,1441034188232,"22,811",100% bearish,of 1 rating,$37.50
GPIC,$10.05,1441034188258,500,100% bearish,of 1 rating,N/A
GGAC,NULL,1441034188422,0,100% bearish,of 1 rating,N/A
GGACR,NULL,1441034188495,0,100% bullish,of 1 rating,N/A
GGACW,$0.1366,1441034188521,"14,860",Not yet rated,NULL,N/A
GGACU,$10.25,1441034188548,100,Not yet rated,NULL,N/A
GNCMA,$17.635,1441034188773,"17,856",100% bearish,of 1 rating,$12
GARS,$14.3755,1441034188804,"16,026",Not yet rated,NULL,$16
GENC,$9.056,1441034188833,"3,400",100% bearish,of 1 rating,N/A
GFN,$3.86,1441034188915,514,100% bearish,of 2 ratings,$8
GENE,$2.428,1441034189047,"67,257",100% bullish,of 12 ratings,N/A
GFNSL,$25.6,1441034189073,800,Not yet rated,NULL,N/A
GFNCP,NULL,1441034189098,0,Not yet rated,NULL,N/A
GNMK,$10.33,1441034189201,"54,099",67% bullish,of 6 ratings,$14
GHDX,$27.65,1441034189299,"19,155",50% bullish,of 2 ratings,$30
GNTX,$15.45,1441034189456,"184,484",Not yet rated,NULL,$20
THRM,$46.04,1441034189611,"21,696",75% bearish,of 4 ratings,$55.50
GNCA,$11.8499,1441034189637,"22,436",100% bearish,of 1 rating,$20
GNVC,$2.53,1441034189660,"2,850",90% bullish,of 10 ratings,$8.50
GEOS,$16.59,1441034189792,"15,763",100% bearish,of 3 ratings,$21
GTWN,NULL,1441034189818,0,Not yet rated,NULL,N/A
GABC,$28.96,1441034189845,462,Not yet rated,NULL,$31
GEVO,$2.3201,1441034189945,"33,008",75% bullish,of 12 ratings,$5
GERN,$3.13,1441034190042,"403,007",88% bullish,of 16 ratings,$5.25
ROCK,$16.53,1441034190331,"23,133",80% bullish,of 5 ratings,$24
GIGM,$0.5251,1441034190363,"15,901",100% bullish,of 2 ratings,N/A
GILT,$4.25,1441034190393,"3,162",50% bullish,of 2 ratings,N/A
GIII,$69.43,1441034190414,"49,550",67% bullish,of 3 ratings,$75
GIGA,$1.4211,1441034190463,"8,734",100% bearish,of 1 rating,N/A
GBCI,$25.72,1441034190492,"47,921",50% bullish,of 2 ratings,$31
GILD,$106.8562,1441034190596,"1,543,143",91% bullish,of 87 ratings,$129
GLAD,$8.88,1441034190765,"38,909",50% bullish,of 2 ratings,$8.75
GLADO,$25.3,1441034190790,675,Not yet rated,NULL,N/A
GOOD,$14.54,1441034190979,"22,443",Not yet rated,NULL,$19
GAIN,$7.45,1441034191051,"45,938",100% bullish,of 2 ratings,$8.25
GOODN,$25.57,1441034191076,244,Not yet rated,NULL,N/A
GOODO,$24.85,1441034191104,"2,627",Not yet rated,NULL,N/A
GOODP,$25.14,1441034191141,7,Not yet rated,NULL,N/A
GAINN,$25.18,1441034191303,"7,209",Not yet rated,NULL,N/A
GAINO,$25.35,1441034191347,"1,142",Not yet rated,NULL,N/A
GAINP,$25.99,1441034191593,481,Not yet rated,NULL,N/A
LAND,$9.13,1441034191654,"9,507",50% bullish,of 2 ratings,$13.75
ENT,$11.59,1441034191674,"10,946",100% bearish,of 1 rating,$18
GLBZ,$11.72,1441034191706,454,Not yet rated,NULL,N/A
GBT,$48.755,1441034191746,"21,080",100% bearish,of 1 rating,N/A
GDEF,$10.52,1441034191774,1,Not yet rated,NULL,N/A
GBLI,$26.83,1441034191903,"1,500",Not yet rated,NULL,N/A
GPACU,NULL,1441034192034,0,Not yet rated,NULL,N/A
GSOL,$8.18,1441034192167,"3,423",100% bearish,of 1 rating,N/A
SOCL,$17.65,1441034192320,"8,414",100% bullish,of 2 ratings,N/A
QQQC,$19.23,1441034192379,822,100% bearish,of 1 rating,N/A
ACTX,$13.15,1441034192420,"74,850",100% bullish,of 1 rating,N/A
ALTY,NULL,1441034192450,0,Not yet rated,NULL,N/A
YLCO,$11.78,1441034192475,"1,620",Not yet rated,NULL,N/A
SRET,$13.2499,1441034192551,412,Not yet rated,NULL,N/A
GAI,$5.94,1441034192682,100,50% bullish,of 2 ratings,N/A
GBIM,$2.54,1441034192864,"24,265",50% bullish,of 2 ratings,N/A
GSM,$13.7,1441034192904,"49,738",50% bullish,of 2 ratings,$22
GLBS,$1,1441034192931,"2,094",67% bullish,of 3 ratings,N/A
GLRI,$1.01,1441034193355,"1,876",100% bearish,of 1 rating,$4.25
GLYC,$7.046,1441034193381,950,50% bullish,of 2 ratings,$14
GLUU,$4.58,1441034193406,"320,577",92% bullish,of 26 ratings,$9
GOGO,$15.75,1441034193534,"74,327",80% bullish,of 5 ratings,$25
GLDC,NULL,1441034193617,0,50% bullish,of 2 ratings,N/A
GLNG,$38.56,1441034193643,"133,411",83% bullish,of 6 ratings,$55.50
GMLP,$18.35,1441034193664,"62,358",50% bullish,of 4 ratings,$30.50
GOGL,$3.12,1441034193904,"48,338",75% bullish,of 4 ratings,$5
GTIM,$6.761,1441034193933,"2,356",Not yet rated,NULL,$11.50
GOOG,$634.7089,1441034194004,"310,359",89% bullish,of 71 ratings,$825
GBDC,$16.646,1441034194031,"12,131",Not yet rated,NULL,$17.75
GDEN,NULL,1441034194065,0,50% bullish,of 2 ratings,N/A
GPRO,$47.155,1441034194159,"1,227,311",78% bullish,of 58 ratings,$72
GMAN,$3.809,1441034194192,"7,799",60% bullish,of 5 ratings,$8.50
GOOGL,$663.605,1441034194218,"285,814",88% bullish,of 1082 ratings,$749
GPIA,NULL,1441034194493,0,100% bearish,of 1 rating,N/A
LOPE,$37.733,1441034194713,"26,008",100% bearish,of 2 ratings,$50
GRVY,$3.16,1441034194741,"3,000",50% bullish,of 2 ratings,N/A
GPIAU,NULL,1441034194762,0,Not yet rated,NULL,N/A
GPIAW,NULL,1441034194794,0,Not yet rated,NULL,N/A
GLDD,$5.35,1441034194816,"18,160",100% bearish,of 4 ratings,$7.75
GSBC,$39.935,1441034194852,"2,000",100% bullish,of 1 rating,$44
GBSN,$0.31,1441034194873,"3,737,859",50% bullish,of 2 ratings,$8.25
GBSNU,NULL,1441034194898,0,NULL,NULL,NULL
GNBC,$11.85,1441034195287,"2,304",100% bearish,of 1 rating,$16.50
GPP,$13.99,1441034195314,"13,560",Not yet rated,NULL,$20.50
GPRE,$20.63,1441034195339,"86,230",67% bullish,of 6 ratings,$28.50
GRBK,$11.83,1441034195365,"33,266",77% bullish,of 13 ratings,N/A
GCBC,$28.5,1441034195493,594,100% bullish,of 1 rating,N/A
GLRE,$25.41,1441034195518,"10,025",50% bullish,of 2 ratings,$41
GRIF,NULL,1441034195703,0,100% bearish,of 1 rating,N/A
GRFS,$30.62,1441034195804,"24,164",50% bullish,of 2 ratings,$35
GRPN,$4.455,1441034195934,"1,631,403",61% bullish,of 71 ratings,$6.75
GGAL,$19.09,1441034195965,"47,013",80% bullish,of 5 ratings,$40
GSVC,$8.86,1441034195986,"13,651",50% bullish,of 2 ratings,$14.50
OMAB,$41.05,1441034196007,"14,240",100% bullish,of 1 rating,$44
GSIG,$12.91,1441034196029,"2,065",100% bearish,of 2 ratings,N/A
GSIT,$4.65,1441034196050,"1,214",100% bearish,of 1 rating,N/A
GTXI,$0.9003,1441034196209,"12,693",100% bullish,of 5 ratings,$.75
GBNK,$15.75,1441034196430,"3,980",100% bearish,of 1 rating,$18
GFED,$14.67,1441034196488,406,Not yet rated,NULL,$17
GUID,$7.07,1441034196559,"1,600",100% bearish,of 3 ratings,$10
GPOR,$34.88,1441034196713,"358,050",75% bullish,of 4 ratings,$55
GULTU,$0.2902,1441034196753,"29,466",100% bearish,of 1 rating,N/A
GIFI,$12.61,1441034196785,"4,136",100% bearish,of 1 rating,$16
GWPH,$107.3433,1441034196812,"13,109",78% bullish,of 9 ratings,$148.50
GURE,$1.6742,1441034196833,"1,913",88% bullish,of 8 ratings,N/A
GWGH,NULL,1441034197150,0,100% bearish,of 1 rating,$15.05
HNRG,$7.73,1441034197255,"11,786",100% bearish,of 1 rating,$10
HLG,$9.5,1441034197386,600,100% bearish,of 1 rating,N/A
HALO,$18.27,1441034197472,"160,770",67% bullish,of 3 ratings,$22.50
GYRO,$2.77,1441034197543,300,100% bearish,of 1 rating,N/A
HALL,$11.39,1441034197614,"6,683",Not yet rated,NULL,N/A
HEES,$19.37,1441034197746,"66,350",67% bearish,of 3 ratings,$31
HBK,$13.67,1441034197902,100,50% bullish,of 2 ratings,N/A
HMPR,$1.86,1441034197927,"1,688",100% bullish,of 1 rating,N/A
HBHC,$27.5,1441034197955,"145,467",50% bullish,of 2 ratings,$30
HBHCL,$24.297,1441034198084,"2,943",Not yet rated,NULL,N/A
HNH,$25.36,1441034198112,"1,257",100% bullish,of 1 rating,N/A
HAFC,$23.98,1441034198157,"16,720",100% bullish,of 2 ratings,$28.50
HQCL,$12.91,1441034198408,"7,612",67% bullish,of 3 ratings,$14
HDNG,$10.0148,1441034198437,"7,732",50% bullish,of 4 ratings,N/A
HNSN,$0.515,1441034198463,"16,903",88% bullish,of 8 ratings,$.40
HLIT,$5.65,1441034198545,"85,983",100% bearish,of 1 rating,$6.50
HRMNU,NULL,1441034198804,0,Not yet rated,NULL,N/A
HRMNW,$0.34,1441034198828,"10,000",Not yet rated,NULL,N/A
HRMN,NULL,1441034198852,0,Not yet rated,NULL,N/A
HART,$1.33,1441034199123,"324,046",100% bearish,of 1 rating,N/A
HCAPL,$25.5,1441034199151,"1,800",Not yet rated,NULL,N/A
TINY,$2.49,1441034199172,"4,800",50% bullish,of 2 ratings,$5.26
HBIO,$4.28,1441034199209,"6,500",100% bearish,of 1 rating,$10
HCAP,$12.266,1441034199305,"5,014",50% bullish,of 2 ratings,$15
HA,$22.99,1441034199625,"102,914",67% bullish,of 9 ratings,$27
HAS,$75.2155,1441034199654,"91,312",63% bullish,of 8 ratings,$84.50
HCOM,$22.11,1441034199726,500,100% bearish,of 1 rating,$28
HWKN,$38.03,1441034199752,"4,535",Not yet rated,NULL,N/A
HWBK,$13.16,1441034199884,100,100% bearish,of 1 rating,N/A
HAYN,$37.75,1441034199934,"7,340",100% bearish,of 1 rating,$59
HCSG,$33.51,1441034200015,"17,943",50% bullish,of 4 ratings,$35
HDS,$33.03,1441034200099,"139,481",100% bearish,of 2 ratings,$39.50
HIIQ,$5.17,1441034200300,"16,443",50% bullish,of 2 ratings,$7
HTLD,$20.3,1441034200330,"35,726",Not yet rated,NULL,$22.50
HQY,$29.29,1441034200351,"18,251",67% bullish,of 3 ratings,$32
HSTM,$25.21,1441034200385,"5,700",50% bullish,of 2 ratings,$33.75
HTLF,$35.69,1441034200412,"9,033",100% bullish,of 1 rating,$39.50
HWAY,$12.27,1441034200483,"24,096",100% bearish,of 1 rating,$15
HTWR,$86.37,1441034200543,"27,676",50% bullish,of 2 ratings,$103
HTBX,$5.03,1441034200784,"2,980",50% bullish,of 2 ratings,$15.50
HELE,$85.07,1441034200972,"9,244",67% bearish,of 3 ratings,$100
HSII,$19.69,1441034201073,"3,274",100% bullish,of 3 ratings,$25
HNNA,$24.7301,1441034201102,"1,788",Not yet rated,NULL,N/A
HMTV,$13.54,1441034201131,"6,577",100% bearish,of 1 rating,$16
HMNY,$2.18,1441034201205,200,100% bearish,of 1 rating,N/A
HCACU,$9.92,1441034201236,"16,912",Not yet rated,NULL,N/A
HSIC,$138.05,1441034201311,"32,878",83% bullish,of 6 ratings,$146
HERO,NULL,1441034201336,0,NULL,NULL,NULL
HTBK,$10.513,1441034201524,"5,090",Not yet rated,NULL,$12
HFWA,$17.66,1441034201553,"2,032",100% bullish,of 1 rating,$20
HCCI,$11.1,1441034201627,"1,293",100% bearish,of 1 rating,$16.50
HEOP,$7.67,1441034201652,908,Not yet rated,NULL,$8.50
MLHR,$27.22,1441034201705,"21,506",50% bullish,of 2 ratings,$33.50
HRTX,$37.865,1441034201732,"577,410",67% bullish,of 6 ratings,$41
HSKA,$33.66,1441034201935,"3,258",100% bearish,of 1 rating,$38
HIHO,$4.1699,1441034202095,"8,409",Not yet rated,NULL,N/A
HIBB,$38.9,1441034202125,"57,816",100% bearish,of 1 rating,$46.50
HIMX,$6.9063,1441034202155,"234,182",86% bullish,of 21 ratings,$8.50
HFFC,$15.97,1441034202177,"26,656",Not yet rated,NULL,N/A
HPJ,$2.2,1441034202255,"9,520",75% bullish,of 4 ratings,$12.43
HSGX,$5.99,1441034202310,"2,985",100% bearish,of 1 rating,$17
HMNF,$11.7,1441034202402,200,Not yet rated,NULL,N/A
HIFS,$115.37,1441034202449,107,Not yet rated,NULL,N/A
HOLX,$39.32,1441034202608,"206,450",67% bullish,of 3 ratings,$42
HMSY,$10.33,1441034202655,"173,298",67% bullish,of 3 ratings,$19.35
HOLI,$17.63,1441034202793,"14,179",50% bullish,of 4 ratings,$27
HOMB,$37.82,1441034202871,"16,300",Not yet rated,NULL,$42
AWAY,$28.98,1441034202897,"87,302",67% bullish,of 3 ratings,$36
HBCP,$24.5,1441034202919,115,Not yet rated,NULL,$29
HFBL,NULL,1441034202943,0,Not yet rated,NULL,N/A
HMIN,$26.72,1441034203076,"4,705",100% bearish,of 2 ratings,$35
HKTV,$4.37,1441034203374,"1,722",100% bearish,of 1 rating,N/A
HMST,$21.79,1441034203435,"8,320",100% bullish,of 2 ratings,$27
CETC,$0.7311,1441034203516,"2,956",86% bullish,of 7 ratings,N/A
HOFT,$23.93,1441034203603,"3,758",100% bearish,of 1 rating,N/A
HTBI,$18.105,1441034203628,"7,630",67% bullish,of 3 ratings,$18.625
HFBC,$11.42,1441034203759,200,Not yet rated,NULL,N/A
HRZN,$10.47,1441034203891,"5,415",50% bullish,of 2 ratings,$14.25
ZINC,$7.79,1441034203939,"180,845",100% bearish,of 1 rating,$17
HDP,$23.88,1441034203971,"61,525",67% bearish,of 3 ratings,$30.50
HBNC,$23.6,1441034203992,"4,396",100% bullish,of 1 rating,$27
HZNP,$30.25,1441034204023,"276,731",85% bullish,of 20 ratings,$40
HMHC,$22.685,1441034204081,"81,570",Not yet rated,NULL,$27
HOVNP,$4.51,1441034204185,"2,700",100% bearish,of 1 rating,N/A
HWCC,$7.5801,1441034204313,"9,685",100% bearish,of 1 rating,$9
HBMD,$14.4,1441034204340,100,100% bearish,of 1 rating,N/A
HSNI,$60.93,1441034204477,"30,764",Not yet rated,NULL,$80
HUBG,$37.98,1441034204746,"42,576",100% bearish,of 1 rating,$43
HCBK,$9.31,1441034204774,"254,287",83% bullish,of 6 ratings,$8.61
HTGM,$5.69,1441034204799,"2,499",100% bearish,of 1 rating,$19.50
HSON,$2.59,1441034204832,"1,304",100% bearish,of 1 rating,$5
HBAN,$10.885,1441034204861,"820,544",76% bullish,of 17 ratings,$12.29
HBANP,NULL,1441034204931,0,100% bearish,of 1 rating,N/A
HDSN,$3.1,1441034204958,"1,143",100% bullish,of 1 rating,$6.25
HURC,$30.6333,1441034204987,"2,511",100% bearish,of 1 rating,N/A
HTCH,$1.4801,1441034205233,"44,840",100% bearish,of 1 rating,$3.50
HBP,$3.1492,1441034205261,"1,000",100% bullish,of 1 rating,N/A
HURN,$73.61,1441034205330,"17,769",50% bullish,of 2 ratings,$80
HDRA,NULL,1441034205362,0,Not yet rated,NULL,N/A
HDRAR,$0.36,1441034205473,"10,000",Not yet rated,NULL,N/A
HDRAU,NULL,1441034205604,0,Not yet rated,NULL,N/A
HDRAW,$0.264,1441034205669,600,Not yet rated,NULL,N/A
IACI,$69.82,1441034205779,"101,899",75% bullish,of 4 ratings,$90
IKGH,NULL,1441034205810,0,75% bullish,of 4 ratings,N/A
IDSY,$3.86,1441034205879,950,100% bearish,of 1 rating,$7
ICAD,$4.01,1441034205908,"2,700",100% bullish,of 2 ratings,$7.25
IBKC,$60.26,1441034206006,"23,490",100% bullish,of 1 rating,$70
IEP,$73.56,1441034206163,"16,371",75% bullish,of 4 ratings,$99
HYGS,$9.3354,1441034206253,"21,793",50% bullish,of 2 ratings,$13
ICLR,$78.13,1441034206293,"124,455",100% bearish,of 3 ratings,$85
ICFI,$33.94,1441034206322,"6,567",50% bullish,of 2 ratings,$48.50
ICON,$13.84,1441034206422,"143,308",50% bullish,of 2 ratings,$18.50
ICUI,$113.09,1441034206522,"11,097",Not yet rated,NULL,$122
IPWR,NULL,1441034206550,0,100% bullish,of 1 rating,$15
INVE,$4.61,1441034206686,"40,343",75% bullish,of 4 ratings,$4
DSKY,$11,1441034206735,"22,213",67% bullish,of 6 ratings,$11.50
IDXX,$72.29,1441034206818,"59,569",100% bearish,of 1 rating,$76
IDRA,$3.0999,1441034206848,"550,938",89% bullish,of 9 ratings,$6.50
IROQ,$16.76,1441034206888,100,100% bullish,of 1 rating,N/A
IRG,$4.89,1441034206951,"3,325",100% bearish,of 1 rating,$4.25
RXDX,$13.68,1441034207083,"12,600",100% bullish,of 1 rating,$20
IIVI,$16.928,1441034207154,"16,681",100% bearish,of 1 rating,$22
KANG,$15.775,1441034207360,"96,756",50% bullish,of 2 ratings,$22.55
IKNX,NULL,1441034207411,0,100% bearish,of 1 rating,N/A
IKAN,$2.739,1441034207437,"1,300",83% bullish,of 6 ratings,$5
ILMN,$199.83,1441034207489,"160,382",80% bullish,of 5 ratings,$245
ICCC,$7.205,1441034207572,"4,550",100% bullish,of 1 rating,N/A
ISNS,$3.9499,1441034207621,571,50% bullish,of 2 ratings,N/A
IMMR,$11.73,1441034207677,"13,958",80% bullish,of 5 ratings,$15.50
IMDZ,$16.25,1441034207887,"6,660",100% bearish,of 1 rating,$33
IMGN,$14.02,1441034207915,"161,586",75% bullish,of 4 ratings,$17.50
IMNP,$1.3001,1441034207941,"1,000",50% bullish,of 2 ratings,$6
IMMU,$2.18,1441034208096,"145,308",86% bullish,of 7 ratings,$2
IPXL,$42.7,1441034208122,"89,211",67% bullish,of 3 ratings,$46.50
IMMY,$7.75,1441034208256,"1,700",100% bearish,of 1 rating,$11
INCR,$41.14,1441034208287,"71,991",50% bullish,of 2 ratings,$53
SAAS,$7.63,1441034208330,"53,835",50% bullish,of 2 ratings,$15
INCY,$120.64,1441034208387,"280,028",50% bullish,of 6 ratings,$125.50
INDB,$44.405,1441034208462,"8,540",Not yet rated,NULL,$44
IBCP,$14.11,1441034208534,"4,542",100% bullish,of 1 rating,$14.50
IBTX,$41.08,1441034209099,"1,294",100% bullish,of 2 ratings,$47.25
IDSA,$3.5,1441034209232,354,Not yet rated,NULL,N/A
INFN,$22,1441034209420,"1,033,229",71% bullish,of 7 ratings,$28
INFI,$9.22,1441034209455,"39,850",50% bullish,of 4 ratings,$18
IPCC,$76.95,1441034209590,"1,952",Not yet rated,NULL,$77.50
IMKTA,$50.74,1441034209833,"15,005",100% bearish,of 1 rating,N/A
III,$3.925,1441034209883,"10,200",57% bullish,of 7 ratings,$6
INWK,$7.14,1441034209908,"7,705",50% bullish,of 2 ratings,$10
IFON,$1.24,1441034209934,"5,800",75% bullish,of 4 ratings,N/A
INNL,$11.92,1441034210069,100,100% bearish,of 1 rating,$16.50
INOD,NULL,1441034210093,0,100% bearish,of 1 rating,N/A
IPHS,$48.11,1441034210142,"8,006",100% bearish,of 1 rating,$60
IOSP,$49.47,1441034210274,"27,171",100% bearish,of 1 rating,N/A
ISSC,$2.78,1441034210318,900,67% bearish,of 3 ratings,N/A
INGN,$49.315,1441034210346,"33,632",100% bearish,of 1 rating,$50.50
ITEK,$12.2301,1441034210445,"57,434",100% bearish,of 3 ratings,$20
INOV,$21.56,1441034210472,"30,923",100% bearish,of 1 rating,$33
INO,$7.5928,1441034210527,"352,670",89% bullish,of 18 ratings,$20
NSIT,$25.47,1441034210684,"17,352",50% bullish,of 2 ratings,N/A
INSM,$25.29,1441034210872,"116,244",71% bullish,of 7 ratings,$31.50
ISIG,$2.73,1441034210904,602,100% bearish,of 1 rating,N/A
PODD,$29.76,1441034210961,"36,740",67% bearish,of 3 ratings,$35
INSY,$33.269,1441034211000,"67,259",75% bullish,of 4 ratings,$48
NTEC,$5.41,1441034211062,"21,236",100% bearish,of 1 rating,N/A
IIIN,$17.29,1441034211092,"2,800",100% bearish,of 2 ratings,N/A
IDTI,$19.17,1441034211167,"298,174",60% bullish,of 5 ratings,$25
IART,$61.0452,1441034211194,"34,843",100% bearish,of 2 ratings,$71.50
IESC,$7.25,1441034211330,"9,100",100% bearish,of 1 rating,N/A
INTC,$28.38,1441034211419,"5,354,015",82% bullish,of 238 ratings,$36
ISSI,$22.03,1441034211475,"30,397",67% bullish,of 3 ratings,$19.75
IQNT,$18.65,1441034211503,"42,548",86% bullish,of 7 ratings,$20
IPAR,$25.42,1441034211644,"7,470",67% bullish,of 3 ratings,$38
IPCI,$2.3,1441034211693,"10,650",67% bullish,of 6 ratings,$8
IBKR,$39.525,1441034211796,"77,389",100% bullish,of 1 rating,N/A
ICPT,$189.76,1441034211885,"72,006",70% bullish,of 10 ratings,$359.50
ININ,$35.86,1441034211926,"11,703",67% bearish,of 3 ratings,$57
ICLDW,NULL,1441034211954,0,100% bearish,of 1 rating,N/A
ICLD,$1.89,1441034211984,"32,153",75% bullish,of 4 ratings,N/A
IDCC,$49.06,1441034212084,"62,271",80% bullish,of 5 ratings,$63
TILE,$24.3,1441034212147,"185,534",100% bearish,of 3 ratings,$27
IMI,$2.185,1441034212395,"4,200",67% bullish,of 3 ratings,$2.22
INAP,$7.965,1441034212483,"19,677",75% bullish,of 4 ratings,$11
ISCA,$31.86,1441034212508,"5,674",100% bearish,of 1 rating,N/A
IGLD,$6.9,1441034212681,578,50% bullish,of 2 ratings,N/A
IIJI,NULL,1441034212743,0,50% bullish,of 2 ratings,$11.50
PTNT,NULL,1441034212778,0,Not yet rated,NULL,N/A
INPH,$0.3,1441034212843,"14,950",50% bullish,of 2 ratings,N/A
INTX,$2.01,1441034213096,"43,780",67% bullish,of 3 ratings,N/A
XENT,$25.37,1441034213127,"14,127",50% bullish,of 2 ratings,$36.50
IILG,$20.21,1441034213257,"8,015",100% bearish,of 1 rating,$29
ISIL,$10.53,1441034213286,"83,457",50% bullish,of 6 ratings,$15
INTL,$26.41,1441034213358,"13,261",67% bearish,of 3 ratings,N/A
IVAC,$4.92,1441034213384,"2,080",100% bearish,of 1 rating,$6.625
INTLL,$25.9999,1441034213666,200,Not yet rated,NULL,N/A
IBOC,$25.2,1441034213755,"8,647",100% bearish,of 1 rating,N/A
ITCI,$27.33,1441034213782,"131,919",75% bearish,of 4 ratings,$40
ISRG,$516.895,1441034214042,"33,195",67% bullish,of 3 ratings,$600
INTU,$84.87,1441034214075,"381,738",86% bullish,of 7 ratings,$107.50
IIN,NULL,1441034214112,0,100% bearish,of 1 rating,$12
SNAK,$8.72,1441034214174,"8,022",50% bullish,of 2 ratings,$14
INVT,$0.335,1441034214200,"36,999",67% bullish,of 3 ratings,N/A
ISBC,$11.74,1441034214251,"239,767",100% bullish,of 1 rating,$13.25
ISTR,$15.55,1441034214340,2,100% bearish,of 1 rating,$18.50
ITIC,$71.02,1441034214441,534,100% bearish,of 2 ratings,N/A
NVIV,$9.9999,1441034214543,"63,357",50% bullish,of 4 ratings,$24.50
IVTY,$14.43,1441034214629,"1,500",Not yet rated,NULL,$18
DTUL,NULL,1441034214654,0,Not yet rated,NULL,N/A
DFVL,$66.6,1441034214713,3,Not yet rated,NULL,N/A
IPAS,$1.07,1441034214843,"2,500",67% bullish,of 3 ratings,N/A
IPCM,$79.44,1441034214944,"16,634",50% bullish,of 2 ratings,$80.125
IPGP,$84.92,1441034214980,"38,893",67% bearish,of 3 ratings,$109.50
IRMD,$25.28,1441034215158,"9,406",67% bearish,of 3 ratings,$25
IRIX,$6.77,1441034215183,"27,213",100% bearish,of 1 rating,N/A
IRDM,$7.28,1441034215216,"63,429",60% bullish,of 5 ratings,$11.50
IRDMB,NULL,1441034215240,0,67% bearish,of 3 ratings,N/A
IRBT,$29.56,1441034215265,"26,758",67% bullish,of 6 ratings,$37
IRWD,$11.12,1441034215498,"80,753",100% bearish,of 1 rating,$13
IRCP,NULL,1441034215628,0,100% bullish,of 2 ratings,N/A
FCHI,NULL,1441034215661,0,NULL,NULL,NULL
COMT,$33.62,1441034215687,347,100% bearish,of 1 rating,N/A
GNMA,$50.1813,1441034215842,353,Not yet rated,NULL,N/A
IFEU,$37.7177,1441034215903,"28,202",Not yet rated,NULL,N/A
IFAS,NULL,1441034215930,0,NULL,NULL,NULL
IFGL,$28.34,1441034215956,"30,239",Not yet rated,NULL,N/A
IFNA,NULL,1441034216028,0,NULL,NULL,NULL
ACWI,$55.85,1441034216159,"300,096",Not yet rated,NULL,N/A
AAXJ,$53.3,1441034216189,"332,304",Not yet rated,NULL,N/A
ACWX,$40.65,1441034216211,"34,339",100% bearish,of 1 rating,N/A
AXJS,NULL,1441034216234,0,NULL,NULL,NULL
AAIT,NULL,1441034216393,0,NULL,NULL,NULL
EEMA,$50.1199,1441034216422,"15,771",Not yet rated,NULL,N/A
EEME,NULL,1441034216524,0,NULL,NULL,NULL
EMDI,NULL,1441034216552,0,NULL,NULL,NULL
EMEY,NULL,1441034216655,0,NULL,NULL,NULL
EGRW,NULL,1441034216677,0,NULL,NULL,NULL
EVAL,NULL,1441034216810,0,NULL,NULL,NULL
EEML,$27.06,1441034216939,"2,300",Not yet rated,NULL,N/A
QAT,$21.61,1441034216966,"1,800",Not yet rated,NULL,N/A
IEUS,$45.3201,1441034216992,"4,207",100% bearish,of 1 rating,N/A
UAE,$18.53,1441034217046,85,Not yet rated,NULL,N/A
EUFN,$21.73,1441034217101,"9,131",100% bearish,of 1 rating,N/A
IBB,$348.19,1441034217131,"274,565",63% bullish,of 8 ratings,N/A
SOXX,$82.72,1441034217233,"96,311",50% bullish,of 2 ratings,N/A
EMIF,$28.403,1441034217259,560,Not yet rated,NULL,N/A
ICLN,$9.4499,1441034217428,"3,016",50% bullish,of 2 ratings,N/A
INDY,$27.33,1441034217509,"15,902",50% bullish,of 2 ratings,N/A
WOOD,$48.17,1441034217581,"1,235",50% bullish,of 2 ratings,N/A
IGOV,$90.79,1441034217654,"12,696",100% bearish,of 1 rating,N/A
ISHG,$79.5,1441034217679,34,100% bearish,of 1 rating,N/A
ISIS,$51.46,1441034217810,"220,920",53% bullish,of 15 ratings,$67
ISRL,$126.9501,1441034217883,100,100% bearish,of 1 rating,N/A
ISLE,$18.165,1441034217908,"126,300",50% bullish,of 4 ratings,$16
ITRN,$24.33,1441034218042,200,50% bullish,of 2 ratings,N/A
ITRI,$29.94,1441034218071,"23,795",100% bearish,of 1 rating,$37
ITUS,$4,1441034218122,100,Not yet rated,NULL,N/A
XXIA,$15.38,1441034218172,"79,320",71% bullish,of 7 ratings,$14.625
MAYS,$55.95,1441034218351,10,Not yet rated,NULL,N/A
IXYS,$11.71,1441034218456,"58,730",50% bullish,of 4 ratings,N/A
JJSF,$114.66,1441034218506,"4,882",100% bearish,of 1 rating,N/A
JBHT,$73.11,1441034218532,"156,697",50% bullish,of 4 ratings,$89.50
JCOM,$68.62,1441034218562,"12,656",100% bullish,of 2 ratings,$77
JASO,$7.99,1441034218893,"259,818",82% bullish,of 17 ratings,$10
JACK,$79.9,1441034218920,"38,381",83% bullish,of 6 ratings,$105
JXSB,NULL,1441034219056,0,Not yet rated,NULL,N/A
JKHY,$68.06,1441034219077,"20,838",50% bullish,of 2 ratings,$72
JAKK,$9.76,1441034219111,"271,786",60% bearish,of 5 ratings,$11
JAXB,$13.71,1441034219158,400,100% bullish,of 1 rating,N/A
JAGX,$3.3,1441034219240,"2,003",Not yet rated,NULL,$10.50
ERW,NULL,1441034219415,0,Not yet rated,NULL,N/A
JMBA,$14,1441034219488,"8,136",75% bullish,of 4 ratings,$18
JRVR,$27.15,1441034219526,"8,130",Not yet rated,NULL,$32
JASN,$4.9925,1441034219552,975,50% bullish,of 2 ratings,$9.50
JASNW,NULL,1441034219626,0,50% bullish,of 2 ratings,N/A
JAZZ,$171.465,1441034219647,"40,091",80% bullish,of 15 ratings,$206.50
JBLU,$22.55,1441034219733,"1,112,681",94% bullish,of 18 ratings,$27
JD,$25.81,1441034219775,"1,723,505",75% bullish,of 16 ratings,$36
JTPY,NULL,1441034219840,0,100% bearish,of 1 rating,N/A
JCTCF,NULL,1441034220051,0,100% bullish,of 1 rating,N/A
DATE,$6.07,1441034220081,"12,955",75% bullish,of 4 ratings,$9
WYIGU,NULL,1441034220180,0,100% bearish,of 1 rating,N/A
JST,$3.7893,1441034220213,"3,800",75% bullish,of 4 ratings,N/A
JIVE,$4.49,1441034220308,"31,501",75% bullish,of 4 ratings,$5
JOEZ,$0.167,1441034220334,"38,312",92% bullish,of 12 ratings,N/A
JBSS,$53.6,1441034220359,"2,596",67% bearish,of 3 ratings,N/A
JOUT,$25.53,1441034220497,"4,067",100% bearish,of 1 rating,$34
JNP,$10.9232,1441034221867,"14,106",100% bullish,of 3 ratings,$15
JUNO,$36.86,1441034222158,"197,143",73% bullish,of 11 ratings,$71.50
KTWO,$21.37,1441034222183,"4,937",100% bearish,of 1 rating,$28.50
KALU,$82.17,1441034222611,"8,702",67% bearish,of 3 ratings,$91
KBIO,$2.09,1441034222745,"12,665",50% bullish,of 4 ratings,N/A
KMDA,$3.5,1441034223707,786,50% bullish,of 2 ratings,$8
KNDI,$6.7701,1441034223811,"40,679",86% bullish,of 22 ratings,N/A
KCLI,$46.77,1441034223895,"2,658",Not yet rated,NULL,N/A
KPTI,$14.14,1441034224462,"91,405",67% bearish,of 3 ratings,$39
KBSF,NULL,1441034224519,0,100% bullish,of 1 rating,N/A
KCAP,$4.6501,1441034224604,"21,930",75% bullish,of 4 ratings,$6
KRNY,$11.33,1441034224735,"20,803",100% bearish,of 1 rating,$12
KELYB,NULL,1441034224783,0,50% bullish,of 2 ratings,N/A
KELYA,$14.29,1441034224808,"17,388",67% bullish,of 6 ratings,$20
KMPH,$19.885,1441034224939,"6,228",100% bearish,of 2 ratings,$22
KFFB,NULL,1441034224974,0,100% bearish,of 1 rating,N/A
KERX,$6.515,1441034225315,"295,367",82% bullish,of 11 ratings,$12
GMCR,$55.86,1441034225452,"564,793",71% bullish,of 42 ratings,$64
KEQU,NULL,1441034225552,0,100% bullish,of 1 rating,N/A
KTEC,$12.35,1441034225608,5,Not yet rated,NULL,N/A
KTCC,$10.42,1441034225636,"7,447",100% bearish,of 1 rating,$16
KFRC,$26.49,1441034226095,"30,853",100% bullish,of 2 ratings,$29
KIN,$5.99,1441034226129,"4,452",50% bullish,of 2 ratings,$6.25
KE,$11.63,1441034226158,"7,849",67% bearish,of 3 ratings,$16
KGJI,$0.7001,1441034226184,"11,956",89% bullish,of 9 ratings,N/A
KINS,$8.4263,1441034226205,"4,742",100% bullish,of 1 rating,N/A
KBAL,$10.92,1441034226240,"7,304",50% bullish,of 2 ratings,N/A
KONE,$3.89,1441034226261,42,Not yet rated,NULL,N/A
KIRK,$22.355,1441034226403,"5,515",50% bullish,of 2 ratings,$32
KITE,$54.5401,1441034226561,"63,799",89% bullish,of 9 ratings,$85
KLAC,$49.65,1441034226631,"109,299",100% bearish,of 1 rating,$61.50
KLXI,$39,1441034226663,"57,269",100% bearish,of 1 rating,$48.50
