Symbol,Price,Date,Volume,Rating,RatingVoteCount,OneYearEstimate
PIH,$7.2,1440256202371,"15,400",100% bearish,of 1 rating,N/A
TFSCW,NULL,1440256202413,0,100% bearish,of 1 rating,N/A
TFSCR,NULL,1440256202435,0,Not yet rated,NULL,N/A
TFSC,NULL,1440256202464,0,100% bearish,of 1 rating,N/A
FCCY,$11.6,1440256202502,354,100% bullish,of 1 rating,$13
FCTY,$7.63,1440256202529,300,100% bullish,of 1 rating,$8.50
FLWS,$9.36,1440256202551,"220,692",100% bullish,of 5 ratings,$15
SRCE,$30.03,1440256202684,"55,334",100% bullish,of 3 ratings,$33
TFSCU,NULL,1440256202719,0,Not yet rated,NULL,N/A
VNET,$19.27,1440256202742,"733,790",60% bullish,of 5 ratings,$29.50
DGLD,$76.08,1440256202813,"21,135",100% bullish,of 1 rating,N/A
TWOU,$34.02,1440256202850,"673,961",50% bullish,of 2 ratings,$39
JOBS,$25.35,1440256202879,"172,084",50% bullish,of 4 ratings,$36
USLV,$14.59,1440256202946,"218,982",86% bullish,of 7 ratings,N/A
UGLD,$9.99,1440256203018,"253,649",100% bearish,of 1 rating,N/A
DSLV,$61.29,1440256203121,"22,007",100% bearish,of 1 rating,N/A
SIXD,$1.47,1440256203286,"250,988",Not yet rated,NULL,N/A
AVHI,$13.95,1440256203321,"37,920",100% bearish,of 1 rating,$19
EGHT,$8.215,1440256203349,"436,691",82% bullish,of 17 ratings,$11
CAFD,$15.52,1440256203376,"330,925",Not yet rated,NULL,$25
AAON,$21.67,1440256203438,"166,594",100% bearish,of 1 rating,$24
SHLM,$34.05,1440256203507,"123,800",100% bearish,of 1 rating,$50
ABAX,$47.54,1440256203590,"139,615",100% bearish,of 1 rating,$60
ABY,$20,1440256203617,"1,100,886",100% bearish,of 2 ratings,$46
ABGB,$4.09,1440256203640,"34,916",67% bullish,of 3 ratings,$5.50
ABEO,$4.83,1440256203677,"140,862",67% bullish,of 3 ratings,$15.50
ABMD,$97.08,1440256203769,"831,796",75% bullish,of 4 ratings,$100.50
ABEOW,$1.76,1440256203811,"2,525",100% bullish,of 1 rating,N/A
ACTG,$8.87,1440256204044,"323,174",67% bullish,of 3 ratings,$18.50
AXAS,$1.56,1440256204069,"860,487",78% bullish,of 9 ratings,$3.50
ACHC,$73.6762,1440256204138,"815,815",50% bullish,of 2 ratings,$92
ACAD,$38.13,1440256204295,"928,540",80% bullish,of 20 ratings,$48
AXDX,$17.93,1440256204328,"220,988",100% bearish,of 1 rating,N/A
ANCX,$18.76,1440256204363,"31,836",Not yet rated,NULL,$19
ARAY,$6.53,1440256204385,"3,387,732",100% bearish,of 1 rating,$10.50
XLRN,$28.36,1440256204421,"111,031",50% bullish,of 2 ratings,$57
ACRX,$4.05,1440256204449,"360,315",67% bearish,of 6 ratings,$5.50
ACST,$0.361,1440256204478,"71,223",100% bullish,of 2 ratings,N/A
ACET,$24.41,1440256204499,"127,207",75% bullish,of 4 ratings,$30
VXUP,$27,1440256204643,"49,956",Not yet rated,NULL,N/A
AKAO,$6.9457,1440256204682,"55,800",75% bullish,of 4 ratings,$15
VXDN,$5.5,1440256204708,"50,671",100% bearish,of 1 rating,N/A
ACHN,$7.75,1440256204780,"1,754,841",90% bullish,of 21 ratings,$16
ACIW,$21.89,1440256204861,"571,274",50% bullish,of 2 ratings,$24
ACOR,$29.75,1440256204991,"642,828",67% bearish,of 3 ratings,$38.50
ACNB,$20.33,1440256205017,"1,376",Not yet rated,NULL,N/A
ACPW,$1.856,1440256205042,"65,399",100% bullish,of 4 ratings,$3.50
ACTA,$13.89,1440256205097,"113,227",67% bearish,of 3 ratings,$25
ATVI,$27.2167,1440256205208,"5,132,751",68% bullish,of 84 ratings,$31.50
ACUR,$0.6182,1440256205245,"65,134",100% bullish,of 5 ratings,$1
ACTS,$1.3,1440256205275,"51,585",100% bearish,of 1 rating,N/A
ADMS,$20.07,1440256205307,"78,833",100% bearish,of 2 ratings,$36
ADAP,$12.53,1440256205339,"216,853",67% bullish,of 3 ratings,$22
ACXM,$20.1276,1440256205369,"350,940",67% bullish,of 3 ratings,N/A
ADMP,$3.65,1440256205394,"21,417",50% bullish,of 2 ratings,$10
ADUS,$29.83,1440256205591,"59,827",100% bearish,of 1 rating,$31
AEY,$2.29,1440256205621,"39,023",100% bearish,of 2 ratings,N/A
ADEP,$6.75,1440256205661,"33,889",50% bullish,of 2 ratings,$10.75
ADMA,$9.3,1440256205691,"3,500",Not yet rated,NULL,$19
ADBE,$78.87,1440256205719,"4,323,734",65% bullish,of 17 ratings,$90
ADTN,$15.59,1440256205791,"349,681",67% bullish,of 3 ratings,$17.125
ADRO,$19.44,1440256205872,"252,323",80% bullish,of 5 ratings,$45.50
AEIS,$25.055,1440256205969,"198,884",50% bullish,of 2 ratings,$32.50
AMD,$1.76,1440256205999,"7,935,981",83% bullish,of 103 ratings,$2
ADXSW,$10.15,1440256206028,"5,206",100% bullish,of 1 rating,N/A
ADXS,$14.5,1440256206060,"919,015",64% bullish,of 14 ratings,$27
MULT,NULL,1440256206084,0,100% bearish,of 1 rating,N/A
YPRO,$23.29,1440256206137,"4,120",100% bearish,of 1 rating,N/A
AEGR,$18.26,1440256206165,"394,681",50% bullish,of 6 ratings,$26
AEHR,$2.24,1440256206333,"7,972",50% bullish,of 2 ratings,N/A
AEGN,$18.24,1440256206368,"212,917",100% bearish,of 1 rating,$21
AEPI,$57.13,1440256206398,"21,960",100% bearish,of 1 rating,N/A
AMTX,$3.09,1440256206473,"17,253",50% bullish,of 2 ratings,$26.11
AERI,$15.92,1440256206499,"361,223",75% bullish,of 4 ratings,$31.50
AFMD,$9.78,1440256206679,"174,087",50% bullish,of 4 ratings,$15
AEMD,$7.22,1440256206714,"187,619",Not yet rated,NULL,$27.50
AVAV,$24.38,1440256206747,"143,405",50% bullish,of 4 ratings,$31
AGEN,$7.04,1440256206814,"940,432",85% bullish,of 13 ratings,$14
AEZS,$0.1005,1440256206844,"5,371,374",90% bullish,of 21 ratings,$1.50
AGRX,$8.17,1440256206872,"49,951",100% bearish,of 1 rating,$17.50
AFFX,$9.4,1440256206899,"587,032",80% bullish,of 5 ratings,$12
AGFS,$9.8121,1440256207117,"73,206",100% bearish,of 1 rating,N/A
AGYS,$9.63,1440256207144,"33,010",100% bearish,of 1 rating,N/A
AGFSW,$1.79,1440256207172,"28,997",100% bearish,of 2 ratings,N/A
AIRT,$22.94,1440256207361,51,100% bullish,of 1 rating,N/A
AGIO,$85.65,1440256207397,"509,530",88% bullish,of 8 ratings,$114
AIRM,$36.55,1440256207424,"309,312",80% bearish,of 5 ratings,$53
AIMT,$21.1,1440256207463,"120,787",Not yet rated,NULL,N/A
AMCN,$4.9,1440256207494,"424,894",83% bullish,of 6 ratings,N/A
AIXG,$5.98,1440256207520,"34,571",67% bearish,of 3 ratings,$5.25
ATSG,$9.1,1440256207597,"264,911",67% bullish,of 3 ratings,$13
AKAM,$68.463,1440256207649,"1,585,448",63% bullish,of 8 ratings,$77
AKBA,$6.65,1440256207678,"184,781",100% bearish,of 1 rating,$18
AKRX,$40.2552,1440256207729,"930,040",78% bullish,of 9 ratings,$56
AKER,$2.62,1440256207761,"93,096",Not yet rated,NULL,N/A
ALRM,$16.46,1440256207860,"358,434",100% bearish,of 1 rating,$22
AMRI,$19.73,1440256208048,"245,268",75% bearish,of 4 ratings,$24
ADHD,$8.31,1440256208116,"220,062",50% bullish,of 4 ratings,$18
ALDR,$36.64,1440256208149,"474,720",67% bearish,of 3 ratings,$62
ABDC,$12.7,1440256208179,"21,785",Not yet rated,NULL,$15
ALXA,$1.07,1440256208243,"26,737",83% bullish,of 6 ratings,$2.125
ALDX,$7.62,1440256208280,"6,759",100% bearish,of 1 rating,$14.50
ALCO,$42.36,1440256208350,"24,127",50% bullish,of 2 ratings,N/A
ALSK,$2.11,1440256208421,"112,029",78% bullish,of 18 ratings,$2
ALIM,$3.15,1440256208452,"169,442",80% bullish,of 5 ratings,$10
ALXN,$173.81,1440256208484,"1,548,456",88% bullish,of 8 ratings,$223
ALGT,$216.09,1440256208586,"164,611",100% bearish,of 1 rating,$235
ALGN,$56.4432,1440256208616,"422,327",100% bearish,of 2 ratings,$73
ALKS,$60.35,1440256208657,"705,866",67% bullish,of 3 ratings,$75
AFOP,$17.51,1440256208723,"139,898",75% bullish,of 8 ratings,$21
ALLB,$23.48,1440256208805,"1,820",Not yet rated,NULL,N/A
AIQ,$14.7,1440256208908,"29,906",67% bullish,of 3 ratings,N/A
AHGP,$36.6344,1440256208961,"31,919",67% bullish,of 3 ratings,N/A
ARLP,$24.94,1440256209042,"151,729",67% bearish,of 3 ratings,$32
AHPI,$1.46,1440256209140,435,50% bullish,of 2 ratings,N/A
AMOT,$17.09,1440256209190,"80,719",100% bearish,of 1 rating,N/A
ALLT,$5.04,1440256209212,"71,089",75% bullish,of 4 ratings,$6.25
ALQA,$4.43,1440256209242,"36,237",75% bullish,of 4 ratings,$8.50
AOSL,$7.21,1440256209371,"45,497",67% bullish,of 3 ratings,$9
MDRX,$13.52,1440256209399,"1,235,763",60% bullish,of 5 ratings,$16
AFAM,$46.84,1440256209422,"72,495",50% bullish,of 2 ratings,$44
ALNY,$100.3178,1440256209460,"414,351",67% bullish,of 3 ratings,$148.50
SMCP,$22.56,1440256209595,"1,500",Not yet rated,NULL,N/A
ATEC,$0.5768,1440256209727,"46,618",100% bullish,of 1 rating,$2
ALTR,$48.17,1440256209754,"2,956,121",80% bearish,of 5 ratings,$54
ASPS,$29.2565,1440256209779,"228,767",67% bullish,of 3 ratings,$46.50
AMAG,$59.95,1440256209946,"476,323",100% bullish,of 2 ratings,$77.50
AMRK,$10.57,1440256209969,"4,627",50% bullish,of 2 ratings,$14
AMRN,$2.03,1440256210002,"741,425",85% bullish,of 39 ratings,$8
AIMC,$25.28,1440256210024,"92,117",100% bearish,of 1 rating,$28.50
AMZN,$495.5,1440256210062,"3,790,755",81% bullish,of 263 ratings,$646
AMBC,$15.6,1440256210086,"245,406",100% bearish,of 1 rating,$16.50
AMBCW,$7.0532,1440256210219,"1,178",100% bearish,of 1 rating,N/A
AMCX,$67.7119,1440256210277,"687,069",67% bullish,of 3 ratings,$85.50
AYA,$21.62,1440256210311,"63,923",100% bearish,of 1 rating,$40
EPAX,$2.69,1440256210372,"74,357",100% bearish,of 1 rating,N/A
DOX,$59,1440256210404,"282,272",50% bullish,of 2 ratings,$60
AMBA,$89,1440256210434,"5,366,218",83% bullish,of 12 ratings,$102.50
AMDA,$0.463,1440256210608,"1,233,767",90% bullish,of 10 ratings,$1
UHAL,$363.52,1440256210711,"15,187",100% bullish,of 2 ratings,$393.50
AMED,$40.5,1440256210760,"290,278",100% bearish,of 1 rating,$42
ATAX,$5.23,1440256210790,"155,087",100% bullish,of 1 rating,$6.50
AGNCB,$24.23,1440256210890,"21,668",Not yet rated,NULL,N/A
ASBI,$22.55,1440256210934,154,Not yet rated,NULL,N/A
AAL,$39.75,1440256210989,"11,179,538",93% bullish,of 88 ratings,$57
AGNC,$19.553,1440256211015,"3,952,543",75% bullish,of 28 ratings,$22
AMOV,$17.65,1440256211041,"5,863",100% bearish,of 1 rating,N/A
MTGEP,$24.12,1440256211177,"1,127",Not yet rated,NULL,N/A
AGNCP,$25.34,1440256211207,"7,150",Not yet rated,NULL,N/A
ACSF,$12.225,1440256211235,"33,060",100% bearish,of 1 rating,$15
MTGE,$15.7,1440256211256,"402,399",75% bullish,of 4 ratings,$19.50
AETI,$4.28,1440256211414,2,67% bearish,of 3 ratings,N/A
ACAS,$13.74,1440256211440,"1,556,266",60% bullish,of 5 ratings,$16.75
ANCI,$1.59,1440256211494,"10,070",100% bearish,of 1 rating,N/A
ANAT,$100,1440256211657,"19,158",100% bullish,of 1 rating,N/A
AMIC,$10.21,1440256211682,8,Not yet rated,NULL,N/A
AMNB,$22.8,1440256211710,"22,976",Not yet rated,NULL,$25.50
AMRB,$10,1440256211935,"2,054",Not yet rated,NULL,$11
ARII,$38.75,1440256212004,"183,877",67% bearish,of 3 ratings,$45
APEI,$21.26,1440256212034,"155,037",100% bearish,of 1 rating,$25.50
CRMT,$37.91,1440256212169,"120,497",100% bearish,of 1 rating,$49
ASEI,$39.68,1440256212208,"53,467",100% bearish,of 1 rating,$52.50
AMSWA,$9.06,1440256212354,"86,700",100% bearish,of 2 ratings,$10.75
AMSC,$3.48,1440256212380,"36,442",50% bullish,of 4 ratings,N/A
AMWD,$67.8,1440256212429,"272,213",50% bullish,of 2 ratings,$58
ABCB,$27.64,1440256212514,"189,477",Not yet rated,NULL,$31
AMSF,$49.68,1440256212535,"122,373",Not yet rated,NULL,$57.50
ASRV,$3.27,1440256212608,840,100% bullish,of 2 ratings,N/A
ASRVP,NULL,1440256212635,0,Not yet rated,NULL,N/A
ATLO,$23.31,1440256212767,"15,885",Not yet rated,NULL,N/A
AMGN,$155.9,1440256212798,"4,702,712",89% bullish,of 19 ratings,$185
AMKR,$4.39,1440256212821,"1,544,185",100% bearish,of 2 ratings,$5
FOLD,$14.05,1440256212855,"2,614,067",56% bullish,of 9 ratings,$21
AMPH,$13.79,1440256212900,"166,636",50% bullish,of 2 ratings,$20
AMSGP,NULL,1440256212955,0,Not yet rated,NULL,N/A
AMSG,$81.5,1440256213094,"320,262",100% bearish,of 1 rating,$85.50
ASYS,$5.18,1440256213226,"35,518",67% bullish,of 3 ratings,$12
AMRS,$1.63,1440256213254,"53,848",70% bullish,of 10 ratings,N/A
ANAC,$129.49,1440256213325,"607,726",80% bullish,of 5 ratings,$180.50
AFSI,$58.44,1440256213385,"1,008,977",60% bullish,of 5 ratings,$72
ADI,$53.78,1440256213410,"3,922,593",67% bullish,of 3 ratings,$69
ANAD,$0.333,1440256213475,"132,364",100% bullish,of 2 ratings,$.50
ABCW,$39.96,1440256213547,"10,347",67% bullish,of 3 ratings,N/A
ALOG,$83.13,1440256213628,"75,588",100% bearish,of 2 ratings,$100.50
ANCB,$22.3001,1440256213663,500,Not yet rated,NULL,$23
AMCF,$0.26,1440256213685,"9,494",100% bullish,of 7 ratings,N/A
ANIP,$49.38,1440256213761,"250,484",89% bullish,of 19 ratings,$66
ANGI,$4.64,1440256213819,"919,270",64% bullish,of 11 ratings,$5.50
ANIK,$34.88,1440256213890,"106,488",60% bullish,of 5 ratings,$51.25
ANGO,$14.71,1440256213988,"99,313",67% bullish,of 3 ratings,$19
ANSS,$90.92,1440256214021,"391,059",100% bearish,of 1 rating,$100
ANTH,$7.04,1440256214120,"1,783,771",80% bullish,of 10 ratings,$13
ATRS,$1.81,1440256214190,"537,668",92% bullish,of 12 ratings,$4.50
ABAC,$0.73,1440256214223,"36,221",100% bearish,of 1 rating,N/A
ATNY,$2.37,1440256214323,"2,775",50% bullish,of 2 ratings,$3.75
APOG,$51.6,1440256214355,"212,697",100% bullish,of 1 rating,$67
APIC,$6.49,1440256214382,"180,683",100% bearish,of 1 rating,$19
AINV,$6.4767,1440256214456,"1,117,263",50% bullish,of 4 ratings,$8
APPF,$16.84,1440256214514,"52,701",50% bullish,of 2 ratings,$22
APOL,$10.9787,1440256214543,"992,661",87% bearish,of 68 ratings,$14
AAPL,$105.9,1440256214564,"82,174,464",86% bullish,of 2338 ratings,$150
ARCI,$1.33,1440256214693,"3,906",Not yet rated,NULL,N/A
APDNW,$1.15,1440256214718,"2,800",Not yet rated,NULL,N/A
AMAT,$15.497,1440256214866,"12,956,491",82% bullish,of 11 ratings,$23
AAOI,$19.89,1440256214934,"285,163",50% bullish,of 4 ratings,$26
AGTC,$15.74,1440256215000,"119,853",50% bullish,of 2 ratings,$33
APRI,$1.33,1440256215102,"155,441",83% bullish,of 6 ratings,$4.86
APDN,$3.22,1440256215144,"61,834",Not yet rated,NULL,$9
AREX,$2.03,1440256215182,"890,815",100% bearish,of 1 rating,$3
AQMS,$5,1440256215208,"19,025",Not yet rated,NULL,N/A
APTO,$5.09,1440256215229,"8,208",Not yet rated,NULL,$17
AMCC,$5.35,1440256215265,"963,117",80% bullish,of 5 ratings,$8
AQXP,$18.2999,1440256215286,"469,595",50% bullish,of 2 ratings,$2
AUMA,NULL,1440256215485,0,Not yet rated,NULL,N/A
ARDM,$7.03,1440256215536,"4,358",100% bullish,of 1 rating,$26
AUMAW,NULL,1440256215563,0,Not yet rated,NULL,N/A
PETX,$17.4,1440256215587,"307,971",100% bearish,of 2 ratings,$26
AUMAU,$9.94,1440256215608,"1,200",Not yet rated,NULL,N/A
ABUS,$7.21,1440256215741,"502,243",86% bullish,of 14 ratings,$23
ABIO,$0.9,1440256215876,"131,271",50% bullish,of 2 ratings,$3.75
ACGL,$70.5015,1440256215901,"414,489",50% bullish,of 2 ratings,$72
ARCB,$29.47,1440256215933,"211,071",50% bullish,of 2 ratings,$39.50
ARCW,$3.48,1440256215954,"25,137",100% bearish,of 2 ratings,$10.50
RKDA,$5.76,1440256215975,"19,343",100% bearish,of 2 ratings,$10
ACAT,$26.89,1440256216018,"260,125",100% bearish,of 3 ratings,$33
ARNA,$2.97,1440256216123,"4,127,037",90% bullish,of 77 ratings,$5.50
ARDX,$17.41,1440256216278,"91,948",50% bullish,of 2 ratings,$24.50
ARGS,$6.17,1440256216304,"116,903",50% bullish,of 2 ratings,$19.50
AGII,$57.69,1440256216329,"141,575",Not yet rated,NULL,$59.50
ARCC,$15.47,1440256216356,"1,615,433",67% bearish,of 3 ratings,$17.875
AGIIL,$25.45,1440256216387,"5,893",Not yet rated,NULL,N/A
ARIA,$6.7,1440256216489,"3,153,702",87% bullish,of 46 ratings,$9
ARIS,$3.3,1440256216519,"8,290",Not yet rated,NULL,$4.50
ARKR,$25.36,1440256216579,552,50% bullish,of 2 ratings,N/A
ARTX,$1.48,1440256216618,"105,854",88% bullish,of 16 ratings,$4.50
ARWA,NULL,1440256216666,0,Not yet rated,NULL,N/A
ARWAR,NULL,1440256216712,0,Not yet rated,NULL,N/A
ARMH,$40.1,1440256216737,"1,339,073",54% bearish,of 13 ratings,$61
ARWAU,NULL,1440256216809,0,100% bullish,of 1 rating,N/A
ARWAW,NULL,1440256216914,0,Not yet rated,NULL,N/A
ARQL,$1.67,1440256216985,"200,267",75% bullish,of 4 ratings,$5
ARRY,$5.45,1440256217142,"1,219,732",100% bullish,of 7 ratings,$10
DWAT,$9.92,1440256217191,"46,463",100% bearish,of 1 rating,N/A
ARWR,$5.57,1440256217324,"814,360",75% bullish,of 4 ratings,$10.50
ARRS,$26.44,1440256217357,"1,060,211",50% bullish,of 2 ratings,$38
AROW,$27.24,1440256217382,"41,580",Not yet rated,NULL,N/A
ASBB,$25.05,1440256217417,372,Not yet rated,NULL,N/A
ARTNA,$22.48,1440256217454,"42,576",100% bearish,of 1 rating,$29
ARTW,$4.45,1440256217516,"3,048",75% bearish,of 4 ratings,N/A
ASND,$18.23,1440256217587,"38,275",100% bullish,of 1 rating,$30
APWC,$1.9,1440256217736,406,100% bearish,of 1 rating,N/A
ASCMA,$28.6,1440256217772,"180,787",100% bearish,of 1 rating,$45
ASNA,$11.2187,1440256217807,"8,984,030",50% bullish,of 2 ratings,$18
ASTI,$0.13,1440256217830,"1,817,223",83% bullish,of 6 ratings,$3
ASMI,NULL,1440256217863,0,NULL,NULL,NULL
ASML,$85.91,1440256217994,"1,134,628",67% bullish,of 3 ratings,$127
AZPN,$38.4,1440256218128,"991,920",50% bullish,of 2 ratings,$42
ASTE,$36.28,1440256218158,"88,638",100% bearish,of 1 rating,$48
ALOT,$13.51,1440256218181,"1,011",100% bearish,of 1 rating,N/A
ASFI,$8.95,1440256218204,"3,732",100% bullish,of 1 rating,N/A
ASMB,$12.44,1440256218245,"80,806",67% bullish,of 3 ratings,N/A
ASTC,$2.2,1440256218266,"39,970",100% bullish,of 5 ratings,N/A
ATRO,$52.77,1440256218345,"98,668",100% bearish,of 2 ratings,$80
ATAI,$2.78,1440256218481,"31,993",100% bearish,of 1 rating,N/A
ATHN,$135.79,1440256218512,"193,647",67% bearish,of 3 ratings,$153
ATRA,$42.01,1440256218533,"183,569",50% bullish,of 2 ratings,$68
ASUR,$5.76,1440256218566,"10,939",100% bearish,of 1 rating,$8
AFCB,$28.01,1440256218616,249,Not yet rated,NULL,N/A
ATHX,$1.17,1440256218697,"238,940",89% bullish,of 9 ratings,$5
ATLC,$3.9,1440256218883,"17,113",67% bullish,of 3 ratings,N/A
AAPC,$10.21,1440256218921,394,Not yet rated,NULL,N/A
AAME,$3.58,1440256218944,"1,190",Not yet rated,NULL,N/A
ACFC,$6.11,1440256218967,"95,163",Not yet rated,NULL,$6.50
ATNI,$73.68,1440256219006,"66,107",100% bearish,of 1 rating,$69.50
AAWW,$41.78,1440256219034,"365,924",50% bullish,of 2 ratings,$65
ATOS,$0.85,1440256219170,"182,378",100% bullish,of 7 ratings,$7
AFH,$16.545,1440256219201,"75,284",Not yet rated,NULL,$21.50
ATML,$6.95,1440256219230,"2,918,067",78% bullish,of 9 ratings,$9.50
ATRI,$389.5,1440256219308,"4,458",Not yet rated,NULL,N/A
ATRC,$25.67,1440256219398,"198,665",100% bullish,of 1 rating,$30
ATRM,$2.89,1440256219457,"1,200",50% bullish,of 2 ratings,N/A
ATTU,$13.55,1440256219487,"51,302",100% bearish,of 1 rating,$20.50
AUBN,$27.68,1440256219547,948,Not yet rated,NULL,N/A
LIFE,$14.04,1440256219568,"32,217",86% bullish,of 7 ratings,$43
AUDC,$3.18,1440256219648,"55,482",80% bullish,of 5 ratings,$5
AUPH,$3.19,1440256219704,"14,987",100% bearish,of 1 rating,$8
ABTL,$18.05,1440256219853,"70,992",100% bullish,of 4 ratings,$20.25
ADSK,$51.76,1440256219894,"2,339,645",83% bullish,of 6 ratings,$69.50
ADAT,$0.12,1440256219916,"123,764",100% bullish,of 2 ratings,N/A
ADP,$79.23,1440256219987,"2,485,062",100% bearish,of 1 rating,$88
AVGO,$112.787,1440256220018,"3,328,073",88% bullish,of 8 ratings,$160
EARS,$4.845,1440256220039,"14,045",100% bearish,of 2 ratings,$11.50
AVEO,$1.38,1440256220231,"1,367,791",75% bullish,of 8 ratings,$3
AAVL,$10.62,1440256220265,"258,588",100% bearish,of 1 rating,$20
AVNW,$1.24,1440256220321,"161,594",50% bullish,of 2 ratings,$2.20
AVNU,$12.7,1440256220362,506,Not yet rated,NULL,$14
AVID,$8.01,1440256220394,"539,251",100% bearish,of 1 rating,$20
AVGR,$14.23,1440256220493,"21,077",100% bearish,of 1 rating,$20
ACLS,$3.29,1440256220574,"557,776",67% bullish,of 6 ratings,$4.75
AWRE,$3.14,1440256220599,"21,064",67% bullish,of 3 ratings,N/A
CAR,$42.2749,1440256220629,"1,835,525",80% bullish,of 5 ratings,$60
AXPW,$1.1,1440256220657,"56,422",83% bullish,of 6 ratings,N/A
AXPWW,NULL,1440256220686,0,Not yet rated,NULL,N/A
AXGN,$3.94,1440256220783,"27,034",Not yet rated,NULL,$5
AXTI,$2.15,1440256220892,"35,695",50% bullish,of 2 ratings,$2.75
BOSC,$2.37,1440256220991,"1,297",50% bullish,of 2 ratings,N/A
BCOM,NULL,1440256221020,0,100% bearish,of 1 rating,N/A
BEAV,$48.57,1440256221090,"742,264",67% bearish,of 3 ratings,$59
RILY,$10,1440256221141,600,Not yet rated,NULL,N/A
BCPC,$57.76,1440256221223,"128,021",100% bearish,of 1 rating,$75
BLDP,$1.24,1440256221358,"470,551",91% bullish,of 22 ratings,$2.50
BWINB,$23.01,1440256221392,"25,265",Not yet rated,NULL,N/A
BWINA,NULL,1440256221420,0,Not yet rated,NULL,N/A
BIDU,$152.9,1440256221442,"3,843,564",81% bullish,of 88 ratings,$210
BKMU,$7.19,1440256221490,"511,937",Not yet rated,NULL,$8
BANF,$60.97,1440256221521,"18,077",Not yet rated,NULL,$68
BANFP,NULL,1440256221577,0,Not yet rated,NULL,N/A
BMRC,$48.75,1440256221712,"17,961",Not yet rated,NULL,$52
BOCH,$5.76,1440256221743,"16,932",Not yet rated,NULL,$6.50
BKSC,$15.6,1440256221771,705,Not yet rated,NULL,N/A
BOTJ,$11.15,1440256221846,"3,090",Not yet rated,NULL,N/A
BFIN,$12.01,1440256221981,"29,911",Not yet rated,NULL,$13
BANR,$45.64,1440256222023,"84,960",100% bullish,of 3 ratings,$50
OZRK,$40.71,1440256222050,"553,107",67% bullish,of 3 ratings,$49.50
BZUN,$5.65,1440256222080,"399,133",50% bullish,of 2 ratings,$12.60
BWFG,$18.03,1440256222117,"3,688",100% bearish,of 1 rating,N/A
BHACU,NULL,1440256222210,0,Not yet rated,NULL,N/A
TAPR,$29.38,1440256222247,"4,550",100% bearish,of 1 rating,N/A
BHAC,NULL,1440256222279,0,Not yet rated,NULL,N/A
BHACR,$0.25,1440256222346,700,Not yet rated,NULL,N/A
BBSI,$34.87,1440256222424,"71,494",67% bearish,of 3 ratings,$62.50
BHACW,NULL,1440256222453,0,Not yet rated,NULL,N/A
BSET,$29.1,1440256222478,"49,205",100% bearish,of 1 rating,$35
BV,$5.08,1440256222697,"375,082",67% bullish,of 6 ratings,$9
BYLK,$12.95,1440256222727,"4,701",Not yet rated,NULL,$14
BBCN,$14.81,1440256222793,"308,877",100% bearish,of 1 rating,$16
BYBK,$5.02,1440256222819,"1,546",100% bearish,of 1 rating,N/A
BDCV,$4.84,1440256222856,"9,821",100% bearish,of 1 rating,$10.19
BECN,$35.48,1440256222886,"294,756",50% bullish,of 2 ratings,$40
BBGI,$4.68,1440256222917,2,100% bearish,of 1 rating,N/A
BCBP,$11.73,1440256223018,"8,625",Not yet rated,NULL,N/A
BSF,$8.62,1440256223071,"18,869",Not yet rated,NULL,N/A
BEBE,$1.81,1440256223162,"150,846",75% bullish,of 4 ratings,$3.075
BELFA,$15.5,1440256223227,100,100% bearish,of 1 rating,N/A
BBBY,$61.8626,1440256223359,"2,676,226",71% bullish,of 7 ratings,$75
BELFB,$17.92,1440256223392,"70,318",100% bearish,of 1 rating,N/A
BNCL,$12.64,1440256223443,"393,855",100% bullish,of 3 ratings,$12.50
BNFT,$36.3,1440256223488,"94,715",67% bullish,of 3 ratings,$46
BNTC,$8.6562,1440256223533,"29,198",100% bullish,of 1 rating,N/A
BLPH,$5.01,1440256223583,"26,371",100% bearish,of 1 rating,$12.50
BLCM,$17.46,1440256223628,"701,289",50% bullish,of 4 ratings,$40
BGFV,$10.86,1440256223718,"167,409",57% bullish,of 7 ratings,$12
BGMD,$0.8536,1440256223754,"210,316",100% bullish,of 10 ratings,N/A
BIND,$4.56,1440256223802,"42,392",67% bullish,of 3 ratings,$13.50
ORPN,$5.34,1440256223847,"18,329",100% bullish,of 1 rating,$28.50
BGCP,$8.8,1440256223944,"2,203,135",88% bullish,of 8 ratings,$14
BCDA,NULL,1440256223988,0,Not yet rated,NULL,N/A
BASI,$1.39,1440256224017,"12,876",Not yet rated,NULL,N/A
BIOC,$2.08,1440256224148,"466,899",83% bullish,of 6 ratings,$3.85
BCRX,$11.99,1440256224210,"637,416",63% bullish,of 8 ratings,$18
BDSI,$6.52,1440256224279,"1,009,736",88% bullish,of 8 ratings,$17
BIOD,$0.6899,1440256224306,"144,374",80% bullish,of 5 ratings,$4
BLFS,$2.03,1440256224349,"86,446",100% bearish,of 1 rating,$4.75
BIIB,$298,1440256224374,"2,250,449",88% bullish,of 16 ratings,$400
BIOL,$1.46,1440256224438,"36,518",Not yet rated,NULL,N/A
BMRN,$130,1440256224535,"823,308",80% bullish,of 5 ratings,$160
BLRX,$1.42,1440256224560,"228,173",100% bullish,of 12 ratings,$5
BVXV,$3.86,1440256224614,"7,057",Not yet rated,NULL,N/A
BRLI,NULL,1440256224715,0,NULL,NULL,NULL
BPTH,$1.13,1440256224740,"64,428",100% bullish,of 2 ratings,$5
BVXVW,$0.77,1440256224767,"1,008",100% bearish,of 1 rating,N/A
BSTC,$49.71,1440256224942,"66,008",100% bearish,of 1 rating,$76
BBC,$30.48,1440256225041,"62,013",Not yet rated,NULL,N/A
BSPM,$0.72,1440256225069,"10,225",50% bullish,of 2 ratings,N/A
BIOS,$1.84,1440256225098,"1,061,659",71% bullish,of 7 ratings,$4
BOTA,$2.2,1440256225119,"47,009",88% bullish,of 8 ratings,N/A
TECH,$101.4978,1440256225155,"129,987",100% bullish,of 1 rating,$117
BBP,$32.07,1440256225290,"91,659",Not yet rated,NULL,N/A
BITI,$17.33,1440256225435,"31,694",100% bullish,of 1 rating,$28
BDMS,NULL,1440256225461,0,100% bearish,of 1 rating,N/A
BEAT,$13.69,1440256225486,"339,071",67% bearish,of 3 ratings,$15
BBOX,$15.44,1440256225652,"68,675",100% bearish,of 1 rating,N/A
BDE,$7.5,1440256225686,"220,690",50% bullish,of 2 ratings,$9
HAWK,$42,1440256225716,"525,334",91% bullish,of 11 ratings,$49
BLKB,$58.91,1440256225739,"225,935",100% bearish,of 2 ratings,$66
BJRI,$44.71,1440256225772,"215,274",50% bullish,of 2 ratings,$55
ADRA,$27.52,1440256225802,"1,065",Not yet rated,NULL,N/A
BKCC,$9.118,1440256225823,"334,015",100% bullish,of 2 ratings,$10
BBRY,$7.15,1440256225987,"5,450,296",61% bullish,of 330 ratings,$9
ADRD,$22.12,1440256226015,"8,231",100% bearish,of 1 rating,N/A
ADRU,$21.85,1440256226044,"2,468",100% bearish,of 1 rating,N/A
ADRE,$29.55,1440256226072,"44,928",Not yet rated,NULL,N/A
BLMN,$20.36,1440256226146,"1,559,840",83% bullish,of 6 ratings,$27.50
BCOR,$13.4,1440256226345,"257,015",57% bullish,of 7 ratings,$15
BLBD,$11.53,1440256226372,"7,869",Not yet rated,NULL,N/A
BUFF,$26.91,1440256226406,"472,572",83% bullish,of 12 ratings,$31.50
BBLU,$0.89,1440256226508,"120,329",100% bullish,of 2 ratings,$4.43
BHBK,$14.06,1440256226538,"103,355",100% bullish,of 1 rating,$14.50
NILE,$34.29,1440256226572,"91,641",50% bullish,of 2 ratings,$34
BKEP,$6.6,1440256226640,"42,067",100% bearish,of 1 rating,$8.50
BKEPP,$7.773,1440256226665,"1,100",100% bearish,of 1 rating,N/A
BLUE,$124.9,1440256226695,"511,022",71% bullish,of 7 ratings,$217.50
BPMC,$25.74,1440256226721,"43,864",50% bullish,of 2 ratings,$47.50
BOBE,$44.5,1440256226889,"144,944",75% bullish,of 4 ratings,$57
BNCN,$21.26,1440256226923,"105,692",Not yet rated,NULL,$23
BOFI,$123.99,1440256226976,"365,678",100% bullish,of 6 ratings,$144
WIFI,$7.83,1440256227030,"402,837",50% bullish,of 2 ratings,$13.50
BOJA,$20.83,1440256227061,"194,845",100% bullish,of 1 rating,$30
BOKF,$61.8126,1440256227198,"136,973",100% bearish,of 1 rating,$70.50
BPFHP,$25,1440256227274,"1,571",100% bearish,of 1 rating,N/A
BNSO,$1.38,1440256227331,"6,280",100% bearish,of 1 rating,N/A
BAMM,$3.21,1440256227380,"12,873",60% bullish,of 5 ratings,N/A
BPFHW,$5.5,1440256227405,837,100% bearish,of 1 rating,N/A
BONA,$11.82,1440256227434,"182,491",75% bullish,of 4 ratings,$8.50
BPFH,$12.155,1440256227470,"304,942",100% bearish,of 1 rating,$14
BDBD,$8.43,1440256227562,"500,690",60% bullish,of 5 ratings,$10
EPAY,$25.46,1440256227589,"155,496",100% bearish,of 2 ratings,$30
BBRG,$12.58,1440256227667,"83,065",67% bullish,of 3 ratings,$14.50
BCLI,$2.92,1440256227797,"80,439",80% bullish,of 5 ratings,$12
BBEPP,$13.24,1440256227856,"73,231",100% bearish,of 1 rating,N/A
BBEP,$2.26,1440256227899,"2,113,660",69% bullish,of 13 ratings,$5.625
BDGE,$27.4,1440256227964,"33,067",Not yet rated,NULL,$31.75
BRID,$8.62,1440256227991,86,100% bearish,of 1 rating,N/A
BRCM,$48.57,1440256228030,"5,158,085",75% bullish,of 12 ratings,$56
BCOV,$5.22,1440256228062,"120,648",67% bullish,of 3 ratings,$10.20
BLIN,$1.15,1440256228089,"21,500",50% bullish,of 2 ratings,$2.20
BYFC,$1.37,1440256228229,200,50% bullish,of 2 ratings,N/A
BRCD,$10.6,1440256228371,"10,780,307",92% bullish,of 13 ratings,$12.50
BSFT,$30.87,1440256228398,"134,160",57% bullish,of 7 ratings,$40.50
BVSN,$5.54,1440256228420,"12,787",60% bearish,of 5 ratings,N/A
BRKL,$10.765,1440256228452,"389,012",100% bearish,of 1 rating,$10.75
BWEN,$3.26,1440256228487,"21,709",100% bullish,of 3 ratings,$8
BRKS,$10.37,1440256228584,"191,066",67% bullish,of 3 ratings,$15.25
BRKR,$19.0677,1440256228718,"233,562",100% bearish,of 2 ratings,$22
BSQR,$6.03,1440256228760,"89,784",67% bullish,of 3 ratings,N/A
BLMT,$20.8,1440256228789,"14,194",Not yet rated,NULL,N/A
BWLD,$189.5073,1440256228813,"260,082",82% bullish,of 11 ratings,$205
BMTC,$29.46,1440256228852,"89,269",Not yet rated,NULL,$34
BUR,$1.85,1440256228884,"2,443",100% bearish,of 1 rating,$8
BLDR,$14.9615,1440256228990,"1,078,324",50% bullish,of 2 ratings,$22
CFFI,$36,1440256229088,"6,616",100% bearish,of 1 rating,N/A
CCMP,$44.25,1440256229183,"90,039",50% bullish,of 2 ratings,$59
CHRW,$67.24,1440256229210,"1,128,419",Not yet rated,NULL,$72
CDNS,$19.8,1440256229343,"1,519,633",75% bullish,of 4 ratings,$22.50
CDZI,$7.53,1440256229375,"30,147",100% bearish,of 1 rating,N/A
CZR,$8.02,1440256229481,"1,345,062",60% bearish,of 5 ratings,$10.50
PRSS,$4.42,1440256229517,"18,224",80% bullish,of 5 ratings,$4.50
CSTE,$45,1440256229539,"526,244",100% bearish,of 1 rating,$65
CACQ,$7.1,1440256229578,"100,797",100% bearish,of 1 rating,$12.25
CLMS,$11.43,1440256229609,"84,354",Not yet rated,NULL,$10.50
CA,$27.33,1440256229669,"2,905,194",50% bullish,of 4 ratings,$33
CLBS,$1.33,1440256229751,"263,782",79% bullish,of 14 ratings,$4
CHY,$11.51,1440256229776,"256,541",Not yet rated,NULL,N/A
CCD,$19.57,1440256229844,"275,211",Not yet rated,NULL,N/A
CFGE,NULL,1440256229976,0,Not yet rated,NULL,N/A
CHI,$10.67,1440256230028,"301,618",100% bearish,of 1 rating,N/A
CGO,$11.92,1440256230077,"30,892",100% bearish,of 1 rating,N/A
CHW,$7.59,1440256230102,"273,520",100% bearish,of 1 rating,N/A
CSQ,$9.88,1440256230172,"547,189",Not yet rated,NULL,N/A
CFNB,$13.73,1440256230307,143,100% bearish,of 1 rating,N/A
CALA,$5.13,1440256230361,"381,343",100% bullish,of 3 ratings,$19.50
CALM,$49.67,1440256230387,"539,610",80% bullish,of 5 ratings,$65
CVGW,$54.49,1440256230438,"146,768",50% bullish,of 2 ratings,$58.50
CLMT,$25.21,1440256230522,"367,348",75% bullish,of 8 ratings,$31
CAMP,$15.71,1440256230551,"335,596",88% bullish,of 8 ratings,$25
CALD,$15.56,1440256230586,"396,608",100% bearish,of 1 rating,$20.50
ABCD,$4.64,1440256230686,"122,674",83% bullish,of 6 ratings,N/A
CAMBU,NULL,1440256230848,0,100% bearish,of 1 rating,N/A
CAMBW,$0.14,1440256230905,200,Not yet rated,NULL,N/A
CAMB,NULL,1440256230953,0,Not yet rated,NULL,N/A
CAC,$40.79,1440256231085,"25,045",Not yet rated,NULL,N/A
CSIQ,$17.5,1440256231115,"3,511,125",86% bullish,of 28 ratings,$45
CGIX,$9.21,1440256231159,"38,415",67% bullish,of 3 ratings,$14.375
CPHC,$10.66,1440256231188,"2,320",100% bearish,of 1 rating,N/A
CAMT,$2.76,1440256231210,"17,958",73% bullish,of 11 ratings,$4
CBNJ,$10.65,1440256231245,"60,681",100% bullish,of 1 rating,N/A
CPLA,$48.57,1440256231348,"84,854",50% bullish,of 2 ratings,$65
CCBG,$15.17,1440256231381,"20,399",Not yet rated,NULL,$17.25
CPLP,$7.07,1440256231415,"470,786",71% bullish,of 7 ratings,$11
CBF,$30.13,1440256231486,"102,306",Not yet rated,NULL,$32
CSWC,$46.68,1440256231515,"16,339",Not yet rated,NULL,N/A
CPTA,$14.22,1440256231560,"52,411",Not yet rated,NULL,$18.50
CFFN,$12.0086,1440256231689,"689,306",Not yet rated,NULL,$12.75
CAPNW,$0.6199,1440256231798,615,Not yet rated,NULL,N/A
CAPR,$3.95,1440256231838,"6,718",Not yet rated,NULL,$12
CAPN,$1.99,1440256231864,"269,769",100% bullish,of 1 rating,$10.85
CARB,$11.43,1440256231899,"85,069",75% bullish,of 4 ratings,$12
CPST,$0.3777,1440256231925,"956,493",95% bullish,of 22 ratings,$1.25
CBYL,$6.29,1440256231998,"38,631",100% bearish,of 1 rating,$20
CRDC,$0.38,1440256232173,"10,734",100% bullish,of 1 rating,$1.25
CRME,$9.535,1440256232202,"32,837",89% bullish,of 9 ratings,$11.25
CARA,$21.01,1440256232235,"286,045",50% bullish,of 4 ratings,$25
CSII,$24.6527,1440256232267,"477,244",100% bearish,of 2 ratings,$42.125
CFNL,$22.47,1440256232293,"122,419",Not yet rated,NULL,$24
CDNA,$6.47,1440256232331,"6,286",100% bearish,of 1 rating,$9
CATM,$34.54,1440256232361,"283,184",100% bearish,of 1 rating,$44
CECO,$3.63,1440256232492,"476,999",67% bearish,of 3 ratings,$6
CTRE,$12.03,1440256232518,"422,076",50% bullish,of 2 ratings,N/A
CARO,$15.35,1440256232682,"1,700",100% bearish,of 1 rating,$19
CKEC,$21.84,1440256232709,"283,627",50% bullish,of 2 ratings,$35.915
CLBH,$12.79,1440256232743,288,Not yet rated,NULL,$16.50
CRZO,$32,1440256232776,"968,169",67% bearish,of 3 ratings,$57
TAST,$11.91,1440256232840,"220,515",Not yet rated,NULL,$14.25
CART,NULL,1440256232868,0,100% bearish,of 1 rating,N/A
CRTN,$2.66,1440256232897,103,100% bearish,of 1 rating,N/A
CARV,$5.51,1440256232997,"1,650",50% bullish,of 2 ratings,N/A
CASM,$1.09,1440256233025,"4,748",100% bullish,of 1 rating,$3.50
CACB,$5.43,1440256233190,"111,472",Not yet rated,NULL,$5.50
CWST,$6.2,1440256233218,"271,280",50% bullish,of 2 ratings,$7
CASY,$104.8974,1440256233245,"370,086",50% bullish,of 2 ratings,$99.50
CSCD,$14.23,1440256233289,"100,500",100% bullish,of 2 ratings,$17
CASI,$1.42,1440256233314,"13,082",100% bullish,of 1 rating,$3.50
CASS,$47.46,1440256233379,"46,174",100% bearish,of 1 rating,N/A
CPRX,$3.66,1440256233512,"846,503",71% bullish,of 7 ratings,$7
CATB,$11.26,1440256233560,"70,464",100% bearish,of 1 rating,$28
CATY,$30.2864,1440256233584,"491,578",100% bearish,of 1 rating,$33.50
CATYW,$10.54,1440256233624,100,100% bearish,of 1 rating,N/A
CAVM,$66.14,1440256233654,"458,453",67% bearish,of 3 ratings,$72
CVCO,$73.17,1440256233685,"73,964",100% bearish,of 1 rating,N/A
CBFV,$20.75,1440256233717,"4,266",Not yet rated,NULL,N/A
CNLMR,NULL,1440256233847,0,Not yet rated,NULL,N/A
CNLMU,NULL,1440256233880,0,100% bullish,of 1 rating,N/A
CNLM,$9.97,1440256233982,"1,883",Not yet rated,NULL,N/A
CNLMW,NULL,1440256234007,0,Not yet rated,NULL,N/A
CBOE,$61.4126,1440256234052,"495,206",Not yet rated,NULL,$60
CECE,$9.45,1440256234188,"124,266",50% bullish,of 2 ratings,$16
CDK,$48.5,1440256234216,"517,921",67% bearish,of 3 ratings,$50
CDW,$38.25,1440256234251,"1,490,342",75% bullish,of 4 ratings,$44
CPXX,$2.13,1440256234281,"85,814",100% bullish,of 2 ratings,$7
CELG,$119.5,1440256234310,"5,582,818",92% bullish,of 13 ratings,$155.50
CELGZ,$1.81,1440256234355,"14,200",80% bullish,of 5 ratings,N/A
CLDN,$1.05,1440256234384,"324,992",71% bullish,of 7 ratings,$3
CLDX,$13.53,1440256234531,"2,065,127",89% bullish,of 9 ratings,$36
CLRB,$3.05,1440256234563,"5,111",100% bearish,of 1 rating,N/A
CLRBW,$0.94,1440256234600,300,Not yet rated,NULL,N/A
CLLS,$30.45,1440256234662,"113,250",75% bullish,of 4 ratings,$51.50
CBMG,$22.63,1440256234767,"40,791",50% bullish,of 2 ratings,N/A
CLSN,$2,1440256234824,"140,086",80% bullish,of 10 ratings,$7.50
CLTX,$3,1440256234909,"2,660,088",100% bullish,of 2 ratings,N/A
CEMP,$35.5,1440256234937,"686,260",71% bullish,of 7 ratings,$52
CYAD,$50.47,1440256234967,"5,476",100% bullish,of 1 rating,$87.50
CETX,$2.47,1440256234997,"12,950",Not yet rated,NULL,$5.60
CSFL,$14.06,1440256235101,"147,356",Not yet rated,NULL,$15
CETV,$2.02,1440256235129,"177,717",67% bullish,of 3 ratings,$2.80
CFBK,$1.38,1440256235205,"6,308",Not yet rated,NULL,N/A
CVCY,$11.19,1440256235277,675,Not yet rated,NULL,$12
CENTA,$12.57,1440256235305,"238,725",Not yet rated,NULL,N/A
CENT,$11.93,1440256235360,"28,453",Not yet rated,NULL,$10
CENX,$5.17,1440256235438,"1,660,584",67% bullish,of 6 ratings,$9
CNBKA,$40.33,1440256235468,"9,839",100% bullish,of 1 rating,N/A
CNTY,$6.02,1440256235574,"6,571",80% bullish,of 5 ratings,$7.75
CPHD,$47.8043,1440256235607,"535,219",50% bullish,of 2 ratings,$66.50
CRNT,$1.37,1440256235629,"280,066",50% bullish,of 2 ratings,$2
CERE,$1.1,1440256235718,"479,152",88% bullish,of 8 ratings,N/A
CERN,$61.72,1440256235768,"1,895,743",67% bullish,of 3 ratings,$79
CERU,$3.42,1440256235801,"35,413",75% bullish,of 4 ratings,$15
KOOL,$0.6998,1440256235900,"19,783",100% bullish,of 5 ratings,$7
CERS,$4.73,1440256235930,"650,339",75% bullish,of 4 ratings,$7
CYOU,$20.0874,1440256235957,"457,679",50% bullish,of 6 ratings,$24
HOTRW,NULL,1440256236085,0,Not yet rated,NULL,N/A
HOTR,$1.5,1440256236111,"212,526",100% bullish,of 2 ratings,$5
CTHR,$1.23,1440256236183,"48,304",50% bullish,of 2 ratings,$2.50
CEVA,$18.37,1440256236244,"70,931",100% bearish,of 1 rating,$25
GTLS,$22.3973,1440256236342,"330,795",50% bullish,of 4 ratings,$40
CHFN,$12.45,1440256236431,"35,096",Not yet rated,NULL,$14
CHEK,$3.16,1440256236463,"1,665",Not yet rated,NULL,$7.75
CHTR,$177.5087,1440256236504,"962,693",100% bearish,of 2 ratings,$196
CHKP,$76.9,1440256236562,"1,048,652",50% bullish,of 4 ratings,$92
CHEKW,NULL,1440256236597,0,Not yet rated,NULL,N/A
CEMI,$4.25,1440256236618,"5,139",50% bullish,of 2 ratings,$7.50
CHFC,$31.81,1440256236647,"100,386",100% bearish,of 1 rating,$36
CCXI,$6.66,1440256236696,"125,627",67% bullish,of 3 ratings,$14
CHKE,$25.42,1440256236835,"26,595",100% bearish,of 1 rating,$32.50
CHEV,$14.63,1440256236967,"8,266",Not yet rated,NULL,N/A
PLCE,$58.5,1440256237031,"386,298",100% bearish,of 1 rating,$71
CHMA,$24.05,1440256237064,"123,730",Not yet rated,NULL,$40
CHMG,$26.6,1440256237085,700,Not yet rated,NULL,$30
CBNK,$16.48,1440256237120,297,100% bearish,of 1 rating,N/A
CMRX,$46.44,1440256237171,"341,351",50% bullish,of 2 ratings,$57
CALI,$0.87,1440256237212,"7,037",67% bullish,of 3 ratings,N/A
CAAS,$6.48,1440256237301,"52,022",93% bullish,of 14 ratings,$11.50
CADC,NULL,1440256237326,0,78% bullish,of 9 ratings,N/A
CBAK,$1.8,1440256237386,"39,266",67% bullish,of 9 ratings,N/A
CBPO,$97.5633,1440256237535,"275,264",75% bullish,of 8 ratings,$140.50
JRJC,$3.88,1440256237565,"166,421",82% bullish,of 11 ratings,N/A
CCCL,$0.85,1440256237586,"10,030",100% bullish,of 6 ratings,N/A
CCCR,$0.89,1440256237624,"36,866",67% bearish,of 3 ratings,N/A
HGSH,$1.89,1440256237714,"13,900",67% bullish,of 3 ratings,N/A
CHOP,$1.2,1440256237743,"146,084",50% bullish,of 2 ratings,N/A
CHLN,$2.05,1440256237822,"8,803",67% bullish,of 3 ratings,N/A
CNIT,$1.54,1440256237879,"31,123",67% bullish,of 6 ratings,N/A
CJJD,$1.9,1440256237907,"52,186",100% bullish,of 1 rating,N/A
HTHT,$24.5,1440256237938,"81,284",50% bullish,of 2 ratings,$28
CHNR,$2.01,1440256238041,"1,911",100% bearish,of 1 rating,N/A
CREG,$0.7,1440256238074,"109,561",100% bullish,of 3 ratings,N/A
CPGI,$6.94,1440256238101,"2,888",Not yet rated,NULL,N/A
CNTF,$0.85,1440256238238,"130,860",Not yet rated,NULL,N/A
CSUN,$1.38,1440256238275,"19,180",80% bullish,of 5 ratings,N/A
CNYD,$3.17,1440256238373,"7,840",67% bullish,of 3 ratings,N/A
CXDC,$6.21,1440256238400,"128,308",67% bullish,of 3 ratings,N/A
CCIH,$6.0688,1440256238435,"995,724",67% bullish,of 6 ratings,$12.65
CNET,$0.8899,1440256238462,"36,501",50% bullish,of 2 ratings,N/A
IMOS,$16.0456,1440256238536,"208,767",60% bullish,of 5 ratings,$21.50
CHSCL,$27.06,1440256238565,"26,654",Not yet rated,NULL,N/A
CHSCM,$25.86,1440256238598,"33,418",Not yet rated,NULL,N/A
CHSCN,$27.02,1440256238720,"3,839",Not yet rated,NULL,N/A
CHSCO,$28.32,1440256238750,"9,147",Not yet rated,NULL,N/A
CHDN,$134.37,1440256238786,"57,359",Not yet rated,NULL,$165
CHSCP,$30.29,1440256238886,"3,905",Not yet rated,NULL,N/A
CIFC,$6.85,1440256239021,"10,311",Not yet rated,NULL,N/A
CHUY,$31.27,1440256239054,"229,822",50% bullish,of 2 ratings,$34
CMPR,$67.75,1440256239134,"558,567",50% bullish,of 2 ratings,$72.50
CDTX,$14.04,1440256239164,"21,619",Not yet rated,NULL,$22
CIDM,$0.62,1440256239195,"87,510",50% bullish,of 2 ratings,$2.10
CMCT,$15,1440256239217,"2,992",100% bearish,of 1 rating,N/A
CINF,$53.8535,1440256239251,"1,065,857",50% bullish,of 4 ratings,$50.50
CTAS,$84.87,1440256239292,"522,195",100% bearish,of 1 rating,$91
CPHR,$6.2,1440256239464,"1,500",100% bearish,of 1 rating,$16
CTRN,$27.92,1440256239514,"144,202",100% bearish,of 1 rating,$31.50
CRUS,$27.46,1440256239541,"973,633",75% bullish,of 12 ratings,$44.50
CZNC,$19.63,1440256239593,"13,840",Not yet rated,NULL,N/A
CSCO,$26.48,1440256239620,"34,066,946",84% bullish,of 208 ratings,$32
CZWI,$9.09,1440256239689,10,Not yet rated,NULL,N/A
CZFC,$12.7201,1440256239787,700,Not yet rated,NULL,N/A
CIZN,$19.55,1440256239838,"1,220",Not yet rated,NULL,N/A
CHCO,$47.47,1440256239865,"74,330",Not yet rated,NULL,$46
CIVBP,NULL,1440256239934,0,Not yet rated,NULL,N/A
CIVB,$10.29,1440256239961,"5,841",Not yet rated,NULL,$11
CDTI,$1.56,1440256239986,"65,316",75% bullish,of 4 ratings,$3.20
CTXS,$73.91,1440256240020,"1,231,547",86% bullish,of 7 ratings,$80
CLNE,$4.02,1440256240131,"1,114,136",80% bullish,of 15 ratings,$9
CLNT,$1.69,1440256240239,"56,834",75% bullish,of 8 ratings,N/A
CLFD,$16.89,1440256240316,"50,082",67% bullish,of 3 ratings,$18
CLIR,$5.07,1440256240343,"32,472",100% bullish,of 3 ratings,N/A
CBLI,$3.82,1440256240364,"47,562",60% bullish,of 5 ratings,N/A
CLRO,$11.74,1440256240396,"4,663",50% bullish,of 2 ratings,$14.25
CLVS,$72.68,1440256240525,"346,682",60% bullish,of 5 ratings,$101.50
CSBK,$13.76,1440256240552,"62,601",Not yet rated,NULL,N/A
CMFN,$11.79,1440256240685,"14,093",100% bearish,of 1 rating,$15.50
CISG,$7.78,1440256240720,"151,935",100% bullish,of 5 ratings,$10
CCNE,$17.08,1440256240755,"21,997",50% bullish,of 2 ratings,$21.50
CME,$91.629,1440256240788,"3,306,208",67% bullish,of 3 ratings,$102
CNV,$4.72,1440256240816,"20,202",50% bullish,of 2 ratings,$7.15
COBZ,$13,1440256240858,"155,494",100% bullish,of 1 rating,$14
CWAY,$11.36,1440256240950,502,Not yet rated,NULL,N/A
COKE,$154.15,1440256241016,"30,930",79% bullish,of 19 ratings,N/A
CDRB,$11.18,1440256241119,"11,033",67% bullish,of 3 ratings,N/A
CCOI,$28.31,1440256241294,"322,021",50% bullish,of 4 ratings,$35
CVLY,$20.55,1440256241328,"8,047",Not yet rated,NULL,N/A
CDXS,$3.96,1440256241349,"51,237",64% bullish,of 11 ratings,$6
CGNX,$35.7,1440256241385,"695,000",50% bullish,of 2 ratings,$47
CTSH,$62.85,1440256241407,"3,763,692",90% bullish,of 10 ratings,$75
CGNT,$1.66,1440256241428,"34,162",100% bullish,of 2 ratings,$2
JVA,$4.57,1440256241478,"28,204",83% bullish,of 6 ratings,$7
COHU,$9.89,1440256241709,"271,999",100% bearish,of 1 rating,$14.25
COHR,$57.2,1440256241746,"130,953",50% bullish,of 2 ratings,$72
CHRS,$29.87,1440256241769,"170,994",67% bearish,of 3 ratings,$37
CLRX,$0.4901,1440256241806,"59,544",50% bullish,of 2 ratings,N/A
CLCT,$18.06,1440256241851,"74,153",100% bearish,of 1 rating,N/A
COLL,$15.25,1440256241900,"33,838",100% bearish,of 1 rating,$26
CLCD,$6.91,1440256242029,"23,570",100% bearish,of 1 rating,$20.50
CIGI,$44.35,1440256242088,"9,835",100% bearish,of 1 rating,$52
COLB,$31.17,1440256242126,"236,131",Not yet rated,NULL,$36
CBAN,$8.95,1440256242147,520,Not yet rated,NULL,N/A
COLM,$62.63,1440256242169,"170,550",100% bearish,of 1 rating,$71
CMCO,$19.42,1440256242212,"118,644",60% bullish,of 5 ratings,$28
CBMX,$1.21,1440256242243,"39,549",83% bullish,of 6 ratings,$3.15
CMCSK,$57.64,1440256242314,"4,128,285",Not yet rated,NULL,$84
CMCSA,$56.78,1440256242344,"15,010,891",66% bullish,of 35 ratings,$69.50
CBSH,$45.3446,1440256242498,"380,222",50% bullish,of 2 ratings,$46
CBSHP,$25.25,1440256242526,"1,462",100% bearish,of 1 rating,N/A
CUBN,$13.6,1440256242664,"2,416",Not yet rated,NULL,N/A
CSAL,$20.6075,1440256242716,"718,045",75% bullish,of 4 ratings,$30
COMM,$29.31,1440256242753,"1,032,402",67% bearish,of 3 ratings,$35
CVGI,$4.69,1440256242775,"105,073",50% bullish,of 2 ratings,$6
ESXB,$5.12,1440256242848,"12,099",Not yet rated,NULL,N/A
CYHHZ,$0.011,1440256242882,"5,341",100% bullish,of 1 rating,N/A
JCS,$9.21,1440256242980,626,67% bullish,of 3 ratings,N/A
CTBI,$34.8,1440256243009,"47,075",Not yet rated,NULL,$36
CVLT,$36.34,1440256243040,"370,999",75% bullish,of 4 ratings,$44.50
COB,$10.42,1440256243065,"21,470",100% bullish,of 1 rating,$11.75
CWBC,$6.78,1440256243110,"5,828",Not yet rated,NULL,N/A
CIZ,$33.33,1440256243198,"5,278",100% bearish,of 1 rating,N/A
CSA,$33.32,1440256243392,"2,560",Not yet rated,NULL,N/A
CIL,$33.53,1440256243418,500,Not yet rated,NULL,N/A
CDC,$35.22,1440256243466,"23,106",Not yet rated,NULL,N/A
CID,$33.93,1440256243495,300,Not yet rated,NULL,N/A
CSF,$36.84,1440256243553,"5,120",100% bearish,of 1 rating,N/A
CDL,$34.42,1440256243687,"7,600",Not yet rated,NULL,N/A
CFO,$35.7,1440256243713,"16,998",100% bearish,of 1 rating,N/A
CFA,$35.77,1440256243739,"2,458",100% bearish,of 1 rating,N/A
CGEN,$5.15,1440256243878,"114,352",50% bullish,of 2 ratings,$11
CPSI,$45.08,1440256243910,"89,664",100% bearish,of 1 rating,$45.50
CTG,$6.63,1440256244005,"46,409",100% bearish,of 1 rating,$8.50
CHCI,$0.6,1440256244140,"23,882",50% bullish,of 2 ratings,N/A
SCOR,$56.5,1440256244169,"463,584",100% bearish,of 1 rating,$66
CSB,NULL,1440256244195,0,Not yet rated,NULL,N/A
CNSI,$18.79,1440256244274,"160,869",100% bearish,of 2 ratings,$29
CMTL,$26.49,1440256244328,"90,800",100% bearish,of 2 ratings,$37
CXRX,$71.01,1440256244360,"3,584",Not yet rated,NULL,$90
CNCE,$15.39,1440256244486,"221,475",75% bullish,of 4 ratings,$22
CCUR,$5.18,1440256244507,"18,754",75% bullish,of 4 ratings,N/A
CDORO,NULL,1440256244543,0,100% bearish,of 1 rating,N/A
CNAT,$4,1440256244571,"134,269",83% bullish,of 6 ratings,$13
CDOR,$1.47,1440256244592,"5,359",100% bullish,of 1 rating,N/A
CFMS,$21.32,1440256244650,"241,608",Not yet rated,NULL,$27
CNFR,$10.42,1440256244724,"16,866",Not yet rated,NULL,N/A
CDORP,$6.7921,1440256244754,800,100% bearish,of 1 rating,N/A
CNMD,$54.8,1440256244858,"186,789",Not yet rated,NULL,$59
CTWS,$35.1,1440256244921,"49,177",100% bearish,of 1 rating,$44
CNOB,$19.5,1440256245078,"153,863",100% bullish,of 1 rating,$23.50
CONN,$31.23,1440256245104,"383,835",67% bullish,of 3 ratings,$48.50
CNSL,$20.06,1440256245131,"235,939",100% bearish,of 1 rating,$23
CNXR,$6.26,1440256245164,"22,458",100% bearish,of 1 rating,$12
CTCT,$24.27,1440256245195,"286,115",67% bullish,of 3 ratings,$37
CPSS,$5.64,1440256245260,"88,625",100% bullish,of 1 rating,$10
CWCO,$10.65,1440256245291,"129,607",67% bullish,of 3 ratings,$14.50
CFRX,$5.14,1440256245324,"29,285",Not yet rated,NULL,$14
CFRXW,$1.87,1440256245453,"4,588",100% bearish,of 1 rating,N/A
CTRV,$3.55,1440256245482,"57,680",Not yet rated,NULL,$6.40
CFRXZ,$0.531,1440256245508,"2,550",Not yet rated,NULL,N/A
CTRL,$7.91,1440256245530,"125,610",50% bullish,of 2 ratings,$11
CPRT,$34.5858,1440256245692,"275,415",67% bearish,of 3 ratings,$40
CRBP,$2.13,1440256245720,"925,466",100% bullish,of 2 ratings,$6.25
CSOD,$36.95,1440256245867,"368,582",50% bullish,of 2 ratings,$42
CORT,$4.57,1440256245895,"394,867",67% bullish,of 3 ratings,$12
CORE,$59.8,1440256245938,"94,606",100% bearish,of 1 rating,$72
CRVL,$32.1,1440256245963,"47,501",100% bearish,of 1 rating,N/A
BVA,$3.75,1440256245994,"3,794",50% bullish,of 2 ratings,N/A
CORI,$10.8,1440256246033,"63,491",100% bearish,of 1 rating,$18
COSI,$1.11,1440256246092,"87,642",100% bullish,of 1 rating,N/A
COST,$139.357,1440256246222,"2,522,098",79% bullish,of 24 ratings,$154.50
CSGP,$181.61,1440256246255,"73,784",50% bullish,of 2 ratings,$235
CPAH,$0.4625,1440256246276,"11,752",50% bullish,of 2 ratings,N/A
CVTI,$22.53,1440256246352,"149,049",67% bearish,of 3 ratings,$39
COVS,$2.56,1440256246411,"72,882",67% bullish,of 3 ratings,N/A
ICBK,$18.6,1440256246436,402,Not yet rated,NULL,$21
CPSH,$2.36,1440256246575,300,Not yet rated,NULL,N/A
COWN,$5.1,1440256246601,"839,094",75% bullish,of 4 ratings,$7
CRAI,$22.39,1440256246650,"55,819",Not yet rated,NULL,$36
COWNL,$27.19,1440256246675,"3,700",Not yet rated,NULL,N/A
CBRL,$143.9027,1440256246732,"281,725",50% bullish,of 2 ratings,$155
BREW,$7.3,1440256246759,"59,792",67% bullish,of 6 ratings,$15
CRAY,$20.49,1440256246915,"284,812",83% bullish,of 6 ratings,$38.50
CACC,$192.85,1440256246952,"121,732",50% bullish,of 2 ratings,$158.50
SLVO,$10.46,1440256247053,"9,370",100% bearish,of 1 rating,N/A
CREE,$25.45,1440256247079,"1,082,980",65% bullish,of 17 ratings,$29.50
GLDI,$11.09,1440256247160,"41,785",100% bearish,of 1 rating,N/A
CRTO,$43.49,1440256247228,"541,309",67% bullish,of 6 ratings,$64
CRESY,$10.29,1440256247253,"38,860",100% bearish,of 1 rating,$19
CRDS,$1.05,1440256247297,"13,476",50% bullish,of 4 ratings,$4.50
CROX,$14.19,1440256247325,"1,360,754",63% bullish,of 8 ratings,$16.50
CCRN,$14.41,1440256247347,"188,998",100% bearish,of 1 rating,$14.25
CRWS,$8.03,1440256247482,"2,485",Not yet rated,NULL,$10
CRWN,$4.56,1440256247513,"130,545",75% bullish,of 4 ratings,N/A
CYRXW,$0.86,1440256247567,"41,500",Not yet rated,NULL,N/A
CYRX,$2.88,1440256247592,"35,137",Not yet rated,NULL,$9
CSGS,$31.06,1440256247742,"172,648",Not yet rated,NULL,$40
CCLP,$13.8063,1440256247768,"64,248",67% bearish,of 3 ratings,$21
CTIB,NULL,1440256247899,0,100% bearish,of 1 rating,N/A
CSPI,$6.18,1440256247928,"3,803",67% bullish,of 3 ratings,N/A
CTIC,$1.68,1440256247950,"1,708,372",84% bullish,of 76 ratings,$5.75
CTRP,$64.2374,1440256247971,"1,571,691",75% bullish,of 8 ratings,$92
CTCM,$1.71,1440256247993,"372,018",80% bearish,of 5 ratings,$3.90
CUNB,$22.03,1440256248033,"49,607",Not yet rated,NULL,$24.50
CMLS,$1.3,1440256248174,"970,308",50% bullish,of 4 ratings,$6
CUI,$4.8908,1440256248218,"121,551",50% bullish,of 2 ratings,$10
CPIX,$5.87,1440256248248,"3,515",Not yet rated,NULL,N/A
CRIS,$2.57,1440256248270,"442,411",100% bullish,of 8 ratings,$6
CUTR,$14.4,1440256248315,"57,497",67% bearish,of 3 ratings,$18
CVBF,$16.66,1440256248344,"658,942",Not yet rated,NULL,$18
CVV,$11.44,1440256248536,"25,260",100% bullish,of 5 ratings,N/A
CYBR,$51.5,1440256248570,"2,002,023",86% bullish,of 7 ratings,$66
CYBE,$5.96,1440256248601,"9,802",100% bearish,of 1 rating,N/A
CYCC,$0.5699,1440256248667,"125,541",73% bullish,of 11 ratings,N/A
CYBX,$66.48,1440256248696,"561,566",50% bullish,of 4 ratings,$70
CYAN,$7.3,1440256248743,"5,900",100% bearish,of 1 rating,N/A
CBAY,$2.69,1440256248844,"42,788",100% bullish,of 1 rating,$4
CYNA,$16.08,1440256248901,"23,175",100% bullish,of 1 rating,$31.50
CYCCP,NULL,1440256248933,0,100% bearish,of 1 rating,N/A
CYNO,$31.99,1440256248957,"242,311",67% bearish,of 3 ratings,$45.50
CY,$9.447,1440256249037,"3,384,357",80% bullish,of 10 ratings,$15.50
CYTK,$6.54,1440256249183,"193,233",71% bullish,of 14 ratings,$13.50
CYRN,$1.64,1440256249212,"253,906",67% bullish,of 3 ratings,$4
CYTX,$0.375,1440256249241,"766,187",83% bullish,of 12 ratings,$5.50
CONE,$32.98,1440256249267,"454,437",67% bearish,of 3 ratings,$35
CTSO,$6.95,1440256249339,"54,249",Not yet rated,NULL,$15.625
CYTR,$2.18,1440256249425,"755,510",67% bullish,of 6 ratings,$10
ZIV,$46.57,1440256249575,"149,070",Not yet rated,NULL,N/A
DAEG,$0.3443,1440256249609,"4,306",100% bearish,of 1 rating,N/A
TVIZ,$14.69,1440256249637,"3,240",100% bearish,of 1 rating,N/A
XIV,$36.2,1440256249669,"25,218,869",75% bearish,of 4 ratings,N/A
TVIX,$8.99,1440256249730,"19,877,376",81% bullish,of 16 ratings,N/A
DARA,$0.9,1440256249767,"39,987",83% bullish,of 6 ratings,$1.50
DAKT,$11.7,1440256249795,"198,964",50% bullish,of 2 ratings,$14
DJCO,$197.2,1440256249821,"1,966",Not yet rated,NULL,N/A
DAIO,$2.55,1440256249956,"4,354",Not yet rated,NULL,N/A
DTLK,$5.5,1440256249984,"91,469",100% bearish,of 1 rating,$9
DWCH,$4.97,1440256250159,"77,045",75% bullish,of 4 ratings,$8.25
DRAM,$1.4,1440256250188,"5,900",78% bullish,of 9 ratings,N/A
PLAY,$34.47,1440256250219,"228,236",100% bullish,of 5 ratings,$42
DTEA,$13.49,1440256250240,"126,308",100% bearish,of 2 ratings,$24
DBVT,$39.13,1440256250324,"112,606",100% bearish,of 1 rating,$53
TRAK,$62.93,1440256250427,"1,034,755",50% bullish,of 2 ratings,$62.50
DHRM,$1.68,1440256250508,"4,586",Not yet rated,NULL,N/A
DWSN,$4.02,1440256250538,"44,331",67% bullish,of 3 ratings,$6
DFRG,$14.75,1440256250559,"199,012",100% bearish,of 1 rating,$20
TACOW,$4.01,1440256250597,"3,651",100% bullish,of 1 rating,N/A
TACO,$13.13,1440256250625,"216,919",100% bullish,of 3 ratings,$20
DCTH,$0.48,1440256250698,"110,038",78% bullish,of 9 ratings,N/A
DGAS,$20.24,1440256250771,"1,955",67% bearish,of 3 ratings,N/A
DELT,$2.59,1440256250845,"2,349",Not yet rated,NULL,N/A
DELTW,NULL,1440256250900,0,Not yet rated,NULL,N/A
DENN,$11.6,1440256250948,"551,633",100% bullish,of 3 ratings,$15
DSCI,$6.45,1440256251078,"49,351",50% bullish,of 2 ratings,$16
DEPO,$28.75,1440256251108,"1,112,213",60% bullish,of 5 ratings,$29
DERM,$24.15,1440256251209,"253,637",100% bearish,of 1 rating,$33.50
DXLG,$4.5,1440256251239,"65,758",100% bearish,of 1 rating,$8
DEST,$11.83,1440256251267,"39,808",50% bullish,of 2 ratings,N/A
DSWL,$1.75,1440256251290,"10,432",100% bullish,of 1 rating,N/A
XRAY,$53.63,1440256251324,"910,051",100% bullish,of 1 rating,$58
DXCM,$89.9992,1440256251420,"957,976",57% bullish,of 7 ratings,$98
DXM,$0.32,1440256251445,"22,270",50% bullish,of 2 ratings,N/A
DHXM,NULL,1440256251510,0,Not yet rated,NULL,N/A
DHIL,$190.8,1440256251587,"18,491",Not yet rated,NULL,N/A
FANG,$66.542,1440256251850,"1,043,554",50% bullish,of 2 ratings,$86
DRNA,$10.34,1440256251883,"90,197",67% bearish,of 3 ratings,$25
DGII,$9.95,1440256251904,"78,052",100% bearish,of 1 rating,$10
DRAD,$3.88,1440256251934,"12,681",100% bullish,of 1 rating,$5.25
DMRC,$36.52,1440256251979,"70,922",100% bearish,of 1 rating,$44
DGLY,$6.75,1440256252174,"241,709",50% bullish,of 6 ratings,$20
APPS,$2.36,1440256252205,"204,374",100% bearish,of 1 rating,$10.25
DMND,$30.41,1440256252229,"181,308",75% bullish,of 12 ratings,$32
DIOD,$19.31,1440256252251,"281,801",75% bearish,of 4 ratings,$24
DCOM,$16.82,1440256252287,"156,270",100% bearish,of 2 ratings,$16.50
DPRX,$11.95,1440256252308,"18,525",100% bullish,of 2 ratings,$27.75
DISCA,$27.1,1440256252442,"3,037,195",67% bullish,of 3 ratings,$34
DISCB,NULL,1440256252474,0,100% bearish,of 1 rating,$35
DISCK,$25.9869,1440256252495,"2,884,033",100% bearish,of 1 rating,$32
DSCO,$0.4055,1440256252574,"156,711",83% bullish,of 6 ratings,$2.75
DCIX,$1.74,1440256252639,"92,529",50% bullish,of 4 ratings,$3.50
DISH,$60.9427,1440256252797,"1,735,171",69% bullish,of 13 ratings,$73
BAGR,$3.01,1440256252825,"16,511",100% bearish,of 1 rating,$6
DVCR,$10.25,1440256252846,"18,982",100% bullish,of 1 rating,N/A
DLHC,$2.5,1440256252884,"6,270",100% bearish,of 1 rating,N/A
DNBF,$27.15,1440256252906,"8,727",Not yet rated,NULL,$27.50
DGICA,$14.4,1440256252976,"16,557",100% bearish,of 1 rating,$17
DLTR,$76.3408,1440256253037,"2,448,980",82% bullish,of 11 ratings,$88
DMLP,$13.9,1440256253172,"47,201",100% bearish,of 1 rating,N/A
DORM,$49.7,1440256253209,"307,182",100% bearish,of 1 rating,$56
HILL,$9.69,1440256253230,"2,314,246",60% bearish,of 5 ratings,$9.75
DGICB,NULL,1440256253310,0,100% bearish,of 1 rating,N/A
DRWI,$0.2625,1440256253337,"193,656",60% bullish,of 5 ratings,$.45
DRWIW,$0.0589,1440256253370,"1,581",Not yet rated,NULL,N/A
DSKX,$3.44,1440256253532,"117,971",100% bullish,of 1 rating,N/A
DWA,$19.0777,1440256253573,"879,680",63% bullish,of 8 ratings,$26
DSPG,$8.595,1440256253601,"67,339",100% bearish,of 1 rating,$13.50
DRYS,$0.357,1440256253624,"1,482,398",77% bullish,of 31 ratings,$.60
CADT,$10.02,1440256253657,206,Not yet rated,NULL,N/A
CADTU,NULL,1440256253686,0,Not yet rated,NULL,N/A
CADTR,NULL,1440256253707,0,Not yet rated,NULL,N/A
CADTW,NULL,1440256253852,0,Not yet rated,NULL,N/A
DTSI,$26.055,1440256253900,"125,141",100% bearish,of 2 ratings,$39.50
DNKN,$49.874,1440256253952,"1,291,182",67% bullish,of 15 ratings,$56.50
DRRX,$1.99,1440256254001,"346,049",50% bullish,of 6 ratings,$3
DXPE,$28.59,1440256254043,"166,279",50% bullish,of 2 ratings,N/A
DYSL,$1.55,1440256254175,"180,829",100% bullish,of 2 ratings,N/A
DYAX,$22.55,1440256254205,"854,965",89% bullish,of 9 ratings,$30
BOOM,$9.64,1440256254231,"57,962",67% bullish,of 3 ratings,$12
DVAX,$27.73,1440256254368,"350,077",70% bullish,of 10 ratings,$40
DYNT,$2.86,1440256254399,"3,600",75% bullish,of 4 ratings,N/A
EBMT,$11.53,1440256254422,"19,207",Not yet rated,NULL,$13.50
EGBN,$42.84,1440256254456,"89,593",Not yet rated,NULL,$48
ETFC,$25.3,1440256254478,"2,489,422",57% bullish,of 14 ratings,$33
EGLE,$6,1440256254560,"60,394",60% bullish,of 5 ratings,N/A
EGRX,$65.38,1440256254694,"389,557",67% bullish,of 3 ratings,$97
EROC,$1.1,1440256254720,"356,235",50% bullish,of 2 ratings,$3
EWBC,$41.405,1440256254761,"1,077,281",100% bearish,of 1 rating,$50
EACQU,NULL,1440256254865,0,Not yet rated,NULL,N/A
ELNK,$8.58,1440256254948,"814,740",60% bullish,of 5 ratings,$9.50
EBIX,$28.05,1440256255026,"477,773",69% bullish,of 13 ratings,$40
EML,$16.81,1440256255081,"6,029",Not yet rated,NULL,N/A
EVBS,$6.45,1440256255102,"6,522",Not yet rated,NULL,$7
ELON,$0.545,1440256255125,"64,729",50% bullish,of 2 ratings,N/A
ECTE,$1.63,1440256255160,"78,541",75% bullish,of 4 ratings,N/A
ECHO,$24.82,1440256255260,"412,036",67% bearish,of 3 ratings,$35.50
EBAY,$25.613,1440256255291,"13,096,604",81% bullish,of 117 ratings,$48
EEI,$11.09,1440256255357,"4,741",67% bearish,of 3 ratings,N/A
SATS,$45.42,1440256255423,"155,588",50% bullish,of 2 ratings,$60
ECACU,$10.1,1440256255449,"1,738",Not yet rated,NULL,N/A
ESES,$3.45,1440256255640,"8,309",100% bearish,of 1 rating,$7
EDUC,$4.59,1440256255732,"7,183",100% bearish,of 1 rating,N/A
EDGW,$7.14,1440256255767,"35,959",100% bearish,of 1 rating,N/A
EFUT,NULL,1440256255797,0,Not yet rated,NULL,N/A
EGAN,$3.47,1440256255866,"10,092",50% bullish,of 2 ratings,$6.25
EDAP,$3.085,1440256255899,"136,353",60% bullish,of 5 ratings,$4.50
EHTH,$14.08,1440256255950,"414,120",50% bullish,of 4 ratings,$16.50
EGLT,$11.42,1440256256001,"23,570",50% bullish,of 2 ratings,$21
LOCO,$12.26,1440256256031,"1,085,303",69% bullish,of 13 ratings,$20
ESLT,$80.34,1440256256082,"5,018",100% bullish,of 2 ratings,N/A
EMITF,$1.29,1440256256132,"7,100",75% bullish,of 4 ratings,N/A
ELRC,$10.65,1440256256261,"75,948",100% bearish,of 1 rating,N/A
ERI,$9.6,1440256256289,"124,258",100% bearish,of 1 rating,$10
ESIO,$4.58,1440256256446,"42,139",50% bullish,of 2 ratings,$10
EA,$66.47,1440256256479,"3,731,767",77% bullish,of 35 ratings,$80
ELSE,$4.02,1440256256510,"1,000",60% bullish,of 5 ratings,N/A
EFII,$43.93,1440256256584,"255,202",80% bullish,of 5 ratings,$55
ELECU,NULL,1440256256612,0,Not yet rated,NULL,N/A
ELEC,NULL,1440256256638,0,Not yet rated,NULL,N/A
RDEN,$10.38,1440256256790,"93,838",100% bearish,of 4 ratings,$15
CAPX,$22.63,1440256256818,"1,168",Not yet rated,NULL,N/A
ELECW,NULL,1440256256869,0,Not yet rated,NULL,N/A
ESBK,$19.8,1440256256950,879,Not yet rated,NULL,N/A
LONG,$17.39,1440256256978,"18,568",67% bullish,of 3 ratings,$15.75
EBIO,$3.39,1440256257000,"858,193",100% bearish,of 2 ratings,$8.35
ELTK,$1.04,1440256257051,"51,304",67% bearish,of 3 ratings,N/A
EMCI,$23,1440256257129,"15,824",Not yet rated,NULL,N/A
EMCF,NULL,1440256257193,0,100% bearish,of 1 rating,N/A
EMKR,$7.16,1440256257296,"129,455",75% bullish,of 4 ratings,$8.50
NYNY,$4.06,1440256257377,"74,163",50% bullish,of 2 ratings,N/A
EMMSP,$3.25,1440256257453,400,100% bearish,of 1 rating,N/A
ENTA,$40.22,1440256257523,"172,455",50% bullish,of 2 ratings,$42
EMMS,$1.28,1440256257552,"12,299",67% bullish,of 6 ratings,N/A
ERS,$2.86,1440256257576,"1,336",Not yet rated,NULL,N/A
WIRE,$32.7,1440256257602,"124,660",100% bearish,of 1 rating,$37
ECPG,$39.21,1440256257634,"126,955",100% bullish,of 2 ratings,$52
ECYT,$5.2,1440256257742,"252,908",83% bullish,of 6 ratings,$12
ENDP,$76.6008,1440256257781,"2,114,082",50% bullish,of 6 ratings,$104
WATT,$6.74,1440256257874,"109,967",50% bullish,of 2 ratings,$13
ELGX,$13.15,1440256257902,"557,451",75% bullish,of 4 ratings,$17
EIGI,$15.18,1440256257930,"788,018",67% bearish,of 3 ratings,$22.50
EFOI,$15.8,1440256257952,"328,386",50% bullish,of 2 ratings,$20.50
ERII,$2.89,1440256258213,"84,939",80% bullish,of 5 ratings,$2.50
EXXI,$1.44,1440256258242,"1,757,742",86% bullish,of 7 ratings,$3.50
ENOC,$8.08,1440256258294,"211,114",75% bullish,of 4 ratings,$18
ENTL,$21.44,1440256258339,"15,857",Not yet rated,NULL,$28
ENG,$1.02,1440256258389,"5,407",100% bullish,of 3 ratings,N/A
ENPH,$4.42,1440256258434,"567,322",75% bullish,of 4 ratings,$11
ENFC,$18.34,1440256258461,"2,236",Not yet rated,NULL,N/A
ESGR,$151,1440256258520,"69,547",100% bearish,of 1 rating,$185
ETRM,$0.2331,1440256258618,"441,727",69% bearish,of 35 ratings,$1.625
EBTC,$20.07,1440256258687,"8,123",Not yet rated,NULL,N/A
EFSC,$24.75,1440256258720,"69,838",Not yet rated,NULL,$27
ENTG,$13.72,1440256258747,"439,650",100% bearish,of 1 rating,$18
EGT,$2.09,1440256258774,"1,500",100% bullish,of 1 rating,N/A
ENVI,$1.85,1440256258819,"15,528",67% bullish,of 3 ratings,N/A
ENZY,$8.98,1440256258962,"9,946",67% bullish,of 3 ratings,$9.50
ENZN,$1,1440256258998,"766,555",100% bullish,of 9 ratings,N/A
EPIQ,$13.87,1440256259046,"92,324",100% bearish,of 1 rating,$18
PLUS,$77.81,1440256259101,"952,339",50% bullish,of 2 ratings,$88
EPZM,$15.93,1440256259127,"285,509",60% bullish,of 5 ratings,$34
EQIX,$273,1440256259179,"589,444",75% bullish,of 4 ratings,$312.50
EPRS,$4.76,1440256259205,"74,298",82% bullish,of 11 ratings,$15
EQFN,$8.3,1440256259350,300,Not yet rated,NULL,N/A
EAC,$3.67,1440256259384,"15,388",100% bearish,of 1 rating,$8
ERIC,$9.83,1440256259491,"2,368,815",63% bullish,of 8 ratings,$12.20
ERIE,$84.5099,1440256259520,"26,146",Not yet rated,NULL,$73
ESCA,$18.35,1440256259548,"25,641",100% bearish,of 1 rating,$22
ESCR,$0.14,1440256259573,"63,314",50% bullish,of 2 ratings,N/A
ESCRP,$1.65,1440256259603,"5,017",100% bearish,of 1 rating,N/A
ESMC,$1.33,1440256259624,502,Not yet rated,NULL,N/A
ESPR,$54.47,1440256259816,"1,355,738",67% bearish,of 9 ratings,$123
ESSA,$12.45,1440256259849,"16,679",100% bearish,of 1 rating,N/A
EPIX,$6.1,1440256259884,"1,200",Not yet rated,NULL,N/A
ESND,$35.095,1440256259912,"147,368",100% bearish,of 2 ratings,$40
ETSY,$13.46,1440256259947,"796,058",80% bullish,of 5 ratings,$16
EEFT,$64.81,1440256260118,"236,603",100% bearish,of 1 rating,$67.50
ESSX,$0.5249,1440256260144,"6,504",50% bullish,of 2 ratings,N/A
CLWT,NULL,1440256260173,0,100% bearish,of 1 rating,N/A
ESEA,$6.15,1440256260195,"3,082",100% bullish,of 1 rating,$15
EVK,$3.74,1440256260330,982,75% bearish,of 4 ratings,N/A
EVEP,$7.26,1440256260357,"294,425",50% bullish,of 2 ratings,$15
EVOK,$4,1440256260486,"114,285",100% bearish,of 1 rating,$13.375
EVOL,$5.85,1440256260514,"13,690",75% bullish,of 4 ratings,$10
EXA,$10.73,1440256260535,"22,120",100% bearish,of 1 rating,$13
EXAS,$20.31,1440256260577,"1,234,918",78% bullish,of 9 ratings,$31
EXAC,$18.17,1440256260671,"136,951",100% bearish,of 1 rating,$22.50
EVLV,$2.14,1440256260701,"85,207",60% bullish,of 5 ratings,$6.50
EXPE,$114.6,1440256260852,"1,238,899",64% bullish,of 11 ratings,$130
EXLS,$36.55,1440256260883,"207,530",100% bullish,of 1 rating,$41
EXEL,$5.25,1440256260918,"5,463,517",81% bullish,of 16 ratings,$6
EXFO,$2.9,1440256260981,"3,300",67% bearish,of 3 ratings,$3.95
EXPD,$48.2,1440256261013,"1,810,722",80% bullish,of 5 ratings,$51.50
EXPO,$42.83,1440256261039,"146,412",100% bearish,of 1 rating,$45.50
ESRX,$84.81,1440256261064,"5,163,905",67% bearish,of 6 ratings,$101
EYEG,$4.17,1440256261241,"19,980",Not yet rated,NULL,N/A
EXLP,$18.2,1440256261267,"94,863",100% bearish,of 1 rating,$27
EXTR,$2.85,1440256261328,"805,798",80% bullish,of 5 ratings,$3
EYEGW,$1.24,1440256261419,800,Not yet rated,NULL,N/A
EZCH,$21.4963,1440256261455,"127,057",75% bullish,of 8 ratings,$19.50
FFIV,$122.51,1440256261485,"846,241",63% bullish,of 8 ratings,$132
EZPW,$6.08,1440256261506,"351,949",50% bullish,of 4 ratings,$7.50
FB,$85.88,1440256261538,"39,696,768",73% bullish,of 1066 ratings,$111
FRP,$16.9,1440256261678,"50,706",100% bearish,of 1 rating,$18
FCS,$13.14,1440256261717,"1,086,086",67% bearish,of 3 ratings,$17
FWM,$2.25,1440256261848,"178,419",100% bearish,of 2 ratings,$3.20
DAVE,$14.36,1440256261876,"19,659",100% bearish,of 1 rating,$15.50
FARM,$22.62,1440256261898,"21,053",100% bearish,of 1 rating,$35
FALC,$1.65,1440256261932,"10,845",63% bearish,of 8 ratings,N/A
FFKT,$26.79,1440256262034,"20,439",Not yet rated,NULL,$29
FMNB,$8.03,1440256262197,"3,562",Not yet rated,NULL,N/A
FATE,$6.24,1440256262220,"82,980",50% bullish,of 2 ratings,$11
FAST,$39.1,1440256262252,"3,000,801",80% bullish,of 5 ratings,$46
FDML,$8.96,1440256262291,"230,349",50% bullish,of 4 ratings,$14
FBSS,NULL,1440256262318,0,Not yet rated,NULL,N/A
FARO,$38.92,1440256262348,"118,530",50% bullish,of 2 ratings,$48
FBRC,$22.24,1440256262389,"44,108",100% bearish,of 1 rating,$29
FNHC,$21.92,1440256262422,"80,132",100% bearish,of 1 rating,$35
FEIC,$77.57,1440256262526,"344,496",50% bullish,of 2 ratings,$95.50
FHCO,$1.43,1440256262674,"18,402",50% bullish,of 4 ratings,N/A
FENX,$9.84,1440256262702,"59,141",100% bullish,of 1 rating,$14.25
FGEN,$22.96,1440256262777,"374,029",100% bearish,of 1 rating,$39
LION,$19.31,1440256262848,"108,630",100% bullish,of 1 rating,$20
FCSC,$5.86,1440256262878,"212,270",100% bearish,of 1 rating,$8.125
ONEQ,$185.63,1440256262900,"41,902",100% bullish,of 1 rating,N/A
FDUS,$14.42,1440256262986,"64,363",100% bullish,of 1 rating,$18
FRGI,$51.57,1440256263029,"149,676",50% bullish,of 2 ratings,$70
FSC,$6.42,1440256263055,"839,385",75% bullish,of 4 ratings,$8
FSAM,$8.56,1440256263083,"20,457",100% bearish,of 1 rating,$11
FSCFL,$24.7,1440256263115,"11,419",Not yet rated,NULL,N/A
FSFR,$8.92,1440256263279,"131,626",100% bearish,of 1 rating,$11.50
FITBI,$27.68,1440256263306,"5,800",Not yet rated,NULL,N/A
FITB,$19.7,1440256263460,"7,100,591",54% bullish,of 13 ratings,$22
FNGN,$33.616,1440256263489,"485,960",67% bullish,of 3 ratings,$47
FISI,$24.77,1440256263595,"41,074",100% bullish,of 2 ratings,$24.50
FNTC,NULL,1440256263678,0,Not yet rated,NULL,N/A
FNSR,$15.33,1440256263724,"1,137,273",71% bullish,of 7 ratings,$24.50
FNTCW,NULL,1440256263757,0,Not yet rated,NULL,N/A
FNJN,$1.66,1440256263818,"15,161",100% bearish,of 1 rating,$5
FEYE,$37,1440256263851,"7,331,774",87% bullish,of 15 ratings,$55.50
FNTCU,NULL,1440256263876,0,Not yet rated,NULL,N/A
FBNC,$16.81,1440256263918,"59,972",100% bullish,of 1 rating,$20
FNLC,$18.46,1440256263951,"17,421",100% bullish,of 1 rating,N/A
BUSE,$6.37,1440256264025,"197,401",Not yet rated,NULL,$6.875
FBIZ,$44.04,1440256264054,"28,467",100% bearish,of 2 ratings,$52
FRBA,$6.02,1440256264075,611,Not yet rated,NULL,$8
FCAP,$26.55,1440256264394,226,Not yet rated,NULL,N/A
FCNCA,$241.45,1440256264426,"17,885",Not yet rated,NULL,N/A
FCBC,$17.88,1440256264458,"60,860",Not yet rated,NULL,$18
FCLF,$9.08,1440256264482,55,Not yet rated,NULL,N/A
FCFS,$38.15,1440256264515,"157,660",100% bearish,of 2 ratings,$48
FCCO,$12.11,1440256264538,202,Not yet rated,NULL,$13.25
FCVA,$4.75,1440256264571,"1,132",Not yet rated,NULL,N/A
FCFP,$6.9,1440256264593,"2,500",Not yet rated,NULL,N/A
FFNM,$6.32,1440256264768,"3,040",Not yet rated,NULL,N/A
FDEF,$38.3,1440256264800,"42,408",Not yet rated,NULL,$38
FFBCW,NULL,1440256264827,0,100% bearish,of 1 rating,N/A
FFBC,$18.76,1440256264849,"176,775",67% bearish,of 3 ratings,$20.25
FBNK,$16.65,1440256264896,"60,146",100% bearish,of 1 rating,$17.50
FFIN,$31.1263,1440256264984,"286,801",50% bullish,of 2 ratings,$31.75
THFF,$33.27,1440256265009,"47,577",Not yet rated,NULL,$35
FFWM,$21.44,1440256265155,"10,014",Not yet rated,NULL,$24
FFNW,$12.46,1440256265198,"21,487",Not yet rated,NULL,$14
FIBK,$26.83,1440256265225,"83,623",Not yet rated,NULL,$32
INBK,$32.43,1440256265294,"13,595",50% bullish,of 2 ratings,$37
FRME,$25.47,1440256265370,"199,009",Not yet rated,NULL,$26.50
FMBH,NULL,1440256265401,0,Not yet rated,NULL,N/A
FMBI,$17.84,1440256265429,"374,767",Not yet rated,NULL,$20
FNBC,$34.45,1440256265459,"116,074",Not yet rated,NULL,$41.50
FNFG,$9.2289,1440256265486,"1,658,831",80% bullish,of 5 ratings,$9
FNWB,$12.08,1440256265533,"8,662",Not yet rated,NULL,N/A
FSLR,$45.5,1440256265683,"2,207,203",74% bullish,of 39 ratings,$65
FSGI,$2.45,1440256265713,"4,889",Not yet rated,NULL,N/A
FSFG,$30.1754,1440256265734,729,Not yet rated,NULL,N/A
FSBK,$7.93,1440256265768,"1,441",100% bullish,of 1 rating,N/A
BICK,$19.6,1440256265867,"1,801",100% bullish,of 1 rating,N/A
FBZ,NULL,1440256265933,0,Not yet rated,NULL,N/A
FCA,$20,1440256266002,"2,607",Not yet rated,NULL,N/A
FV,$23.23,1440256266032,"4,139,653",Not yet rated,NULL,N/A
FTCS,$36.65,1440256266053,"33,745",Not yet rated,NULL,N/A
IFV,$17.6,1440256266088,"2,040,199",100% bearish,of 1 rating,N/A
FCAN,$24.47,1440256266139,964,Not yet rated,NULL,N/A
FTSM,$59.9,1440256266242,"20,701",100% bearish,of 1 rating,N/A
FEMB,NULL,1440256266270,0,Not yet rated,NULL,N/A
FEUZ,$30.69,1440256266308,"5,731",Not yet rated,NULL,N/A
TDIV,$24.46,1440256266346,"449,109",100% bearish,of 1 rating,N/A
FGM,$35.03,1440256266475,"69,317",Not yet rated,NULL,N/A
MDIV,$19.22,1440256266502,"565,706",Not yet rated,NULL,N/A
FHK,$32.72,1440256266668,"128,700",Not yet rated,NULL,N/A
HYLS,$49.21,1440256266697,"102,494",100% bearish,of 1 rating,N/A
FTGC,$22.05,1440256266718,"122,767",Not yet rated,NULL,N/A
YDIV,$16.62,1440256266739,"2,670",Not yet rated,NULL,N/A
FPXI,$27.51,1440256266760,"1,318",Not yet rated,NULL,N/A
FTHI,$19.4,1440256266803,"10,468",Not yet rated,NULL,N/A
SKYY,$28.68,1440256266904,"76,557",100% bullish,of 1 rating,N/A
CU,$12.76,1440256266936,"13,066",100% bearish,of 1 rating,N/A
FJP,$46.13,1440256266995,"49,025",Not yet rated,NULL,N/A
PLTM,$6.66,1440256267034,"3,862",100% bearish,of 1 rating,N/A
FTLB,$19.28,1440256267064,"2,451",100% bearish,of 1 rating,N/A
LMBS,$50.49,1440256267092,862,Not yet rated,NULL,N/A
FMB,$51.195,1440256267113,"1,778",Not yet rated,NULL,N/A
CIBR,$18.04,1440256267334,"162,032",Not yet rated,NULL,N/A
FONE,$34.05,1440256267393,"1,800",Not yet rated,NULL,N/A
GRID,$33.62,1440256267420,834,100% bearish,of 1 rating,N/A
QABA,$38.13,1440256267449,"44,503",100% bearish,of 1 rating,N/A
CARZ,$34.42,1440256267493,"11,011",100% bearish,of 1 rating,N/A
QCLN,$14.54,1440256267518,"17,473",Not yet rated,NULL,N/A
RDVY,$21.64,1440256267547,"318,269",Not yet rated,NULL,N/A
QQXT,$40.09,1440256267591,"60,503",Not yet rated,NULL,N/A
AIRR,$16.37,1440256267746,"9,058",100% bearish,of 1 rating,N/A
QINC,$20.71,1440256267787,"1,700",Not yet rated,NULL,N/A
QTEC,$39.35,1440256267815,"147,804",Not yet rated,NULL,N/A
FTSL,$48.8,1440256267894,"33,452",100% bearish,of 1 rating,N/A
QQEW,$41.94,1440256267946,"313,108",Not yet rated,NULL,N/A
FSZ,$38.85,1440256267997,"76,690",Not yet rated,NULL,N/A
FKO,$22.32,1440256268028,"3,700",Not yet rated,NULL,N/A
FDIV,$47.59,1440256268054,"6,143",100% bearish,of 1 rating,N/A
FTW,$29.425,1440256268128,"1,534",Not yet rated,NULL,N/A
FKU,$41.6,1440256268202,"86,339",Not yet rated,NULL,N/A
TUSA,$25.08,1440256268230,"4,920",Not yet rated,NULL,N/A
FUNC,$8.33,1440256268310,"3,636",Not yet rated,NULL,N/A
FSV,$31.87,1440256268403,"12,538",Not yet rated,NULL,$33.60
SVVC,$10.15,1440256268437,"36,001",100% bullish,of 1 rating,$26
FMER,$17.6579,1440256268477,"1,802,777",50% bullish,of 2 ratings,$20
FISV,$84.87,1440256268533,"1,522,717",100% bearish,of 3 ratings,$90
FPRX,$18.26,1440256268585,"303,751",50% bullish,of 2 ratings,$35
FIVN,$4.11,1440256268639,"185,266",100% bullish,of 1 rating,$8.50
FIVE,$35.34,1440256268661,"409,909",75% bearish,of 4 ratings,$44
FLML,$21.11,1440256268739,"134,027",50% bullish,of 2 ratings,$30
FLKS,$13.13,1440256268816,"55,627",50% bullish,of 2 ratings,$27
FLXN,$24.39,1440256268853,"86,363",100% bearish,of 1 rating,$40
SKOR,$50.52,1440256268881,"1,000",Not yet rated,NULL,N/A
MBSD,NULL,1440256268906,0,Not yet rated,NULL,N/A
FLXS,$30.45,1440256268951,"36,609",100% bearish,of 2 ratings,N/A
FLIR,$28.75,1440256269097,"720,631",100% bearish,of 1 rating,$38.50
FLEX,$10.51,1440256269124,"2,454,407",63% bullish,of 8 ratings,$12
FLDM,$12.54,1440256269157,"686,894",67% bearish,of 3 ratings,$21.50
FOMX,$9.79,1440256269258,"135,576",50% bullish,of 2 ratings,$23.50
FOGO,$18.84,1440256269306,"114,696",50% bullish,of 2 ratings,$25.50
FFIC,$20.38,1440256269339,"69,120",Not yet rated,NULL,$21
FORM,$6,1440256269438,"267,226",67% bullish,of 3 ratings,$10.50
FONR,$9.54,1440256269466,"18,526",100% bullish,of 1 rating,N/A
FORTY,$32.4,1440256269499,"4,710",Not yet rated,NULL,N/A
FES,$0.92,1440256269526,"4,841",50% bullish,of 2 ratings,$1
FTNT,$42.98,1440256269601,"1,928,364",80% bullish,of 10 ratings,$52
FORR,$32.21,1440256269656,"52,356",Not yet rated,NULL,N/A
FORD,$1.04,1440256269795,"120,974",50% bullish,of 2 ratings,N/A
FBIO,$2.51,1440256269827,"188,268",83% bullish,of 6 ratings,N/A
FWRD,$46.8,1440256269860,"307,366",100% bearish,of 1 rating,$50
FWP,$25.67,1440256269896,"46,088",100% bearish,of 1 rating,$45
FMI,$21.61,1440256269932,"391,770",100% bearish,of 2 ratings,$27.50
FOSL,$59.15,1440256269965,"1,014,809",50% bullish,of 4 ratings,$80
FXCB,$17.3,1440256270068,"17,445",Not yet rated,NULL,$19
FELE,$28.92,1440256270173,"341,251",50% bullish,of 4 ratings,$33
FOXF,$15.28,1440256270199,"65,653",100% bearish,of 1 rating,$19
FRAN,$10.24,1440256270229,"689,114",50% bullish,of 4 ratings,$15
FRED,$14.505,1440256270388,"342,264",50% bullish,of 2 ratings,$16.50
FREE,$0.43,1440256270414,"823,292",92% bullish,of 12 ratings,N/A
RAIL,$20.87,1440256270445,"125,948",100% bearish,of 1 rating,$24.50
FEIM,$11.17,1440256270488,"8,777",100% bearish,of 1 rating,N/A
FRPT,$13,1440256270543,"495,123",67% bearish,of 3 ratings,$23.50
FTR,$5.2,1440256270572,"19,477,135",78% bullish,of 27 ratings,$6.25
FTRPR,$102.05,1440256270615,"61,829",100% bearish,of 1 rating,N/A
FRPH,$30.33,1440256270712,"14,572",100% bearish,of 1 rating,N/A
FTD,$29.45,1440256270779,"149,230",100% bearish,of 1 rating,$40
FSBW,$23.34,1440256270811,"2,300",Not yet rated,NULL,N/A
FTEK,$2.16,1440256270867,"40,018",75% bullish,of 4 ratings,N/A
FSYS,$6.38,1440256270913,"45,792",67% bullish,of 3 ratings,$10
FCEL,$0.7366,1440256270954,"1,658,337",88% bullish,of 40 ratings,$2.65
FULLL,$25.3,1440256271021,"2,099",Not yet rated,NULL,N/A
FULL,$3.14,1440256271084,"56,049",67% bearish,of 3 ratings,$4.25
FLL,$1.58,1440256271155,"14,473",75% bullish,of 4 ratings,$2.825
FULT,$12.4385,1440256271219,"1,361,369",100% bearish,of 1 rating,$13
FSNN,$2.61,1440256271247,"1,800",67% bullish,of 3 ratings,$6
FFHL,NULL,1440256271278,0,50% bullish,of 4 ratings,N/A
FXEN,$0.82,1440256271383,"170,889",75% bullish,of 4 ratings,$1.10
FXENP,$15.9,1440256271411,"2,740",100% bearish,of 1 rating,N/A
GK,$70.3,1440256271437,"83,887",Not yet rated,NULL,$78
WILC,$5.06,1440256271570,"5,946",100% bullish,of 2 ratings,N/A
GLPG,$61.54,1440256271634,"27,887",100% bullish,of 1 rating,$75
GAIA,$5.86,1440256271661,"23,978",50% bullish,of 2 ratings,$8.50
GALT,$1.99,1440256271695,"104,198",80% bullish,of 5 ratings,N/A
GALTU,NULL,1440256271813,0,100% bearish,of 1 rating,N/A
GALTW,NULL,1440256271839,0,100% bullish,of 1 rating,N/A
GALE,$1.34,1440256271885,"1,297,229",89% bullish,of 47 ratings,$4
GLPI,$31.6262,1440256272023,"495,016",100% bearish,of 1 rating,$37.50
GRMN,$38.26,1440256272052,"1,619,493",50% bullish,of 6 ratings,$48
GPIC,$11.09,1440256272074,8,100% bearish,of 1 rating,N/A
GGAC,NULL,1440256272095,0,100% bearish,of 1 rating,N/A
GLMD,$8.52,1440256272136,"7,887",67% bullish,of 3 ratings,$20.50
GGACR,NULL,1440256272158,0,100% bullish,of 1 rating,N/A
GGACU,NULL,1440256272229,0,Not yet rated,NULL,N/A
GGACW,$0.12,1440256272366,438,Not yet rated,NULL,N/A
GARS,$14.82,1440256272414,"25,735",Not yet rated,NULL,$16
GENC,$9.48,1440256272439,"1,326",100% bearish,of 1 rating,N/A
GNCMA,$16.75,1440256272499,"180,927",100% bearish,of 1 rating,$12
GFN,$3.59,1440256272715,"35,382",100% bearish,of 2 ratings,$8
GFNSL,$25.8,1440256272754,"1,200",Not yet rated,NULL,N/A
GFNCP,NULL,1440256272775,0,Not yet rated,NULL,N/A
GENE,$2.36,1440256272807,"148,645",100% bullish,of 12 ratings,N/A
GNCA,$12.48,1440256272834,"168,679",100% bearish,of 1 rating,$20
THRM,$44.01,1440256272869,"309,602",75% bearish,of 4 ratings,$55.50
GNTX,$15.0882,1440256272891,"1,731,017",Not yet rated,NULL,$20
GHDX,$25.37,1440256272938,"139,056",50% bullish,of 2 ratings,$30
GNVC,$2.24,1440256273081,"34,502",90% bullish,of 10 ratings,$8.50
GNMK,$9.4,1440256273107,"146,170",67% bullish,of 6 ratings,$14
GEOS,$15.3,1440256273167,"116,850",100% bearish,of 3 ratings,$25.50
GTWN,NULL,1440256273334,0,Not yet rated,NULL,N/A
GABC,$29.73,1440256273369,"47,076",Not yet rated,NULL,$31.50
GERN,$3.08,1440256273391,"2,161,517",88% bullish,of 16 ratings,$5.25
GEVO,$2.29,1440256273431,"240,735",75% bullish,of 12 ratings,$5
ROCK,$17.57,1440256273471,"235,847",80% bullish,of 5 ratings,$24
GIGA,$1.42,1440256273520,"46,287",100% bearish,of 1 rating,N/A
GIGM,$0.6,1440256273549,"112,719",100% bullish,of 2 ratings,N/A
GILT,$4.47,1440256273587,"2,023",50% bullish,of 2 ratings,N/A
GILD,$105.383,1440256273682,"15,611,252",91% bullish,of 87 ratings,$129
GIII,$64.77,1440256273711,"271,077",67% bullish,of 3 ratings,$75
GBCI,$26.4218,1440256273846,"334,049",50% bullish,of 2 ratings,$31
GLADO,$25.59,1440256273874,"3,000",Not yet rated,NULL,N/A
GLAD,$8.51,1440256273895,"155,251",50% bullish,of 2 ratings,$8.75
GOOD,$15.44,1440256274025,"98,286",Not yet rated,NULL,$19
GOODN,$25.64,1440256274052,426,Not yet rated,NULL,N/A
GOODP,$25.14,1440256274090,"1,250",Not yet rated,NULL,N/A
GOODO,$25.1,1440256274185,"1,266",Not yet rated,NULL,N/A
GAINN,$25.2379,1440256274212,150,Not yet rated,NULL,N/A
GAIN,$7.47,1440256274253,"246,309",100% bullish,of 2 ratings,$8.25
GAINP,$25.85,1440256274340,"3,950",Not yet rated,NULL,N/A
GAINO,$25.31,1440256274372,"1,726",Not yet rated,NULL,N/A
GBT,$45.75,1440256274393,"252,564",100% bearish,of 1 rating,N/A
GLBZ,NULL,1440256274415,0,Not yet rated,NULL,N/A
LAND,$9.5,1440256274458,"16,439",50% bullish,of 2 ratings,$13.75
ENT,$11.73,1440256274562,"196,363",100% bearish,of 1 rating,$18
GDEF,$10.5401,1440256274588,100,Not yet rated,NULL,N/A
GPACU,$10.1,1440256274768,"2,854",Not yet rated,NULL,N/A
GSOL,$8.26,1440256274794,"15,789",100% bearish,of 1 rating,N/A
GBLI,$26.25,1440256274824,"16,164",Not yet rated,NULL,N/A
ACTX,$13.25,1440256274924,600,100% bullish,of 1 rating,N/A
ALTY,$14.587,1440256274951,700,Not yet rated,NULL,N/A
SOCL,$17.18,1440256275001,"100,120",100% bullish,of 2 ratings,N/A
QQQC,$19.26,1440256275029,"4,950",100% bearish,of 1 rating,N/A
SRET,$13.6,1440256275085,"4,194",Not yet rated,NULL,N/A
GAI,$5.27,1440256275114,"3,415",50% bullish,of 2 ratings,N/A
YLCO,$11.75,1440256275138,"1,235",Not yet rated,NULL,N/A
GLBS,$1.06,1440256275282,"10,500",67% bullish,of 3 ratings,N/A
GSM,$13.26,1440256275312,"403,098",50% bullish,of 2 ratings,$24.50
GLRI,$1.1,1440256275339,"80,101",100% bearish,of 1 rating,$6
GBIM,$2.26,1440256275370,"43,964",50% bullish,of 2 ratings,N/A
GLUU,$4.37,1440256275442,"2,317,587",92% bullish,of 26 ratings,$9
GLYC,$7.26,1440256275509,"7,663",50% bullish,of 2 ratings,$14
GOGO,$15.48,1440256275674,"479,979",80% bullish,of 5 ratings,$25
GMLP,$19.13,1440256275710,"137,734",50% bullish,of 4 ratings,$32.50
GDEN,$8.88,1440256275733,"11,961",50% bullish,of 2 ratings,N/A
GLDC,$4.13,1440256275755,"3,480",50% bullish,of 2 ratings,N/A
GLNG,$35.44,1440256275804,"792,592",83% bullish,of 6 ratings,$58
GBDC,$16.5151,1440256275892,"145,009",Not yet rated,NULL,$17.75
GOOGL,$647,1440256275979,"2,533,646",88% bullish,of 1079 ratings,$749
GOGL,$2.92,1440256276008,"540,722",75% bullish,of 4 ratings,$5
GPRO,$48.84,1440256276040,"5,811,963",78% bullish,of 58 ratings,$72
GTIM,$6.47,1440256276142,"80,995",Not yet rated,NULL,$11.50
GOOG,$616,1440256276180,"2,256,491",90% bullish,of 68 ratings,$825
GMAN,$4.4,1440256276273,"71,999",60% bullish,of 5 ratings,$8
GPIA,NULL,1440256276298,0,Not yet rated,NULL,N/A
GPIAU,NULL,1440256276346,0,Not yet rated,NULL,N/A
GPIAW,NULL,1440256276371,0,Not yet rated,NULL,N/A
LOPE,$37.1955,1440256276586,"420,323",100% bearish,of 2 ratings,$50
GSBC,$40.6,1440256276616,"36,220",100% bullish,of 1 rating,$44
GBSN,$1.46,1440256276647,"747,556",100% bearish,of 1 rating,$8.25
GBSNU,$16,1440256276669,"22,548",Not yet rated,NULL,N/A
GRVY,$3.43,1440256276726,"1,202",50% bullish,of 2 ratings,N/A
GNBC,$12.08,1440256276757,"33,737",100% bearish,of 1 rating,$17
GLDD,$5.39,1440256276779,"288,709",100% bearish,of 4 ratings,$7.75
GPP,$14.94,1440256276859,"24,630",Not yet rated,NULL,$20.50
GPRE,$18.8277,1440256276968,"832,352",67% bullish,of 6 ratings,$28.50
GRBK,$13.35,1440256276995,"154,269",77% bullish,of 13 ratings,N/A
GLRE,$24.86,1440256277020,"262,384",50% bullish,of 2 ratings,$41
GCBC,NULL,1440256277068,0,100% bullish,of 1 rating,N/A
GRIF,$30.945,1440256277244,209,100% bearish,of 1 rating,N/A
GRFS,$30.3,1440256277272,"180,141",50% bullish,of 2 ratings,$35
GGAL,$18.96,1440256277312,"423,209",80% bullish,of 5 ratings,$40
OMAB,$39.57,1440256277339,"24,030",100% bullish,of 1 rating,$44
GSIT,$4.97,1440256277361,"9,824",100% bearish,of 1 rating,N/A
GSIG,$13.11,1440256277402,"71,415",100% bearish,of 2 ratings,N/A
GTXI,$0.83,1440256277609,"67,416",100% bullish,of 5 ratings,$.75
GRPN,$4.077,1440256277634,"7,070,465",61% bullish,of 71 ratings,$6.75
GSVC,$8.56,1440256277695,"118,374",50% bullish,of 2 ratings,$14.50
GBNK,$15.76,1440256277847,"43,034",100% bearish,of 1 rating,$18
GUID,$7.29,1440256277884,"187,217",100% bearish,of 3 ratings,$10
GFED,$14.94,1440256277940,10,Not yet rated,NULL,$17
GIFI,$11.97,1440256278022,"46,892",100% bearish,of 1 rating,$16
GURE,$1.62,1440256278127,"151,052",88% bullish,of 8 ratings,N/A
GWPH,$104.03,1440256278188,"200,237",78% bullish,of 9 ratings,$148.50
GWGH,$7.35,1440256278216,"1,284",100% bearish,of 1 rating,$15.05
GYRO,$2.85,1440256278238,"76,416",100% bearish,of 1 rating,N/A
HEES,$16.51,1440256278368,"306,657",67% bearish,of 3 ratings,$31
GULTU,$0.2905,1440256278395,"102,116",100% bearish,of 1 rating,N/A
HLG,$9.64,1440256278431,"5,100",100% bearish,of 1 rating,N/A
GPOR,$33.8159,1440256278454,"937,085",75% bullish,of 4 ratings,$55
HNRG,$7.22,1440256278490,"124,047",100% bearish,of 1 rating,$10
HALO,$17.33,1440256278539,"1,204,693",67% bullish,of 3 ratings,$22.50
HALL,$11.67,1440256278582,"28,021",Not yet rated,NULL,N/A
HBK,$13.8,1440256278735,8,50% bullish,of 2 ratings,N/A
HMPR,$1.89,1440256278762,"118,740",100% bullish,of 1 rating,N/A
HBHC,$26.8668,1440256278831,"451,705",50% bullish,of 2 ratings,$30
HNH,$27.82,1440256278934,"21,502",100% bullish,of 1 rating,N/A
HAFC,$24.565,1440256278971,"117,041",100% bullish,of 2 ratings,$28.50
HBHCL,$24.49,1440256278999,"18,426",Not yet rated,NULL,N/A
HNSN,$0.501,1440256279068,"78,898",88% bullish,of 8 ratings,$.40
HDNG,$9.98,1440256279089,"11,225",50% bullish,of 4 ratings,N/A
HLIT,$5.58,1440256279122,"331,156",100% bearish,of 1 rating,$6.50
HQCL,$8.63,1440256279160,"24,293",67% bullish,of 3 ratings,N/A
HRMNU,NULL,1440256279223,0,Not yet rated,NULL,N/A
HRMNW,NULL,1440256279291,0,Not yet rated,NULL,N/A
HRMN,NULL,1440256279316,0,Not yet rated,NULL,N/A
TINY,$2.45,1440256279375,"20,315",50% bullish,of 2 ratings,$5.26
HART,$0.775,1440256279512,"213,330",100% bearish,of 1 rating,N/A
HBIO,$4.39,1440256279545,"81,394",Not yet rated,NULL,$10
HCAPL,$25.4,1440256279615,"1,773",Not yet rated,NULL,N/A
HCAP,$12.17,1440256279647,"24,008",50% bullish,of 2 ratings,$15
HAS,$75.171,1440256279669,"1,049,605",63% bullish,of 8 ratings,$84.50
HCOM,$22.51,1440256279698,"37,331",100% bearish,of 1 rating,$28
HA,$23.05,1440256279745,"931,944",67% bullish,of 9 ratings,$27
HWKN,$36.84,1440256279834,"29,157",Not yet rated,NULL,N/A
HWBK,$13.8,1440256279862,674,100% bearish,of 1 rating,N/A
HDS,$33.08,1440256279939,"1,295,702",100% bearish,of 2 ratings,$39.50
HAYN,$37.88,1440256279994,"48,863",100% bearish,of 1 rating,$59
HCSG,$33.546,1440256280022,"309,474",50% bullish,of 4 ratings,$35
HIIQ,$4.48,1440256280069,"28,731",50% bullish,of 2 ratings,$7
HSTM,$24.87,1440256280155,"220,098",50% bullish,of 2 ratings,$33.75
HQY,$29.27,1440256280215,"394,569",67% bullish,of 3 ratings,$31
HWAY,$12.48,1440256280300,"386,123",100% bearish,of 1 rating,$15
HTLD,$20.165,1440256280325,"492,188",Not yet rated,NULL,$22.50
HTLF,$36.24,1440256280382,"48,371",100% bullish,of 1 rating,$39.50
HTWR,$83.28,1440256280472,"239,502",50% bullish,of 2 ratings,$103
HSII,$20.17,1440256280499,"59,389",100% bullish,of 3 ratings,$25
HNNA,$24.57,1440256280631,"15,081",Not yet rated,NULL,N/A
HMTV,$12.84,1440256280661,"12,852",100% bearish,of 1 rating,$16
HMNY,$2.2261,1440256280691,"2,878",100% bearish,of 1 rating,N/A
HELE,$87.93,1440256280726,"151,548",67% bearish,of 3 ratings,$100
HTBX,$5.31,1440256280758,"21,712",50% bullish,of 2 ratings,$15.50
HSIC,$138.0834,1440256280827,"512,882",83% bullish,of 6 ratings,$146
HCACU,$10.0043,1440256280855,"2,000",Not yet rated,NULL,N/A
HERO,$0.06,1440256280886,"5,839,839",81% bullish,of 16 ratings,$.75
HTBK,$11.04,1440256280985,"93,871",Not yet rated,NULL,$12
HFWA,$17.74,1440256281025,"62,742",100% bullish,of 1 rating,$20
HEOP,$7.68,1440256281123,"27,087",Not yet rated,NULL,$8.50
HCCI,$11.65,1440256281206,"27,277",100% bearish,of 1 rating,$16.50
MLHR,$28.1966,1440256281300,"238,584",50% bullish,of 2 ratings,$33.50
HFFC,$16.27,1440256281333,946,Not yet rated,NULL,N/A
HRTX,$35.05,1440256281362,"839,423",67% bullish,of 6 ratings,$41
HIBB,$37.37,1440256281384,"1,128,881",100% bearish,of 1 rating,$48.50
HIHO,$4,1440256281417,"9,057",Not yet rated,NULL,N/A
HSKA,$33.2,1440256281440,"28,561",100% bearish,of 1 rating,$38
HPJ,$2.25,1440256281472,"130,395",75% bullish,of 4 ratings,$12.43
HIFS,$118.11,1440256281615,"8,734",Not yet rated,NULL,N/A
HIMX,$6.29,1440256281641,"1,170,901",86% bullish,of 21 ratings,$8.50
HMNF,$11.42,1440256281673,"2,480",Not yet rated,NULL,N/A
HSGX,$5.92,1440256281698,"24,278",100% bearish,of 1 rating,$17
HMSY,$8.8389,1440256281774,"1,363,874",67% bullish,of 3 ratings,$19.35
HOLI,$16.9527,1440256281943,"228,631",50% bullish,of 4 ratings,$27
HOMB,$39.23,1440256282003,"321,450",Not yet rated,NULL,$41
HBCP,$24.4,1440256282028,"41,618",Not yet rated,NULL,$29
HFBL,$21.69,1440256282059,"1,800",Not yet rated,NULL,N/A
AWAY,$29.3662,1440256282092,"943,583",67% bullish,of 3 ratings,$36
HMST,$21.57,1440256282192,"119,006",100% bullish,of 2 ratings,$27
HOLX,$39.74,1440256282224,"2,134,552",67% bullish,of 3 ratings,$42
HMIN,$29.096,1440256282255,"61,111",100% bearish,of 2 ratings,$35
HTBI,$18.39,1440256282277,"70,970",67% bullish,of 3 ratings,$18.625
HKTV,$4.68,1440256282325,"7,455",100% bearish,of 1 rating,N/A
CETC,$0.77,1440256282419,"45,584",86% bullish,of 7 ratings,N/A
HOFT,$24.43,1440256282445,"62,910",100% bearish,of 1 rating,N/A
HFBC,$11.61,1440256282505,"2,835",Not yet rated,NULL,N/A
HBNC,$24.3,1440256282679,"31,745",100% bullish,of 1 rating,$27
HRZN,$10.59,1440256282718,"54,947",100% bearish,of 1 rating,$14.25
HDP,$25.5,1440256282748,"235,894",67% bearish,of 3 ratings,$30.50
HZNP,$29.2,1440256282774,"2,449,005",85% bullish,of 20 ratings,$40
HWCC,$7.22,1440256282810,"136,206",100% bearish,of 1 rating,$9
HMHC,$22.4,1440256282836,"923,176",Not yet rated,NULL,$27
ZINC,$7.25,1440256282861,"624,456",100% bearish,of 1 rating,$17
HOVNP,NULL,1440256283006,0,100% bearish,of 1 rating,N/A
HSNI,$60.9227,1440256283057,"239,269",Not yet rated,NULL,$80
HCBK,$9.5789,1440256283141,"2,422,499",83% bullish,of 6 ratings,$8.61
HBMD,$14.95,1440256283170,502,100% bearish,of 1 rating,N/A
HTGM,$5.59,1440256283192,"9,721",100% bearish,of 1 rating,$19.50
HUBG,$39.18,1440256283225,"205,184",100% bearish,of 1 rating,$43
HSON,$2.8,1440256283359,"20,391",100% bearish,of 1 rating,$5
HDSN,$2.81,1440256283391,"30,286",100% bullish,of 1 rating,$6.25
HBANP,$1337,1440256283461,12,100% bearish,of 1 rating,N/A
HBAN,$11.11,1440256283486,"6,980,840",76% bullish,of 17 ratings,$12.29
HURC,$29.88,1440256283522,"26,946",100% bearish,of 1 rating,N/A
HTCH,$1.58,1440256283549,"60,402",100% bearish,of 1 rating,$3.50
HBP,$3.09,1440256283813,"1,457",100% bullish,of 1 rating,N/A
HURN,$73.02,1440256283972,"109,473",50% bullish,of 2 ratings,$80
HDRA,NULL,1440256283998,0,Not yet rated,NULL,N/A
HDRAR,NULL,1440256284019,0,Not yet rated,NULL,N/A
HDRAW,NULL,1440256284050,0,Not yet rated,NULL,N/A
HDRAU,$10.06,1440256284071,100,Not yet rated,NULL,N/A
HYGS,$7.48,1440256284239,"42,666",50% bullish,of 2 ratings,$13
IDSY,$3.85,1440256284270,"6,888",100% bearish,of 1 rating,$7
IACI,$71.15,1440256284301,"768,044",75% bullish,of 4 ratings,$90
IKGH,$1.81,1440256284333,"12,492",75% bullish,of 4 ratings,N/A
IBKC,$60.3428,1440256284355,"191,218",100% bullish,of 1 rating,$70
IEP,$67.43,1440256284396,"123,610",75% bullish,of 4 ratings,$99
ICAD,$3.54,1440256284488,"22,041",50% bullish,of 2 ratings,$7.25
ICLR,$77.7434,1440256284515,"297,930",100% bearish,of 3 ratings,$85
ICFI,$35.71,1440256284576,"104,061",50% bullish,of 2 ratings,$48.50
ICON,$12.25,1440256284663,"780,798",50% bullish,of 2 ratings,$18.50
ICUI,$115.51,1440256284729,"147,406",Not yet rated,NULL,$122
IPWR,$7.36,1440256284864,"3,392",100% bullish,of 1 rating,$15
IDXX,$74.1911,1440256284899,"439,447",100% bearish,of 1 rating,$77
IDRA,$2.52,1440256284921,"1,118,091",89% bullish,of 9 ratings,$6.50
DSKY,$12.1367,1440256284947,"291,194",67% bullish,of 6 ratings,$11.50
INVE,$4.66,1440256284982,"109,550",75% bullish,of 4 ratings,$4
IRG,$4.73,1440256285013,"29,774",100% bearish,of 1 rating,$4.50
IROQ,$16.68,1440256285083,502,100% bullish,of 1 rating,N/A
IIVI,$17.63,1440256285193,"240,082",100% bearish,of 1 rating,$22
KANG,$15,1440256285215,"344,010",50% bullish,of 2 ratings,$22.55
IKAN,$2.73,1440256285266,"14,561",83% bullish,of 6 ratings,$5
RXDX,$12.57,1440256285292,"107,394",100% bullish,of 1 rating,$20
IKNX,$11.46,1440256285360,722,100% bearish,of 1 rating,N/A
ILMN,$199.29,1440256285506,"1,014,627",80% bullish,of 5 ratings,$240
IMMR,$11.38,1440256285537,"215,531",80% bullish,of 5 ratings,$15.50
ISNS,$3.82,1440256285567,"67,780",50% bullish,of 2 ratings,N/A
ICCC,$8.05,1440256285593,"7,929",100% bullish,of 1 rating,N/A
IMDZ,$15.49,1440256285668,"55,028",100% bearish,of 1 rating,$33
IMNP,$1.38,1440256285726,"103,462",50% bullish,of 2 ratings,$6
IMGN,$13.07,1440256285827,"1,107,990",75% bullish,of 4 ratings,$17.50
IMMU,$1.87,1440256285859,"975,603",86% bullish,of 7 ratings,$2
IPXL,$43.4148,1440256285886,"694,109",67% bullish,of 3 ratings,$46.50
IMMY,$7.49,1440256285912,"6,448",100% bearish,of 1 rating,$11
INCR,$42.36,1440256285959,"1,097,736",50% bullish,of 2 ratings,$53
SAAS,$7.7296,1440256286085,"487,787",50% bullish,of 2 ratings,$15
IBTX,$42.68,1440256286190,"39,240",100% bullish,of 2 ratings,$47.25
INCY,$104.2975,1440256286225,"711,350",50% bullish,of 6 ratings,$125.50
INFI,$9.44,1440256286258,"820,535",50% bullish,of 4 ratings,$18
IDSA,$3.64,1440256286293,174,Not yet rated,NULL,N/A
INDB,$46.44,1440256286315,"91,428",Not yet rated,NULL,$44
INFN,$21.08,1440256286347,"2,781,964",71% bullish,of 7 ratings,$28
IBCP,$14.21,1440256286387,"66,760",100% bullish,of 1 rating,$14.50
IPCC,$79.97,1440256286484,"44,593",Not yet rated,NULL,$77.50
III,$4.14,1440256286588,"158,901",57% bullish,of 7 ratings,$6
IFON,$1.23,1440256286613,"45,196",75% bullish,of 4 ratings,N/A
IMKTA,$52.89,1440256286682,"113,692",100% bearish,of 1 rating,N/A
INWK,$7.33,1440256286746,"164,366",50% bullish,of 2 ratings,$10
INNL,NULL,1440256286823,0,100% bearish,of 1 rating,$16.50
IPHS,$47.91,1440256286891,"90,391",100% bearish,of 1 rating,$60
IOSP,$46.19,1440256286958,"4,359,888",100% bearish,of 1 rating,N/A
INOD,$2.48,1440256286987,"19,784",100% bearish,of 1 rating,N/A
ISSC,$2.92,1440256287013,"8,615",67% bearish,of 3 ratings,N/A
INGN,$49.39,1440256287120,"168,397",100% bearish,of 1 rating,$50.50
INOV,$20.95,1440256287153,"349,429",100% bearish,of 1 rating,$33
ITEK,$13.7368,1440256287182,"780,060",100% bearish,of 3 ratings,$20
NSIT,$25.94,1440256287252,"161,989",50% bullish,of 2 ratings,N/A
INO,$7.07,1440256287314,"991,184",89% bullish,of 18 ratings,$20
ISIG,$2.58,1440256287403,"12,103",100% bearish,of 1 rating,N/A
INSM,$24.29,1440256287446,"376,220",71% bullish,of 7 ratings,$31.50
IIIN,$18,1440256287472,"160,188",100% bearish,of 2 ratings,N/A
PODD,$28.7,1440256287601,"377,984",50% bullish,of 2 ratings,$35
NTEC,$5.94,1440256287676,"22,000",Not yet rated,NULL,N/A
INSY,$32.5,1440256287708,"744,412",75% bullish,of 4 ratings,$48
ISSI,$22.3,1440256287775,"296,636",67% bullish,of 3 ratings,$19.75
IART,$60.71,1440256287804,"233,404",100% bearish,of 1 rating,$71.50
IDTI,$17.29,1440256287835,"2,463,021",60% bullish,of 5 ratings,$25
IQNT,$19.28,1440256287933,"257,467",86% bullish,of 7 ratings,$20
INTC,$26.7,1440256287976,"36,675,246",82% bullish,of 238 ratings,$36
IPCI,$2.12,1440256288010,"35,773",67% bullish,of 6 ratings,$7.75
IESC,$7.27,1440256288036,"1,500",100% bearish,of 1 rating,N/A
IBKR,$38.66,1440256288171,"576,484",100% bullish,of 1 rating,N/A
IPAR,$27.27,1440256288224,"59,510",67% bullish,of 3 ratings,$38
ININ,$37,1440256288251,"115,076",67% bearish,of 3 ratings,$57
ICPT,$190.6771,1440256288521,"265,072",70% bullish,of 10 ratings,$359.50
TILE,$24.33,1440256288554,"583,565",67% bearish,of 3 ratings,$27
ICLDW,$0.9601,1440256288581,"1,250",100% bearish,of 1 rating,N/A
ICLD,$1.87,1440256288606,"413,066",75% bullish,of 4 ratings,N/A
IDCC,$47.38,1440256288648,"294,240",80% bullish,of 5 ratings,$63
IMI,$2.13,1440256288674,"9,131",67% bullish,of 3 ratings,$2.22
ISCA,$31.76,1440256288900,"75,500",100% bearish,of 1 rating,N/A
IBOC,$26.0269,1440256288928,"200,228",100% bearish,of 1 rating,N/A
IIJI,$8.9299,1440256288960,"1,000",50% bullish,of 2 ratings,$11.50
PTNT,$3.05,1440256288987,"4,282",Not yet rated,NULL,N/A
INPH,$0.3099,1440256289016,"9,140",50% bullish,of 2 ratings,N/A
INAP,$8.27,1440256289061,"157,177",75% bullish,of 4 ratings,$11
IGLD,$7.15,1440256289091,"2,377",50% bullish,of 2 ratings,N/A
XENT,$27.72,1440256289220,"196,800",50% bullish,of 2 ratings,$36.50
INTX,$2.44,1440256289251,"40,947",67% bullish,of 3 ratings,N/A
ISIL,$10.2,1440256289282,"911,504",50% bullish,of 6 ratings,$15
IILG,$20.03,1440256289318,"307,013",100% bearish,of 1 rating,$30.50
IVAC,$4.89,1440256289379,"16,408",Not yet rated,NULL,$6.625
INTL,$25.88,1440256289408,"119,017",67% bearish,of 3 ratings,N/A
INTLL,$25.77,1440256289537,"1,100",Not yet rated,NULL,N/A
IIN,$6.38,1440256289564,"6,399",100% bearish,of 1 rating,$12
INTU,$89.98,1440256289624,"5,254,872",86% bullish,of 7 ratings,$110.50
INVT,$0.2713,1440256289704,"28,221",67% bullish,of 3 ratings,N/A
ITCI,$28.5,1440256289755,"400,140",75% bearish,of 4 ratings,$40
ISRG,$506.65,1440256289787,"238,287",67% bullish,of 3 ratings,$600
SNAK,$8.47,1440256289835,"286,014",50% bullish,of 2 ratings,$14
ISBC,$11.8686,1440256289862,"2,158,729",100% bullish,of 1 rating,$13.25
ISTR,$15.85,1440256289914,"2,506",100% bearish,of 1 rating,$18.50
ITIC,$71.35,1440256290011,16,100% bearish,of 2 ratings,N/A
NVIV,$9.83,1440256290038,"458,296",50% bullish,of 4 ratings,$24.50
IPAS,$1.01,1440256290089,"153,876",67% bullish,of 3 ratings,N/A
IVTY,$12.69,1440256290177,"13,088",Not yet rated,NULL,$18
DTUL,NULL,1440256290242,0,Not yet rated,NULL,N/A
DFVL,NULL,1440256290285,0,Not yet rated,NULL,N/A
IPCM,$79.5,1440256290380,"605,193",50% bullish,of 2 ratings,$80.125
IPGP,$84.18,1440256290415,"196,618",100% bearish,of 2 ratings,$109.50
IRIX,$7.16,1440256290437,"14,066",100% bearish,of 1 rating,N/A
IRMD,$25.1,1440256290467,"16,337",67% bearish,of 3 ratings,$25
IRDMB,$266.65,1440256290512,"1,378",67% bearish,of 3 ratings,N/A
IRWD,$10.95,1440256290695,"1,059,107",100% bearish,of 1 rating,$13
IRCP,$32,1440256290725,651,100% bullish,of 2 ratings,N/A
COMT,$32.24,1440256290746,"20,256",100% bearish,of 1 rating,N/A
IRDM,$6.69,1440256290777,"599,667",60% bullish,of 5 ratings,$11.50
IRBT,$29.9,1440256290811,"240,464",67% bullish,of 6 ratings,$37
FCHI,$47.8,1440256290906,"4,334",Not yet rated,NULL,N/A
GNMA,$50.25,1440256290931,"2,022",Not yet rated,NULL,N/A
IFNA,$56.26,1440256291086,2,Not yet rated,NULL,N/A
IFAS,$28.76,1440256291119,"9,892",Not yet rated,NULL,N/A
IFGL,$28.84,1440256291147,"124,298",Not yet rated,NULL,N/A
ACWX,$40.41,1440256291218,"332,696",100% bearish,of 1 rating,N/A
AAXJ,$52.27,1440256291275,"1,955,125",Not yet rated,NULL,N/A
ACWI,$55.66,1440256291307,"1,415,661",Not yet rated,NULL,N/A
IFEU,$39.05,1440256291328,"52,081",Not yet rated,NULL,N/A
AXJS,NULL,1440256291409,0,Not yet rated,NULL,N/A
EEMA,$48.76,1440256291457,"380,775",Not yet rated,NULL,N/A
AAIT,$30.53,1440256291555,"1,424",100% bullish,of 1 rating,N/A
EMEY,$24.77,1440256291609,200,Not yet rated,NULL,N/A
EEME,$38.47,1440256291639,"1,248",100% bearish,of 1 rating,N/A
EMDI,$46.16,1440256291684,300,Not yet rated,NULL,N/A
EGRW,$47,1440256291746,"2,678",Not yet rated,NULL,N/A
EEML,$27.35,1440256291776,700,Not yet rated,NULL,N/A
EUFN,$21.91,1440256291878,"205,824",100% bearish,of 1 rating,N/A
EVAL,$36.84,1440256291903,"4,617",Not yet rated,NULL,N/A
IEUS,$45.52,1440256291935,"8,328",100% bearish,of 1 rating,N/A
UAE,$17.61,1440256292047,"11,802",Not yet rated,NULL,N/A
IBB,$340.47,1440256292072,"2,475,808",63% bullish,of 8 ratings,N/A
QAT,$20.45,1440256292236,"23,345",Not yet rated,NULL,N/A
EMIF,$28.27,1440256292264,"15,998",Not yet rated,NULL,N/A
WOOD,$49.3,1440256292291,"53,527",50% bullish,of 2 ratings,N/A
SOXX,$78.63,1440256292324,"710,879",50% bullish,of 2 ratings,N/A
ICLN,$9.42,1440256292350,"40,619",50% bullish,of 2 ratings,N/A
ISHG,$80.2,1440256292423,"83,600",100% bearish,of 1 rating,N/A
INDY,$27.85,1440256292448,"903,318",50% bullish,of 2 ratings,N/A
ISLE,$16.59,1440256292595,"295,431",50% bullish,of 4 ratings,$16
ISIS,$47.09,1440256292627,"1,346,021",53% bullish,of 15 ratings,$67
IGOV,$92.1372,1440256292655,"25,494",100% bearish,of 1 rating,N/A
ISRL,$128.55,1440256292683,"1,003",100% bearish,of 1 rating,N/A
ITRI,$31.94,1440256292730,"253,746",Not yet rated,NULL,$37
ITUS,$4.16,1440256292815,"6,967",Not yet rated,NULL,N/A
ITRN,$24.7,1440256292891,"30,305",50% bullish,of 2 ratings,N/A
XXIA,$15.37,1440256292953,"314,105",71% bullish,of 7 ratings,$14.625
IXYS,$10.57,1440256293032,"247,242",50% bullish,of 4 ratings,N/A
MAYS,NULL,1440256293061,0,Not yet rated,NULL,N/A
JJSF,$113.14,1440256293088,"100,391",100% bearish,of 1 rating,N/A
JBHT,$76.18,1440256293110,"901,669",50% bullish,of 4 ratings,$89.50
JKHY,$68.27,1440256293284,"285,534",50% bullish,of 2 ratings,$72
JXSB,$24.05,1440256293383,742,Not yet rated,NULL,N/A
JCOM,$69.56,1440256293411,"218,346",100% bullish,of 2 ratings,$77
JAXB,$12.76,1440256293446,"1,300",100% bullish,of 1 rating,N/A
JASO,$7,1440256293467,"1,435,775",82% bullish,of 17 ratings,$10
JAGX,$2.5784,1440256293504,"18,491",Not yet rated,NULL,N/A
JACK,$81.43,1440256293542,"546,557",83% bullish,of 6 ratings,$105
JAKK,$9.07,1440256293613,"491,312",60% bearish,of 5 ratings,$11
JMBA,$13.18,1440256293713,"107,503",75% bullish,of 4 ratings,$18
JRVR,$26.32,1440256293742,"51,011",Not yet rated,NULL,$32
JASN,$4.81,1440256293796,"34,092",50% bullish,of 2 ratings,$9.50
ERW,NULL,1440256293826,0,Not yet rated,NULL,N/A
JAZZ,$170.2996,1440256293931,"486,735",80% bullish,of 15 ratings,$206.50
JASNW,$0.18,1440256294008,"12,833",50% bullish,of 2 ratings,N/A
JBLU,$21.8,1440256294066,"7,445,018",94% bullish,of 17 ratings,$27
JTPY,$3.02,1440256294143,"5,165",100% bearish,of 1 rating,N/A
JCTCF,NULL,1440256294174,0,100% bullish,of 1 rating,N/A
JST,$4,1440256294205,"43,984",75% bullish,of 4 ratings,N/A
DATE,$6.47,1440256294227,"197,033",75% bullish,of 4 ratings,$9
JD,$25.2,1440256294259,"9,448,374",75% bullish,of 16 ratings,$36
JIVE,$4.1,1440256294307,"633,964",75% bullish,of 4 ratings,$5
JOEZ,$0.185,1440256294463,"70,020",92% bullish,of 12 ratings,N/A
WYIGU,$10.0227,1440256294496,100,Not yet rated,NULL,N/A
JOUT,$23.01,1440256294522,"16,294",100% bearish,of 1 rating,$34
JBSS,$48.96,1440256294563,"138,677",67% bearish,of 3 ratings,N/A
