Symbol,Price,Date,Volume,Rating,RatingVoteCount,OneYearEstimate
PIH,$7.49,1440015302575,900,100% bearish,of 1 rating,N/A
TFSCW,NULL,1440015302606,0,100% bearish,of 1 rating,N/A
TFSC,$9.73,1440015302637,"2,100",100% bearish,of 1 rating,N/A
TFSCR,NULL,1440015302674,0,Not yet rated,NULL,N/A
FLWS,$9.735,1440015302708,"165,334",100% bullish,of 5 ratings,$15
FCTY,$7.6,1440015302734,"5,400",100% bullish,of 1 rating,$8.50
UGLD,$9.25,1440015302809,"115,594",100% bearish,of 1 rating,N/A
TFSCU,NULL,1440015302833,0,Not yet rated,NULL,N/A
SRCE,$30.51,1440015303077,"23,243",100% bullish,of 3 ratings,$33
TWOU,$35.257,1440015303111,"242,127",50% bullish,of 2 ratings,$39
USLV,$14.59,1440015303133,"306,880",86% bullish,of 7 ratings,N/A
VNET,$20.42,1440015303167,"393,466",60% bullish,of 5 ratings,$29.50
JOBS,$27.1606,1440015303188,"105,318",50% bullish,of 4 ratings,$36
DSLV,$61.23,1440015303326,"23,827",100% bearish,of 1 rating,N/A
FCCY,$11.59,1440015303353,300,100% bullish,of 1 rating,$13
DGLD,$81.88,1440015303374,"13,935",100% bullish,of 1 rating,N/A
AVHI,$14.06,1440015303735,"27,370",100% bearish,of 1 rating,$19
ABAX,$47.57,1440015303783,"93,653",100% bearish,of 1 rating,$60
ABY,$21.19,1440015303881,"261,634",100% bearish,of 2 ratings,$46
SHLM,$35.3456,1440015303917,"128,308",100% bearish,of 1 rating,$50
CAFD,$15.67,1440015303944,"160,279",Not yet rated,NULL,$25
SIXD,$2.25,1440015304008,"216,373",Not yet rated,NULL,N/A
AAON,$22.68,1440015304039,"64,395",100% bearish,of 1 rating,$24
ABGB,$4.3,1440015304071,"157,814",67% bullish,of 3 ratings,$5.50
ABEOW,$2.18,1440015304141,"4,450",100% bullish,of 1 rating,N/A
ABEO,$5.39,1440015304240,"170,742",67% bullish,of 3 ratings,$15.50
EGHT,$8.53,1440015304437,"208,362",82% bullish,of 17 ratings,$11
AXAS,$1.63,1440015304463,"566,840",78% bullish,of 9 ratings,$3.50
ACTG,$9,1440015304504,"303,991",67% bullish,of 3 ratings,$18.50
ABMD,$104.55,1440015304537,"402,279",75% bullish,of 4 ratings,$86
ACHC,$79.3108,1440015304670,"654,961",50% bullish,of 2 ratings,$92
ACST,$0.3601,1440015304750,"33,867",100% bullish,of 2 ratings,N/A
ACAD,$38.272,1440015304802,"403,526",85% bullish,of 20 ratings,$48
XLRN,$30.7138,1440015304837,"105,999",50% bullish,of 2 ratings,$57
AXDX,$19.12,1440015304885,"114,791",100% bearish,of 1 rating,N/A
ANCX,$19,1440015304913,"13,483",Not yet rated,NULL,$19
VXDN,$14.5,1440015305046,"1,938",Not yet rated,NULL,N/A
ARAY,$5.97,1440015305074,"1,359,335",100% bearish,of 1 rating,$10.50
ACRX,$4.25,1440015305217,"220,742",67% bearish,of 6 ratings,$5.50
VXUP,$17.25,1440015305282,"13,850",Not yet rated,NULL,N/A
ACET,$25.26,1440015305307,"86,797",75% bullish,of 4 ratings,$30
ACOR,$30.48,1440015305474,"232,278",67% bearish,of 3 ratings,$38.50
AKAO,$7.02,1440015305616,"25,357",75% bullish,of 4 ratings,$15
ACHN,$8.4539,1440015305644,"1,181,284",90% bullish,of 21 ratings,$16
ACTS,$1.38,1440015305691,"31,173",100% bearish,of 1 rating,N/A
ACNB,$20.22,1440015305724,"1,163",Not yet rated,NULL,N/A
ACIW,$22.65,1440015305778,"222,736",50% bullish,of 2 ratings,$24
ACPW,$1.86,1440015305826,"26,139",100% bullish,of 4 ratings,$3.50
ACTA,$13.55,1440015305855,"72,051",67% bearish,of 3 ratings,$25
ATVI,$28.98,1440015305882,"2,680,662",68% bullish,of 84 ratings,$31.50
ACXM,$20.74,1440015306042,"235,384",67% bullish,of 3 ratings,N/A
ACUR,$0.622,1440015306175,"40,935",100% bullish,of 5 ratings,$1
ADMS,$20.24,1440015306236,"51,313",100% bearish,of 2 ratings,$36
ADAP,$14.76,1440015306262,"42,749",67% bullish,of 3 ratings,$22
ADMP,$3.62,1440015306307,"19,395",50% bullish,of 2 ratings,$10
AEY,$2.39,1440015306447,"18,299",100% bearish,of 2 ratings,N/A
ADUS,$29.83,1440015306498,"32,578",100% bearish,of 1 rating,$31
ADBE,$85.48,1440015306603,"1,457,701",65% bullish,of 17 ratings,$90
ADMA,$9.42,1440015306685,"6,458",Not yet rated,NULL,$19
ADEP,$7.3464,1440015306737,"14,303",50% bullish,of 2 ratings,$10.75
ADTN,$15.8512,1440015307107,"357,224",67% bullish,of 3 ratings,$17.125
AEIS,$25.72,1440015307237,"121,508",50% bullish,of 2 ratings,$32.50
ADRO,$21.36,1440015307491,"98,881",80% bullish,of 5 ratings,$45.50
ADXS,$14.88,1440015307523,"469,393",64% bullish,of 14 ratings,$27
AMD,$1.8,1440015307562,"4,705,653",83% bullish,of 102 ratings,$2
ADXSW,$10.5,1440015307628,"20,371",100% bullish,of 1 rating,N/A
YPRO,$23.12,1440015307778,"26,008",100% bearish,of 1 rating,N/A
MULT,NULL,1440015307805,0,100% bearish,of 1 rating,N/A
AEGR,$18.1706,1440015307834,"243,477",50% bullish,of 6 ratings,$26
AMTX,$3.515,1440015307937,"12,334",50% bullish,of 2 ratings,$26.11
AEHR,$2.24,1440015307962,"1,512",50% bullish,of 2 ratings,N/A
AERI,$16.4281,1440015308171,"367,066",75% bullish,of 4 ratings,$31.50
AVAV,$25.5244,1440015308201,"70,045",50% bullish,of 4 ratings,$31
AEZS,$0.1127,1440015308223,"9,212,081",90% bullish,of 21 ratings,$1.50
AEPI,$57.16,1440015308259,"5,380",100% bearish,of 1 rating,N/A
AEGN,$18.7319,1440015308287,"124,304",100% bearish,of 1 rating,$21
AEMD,$7.28,1440015308425,"98,090",Not yet rated,NULL,$27.50
AFMD,$10.99,1440015308471,"219,232",50% bullish,of 4 ratings,$15
AGRX,$8.47,1440015308642,"12,225",100% bearish,of 1 rating,$18
AGEN,$7.51,1440015308780,"353,866",85% bullish,of 13 ratings,$14
AFFX,$9.71,1440015308840,"153,674",80% bullish,of 5 ratings,$12
AGYS,$9.43,1440015308885,"13,624",100% bearish,of 1 rating,N/A
AGIO,$94.1096,1440015308914,"243,118",88% bullish,of 8 ratings,$114
AIRM,$38.81,1440015308974,"150,215",80% bearish,of 5 ratings,$53
AIRT,$22.74,1440015309008,"1,450",100% bullish,of 1 rating,N/A
AGFS,$10.034,1440015309045,"168,688",100% bearish,of 1 rating,N/A
AIMT,$23.77,1440015309111,"69,517",Not yet rated,NULL,N/A
ATSG,$9.5078,1440015309272,"94,741",67% bullish,of 3 ratings,$13
AGFSW,$2.15,1440015309317,"24,835",100% bearish,of 2 ratings,N/A
AMCN,$5.13,1440015309347,"278,315",83% bullish,of 6 ratings,N/A
AKAM,$73.06,1440015309447,"534,394",63% bullish,of 8 ratings,$77
AIXG,$6.17,1440015309500,"11,613",67% bearish,of 3 ratings,$6
AKRX,$43.77,1440015309714,"317,307",78% bullish,of 9 ratings,$56
AKBA,$6.8086,1440015309797,"258,631",100% bearish,of 1 rating,$18
ALRM,$17.44,1440015309848,"50,335",100% bearish,of 1 rating,$22
ABDC,$12.975,1440015309899,"16,854",Not yet rated,NULL,$15
ALSK,$2.15,1440015309928,"90,287",78% bullish,of 18 ratings,$2
ALDR,$37.3114,1440015309979,"219,412",67% bearish,of 3 ratings,$62
AMRI,$20.5,1440015310008,"229,058",75% bearish,of 4 ratings,$24
AKER,$2.92,1440015310034,"59,865",Not yet rated,NULL,N/A
ALDX,$7.74,1440015310263,"8,878",100% bearish,of 1 rating,$14.50
ALXN,$184.96,1440015310346,"741,228",88% bullish,of 8 ratings,$223
ADHD,$8.82,1440015310395,"164,817",50% bullish,of 4 ratings,$18
ALCO,$42,1440015310447,"10,771",50% bullish,of 2 ratings,N/A
ALGN,$59.73,1440015310474,"446,462",100% bearish,of 2 ratings,$73
ALXA,$1.11,1440015310529,"40,043",83% bullish,of 6 ratings,$2.125
ALKS,$66.05,1440015310802,"505,322",67% bullish,of 3 ratings,$75
ALIM,$3.55,1440015310865,"64,810",80% bullish,of 5 ratings,$10
ALLB,$23.75,1440015310896,"2,382",Not yet rated,NULL,N/A
AIQ,$14.72,1440015310930,"4,554",67% bullish,of 3 ratings,N/A
ALGT,$226.72,1440015311064,"169,948",100% bearish,of 1 rating,$235
AMOT,$16.7198,1440015311091,"65,464",100% bearish,of 1 rating,N/A
ARLP,$24.59,1440015311119,"105,754",67% bearish,of 3 ratings,$32
AFOP,$18.59,1440015311166,"49,449",75% bullish,of 8 ratings,$21
AHGP,$35.89,1440015311270,"36,252",67% bullish,of 3 ratings,N/A
AHPI,$1.46,1440015311332,206,50% bullish,of 2 ratings,N/A
ALQA,$4.52,1440015311428,"19,486",75% bullish,of 4 ratings,$8.50
ALLT,$5.07,1440015311510,"124,595",75% bullish,of 4 ratings,$6.25
MDRX,$14.13,1440015311564,"1,480,018",60% bullish,of 5 ratings,$16
AFAM,$48.65,1440015311590,"44,476",50% bullish,of 2 ratings,$44
AOSL,$7.2,1440015311727,"59,687",67% bullish,of 3 ratings,$9
ALNY,$109.02,1440015311784,"271,178",67% bullish,of 3 ratings,$148.50
ATEC,$0.61,1440015311859,"16,900",100% bullish,of 1 rating,$2
SMCP,$23.83,1440015311887,500,Not yet rated,NULL,N/A
ASPS,$30.15,1440015312020,"75,057",67% bullish,of 3 ratings,$46.50
AMAG,$64.21,1440015312086,"261,546",100% bullish,of 2 ratings,$77.50
ALTR,$49.27,1440015312116,"1,407,297",80% bearish,of 5 ratings,$54
AMRN,$2.17,1440015312219,"2,450,274",85% bullish,of 39 ratings,$8
AIMC,$26.06,1440015312273,"30,349",100% bearish,of 1 rating,$28.50
AYA,$22.53,1440015312354,"32,018",100% bearish,of 1 rating,$40
AMRK,$10.66,1440015312381,"1,700",50% bullish,of 2 ratings,$14
AMZN,$533.96,1440015312458,"1,178,129",81% bullish,of 263 ratings,$646
AMBC,$16.0887,1440015312734,"262,663",100% bearish,of 1 rating,$16.50
AMBCW,$7.5322,1440015312762,937,100% bearish,of 1 rating,N/A
AMBA,$104.7583,1440015312793,"1,115,255",83% bullish,of 12 ratings,$102.50
EPAX,$2.69,1440015312815,"342,501",100% bearish,of 1 rating,N/A
AMCX,$72.94,1440015312903,"445,660",67% bullish,of 3 ratings,$85.50
AMDA,$0.4834,1440015312942,"864,405",90% bullish,of 10 ratings,$1
DOX,$60.35,1440015312968,"263,527",100% bullish,of 2 ratings,$60
AMED,$43.97,1440015313041,"181,818",100% bearish,of 1 rating,$42
UHAL,$380,1440015313220,"14,678",100% bullish,of 2 ratings,$393.50
ASBI,$22.7,1440015313262,"9,535",Not yet rated,NULL,N/A
ATAX,$5.265,1440015313369,"85,175",100% bullish,of 1 rating,$6.50
AMOV,$18.65,1440015313526,"1,544",100% bearish,of 1 rating,N/A
AAL,$43.7251,1440015313580,"5,076,227",93% bullish,of 87 ratings,$57
AGNCB,$24.16,1440015313606,"5,119",Not yet rated,NULL,N/A
AGNC,$19.89,1440015313661,"1,901,541",71% bullish,of 28 ratings,$22
MTGEP,$24.51,1440015313795,400,Not yet rated,NULL,N/A
AGNCP,$25.38,1440015313826,"2,906",Not yet rated,NULL,N/A
MTGE,$15.91,1440015313847,"171,611",75% bullish,of 4 ratings,$19.50
ACAS,$14.2672,1440015313974,"971,856",60% bullish,of 5 ratings,$16.75
ANCI,$1.63,1440015314083,"3,000",100% bearish,of 1 rating,N/A
ACSF,$12.76,1440015314110,"14,606",100% bearish,of 1 rating,$15
AMIC,$10.01,1440015314135,200,Not yet rated,NULL,N/A
AETI,$4.15,1440015314270,"2,848",67% bearish,of 3 ratings,N/A
AMNB,$23.04,1440015314295,"3,335",Not yet rated,NULL,$25.50
ANAT,$103.69,1440015314490,"14,023",100% bullish,of 1 rating,N/A
AMRB,$10.08,1440015314626,"1,216",Not yet rated,NULL,$11
AMSC,$3.76,1440015314657,"46,165",50% bullish,of 4 ratings,N/A
ASEI,$39.49,1440015314681,"42,314",100% bearish,of 1 rating,$52.50
APEI,$21.88,1440015314703,"64,840",100% bearish,of 1 rating,$25.50
ARII,$39.89,1440015314841,"131,707",67% bearish,of 3 ratings,$45
AMSWA,$9.25,1440015314867,"34,371",100% bearish,of 2 ratings,$10.75
ABCB,$28.13,1440015315163,"48,166",Not yet rated,NULL,$31
AMSF,$50.83,1440015315190,"38,511",Not yet rated,NULL,$57.50
AMWD,$67.08,1440015315219,"132,295",50% bullish,of 2 ratings,$58
CRMT,$43.48,1440015315266,"15,637",100% bearish,of 1 rating,$49
ASRV,$3.28,1440015315372,"7,752",100% bullish,of 2 ratings,N/A
ASRVP,NULL,1440015315407,0,Not yet rated,NULL,N/A
ATLO,$24.13,1440015315449,"4,268",Not yet rated,NULL,N/A
AMGN,$166.57,1440015315554,"2,069,467",89% bullish,of 19 ratings,$185
AMKR,$4.44,1440015315687,"904,547",100% bearish,of 2 ratings,$5
FOLD,$16.18,1440015315713,"384,701",56% bullish,of 9 ratings,$21
AMPH,$14.2657,1440015315746,"132,227",50% bullish,of 2 ratings,$20
AMSGP,$159.01,1440015315844,300,Not yet rated,NULL,N/A
AMSG,$84.06,1440015315870,"304,569",100% bearish,of 1 rating,$85.50
ASYS,$5.57,1440015316061,"30,775",67% bullish,of 3 ratings,$12
AMRS,$1.64,1440015316087,"53,458",70% bullish,of 10 ratings,N/A
AFSI,$64.2748,1440015316166,"365,587",60% bullish,of 5 ratings,$72
ANAC,$132.1536,1440015316312,"311,255",80% bullish,of 5 ratings,$180.50
ANAD,$0.37,1440015316375,"262,176",100% bullish,of 2 ratings,$.50
ALOG,$83.34,1440015316401,"45,090",100% bearish,of 2 ratings,$100.50
ADI,$58.2,1440015316433,"5,379,876",67% bullish,of 3 ratings,$68
ABCW,$40.04,1440015316538,"7,773",67% bullish,of 3 ratings,N/A
AMCF,$0.2895,1440015316671,713,100% bullish,of 7 ratings,N/A
ANCB,$22.295,1440015316696,601,Not yet rated,NULL,$23
ANGI,$4.42,1440015316725,"726,063",64% bullish,of 11 ratings,$5.50
ANIK,$35.95,1440015316860,"66,616",60% bullish,of 5 ratings,$51.25
ANGO,$14.97,1440015316892,"41,763",67% bullish,of 3 ratings,$19
ANIP,$54.76,1440015316949,"79,028",89% bullish,of 19 ratings,$66
ANSS,$96.15,1440015317174,"210,675",100% bearish,of 1 rating,$100
ANTH,$8.9105,1440015317303,"490,901",80% bullish,of 10 ratings,$13
ATRS,$1.88,1440015317333,"314,890",92% bullish,of 12 ratings,$4.50
APOG,$53.73,1440015317390,"105,889",100% bullish,of 1 rating,$62
APIC,$7.32,1440015317416,"110,468",100% bearish,of 1 rating,$19
ATNY,$2.35,1440015317445,"2,754",50% bullish,of 2 ratings,$3.75
ABAC,$0.7737,1440015317477,"34,362",100% bearish,of 1 rating,N/A
AINV,$6.61,1440015317579,"1,020,093",50% bullish,of 4 ratings,$8
APOL,$11.27,1440015317605,"756,855",87% bearish,of 68 ratings,$14
APDN,$3.25,1440015317979,"47,256",Not yet rated,NULL,$9
AAPL,$115.003,1440015318005,"28,275,751",86% bullish,of 2334 ratings,$150
ARCI,$1.25,1440015318027,660,Not yet rated,NULL,N/A
APPF,$17.69,1440015318061,"75,998",50% bullish,of 2 ratings,$22
APDNW,NULL,1440015318193,0,Not yet rated,NULL,N/A
AAOI,$21.72,1440015318231,"196,438",50% bullish,of 4 ratings,$26
AMAT,$16.44,1440015318257,"8,241,515",82% bullish,of 11 ratings,$23
AGTC,$16,1440015318285,"49,770",50% bullish,of 2 ratings,$33
AREX,$2.49,1440015318433,"349,315",100% bearish,of 1 rating,$3
APRI,$1.23,1440015318517,"137,193",83% bullish,of 6 ratings,$4.86
AMCC,$5.5848,1440015318663,"395,511",80% bullish,of 5 ratings,$8
AQXP,$17.23,1440015318879,"458,025",50% bullish,of 2 ratings,$2
AQMS,$5.19,1440015318908,"15,433",Not yet rated,NULL,N/A
APTO,$5.1,1440015318937,891,Not yet rated,NULL,$17
AUMA,$9.75,1440015318962,"9,700",Not yet rated,NULL,N/A
AUMAW,NULL,1440015319092,0,Not yet rated,NULL,N/A
AUMAU,$9.9,1440015319123,"6,100",Not yet rated,NULL,N/A
ARDM,$7.37,1440015319145,"1,630",100% bullish,of 1 rating,$26
PETX,$17.65,1440015319178,"238,037",100% bearish,of 2 ratings,$26
ABUS,$7.788,1440015319384,"396,957",86% bullish,of 14 ratings,$23
ARCW,$3.71,1440015319437,"2,586",100% bearish,of 2 ratings,$10.50
ABIO,$0.92,1440015319502,"80,511",50% bullish,of 2 ratings,$3.75
ARCB,$31.33,1440015319536,"144,239",50% bullish,of 2 ratings,$39.50
ACGL,$73.41,1440015319669,"171,339",50% bullish,of 2 ratings,$72
ACAT,$28.74,1440015319704,"160,879",100% bearish,of 3 ratings,$33
RKDA,$5.79,1440015319746,"14,502",100% bearish,of 2 ratings,$10
ARNA,$3.02,1440015319903,"3,008,394",90% bullish,of 77 ratings,$5.50
AGIIL,$25.34,1440015319966,"3,842",Not yet rated,NULL,N/A
ARDX,$18.2,1440015319994,"70,162",50% bullish,of 2 ratings,$24.50
AGII,$59.18,1440015320029,"89,842",Not yet rated,NULL,$59.50
ARGS,$4.75,1440015320069,"14,160",50% bullish,of 2 ratings,$19.50
ARCC,$15.965,1440015320132,"647,857",67% bearish,of 3 ratings,$17.875
ARIS,$3.4,1440015320199,"5,046",Not yet rated,NULL,$4.50
ARIA,$7.2222,1440015320396,"1,775,344",87% bullish,of 46 ratings,$9
ARKR,$25.24,1440015320422,610,50% bullish,of 2 ratings,N/A
ARTX,$1.56,1440015320554,"186,626",88% bullish,of 16 ratings,$4.50
ARMH,$42.19,1440015320580,"702,570",54% bearish,of 13 ratings,$61
ARWA,NULL,1440015320752,0,Not yet rated,NULL,N/A
ARWAR,NULL,1440015320778,0,Not yet rated,NULL,N/A
ARQL,$1.68,1440015320804,"60,043",75% bullish,of 4 ratings,$5
ARWAW,NULL,1440015320940,0,Not yet rated,NULL,N/A
ARRS,$27.92,1440015321014,"1,177,341",50% bullish,of 2 ratings,$38
ARWAU,$10.2,1440015321048,"4,900",100% bullish,of 1 rating,N/A
AROW,$27.31,1440015321074,"10,001",Not yet rated,NULL,N/A
ARRY,$5.61,1440015321100,"557,169",100% bullish,of 7 ratings,$10
DWAT,$10.41,1440015321318,"1,690",100% bearish,of 1 rating,N/A
ARWR,$5.55,1440015321339,"632,656",75% bullish,of 4 ratings,$10.50
ARTNA,$22.33,1440015321492,"2,463",100% bearish,of 1 rating,$29
ASBB,$23.59,1440015321541,"1,700",Not yet rated,NULL,N/A
ARTW,$4.51,1440015321568,100,75% bearish,of 4 ratings,N/A
ASND,$17.88,1440015321699,"29,023",100% bullish,of 1 rating,$30
ASMI,$37.94,1440015321757,400,50% bullish,of 2 ratings,N/A
ASNA,$12.04,1440015321856,"1,998,175",50% bullish,of 2 ratings,$18
APWC,$1.99,1440015321886,500,100% bearish,of 1 rating,N/A
ASML,$90.92,1440015321986,"742,370",67% bullish,of 3 ratings,$127
ASTI,$0.1401,1440015322027,"1,180,285",83% bullish,of 6 ratings,$3
AZPN,$39.13,1440015322120,"847,537",50% bullish,of 2 ratings,$42
ASCMA,$28.2,1440015322158,"99,765",100% bearish,of 1 rating,$45
ASMB,$13.51,1440015322192,"70,001",67% bullish,of 3 ratings,N/A
ASTE,$37.39,1440015322288,"50,238",100% bearish,of 1 rating,$48
ASFI,$9.02,1440015322359,"3,575",100% bullish,of 1 rating,N/A
ALOT,$13.94,1440015322539,"2,032",100% bearish,of 1 rating,N/A
ATRO,$55.809,1440015322595,"110,271",100% bearish,of 2 ratings,$80
ASTC,$2.35,1440015322667,"19,358",100% bullish,of 5 ratings,N/A
ATRA,$47.9949,1440015322694,"82,050",50% bullish,of 2 ratings,$68
ASUR,$5.96,1440015322716,"10,550",Not yet rated,NULL,$8
ATAI,$2.92,1440015322749,"19,172",100% bearish,of 1 rating,N/A
ATHN,$138.96,1440015323077,"152,853",67% bearish,of 3 ratings,$153
ATHX,$1.2,1440015323318,"87,536",89% bullish,of 9 ratings,$5
AFCB,NULL,1440015323351,0,Not yet rated,NULL,N/A
AAME,$3.59,1440015323415,"4,026",Not yet rated,NULL,N/A
AAPC,$10.15,1440015323440,"253,400",Not yet rated,NULL,N/A
ATLC,$3.93,1440015323571,"4,716",67% bullish,of 3 ratings,N/A
ATNI,$74.34,1440015323624,"26,246",100% bearish,of 1 rating,$69.50
ACFC,$6.36,1440015323726,"30,032",Not yet rated,NULL,$6.50
ATOS,$0.92,1440015323917,"92,452",100% bullish,of 7 ratings,$7
AFH,$17.01,1440015323982,"48,475",Not yet rated,NULL,$21.50
ATML,$7.66,1440015324011,"3,489,376",78% bullish,of 9 ratings,$9.50
ATRC,$27.1583,1440015324090,"52,725",100% bullish,of 1 rating,$30
ATRI,$396.8255,1440015324143,915,Not yet rated,NULL,N/A
AAWW,$44.4515,1440015324195,"258,730",50% bullish,of 2 ratings,$65
ATTU,$15.02,1440015324221,"23,332",100% bearish,of 1 rating,$20.50
ATRM,NULL,1440015324277,0,50% bullish,of 2 ratings,N/A
LIFE,$14.62,1440015324410,"67,130",86% bullish,of 7 ratings,$43
AUDC,$3.31,1440015324651,"79,399",80% bullish,of 5 ratings,$5
AUBN,$27.19,1440015324722,200,Not yet rated,NULL,N/A
ADSK,$54.32,1440015324852,"761,296",83% bullish,of 6 ratings,$69.50
ADAT,$0.105,1440015324879,"9,696",100% bullish,of 2 ratings,N/A
ADP,$84.47,1440015325010,"1,224,599",100% bearish,of 1 rating,$88
AUPH,$3.41,1440015325036,"15,118",100% bearish,of 1 rating,$8
ABTL,$19.17,1440015325069,"35,190",100% bullish,of 4 ratings,$20.25
AVGO,$120.9002,1440015325102,"1,482,933",88% bullish,of 8 ratings,$160
EARS,$5,1440015325169,"38,804",100% bearish,of 2 ratings,$12
AAVL,$10.8659,1440015325203,"427,147",100% bearish,of 1 rating,$20
AVNU,$12.95,1440015325309,"2,454",Not yet rated,NULL,$14
AVEO,$1.523,1440015325487,"1,909,943",75% bullish,of 8 ratings,$3
AVNW,$1.13,1440015325549,"10,426",50% bullish,of 2 ratings,$2.20
AVID,$8.32,1440015325633,"216,454",100% bearish,of 1 rating,$20
AVGR,$15.41,1440015325705,"6,101",100% bearish,of 1 rating,$20
CAR,$45.85,1440015325778,"1,009,248",80% bullish,of 5 ratings,$60
AWRE,$3.24,1440015325834,"2,602",67% bullish,of 3 ratings,N/A
ACLS,$3.36,1440015325924,"790,041",67% bullish,of 6 ratings,$4.75
AXPW,$1.16,1440015325955,"98,649",83% bullish,of 6 ratings,N/A
AXPWW,NULL,1440015326057,0,Not yet rated,NULL,N/A
AXTI,$2.18,1440015326127,"30,661",50% bullish,of 2 ratings,$2.75
RILY,$10,1440015326254,290,Not yet rated,NULL,N/A
BCOM,$20,1440015326294,308,100% bearish,of 1 rating,N/A
AXGN,$3.9,1440015326355,"36,007",Not yet rated,NULL,$5
BEAV,$50.91,1440015326382,"487,264",67% bearish,of 3 ratings,$59
BOSC,$2.23,1440015326408,"1,910",50% bullish,of 2 ratings,N/A
BIDU,$162.89,1440015326451,"3,197,091",81% bullish,of 88 ratings,$215
BCPC,$60.51,1440015326621,"52,722",100% bearish,of 1 rating,$75
BLDP,$1.33,1440015326867,"148,222",91% bullish,of 22 ratings,$2.50
BANF,$62.91,1440015326921,"5,913",Not yet rated,NULL,$68
BOCH,$5.8,1440015326948,"14,900",Not yet rated,NULL,$6.50
BANFP,$27.2,1440015326983,100,Not yet rated,NULL,N/A
BWINB,$23.18,1440015327005,"4,089",Not yet rated,NULL,N/A
BWINA,$23.22,1440015327035,600,Not yet rated,NULL,N/A
BKMU,$7.26,1440015327092,"233,443",Not yet rated,NULL,$8
BMRC,$48.54,1440015327170,"2,370",Not yet rated,NULL,$52
BKSC,$16.135,1440015327300,300,Not yet rated,NULL,N/A
OZRK,$42.58,1440015327332,"236,844",67% bullish,of 3 ratings,$49.50
BFIN,$12.11,1440015327437,"12,628",Not yet rated,NULL,$13
BOTJ,$11.4,1440015327541,732,Not yet rated,NULL,N/A
BANR,$46.54,1440015327572,"33,911",100% bullish,of 3 ratings,$50
BZUN,$6.9,1440015327630,"926,911",50% bullish,of 2 ratings,$13.85
BWFG,NULL,1440015327678,0,100% bearish,of 1 rating,N/A
TAPR,$31.05,1440015327836,"1,871",100% bearish,of 1 rating,N/A
BHACR,NULL,1440015327865,0,Not yet rated,NULL,N/A
BHAC,NULL,1440015327931,0,Not yet rated,NULL,N/A
BHACW,NULL,1440015327997,0,Not yet rated,NULL,N/A
BHACU,NULL,1440015328027,0,Not yet rated,NULL,N/A
BBSI,$35.045,1440015328049,"82,981",67% bearish,of 3 ratings,$62.50
BYLK,$12.95,1440015328232,"5,546",Not yet rated,NULL,$14
BYBK,$5.05,1440015328261,20,100% bearish,of 1 rating,N/A
BSET,$31.2,1440015328322,"41,865",100% bearish,of 1 rating,$35
BV,$5.2485,1440015328394,"230,973",67% bullish,of 6 ratings,$9
BBCN,$15.4945,1440015328466,"134,098",100% bearish,of 1 rating,$16
BCBP,$11.65,1440015328526,"4,674",Not yet rated,NULL,N/A
BDCV,$5,1440015328731,"6,950",100% bearish,of 1 rating,$10.19
BEBE,$2.01,1440015328863,"91,160",75% bullish,of 4 ratings,$3.075
BSF,$8.97,1440015328924,"5,726",Not yet rated,NULL,N/A
BLPH,$5.65,1440015328955,"72,513",100% bearish,of 1 rating,$12.50
BBBY,$63.53,1440015328983,"841,481",71% bullish,of 7 ratings,$75
BECN,$35.94,1440015329017,"175,106",50% bullish,of 2 ratings,$40
BBGI,$4.85,1440015329055,"1,116",100% bearish,of 1 rating,N/A
BELFA,$16.91,1440015329127,"1,215",100% bearish,of 1 rating,N/A
BLCM,$18.45,1440015329199,"137,427",50% bullish,of 4 ratings,$40
BNCL,$12.96,1440015329343,"155,370",100% bullish,of 3 ratings,$12.50
BELFB,$19.71,1440015329417,"27,054",100% bearish,of 1 rating,N/A
BNFT,$38.5,1440015329525,"73,801",67% bullish,of 3 ratings,$46
BNTC,$8.16,1440015329593,"84,346",100% bullish,of 1 rating,N/A
BGMD,$0.8303,1440015329675,"154,381",100% bullish,of 10 ratings,N/A
BGCP,$9.441,1440015329726,"648,548",88% bullish,of 8 ratings,$14
BGFV,$11.21,1440015329780,"104,235",57% bullish,of 7 ratings,$12
BIND,$4.69,1440015329913,"52,375",67% bullish,of 3 ratings,$13.50
BCRX,$11.8007,1440015329939,"440,833",63% bullish,of 8 ratings,$18
ORPN,$5.61,1440015329967,"24,203",100% bullish,of 1 rating,$28.50
BCDA,NULL,1440015330106,0,Not yet rated,NULL,N/A
BASI,$1.3,1440015330155,"47,991",Not yet rated,NULL,N/A
BIOD,$0.68,1440015330210,"100,095",80% bullish,of 5 ratings,$4
BDSI,$6.58,1440015330239,"569,822",88% bullish,of 8 ratings,$17
BIOC,$2.15,1440015330295,"1,260,987",83% bullish,of 6 ratings,$3.70
BIIB,$315.82,1440015330399,"937,900",88% bullish,of 16 ratings,$400
BIOL,$1.54,1440015330582,"22,900",Not yet rated,NULL,N/A
BMRN,$135.7,1440015330688,"322,475",80% bullish,of 5 ratings,$160
BLFS,$2.05,1440015330724,"43,085",100% bearish,of 1 rating,$4.75
BLRX,$1.51,1440015330754,"95,021",100% bullish,of 12 ratings,$5
BVXV,$4.05,1440015330855,"1,400",Not yet rated,NULL,N/A
BRLI,$34.61,1440015330889,"172,878",83% bullish,of 6 ratings,N/A
BPTH,$1.16,1440015330924,"71,039",100% bullish,of 2 ratings,$5
BVXVW,NULL,1440015330986,0,100% bearish,of 1 rating,N/A
BIOS,$1.73,1440015331127,"1,030,196",71% bullish,of 7 ratings,$4
BBC,$32.16,1440015331154,"12,478",Not yet rated,NULL,N/A
BSTC,$51.75,1440015331287,"137,744",100% bearish,of 1 rating,$76
BSPM,$0.706,1440015331358,"16,750",50% bullish,of 2 ratings,N/A
TECH,$105.31,1440015331512,"103,241",100% bullish,of 1 rating,$117
BBP,$34.08,1440015331552,"28,706",Not yet rated,NULL,N/A
BITI,$19.24,1440015331586,"15,308",100% bullish,of 1 rating,$28
BEAT,$13.1,1440015331613,"361,619",67% bearish,of 3 ratings,$15
BOTA,$2.3,1440015331643,"26,908",88% bullish,of 8 ratings,N/A
BDMS,$12.76,1440015331691,300,100% bearish,of 1 rating,N/A
BBOX,$15.39,1440015331746,"37,155",100% bearish,of 1 rating,N/A
BJRI,$46.72,1440015331773,"112,249",50% bullish,of 2 ratings,$55
HAWK,$44.71,1440015332090,"224,910",90% bullish,of 10 ratings,$49
BLKB,$61.2,1440015332141,"151,397",100% bearish,of 2 ratings,$66
BBRY,$7.4719,1440015332171,"4,020,818",61% bullish,of 330 ratings,$9
BDE,$7.55,1440015332273,"83,849",50% bullish,of 2 ratings,$9
ADRA,$28.5,1440015332377,200,Not yet rated,NULL,N/A
ADRD,$23.26,1440015332403,"1,702",100% bearish,of 1 rating,N/A
BKCC,$9.3283,1440015332428,"224,144",100% bullish,of 2 ratings,$10
BLMN,$21.56,1440015332579,"797,804",83% bullish,of 6 ratings,$27.50
ADRE,$30.78,1440015332679,"49,681",Not yet rated,NULL,N/A
ADRU,$23.01,1440015332746,"1,276",100% bearish,of 1 rating,N/A
BUFF,$27.35,1440015332814,"382,773",83% bullish,of 12 ratings,$31.50
BBLU,$0.8654,1440015333116,"44,006",100% bullish,of 2 ratings,$4.43
NILE,$34.92,1440015333142,"63,779",50% bullish,of 2 ratings,$34
BHBK,$14.3,1440015333217,"23,003",100% bullish,of 1 rating,$14.50
BCOR,$13.5883,1440015333317,"121,919",57% bullish,of 7 ratings,$15
BKEP,$7.15,1440015333351,"22,494",100% bearish,of 1 rating,$8.50
BLBD,$12.75,1440015333377,"8,605",Not yet rated,NULL,N/A
BLUE,$127.01,1440015333448,"344,573",86% bullish,of 7 ratings,$217.50
BKEPP,$7.88,1440015333477,"5,600",100% bearish,of 1 rating,N/A
BPMC,$27.4077,1440015333542,"32,957",50% bullish,of 2 ratings,$47.50
BNCN,$21.77,1440015333646,"30,317",Not yet rated,NULL,$23
BOFI,$130.99,1440015333677,"118,064",100% bullish,of 6 ratings,$144
BOBE,$45.74,1440015333807,"60,006",75% bullish,of 4 ratings,$57
WIFI,$8.6666,1440015333837,"304,514",50% bullish,of 2 ratings,$13.50
BOKF,$64.82,1440015334009,"90,128",100% bearish,of 1 rating,$71
BONA,$12.11,1440015334036,"129,728",75% bullish,of 4 ratings,$8.50
BOJA,$21.62,1440015334094,"188,573",100% bullish,of 1 rating,$30
BNSO,$1.55,1440015334265,"49,037",100% bearish,of 1 rating,N/A
BAMM,$3.15,1440015334322,"32,685",60% bullish,of 5 ratings,N/A
EPAY,$26.36,1440015334347,"107,103",100% bearish,of 2 ratings,$30
BPFH,$12.38,1440015334373,"229,507",100% bearish,of 1 rating,$14
BPFHP,$25.62,1440015334399,"3,950",100% bearish,of 1 rating,N/A
BDBD,$8.662,1440015336741,"473,705",60% bullish,of 5 ratings,$10
BPFHW,$5.6,1440015336777,"1,410",100% bearish,of 1 rating,N/A
BCLI,$3.17,1440015336840,"82,835",80% bullish,of 5 ratings,$12
BBEPP,$13.71,1440015336913,"32,055",100% bearish,of 1 rating,N/A
BBRG,$12.99,1440015336941,"33,703",67% bullish,of 3 ratings,$14.50
BBEP,$2.36,1440015336963,"2,142,168",69% bullish,of 13 ratings,$5.625
BDGE,$27.71,1440015338043,"13,545",Not yet rated,NULL,$31.75
BLIN,$1.3301,1440015338193,"8,000",50% bullish,of 2 ratings,$2.20
BYFC,$1.45,1440015338221,"8,580",50% bullish,of 2 ratings,N/A
BCOV,$5.33,1440015338252,"36,919",67% bullish,of 3 ratings,$10.20
BSFT,$33.21,1440015338274,"76,564",57% bullish,of 7 ratings,$40.50
BVSN,$6.06,1440015338304,"14,902",60% bearish,of 5 ratings,N/A
BRID,$8.74,1440015338354,799,100% bearish,of 1 rating,N/A
BRCM,$51.04,1440015338499,"1,945,853",75% bullish,of 12 ratings,$56
BRKS,$10.5397,1440015338914,"117,272",67% bullish,of 3 ratings,$15.25
BRKL,$10.93,1440015339004,"325,372",100% bearish,of 1 rating,$10.75
BMTC,$29.8,1440015339043,"21,770",Not yet rated,NULL,$34
BSQR,$6.915,1440015339072,"42,535",67% bullish,of 3 ratings,N/A
BRCD,$10.0229,1440015339103,"2,756,582",92% bullish,of 13 ratings,$12.50
BLMT,$20.96,1440015339134,"5,396",Not yet rated,NULL,N/A
BWEN,$3.47,1440015339164,"47,128",100% bullish,of 3 ratings,$8
BRKR,$19.985,1440015339237,"352,884",100% bearish,of 2 ratings,$22
BLDR,$15.32,1440015339534,"1,287,558",50% bullish,of 2 ratings,$22
BWLD,$197.99,1440015339561,"291,136",82% bullish,of 11 ratings,$205
BUR,$1.98,1440015339602,"1,400",100% bearish,of 1 rating,$8
CFFI,$36.45,1440015339738,"5,406",100% bearish,of 1 rating,N/A
CDNS,$21.63,1440015339839,"1,463,200",75% bullish,of 4 ratings,$22.50
CCMP,$44.7,1440015339869,"50,069",50% bullish,of 2 ratings,$59
CHRW,$70.83,1440015339897,"1,192,566",Not yet rated,NULL,$72
CA,$29.3,1440015339973,"2,016,236",50% bullish,of 4 ratings,$33
CZR,$6.9887,1440015340110,"560,433",60% bearish,of 5 ratings,$10.50
CACQ,$7.16,1440015340218,"26,096",100% bearish,of 1 rating,$12.25
CDZI,$7.45,1440015340257,"62,244",100% bearish,of 1 rating,N/A
CSTE,$43.4666,1440015340324,"2,397,754",100% bearish,of 1 rating,$65
PRSS,$4.61,1440015340361,"6,900",80% bullish,of 5 ratings,$4.50
CLBS,$1.39,1440015340398,"122,747",79% bullish,of 14 ratings,$4
CLMS,$11.8,1440015340492,"62,453",Not yet rated,NULL,$10.50
CHY,$11.88,1440015340685,"200,915",Not yet rated,NULL,N/A
CCD,$20.8,1440015340780,"171,844",Not yet rated,NULL,N/A
CHI,$11.14,1440015340806,"178,948",100% bearish,of 1 rating,N/A
CFGE,NULL,1440015340935,0,Not yet rated,NULL,N/A
CGO,$12.55,1440015340980,"23,469",100% bearish,of 1 rating,N/A
CHW,$7.98,1440015341074,"151,198",100% bearish,of 1 rating,N/A
CVGW,$54.55,1440015341123,"85,096",50% bullish,of 2 ratings,$58.50
CFNB,$13.4,1440015341175,222,100% bearish,of 1 rating,N/A
CAMP,$16.23,1440015341200,"202,476",86% bullish,of 7 ratings,$25
CSQ,$10.44,1440015341232,"247,052",Not yet rated,NULL,N/A
CALA,$5.32,1440015341362,"264,270",100% bullish,of 3 ratings,$19.50
CALD,$16.0176,1440015341451,"88,123",100% bearish,of 1 rating,$20.50
CALM,$50.2,1440015341510,"429,208",80% bullish,of 5 ratings,$65
CLMT,$26.2,1440015341643,"217,094",75% bullish,of 8 ratings,$31
ABCD,$4.67,1440015341669,"142,885",83% bullish,of 6 ratings,N/A
CAMB,NULL,1440015341713,0,Not yet rated,NULL,N/A
CAC,$40.06,1440015341870,"6,560",Not yet rated,NULL,N/A
CAMBW,NULL,1440015341901,0,Not yet rated,NULL,N/A
CAMBU,NULL,1440015341929,0,100% bearish,of 1 rating,N/A
CSIQ,$20.0837,1440015341969,"9,592,304",86% bullish,of 28 ratings,$45
CAMT,$2.94,1440015341999,"23,745",73% bullish,of 11 ratings,$4
CBNJ,$10.91,1440015342126,"12,792",100% bullish,of 1 rating,N/A
CBF,$30.43,1440015342287,"41,600",Not yet rated,NULL,$32
CGIX,$10.14,1440015342315,"37,331",67% bullish,of 3 ratings,$14.375
CPLA,$48.75,1440015342346,"84,062",50% bullish,of 2 ratings,$65
CCBG,$15.01,1440015342482,"4,593",Not yet rated,NULL,$17.25
CPLP,$7.13,1440015342512,"273,305",71% bullish,of 7 ratings,$11
CPHC,NULL,1440015342614,0,100% bearish,of 1 rating,N/A
CFFN,$12.13,1440015342749,"247,866",Not yet rated,NULL,$12.75
CPTA,$14.78,1440015342790,"26,161",Not yet rated,NULL,$18.50
CSWC,$48.19,1440015342821,"10,288",Not yet rated,NULL,N/A
CAPNW,NULL,1440015342889,0,Not yet rated,NULL,N/A
CAPN,$2.39,1440015342923,"200,540",100% bullish,of 1 rating,$10.85
CAPR,$4.22,1440015342990,"14,604",Not yet rated,NULL,$12
CPST,$0.4,1440015343016,"601,150",95% bullish,of 22 ratings,$1
CARA,$21.45,1440015343154,"97,079",50% bullish,of 4 ratings,$27.50
CARB,$11.55,1440015343286,"53,421",75% bullish,of 4 ratings,$12
CBYL,$6.7,1440015343345,"36,952",100% bearish,of 1 rating,$20
CFNL,$23.17,1440015343478,"62,528",Not yet rated,NULL,$24
CRDC,$0.4,1440015343510,"32,001",100% bullish,of 1 rating,$1.25
CRME,$9.66,1440015343611,"17,301",89% bullish,of 9 ratings,$11.25
CATM,$35.01,1440015343676,"185,973",100% bearish,of 1 rating,$44
CDNA,$6.35,1440015343780,"1,600",100% bearish,of 1 rating,$9
CSII,$24.03,1440015343827,"110,130",100% bearish,of 2 ratings,$42.125
CLBH,$12.9,1440015343855,"11,777",Not yet rated,NULL,$16.50
CECO,$3.61,1440015343914,"407,202",67% bearish,of 3 ratings,$6
CARO,$15.685,1440015344018,"2,800",100% bearish,of 1 rating,$19
CTRE,$12.01,1440015344044,"235,356",50% bullish,of 2 ratings,N/A
CKEC,$23.2443,1440015344073,"73,053",50% bullish,of 2 ratings,$35.915
CART,$5.4501,1440015344209,900,100% bearish,of 1 rating,N/A
CRZO,$33.78,1440015344355,"479,116",67% bearish,of 3 ratings,$57
TAST,$12.82,1440015344427,"104,423",Not yet rated,NULL,$14.25
CRTN,NULL,1440015344511,0,100% bearish,of 1 rating,N/A
CACB,$5.52,1440015344559,"30,583",Not yet rated,NULL,$5.50
CASM,$1.11,1440015344584,"184,901",100% bullish,of 1 rating,$3.50
CARV,$6.02,1440015344642,"1,243",50% bullish,of 2 ratings,N/A
CWST,$6.42,1440015344750,"73,847",50% bullish,of 2 ratings,$7
CSCD,$14.18,1440015344894,"168,230",100% bullish,of 2 ratings,$17
CASY,$107.07,1440015345037,"253,905",50% bullish,of 2 ratings,$99.50
CASS,$49.87,1440015345062,"15,166",100% bearish,of 1 rating,N/A
CASI,$1.48,1440015345108,"4,035",100% bullish,of 1 rating,$3.50
CATYW,NULL,1440015345240,0,100% bearish,of 1 rating,N/A
CATY,$31.59,1440015345273,"277,829",100% bearish,of 1 rating,$33.50
CATB,$11.94,1440015345306,"42,140",100% bearish,of 1 rating,$28
CPRX,$3.85,1440015345373,"579,655",71% bullish,of 7 ratings,$7
CVCO,$74.2701,1440015345916,"14,404",100% bearish,of 1 rating,N/A
CAVM,$71.07,1440015346216,"229,432",67% bearish,of 3 ratings,$72
CBFV,$20.04,1440015346243,450,Not yet rated,NULL,N/A
CNLM,NULL,1440015346476,0,Not yet rated,NULL,N/A
CNLMR,NULL,1440015346730,0,Not yet rated,NULL,N/A
CNLMU,$10.31,1440015347306,900,100% bullish,of 1 rating,N/A
CDK,$49.32,1440015348181,"294,421",67% bearish,of 3 ratings,$50
CNLMW,NULL,1440015348830,0,Not yet rated,NULL,N/A
CBOE,$63.76,1440015348962,"289,526",Not yet rated,NULL,$60
CECE,$10.04,1440015349153,"61,739",50% bullish,of 2 ratings,$16
CDW,$39.45,1440015349237,"572,145",75% bullish,of 4 ratings,$44
CPXX,$2.17,1440015349454,"106,545",100% bullish,of 2 ratings,$7
CELGZ,$1.87,1440015349700,"22,169",80% bullish,of 5 ratings,N/A
CELG,$129.06,1440015349760,"2,137,147",92% bullish,of 13 ratings,$155.50
CLDX,$15.0814,1440015350173,"1,253,042",89% bullish,of 9 ratings,$36
CLDN,$1.06,1440015350202,"75,748",71% bullish,of 7 ratings,$3
CLSN,$2.1,1440015350335,"170,671",80% bullish,of 10 ratings,$7.50
CLRBW,$0.94,1440015350361,"2,400",Not yet rated,NULL,N/A
CLRB,$3.12,1440015350397,"3,053",100% bearish,of 1 rating,N/A
CLTX,$4.52,1440015350436,"10,487,721",100% bullish,of 2 ratings,N/A
CLLS,$32,1440015350533,"23,889",75% bullish,of 4 ratings,$51.50
CBMG,$22.8,1440015350563,"52,673",50% bullish,of 2 ratings,N/A
CEMP,$38.2782,1440015350724,"795,694",71% bullish,of 7 ratings,$48.50
CETX,$2.53,1440015350783,"6,100",Not yet rated,NULL,$5.60
CETV,$2.12,1440015350817,"98,221",67% bullish,of 3 ratings,$2.80
CSFL,$14.2,1440015350878,"65,798",Not yet rated,NULL,$15
CFBK,NULL,1440015350913,0,Not yet rated,NULL,N/A
CYAD,$54.98,1440015350957,"3,588",100% bullish,of 1 rating,$87.50
CENT,$12.08,1440015351061,"54,454",Not yet rated,NULL,$10
CENTA,$12.7475,1440015351204,"964,700",Not yet rated,NULL,N/A
CVCY,$11.2,1440015351497,"1,612",Not yet rated,NULL,$12
CNBKA,$41.19,1440015351523,714,100% bullish,of 1 rating,N/A
CNTY,$6.38,1440015351593,"11,872",80% bullish,of 5 ratings,$7.75
CERE,$1.32,1440015351662,"600,999",88% bullish,of 8 ratings,N/A
CPHD,$50.19,1440015351688,"181,590",50% bullish,of 2 ratings,$66.50
CENX,$5.055,1440015351733,"1,803,718",67% bullish,of 6 ratings,$9
CRNT,$1.5,1440015351820,"192,113",50% bullish,of 2 ratings,$2
CERU,$3.42,1440015351847,"12,111",75% bullish,of 4 ratings,$15
KOOL,$0.72,1440015351926,"5,185",100% bullish,of 5 ratings,$7
CERS,$5,1440015351991,"436,100",75% bullish,of 4 ratings,$7
CERN,$65,1440015352060,"1,799,258",67% bullish,of 3 ratings,$79
HOTR,$1.355,1440015352191,"399,856",100% bullish,of 2 ratings,$5
CEVA,$19.04,1440015352239,"40,695",100% bearish,of 1 rating,$25
HOTRW,$0.33,1440015352341,800,Not yet rated,NULL,N/A
CYOU,$19.98,1440015352407,"261,245",50% bullish,of 6 ratings,$24
CTHR,$1.32,1440015352433,"79,395",50% bullish,of 2 ratings,$2.50
CHTR,$188.2,1440015352621,"669,817",100% bearish,of 2 ratings,$196
GTLS,$23.9214,1440015352653,"191,048",50% bullish,of 4 ratings,$40
CHEK,$2.99,1440015352759,"3,409",Not yet rated,NULL,$7.75
CHFN,$12.41,1440015352818,"11,738",Not yet rated,NULL,$14
CHEKW,NULL,1440015352950,0,Not yet rated,NULL,N/A
CEMI,$4.46,1440015352977,"26,332",50% bullish,of 2 ratings,$7.50
CHFC,$32.61,1440015353045,"31,318",100% bearish,of 1 rating,$36
CHKP,$81.14,1440015353124,"358,960",50% bullish,of 4 ratings,$92
CCXI,$6.9,1440015353151,"40,827",67% bullish,of 3 ratings,$14
CHMG,$26.59,1440015353173,"6,262",Not yet rated,NULL,$30
CHKE,$26.59,1440015353320,"20,647",100% bearish,of 1 rating,$32.50
CHMA,$26.34,1440015353419,"116,885",Not yet rated,NULL,$40
CHEV,$14.74,1440015353446,"1,350",Not yet rated,NULL,N/A
CBNK,$16.5,1440015353517,400,100% bearish,of 1 rating,N/A
CMRX,$51.33,1440015353593,"115,526",50% bullish,of 2 ratings,$57
PLCE,$61.59,1440015353620,"162,332",100% bearish,of 1 rating,$71
CADC,NULL,1440015353641,0,78% bullish,of 9 ratings,N/A
CALI,$0.97,1440015353774,"17,446",67% bullish,of 3 ratings,N/A
CAAS,$6.8,1440015353834,"22,113",93% bullish,of 14 ratings,$11.50
CBAK,$2.2,1440015353925,"41,189",67% bullish,of 9 ratings,N/A
CBPO,$110.4692,1440015353992,"177,315",75% bullish,of 8 ratings,$140.50
CCCR,$0.809,1440015354085,"20,266",67% bearish,of 3 ratings,N/A
CCCL,$0.94,1440015354143,"14,038",100% bullish,of 6 ratings,N/A
JRJC,$4.42,1440015354290,"86,186",82% bullish,of 11 ratings,N/A
CHOP,$1.3,1440015354346,"10,304",50% bullish,of 2 ratings,N/A
CHLN,$2.23,1440015354448,"67,697",67% bullish,of 3 ratings,N/A
HGSH,$1.89,1440015354490,820,67% bullish,of 3 ratings,N/A
CHNR,$2.01,1440015354581,200,100% bearish,of 1 rating,N/A
CNIT,$1.66,1440015354611,"152,023",67% bullish,of 6 ratings,N/A
HTHT,$26.8005,1440015354633,"126,870",50% bullish,of 2 ratings,$28
CJJD,$2.05,1440015354665,"13,100",100% bullish,of 1 rating,N/A
CPGI,$6.81,1440015354827,100,Not yet rated,NULL,N/A
CREG,$0.78,1440015354926,"21,400",100% bullish,of 3 ratings,N/A
CNTF,$0.979,1440015355085,"85,823",Not yet rated,NULL,N/A
CSUN,$1.45,1440015355112,"20,746",80% bullish,of 5 ratings,N/A
CXDC,$6.35,1440015355142,"38,038",67% bullish,of 3 ratings,N/A
CCIH,$9.59,1440015355169,"37,772",67% bullish,of 6 ratings,$12.65
CNYD,$3.4,1440015355240,298,67% bullish,of 3 ratings,N/A
CHSCL,$27,1440015355344,"38,689",Not yet rated,NULL,N/A
IMOS,$15.41,1440015355617,"117,468",60% bullish,of 5 ratings,$21.50
CHSCO,$28.48,1440015355647,"4,082",Not yet rated,NULL,N/A
CHSCN,$27.26,1440015355685,"9,899",Not yet rated,NULL,N/A
CHDN,$136.71,1440015355753,"24,905",Not yet rated,NULL,$165
CHUY,$32.45,1440015355789,"56,882",50% bullish,of 2 ratings,$34
CHSCP,$30.6,1440015355812,"1,711",Not yet rated,NULL,N/A
CHSCM,$26.21,1440015355886,"30,262",Not yet rated,NULL,N/A
CNET,$0.85,1440015355957,"118,362",50% bullish,of 2 ratings,N/A
CDTX,$13.98,1440015356180,"46,060",Not yet rated,NULL,$22
CIFC,$7.12,1440015356239,"1,102",Not yet rated,NULL,N/A
CINF,$56.4941,1440015356313,"393,790",50% bullish,of 4 ratings,$50.50
CMPR,$70.751,1440015356343,"190,211",50% bullish,of 2 ratings,$72.50
CSCO,$27.86,1440015356449,"17,036,266",84% bullish,of 208 ratings,$32
CTAS,$87.64,1440015356523,"340,539",100% bearish,of 1 rating,$91
CIDM,$0.668,1440015356583,"356,354",50% bullish,of 2 ratings,$2.10
CRUS,$28.95,1440015356658,"708,654",75% bullish,of 12 ratings,$44.50
CPHR,$6.88,1440015356721,"19,742",100% bearish,of 1 rating,$16
CMCT,NULL,1440015356787,0,100% bearish,of 1 rating,N/A
CZNC,$20,1440015356817,"8,951",Not yet rated,NULL,N/A
CTRN,$28.1344,1440015356851,"299,155",100% bearish,of 1 rating,$29.50
CZWI,$9.1,1440015356955,335,Not yet rated,NULL,N/A
CZFC,$12.7501,1440015356993,500,Not yet rated,NULL,N/A
CIZN,$20.44,1440015357278,"3,190",Not yet rated,NULL,N/A
CTXS,$77.62,1440015357305,"559,975",86% bullish,of 7 ratings,$80
CHCO,$47.94,1440015357512,"23,074",Not yet rated,NULL,$46
CDTI,$1.65,1440015357614,"128,501",75% bullish,of 4 ratings,$3.20
CIVB,$10.285,1440015357642,"6,279",Not yet rated,NULL,$11
CIVBP,NULL,1440015357668,0,Not yet rated,NULL,N/A
CLNE,$4.26,1440015357877,"1,328,021",80% bullish,of 15 ratings,$9
CLNT,$1.999,1440015357909,"1,700",75% bullish,of 8 ratings,N/A
CLFD,$18.11,1440015357968,"86,902",67% bullish,of 3 ratings,$18
CLRO,$11.86,1440015358014,"6,510",50% bullish,of 2 ratings,$14.25
CBLI,$3.86,1440015358162,"23,355",60% bullish,of 5 ratings,N/A
CLIR,$5.38,1440015358200,"54,700",100% bullish,of 3 ratings,N/A
CSBK,$13.87,1440015358384,"26,373",Not yet rated,NULL,N/A
CME,$97.23,1440015358466,"1,197,644",67% bullish,of 3 ratings,$102
CLVS,$76.9042,1440015358524,"310,248",60% bullish,of 5 ratings,$101.50
CMFN,$11.35,1440015358553,"24,890",100% bearish,of 1 rating,$15.50
CNV,$4.6,1440015358599,"17,392",50% bullish,of 2 ratings,$7.15
CCNE,$17.38,1440015358683,"7,607",50% bullish,of 2 ratings,$21.50
CISG,$8.64,1440015358733,"192,592",100% bullish,of 5 ratings,$10
COKE,$161.25,1440015358885,"20,106",79% bullish,of 19 ratings,N/A
CWAY,$11.5,1440015358915,900,Not yet rated,NULL,N/A
COBZ,$13.21,1440015358972,"48,731",100% bullish,of 1 rating,$14
CDRB,$12.11,1440015359051,"5,059",67% bullish,of 3 ratings,N/A
CDXS,$4,1440015359082,"36,433",64% bullish,of 11 ratings,$6
CVLY,$20.55,1440015359109,"3,859",Not yet rated,NULL,N/A
JVA,$4.74,1440015359245,"19,453",83% bullish,of 6 ratings,$7
CGNT,$1.64,1440015359321,"62,644",100% bullish,of 2 ratings,$2
CCOI,$28.8386,1440015359390,"332,092",50% bullish,of 4 ratings,$35
COHR,$57.58,1440015359519,"68,893",50% bullish,of 2 ratings,$72
CGNX,$36.95,1440015359554,"307,172",50% bullish,of 2 ratings,$47
CTSH,$67.03,1440015359654,"1,609,249",90% bullish,of 10 ratings,$74.50
CHRS,$30.6948,1440015359680,"104,519",67% bearish,of 3 ratings,$37
COHU,$9.58,1440015359741,"199,026",100% bearish,of 1 rating,$14.25
CLRX,$0.48,1440015359811,"125,891",50% bullish,of 2 ratings,N/A
CLCT,$19.35,1440015359837,"13,467",100% bearish,of 1 rating,N/A
COLL,$14.97,1440015359966,"36,662",100% bearish,of 1 rating,$26
COLM,$65.84,1440015360480,"100,012",100% bearish,of 1 rating,$71
COLB,$33.01,1440015360513,"129,923",Not yet rated,NULL,$36
CLCD,$7.34,1440015360548,"13,994",100% bearish,of 1 rating,$20.50
CBAN,$8.95,1440015360613,390,Not yet rated,NULL,N/A
CMCO,$20.4,1440015360640,"35,501",60% bullish,of 5 ratings,$28
CIGI,$46.39,1440015360666,"12,745",100% bearish,of 1 rating,$52
CMCSA,$59.92,1440015360692,"9,846,903",66% bullish,of 35 ratings,$69.50
CBMX,$1.2,1440015360926,"16,397",83% bullish,of 6 ratings,$3.15
CMCSK,$60.5851,1440015360955,"2,998,100",Not yet rated,NULL,$84
CBSH,$46.9,1440015361086,"311,347",50% bullish,of 2 ratings,$46
CVGI,$4.65,1440015361189,"80,950",50% bullish,of 2 ratings,$6
CBSHP,$25.21,1440015361219,"13,592",100% bearish,of 1 rating,N/A
CSAL,$22.6312,1440015361251,"408,587",75% bullish,of 4 ratings,$30
CUBN,$13.66,1440015361272,"16,128",Not yet rated,NULL,N/A
COMM,$31.53,1440015361304,"634,273",67% bearish,of 3 ratings,$35
JCS,$9.52,1440015361574,"12,400",67% bullish,of 3 ratings,N/A
ESXB,$5.07,1440015361744,"14,924",Not yet rated,NULL,N/A
COB,$10.51,1440015361814,"7,030",100% bullish,of 1 rating,$11.75
CYHHZ,$0.012,1440015361845,"2,346",100% bullish,of 1 rating,N/A
CTBI,$35.04,1440015361877,"27,380",Not yet rated,NULL,$36
CVLT,$37.48,1440015361956,"243,585",75% bullish,of 4 ratings,$44.50
CWBC,$6.75,1440015361982,"3,968",Not yet rated,NULL,N/A
CIL,NULL,1440015362010,0,Not yet rated,NULL,N/A
CID,NULL,1440015362036,0,Not yet rated,NULL,N/A
CSF,$38.12,1440015362342,950,100% bearish,of 1 rating,N/A
CIZ,$34.83,1440015362370,433,100% bearish,of 1 rating,N/A
CDC,$36.55,1440015362396,"14,891",Not yet rated,NULL,N/A
CSA,NULL,1440015362430,0,Not yet rated,NULL,N/A
CFA,NULL,1440015362534,0,100% bearish,of 1 rating,N/A
CDL,NULL,1440015362559,0,Not yet rated,NULL,N/A
CFO,$37.58,1440015362609,"15,745",100% bearish,of 1 rating,N/A
CTG,$6.78,1440015362970,"15,792",100% bearish,of 1 rating,$8.50
CSB,NULL,1440015363029,0,Not yet rated,NULL,N/A
CPSI,$45.89,1440015363059,"46,364",100% bearish,of 1 rating,$45.50
CGEN,$5.61,1440015363102,"101,082",50% bullish,of 2 ratings,$11
SCOR,$63.45,1440015363162,"161,382",100% bearish,of 1 rating,$66
CNSI,$19.18,1440015363295,"98,849",100% bearish,of 2 ratings,$29
CHCI,$0.58,1440015363339,"18,115",50% bullish,of 2 ratings,N/A
CNAT,$4.35,1440015363378,"76,729",83% bullish,of 6 ratings,$13
CNCE,$16.18,1440015363732,"130,314",75% bullish,of 4 ratings,$22
CMTL,$27.28,1440015363767,"22,964",100% bearish,of 2 ratings,$37
CCUR,$5.2,1440015363833,"8,781",75% bullish,of 4 ratings,N/A
CDOR,$1.4,1440015363872,"9,131",100% bullish,of 1 rating,N/A
CFMS,$22.55,1440015363900,"171,551",Not yet rated,NULL,$27
CXRX,$79.04,1440015363926,"3,490",Not yet rated,NULL,$90
CDORO,$18.34,1440015363957,"1,612",100% bearish,of 1 rating,N/A
CDORP,$6.75,1440015364058,"4,600",100% bearish,of 1 rating,N/A
CTWS,$34.92,1440015364575,"9,237",100% bearish,of 1 rating,$44
CNOB,$20.27,1440015364606,"33,859",100% bullish,of 1 rating,$23.50
CONN,$32.8351,1440015364638,"195,137",67% bullish,of 3 ratings,$48.50
CNMD,$56.78,1440015364659,"47,040",Not yet rated,NULL,$59
CNFR,$10.47,1440015364690,"72,758",Not yet rated,NULL,N/A
CWCO,$11.61,1440015364737,"36,594",67% bullish,of 3 ratings,$14.50
CNXR,$6.37,1440015364826,"28,752",100% bearish,of 1 rating,$12
CNSL,$20.17,1440015364872,"95,312",100% bearish,of 1 rating,$23
CPSS,$5.6999,1440015365113,"27,140",100% bullish,of 1 rating,$10
CFRX,$5.04,1440015365145,"57,019",Not yet rated,NULL,$14
CTCT,$24.2,1440015365178,"214,439",67% bullish,of 3 ratings,$37
CFRXZ,$0.7,1440015365246,"16,502",Not yet rated,NULL,N/A
CFRXW,$2.185,1440015365277,"1,118",100% bearish,of 1 rating,N/A
CTRL,$8.09,1440015365330,"72,496",50% bullish,of 2 ratings,$11
CTRV,$4.26,1440015365380,"7,346",Not yet rated,NULL,$6.40
CPRT,$36.11,1440015365482,"138,773",67% bearish,of 3 ratings,$40
CORT,$5.1,1440015365545,"225,292",67% bullish,of 3 ratings,$12
CRBP,$2.41,1440015365571,"21,314,134",100% bullish,of 2 ratings,$6.25
CORI,$11.35,1440015365908,"26,633",100% bearish,of 1 rating,$18
CORE,$63.43,1440015365945,"55,681",100% bearish,of 1 rating,$72
BVA,$3.7601,1440015365975,500,50% bullish,of 2 ratings,N/A
CSOD,$37.8394,1440015366077,"176,887",50% bullish,of 2 ratings,$42
CRVL,$32.76,1440015366150,"9,938",100% bearish,of 1 rating,N/A
CPAH,$0.46,1440015366181,"2,125",50% bullish,of 2 ratings,N/A
COST,$145.17,1440015366241,"949,264",83% bullish,of 24 ratings,$154.50
COSI,$1.14,1440015366285,"108,235",100% bullish,of 1 rating,N/A
CSGP,$192.14,1440015366311,"90,658",50% bullish,of 2 ratings,$235
ICBK,$18.43,1440015366457,2,Not yet rated,NULL,$21
COWN,$5.4205,1440015366491,"479,539",75% bullish,of 4 ratings,$7
COWNL,$27.22,1440015366591,"4,528",Not yet rated,NULL,N/A
CVTI,$24.74,1440015366619,"167,111",67% bearish,of 3 ratings,$39
COVS,$2.75,1440015366659,"42,934",67% bullish,of 3 ratings,N/A
CPSH,$2.4001,1440015366756,"3,000",Not yet rated,NULL,N/A
CRAI,$22.9,1440015366786,"30,600",Not yet rated,NULL,$36
CBRL,$150.31,1440015367013,"92,680",50% bullish,of 2 ratings,$155
CRAY,$22.2401,1440015367116,"111,601",83% bullish,of 6 ratings,$38.50
CACC,$193.95,1440015367255,"104,099",50% bullish,of 2 ratings,$158.50
SLVO,$10.3,1440015367282,"3,496",100% bearish,of 1 rating,N/A
CRTO,$47.34,1440015367313,"190,258",67% bullish,of 6 ratings,$64
GLDI,$11.06,1440015367335,"54,680",100% bearish,of 1 rating,N/A
BREW,$7.97,1440015367394,"38,777",67% bullish,of 6 ratings,$15
CRESY,$11.35,1440015367464,"6,878",100% bearish,of 1 rating,$19
CROX,$14.722,1440015367536,"599,546",63% bullish,of 8 ratings,$16.50
CREE,$27.1,1440015367565,"813,476",65% bullish,of 17 ratings,$28.50
CCRN,$15.17,1440015367747,"297,679",100% bearish,of 1 rating,$14.25
CRDS,$1.2,1440015367982,"250,215",50% bullish,of 4 ratings,$4.50
CRWS,$8.1,1440015368065,"1,050",Not yet rated,NULL,$10
CYRX,$3.06,1440015368122,"27,180",Not yet rated,NULL,$9
CRWN,$4.72,1440015368148,"84,663",75% bullish,of 4 ratings,N/A
CSGS,$31.84,1440015368175,"54,648",Not yet rated,NULL,$40
CYRXW,$1,1440015368221,"6,990",Not yet rated,NULL,N/A
CSPI,$6.25,1440015368327,"3,204",67% bullish,of 3 ratings,N/A
CCLP,$15.0917,1440015368403,"113,031",67% bearish,of 3 ratings,$21
CTIC,$1.7,1440015368622,"967,186",84% bullish,of 76 ratings,$5.75
CTRP,$68.15,1440015368756,"966,823",75% bullish,of 8 ratings,$92
CPIX,$5.87,1440015368785,"9,991",Not yet rated,NULL,N/A
CTIB,$3.54,1440015368817,"1,639",100% bearish,of 1 rating,N/A
CUNB,$22.36,1440015368840,"6,904",Not yet rated,NULL,$24.50
CUI,$5.41,1440015368870,"28,494",50% bullish,of 2 ratings,$10
CTCM,$1.75,1440015368892,"162,351",80% bearish,of 5 ratings,$3.90
CMLS,$1.26,1440015369098,"466,782",50% bullish,of 4 ratings,$6
CRIS,$2.67,1440015369242,"182,802",100% bullish,of 8 ratings,$6
CVBF,$17.23,1440015369267,"210,081",Not yet rated,NULL,$18
CYAN,$7.63,1440015369410,"4,800",100% bearish,of 1 rating,N/A
CVV,$12.27,1440015369440,"15,505",100% bullish,of 5 ratings,N/A
CUTR,$14.74,1440015369474,"16,656",67% bearish,of 3 ratings,$18
CYBE,$5.81,1440015369571,"9,713",100% bearish,of 1 rating,N/A
CYBR,$61.18,1440015369599,"1,289,282",86% bullish,of 7 ratings,$66
CYBX,$60.41,1440015369733,"233,440",50% bullish,of 4 ratings,$70
CYCCP,NULL,1440015369822,0,100% bearish,of 1 rating,N/A
CBAY,$2.75,1440015369952,"54,636",100% bullish,of 1 rating,$4
CYNA,$16.265,1440015369981,"14,901",100% bullish,of 1 rating,$33
CYCC,$0.61,1440015370009,"83,986",73% bullish,of 11 ratings,N/A
CYNO,$33.92,1440015370142,"80,206",67% bearish,of 3 ratings,$45.50
CYRN,$1.71,1440015370174,"123,343",67% bullish,of 3 ratings,$4
CY,$9.76,1440015370197,"5,570,084",80% bullish,of 10 ratings,$15.50
CONE,$34.36,1440015370328,"428,583",67% bearish,of 3 ratings,$35
CYTX,$0.419,1440015370417,"468,206",83% bullish,of 12 ratings,$5.50
CYTK,$6.5,1440015370443,"134,122",71% bullish,of 14 ratings,$13.50
CTSO,$7.6,1440015370573,"34,649",Not yet rated,NULL,$15.625
DAEG,$0.33,1440015370668,"5,900",100% bearish,of 1 rating,N/A
CYTR,$2.28,1440015370734,"318,326",67% bullish,of 6 ratings,$10
TVIX,$5.96,1440015370764,"5,859,102",81% bullish,of 16 ratings,N/A
TVIZ,$13.03,1440015370934,"10,571",100% bearish,of 1 rating,N/A
ZIV,$49.56,1440015371009,"21,650",Not yet rated,NULL,N/A
DJCO,$202.95,1440015371112,342,Not yet rated,NULL,N/A
DAKT,$11.7182,1440015371168,"71,467",50% bullish,of 2 ratings,$14
DARA,$0.92,1440015371210,"132,465",83% bullish,of 6 ratings,$1.50
XIV,$46.27,1440015371256,"13,427,698",75% bearish,of 4 ratings,N/A
DAIO,$2.66,1440015371313,786,Not yet rated,NULL,N/A
DRAM,$1.44,1440015371476,"16,069",78% bullish,of 9 ratings,N/A
DTLK,$5.42,1440015371508,"203,782",100% bearish,of 1 rating,$9
DWSN,$4.66,1440015371608,"81,167",67% bullish,of 3 ratings,$6
DWCH,$5.49,1440015371639,"82,355",75% bullish,of 4 ratings,$8.25
PLAY,$35.2197,1440015371770,"277,535",100% bullish,of 5 ratings,$42
DTEA,$12.47,1440015371796,"45,079",100% bearish,of 2 ratings,$24
DBVT,$42.7173,1440015371858,"63,424",100% bearish,of 1 rating,$53
TRAK,$62.39,1440015371930,"351,693",50% bullish,of 2 ratings,$62.50
DHRM,$1.81,1440015372008,"1,240",Not yet rated,NULL,N/A
TACO,$13.15,1440015372207,"265,477",100% bullish,of 3 ratings,$20
DFRG,$15.1498,1440015372237,"78,280",100% bearish,of 1 rating,$20
TACOW,$4.3,1440015372264,"78,688",100% bullish,of 1 rating,N/A
DCTH,$0.4939,1440015372340,"231,523",78% bullish,of 9 ratings,N/A
DGAS,$20.24,1440015372407,"1,990",67% bearish,of 3 ratings,N/A
DELTW,NULL,1440015372433,0,Not yet rated,NULL,N/A
DELT,$2.78,1440015372501,200,Not yet rated,NULL,N/A
XRAY,$56.75,1440015372636,"303,996",100% bullish,of 1 rating,$58
DEPO,$31.59,1440015372779,"366,194",80% bullish,of 5 ratings,$32
DENN,$12.4317,1440015372806,"268,057",100% bullish,of 3 ratings,$15
DSCI,$6.48,1440015372832,"35,388",50% bullish,of 2 ratings,$16
DEST,$11.96,1440015372961,"39,447",50% bullish,of 2 ratings,N/A
DERM,$23.96,1440015372987,"354,215",100% bearish,of 1 rating,$33
DXLG,$4.79,1440015373059,"41,308",100% bearish,of 1 rating,$8
DSWL,$1.76,1440015373217,200,100% bullish,of 1 rating,N/A
DXM,$0.3099,1440015373248,"61,493",50% bullish,of 2 ratings,N/A
DHXM,$7.57,1440015373347,"2,700",Not yet rated,NULL,N/A
DHIL,$192.24,1440015373422,"1,421",Not yet rated,NULL,N/A
DXCM,$95.5,1440015373478,"409,103",57% bullish,of 7 ratings,$98
DMND,$31.13,1440015373529,"82,361",75% bullish,of 12 ratings,$32
DCIX,$1.82,1440015373665,"43,926",50% bullish,of 4 ratings,$3.50
DRNA,$10.64,1440015373706,"81,329",67% bearish,of 3 ratings,$25
FANG,$71.8836,1440015373758,"607,146",50% bullish,of 2 ratings,$86
DGII,$10.06,1440015373784,"39,619",100% bearish,of 1 rating,$10
DMRC,$37.05,1440015373838,"70,677",100% bearish,of 1 rating,$44
DGLY,$7.36,1440015373970,"56,907",50% bullish,of 6 ratings,$20
DRAD,$4.01,1440015374000,"6,686",100% bullish,of 1 rating,$5.25
APPS,$2.38,1440015374213,"153,312",100% bearish,of 1 rating,$10.25
DIOD,$19.7,1440015374243,"180,855",75% bearish,of 4 ratings,$24
DCOM,$17.11,1440015374270,"75,123",100% bearish,of 2 ratings,$16.50
DPRX,$12.71,1440015374353,"6,000",100% bullish,of 2 ratings,$27.75
DISCB,NULL,1440015374605,0,100% bearish,of 1 rating,$35
DISH,$66.09,1440015374668,"404,035",69% bullish,of 13 ratings,$73
DSCO,$0.464,1440015374702,"77,147",83% bullish,of 6 ratings,$2.75
DISCA,$28.78,1440015374725,"1,105,803",67% bullish,of 3 ratings,$34
DISCK,$27.6,1440015374804,"1,380,410",100% bearish,of 1 rating,$40
DVCR,$11.99,1440015374863,"2,532",100% bullish,of 1 rating,N/A
BAGR,$3.01,1440015375007,"12,097",100% bearish,of 1 rating,$6
DNBF,$27.12,1440015375255,"14,890",Not yet rated,NULL,$27.50
DLHC,$2.74,1440015375317,"4,684",100% bearish,of 1 rating,N/A
DLTR,$80.2663,1440015375398,"2,042,823",82% bullish,of 11 ratings,$88
DGICA,$14.48,1440015375424,"5,213",100% bearish,of 1 rating,$17
DGICB,$17.92,1440015375450,3,100% bearish,of 1 rating,N/A
DORM,$51.05,1440015375627,"89,593",100% bearish,of 1 rating,$56
DMLP,$14,1440015375685,"41,540",100% bearish,of 1 rating,N/A
HILL,$9.6863,1440015375770,"24,301,603",60% bearish,of 5 ratings,$8
DRWIW,$0.0471,1440015376027,"11,300",Not yet rated,NULL,N/A
DWA,$19.2,1440015376059,"269,840",63% bullish,of 8 ratings,$26
DRYS,$0.345,1440015376098,"2,041,670",77% bullish,of 31 ratings,$.60
DSKX,$3.33,1440015376130,"150,139",100% bullish,of 1 rating,N/A
DRWI,$0.2701,1440015376159,"145,136",60% bullish,of 5 ratings,$.45
CADT,$10.02,1440015376228,151,Not yet rated,NULL,N/A
DSPG,$8.79,1440015376311,"27,414",100% bearish,of 1 rating,$13.50
CADTW,NULL,1440015376530,0,Not yet rated,NULL,N/A
CADTR,NULL,1440015376559,0,Not yet rated,NULL,N/A
CADTU,NULL,1440015376657,0,Not yet rated,NULL,N/A
DNKN,$51.05,1440015376719,"1,585,847",67% bullish,of 15 ratings,$56.50
DXPE,$29.1062,1440015376790,"54,292",50% bullish,of 2 ratings,N/A
DTSI,$27.21,1440015376851,"36,998",100% bearish,of 2 ratings,$39.50
DYAX,$23.0459,1440015376925,"347,583",89% bullish,of 9 ratings,$30
DRRX,$2.06,1440015376955,"152,104",50% bullish,of 6 ratings,$3
BOOM,$10.25,1440015376984,"62,242",67% bullish,of 3 ratings,$12
DYSL,$1.5,1440015377056,"11,230",100% bullish,of 2 ratings,N/A
DYNT,$3.01,1440015377186,"4,600",75% bullish,of 4 ratings,N/A
ETFC,$27.49,1440015377261,"1,650,466",57% bullish,of 14 ratings,$33
EBMT,$11.53,1440015377326,18,Not yet rated,NULL,$13.50
DVAX,$29.11,1440015377352,"195,852",70% bullish,of 10 ratings,$40
EGBN,$44.4748,1440015377424,"35,278",Not yet rated,NULL,$48
EGLE,$6.94,1440015377486,"19,369",60% bullish,of 5 ratings,N/A
EGRX,$69.09,1440015377787,"206,308",67% bullish,of 3 ratings,$97
EROC,$1.2,1440015377854,"783,311",50% bullish,of 2 ratings,$3
EBAY,$27.43,1440015377951,"5,994,871",81% bullish,of 117 ratings,$48
EML,$16.99,1440015377980,"2,288",Not yet rated,NULL,N/A
ELNK,$9.05,1440015378011,"492,241",80% bullish,of 5 ratings,$9.50
EWBC,$44.25,1440015378049,"732,071",100% bearish,of 1 rating,$50
EACQU,$10.19,1440015378117,"2,500",Not yet rated,NULL,N/A
EVBS,$6.45,1440015378193,"5,413",Not yet rated,NULL,$7
EBIX,$30.03,1440015378320,"166,651",69% bullish,of 13 ratings,$40
ELON,$0.57,1440015378390,"13,980",50% bullish,of 2 ratings,N/A
ECHO,$25.68,1440015378415,"172,988",67% bearish,of 3 ratings,$35.50
ECTE,$1.51,1440015378549,"6,559",75% bullish,of 4 ratings,N/A
EEI,$11.28,1440015378575,"1,659",67% bearish,of 3 ratings,N/A
SATS,$46.43,1440015378710,"95,965",50% bullish,of 2 ratings,$60
ECACU,NULL,1440015378738,0,Not yet rated,NULL,N/A
EDGW,$7.15,1440015378799,902,100% bearish,of 1 rating,N/A
ESES,$3.44,1440015378821,"10,374",100% bearish,of 1 rating,$7
EDAP,$3.5,1440015378906,"10,150",60% bullish,of 5 ratings,$4.50
EFUT,$4.3,1440015378968,"6,665",Not yet rated,NULL,N/A
EDUC,$4.68,1440015379007,400,100% bearish,of 1 rating,N/A
EGAN,$3.61,1440015379113,"119,928",50% bullish,of 2 ratings,$6.25
EGLT,$11.76,1440015379276,"66,156",50% bullish,of 2 ratings,$21
EHTH,$14.56,1440015379307,"82,991",50% bullish,of 4 ratings,$16.50
LOCO,$13.3279,1440015379406,"1,539,161",69% bullish,of 13 ratings,$20
ESLT,$81.49,1440015379433,"6,761",100% bullish,of 2 ratings,N/A
ERI,$9.7,1440015379563,"69,853",100% bearish,of 1 rating,$10
EMITF,$1.28,1440015379590,"23,736",75% bullish,of 4 ratings,N/A
ELRC,$10.25,1440015379644,"13,928",100% bearish,of 1 rating,N/A
EA,$71.9008,1440015379731,"1,695,150",77% bullish,of 35 ratings,$80
ESIO,$4.63,1440015379865,"31,249",50% bullish,of 2 ratings,$10
ELSE,$4.02,1440015379893,"3,565",60% bullish,of 5 ratings,N/A
EFII,$45.01,1440015379920,"124,615",80% bullish,of 5 ratings,$55
ELEC,NULL,1440015380174,0,Not yet rated,NULL,N/A
ELECU,$10.08,1440015380211,"1,400",Not yet rated,NULL,N/A
ELECW,NULL,1440015380236,0,Not yet rated,NULL,N/A
EBIO,$3.61,1440015380265,"645,994",100% bearish,of 2 ratings,$8.35
CAPX,NULL,1440015380416,0,Not yet rated,NULL,N/A
LONG,$17.01,1440015380443,"22,134",67% bullish,of 3 ratings,$15.75
RDEN,$10.67,1440015380469,"102,648",100% bearish,of 4 ratings,$15
ELTK,$1.1,1440015380713,"13,568",67% bearish,of 3 ratings,N/A
ESBK,$19.608,1440015380741,279,Not yet rated,NULL,N/A
EMKR,$7.19,1440015380776,"90,292",75% bullish,of 4 ratings,$8.50
EMCF,$23.9499,1440015380797,600,100% bearish,of 1 rating,N/A
EMCI,$23.66,1440015380819,"17,378",Not yet rated,NULL,N/A
EMMSP,NULL,1440015380965,0,100% bearish,of 1 rating,N/A
EMMS,$1.315,1440015381013,"58,318",67% bullish,of 6 ratings,N/A
NYNY,$4.06,1440015381147,"48,398",50% bullish,of 2 ratings,N/A
ERS,$2.83,1440015381177,"4,150",Not yet rated,NULL,N/A
ENTA,$40.33,1440015381279,"74,621",50% bullish,of 2 ratings,$42
EIGI,$15.8785,1440015381491,"504,713",67% bearish,of 3 ratings,$20
WIRE,$33.37,1440015381528,"65,648",100% bearish,of 1 rating,$37
ECPG,$39.64,1440015381549,"119,364",100% bullish,of 2 ratings,$52
ELGX,$13.0282,1440015381586,"443,015",75% bullish,of 4 ratings,$17
ENDP,$84.32,1440015381607,"682,489",50% bullish,of 6 ratings,$104
EFOI,$16.73,1440015381643,"1,074,293",50% bullish,of 2 ratings,$17
ECYT,$5.2483,1440015381665,"102,839",83% bullish,of 6 ratings,$12
WATT,$7.02,1440015381819,"59,785",50% bullish,of 2 ratings,$13
EXXI,$1.65,1440015381989,"709,047",86% bullish,of 7 ratings,$3.50
ERII,$2.9,1440015382016,"77,467",80% bullish,of 5 ratings,$2.50
ENOC,$8.371,1440015382043,"185,762",75% bullish,of 4 ratings,$18
ENPH,$4.97,1440015382171,"292,063",75% bullish,of 4 ratings,$11
ENFC,$18.28,1440015382250,"2,795",Not yet rated,NULL,N/A
ENG,$1.01,1440015382276,"6,582",100% bullish,of 3 ratings,N/A
ENTG,$14.3853,1440015382490,"353,933",100% bearish,of 1 rating,$18
ESGR,$153.84,1440015382523,"14,075",100% bearish,of 1 rating,$185
EBTC,$20.41,1440015382566,"2,252",Not yet rated,NULL,N/A
ETRM,$0.2512,1440015382596,"560,998",69% bearish,of 35 ratings,$1.625
ENTL,$22.55,1440015382618,"14,760",Not yet rated,NULL,$28
EFSC,$24.84,1440015383244,"22,056",Not yet rated,NULL,$27
ENVI,$1.75,1440015383287,"3,124",67% bullish,of 3 ratings,N/A
ENZY,$9,1440015383314,"18,051",67% bullish,of 3 ratings,$9.50
ENZN,$1.11,1440015383340,"502,803",100% bullish,of 9 ratings,N/A
EPIQ,$14.1,1440015383395,"36,470",100% bearish,of 1 rating,$18
EPRS,$4.96,1440015383473,"80,082",82% bullish,of 11 ratings,$15
EGT,$2.21,1440015383535,"1,010",100% bullish,of 1 rating,N/A
EPZM,$17.1483,1440015383607,"191,474",60% bullish,of 5 ratings,$34
PLUS,$76.2854,1440015383694,"36,186",50% bullish,of 2 ratings,$88
EQFN,NULL,1440015383795,0,Not yet rated,NULL,N/A
EQIX,$285.59,1440015383825,"232,939",67% bullish,of 3 ratings,$312.50
EAC,$3.66,1440015383858,"13,490",100% bearish,of 1 rating,$8
ERIC,$10.15,1440015383926,"1,436,549",63% bullish,of 8 ratings,$13.30
ESCA,$18.36,1440015384176,"14,241",100% bearish,of 1 rating,$22
ESCR,$0.19,1440015384242,"46,848",50% bullish,of 2 ratings,N/A
ERIE,$87.61,1440015384306,"11,785",Not yet rated,NULL,$73
ESCRP,$1.67,1440015384374,"2,200",100% bearish,of 1 rating,N/A
ESMC,$1.32,1440015384403,500,Not yet rated,NULL,N/A
ESPR,$57.5,1440015384467,"2,301,171",67% bearish,of 9 ratings,$130
ETSY,$14.98,1440015384613,"463,727",80% bullish,of 5 ratings,$16
EPIX,NULL,1440015384652,0,Not yet rated,NULL,N/A
CLWT,$2.5,1440015384807,818,100% bearish,of 1 rating,N/A
ESSA,$12.96,1440015384884,"10,317",100% bearish,of 1 rating,N/A
EVEP,$8.04,1440015384937,"301,899",50% bullish,of 2 ratings,$15
ESND,$36.21,1440015384965,"148,629",100% bearish,of 1 rating,$40
EEFT,$68.4903,1440015384997,"166,653",100% bearish,of 1 rating,$67.50
ESSX,$0.5,1440015385029,"94,385",50% bullish,of 2 ratings,N/A
ESEA,$6.12,1440015385130,350,100% bullish,of 1 rating,$15
EVK,$4.01,1440015385159,"1,460",75% bearish,of 4 ratings,N/A
EVLV,$2.24,1440015385501,"112,730",60% bullish,of 5 ratings,$6.50
EXA,$10.71,1440015385534,"33,936",100% bearish,of 1 rating,$13
EVOL,$6.3,1440015385670,"12,968",75% bullish,of 4 ratings,$10
EXAC,$18.64,1440015385702,"16,900",100% bearish,of 1 rating,$22.50
EVOK,$4.16,1440015385723,"271,865",100% bearish,of 1 rating,$13.75
EXPE,$123.14,1440015385745,"449,996",64% bullish,of 11 ratings,$130
EXAS,$22.6534,1440015385784,"645,209",78% bullish,of 9 ratings,$31
EXEL,$5.6608,1440015385805,"2,111,578",81% bullish,of 16 ratings,$6
EXFO,$2.88,1440015386096,"4,569",67% bearish,of 3 ratings,$3.95
ESRX,$89.79,1440015386123,"2,673,969",67% bearish,of 6 ratings,$101
EXPO,$43.39,1440015386149,"38,549",100% bearish,of 1 rating,$45.50
EXPD,$49.79,1440015386180,"1,506,845",80% bullish,of 5 ratings,$50.50
EXLP,$20.3391,1440015386282,"47,107",100% bearish,of 1 rating,$27
EXLS,$37.08,1440015386354,"88,678",100% bullish,of 1 rating,$41
EXTR,$2.94,1440015386559,"446,293",80% bullish,of 5 ratings,$3
EZPW,$5.9784,1440015386686,"334,120",50% bullish,of 4 ratings,$7.50
EYEG,$4.195,1440015386712,"41,695",Not yet rated,NULL,N/A
EYEGW,$1.2,1440015386738,"2,267",Not yet rated,NULL,N/A
FFIV,$132.75,1440015386789,"362,254",71% bullish,of 7 ratings,$132
EZCH,$21.79,1440015386920,"100,513",75% bullish,of 8 ratings,$19.50
FB,$95.24,1440015386946,"14,580,705",73% bullish,of 1065 ratings,$111
FCS,$13.95,1440015387084,"481,903",67% bearish,of 3 ratings,$17
FWM,$2.2,1440015387134,"141,089",100% bearish,of 2 ratings,$3.20
FALC,$1.67,1440015387184,"20,512",63% bearish,of 8 ratings,N/A
FRP,$17.44,1440015387267,"28,712",100% bearish,of 1 rating,$18
DAVE,$14.09,1440015387297,"27,777",100% bearish,of 1 rating,$15.50
FFKT,$26.88,1440015387395,"6,950",Not yet rated,NULL,$29
FARM,$22.41,1440015387493,"12,231",100% bearish,of 1 rating,$35
FAST,$40.34,1440015387654,"917,148",80% bullish,of 5 ratings,$46
FMNB,$8.1,1440015387684,"16,171",Not yet rated,NULL,N/A
FARO,$40.02,1440015387715,"45,726",50% bullish,of 2 ratings,$48
FBSS,$15.45,1440015387746,300,Not yet rated,NULL,N/A
FATE,$6.91,1440015387814,"73,821",50% bullish,of 2 ratings,$11
FBRC,$22.78,1440015387840,"25,673",100% bearish,of 1 rating,$29
FDML,$9.36,1440015387888,"216,227",50% bullish,of 4 ratings,$14
FNHC,$23.3372,1440015387985,"98,711",100% bearish,of 1 rating,$35
FHCO,$1.42,1440015388129,"33,669",50% bullish,of 4 ratings,N/A
FEIC,$81.04,1440015388154,"196,667",50% bullish,of 2 ratings,$95.50
FENX,$9.7355,1440015388233,"40,644",100% bullish,of 1 rating,$14.25
FCSC,$6.03,1440015388334,"183,628",100% bearish,of 1 rating,$8.125
FGEN,$24.88,1440015388361,"157,130",100% bearish,of 1 rating,$39
ONEQ,$197.86,1440015388439,"7,867",100% bullish,of 1 rating,N/A
LION,$19.92,1440015388519,"30,991",100% bullish,of 1 rating,$20
FRGI,$54.21,1440015388609,"90,039",50% bullish,of 2 ratings,$70
FSAM,$8.79,1440015388740,"6,012",100% bearish,of 1 rating,$11
FDUS,$14.87,1440015388818,"25,176",100% bullish,of 1 rating,$18
FSC,$6.45,1440015388849,"491,657",75% bullish,of 4 ratings,$8
FSCFL,$25.26,1440015388871,"6,251",Not yet rated,NULL,N/A
FSFR,$9.05,1440015388920,"69,774",100% bearish,of 1 rating,$11.50
FITBI,$27.76,1440015389005,"10,334",Not yet rated,NULL,N/A
FITB,$20.99,1440015389033,"5,264,853",54% bullish,of 13 ratings,$22
FISI,$24.75,1440015389270,"20,354",100% bullish,of 2 ratings,$24.50
FNGN,$35.73,1440015389297,"169,756",67% bullish,of 3 ratings,$47
FNSR,$16.71,1440015389345,"674,625",71% bullish,of 7 ratings,$24.50
FNTCU,NULL,1440015389429,0,Not yet rated,NULL,N/A
FNTC,NULL,1440015389475,0,Not yet rated,NULL,N/A
FNJN,$1.67,1440015389559,"71,247",100% bearish,of 1 rating,$5
FNTCW,NULL,1440015389586,0,Not yet rated,NULL,N/A
FBNC,$17.1,1440015389615,"24,116",100% bullish,of 1 rating,$20
FEYE,$43.193,1440015389641,"2,140,594",87% bullish,of 15 ratings,$55.50
FRBA,$5.9501,1440015389841,"3,000",Not yet rated,NULL,$8
FNLC,$18.77,1440015389870,"7,561",100% bullish,of 1 rating,N/A
FBIZ,$44,1440015390035,"9,582",100% bearish,of 2 ratings,$52
FCFS,$38.48,1440015390135,"90,766",100% bearish,of 2 ratings,$48
FCVA,$4.75,1440015390161,"4,601",Not yet rated,NULL,N/A
BUSE,$6.41,1440015390205,"54,265",Not yet rated,NULL,$6.875
FCAP,$26.99,1440015390231,"7,161",Not yet rated,NULL,N/A
FCNCA,$245.43,1440015390372,"5,728",Not yet rated,NULL,N/A
FCLF,$9.0601,1440015390505,702,Not yet rated,NULL,N/A
FCBC,$18,1440015390556,"13,324",Not yet rated,NULL,$18
FDEF,$37.76,1440015390684,"29,072",Not yet rated,NULL,$38
FFBC,$19.36,1440015390774,"213,309",67% bearish,of 3 ratings,$20.25
FBNK,$16.65,1440015390803,"16,609",100% bearish,of 1 rating,$17.50
FCCO,$12,1440015390834,"13,707",Not yet rated,NULL,$13.25
FCFP,$7,1440015390876,"1,100",Not yet rated,NULL,N/A
FFNM,$6.26,1440015390938,"1,416",Not yet rated,NULL,N/A
FFBCW,$7.64,1440015391072,"1,500",100% bearish,of 1 rating,N/A
FFIN,$31.9,1440015391205,"98,311",50% bullish,of 2 ratings,$31.75
FFWM,$21.27,1440015391305,"9,918",Not yet rated,NULL,$24
FFNW,$12.55,1440015391405,"12,919",Not yet rated,NULL,$14
FIBK,$27.74,1440015391459,"50,078",Not yet rated,NULL,$32
INBK,$33.11,1440015391564,"16,169",50% bullish,of 2 ratings,$37
THFF,$33.72,1440015391596,"15,737",Not yet rated,NULL,$35
FMBH,$21.5,1440015391618,"3,318",Not yet rated,NULL,N/A
FRME,$25.9976,1440015391653,"137,441",Not yet rated,NULL,$26.50
FMBI,$18.38,1440015391751,"200,327",Not yet rated,NULL,$20
FNBC,$35.36,1440015391814,"54,081",Not yet rated,NULL,$41.50
FNFG,$9.615,1440015391904,"803,054",80% bullish,of 5 ratings,$9
FSFG,NULL,1440015392040,0,Not yet rated,NULL,N/A
FNWB,$12.19,1440015392067,"5,962",Not yet rated,NULL,N/A
FSGI,$2.55,1440015392219,"48,069",Not yet rated,NULL,N/A
FSBK,$7.85,1440015392293,"2,700",100% bullish,of 1 rating,N/A
FSLR,$49.8324,1440015392326,"1,871,845",74% bullish,of 39 ratings,$65
BICK,$20.31,1440015392347,"1,566",100% bullish,of 1 rating,N/A
FBZ,NULL,1440015392382,0,Not yet rated,NULL,N/A
FTCS,$38.45,1440015392426,"14,515",Not yet rated,NULL,N/A
FCAN,$25.01,1440015392478,"1,600",Not yet rated,NULL,N/A
FV,$24.59,1440015392714,"1,423,214",Not yet rated,NULL,N/A
FEMB,$42.04,1440015392785,"1,349",Not yet rated,NULL,N/A
IFV,$18.57,1440015392825,"358,983",100% bearish,of 1 rating,N/A
FCA,$21.5201,1440015392918,250,Not yet rated,NULL,N/A
FTSM,$59.9156,1440015392944,"19,083",100% bearish,of 1 rating,N/A
FEUZ,$32.22,1440015392966,"3,858",Not yet rated,NULL,N/A
MDIV,$19.77,1440015393139,"130,784",Not yet rated,NULL,N/A
TDIV,$25.65,1440015393168,"71,114",100% bearish,of 1 rating,N/A
FGM,$36.86,1440015393220,"26,376",Not yet rated,NULL,N/A
FTGC,$22.53,1440015393324,"33,888",Not yet rated,NULL,N/A
FPXI,$28.64,1440015393414,341,Not yet rated,NULL,N/A
HYLS,$49.82,1440015393453,"45,110",100% bearish,of 1 rating,N/A
FHK,$34.61,1440015393483,"35,960",Not yet rated,NULL,N/A
FTHI,NULL,1440015393517,0,Not yet rated,NULL,N/A
SKYY,$30.38,1440015393673,"34,516",100% bullish,of 1 rating,N/A
YDIV,$17.04,1440015393698,"4,003",Not yet rated,NULL,N/A
CU,$12.76,1440015393842,"7,190",100% bearish,of 1 rating,N/A
FJP,$49.44,1440015394045,"16,952",Not yet rated,NULL,N/A
PLTM,$6.38,1440015394073,"3,043",100% bearish,of 1 rating,N/A
QABA,$39.15,1440015394094,"10,791",100% bearish,of 1 rating,N/A
FMB,$51.38,1440015394128,"5,263",Not yet rated,NULL,N/A
FTLB,NULL,1440015394226,0,100% bearish,of 1 rating,N/A
CIBR,$19.46,1440015394257,"62,303",Not yet rated,NULL,N/A
LMBS,$50.4663,1440015394300,200,Not yet rated,NULL,N/A
FONE,$35.8301,1440015394355,630,Not yet rated,NULL,N/A
QCLN,$15.72,1440015394540,"25,497",Not yet rated,NULL,N/A
GRID,$33.78,1440015394571,202,100% bearish,of 1 rating,N/A
CARZ,$36.49,1440015394592,656,100% bearish,of 1 rating,N/A
RDVY,$22.3321,1440015394645,"1,100",Not yet rated,NULL,N/A
QQEW,$43.94,1440015394720,"53,159",Not yet rated,NULL,N/A
QQXT,$42.55,1440015394939,"7,051",Not yet rated,NULL,N/A
QTEC,$41.75,1440015395008,"19,744",Not yet rated,NULL,N/A
FKO,$22.96,1440015395040,150,Not yet rated,NULL,N/A
FTSL,$48.995,1440015395070,"29,319",100% bearish,of 1 rating,N/A
AIRR,$16.8,1440015395171,"2,100",100% bearish,of 1 rating,N/A
FDIV,$48.28,1440015395233,"14,702",100% bearish,of 1 rating,N/A
QINC,NULL,1440015395259,0,Not yet rated,NULL,N/A
FSZ,$40.44,1440015395391,"12,389",Not yet rated,NULL,N/A
FTW,$30.66,1440015395419,"3,988",Not yet rated,NULL,N/A
FKU,$43.51,1440015395479,"26,001",Not yet rated,NULL,N/A
TUSA,$26.22,1440015395555,"4,286",Not yet rated,NULL,N/A
SVVC,$10.72,1440015395660,"7,924",100% bullish,of 1 rating,$26
FUNC,$8.35,1440015395686,"6,699",Not yet rated,NULL,N/A
FMER,$18.49,1440015395764,"565,815",50% bullish,of 2 ratings,$20
FSV,$32.36,1440015395952,"14,371",Not yet rated,NULL,$33.60
FISV,$89.8,1440015396013,"554,416",100% bearish,of 3 ratings,$90
FIVE,$36.7,1440015396057,"375,250",75% bearish,of 4 ratings,$44
FIVN,$4.24,1440015396120,"180,543",100% bullish,of 1 rating,$8.50
FLML,$22.0335,1440015396151,"146,971",50% bullish,of 2 ratings,$30
FPRX,$18.6737,1440015396293,"282,794",50% bullish,of 2 ratings,$35
FLKS,$14.5452,1440015396321,"30,790",50% bullish,of 2 ratings,$27
MBSD,$24.89,1440015396513,"9,130",Not yet rated,NULL,N/A
SKOR,$50.01,1440015396535,"1,500",Not yet rated,NULL,N/A
FLXN,$24.2683,1440015396566,"49,606",100% bearish,of 1 rating,$39.50
FLEX,$10.9697,1440015396615,"1,470,713",63% bullish,of 8 ratings,$12
FLXS,$33.6,1440015396698,"74,084",100% bearish,of 2 ratings,N/A
FLIR,$30.03,1440015396761,"413,920",100% bearish,of 1 rating,$38.50
FLDM,$12.7637,1440015396920,"290,677",67% bearish,of 3 ratings,$21.50
FFIC,$20.71,1440015396972,"33,905",Not yet rated,NULL,$21
FOMX,$10.78,1440015396999,"133,574",50% bullish,of 2 ratings,$23.50
FONR,$9.61,1440015397133,"7,872",100% bullish,of 1 rating,N/A
FOGO,$18.74,1440015397170,"268,589",50% bullish,of 2 ratings,$25.50
FES,$0.92,1440015397199,"2,217",50% bullish,of 2 ratings,$1
FORTY,$34.14,1440015397264,"1,720",Not yet rated,NULL,N/A
FORM,$6.34,1440015397359,"120,119",67% bullish,of 3 ratings,$10.50
FTNT,$47.34,1440015397493,"578,407",80% bullish,of 10 ratings,$52
FORR,$32.43,1440015397530,"41,788",Not yet rated,NULL,N/A
FBIO,$2.97,1440015397673,"84,423",83% bullish,of 6 ratings,N/A
FORD,$1.07,1440015397699,"161,574",50% bullish,of 2 ratings,N/A
FWRD,$48.5,1440015397767,"234,389",100% bearish,of 1 rating,$50
FWP,$26.1,1440015397899,"24,851",100% bearish,of 1 rating,$45
FOSL,$62.01,1440015397925,"518,200",50% bullish,of 4 ratings,$70
FELE,$29.5,1440015398197,"292,934",50% bullish,of 4 ratings,$33
FMI,$20.1646,1440015398262,"151,495",100% bearish,of 2 ratings,$27.50
FRAN,$10.49,1440015398297,"560,311",50% bullish,of 4 ratings,$15
FXCB,$17.33,1440015398331,"5,293",Not yet rated,NULL,$19
FREE,$0.505,1440015398354,"361,014",92% bullish,of 12 ratings,N/A
FOXF,$15.5,1440015398393,"18,429",100% bearish,of 1 rating,$19
RAIL,$21.4477,1440015398424,"58,426",100% bearish,of 1 rating,$24.50
FRED,$14.65,1440015398488,"115,958",50% bullish,of 2 ratings,$16.50
FRPT,$14,1440015398762,"288,234",67% bearish,of 3 ratings,$23.50
FEIM,$10.99,1440015398788,"1,551",100% bearish,of 1 rating,N/A
FTR,$5.355,1440015398834,"11,662,399",78% bullish,of 27 ratings,$6.25
FTRPR,$105.24,1440015398963,"70,886",100% bearish,of 1 rating,N/A
FSBW,$23.18,1440015399052,500,Not yet rated,NULL,N/A
FTD,$30.55,1440015399119,"46,008",100% bearish,of 1 rating,$40
FRPH,$31.3,1440015399145,"2,152",100% bearish,of 1 rating,N/A
FSYS,$6.61,1440015399187,"32,728",67% bullish,of 3 ratings,$10
FULLL,$25.5,1440015399330,"1,800",Not yet rated,NULL,N/A
FCEL,$0.8185,1440015399439,"735,936",88% bullish,of 40 ratings,$2.65
FTEK,$2.12,1440015399476,"28,015",75% bullish,of 4 ratings,N/A
FSNN,$2.6,1440015399503,"1,900",67% bullish,of 3 ratings,$6
FULL,$3.2,1440015399546,"19,481",67% bearish,of 3 ratings,$4.25
FLL,$1.59,1440015399575,"19,616",75% bullish,of 4 ratings,$2.825
FULT,$12.97,1440015399642,"634,484",100% bearish,of 1 rating,$13
FFHL,NULL,1440015399745,0,50% bullish,of 4 ratings,N/A
FXEN,$1.02,1440015399917,"45,375",75% bullish,of 4 ratings,$1.10
FXENP,$16.4,1440015399997,400,100% bearish,of 1 rating,N/A
GLPG,$63.59,1440015400050,"10,363",100% bullish,of 1 rating,$75
GK,$71.48,1440015400145,"28,310",Not yet rated,NULL,$78
GALTU,NULL,1440015400205,0,100% bearish,of 1 rating,N/A
WILC,$5.11,1440015400245,"1,780",100% bullish,of 2 ratings,N/A
GAIA,$5.93,1440015400272,"14,553",50% bullish,of 2 ratings,$8.50
GALT,$2.07,1440015400311,"118,742",80% bullish,of 5 ratings,N/A
GALE,$1.41,1440015400456,"543,007",89% bullish,of 47 ratings,$4
GALTW,$0.65,1440015400485,"1,100",100% bullish,of 1 rating,N/A
GLMD,$8.68,1440015400519,"10,200",67% bullish,of 3 ratings,$20.50
GLPI,$33.31,1440015400623,"344,617",100% bearish,of 1 rating,$37.50
GRMN,$39.86,1440015400729,"595,920",50% bullish,of 6 ratings,$48
GGAC,NULL,1440015400862,0,100% bearish,of 1 rating,N/A
GPIC,$10.95,1440015400887,510,100% bearish,of 1 rating,N/A
GGACW,NULL,1440015401067,0,Not yet rated,NULL,N/A
GGACR,NULL,1440015401093,0,100% bullish,of 1 rating,N/A
GGACU,NULL,1440015401137,0,Not yet rated,NULL,N/A
GNCMA,$17.6,1440015401275,"77,750",100% bearish,of 1 rating,$12
GFNCP,NULL,1440015401309,0,Not yet rated,NULL,N/A
GARS,$14.88,1440015401336,"12,859",Not yet rated,NULL,$16
GENC,$9.46,1440015401358,"1,347",100% bearish,of 1 rating,N/A
GFN,$3.79,1440015401406,"18,252",100% bearish,of 2 ratings,$8
GFNSL,$25.8,1440015401535,"2,735",Not yet rated,NULL,N/A
GENE,$2.67,1440015401560,"69,670",100% bullish,of 12 ratings,N/A
GNCA,$12.7,1440015401737,"173,917",100% bearish,of 1 rating,$20
GNMK,$9.35,1440015401765,"114,000",67% bullish,of 6 ratings,$14
GNTX,$15.89,1440015401907,"1,483,359",Not yet rated,NULL,$20
GHDX,$26.4249,1440015401933,"131,822",50% bullish,of 2 ratings,$30
GABC,$29.44,1440015402127,"8,778",Not yet rated,NULL,$31.50
GTWN,$18.35,1440015402155,480,Not yet rated,NULL,N/A
GNVC,$2.38,1440015402184,"7,828",90% bullish,of 10 ratings,$8.50
THRM,$46.69,1440015402234,"152,069",75% bearish,of 4 ratings,$55.50
GEOS,$15.4585,1440015402312,"95,557",100% bearish,of 3 ratings,$25.50
GIGM,$0.6401,1440015402379,"15,708",100% bullish,of 2 ratings,N/A
GERN,$3.2,1440015402408,"1,198,703",88% bullish,of 16 ratings,$5.25
GEVO,$2.45,1440015402459,"1,681,786",75% bullish,of 12 ratings,N/A
ROCK,$18.4,1440015402600,"61,167",80% bullish,of 5 ratings,$24
GIGA,$1.43,1440015402649,"18,198",100% bearish,of 1 rating,N/A
GIII,$69.49,1440015402788,"119,252",67% bullish,of 3 ratings,$75
GILT,$4.51,1440015402854,"15,846",50% bullish,of 2 ratings,N/A
GBCI,$27.42,1440015402924,"118,566",50% bullish,of 2 ratings,$31
GILD,$116.05,1440015402951,"5,401,600",91% bullish,of 86 ratings,$129
GLAD,$8.2,1440015403165,"36,261",50% bullish,of 2 ratings,$8.75
GOOD,$15.68,1440015403193,"41,124",Not yet rated,NULL,$19
GAIN,$7.83,1440015403328,"127,458",100% bullish,of 2 ratings,$8.25
GOODO,$25.045,1440015403361,300,Not yet rated,NULL,N/A
GOODP,$25.05,1440015403391,"2,729",Not yet rated,NULL,N/A
GLADO,$25.59,1440015403412,"1,560",Not yet rated,NULL,N/A
GAINN,$25.16,1440015403446,"50,461",Not yet rated,NULL,N/A
GOODN,$25.65,1440015403475,"1,200",Not yet rated,NULL,N/A
GAINO,$25.3,1440015403610,"1,500",Not yet rated,NULL,N/A
GAINP,$25.97,1440015403799,"1,475",Not yet rated,NULL,N/A
LAND,$9.35,1440015403834,"15,653",50% bullish,of 2 ratings,$13.75
GBT,$44.16,1440015403874,"123,788",100% bearish,of 1 rating,N/A
GLBZ,NULL,1440015403899,0,Not yet rated,NULL,N/A
ENT,$12.5511,1440015404053,"223,739",100% bearish,of 1 rating,$18
GBLI,$26.72,1440015404127,"9,871",Not yet rated,NULL,N/A
GPACU,NULL,1440015404262,0,Not yet rated,NULL,N/A
GSOL,$8.52,1440015404314,"6,845",100% bearish,of 1 rating,N/A
GDEF,$10.55,1440015404341,306,Not yet rated,NULL,N/A
ACTX,$14.0447,1440015404394,190,100% bullish,of 1 rating,N/A
QQQC,$20.79,1440015404422,"3,054",100% bearish,of 1 rating,N/A
SOCL,$18.36,1440015404484,"55,991",100% bullish,of 2 ratings,N/A
ALTY,NULL,1440015404557,0,Not yet rated,NULL,N/A
SRET,$13.92,1440015404618,"2,950",Not yet rated,NULL,N/A
YLCO,$12.1,1440015404683,"2,250",Not yet rated,NULL,N/A
GAI,$5.4,1440015404828,"3,637",50% bullish,of 2 ratings,N/A
GBIM,$2.16,1440015404923,"13,051",50% bullish,of 2 ratings,N/A
GLRI,$1.15,1440015405071,"19,921",100% bearish,of 1 rating,$6
GLYC,$7.24,1440015405171,"3,323",50% bullish,of 2 ratings,$14
GLBS,$1.13,1440015405258,600,67% bullish,of 3 ratings,N/A
GOGO,$16.2942,1440015405301,"358,136",80% bullish,of 5 ratings,$25
GLUU,$4.71,1440015405328,"1,752,096",92% bullish,of 26 ratings,$9
GMLP,$19.22,1440015405350,"221,085",50% bullish,of 4 ratings,$32.50
GSM,$13.53,1440015405385,"211,814",50% bullish,of 2 ratings,$24.50
GLDC,$4.05,1440015405411,500,50% bullish,of 2 ratings,N/A
GLNG,$37.9909,1440015405579,"575,763",83% bullish,of 6 ratings,$58
GDEN,$8.76,1440015405626,"16,659",50% bullish,of 2 ratings,N/A
GBDC,$16.5536,1440015405758,"57,068",Not yet rated,NULL,$17.75
GOGL,$3.39,1440015405818,"275,340",75% bullish,of 4 ratings,$5
GTIM,$6.51,1440015405890,"43,579",Not yet rated,NULL,$11.50
GOOGL,$694.04,1440015406119,"1,183,380",88% bullish,of 1078 ratings,$747
GPRO,$54.7283,1440015406156,"4,329,352",79% bullish,of 58 ratings,$72
GMAN,$4.64,1440015406179,"16,854",60% bullish,of 5 ratings,$8
GOOG,$660.9,1440015406217,"980,637",89% bullish,of 65 ratings,$795
GPIAW,NULL,1440015406249,0,Not yet rated,NULL,N/A
GPIA,NULL,1440015406279,0,Not yet rated,NULL,N/A
LOPE,$37.12,1440015406323,"353,459",100% bearish,of 2 ratings,$50
GPIAU,NULL,1440015406380,0,Not yet rated,NULL,N/A
GBSN,$2.15,1440015406581,"70,090",100% bearish,of 1 rating,$8.25
GRVY,$3.673,1440015406607,975,50% bullish,of 2 ratings,N/A
GSBC,$41.5,1440015406777,"21,204",100% bullish,of 1 rating,$44
GBSNU,$17.59,1440015406833,"4,163",Not yet rated,NULL,N/A
GLDD,$5.68,1440015406987,"198,537",100% bearish,of 4 ratings,$7.75
GPP,$14.77,1440015407043,"5,760",Not yet rated,NULL,$20.50
GNBC,$12.93,1440015407086,"5,977",100% bearish,of 1 rating,$17
GRBK,$14.2091,1440015407116,"111,122",77% bullish,of 13 ratings,N/A
GRIF,NULL,1440015407147,0,100% bearish,of 1 rating,N/A
GCBC,NULL,1440015407182,0,100% bullish,of 1 rating,N/A
GPRE,$21.1254,1440015407246,"358,098",67% bullish,of 6 ratings,$28.50
GLRE,$26.47,1440015407285,"80,354",100% bullish,of 1 rating,$41
GRPN,$4.21,1440015407420,"4,994,853",61% bullish,of 71 ratings,$6.75
GGAL,$19.68,1440015407565,"219,405",80% bullish,of 5 ratings,$40
OMAB,$41.93,1440015407726,"15,725",100% bullish,of 1 rating,$44
GRFS,$31.86,1440015407752,"116,515",50% bullish,of 2 ratings,$35
GSIT,$4.87,1440015407915,"56,802",100% bearish,of 1 rating,N/A
GSIG,$13.41,1440015407949,"17,706",100% bearish,of 2 ratings,N/A
GTXI,$0.93,1440015408013,"62,127",100% bullish,of 5 ratings,$.75
GFED,NULL,1440015408157,0,Not yet rated,NULL,$17
GUID,$8.65,1440015408188,"36,018",100% bearish,of 3 ratings,$10
GBNK,$15.97,1440015408219,"12,709",100% bearish,of 1 rating,$18
GSVC,$9.415,1440015408284,"12,368",50% bullish,of 2 ratings,$14.50
GIFI,$12.67,1440015408357,"54,958",100% bearish,of 1 rating,$16
GULTU,$0.3151,1440015408388,"3,026,681",100% bearish,of 1 rating,N/A
GPOR,$34.13,1440015408460,"1,113,843",75% bullish,of 4 ratings,$55
GURE,$1.78,1440015408519,"69,213",88% bullish,of 8 ratings,N/A
GWPH,$112.971,1440015408771,"72,292",78% bullish,of 9 ratings,$148.50
GWGH,$7.66,1440015408797,606,100% bearish,of 1 rating,$15.05
HEES,$17.0354,1440015408949,"243,477",67% bearish,of 3 ratings,$31
GYRO,$3,1440015408979,"1,044",100% bearish,of 1 rating,N/A
HALO,$18.7153,1440015409013,"892,095",67% bullish,of 3 ratings,$22.50
HLG,$9.5,1440015409040,"3,106",100% bearish,of 1 rating,N/A
HALL,$11.79,1440015409109,"18,461",Not yet rated,NULL,N/A
HNRG,$7.58,1440015409139,"45,724",100% bearish,of 1 rating,$10
HBK,$13.7,1440015409241,100,50% bullish,of 2 ratings,N/A
HMPR,$1.93,1440015409339,"16,666",100% bullish,of 1 rating,N/A
HBHC,$28.06,1440015409443,"310,796",50% bullish,of 2 ratings,$30
HNH,$28.96,1440015409489,"12,047",100% bullish,of 1 rating,N/A
HAFC,$25.23,1440015409624,"90,549",100% bullish,of 2 ratings,$28.50
HBHCL,$24.6,1440015409792,"25,624",Not yet rated,NULL,N/A
HNSN,$0.5066,1440015409834,"37,508",88% bullish,of 8 ratings,$.40
HDNG,$10.645,1440015409864,"7,204",50% bullish,of 4 ratings,N/A
HQCL,$10.21,1440015409893,"8,379",67% bullish,of 3 ratings,N/A
HLIT,$5.856,1440015409919,"218,332",100% bearish,of 1 rating,$6.50
HRMN,NULL,1440015409973,0,Not yet rated,NULL,N/A
HRMNU,NULL,1440015410105,0,Not yet rated,NULL,N/A
HRMNW,NULL,1440015410233,0,Not yet rated,NULL,N/A
TINY,$2.46,1440015410261,"21,867",50% bullish,of 2 ratings,$5.26
HART,$0.6,1440015410319,"223,502",100% bearish,of 1 rating,N/A
HBIO,$4.49,1440015410452,"19,996",Not yet rated,NULL,$10
HCAP,$12.2,1440015410483,"4,801",50% bullish,of 2 ratings,$15
HCAPL,$25.5,1440015410509,850,Not yet rated,NULL,N/A
HAS,$79.58,1440015410642,"494,585",63% bullish,of 8 ratings,$84.50
HWKN,$36.45,1440015410814,"14,189",Not yet rated,NULL,N/A
HCOM,$22.79,1440015410865,"6,990",100% bearish,of 1 rating,$28
HA,$25.65,1440015410895,"299,068",67% bullish,of 9 ratings,$27
HAYN,$39.08,1440015410947,"24,257",100% bearish,of 1 rating,$59
HDS,$34.5936,1440015410973,"741,550",100% bearish,of 2 ratings,$39.50
HWBK,NULL,1440015411002,0,100% bearish,of 1 rating,N/A
HIIQ,$4.64,1440015411138,"21,063",50% bullish,of 2 ratings,$7
HQY,$32.45,1440015411243,"133,308",67% bullish,of 3 ratings,$31
HCSG,$34.18,1440015411269,"206,674",50% bullish,of 4 ratings,$35
HTLD,$20.97,1440015411435,"203,534",Not yet rated,NULL,$22.50
HWAY,$12.46,1440015411540,"192,494",100% bearish,of 1 rating,$15
HSTM,$25.36,1440015411567,"80,812",50% bullish,of 2 ratings,$33.75
HTWR,$87.8196,1440015411619,"86,216",50% bullish,of 2 ratings,$103
HTLF,$37.15,1440015411649,"19,424",100% bullish,of 1 rating,$39.50
HTBX,$5.61,1440015411779,"10,323",50% bullish,of 2 ratings,$15.50
HELE,$92.6,1440015411807,"107,655",67% bearish,of 3 ratings,$100
HSII,$20.03,1440015411870,"38,985",100% bullish,of 3 ratings,$25
HMNY,$2.44,1440015412002,300,100% bearish,of 1 rating,N/A
HNNA,$23.03,1440015412032,500,Not yet rated,NULL,N/A
HSIC,$146.71,1440015412132,"266,326",83% bullish,of 6 ratings,$146
HMTV,$13.05,1440015412167,"13,740",100% bearish,of 1 rating,$16
HCACU,$9.9801,1440015412193,"2,100",Not yet rated,NULL,N/A
HERO,$0.07,1440015412349,"1,432,399",81% bullish,of 16 ratings,$.75
HTBK,$10.99,1440015412405,"22,830",Not yet rated,NULL,$12
HFWA,$18.31,1440015412457,"42,239",100% bullish,of 1 rating,$20
HRTX,$32.3095,1440015412591,"230,240",67% bullish,of 6 ratings,$41
HEOP,$7.9,1440015412634,"8,499",Not yet rated,NULL,$8.50
HCCI,$12.11,1440015412686,"7,716",100% bearish,of 1 rating,$16.50
MLHR,$29.3,1440015412714,"127,290",50% bullish,of 2 ratings,$33.50
HFFC,NULL,1440015412769,0,Not yet rated,NULL,N/A
HSKA,$34.09,1440015412849,"23,851",100% bearish,of 1 rating,$38
HIBB,$40.25,1440015412949,"200,408",100% bearish,of 1 rating,$48.50
HIHO,$4.28,1440015413051,"18,280",Not yet rated,NULL,N/A
HPJ,$2.65,1440015413079,"47,031",75% bullish,of 4 ratings,$12.43
HIFS,$117.4,1440015413509,"13,526",Not yet rated,NULL,N/A
HIMX,$6.71,1440015413539,"1,181,436",85% bullish,of 20 ratings,$8.50
HOLX,$42.21,1440015413561,"1,136,767",67% bullish,of 3 ratings,$42
HMNF,$11.4,1440015413596,6,Not yet rated,NULL,N/A
HSGX,$6.27,1440015413618,"4,461",100% bearish,of 1 rating,$17
HOLI,$17.6563,1440015413648,"277,588",50% bullish,of 4 ratings,$27
HMSY,$9.53,1440015413692,"659,567",67% bullish,of 3 ratings,$19.35
HBCP,$24.34,1440015413797,"5,036",Not yet rated,NULL,$29
HOMB,$40.37,1440015413942,"72,241",Not yet rated,NULL,$41
HFBL,NULL,1440015413994,0,Not yet rated,NULL,N/A
HMIN,$29.44,1440015414025,"78,660",100% bearish,of 2 ratings,$35
AWAY,$31.204,1440015414086,"968,859",67% bullish,of 3 ratings,$36
HTBI,$18.5191,1440015414125,"19,483",67% bullish,of 3 ratings,$18.625
HMST,$21.6675,1440015414176,"64,176",100% bullish,of 2 ratings,$27
CETC,$0.836,1440015414351,"38,744",86% bullish,of 7 ratings,N/A
HOFT,$24.9,1440015414385,"13,247",100% bearish,of 1 rating,N/A
HZNP,$31.2585,1440015414517,"852,464",85% bullish,of 20 ratings,$40
HKTV,$5.0901,1440015414549,"18,100",100% bearish,of 1 rating,N/A
HBNC,$25.16,1440015414570,"14,026",100% bullish,of 1 rating,$27
HFBC,$11.49,1440015414650,"2,902",Not yet rated,NULL,N/A
HRZN,$10.88,1440015414702,"20,762",100% bearish,of 1 rating,$14.25
ZINC,$7.6839,1440015414834,"649,696",100% bearish,of 1 rating,$17
HDP,$26.1928,1440015414863,"225,968",67% bearish,of 3 ratings,$30.50
HMHC,$22.57,1440015414896,"362,233",Not yet rated,NULL,$27
HWCC,$7.31,1440015415032,"32,167",100% bearish,of 1 rating,$9
HBMD,$13.9036,1440015415105,296,100% bearish,of 1 rating,N/A
HOVNP,$5.67,1440015415130,"9,484",100% bearish,of 1 rating,N/A
HSNI,$63.03,1440015415366,"97,803",Not yet rated,NULL,$80
HUBG,$40.9387,1440015415398,"101,911",100% bearish,of 1 rating,$43
HCBK,$10.23,1440015415430,"874,989",83% bullish,of 6 ratings,$8.61
HTGM,$5.45,1440015415460,"6,900",100% bearish,of 1 rating,$19.50
HDSN,$2.99,1440015415493,"36,677",100% bullish,of 1 rating,$6.25
HSON,$2.9,1440015415557,"28,848",100% bearish,of 1 rating,$5
HBAN,$11.64,1440015415583,"7,359,087",76% bullish,of 17 ratings,$12.50
HURN,$75.04,1440015415836,"31,153",50% bullish,of 2 ratings,$80
HURC,$30.13,1440015415919,"14,885",100% bearish,of 1 rating,N/A
HBANP,$1335.1,1440015416005,95,100% bearish,of 1 rating,N/A
HTCH,$1.65,1440015416049,"24,164",100% bearish,of 1 rating,$3.50
HDRAR,NULL,1440015416081,0,Not yet rated,NULL,N/A
HBP,$3.235,1440015416139,"2,217",100% bullish,of 1 rating,N/A
HDRA,NULL,1440015416179,0,Not yet rated,NULL,N/A
HDRAU,$10.2,1440015416209,200,Not yet rated,NULL,N/A
HDRAW,NULL,1440015416270,0,Not yet rated,NULL,N/A
IDSY,$3.95,1440015416541,"18,839",100% bearish,of 1 rating,$7
IACI,$73.61,1440015416641,"375,189",75% bullish,of 4 ratings,$90
IBKC,$62.76,1440015416672,"144,485",100% bullish,of 1 rating,$70
HYGS,$7.34,1440015416715,"17,458",50% bullish,of 2 ratings,$13
IKGH,$1.76,1440015416748,"63,120",75% bullish,of 4 ratings,N/A
IEP,$72.14,1440015416848,"66,996",75% bullish,of 4 ratings,$99
ICAD,$3.52,1440015416874,"52,279",50% bullish,of 2 ratings,$7.25
ICON,$13.06,1440015417193,"498,490",50% bullish,of 2 ratings,$18.50
ICLR,$80.4598,1440015417226,"434,179",100% bearish,of 3 ratings,$85
ICFI,$36.13,1440015417259,"40,839",50% bullish,of 2 ratings,$48.50
ICUI,$122.03,1440015417281,"75,701",Not yet rated,NULL,$122
DSKY,$12.2852,1440015417362,"82,985",67% bullish,of 6 ratings,$11.50
IPWR,$7.73,1440015417426,"3,408",100% bullish,of 1 rating,$15
IDXX,$78.21,1440015417465,"288,901",100% bearish,of 1 rating,$77
INVE,$4.7451,1440015417601,"153,051",75% bullish,of 4 ratings,$4
IDRA,$2.55,1440015417629,"1,005,162",89% bullish,of 9 ratings,$6.50
IROQ,NULL,1440015417660,0,100% bullish,of 1 rating,N/A
RXDX,$12.92,1440015417760,"89,524",100% bullish,of 1 rating,$20
IRG,$4.48,1440015417790,"7,148",100% bearish,of 1 rating,$4.50
KANG,$16.3994,1440015417940,"120,671",50% bullish,of 2 ratings,$22.55
IKNX,$11.62,1440015418013,"4,522",100% bearish,of 1 rating,N/A
IIVI,$17.8515,1440015418039,"122,222",100% bearish,of 1 rating,$22
IKAN,$2.73,1440015418096,"8,921",83% bullish,of 6 ratings,$5
ISNS,$4.18,1440015418197,"7,875",50% bullish,of 2 ratings,N/A
ILMN,$205.65,1440015418238,"552,999",80% bullish,of 5 ratings,$240
IMMR,$12.2299,1440015418295,"98,264",80% bullish,of 5 ratings,$15.50
IMDZ,$16.46,1440015418396,"65,717",100% bearish,of 1 rating,$33
ICCC,$8.2,1440015418436,"47,651",100% bullish,of 1 rating,N/A
IMGN,$13,1440015418473,"687,877",75% bullish,of 4 ratings,$17.50
IMMU,$1.82,1440015418532,"536,669",86% bullish,of 7 ratings,$2
IMNP,$1.515,1440015418609,"118,925",50% bullish,of 2 ratings,$6
IPXL,$46.62,1440015418667,"362,759",67% bullish,of 3 ratings,$46.50
IMMY,$7.55,1440015418693,"8,257",100% bearish,of 1 rating,$11
INCR,$43.83,1440015419235,"269,483",50% bullish,of 2 ratings,$53
SAAS,$7.85,1440015419377,"239,274",50% bullish,of 2 ratings,$15
INCY,$112.4,1440015419474,"613,271",50% bullish,of 6 ratings,$125.50
IBTX,$43.68,1440015419631,"12,220",100% bullish,of 2 ratings,$47.25
INFN,$24.55,1440015419660,"976,506",71% bullish,of 7 ratings,$28
INDB,$47.97,1440015419689,"58,830",Not yet rated,NULL,$44
III,$4.25,1440015419722,"32,912",57% bullish,of 7 ratings,$6
IPCC,$80.96,1440015419744,"19,340",Not yet rated,NULL,$77.50
IBCP,$14.57,1440015419776,"43,589",100% bullish,of 1 rating,$14.50
INFI,$9.327,1440015419827,"432,772",50% bullish,of 4 ratings,$18
IDSA,$3.69,1440015419933,402,Not yet rated,NULL,N/A
IMKTA,$54.0885,1440015420152,"64,384",100% bearish,of 1 rating,N/A
INWK,$7.53,1440015420184,"86,409",50% bullish,of 2 ratings,$10
IFON,$1.32,1440015420241,"79,398",75% bullish,of 4 ratings,N/A
INNL,$12.88,1440015420285,"3,448",100% bearish,of 1 rating,$16.50
INOD,$2.52,1440015420374,"35,500",100% bearish,of 1 rating,N/A
IPHS,$49.25,1440015420509,"67,219",100% bearish,of 1 rating,$60
INGN,$50.92,1440015420538,"67,830",100% bearish,of 1 rating,$50.50
IOSP,$46.4606,1440015420569,"62,045",100% bearish,of 1 rating,N/A
ISSC,$2.93,1440015420591,"6,700",67% bearish,of 3 ratings,N/A
ITEK,$15.61,1440015420720,"462,671",67% bearish,of 3 ratings,$20
INOV,$21.4523,1440015420750,"224,676",100% bearish,of 1 rating,$33
INO,$7.5552,1440015420885,"1,528,217",89% bullish,of 18 ratings,$20
INSM,$27.2917,1440015420915,"109,566",71% bullish,of 7 ratings,$32
NSIT,$26.2582,1440015420942,"65,757",50% bullish,of 2 ratings,N/A
ISIG,$2.52,1440015420991,"7,150",100% bearish,of 1 rating,N/A
IIIN,$17.91,1440015421071,"17,026",100% bearish,of 2 ratings,N/A
NTEC,$6.05,1440015421258,"13,980",Not yet rated,NULL,N/A
PODD,$30.3076,1440015421286,"219,446",50% bullish,of 2 ratings,$35
INSY,$34.2216,1440015421312,"485,244",75% bullish,of 4 ratings,$48
INTC,$28.38,1440015421468,"20,837,636",82% bullish,of 238 ratings,$36
IESC,$7.43,1440015421494,"5,054",100% bearish,of 1 rating,N/A
IART,$61.83,1440015421525,"113,669",100% bearish,of 1 rating,$71.50
IDTI,$18.307,1440015421551,"2,068,732",60% bullish,of 5 ratings,$25
ISSI,$22.36,1440015421682,"378,869",67% bullish,of 3 ratings,$19.75
IPAR,$28.47,1440015421757,"47,010",67% bullish,of 3 ratings,$38
IQNT,$20.0159,1440015421827,"483,928",86% bullish,of 7 ratings,$20
IBKR,$41.9391,1440015421958,"216,002",100% bullish,of 1 rating,N/A
IPCI,$2.17,1440015422010,"26,531",67% bullish,of 6 ratings,$7.75
ICPT,$208.38,1440015422116,"112,194",70% bullish,of 10 ratings,$363
ININ,$39.93,1440015422162,"62,377",67% bearish,of 3 ratings,$57
ICLD,$1.88,1440015422188,"204,964",75% bullish,of 4 ratings,N/A
IDCC,$49.48,1440015422318,"119,253",80% bullish,of 5 ratings,$63
TILE,$25.8496,1440015422457,"396,742",67% bearish,of 3 ratings,$27
IMI,$1.99,1440015422525,"2,893",67% bullish,of 3 ratings,$2.22
IBOC,$27.16,1440015422554,"76,559",100% bearish,of 1 rating,N/A
ICLDW,NULL,1440015422625,0,100% bearish,of 1 rating,N/A
INAP,$8.76,1440015422689,"153,369",75% bullish,of 4 ratings,$11
ISCA,$33.03,1440015422720,"65,635",100% bearish,of 1 rating,N/A
IGLD,$7.61,1440015422746,"2,505",50% bullish,of 2 ratings,N/A
INPH,$0.329,1440015423074,"15,119",50% bullish,of 2 ratings,N/A
ISIL,$10.65,1440015423144,"650,128",50% bullish,of 6 ratings,$15
XENT,$29.5973,1440015423182,"118,821",50% bullish,of 2 ratings,$36.50
IIJI,$9.38,1440015423243,400,50% bullish,of 2 ratings,$11.50
IILG,$21.16,1440015423275,"66,926",100% bearish,of 1 rating,$30.50
IVAC,$4.88,1440015423303,"17,801",Not yet rated,NULL,$6.625
PTNT,$3,1440015423331,"7,900",Not yet rated,NULL,N/A
INTX,$2.51,1440015423373,"40,908",67% bullish,of 3 ratings,N/A
INTL,$27.32,1440015423560,"61,351",67% bearish,of 3 ratings,N/A
INTLL,$25.9,1440015423656,"3,156",Not yet rated,NULL,N/A
ITCI,$29.9896,1440015423687,"195,238",75% bearish,of 4 ratings,$40
IIN,$6.72,1440015423721,"1,500",100% bearish,of 1 rating,$12
INTU,$106.27,1440015423788,"1,124,774",100% bullish,of 7 ratings,$107.50
INVT,$0.2865,1440015423814,"85,080",67% bullish,of 3 ratings,N/A
ISRG,$526.62,1440015423889,"123,502",67% bullish,of 3 ratings,$600
ISTR,$15.75,1440015424097,"1,469",100% bearish,of 1 rating,$18.50
NVIV,$10.88,1440015424128,"375,783",50% bullish,of 4 ratings,$24.50
ITIC,$71.96,1440015424160,150,100% bearish,of 2 ratings,N/A
ISBC,$12.21,1440015424198,"879,185",100% bullish,of 1 rating,$13.25
IVTY,$11.99,1440015424329,"14,311",Not yet rated,NULL,$18
SNAK,$8.77,1440015424359,"116,584",50% bullish,of 2 ratings,$14
IPAS,$1.08,1440015424432,"56,304",67% bullish,of 3 ratings,N/A
DTUL,NULL,1440015424463,0,Not yet rated,NULL,N/A
DFVL,NULL,1440015424564,0,Not yet rated,NULL,N/A
IPCM,$79.1902,1440015424661,"486,214",50% bullish,of 2 ratings,$80.125
IPGP,$91.63,1440015424762,"290,416",100% bearish,of 2 ratings,$109.50
IRDM,$6.83,1440015424863,"329,261",60% bullish,of 5 ratings,$11.50
IRIX,$7.29,1440015424935,"9,797",100% bearish,of 1 rating,N/A
IRBT,$30.82,1440015424992,"144,130",67% bullish,of 6 ratings,$37
IRMD,$26.1,1440015425019,"9,935",67% bearish,of 3 ratings,$25
IRWD,$11.41,1440015425087,"591,379",100% bearish,of 1 rating,$13
IRDMB,$268.69,1440015425162,242,67% bearish,of 3 ratings,N/A
IRCP,NULL,1440015425196,0,100% bullish,of 2 ratings,N/A
COMT,$32.73,1440015425291,"12,075",100% bearish,of 1 rating,N/A
GNMA,$50.12,1440015425323,"4,692",Not yet rated,NULL,N/A
FCHI,$48.71,1440015425371,"9,154",Not yet rated,NULL,N/A
IFAS,$28.9,1440015425454,"2,160",Not yet rated,NULL,N/A
IFEU,$40.06,1440015425563,"44,394",Not yet rated,NULL,N/A
IFGL,$29.97,1440015425589,"32,453",Not yet rated,NULL,N/A
IFNA,$53.402,1440015425767,600,Not yet rated,NULL,N/A
ACWI,$58.48,1440015425874,"408,738",Not yet rated,NULL,N/A
ACWX,$42.46,1440015425896,"263,749",100% bearish,of 1 rating,N/A
AAXJ,$54.99,1440015425927,"797,439",Not yet rated,NULL,N/A
AXJS,NULL,1440015425978,0,Not yet rated,NULL,N/A
AAIT,$30.43,1440015426123,570,100% bullish,of 1 rating,N/A
EMDI,$46.055,1440015426225,200,Not yet rated,NULL,N/A
EEMA,$51.92,1440015426258,"19,799",Not yet rated,NULL,N/A
EMEY,$25.31,1440015426318,600,Not yet rated,NULL,N/A
EEME,NULL,1440015426366,0,100% bearish,of 1 rating,N/A
EGRW,$48.5,1440015426408,100,Not yet rated,NULL,N/A
EEML,$28.26,1440015426497,"1,470",Not yet rated,NULL,N/A
EVAL,$37.18,1440015426643,"3,202",Not yet rated,NULL,N/A
EUFN,$22.99,1440015426675,"77,468",100% bearish,of 1 rating,N/A
UAE,$18.235,1440015426782,"14,496",Not yet rated,NULL,N/A
IEUS,$47.07,1440015426827,"5,332",100% bearish,of 1 rating,N/A
IBB,$363.7,1440015426852,"696,533",63% bullish,of 8 ratings,N/A
QAT,NULL,1440015426915,0,Not yet rated,NULL,N/A
SOXX,$83.89,1440015426990,"238,605",50% bullish,of 2 ratings,N/A
EMIF,$29.51,1440015427153,"13,077",Not yet rated,NULL,N/A
ICLN,$10.13,1440015427182,"98,601",50% bullish,of 2 ratings,N/A
WOOD,$50.9,1440015427315,"6,412",50% bullish,of 2 ratings,N/A
INDY,$29.69,1440015427336,"183,810",100% bullish,of 1 rating,N/A
ISHG,$79.06,1440015427366,"2,891",100% bearish,of 1 rating,N/A
IGOV,$90.79,1440015427418,"18,369",100% bearish,of 1 rating,N/A
ISRL,$133,1440015427650,180,100% bearish,of 1 rating,N/A
ISLE,$18.7287,1440015427687,"161,247",50% bullish,of 4 ratings,$16
ISIS,$50.67,1440015427732,"690,767",53% bullish,of 15 ratings,$67
ITUS,$4.33,1440015427760,903,Not yet rated,NULL,N/A
ITRI,$33.0115,1440015427790,"199,473",Not yet rated,NULL,$37
ITRN,$25.19,1440015427812,"3,463",50% bullish,of 2 ratings,N/A
XXIA,$15.73,1440015427947,"258,254",71% bullish,of 7 ratings,$14.625
IXYS,$10.74,1440015428107,"177,182",50% bullish,of 4 ratings,N/A
MAYS,NULL,1440015428142,0,Not yet rated,NULL,N/A
JJSF,$118.09,1440015428171,"29,328",100% bearish,of 1 rating,N/A
JCOM,$72.99,1440015428245,"74,525",100% bullish,of 2 ratings,$77
JBHT,$79.47,1440015428266,"721,076",50% bullish,of 4 ratings,$89.50
JASO,$7.91,1440015428343,"785,618",82% bullish,of 17 ratings,$10
JKHY,$71.22,1440015428512,"93,616",50% bullish,of 2 ratings,$72
JACK,$86.13,1440015428543,"512,052",83% bullish,of 6 ratings,$105
JXSB,NULL,1440015428577,0,Not yet rated,NULL,N/A
JAGX,$3.03,1440015428642,"3,000",Not yet rated,NULL,N/A
JAXB,$13.36,1440015428680,100,100% bullish,of 1 rating,N/A
JMBA,$13.5137,1440015428778,"110,000",75% bullish,of 4 ratings,$18
JAKK,$9.3614,1440015428857,"239,293",60% bearish,of 5 ratings,$10.50
ERW,NULL,1440015429120,0,Not yet rated,NULL,N/A
JASN,$5.05,1440015429153,"16,024",50% bullish,of 2 ratings,$9.50
JAZZ,$186.2,1440015429251,"233,622",80% bullish,of 15 ratings,$206.50
JTPY,$2.99,1440015429350,600,100% bearish,of 1 rating,N/A
JD,$26.78,1440015429487,"5,244,299",75% bullish,of 16 ratings,$36
JBLU,$23.94,1440015429568,"4,039,592",94% bullish,of 16 ratings,$27
DATE,$6.6,1440015429597,"37,119",75% bullish,of 4 ratings,$9
JASNW,$0.24,1440015429624,"4,100",50% bullish,of 2 ratings,N/A
JIVE,$4.08,1440015429755,"306,373",75% bullish,of 4 ratings,$5
JST,$4.26,1440015429784,"11,104",75% bullish,of 4 ratings,N/A
JCTCF,NULL,1440015429853,0,100% bullish,of 1 rating,N/A
WYIGU,$10.0434,1440015429950,"1,000",Not yet rated,NULL,N/A
JBSS,$48.3,1440015430108,"16,352",67% bearish,of 3 ratings,N/A
JOEZ,$0.19,1440015430136,"108,771",92% bullish,of 12 ratings,N/A
JRVR,$26.67,1440015430163,"16,262",Not yet rated,NULL,$32
JOUT,$25.6,1440015430188,"5,268",100% bearish,of 1 rating,$34
JNP,$9.9,1440015430405,"24,918",100% bullish,of 3 ratings,$15
KTWO,$21.9,1440015430455,"91,694",100% bearish,of 1 rating,$28.50
JUNO,$40.8,1440015430542,"1,028,324",73% bullish,of 11 ratings,$71.50
KCLI,$47.58,1440015430648,"7,610",Not yet rated,NULL,N/A
