Symbol,Price,Date,Volume,Rating,RatingVoteCount,OneYearEstimate
PIH,$7.17,1440609002526,400,100% bearish,of 1 rating,N/A
TFSCW,NULL,1440609002620,0,100% bearish,of 1 rating,N/A
FCTY,$7.85,1440609002717,"1,367",100% bullish,of 1 rating,$8.50
FLWS,$9.41,1440609002748,"207,760",100% bullish,of 5 ratings,$15
FCCY,$11.5901,1440609002815,"1,041",100% bullish,of 1 rating,$13
SRCE,$28.72,1440609002972,"7,957",100% bullish,of 3 ratings,$33
VNET,$17.41,1440609003029,"430,934",60% bullish,of 5 ratings,$29.50
DGLD,$83.0648,1440609003166,"10,798",100% bullish,of 1 rating,N/A
DSLV,$77.0899,1440609003268,"13,847",100% bearish,of 1 rating,N/A
TWOU,$33.8999,1440609003398,"76,460",50% bullish,of 2 ratings,$39
UGLD,$9.0401,1440609003486,"137,416",100% bearish,of 1 rating,N/A
JOBS,$27.25,1440609003550,"44,751",50% bullish,of 4 ratings,$36
USLV,$11.29,1440609003618,"484,383",86% bullish,of 7 ratings,N/A
SHLM,$32.47,1440609004017,"37,822",100% bearish,of 1 rating,$50
CAFD,$13.53,1440609004043,"107,658",Not yet rated,NULL,$25
SIXD,$2.75,1440609004119,"314,008",Not yet rated,NULL,N/A
AVHI,$13.99,1440609004294,"8,116",100% bearish,of 1 rating,$19
EGHT,$7.52,1440609004361,"143,627",82% bullish,of 17 ratings,$11
ABGB,$6.37,1440609004537,"162,428",67% bullish,of 3 ratings,$5.50
ABY,$20.72,1440609004563,"368,481",100% bearish,of 2 ratings,$46
AAON,$20.04,1440609004640,"80,576",100% bearish,of 1 rating,$24
ABEO,$4.46,1440609004808,"60,208",50% bullish,of 4 ratings,$15.50
ABMD,$94.645,1440609004951,"106,155",75% bullish,of 4 ratings,$100.50
ABAX,$46.52,1440609004981,"51,680",100% bearish,of 1 rating,$60
ABEOW,$1.85,1440609005026,"2,286",100% bullish,of 1 rating,N/A
AXAS,$1.545,1440609005198,"292,322",78% bullish,of 9 ratings,$3.50
ACTG,$8.84,1440609005636,"140,770",67% bullish,of 3 ratings,$18.50
ACST,$0.36,1440609005688,793,100% bullish,of 2 ratings,N/A
ACHC,$68.79,1440609005709,"285,111",50% bullish,of 2 ratings,$92
ACAD,$34.15,1440609005790,"243,989",80% bullish,of 20 ratings,$48
XLRN,$27.27,1440609005934,"56,825",50% bullish,of 2 ratings,$57
ANCX,$19.88,1440609006106,"12,539",Not yet rated,NULL,$20
AXDX,$17.98,1440609006235,"85,489",100% bearish,of 1 rating,N/A
ARAY,$6.32,1440609006308,"301,718",100% bearish,of 1 rating,$10.50
VXDN,$1.76,1440609006389,"22,049",100% bearish,of 1 rating,N/A
VXUP,$1.75,1440609006414,"35,689",100% bearish,of 1 rating,N/A
ACRX,$4.02,1440609006464,"91,478",67% bearish,of 6 ratings,$5.50
ACET,$22,1440609006716,"39,161",75% bullish,of 4 ratings,$30
AKAO,$6.83,1440609007028,"57,894",75% bullish,of 4 ratings,$15
ACIW,$20.65,1440609007085,"142,946",67% bearish,of 3 ratings,$24
ACHN,$7.02,1440609007110,"635,140",90% bullish,of 21 ratings,$16
ACNB,$19.93,1440609007240,"2,000",Not yet rated,NULL,N/A
ACPW,$1.82,1440609007324,"14,656",100% bullish,of 4 ratings,$3.50
ACOR,$31.17,1440609007467,"338,418",67% bearish,of 3 ratings,$38.50
ACUR,$0.5221,1440609007503,"24,139",100% bullish,of 5 ratings,$1
ACTA,$12.83,1440609007556,"25,185",67% bearish,of 3 ratings,$25
ACTS,$1.58,1440609007604,"11,998",100% bearish,of 1 rating,N/A
ATVI,$26.349,1440609007640,"1,778,892",68% bullish,of 84 ratings,$31.50
ACXM,$19.94,1440609007687,"119,658",67% bullish,of 3 ratings,N/A
ADMS,$19.07,1440609007712,"23,226",100% bearish,of 2 ratings,$36
TFSCR,NULL,1440609007897,0,Not yet rated,NULL,N/A
TFSC,$9.73,1440609007999,"4,500",100% bearish,of 1 rating,N/A
ADMP,$3.3652,1440609008027,"14,506",50% bullish,of 2 ratings,$10
TFSCU,NULL,1440609008157,0,Not yet rated,NULL,N/A
ADAP,$11.23,1440609008213,"20,746",67% bullish,of 3 ratings,$22
AEY,$2.2503,1440609008266,"1,945",100% bearish,of 2 ratings,N/A
ADMA,$9.258,1440609008371,"1,504",Not yet rated,NULL,$19
ADUS,$28.09,1440609008470,"21,690",100% bearish,of 1 rating,$31
ADBE,$75.145,1440609008498,"762,316",65% bullish,of 17 ratings,$90
ADEP,$6.4116,1440609008527,"26,194",50% bullish,of 2 ratings,$10.75
AEIS,$23.5105,1440609008634,"58,107",50% bullish,of 2 ratings,$32.50
ADXS,$12.75,1440609008710,"524,812",64% bullish,of 14 ratings,$27
ADTN,$15.09,1440609008840,"96,242",67% bullish,of 3 ratings,$17.125
AMD,$1.68,1440609008865,"3,973,866",83% bullish,of 103 ratings,$2
ADRO,$18.76,1440609008894,"153,670",80% bullish,of 5 ratings,$45.50
ADXSW,$8.19,1440609009060,"24,705",100% bullish,of 1 rating,N/A
AEGR,$16.96,1440609009143,"103,361",50% bullish,of 6 ratings,$26
MULT,NULL,1440609009228,0,100% bearish,of 1 rating,N/A
YPRO,$23.0316,1440609009259,800,100% bearish,of 1 rating,N/A
AMTX,$2.47,1440609009284,"11,252",50% bullish,of 2 ratings,$26.11
AEGN,$17.575,1440609009358,"37,869",100% bearish,of 2 ratings,$21
AEHR,NULL,1440609009463,0,50% bullish,of 2 ratings,N/A
AERI,$15.42,1440609009595,"136,099",75% bullish,of 4 ratings,$31.50
AEPI,$53.28,1440609009652,"4,272",100% bearish,of 1 rating,N/A
AEMD,$6.94,1440609009757,"4,930",Not yet rated,NULL,$27.50
AVAV,$22.9292,1440609009811,"29,182",50% bullish,of 4 ratings,$31
AEZS,$0.0869,1440609009836,"2,217,120",90% bullish,of 21 ratings,$1.50
AFMD,$9,1440609009861,"100,387",50% bullish,of 4 ratings,$15
AFFX,$8.895,1440609010067,"115,579",80% bullish,of 5 ratings,$12
AGEN,$6.45,1440609010108,"458,559",85% bullish,of 13 ratings,$14
AGRX,$8.14,1440609010204,"4,499",100% bearish,of 1 rating,$17.50
AIMT,$20.95,1440609010298,"101,720",Not yet rated,NULL,N/A
AGFS,$9.91,1440609010325,"12,821",100% bearish,of 1 rating,N/A
AGIO,$82.805,1440609010397,"166,408",88% bullish,of 8 ratings,$114
AGYS,$9.57,1440609010530,"5,700",100% bearish,of 1 rating,N/A
AIRM,$34.77,1440609010666,"85,803",80% bearish,of 5 ratings,$53
AGFSW,$1.86,1440609010691,"4,703",100% bearish,of 2 ratings,N/A
ATSG,$8.56,1440609010757,"78,612",67% bullish,of 3 ratings,$13
AIRT,$21.23,1440609010786,711,100% bullish,of 1 rating,N/A
AMCN,$4.41,1440609010820,"414,302",83% bullish,of 6 ratings,N/A
AIXG,$5.702,1440609010951,"13,286",67% bearish,of 3 ratings,$5.25
AKER,$2.4,1440609011227,"14,500",Not yet rated,NULL,N/A
AKAM,$65.84,1440609011277,"548,355",63% bullish,of 8 ratings,$77
AKRX,$37.47,1440609011386,"353,712",78% bullish,of 9 ratings,$56
ALSK,$2.04,1440609011428,"49,912",78% bullish,of 18 ratings,$2
AKBA,$6.13,1440609011453,"67,273",100% bearish,of 1 rating,$18
ABDC,$11.84,1440609011522,"33,219",Not yet rated,NULL,$15
ALRM,$15.77,1440609011613,"66,835",100% bearish,of 1 rating,$22
AMRI,$19.5,1440609011677,"167,761",75% bearish,of 4 ratings,$24
ADHD,$7.8575,1440609011868,"65,907",50% bullish,of 4 ratings,$18
ALDR,$36.95,1440609011949,"160,459",67% bearish,of 3 ratings,$62
ALXN,$166.4,1440609011979,"403,059",88% bullish,of 8 ratings,$223
ALXA,$1.11,1440609012000,"11,469",83% bullish,of 6 ratings,$2.125
ALDX,$6.64,1440609012055,"7,459",100% bearish,of 1 rating,$14.50
ALCO,$40.715,1440609012138,"3,670",50% bullish,of 2 ratings,N/A
ALGN,$54.92,1440609012318,"166,168",100% bearish,of 2 ratings,$73
ALIM,$3.1,1440609012365,"24,139",80% bullish,of 5 ratings,$10
ALGT,$208.85,1440609012390,"35,989",100% bearish,of 2 ratings,$235
ALLB,$22.5,1440609012557,300,Not yet rated,NULL,N/A
AFOP,$18.1365,1440609012611,"54,784",75% bullish,of 8 ratings,$21
ALKS,$56.96,1440609012644,"225,400",67% bullish,of 3 ratings,$75
AIQ,$13.06,1440609012707,"10,622",67% bullish,of 3 ratings,N/A
ARLP,$24.29,1440609012742,"47,082",67% bearish,of 3 ratings,$32
AHGP,$34.32,1440609012767,"21,975",67% bullish,of 3 ratings,N/A
AHPI,NULL,1440609012836,0,50% bullish,of 2 ratings,N/A
AMOT,$18.15,1440609013067,"34,299",100% bearish,of 1 rating,N/A
AFAM,$44.27,1440609013134,"26,603",50% bullish,of 2 ratings,$44
ALQA,$4.24,1440609013197,"6,387",75% bullish,of 4 ratings,$8.50
ALLT,$4.905,1440609013291,"35,685",75% bullish,of 4 ratings,$6.25
MDRX,$13.08,1440609013353,"713,210",60% bullish,of 5 ratings,$16
AOSL,$7.24,1440609013379,"32,251",67% bullish,of 3 ratings,$9
SMCP,NULL,1440609013429,0,Not yet rated,NULL,N/A
ALNY,$95.96,1440609013454,"165,206",67% bullish,of 3 ratings,$148.50
ALTR,$46.69,1440609013527,"675,437",80% bearish,of 5 ratings,$54
ASPS,$24.97,1440609013626,"106,518",67% bullish,of 3 ratings,$46.50
ATEC,$0.6,1440609013675,"109,342",100% bullish,of 1 rating,$2
AMRN,$1.87,1440609013804,"484,276",85% bullish,of 39 ratings,$8
AMAG,$60.5,1440609013831,"154,884",100% bullish,of 2 ratings,$77.50
AIMC,$24.24,1440609013859,"22,103",100% bearish,of 2 ratings,$28.50
AMRK,$10.36,1440609014047,470,50% bullish,of 2 ratings,$14
AMZN,$481.26,1440609014131,"1,714,356",81% bullish,of 264 ratings,$646
AYA,$19.48,1440609014215,"8,998",100% bearish,of 1 rating,$40
AMBA,$85.12,1440609014247,"962,019",83% bullish,of 12 ratings,$102.50
AMBCW,$7,1440609014268,"3,000",100% bearish,of 1 rating,N/A
AMBC,$15.31,1440609014296,"78,651",100% bearish,of 1 rating,$16.50
AMDA,$0.465,1440609014493,"632,756",90% bullish,of 10 ratings,$1
DOX,$55.38,1440609014519,"285,856",67% bearish,of 3 ratings,$60
EPAX,$2.69,1440609014648,"42,721",100% bearish,of 1 rating,N/A
AMCX,$69.24,1440609014694,"386,111",67% bullish,of 3 ratings,$87.50
UHAL,$363.02,1440609014727,"5,590",100% bullish,of 2 ratings,$393.50
ASBI,$22,1440609014911,"2,400",Not yet rated,NULL,N/A
AMED,$37.47,1440609014942,"56,749",100% bearish,of 1 rating,$42
AMOV,$17.162,1440609014990,"3,515",100% bearish,of 1 rating,N/A
AAL,$37.52,1440609015046,"3,976,220",93% bullish,of 88 ratings,$57
AGNC,$19.32,1440609015083,"1,648,166",71% bullish,of 28 ratings,$22
AGNCB,$24.12,1440609015184,"5,700",Not yet rated,NULL,N/A
ATAX,$5.09,1440609015227,"74,609",100% bullish,of 1 rating,$6.50
MTGE,$15.34,1440609015389,"109,755",75% bullish,of 4 ratings,$19.50
AGNCP,$25.32,1440609015489,"2,800",Not yet rated,NULL,N/A
ANCI,$1.53,1440609015666,"2,800",100% bearish,of 1 rating,N/A
MTGEP,$24.69,1440609015739,300,Not yet rated,NULL,N/A
ACSF,$12.008,1440609015824,"9,082",100% bearish,of 1 rating,$15
ACAS,$13.13,1440609015882,"640,693",60% bullish,of 5 ratings,$16.75
AMIC,NULL,1440609015907,0,Not yet rated,NULL,N/A
AMNB,$22.73,1440609015955,"3,017",Not yet rated,NULL,$25.50
ANAT,$98.37,1440609016087,"13,270",100% bullish,of 1 rating,N/A
AETI,$3.75,1440609016152,116,67% bearish,of 3 ratings,N/A
APEI,$20.95,1440609016346,"14,411",100% bearish,of 1 rating,$25.50
ARII,$37.98,1440609016377,"90,558",67% bearish,of 3 ratings,$45
AMSWA,$8.6,1440609016455,"6,956",100% bearish,of 2 ratings,$10.75
ASEI,$36.84,1440609016484,"11,955",100% bearish,of 1 rating,$52.50
AMSC,$4,1440609016556,"74,335",50% bullish,of 4 ratings,N/A
AMRB,$9.96,1440609016615,"4,604",Not yet rated,NULL,$11
ASRV,$3.2,1440609016878,"21,904",100% bullish,of 2 ratings,N/A
AMWD,$63.5205,1440609016905,"70,685",50% bullish,of 2 ratings,$70
AMSF,$46.78,1440609017036,"15,281",Not yet rated,NULL,$57.50
ATLO,$23.35,1440609017062,"1,764",Not yet rated,NULL,N/A
CRMT,$36.338,1440609017252,"11,750",100% bearish,of 1 rating,$39
ABCB,$26.03,1440609017310,"32,619",Not yet rated,NULL,$31
ASRVP,NULL,1440609017338,0,Not yet rated,NULL,N/A
AMKR,$4.53,1440609017467,"739,583",100% bearish,of 2 ratings,$5
FOLD,$13.44,1440609017495,"495,945",56% bullish,of 9 ratings,$21
AMGN,$148.63,1440609017516,"1,496,792",89% bullish,of 19 ratings,$185
AMPH,$13.11,1440609017676,"76,180",50% bullish,of 2 ratings,$20
AMSG,$77.67,1440609017703,"160,174",100% bearish,of 1 rating,$85.50
AFSI,$57.05,1440609017923,"234,509",60% bullish,of 5 ratings,$72
ASYS,$4.94,1440609017952,"19,410",67% bullish,of 3 ratings,$12
ANAD,$0.3426,1440609018055,"145,926",100% bullish,of 2 ratings,$.50
AMSGP,NULL,1440609018125,0,Not yet rated,NULL,N/A
ADI,$51.55,1440609018224,"798,240",67% bullish,of 3 ratings,$69
ANAC,$124.775,1440609018279,"123,078",80% bullish,of 5 ratings,$180.50
AMRS,$1.62,1440609018305,"34,799",70% bullish,of 10 ratings,N/A
ABCW,$38.58,1440609018444,"4,788",67% bullish,of 3 ratings,N/A
ANGI,$4.7,1440609018470,"146,115",64% bullish,of 11 ratings,$5.50
ANCB,$22.45,1440609018548,900,Not yet rated,NULL,$23
AMCF,$0.2481,1440609018609,"1,800",100% bullish,of 7 ratings,N/A
ALOG,$77.96,1440609018678,"19,141",100% bearish,of 2 ratings,$100.50
ANGO,$14.5,1440609018739,"10,009",67% bullish,of 3 ratings,$19
ANIP,$48.13,1440609018809,"58,211",89% bullish,of 19 ratings,$66
ANIK,$33.75,1440609018954,"25,870",60% bullish,of 5 ratings,$51.25
ANSS,$86.75,1440609018979,"135,158",100% bearish,of 1 rating,$100
ANTH,$6.55,1440609019119,"378,680",80% bullish,of 10 ratings,$13
ABAC,$0.7,1440609019149,600,100% bearish,of 1 rating,N/A
ATRS,$1.655,1440609019195,"338,437",92% bullish,of 12 ratings,$4.50
ATNY,$2.32,1440609019254,"8,100",50% bullish,of 2 ratings,$3.75
APIC,$5.96,1440609019423,"42,103",100% bearish,of 1 rating,$19
APOG,$48.7,1440609019466,"72,834",50% bullish,of 2 ratings,$67
APOL,$10.665,1440609019557,"484,685",87% bearish,of 68 ratings,$14
AINV,$6.36,1440609019600,"389,825",50% bullish,of 4 ratings,$8
APPF,$16.22,1440609019662,"18,305",50% bullish,of 2 ratings,$22
ARCI,NULL,1440609019797,0,Not yet rated,NULL,N/A
APDNW,$1.2282,1440609019824,400,Not yet rated,NULL,N/A
AAPL,$106.16,1440609019851,"27,641,099",86% bullish,of 2349 ratings,$150
APDN,$3.15,1440609019880,"19,165",Not yet rated,NULL,$9
AGTC,$14.6345,1440609019987,"42,732",50% bullish,of 2 ratings,$33
AMCC,$5.35,1440609020252,"170,802",80% bullish,of 5 ratings,$8
AREX,$1.715,1440609020280,"237,246",100% bearish,of 1 rating,$3
APRI,$1.1899,1440609020301,"38,714",83% bullish,of 6 ratings,$4.86
AMAT,$14.815,1440609020331,"9,656,214",82% bullish,of 11 ratings,$23
AQMS,$4.96,1440609020352,"14,217",Not yet rated,NULL,N/A
APTO,$4.7212,1440609020485,806,Not yet rated,NULL,$17
AAOI,$18.95,1440609020554,"78,757",50% bullish,of 4 ratings,$26
ARDM,$6.95,1440609020754,202,100% bullish,of 1 rating,$26
AUMA,NULL,1440609020811,0,Not yet rated,NULL,N/A
AUMAU,NULL,1440609020835,0,Not yet rated,NULL,N/A
PETX,$16.765,1440609020995,"223,687",100% bearish,of 2 ratings,$26
AQXP,$17.87,1440609021021,"131,108",50% bullish,of 2 ratings,$2
ABUS,$6.52,1440609021066,"152,486",86% bullish,of 14 ratings,$23
AUMAW,NULL,1440609021150,0,Not yet rated,NULL,N/A
ARCW,$3.46,1440609021176,"10,701",100% bearish,of 2 ratings,$10.50
RKDA,$5.79,1440609021230,"5,041",100% bearish,of 2 ratings,$10
ABIO,$0.8637,1440609021257,"59,105",50% bullish,of 2 ratings,$3.75
ACGL,$67,1440609021390,"77,185",50% bullish,of 2 ratings,$72
ARCB,$27.58,1440609021415,"102,029",67% bearish,of 3 ratings,$39.50
ARCC,$14.81,1440609021569,"826,124",67% bearish,of 3 ratings,$17.875
ACAT,$25.09,1440609021669,"31,276",100% bearish,of 3 ratings,$33
ARDX,$17.4,1440609021713,"48,137",50% bullish,of 2 ratings,$24.50
ARNA,$2.5764,1440609021774,"1,190,504",90% bullish,of 77 ratings,$5.50
AGIIL,$25.5,1440609021852,"8,383",Not yet rated,NULL,N/A
AGII,$55.6,1440609021906,"36,703",Not yet rated,NULL,$59.50
ARGS,$6.17,1440609021932,"20,650",50% bullish,of 2 ratings,$19.50
ARIS,$3.88,1440609022010,"113,980",Not yet rated,NULL,$4.50
ARMH,$40.41,1440609022158,"2,815,058",54% bearish,of 13 ratings,$61
ARWA,NULL,1440609022304,0,Not yet rated,NULL,N/A
ARIA,$6.335,1440609022331,"1,437,067",87% bullish,of 46 ratings,$9
ARTX,$1.34,1440609022357,"152,616",88% bullish,of 16 ratings,$4.50
ARWAR,$0.27,1440609022435,800,Not yet rated,NULL,N/A
ARKR,$24.5,1440609022572,500,50% bullish,of 2 ratings,N/A
ARWAW,NULL,1440609022673,0,Not yet rated,NULL,N/A
ARQL,$1.6,1440609022716,"102,939",75% bullish,of 4 ratings,$5
ARRY,$5.43,1440609022745,"607,109",100% bullish,of 7 ratings,$10
ARRS,$25.08,1440609022773,"313,794",50% bullish,of 2 ratings,$38
ARWAU,NULL,1440609022872,0,100% bullish,of 1 rating,N/A
DWAT,$9.607,1440609022939,915,100% bearish,of 1 rating,N/A
AROW,$26.89,1440609022966,"7,029",Not yet rated,NULL,N/A
ARWR,$5.26,1440609023107,"335,459",75% bullish,of 4 ratings,$10.50
ARTW,$4.396,1440609023164,"3,518",75% bearish,of 4 ratings,N/A
ASBB,$24.74,1440609023201,74,Not yet rated,NULL,N/A
ARTNA,$21.97,1440609023228,"6,597",100% bearish,of 1 rating,$29
ASND,$19.56,1440609023371,"64,754",100% bullish,of 1 rating,$30
ASNA,$10.975,1440609023398,"964,426",50% bullish,of 2 ratings,$18
ASTI,$0.1122,1440609023441,"873,923",83% bullish,of 6 ratings,$3
ASCMA,$26.52,1440609023550,"16,543",100% bearish,of 1 rating,$45
ASMI,NULL,1440609023572,0,NULL,NULL,NULL
ASML,$86.62,1440609023735,"355,508",50% bullish,of 4 ratings,$127
APWC,$1.81,1440609023799,200,100% bearish,of 1 rating,N/A
AZPN,$36.47,1440609023826,"177,625",50% bullish,of 2 ratings,$42
ASMB,$12.14,1440609023900,"16,868",67% bullish,of 3 ratings,N/A
ALOT,$12.59,1440609024031,"17,397",100% bearish,of 1 rating,N/A
ASTE,$36.37,1440609024057,"15,300",100% bearish,of 1 rating,$48
ASFI,$8.815,1440609024078,"9,917",100% bullish,of 1 rating,N/A
ASTC,$1.9,1440609024211,"14,264",100% bullish,of 5 ratings,N/A
ATRO,$49.455,1440609024243,"53,106",100% bearish,of 2 ratings,$80
ASUR,$5.5,1440609024274,"8,400",50% bullish,of 2 ratings,$8
ATAI,$2.353,1440609024378,"2,250",100% bearish,of 1 rating,N/A
ATRA,$38.615,1440609024467,"30,717",50% bullish,of 2 ratings,$68
ATHN,$128.255,1440609024521,"53,855",67% bearish,of 3 ratings,$153
AFCB,$27.3,1440609024573,100,Not yet rated,NULL,N/A
ATHX,$1.08,1440609024715,"79,596",89% bullish,of 9 ratings,$5
AAPC,NULL,1440609024920,0,Not yet rated,NULL,N/A
ATNI,$70.05,1440609024945,"14,907",100% bearish,of 1 rating,$69.50
ACFC,$5.661,1440609024990,"69,188",Not yet rated,NULL,$6.50
AAME,$3.6,1440609025018,798,Not yet rated,NULL,N/A
ATLC,$3.7,1440609025045,"9,262",67% bullish,of 3 ratings,N/A
AAWW,$39.025,1440609025098,"78,839",50% bullish,of 2 ratings,$65
AFH,$16.2,1440609025173,"21,846",Not yet rated,NULL,$21.50
ATOS,$0.74,1440609025338,"54,709",100% bullish,of 7 ratings,$7
ATRC,$24.97,1440609025429,"51,550",100% bullish,of 1 rating,$30
ATRI,$371.85,1440609025465,824,Not yet rated,NULL,N/A
ATML,$7.48,1440609025561,"3,068,137",78% bullish,of 9 ratings,$9.50
ATRM,$2.83,1440609025696,500,50% bullish,of 2 ratings,N/A
AUDC,$3.09,1440609025727,"15,953",80% bullish,of 5 ratings,$5
ATTU,$13.3,1440609025767,"29,906",100% bearish,of 1 rating,$20.50
LIFE,$13.8,1440609025837,"18,708",86% bullish,of 7 ratings,$43
EARS,$4.64,1440609025865,"4,159",100% bearish,of 2 ratings,$11.50
AUBN,$27.699,1440609025892,"1,596",Not yet rated,NULL,N/A
ABTL,$16.74,1440609025941,"28,332",100% bullish,of 4 ratings,$20.25
ADAT,$0.3349,1440609026071,"1,381,277",100% bullish,of 2 ratings,N/A
AUPH,$3.05,1440609026100,"2,800",100% bearish,of 1 rating,$8
ADSK,$48.5,1440609026121,"700,457",67% bullish,of 6 ratings,$69.50
ADP,$75.62,1440609026256,"1,044,339",100% bearish,of 1 rating,$88
AVGO,$112.15,1440609026387,"1,143,998",88% bullish,of 8 ratings,$165
AVNU,$12.21,1440609026444,"4,386",Not yet rated,NULL,$14
AAVL,$10.045,1440609026479,"122,024",100% bearish,of 1 rating,$20
AVEO,$1.23,1440609026521,"427,753",75% bullish,of 8 ratings,$3
AVID,$7.9198,1440609026547,"96,176",100% bearish,of 1 rating,$20
AVNW,$1.16,1440609026623,"10,596",50% bullish,of 2 ratings,$2.20
AVGR,$14.26,1440609026697,"9,138",100% bearish,of 1 rating,$20
CAR,$39.6,1440609026801,"1,299,926",80% bullish,of 5 ratings,$60
AXPW,$1.0401,1440609026899,"33,797",83% bullish,of 6 ratings,N/A
AWRE,$3.0701,1440609026960,"6,178",67% bullish,of 3 ratings,N/A
ACLS,$3.055,1440609026994,"163,686",67% bullish,of 6 ratings,$4.75
AXGN,$3.76,1440609027089,"6,046",Not yet rated,NULL,$5
AXTI,$2.15,1440609027163,"49,935",50% bullish,of 2 ratings,$2.75
AXPWW,$1.04,1440609027192,300,Not yet rated,NULL,N/A
RILY,$9.9999,1440609027355,"1,696",Not yet rated,NULL,N/A
BCOM,$19.36,1440609027439,"2,130",100% bearish,of 1 rating,N/A
BCPC,$55.745,1440609027606,"41,043",100% bearish,of 1 rating,$75
BEAV,$45.81,1440609027632,"315,934",67% bearish,of 3 ratings,$59
BWINB,$22.68,1440609027658,"5,233",Not yet rated,NULL,N/A
BOSC,$2.26,1440609027692,544,50% bullish,of 2 ratings,N/A
BWINA,NULL,1440609027719,0,Not yet rated,NULL,N/A
BLDP,$1.17,1440609027881,"296,513",91% bullish,of 22 ratings,$2.50
BIDU,$138.05,1440609027934,"3,085,703",81% bullish,of 88 ratings,$210
BANFP,NULL,1440609028011,0,Not yet rated,NULL,N/A
BANF,$58.33,1440609028076,"2,410",Not yet rated,NULL,$68
BOCH,$5.72,1440609028113,"5,920",Not yet rated,NULL,$6.50
BKMU,$6.81,1440609028207,"15,651",Not yet rated,NULL,$8
BMRC,$47.75,1440609028233,"6,625",Not yet rated,NULL,$52
BOTJ,NULL,1440609028362,0,Not yet rated,NULL,N/A
BKSC,$15.7155,1440609028445,903,Not yet rated,NULL,N/A
BWFG,$18,1440609028571,"1,500",100% bearish,of 1 rating,N/A
TAPR,$32.24,1440609028628,"1,667",100% bearish,of 1 rating,N/A
BANR,$42.66,1440609028674,"10,071",100% bullish,of 3 ratings,$50
OZRK,$40.225,1440609028728,"202,443",67% bullish,of 3 ratings,$49.50
BZUN,$4.44,1440609028807,"119,887",50% bullish,of 2 ratings,$11.50
BFIN,$11.742,1440609028837,"4,164",Not yet rated,NULL,$13
BHACU,NULL,1440609028866,0,Not yet rated,NULL,N/A
BHAC,NULL,1440609028886,0,Not yet rated,NULL,N/A
BHACR,NULL,1440609029072,0,Not yet rated,NULL,N/A
BHACW,NULL,1440609029154,0,Not yet rated,NULL,N/A
BBSI,$32.77,1440609029291,"36,910",67% bearish,of 3 ratings,$62.50
BSET,$28.42,1440609029335,"12,858",100% bearish,of 1 rating,$35
BYLK,$12.65,1440609029368,300,Not yet rated,NULL,$14
BYBK,$5,1440609029427,375,100% bearish,of 1 rating,N/A
BBCN,$14.015,1440609029500,"76,621",100% bearish,of 1 rating,$16
BECN,$33.99,1440609029526,"151,649",50% bullish,of 2 ratings,$40
BV,$4.94,1440609029554,"121,309",67% bullish,of 6 ratings,$9
BEBE,$1.7,1440609029815,"37,529",75% bullish,of 4 ratings,$3.075
BBGI,$4.08,1440609029852,100,100% bearish,of 1 rating,N/A
BSF,$8.24,1440609029874,"3,023",Not yet rated,NULL,N/A
BDCV,$4.73,1440609029904,"28,478",100% bearish,of 1 rating,$10.19
BBBY,$60.01,1440609029944,"826,109",71% bullish,of 7 ratings,$75
BCBP,NULL,1440609029969,0,Not yet rated,NULL,N/A
BELFA,$14.71,1440609030152,"2,207",100% bearish,of 1 rating,N/A
BELFB,$17.8,1440609030194,"8,266",100% bearish,of 1 rating,N/A
BLCM,$15.59,1440609030286,"64,797",50% bullish,of 4 ratings,$40
BNCL,$12.33,1440609030340,"160,409",100% bullish,of 3 ratings,$12.50
BLPH,$5.25,1440609030388,"18,327",100% bearish,of 1 rating,$12.50
BNFT,$34.14,1440609030413,"54,048",67% bullish,of 3 ratings,$46
BNTC,$7.9,1440609030474,"14,161",100% bullish,of 1 rating,N/A
BGMD,$0.755,1440609030558,"5,650",100% bullish,of 10 ratings,N/A
BGCP,$8.435,1440609030751,"478,115",88% bullish,of 8 ratings,$14
BIND,$4.19,1440609030812,"33,620",75% bullish,of 4 ratings,$13.50
BGFV,$10.42,1440609030885,"33,786",57% bullish,of 7 ratings,$12
BASI,$1.64,1440609031014,"3,202",Not yet rated,NULL,N/A
BCRX,$10.49,1440609031042,"165,120",63% bullish,of 8 ratings,$18
BCDA,NULL,1440609031114,0,Not yet rated,NULL,N/A
BDSI,$6.19,1440609031171,"396,366",88% bullish,of 8 ratings,$17
ORPN,$5.27,1440609031243,"3,991",100% bullish,of 1 rating,$28.50
BIOC,$1.8514,1440609031318,"167,378",83% bullish,of 6 ratings,$3.85
BIIB,$286.33,1440609031428,"875,907",88% bullish,of 16 ratings,$400
BIOD,$0.6578,1440609031470,"34,834",80% bullish,of 5 ratings,$4
BLFS,$1.9801,1440609031532,"1,973",100% bearish,of 1 rating,$4.75
BLRX,$1.3,1440609031574,"62,740",100% bullish,of 12 ratings,$5
BIOL,$1.38,1440609031608,"21,334",Not yet rated,NULL,N/A
BMRN,$121.8,1440609031703,"296,516",80% bullish,of 5 ratings,$160
BVXV,$3.3,1440609031736,"2,200",Not yet rated,NULL,N/A
BVXVW,NULL,1440609031912,0,100% bearish,of 1 rating,N/A
BPTH,$1.03,1440609031977,"16,978",100% bullish,of 2 ratings,$5
BRLI,NULL,1440609032001,0,NULL,NULL,NULL
BIOS,$2.1601,1440609032134,"543,741",71% bullish,of 7 ratings,$4
BBC,$28.82,1440609032240,"10,858",Not yet rated,NULL,N/A
BSPM,$0.64,1440609032274,"14,548",50% bullish,of 2 ratings,N/A
BOTA,$2.12,1440609032299,"24,472",88% bullish,of 8 ratings,N/A
BSTC,$46.13,1440609032371,"14,323",100% bearish,of 1 rating,$76
BBP,$30.34,1440609032396,"5,543",Not yet rated,NULL,N/A
BDMS,NULL,1440609032551,0,100% bearish,of 1 rating,N/A
BEAT,$13.94,1440609032578,"292,145",67% bearish,of 3 ratings,$15
TECH,$94.03,1440609032605,"56,045",100% bullish,of 1 rating,$117
BJRI,$43.39,1440609032635,"81,915",50% bullish,of 2 ratings,$55
BITI,$17,1440609032735,"5,652",100% bullish,of 1 rating,$28
BBOX,$14.9397,1440609032762,"26,532",100% bearish,of 1 rating,N/A
BDE,$7.12,1440609032898,"21,380",50% bullish,of 2 ratings,$9
BKCC,$9.03,1440609033082,"153,270",100% bullish,of 2 ratings,$10
BLKB,$57.705,1440609033111,"37,622",100% bearish,of 2 ratings,$66
HAWK,$39.4,1440609033132,"306,047",91% bullish,of 11 ratings,$49
BBRY,$6.64,1440609033190,"1,852,240",61% bullish,of 330 ratings,$9
ADRA,$26.41,1440609033264,765,100% bearish,of 1 rating,N/A
ADRD,$21.3799,1440609033320,"7,784",100% bearish,of 1 rating,N/A
ADRE,$28.472,1440609033345,"6,281",100% bearish,of 1 rating,N/A
ADRU,$21.52,1440609033481,346,100% bearish,of 1 rating,N/A
BLMN,$19.28,1440609033523,"351,838",83% bullish,of 6 ratings,$27.50
BCOR,$13.28,1440609033617,"57,810",57% bullish,of 7 ratings,$15
BLBD,$11.99,1440609033805,"14,935",Not yet rated,NULL,N/A
BBLU,$0.7627,1440609033872,"51,014",100% bullish,of 2 ratings,$4.43
BHBK,$13.9,1440609033898,"59,972",100% bullish,of 1 rating,$14.50
BLUE,$124.255,1440609034031,"230,066",71% bullish,of 7 ratings,$217.50
NILE,$32.16,1440609034058,"55,105",50% bullish,of 2 ratings,$34
BUFF,$26.03,1440609034089,"85,622",83% bullish,of 12 ratings,$31.50
BKEPP,$7.0001,1440609034114,"39,077",100% bearish,of 1 rating,N/A
BKEP,$5.81,1440609034192,"22,828",100% bearish,of 1 rating,$8.50
BPMC,$25.97,1440609034294,"56,422",50% bullish,of 2 ratings,$47.50
BOBE,$42.7,1440609034424,"44,836",75% bullish,of 4 ratings,$57
BOFI,$117.78,1440609034468,"66,375",100% bullish,of 6 ratings,$144
BOJA,$20.7875,1440609034568,"68,523",100% bullish,of 1 rating,$30
BNCN,$19.95,1440609034626,"18,942",Not yet rated,NULL,$24
WIFI,$7.3,1440609034697,"112,120",50% bullish,of 2 ratings,$13.50
BOKF,$57.99,1440609034759,"105,225",100% bearish,of 1 rating,$69
BNSO,$1.3341,1440609034785,240,100% bearish,of 1 rating,N/A
BONA,$11.439,1440609034812,"52,450",75% bullish,of 4 ratings,$8.50
BPFHW,$5,1440609034989,"1,100",100% bearish,of 1 rating,N/A
BPFH,$11.56,1440609035017,"146,189",100% bearish,of 1 rating,$14
BAMM,$3.2,1440609035038,"1,651",60% bullish,of 5 ratings,N/A
EPAY,$24.63,1440609035170,"35,852",100% bearish,of 2 ratings,$30
BDBD,$7.97,1440609035246,"191,752",60% bullish,of 5 ratings,$10
BPFHP,NULL,1440609035273,0,100% bearish,of 1 rating,N/A
BCLI,$2.85,1440609035295,"16,032",80% bullish,of 5 ratings,$12
BBEP,$2.5199,1440609035471,"663,931",69% bullish,of 13 ratings,$5.625
BBRG,$12.32,1440609035501,"34,724",67% bullish,of 3 ratings,$14.50
BDGE,$26.09,1440609035602,"4,967",Not yet rated,NULL,$31.75
BCOV,$5.07,1440609035730,"24,366",67% bullish,of 3 ratings,$10.20
BBEPP,$12.73,1440609035756,"9,031",100% bearish,of 1 rating,N/A
BRCM,$48.85,1440609035828,"2,276,397",75% bullish,of 12 ratings,$56
BLIN,NULL,1440609035887,0,50% bullish,of 2 ratings,$2.20
BRID,NULL,1440609035912,0,100% bearish,of 1 rating,N/A
BSFT,$29.76,1440609035937,"56,060",57% bullish,of 7 ratings,$40.50
BVSN,$5.7,1440609036184,"1,501",60% bearish,of 5 ratings,N/A
BWEN,$3.1899,1440609036210,"7,700",100% bullish,of 3 ratings,$8
BYFC,$1.38,1440609036293,900,50% bullish,of 2 ratings,N/A
BRKL,$10.38,1440609036549,"54,693",100% bearish,of 1 rating,$10.75
BRKR,$18.26,1440609036576,"73,360",100% bearish,of 2 ratings,$22
BRCD,$10.295,1440609036608,"2,492,980",92% bullish,of 13 ratings,$11.50
BRKS,$9.98,1440609036643,"22,394",67% bullish,of 3 ratings,$15.25
BMTC,$28.25,1440609036670,"45,132",Not yet rated,NULL,$34
BSQR,$5.81,1440609036725,"13,594",67% bullish,of 3 ratings,N/A
BWLD,$188.88,1440609036754,"124,445",82% bullish,of 11 ratings,$205
BLMT,$20.55,1440609036775,737,Not yet rated,NULL,N/A
BUR,$1.8,1440609037065,"7,251",100% bearish,of 1 rating,$8
CHRW,$65.79,1440609037123,"528,531",Not yet rated,NULL,$72
BLDR,$13.37,1440609037154,"472,925",50% bullish,of 2 ratings,$22
CA,$26.0799,1440609037195,"1,040,327",50% bullish,of 4 ratings,$33
CDNS,$18.94,1440609037255,"578,548",75% bullish,of 4 ratings,$22.50
CFFI,NULL,1440609037279,0,100% bearish,of 1 rating,N/A
CCMP,$42.24,1440609037327,"26,418",50% bullish,of 2 ratings,$59
CZR,$8.51,1440609037487,"205,208",60% bearish,of 5 ratings,$10.50
CSTE,$38.2328,1440609037519,"381,755",100% bearish,of 1 rating,$65
CDZI,$7.65,1440609037545,"30,112",100% bearish,of 1 rating,N/A
CACQ,$6.9399,1440609037574,"9,217",100% bearish,of 1 rating,$12.25
CLBS,$1.29,1440609037676,"54,067",79% bullish,of 14 ratings,$4
CLMS,$10.22,1440609037713,"26,228",Not yet rated,NULL,$10.50
PRSS,$4.44,1440609037748,"3,599",80% bullish,of 5 ratings,$4.50
CHY,$10.98,1440609037806,"148,257",Not yet rated,NULL,N/A
CHI,$10.2399,1440609037886,"201,838",100% bearish,of 1 rating,N/A
CCD,$18.56,1440609038038,"281,080",Not yet rated,NULL,N/A
CHW,$7.3499,1440609038173,"87,904",100% bearish,of 1 rating,N/A
CFGE,NULL,1440609038208,0,Not yet rated,NULL,N/A
CGO,$11.72,1440609038311,"18,462",100% bearish,of 1 rating,N/A
CAMP,$15.4,1440609038339,"122,954",88% bullish,of 8 ratings,$25
CSQ,$9.44,1440609038367,"230,711",Not yet rated,NULL,N/A
CVGW,$57.195,1440609038389,"89,165",50% bullish,of 2 ratings,$58.50
CALA,$4.66,1440609038527,"225,030",100% bullish,of 3 ratings,$19.50
CFNB,NULL,1440609038552,0,100% bearish,of 1 rating,N/A
CALD,$15.24,1440609038610,"143,627",100% bearish,of 1 rating,$20.50
CALM,$47.44,1440609038685,"316,797",80% bullish,of 5 ratings,$65
CLMT,$24.63,1440609038743,"110,924",75% bullish,of 8 ratings,$31
ABCD,$4.92,1440609038771,"29,626",83% bullish,of 6 ratings,N/A
CAMB,$10.05,1440609038792,200,Not yet rated,NULL,N/A
CAMT,$2.58,1440609039196,"17,962",73% bullish,of 11 ratings,$4
CAC,$39.42,1440609039221,"1,324",Not yet rated,NULL,N/A
CAMBU,NULL,1440609039248,0,100% bearish,of 1 rating,N/A
CSIQ,$16.49,1440609039273,"1,404,538",86% bullish,of 28 ratings,$42.50
CAMBW,NULL,1440609039298,0,Not yet rated,NULL,N/A
CGIX,$9.6099,1440609039526,"26,679",67% bullish,of 3 ratings,$14.375
CBNJ,$10.8999,1440609039552,"23,311",100% bullish,of 1 rating,N/A
CCBG,$14.79,1440609039686,"2,180",Not yet rated,NULL,$17.25
CPHC,NULL,1440609039715,0,100% bearish,of 1 rating,N/A
CPLP,$6.39,1440609039743,"271,441",71% bullish,of 7 ratings,$11
CSWC,$44.77,1440609039773,"8,914",Not yet rated,NULL,N/A
CBF,$28.36,1440609039818,"73,542",Not yet rated,NULL,$32
CPLA,$47.33,1440609039904,"22,504",67% bearish,of 3 ratings,$65
CAPN,$1.68,1440609040064,"46,710",100% bullish,of 1 rating,$10.85
CPTA,$13.54,1440609040089,"41,043",100% bearish,of 1 rating,$18.50
CFFN,$11.77,1440609040114,"318,655",Not yet rated,NULL,$12.75
CPST,$0.3536,1440609040363,"316,433",95% bullish,of 22 ratings,$1.25
CAPNW,$0.49,1440609040390,"8,600",Not yet rated,NULL,N/A
CAPR,$4.0501,1440609040424,"17,453",Not yet rated,NULL,$12
CARA,$17.34,1440609040446,"204,621",50% bullish,of 4 ratings,$25
CARB,$10.93,1440609040522,"46,528",75% bullish,of 4 ratings,$12
CFNL,$21.52,1440609040547,"28,862",Not yet rated,NULL,$24
CBYL,$5.18,1440609040575,"3,411",100% bearish,of 1 rating,$20
CRDC,$0.36,1440609040628,"67,232",100% bullish,of 1 rating,$1.25
CDNA,$6.5,1440609040782,"3,900",100% bearish,of 1 rating,$9
CRME,$8.54,1440609040812,"6,004",89% bullish,of 9 ratings,$11.25
CSII,$22.613,1440609040833,"57,729",100% bearish,of 2 ratings,$42.125
CATM,$33.448,1440609040862,"36,937",100% bearish,of 1 rating,$44
CECO,$3.42,1440609040998,"117,539",67% bearish,of 3 ratings,$6
CKEC,$22.15,1440609041214,"59,397",50% bullish,of 2 ratings,$35.915
CTRE,$11.38,1440609041239,"74,617",50% bullish,of 2 ratings,$13.50
CARO,$15.061,1440609041298,250,100% bearish,of 1 rating,$19
CLBH,$12.52,1440609041376,"2,699",Not yet rated,NULL,$16.50
CART,$5.35,1440609041427,210,100% bearish,of 1 rating,N/A
CRZO,$28.27,1440609041452,"341,777",67% bearish,of 3 ratings,$55.50
TAST,$11.83,1440609041526,"64,341",Not yet rated,NULL,$14.25
CRTN,$2.51,1440609041598,500,100% bearish,of 1 rating,N/A
CASM,$1.12,1440609041627,"5,800",100% bullish,of 1 rating,$3.50
CARV,$7.1075,1440609041681,"12,446",50% bullish,of 2 ratings,N/A
CACB,$5.22,1440609041778,"21,357",Not yet rated,NULL,$5.50
CASY,$103.01,1440609041860,"74,257",50% bullish,of 2 ratings,$99.50
CWST,$5.92,1440609041962,"20,191",50% bullish,of 2 ratings,$7.25
CASS,$46.75,1440609042066,"5,707",100% bearish,of 1 rating,N/A
CSCD,$14.95,1440609042091,"34,757",100% bullish,of 2 ratings,$17
CASI,$1.445,1440609042146,990,100% bullish,of 1 rating,$3.50
CATY,$28.19,1440609042306,"178,349",100% bearish,of 1 rating,$33.50
CATB,$10.98,1440609042331,"16,671",100% bearish,of 1 rating,$28
CVCO,$71.35,1440609042378,"9,892",100% bearish,of 1 rating,N/A
CATYW,NULL,1440609042404,0,100% bearish,of 1 rating,N/A
CPRX,$3.32,1440609042425,"269,553",71% bullish,of 7 ratings,$7
CBFV,$20.12,1440609042569,"4,475",Not yet rated,NULL,$25
CNLM,NULL,1440609042642,0,Not yet rated,NULL,N/A
CAVM,$65.48,1440609042712,"260,973",67% bearish,of 3 ratings,$72
CNLMR,NULL,1440609043186,0,Not yet rated,NULL,N/A
CNLMU,NULL,1440609043263,0,100% bullish,of 1 rating,N/A
CNLMW,NULL,1440609043421,0,Not yet rated,NULL,N/A
CDW,$38.04,1440609043578,"380,346",75% bullish,of 4 ratings,$44
CPXX,$1.99,1440609043663,"91,667",100% bullish,of 2 ratings,$7
CBOE,$60.95,1440609043707,"162,948",Not yet rated,NULL,$60
CELGZ,$1.64,1440609043732,"19,600",80% bullish,of 5 ratings,N/A
CELG,$114.07,1440609043762,"1,739,466",92% bullish,of 13 ratings,$155.50
CDK,$46.59,1440609043789,"325,207",67% bearish,of 3 ratings,$50
CECE,$9.1,1440609043931,"34,945",50% bullish,of 2 ratings,$16
CLDX,$13.54,1440609043960,"563,159",89% bullish,of 9 ratings,$36
CLDN,$1.04,1440609044010,"53,987",71% bullish,of 7 ratings,$3
CLRB,$3.0291,1440609044039,603,100% bearish,of 1 rating,N/A
CLSN,$1.88,1440609044224,"61,750",80% bullish,of 10 ratings,$7.50
CLRBW,NULL,1440609044252,0,Not yet rated,NULL,N/A
CLLS,$29.29,1440609044273,"91,687",75% bullish,of 4 ratings,$51.50
CBMG,$22.18,1440609044296,"37,967",50% bullish,of 2 ratings,N/A
CLTX,$2.5094,1440609044432,"124,467",100% bullish,of 2 ratings,N/A
CETX,$2.2772,1440609044605,800,Not yet rated,NULL,$5.60
CSFL,$13.49,1440609044658,"36,586",Not yet rated,NULL,$15
CETV,$1.98,1440609044687,"39,433",67% bullish,of 3 ratings,$2.80
CYAD,$50.77,1440609044784,"1,000",100% bullish,of 1 rating,$87.50
CENT,$11.95,1440609044831,"16,445",Not yet rated,NULL,$10
CEMP,$32.8,1440609044887,"219,817",71% bullish,of 7 ratings,$52
CFBK,$1.37,1440609044919,"1,700",Not yet rated,NULL,N/A
CENX,$4.225,1440609045021,"1,055,973",67% bullish,of 6 ratings,$9
CVCY,$11.2,1440609045049,100,Not yet rated,NULL,$12
CNBKA,$41.98,1440609045077,782,50% bullish,of 2 ratings,N/A
CENTA,$12.46,1440609045103,"92,117",Not yet rated,NULL,N/A
CRNT,$1.34,1440609045317,"20,946",50% bullish,of 2 ratings,$2
CPHD,$47.26,1440609045345,"202,440",67% bearish,of 3 ratings,$66.50
CNTY,$5.75,1440609045376,"9,086",80% bullish,of 5 ratings,$7.75
CERE,$1.169,1440609045477,"166,495",88% bullish,of 8 ratings,N/A
CERN,$60.2914,1440609045558,"678,374",67% bullish,of 3 ratings,$79
CERU,$3.33,1440609045585,"9,403",75% bullish,of 4 ratings,$15
CERS,$4.67,1440609045721,"168,945",75% bullish,of 4 ratings,$7
KOOL,$0.63,1440609045752,"29,821",100% bullish,of 5 ratings,$7
CTHR,$1.27,1440609045825,"2,152",50% bullish,of 2 ratings,$2.50
CEVA,$17.69,1440609045856,"18,241",100% bearish,of 1 rating,$25
HOTR,$1.4599,1440609045892,"73,641",100% bullish,of 2 ratings,$5
CYOU,$19.45,1440609045965,"81,865",50% bullish,of 6 ratings,$24
GTLS,$21.84,1440609045994,"72,267",50% bullish,of 4 ratings,$40
HOTRW,NULL,1440609046014,0,Not yet rated,NULL,N/A
CHFN,$12.2,1440609046234,"2,898",Not yet rated,NULL,$14
CHTR,$173.06,1440609046259,"362,252",100% bearish,of 2 ratings,$196
CHKP,$78.31,1440609046425,"526,131",50% bullish,of 4 ratings,$92
CHEK,$2.07,1440609046451,"39,633",Not yet rated,NULL,$7.75
CHEKW,NULL,1440609046472,0,Not yet rated,NULL,N/A
CHFC,$30.77,1440609046497,"10,461",100% bearish,of 1 rating,$36
CEMI,$3.62,1440609046530,"53,312",50% bullish,of 2 ratings,$7.50
CHMG,$26.6999,1440609046632,"1,000",Not yet rated,NULL,$30
CCXI,$6.7,1440609046657,"27,568",67% bullish,of 3 ratings,$14
CHMA,$23.36,1440609046789,"18,998",Not yet rated,NULL,$40
PLCE,$57.91,1440609046821,"212,035",100% bearish,of 1 rating,$71
CHKE,$25.88,1440609046842,"17,491",100% bearish,of 1 rating,$32.50
CHEV,$14.4,1440609046879,350,Not yet rated,NULL,N/A
CBNK,$16.48,1440609046980,636,100% bearish,of 1 rating,N/A
CMRX,$47.88,1440609047058,"119,231",50% bullish,of 2 ratings,$57
CADC,NULL,1440609047214,0,78% bullish,of 9 ratings,N/A
CALI,$0.89,1440609047261,"1,410",67% bullish,of 3 ratings,N/A
CAAS,$5.75,1440609047358,"14,470",93% bullish,of 14 ratings,$11.50
CBAK,$1.7601,1440609047835,"30,664",67% bullish,of 9 ratings,N/A
CCCL,$0.7437,1440609047892,"16,900",100% bullish,of 6 ratings,N/A
CBPO,$92.98,1440609047918,"80,577",75% bullish,of 8 ratings,$140.50
JRJC,$2.9601,1440609047947,"96,008",82% bullish,of 11 ratings,N/A
CHOP,$1.33,1440609047968,"11,350",50% bullish,of 2 ratings,N/A
CCCR,NULL,1440609047998,0,67% bearish,of 3 ratings,N/A
HGSH,$1.7,1440609048025,"1,500",67% bullish,of 3 ratings,N/A
CNIT,$1.35,1440609048126,"43,490",67% bullish,of 6 ratings,N/A
CHLN,$2.06,1440609048259,"2,603",67% bullish,of 3 ratings,N/A
CJJD,$1.72,1440609048326,"27,510",100% bullish,of 1 rating,N/A
HTHT,$24.29,1440609048354,"63,898",50% bullish,of 2 ratings,$28.40
CHNR,$1.67,1440609048455,"2,010",100% bearish,of 1 rating,N/A
CSUN,$1.3901,1440609048596,"14,875",80% bullish,of 5 ratings,N/A
CREG,$0.6686,1440609048624,"5,630",100% bullish,of 3 ratings,N/A
CNET,$0.78,1440609048757,"19,913",50% bullish,of 2 ratings,N/A
CNTF,$0.76,1440609048786,"30,482",Not yet rated,NULL,N/A
CXDC,$5.759,1440609048815,"34,537",67% bearish,of 3 ratings,N/A
CCIH,$6.265,1440609048842,"181,210",67% bullish,of 6 ratings,$12.65
CPGI,$6.91,1440609048893,200,Not yet rated,NULL,N/A
CNYD,$2.96,1440609048970,"2,316",67% bullish,of 3 ratings,N/A
IMOS,$16.2,1440609049026,"102,363",60% bullish,of 5 ratings,$21.50
CHSCL,$26.9695,1440609049151,"17,630",Not yet rated,NULL,N/A
CHSCM,$25.8,1440609049181,"8,859",Not yet rated,NULL,N/A
CHSCN,$26.5123,1440609049280,"2,363",Not yet rated,NULL,N/A
CHSCO,$28.06,1440609049421,"10,526",Not yet rated,NULL,N/A
CHSCP,$30.4964,1440609049446,"1,033",Not yet rated,NULL,N/A
CHUY,$30.62,1440609049576,"51,116",50% bullish,of 2 ratings,$34
CDTX,$14.12,1440609049601,"7,904",Not yet rated,NULL,$22
CIFC,$7,1440609049628,"1,702",100% bearish,of 1 rating,N/A
CMPR,$66.15,1440609049658,"90,468",50% bullish,of 2 ratings,$72.50
CHDN,$130.51,1440609049684,"9,687",Not yet rated,NULL,$165
CMCT,$15,1440609049759,620,100% bearish,of 1 rating,N/A
CINF,$51.319,1440609049899,"194,120",50% bullish,of 4 ratings,$50.50
CTAS,$82.19,1440609049925,"149,184",100% bearish,of 1 rating,$91
CIDM,$0.5817,1440609050071,"55,583",50% bullish,of 2 ratings,$2.10
CRUS,$27.67,1440609050099,"280,055",75% bullish,of 12 ratings,$44.50
CPHR,$5.33,1440609050128,"7,889",100% bearish,of 1 rating,$17
CSCO,$24.8,1440609050229,"17,233,088",84% bullish,of 208 ratings,$32
CZNC,$19.54,1440609050355,"5,204",Not yet rated,NULL,N/A
CTRN,$26.5,1440609050402,"42,783",100% bearish,of 1 rating,$31.50
CZWI,$8.99,1440609050454,500,Not yet rated,NULL,N/A
CZFC,NULL,1440609050483,0,Not yet rated,NULL,N/A
CIZN,$19.33,1440609050512,902,Not yet rated,NULL,N/A
CTXS,$66.4999,1440609050553,"474,037",86% bullish,of 7 ratings,$80
CIVB,$10.05,1440609050612,"3,400",Not yet rated,NULL,$11
CHCO,$46.31,1440609050653,"9,104",Not yet rated,NULL,$46
CDTI,$1.4769,1440609050797,"26,073",75% bullish,of 4 ratings,$3.20
CIVBP,NULL,1440609050892,0,Not yet rated,NULL,N/A
CLNT,$1.32,1440609050995,"6,962",75% bullish,of 8 ratings,N/A
CLNE,$4.22,1440609051047,"441,131",80% bullish,of 15 ratings,$9
CLIR,$4.6,1440609051145,"35,327",100% bullish,of 3 ratings,N/A
CLRO,$11.53,1440609051199,"35,429",50% bullish,of 2 ratings,$14.25
CLFD,$16.86,1440609051225,"19,145",67% bullish,of 3 ratings,$18
CBLI,$3.59,1440609051302,"32,181",60% bullish,of 5 ratings,N/A
CSBK,$13.73,1440609051391,"34,619",Not yet rated,NULL,N/A
CME,$89.66,1440609051423,"419,377",67% bullish,of 3 ratings,$102
CLVS,$68.44,1440609051526,"331,430",60% bullish,of 5 ratings,$101.50
CMFN,$10.95,1440609051570,"9,971",100% bearish,of 1 rating,$15.50
CCNE,$16.63,1440609051601,"2,036",50% bullish,of 2 ratings,$21.50
CISG,$7.4,1440609051628,"53,397",100% bullish,of 5 ratings,$10
CWAY,$11.2489,1440609051763,"1,078",Not yet rated,NULL,N/A
CNV,$4.23,1440609051791,"14,060",50% bullish,of 2 ratings,$7.15
COBZ,$12.54,1440609052039,"18,755",100% bullish,of 1 rating,$14
COKE,$158.81,1440609052090,"6,175",79% bullish,of 19 ratings,N/A
CDRB,$11.85,1440609052142,"8,834",67% bullish,of 3 ratings,N/A
CDXS,$3.41,1440609052192,"19,463",64% bullish,of 11 ratings,$6
CVLY,$20.25,1440609052228,100,Not yet rated,NULL,N/A
JVA,$4.38,1440609052278,"4,048",83% bullish,of 6 ratings,$7
CGNT,$1.41,1440609052305,"16,335",100% bullish,of 2 ratings,$2
CCOI,$26.74,1440609052332,"130,995",50% bullish,of 4 ratings,$35
CGNX,$33.155,1440609052476,"353,200",50% bullish,of 2 ratings,$47
CHRS,$27.225,1440609052542,"98,821",67% bearish,of 3 ratings,$37
CTSH,$59.9991,1440609052619,"1,293,719",90% bullish,of 10 ratings,$75
COHR,$55.52,1440609052640,"39,292",50% bullish,of 2 ratings,$72
COHU,$9.2,1440609052813,"66,898",100% bearish,of 1 rating,$14.25
CLRX,$0.54,1440609052841,"25,092",50% bullish,of 2 ratings,N/A
CLCT,$18.25,1440609052866,"3,726",100% bearish,of 1 rating,N/A
CIGI,$41.39,1440609053006,"2,998",100% bearish,of 1 rating,$52
COLL,$14.29,1440609053047,"26,712",100% bearish,of 1 rating,$26
CBAN,NULL,1440609053101,0,Not yet rated,NULL,N/A
CLCD,$6.48,1440609053178,"38,174",100% bearish,of 1 rating,$20.50
COLB,$29.01,1440609053232,"26,031",Not yet rated,NULL,$36
CMCO,$18.1975,1440609053257,"23,241",60% bullish,of 5 ratings,$28
COLM,$59.31,1440609053313,"33,095",100% bearish,of 1 rating,$71
CMCSA,$54.28,1440609053421,"4,152,907",66% bullish,of 35 ratings,$69.50
CBMX,$1.1001,1440609053481,"20,184",83% bullish,of 6 ratings,$3.15
CMCSK,$55.09,1440609053589,"1,262,061",Not yet rated,NULL,$84
CBSHP,$25.33,1440609053615,"1,453",100% bearish,of 1 rating,N/A
CBSH,$42.9111,1440609053640,"114,173",50% bullish,of 2 ratings,$46
CVGI,$4.735,1440609053821,"64,529",50% bullish,of 2 ratings,$6
CUBN,$13.55,1440609053864,300,Not yet rated,NULL,N/A
JCS,$8.65,1440609053959,"1,554",67% bullish,of 3 ratings,N/A
ESXB,$5.05,1440609053989,"1,520",Not yet rated,NULL,N/A
CYHHZ,$0.01,1440609054020,"26,798",100% bullish,of 1 rating,N/A
CSAL,$20.05,1440609054046,"216,910",75% bullish,of 4 ratings,$30
COMM,$28.55,1440609054095,"269,218",67% bearish,of 3 ratings,$35
CTBI,$34.13,1440609054120,"8,013",Not yet rated,NULL,$36
CWBC,NULL,1440609054302,0,Not yet rated,NULL,N/A
CVLT,$34.46,1440609054354,"150,546",75% bullish,of 4 ratings,$44.50
COB,$10.3478,1440609054403,"2,236",100% bullish,of 1 rating,$11.75
CIL,$32.83,1440609054485,400,Not yet rated,NULL,N/A
CIZ,$32.7588,1440609054561,586,100% bearish,of 1 rating,N/A
CID,$33.02,1440609054666,700,Not yet rated,NULL,N/A
CDC,$33.36,1440609054802,"13,885",Not yet rated,NULL,N/A
CSA,$31.8999,1440609054823,150,Not yet rated,NULL,N/A
CDL,NULL,1440609054858,0,Not yet rated,NULL,N/A
CSF,$35.48,1440609054885,"1,207",100% bearish,of 1 rating,N/A
CFO,$33.8944,1440609054912,"7,991",100% bearish,of 1 rating,N/A
CFA,$34.1586,1440609054952,"3,540",100% bearish,of 1 rating,N/A
CSB,$32.44,1440609055115,1,Not yet rated,NULL,N/A
CTG,$6.45,1440609055218,"10,030",100% bearish,of 1 rating,$8.50
CGEN,$4.81,1440609055243,"40,285",50% bullish,of 2 ratings,$11
SCOR,$52.79,1440609055268,"118,057",100% bearish,of 1 rating,$66
CPSI,$44.52,1440609055293,"30,236",100% bearish,of 1 rating,$45.50
CHCI,$0.7192,1440609055520,"37,661",50% bullish,of 2 ratings,N/A
CMTL,$25.51,1440609055567,"17,505",100% bearish,of 2 ratings,$37
CNSI,$18.53,1440609055600,"145,977",100% bearish,of 2 ratings,$29
CXRX,$67.12,1440609055651,"1,345",100% bearish,of 1 rating,$90
CNAT,$3.52,1440609055678,"51,463",83% bullish,of 6 ratings,$13
CDOR,$1.26,1440609055707,400,100% bullish,of 1 rating,N/A
CNCE,$14.94,1440609055732,"45,095",75% bullish,of 4 ratings,$22
CCUR,$4.7608,1440609055951,"36,456",75% bullish,of 4 ratings,N/A
CDORO,NULL,1440609055997,0,100% bearish,of 1 rating,N/A
CDORP,$6.37,1440609056127,"1,210",100% bearish,of 1 rating,N/A
CNFR,$10.3004,1440609056151,"6,786",Not yet rated,NULL,N/A
CFMS,$19.36,1440609056184,"100,423",Not yet rated,NULL,$27
CNMD,$52.62,1440609056221,"35,484",Not yet rated,NULL,$59
CTWS,$34.19,1440609056354,"3,571",100% bearish,of 1 rating,$44
CNSL,$18.8051,1440609056380,"43,279",100% bearish,of 1 rating,$23
CNOB,$18.88,1440609056449,"11,954",100% bullish,of 1 rating,$23.50
CNXR,$6.45,1440609056478,"13,882",100% bearish,of 1 rating,$12
CWCO,$10.104,1440609056548,"27,489",67% bullish,of 3 ratings,$14.50
CONN,$29.32,1440609056609,"203,985",67% bullish,of 3 ratings,$48.50
CPSS,$5.65,1440609056650,"15,245",100% bullish,of 1 rating,$10
CTCT,$23.86,1440609056752,"84,273",67% bullish,of 3 ratings,$37
CFRX,$4.9442,1440609056800,"21,128",Not yet rated,NULL,$14
CFRXW,$1.88,1440609056825,200,100% bearish,of 1 rating,N/A
CFRXZ,NULL,1440609057028,0,Not yet rated,NULL,N/A
CTRV,$3.81,1440609057053,"6,800",Not yet rated,NULL,$6.40
CTRL,$7.69,1440609057186,"53,627",50% bullish,of 2 ratings,$11
CPRT,$33.55,1440609057214,"73,951",67% bearish,of 3 ratings,$40
CORT,$4.67,1440609057236,"302,397",67% bullish,of 3 ratings,$12
CRBP,$1.8599,1440609057257,"174,256",100% bullish,of 2 ratings,$6.25
CORE,$59.06,1440609057388,"47,260",100% bearish,of 1 rating,$72
BVA,NULL,1440609057437,0,50% bullish,of 2 ratings,N/A
CSOD,$34.75,1440609057494,"176,133",50% bullish,of 2 ratings,$42
CORI,$9.92,1440609057526,"23,912",100% bearish,of 1 rating,$18
CRVL,$30.21,1440609057595,"6,480",100% bearish,of 1 rating,N/A
COSI,$1,1440609057622,"144,460",100% bullish,of 1 rating,N/A
CSGP,$167.91,1440609057761,"61,935",50% bullish,of 2 ratings,$235
COST,$134.59,1440609057833,"676,464",79% bullish,of 24 ratings,$154.50
CVTI,$21.84,1440609057991,"63,499",67% bearish,of 3 ratings,$39
CPAH,NULL,1440609058019,0,50% bullish,of 2 ratings,N/A
ICBK,$18.21,1440609058039,200,Not yet rated,NULL,$21
COVS,$2.49,1440609058251,"40,126",67% bullish,of 3 ratings,N/A
CPSH,$2.18,1440609058277,"14,080",Not yet rated,NULL,N/A
CRAI,$21.64,1440609058353,"7,675",100% bearish,of 1 rating,$36
COWN,$4.975,1440609058384,"619,975",75% bullish,of 4 ratings,$7
CBRL,$140.135,1440609058419,"89,762",50% bullish,of 2 ratings,$155
BREW,$7.35,1440609058495,"39,180",67% bullish,of 6 ratings,$15
CRAY,$19.6975,1440609058579,"68,785",83% bullish,of 6 ratings,$38.50
COWNL,$27.01,1440609058630,"6,000",Not yet rated,NULL,N/A
CACC,$195.072,1440609058655,"49,216",50% bullish,of 2 ratings,$158.50
CREE,$25.22,1440609058802,"407,151",65% bullish,of 17 ratings,$29.50
SLVO,$9.71,1440609058829,"56,490",100% bearish,of 1 rating,N/A
GLDI,$10.9305,1440609058900,"14,852",100% bearish,of 1 rating,N/A
CRESY,$9.4538,1440609058997,"8,061",100% bearish,of 1 rating,$19
CRTO,$41.122,1440609059129,"123,069",67% bullish,of 6 ratings,$64
CCRN,$13.48,1440609059156,"36,400",100% bearish,of 1 rating,$14.25
CROX,$13.45,1440609059181,"430,212",63% bullish,of 8 ratings,$16.50
CRWN,$4.47,1440609059406,"26,810",75% bullish,of 4 ratings,N/A
CYRX,$2.94,1440609059431,"6,395",Not yet rated,NULL,$9
CRWS,$7.93,1440609059456,"4,000",Not yet rated,NULL,$10
CRDS,$1.01,1440609059488,"10,400",50% bullish,of 4 ratings,$4.50
CYRXW,$0.8501,1440609059585,"8,600",Not yet rated,NULL,N/A
CSPI,$5.8899,1440609059615,950,67% bullish,of 3 ratings,N/A
CCLP,$13.05,1440609059642,"26,544",67% bearish,of 3 ratings,$20
CSGS,$29.76,1440609059678,"42,025",Not yet rated,NULL,$40
CTCM,$1.7,1440609059836,"55,965",80% bearish,of 5 ratings,$3.90
CTIB,NULL,1440609059944,0,100% bearish,of 1 rating,N/A
CTIC,$1.5301,1440609059972,"674,595",84% bullish,of 76 ratings,$5.75
CUNB,$21.2,1440609060044,"3,162",Not yet rated,NULL,$24.50
CPIX,$6.15,1440609060171,"63,700",Not yet rated,NULL,N/A
CUI,$4.95,1440609060210,"10,083",50% bullish,of 2 ratings,$10
CTRP,$63.16,1440609060270,"684,228",75% bullish,of 8 ratings,$92
CMLS,$1.3599,1440609060317,"247,047",50% bullish,of 4 ratings,$6
CVBF,$15.43,1440609060348,"73,462",Not yet rated,NULL,$18
CRIS,$2.3299,1440609060514,"210,638",100% bullish,of 8 ratings,$6
CUTR,$14.25,1440609060539,"17,222",67% bearish,of 3 ratings,$18
CVV,$10.52,1440609060596,"7,318",100% bullish,of 5 ratings,N/A
CYAN,$7.2601,1440609060728,820,100% bearish,of 1 rating,N/A
CYBR,$46.43,1440609060789,"509,789",86% bullish,of 7 ratings,$66
CYBE,$5.86,1440609060832,"3,535",100% bearish,of 1 rating,N/A
CYBX,$65.48,1440609060856,"119,669",50% bullish,of 4 ratings,$71.50
CYCC,$0.5,1440609060994,"80,907",73% bullish,of 11 ratings,N/A
CYNA,$16.2,1440609061078,"9,392",100% bullish,of 1 rating,$31.50
CBAY,$2.5,1440609061103,"36,757",100% bullish,of 1 rating,$4
CYCCP,$5.5,1440609061129,300,100% bearish,of 1 rating,N/A
CYRN,$1.63,1440609061278,"7,150",67% bullish,of 3 ratings,$4
CONE,$30.9,1440609061333,"107,496",67% bearish,of 3 ratings,$35
CYNO,$31.91,1440609061359,"29,873",67% bearish,of 3 ratings,$45.50
CY,$9.05,1440609061384,"2,346,570",80% bullish,of 10 ratings,$15.50
CYTK,$6.56,1440609061415,"88,680",71% bullish,of 14 ratings,$13.50
CYTX,$0.33,1440609061519,"873,190",83% bullish,of 12 ratings,$5.50
CYTR,$2.09,1440609061717,"225,599",67% bullish,of 6 ratings,$10
CTSO,$6.35,1440609061793,"34,251",Not yet rated,NULL,$15.625
TVIX,$14.1601,1440609061819,"15,460,792",81% bullish,of 16 ratings,N/A
TVIZ,$18.69,1440609061849,"4,720",100% bearish,of 1 rating,N/A
DAEG,$0.3599,1440609061948,"5,496",100% bearish,of 1 rating,N/A
ZIV,$40.33,1440609062048,"67,849",Not yet rated,NULL,N/A
XIV,$26.46,1440609062094,"14,945,760",75% bearish,of 4 ratings,N/A
DAKT,$8.2268,1440609062228,"265,178",50% bullish,of 2 ratings,$14
DAIO,$2.5703,1440609062289,"1,600",Not yet rated,NULL,N/A
DARA,$0.865,1440609062317,"67,183",83% bullish,of 6 ratings,$1.50
DJCO,$191.3,1440609062346,301,Not yet rated,NULL,N/A
DTLK,$5.4401,1440609062376,"36,038",100% bearish,of 1 rating,$9
DWCH,$4.812,1440609062481,"11,104",75% bullish,of 4 ratings,$8.25
DRAM,$1.1297,1440609062509,"17,050",78% bullish,of 9 ratings,N/A
PLAY,$32.77,1440609062646,"111,987",100% bullish,of 5 ratings,$42
DTEA,$12.8,1440609062716,"19,705",100% bearish,of 2 ratings,$24
DBVT,$37.72,1440609062811,"20,282",100% bearish,of 1 rating,$53
DWSN,$4.302,1440609062909,"6,206",67% bullish,of 3 ratings,N/A
TRAK,$62.75,1440609062987,"299,745",50% bullish,of 2 ratings,$62.50
TACO,$12.65,1440609063020,"103,242",75% bullish,of 4 ratings,$20
TACOW,$3.91,1440609063050,"12,200",100% bullish,of 1 rating,N/A
DHRM,$1.62,1440609063115,"3,000",Not yet rated,NULL,N/A
DFRG,$14.2,1440609063141,"68,020",100% bearish,of 1 rating,$20
DCTH,$0.388,1440609063171,"315,934",78% bullish,of 9 ratings,N/A
DGAS,$20.49,1440609063223,"16,347",67% bearish,of 3 ratings,N/A
DELTW,NULL,1440609063271,0,Not yet rated,NULL,N/A
DELT,$2.65,1440609063450,400,Not yet rated,NULL,N/A
DENN,$11.24,1440609063597,"92,076",100% bullish,of 3 ratings,$15
XRAY,$51.485,1440609063655,"167,314",100% bullish,of 1 rating,$58
DEPO,$27.34,1440609063727,"149,739",60% bullish,of 5 ratings,$29
DEST,$11.33,1440609063918,"37,422",50% bullish,of 2 ratings,N/A
DERM,$24.23,1440609063946,"49,700",100% bearish,of 1 rating,$33.50
DXCM,$89.93,1440609064083,"241,096",57% bullish,of 7 ratings,$98
DXLG,$4.52,1440609064110,"131,201",100% bearish,of 1 rating,$8
DSWL,$1.71,1440609064131,"57,990",100% bullish,of 1 rating,N/A
DHIL,$189,1440609064164,"1,252",Not yet rated,NULL,N/A
DXM,$0.3101,1440609064185,"58,365",50% bullish,of 2 ratings,N/A
DSCI,$5.63,1440609064266,"19,386",50% bullish,of 2 ratings,$16
DMND,$27.92,1440609064325,"74,293",75% bullish,of 12 ratings,$32
DHXM,NULL,1440609064350,0,Not yet rated,NULL,N/A
FANG,$60.87,1440609064483,"236,667",50% bullish,of 2 ratings,$86.50
DCIX,$1.51,1440609064629,"52,193",50% bullish,of 4 ratings,$3.50
DRNA,$9.835,1440609064772,"19,215",67% bearish,of 3 ratings,$25
DGII,$9.5,1440609065134,"10,731",100% bearish,of 1 rating,$10
DRAD,$3.68,1440609065292,"4,800",100% bullish,of 1 rating,$5.25
APPS,$2.285,1440609065313,"50,775",100% bearish,of 1 rating,$10.25
DPRX,$12.35,1440609065348,"3,402",100% bullish,of 2 ratings,$27.75
DMRC,$32.95,1440609065369,"78,979",100% bearish,of 1 rating,$44
DGLY,$7.87,1440609065401,"322,821",50% bullish,of 6 ratings,$20
DCOM,$16.4,1440609065441,"40,264",100% bearish,of 2 ratings,$16.50
DIOD,$19.09,1440609065500,"44,670",75% bearish,of 4 ratings,$24
DISCK,$24.91,1440609065600,"764,481",100% bearish,of 1 rating,$32
DSCO,$0.3588,1440609065677,"136,024",83% bullish,of 6 ratings,$2.75
DISH,$57.34,1440609065709,"414,091",69% bullish,of 13 ratings,$73
DISCA,$26.11,1440609065730,"924,503",67% bullish,of 3 ratings,$34
DVCR,NULL,1440609065876,0,100% bullish,of 1 rating,N/A
DISCB,$25.45,1440609065923,12,100% bearish,of 1 rating,$35
BAGR,$2.7285,1440609065950,"18,786",100% bearish,of 1 rating,$6
DLHC,$2.4197,1440609065971,"2,421",100% bearish,of 1 rating,N/A
DNBF,$26.1,1440609066223,"1,926",Not yet rated,NULL,$27.50
DGICA,$14.05,1440609066301,"4,915",100% bearish,of 1 rating,$17
DLTR,$74.4956,1440609066355,"565,467",82% bullish,of 11 ratings,$88
HILL,$9.67,1440609066381,"1,539,385",60% bearish,of 5 ratings,$9.75
DGICB,NULL,1440609066408,0,100% bearish,of 1 rating,N/A
DMLP,$13.58,1440609066554,"17,307",100% bearish,of 1 rating,N/A
DORM,$50.065,1440609066580,"77,506",100% bearish,of 1 rating,$56
DRWI,$0.229,1440609066613,"65,300",60% bullish,of 5 ratings,$.45
DRWIW,$0.046,1440609066749,"1,400",Not yet rated,NULL,N/A
DWA,$19.64,1440609066770,"310,896",63% bullish,of 8 ratings,$26
DRYS,$0.3512,1440609066808,"1,377,450",77% bullish,of 31 ratings,$.60
DSPG,$8.38,1440609066849,"11,525",100% bearish,of 1 rating,$13.50
DSKX,$3.12,1440609066979,"65,297",100% bullish,of 1 rating,N/A
CADTR,NULL,1440609067112,0,Not yet rated,NULL,N/A
CADTW,NULL,1440609067164,0,Not yet rated,NULL,N/A
DTSI,$26.05,1440609067206,"22,949",100% bearish,of 2 ratings,$39.50
CADT,NULL,1440609067231,0,Not yet rated,NULL,N/A
CADTU,NULL,1440609067252,0,Not yet rated,NULL,N/A
DRRX,$1.876,1440609067309,"216,148",50% bullish,of 6 ratings,$3
DXPE,$26.64,1440609067513,"64,931",50% bullish,of 2 ratings,N/A
BOOM,$8.96,1440609067549,"46,480",67% bullish,of 3 ratings,$12
DYAX,$22.28,1440609067578,"206,708",89% bullish,of 9 ratings,$30
DYNT,$2.95,1440609067641,"3,348",75% bullish,of 4 ratings,N/A
DNKN,$50.21,1440609067679,"349,848",67% bullish,of 15 ratings,$56.50
DVAX,$25.68,1440609067736,"69,135",70% bullish,of 10 ratings,$40
DYSL,$1.4334,1440609067761,"68,890",100% bullish,of 2 ratings,N/A
ETFC,$24.535,1440609067901,"1,296,615",57% bullish,of 14 ratings,$33
EGLE,$6.22,1440609068041,"4,100",60% bullish,of 5 ratings,N/A
EBMT,$11.16,1440609068070,"1,745",Not yet rated,NULL,$13.50
EGBN,$40.98,1440609068091,"50,490",Not yet rated,NULL,$48
EGRX,$74.07,1440609068121,"176,381",67% bullish,of 3 ratings,$97
EROC,$1.24,1440609068250,"163,976",50% bullish,of 2 ratings,$3
ELNK,$7.91,1440609068284,"261,550",60% bullish,of 5 ratings,$9.50
EWBC,$37.42,1440609068310,"732,710",100% bearish,of 1 rating,$50
EACQU,$10.2,1440609068394,"1,000",Not yet rated,NULL,N/A
EBAY,$25.41,1440609068454,"3,775,764",81% bullish,of 117 ratings,$48
EBIX,$26.335,1440609068527,"98,101",69% bullish,of 13 ratings,$40
EVBS,$6.5,1440609068591,"1,518",Not yet rated,NULL,$7
EML,$16.78,1440609068612,"3,557",Not yet rated,NULL,N/A
ECTE,$1.43,1440609068694,"5,736",75% bullish,of 4 ratings,N/A
ELON,$0.5301,1440609068743,"66,140",50% bullish,of 2 ratings,N/A
ECHO,$22.83,1440609068770,"101,754",67% bearish,of 3 ratings,$35.50
SATS,$42.3275,1440609068903,"31,112",50% bullish,of 2 ratings,$60
EEI,$10.99,1440609069003,402,67% bearish,of 3 ratings,N/A
ESES,$3.0501,1440609069054,286,100% bearish,of 1 rating,$7
ECACU,$10.06,1440609069102,"4,100",Not yet rated,NULL,N/A
EDUC,$4.9,1440609069150,"1,233",100% bearish,of 1 rating,N/A
EDGW,$6.63,1440609069178,"6,707",100% bearish,of 1 rating,N/A
EDAP,$3.4094,1440609069234,"68,537",60% bullish,of 5 ratings,$4.50
EFUT,$4.2843,1440609069308,400,Not yet rated,NULL,N/A
EGAN,$3.2601,1440609069438,"22,151",50% bullish,of 2 ratings,$6.25
EGLT,$10.265,1440609069539,"21,846",50% bullish,of 2 ratings,$21
EMITF,$1.204,1440609069574,"2,765",75% bullish,of 4 ratings,N/A
EHTH,$13.46,1440609069599,"22,611",50% bullish,of 4 ratings,$16.50
LOCO,$11.58,1440609069625,"282,164",69% bullish,of 13 ratings,$20
ESLT,$74.5139,1440609069677,"12,704",67% bullish,of 3 ratings,N/A
ERI,$9.4,1440609069810,"34,274",100% bearish,of 1 rating,$10
ELRC,$10.36,1440609069839,"15,462",100% bearish,of 1 rating,N/A
EA,$64.015,1440609069943,"1,408,702",77% bullish,of 35 ratings,$80
EFII,$42.65,1440609069984,"66,770",80% bullish,of 5 ratings,$55
ELSE,$3.85,1440609070027,206,60% bullish,of 5 ratings,N/A
ESIO,$4.17,1440609070080,"77,728",50% bullish,of 2 ratings,$10
ELEC,NULL,1440609070185,0,Not yet rated,NULL,N/A
ELECW,NULL,1440609070254,0,Not yet rated,NULL,N/A
ELECU,NULL,1440609070280,0,Not yet rated,NULL,N/A
EBIO,$3.1028,1440609070301,"222,782",100% bearish,of 2 ratings,$8.35
LONG,$16.51,1440609070469,"54,405",67% bullish,of 3 ratings,$15.75
RDEN,$10.31,1440609070499,"26,948",100% bearish,of 4 ratings,$15
CAPX,NULL,1440609070528,0,Not yet rated,NULL,N/A
ESBK,$19.9399,1440609070631,"1,000",Not yet rated,NULL,N/A
ELTK,$1.1201,1440609070657,"19,133",67% bearish,of 3 ratings,N/A
EMCF,NULL,1440609070683,0,100% bearish,of 1 rating,N/A
EMCI,$22.48,1440609070730,"7,743",Not yet rated,NULL,N/A
EMKR,$6.84,1440609070834,"51,429",75% bullish,of 4 ratings,$8.50
EMMS,$1.13,1440609070964,"12,343",67% bullish,of 6 ratings,N/A
EMMSP,NULL,1440609070991,0,100% bearish,of 1 rating,N/A
NYNY,$4.09,1440609071016,"25,023",50% bullish,of 2 ratings,N/A
ENTA,$39.01,1440609071046,"60,666",50% bullish,of 2 ratings,$42
ECPG,$38.34,1440609071151,"46,665",100% bullish,of 2 ratings,$52
ERS,$2.766,1440609071178,"3,000",Not yet rated,NULL,N/A
ENDP,$73.4,1440609071233,"558,569",50% bullish,of 6 ratings,$104
WIRE,$30.7,1440609071363,"13,618",100% bearish,of 1 rating,$37
ELGX,$12.32,1440609071391,"196,274",75% bullish,of 4 ratings,$17
EIGI,$14.79,1440609071520,"359,492",67% bearish,of 3 ratings,$22.50
ECYT,$4.99,1440609071649,"99,708",83% bullish,of 6 ratings,$12
EFOI,$17.47,1440609071674,"561,269",50% bullish,of 2 ratings,$20.50
WATT,$6.026,1440609071698,"108,852",50% bullish,of 2 ratings,$13
ERII,$2.63,1440609071727,"45,856",80% bullish,of 5 ratings,$2.50
ENPH,$4.4,1440609071900,"252,800",75% bullish,of 4 ratings,$11
EXXI,$1.4,1440609071930,"675,802",86% bullish,of 7 ratings,$3.50
ENOC,$8.23,1440609071962,"70,688",75% bullish,of 4 ratings,$18
ENG,$0.994,1440609072013,"38,053",100% bullish,of 3 ratings,N/A
ENFC,$17.82,1440609072064,800,Not yet rated,NULL,N/A
ESGR,$144.224,1440609072141,"17,475",100% bearish,of 1 rating,$185
ENTL,$21.63,1440609072284,"6,340",Not yet rated,NULL,$28
ETRM,$0.2363,1440609072338,"436,568",69% bearish,of 35 ratings,$1.625
ENTG,$13.28,1440609072415,"127,543",100% bearish,of 1 rating,$18
EBTC,$21,1440609072440,"1,704",Not yet rated,NULL,N/A
EFSC,$23.35,1440609072465,"6,545",Not yet rated,NULL,$27
ENVI,$1.81,1440609072607,"1,580",67% bullish,of 3 ratings,N/A
EGT,$2.08,1440609072672,400,100% bullish,of 1 rating,N/A
ENZN,$0.9747,1440609072698,"103,202",100% bullish,of 9 ratings,N/A
EPZM,$16.79,1440609072826,"65,200",60% bullish,of 5 ratings,$34
PLUS,$74.25,1440609072852,"13,392",50% bullish,of 2 ratings,$88
ENZY,$9.098,1440609072876,"2,270",67% bullish,of 3 ratings,$9.50
EPRS,$4.625,1440609072913,"32,753",82% bullish,of 11 ratings,$15
EPIQ,$12.93,1440609072934,"31,388",100% bearish,of 1 rating,$18
EQIX,$253.34,1440609073066,"191,192",75% bullish,of 4 ratings,$312.50
EQFN,NULL,1440609073096,0,100% bearish,of 1 rating,N/A
EAC,$3.12,1440609073229,"7,211",100% bearish,of 1 rating,$8
ERIC,$9.52,1440609073292,"1,509,456",67% bullish,of 9 ratings,$12.20
ERIE,$80.47,1440609073317,"5,883",Not yet rated,NULL,$73
ESCA,$16.7629,1440609073448,"4,174",100% bearish,of 1 rating,$22
ESCRP,$1.1801,1440609073473,"1,477",100% bearish,of 1 rating,N/A
ESSA,$12.68,1440609073652,"2,600",100% bearish,of 1 rating,N/A
ESMC,NULL,1440609073680,0,Not yet rated,NULL,N/A
ESPR,$50.14,1440609073704,"342,104",70% bearish,of 10 ratings,$123
EPIX,$5.23,1440609073734,"1,000",Not yet rated,NULL,N/A
ESND,$33.13,1440609073766,"37,711",100% bearish,of 2 ratings,$40
ESCR,$0.1599,1440609073788,"2,922",50% bullish,of 2 ratings,N/A
ETSY,$12.71,1440609073866,"177,659",80% bullish,of 5 ratings,$16
CLWT,$2.56,1440609073925,500,100% bearish,of 1 rating,N/A
EEFT,$63.23,1440609074101,"63,674",100% bearish,of 1 rating,$67.50
ESSX,$0.4,1440609074187,"10,138",50% bullish,of 2 ratings,N/A
ESEA,$5.69,1440609074243,200,100% bullish,of 1 rating,$15
EVK,$3.55,1440609074283,"3,850",75% bearish,of 4 ratings,N/A
EVEP,$7.25,1440609074375,"158,342",50% bullish,of 2 ratings,$15
EXA,$10.8,1440609074411,"3,443",100% bearish,of 1 rating,$13
EVOK,$3.75,1440609074469,"43,884",100% bearish,of 1 rating,$13.375
EVLV,$2.075,1440609074503,"58,785",60% bullish,of 5 ratings,$6.50
EXAS,$19.71,1440609074642,"262,401",78% bullish,of 9 ratings,$31
EVOL,$5.82,1440609074672,"4,764",75% bullish,of 4 ratings,$10
EXAC,$17.8925,1440609074693,"5,716",100% bearish,of 1 rating,$22.50
EXFO,$2.7,1440609074781,"2,400",67% bearish,of 3 ratings,$3.95
EXLS,$35.005,1440609074888,"27,148",50% bullish,of 2 ratings,$41
EXEL,$5.21,1440609074918,"1,469,648",81% bullish,of 16 ratings,$6
EXPE,$110.95,1440609074944,"495,362",64% bullish,of 11 ratings,$130
EXPD,$48.14,1440609075019,"676,200",80% bullish,of 5 ratings,$52
EXPO,$41.57,1440609075152,"23,272",100% bearish,of 1 rating,$45.50
EXLP,$18,1440609075323,"48,165",100% bearish,of 1 rating,$25
ESRX,$81.24,1440609075364,"1,051,642",67% bearish,of 6 ratings,$101
EYEG,$3.62,1440609075394,"21,655",Not yet rated,NULL,N/A
EYEGW,NULL,1440609075424,0,Not yet rated,NULL,N/A
EXTR,$2.67,1440609075449,"181,815",80% bullish,of 5 ratings,$3
EZCH,$20.525,1440609075502,"36,300",75% bullish,of 8 ratings,$19.50
EZPW,$5.85,1440609075583,"117,817",50% bullish,of 4 ratings,$7.50
FFIV,$119.79,1440609075716,"307,373",63% bullish,of 8 ratings,$132
FB,$84.2928,1440609075744,"13,594,502",73% bullish,of 1066 ratings,$111
FRP,$15.29,1440609075846,"44,170",100% bearish,of 1 rating,$18
FCS,$12.97,1440609075892,"243,339",67% bearish,of 3 ratings,$17
FWM,$2.375,1440609075923,"33,868",100% bearish,of 2 ratings,$3.20
DAVE,$13.985,1440609075951,"3,337",100% bearish,of 1 rating,$15.50
FALC,$1.5999,1440609076026,"21,743",63% bearish,of 8 ratings,N/A
FARM,$21.22,1440609076187,"10,513",100% bearish,of 1 rating,$35
FMNB,$7.97,1440609076213,"1,850",Not yet rated,NULL,N/A
FAST,$37.76,1440609076262,"795,781",80% bullish,of 5 ratings,$45.50
FFKT,$26.12,1440609076287,"5,180",Not yet rated,NULL,$29
FARO,$36.98,1440609076348,"31,385",50% bullish,of 2 ratings,$48
FBSS,$15.51,1440609076449,300,Not yet rated,NULL,N/A
FATE,$6.18,1440609076478,"14,260",50% bullish,of 2 ratings,$11
FBRC,$21.62,1440609076504,"14,608",100% bearish,of 1 rating,$29
FNHC,$21.4,1440609076695,"84,706",100% bearish,of 1 rating,$35
FDML,$8.29,1440609076731,"56,613",50% bullish,of 4 ratings,$14
FENX,$9.38,1440609076878,"46,858",100% bullish,of 1 rating,$14.25
FEIC,$73.15,1440609076923,"58,046",50% bullish,of 2 ratings,$95.50
FHCO,$1.305,1440609076948,"21,226",50% bullish,of 4 ratings,N/A
FCSC,$5.31,1440609077011,"62,019",100% bearish,of 1 rating,$8.125
ONEQ,$179.103,1440609077036,"17,730",100% bullish,of 1 rating,N/A
FDUS,$13.478,1440609077170,"31,740",50% bullish,of 2 ratings,$18
LION,$18.43,1440609077241,"45,492",100% bullish,of 1 rating,$20
FGEN,$22.29,1440609077271,"86,014",100% bearish,of 1 rating,$39
FSC,$6.1301,1440609077343,"357,670",60% bullish,of 5 ratings,$8
FSAM,$8.19,1440609077416,"3,778",100% bearish,of 1 rating,$10.25
FSCFL,$23.99,1440609077448,"2,570",Not yet rated,NULL,N/A
FRGI,$50.6,1440609077480,"37,589",50% bullish,of 2 ratings,$70
FITB,$18.75,1440609077550,"4,281,027",54% bullish,of 13 ratings,$22
FSFR,$8.64,1440609077578,"34,535",100% bearish,of 1 rating,$11.50
FITBI,$27.11,1440609077743,"3,945",Not yet rated,NULL,N/A
FNJN,$1.59,1440609077887,"15,512",100% bearish,of 1 rating,$5
FNSR,$15.15,1440609077918,"413,513",71% bullish,of 7 ratings,$24.50
FISI,$24.37,1440609077947,"2,991",100% bullish,of 2 ratings,$24.50
FNGN,$31.797,1440609077973,"131,194",67% bullish,of 3 ratings,$47
FNTC,NULL,1440609078016,0,Not yet rated,NULL,N/A
FNTCU,$10.15,1440609078078,10,Not yet rated,NULL,N/A
FNTCW,NULL,1440609078117,0,Not yet rated,NULL,N/A
FEYE,$36.91,1440609078306,"1,566,239",87% bullish,of 15 ratings,$55.50
FBNC,$16.67,1440609078360,"1,676",100% bullish,of 1 rating,$20
FNLC,$18.27,1440609078389,"3,893",100% bullish,of 1 rating,N/A
BUSE,$6.3,1440609078453,"12,192",Not yet rated,NULL,$6.875
FBIZ,$44.02,1440609078606,"16,466",100% bearish,of 2 ratings,$52
FRBA,$6.05,1440609078661,"10,900",Not yet rated,NULL,$8
FCVA,$4.6,1440609078766,845,Not yet rated,NULL,N/A
FCAP,$27.02,1440609078824,202,Not yet rated,NULL,N/A
FCLF,NULL,1440609078895,0,Not yet rated,NULL,N/A
FCFS,$38.325,1440609078953,"96,522",100% bearish,of 3 ratings,$48
FCNCA,$230,1440609078974,"1,035",Not yet rated,NULL,N/A
FCBC,$17.06,1440609079024,"3,685",Not yet rated,NULL,$18
FCCO,$11.81,1440609079053,"1,904",Not yet rated,NULL,$13.25
FCFP,$6.9,1440609079121,201,Not yet rated,NULL,N/A
FBNK,$16.6,1440609079189,"13,385",100% bearish,of 1 rating,$17.50
FFNM,$6.37,1440609079286,200,Not yet rated,NULL,N/A
FDEF,$37.01,1440609079315,"11,249",Not yet rated,NULL,$38
FFBC,$17.69,1440609079447,"52,815",67% bearish,of 3 ratings,$20.25
FFBCW,NULL,1440609079493,0,100% bearish,of 1 rating,N/A
THFF,$32.74,1440609079641,"3,516",Not yet rated,NULL,$35
FFIN,$29.75,1440609079697,"37,405",50% bullish,of 2 ratings,$31.75
FFWM,$20.724,1440609079735,"11,174",Not yet rated,NULL,$24
INBK,$29.52,1440609079766,"5,380",50% bullish,of 2 ratings,$37
FFNW,$11.83,1440609079787,"17,121",Not yet rated,NULL,$14
FRME,$25.35,1440609079867,"47,579",Not yet rated,NULL,$26.50
FMBH,NULL,1440609079933,0,Not yet rated,NULL,N/A
FIBK,$26.07,1440609080010,"27,577",Not yet rated,NULL,$32
FMBI,$16.85,1440609080066,"89,469",Not yet rated,NULL,$20
FNFG,$8.605,1440609080142,"882,025",80% bullish,of 5 ratings,$9
FNBC,$33.36,1440609080170,"11,452",Not yet rated,NULL,$40
FNWB,$11.72,1440609080195,"5,568",Not yet rated,NULL,N/A
FSFG,NULL,1440609080337,0,Not yet rated,NULL,N/A
FSLR,$44.29,1440609080383,"608,756",74% bullish,of 39 ratings,$65
FSGI,$2.47,1440609080435,"6,172",Not yet rated,NULL,N/A
FSBK,$7.49,1440609080536,"3,308",100% bullish,of 1 rating,N/A
BICK,$18.78,1440609080568,300,100% bullish,of 1 rating,N/A
FCAN,$22.9399,1440609080608,225,Not yet rated,NULL,N/A
FBZ,$9.74,1440609080670,200,Not yet rated,NULL,N/A
FV,$22.31,1440609080697,"1,345,199",100% bearish,of 1 rating,N/A
FTCS,$35.193,1440609080839,"8,653",100% bearish,of 1 rating,N/A
FCA,$18.8088,1440609080881,460,Not yet rated,NULL,N/A
FEMB,$41.88,1440609080910,18,Not yet rated,NULL,N/A
IFV,$17.3101,1440609080931,"587,434",100% bearish,of 1 rating,N/A
FTSM,$59.87,1440609081009,"3,935",100% bearish,of 1 rating,N/A
TDIV,$23.5286,1440609081116,"163,014",100% bearish,of 1 rating,N/A
MDIV,$18.7194,1440609081307,"137,252",Not yet rated,NULL,N/A
FTHI,$18.68,1440609081382,"8,700",Not yet rated,NULL,N/A
FTGC,$21.6,1440609081473,"15,587",Not yet rated,NULL,N/A
FEUZ,$31.2,1440609081526,"10,810",Not yet rated,NULL,N/A
HYLS,$48.88,1440609081552,"13,157",100% bearish,of 1 rating,N/A
FHK,$31.98,1440609081577,"22,196",Not yet rated,NULL,N/A
FGM,$35.165,1440609081598,"26,726",Not yet rated,NULL,N/A
YDIV,NULL,1440609081630,0,Not yet rated,NULL,N/A
FPXI,NULL,1440609081780,0,Not yet rated,NULL,N/A
SKYY,$27.6201,1440609081808,"31,108",100% bullish,of 1 rating,N/A
CU,$11.792,1440609081885,"5,645",100% bearish,of 1 rating,N/A
PLTM,$6.14,1440609082013,"6,307",100% bearish,of 1 rating,N/A
FTLB,NULL,1440609082049,0,100% bearish,of 1 rating,N/A
FJP,$46,1440609082107,"14,823",Not yet rated,NULL,N/A
FMB,NULL,1440609082209,0,Not yet rated,NULL,N/A
LMBS,$50.57,1440609082237,100,Not yet rated,NULL,N/A
QABA,$36.01,1440609082265,"7,279",100% bearish,of 1 rating,N/A
CIBR,$17.33,1440609082339,"36,717",Not yet rated,NULL,N/A
QCLN,$13.98,1440609082411,"15,252",Not yet rated,NULL,N/A
FONE,$33.7899,1440609082438,100,Not yet rated,NULL,N/A
GRID,NULL,1440609082475,0,100% bearish,of 1 rating,N/A
RDVY,$20.2101,1440609082572,"4,348",Not yet rated,NULL,N/A
CARZ,$33.5713,1440609082605,"2,698",100% bearish,of 1 rating,N/A
QQEW,$39.9501,1440609082704,"100,876",Not yet rated,NULL,N/A
QQXT,$38.73,1440609082757,"19,236",Not yet rated,NULL,N/A
QTEC,$37.905,1440609082781,"13,996",Not yet rated,NULL,N/A
QINC,$19.552,1440609083027,"4,121",Not yet rated,NULL,N/A
FTSL,$48.416,1440609083123,"50,034",100% bearish,of 1 rating,N/A
AIRR,$15.6,1440609083154,"1,328",100% bearish,of 1 rating,N/A
FDIV,$46.42,1440609083184,934,100% bearish,of 1 rating,N/A
FSZ,$38.825,1440609083212,"30,342",Not yet rated,NULL,N/A
FKO,$22.59,1440609083251,300,Not yet rated,NULL,N/A
TUSA,$23.8099,1440609083312,"5,938",Not yet rated,NULL,N/A
FTW,NULL,1440609083337,0,Not yet rated,NULL,N/A
FUNC,$8.13,1440609083380,200,Not yet rated,NULL,N/A
FKU,$40.65,1440609083522,"14,910",Not yet rated,NULL,N/A
FMER,$17.26,1440609083671,"511,251",50% bullish,of 2 ratings,$20
SVVC,$9.325,1440609083719,"7,328",50% bullish,of 2 ratings,$26
FSV,$30.86,1440609083745,"2,900",Not yet rated,NULL,$33.60
FISV,$81.8,1440609083876,"581,826",100% bearish,of 3 ratings,$90
FIVE,$35.055,1440609083907,"172,293",75% bearish,of 4 ratings,$44
FPRX,$17.71,1440609083939,"160,679",50% bullish,of 2 ratings,$35
FIVN,$4.03,1440609084038,"101,400",100% bullish,of 1 rating,$8.50
FLKS,$12.23,1440609084116,"18,091",50% bullish,of 2 ratings,$27
FLML,$20.97,1440609084145,"44,257",50% bullish,of 2 ratings,$30
SKOR,$50.2,1440609084205,100,Not yet rated,NULL,N/A
FLXS,$30.475,1440609084303,"6,891",100% bearish,of 2 ratings,N/A
FLXN,$22.795,1440609084331,"32,699",100% bearish,of 1 rating,$40
MBSD,$24.9,1440609084357,700,Not yet rated,NULL,N/A
FLEX,$10.08,1440609084400,"921,738",63% bullish,of 8 ratings,$12
FLIR,$27.2,1440609084547,"228,892",100% bearish,of 1 rating,$38.50
FFIC,$19.733,1440609084715,"39,913",Not yet rated,NULL,$21
FOGO,$18.118,1440609084787,"23,853",50% bullish,of 2 ratings,$25.50
FES,$0.92,1440609084855,"19,749",50% bullish,of 2 ratings,$1
FOMX,$9.44,1440609084881,"45,448",50% bullish,of 2 ratings,$23.50
FLDM,$11.495,1440609084912,"130,349",67% bearish,of 3 ratings,$21.50
FONR,$9.45,1440609084952,"23,699",100% bullish,of 1 rating,N/A
FORM,$6.06,1440609085110,"97,176",67% bullish,of 3 ratings,$10.50
FORR,$31.075,1440609085139,"14,885",Not yet rated,NULL,N/A
FORTY,$30.979,1440609085160,731,100% bearish,of 1 rating,N/A
FBIO,$2.5,1440609085200,"47,570",83% bullish,of 6 ratings,N/A
FWRD,$45.01,1440609085289,"36,560",100% bearish,of 1 rating,$50
FTNT,$41.27,1440609085320,"356,901",80% bullish,of 10 ratings,$52
FORD,$1.62,1440609085420,"7,151,733",67% bullish,of 3 ratings,N/A
FWP,$25.3195,1440609085452,"29,903",100% bearish,of 1 rating,$45
FOSL,$57.7,1440609085626,"332,397",60% bearish,of 5 ratings,$80
FOXF,$15.11,1440609085758,"27,627",100% bearish,of 1 rating,$19
FELE,$27.84,1440609085818,"48,131",50% bullish,of 4 ratings,$33
FXCB,$17.01,1440609085846,"4,628",Not yet rated,NULL,$19
FREE,$0.346,1440609085867,"204,322",92% bullish,of 12 ratings,N/A
FRED,$12.76,1440609085899,"62,387",50% bullish,of 2 ratings,$16.50
FMI,$20.57,1440609085927,"51,286",100% bearish,of 2 ratings,$27.50
FRAN,$10.71,1440609086000,"264,160",50% bullish,of 4 ratings,$15
FRPT,$12.11,1440609086146,"115,803",67% bearish,of 3 ratings,$23.50
RAIL,$19.46,1440609086173,"31,494",100% bearish,of 1 rating,$24.50
FEIM,$10.51,1440609086226,"2,086",100% bearish,of 1 rating,N/A
FRPH,$30.52,1440609086473,"1,039",100% bearish,of 1 rating,N/A
FTRPR,$96.22,1440609086532,"46,694",100% bearish,of 1 rating,N/A
FTR,$4.7399,1440609086570,"8,935,134",78% bullish,of 27 ratings,$6.25
FSBW,$22.9999,1440609086597,438,Not yet rated,NULL,N/A
FTD,$28.81,1440609086626,"27,423",100% bearish,of 1 rating,$40
FULL,$3.07,1440609086675,"15,509",67% bearish,of 3 ratings,$4.25
FSYS,$6.1347,1440609086731,"19,092",67% bullish,of 3 ratings,$10
FTEK,$2.0201,1440609086802,"51,698",75% bullish,of 4 ratings,N/A
FCEL,$0.72,1440609086890,"377,025",88% bullish,of 41 ratings,$2.65
FULLL,$25.15,1440609087020,272,Not yet rated,NULL,N/A
FLL,$1.47,1440609087051,"13,835",75% bullish,of 4 ratings,$3.50
FULT,$11.715,1440609087099,"322,356",100% bearish,of 1 rating,$13
FSNN,NULL,1440609087151,0,67% bullish,of 3 ratings,$6
FFHL,$0.883,1440609087196,"1,100",50% bullish,of 4 ratings,N/A
FXEN,$0.79,1440609087329,"26,060",75% bullish,of 4 ratings,$1.10
FXENP,$15.86,1440609087355,560,100% bearish,of 1 rating,N/A
GK,$66.08,1440609087408,"30,284",Not yet rated,NULL,$78
WILC,$4.854,1440609087439,"5,000",100% bullish,of 2 ratings,N/A
GAIA,$5.85,1440609087499,"4,812",50% bullish,of 2 ratings,$8.50
GLPG,$60.0982,1440609087533,"42,639",100% bullish,of 1 rating,$75
GALT,$1.78,1440609087661,"22,200",80% bullish,of 5 ratings,N/A
GALTW,NULL,1440609087699,0,100% bullish,of 1 rating,N/A
GALTU,NULL,1440609087724,0,100% bearish,of 1 rating,N/A
GALE,$1.48,1440609087797,"881,623",89% bullish,of 47 ratings,$4
GLMD,$8.56,1440609087930,"41,175",67% bullish,of 3 ratings,$20.50
GLPI,$31.06,1440609088094,"217,924",100% bearish,of 1 rating,$37.50
GPIC,$10.6,1440609088122,159,100% bearish,of 1 rating,N/A
GGACR,NULL,1440609088174,0,100% bullish,of 1 rating,N/A
GRMN,$37.058,1440609088236,"317,779",50% bullish,of 6 ratings,$46.50
GGACU,$10.02,1440609088274,872,Not yet rated,NULL,N/A
GGACW,$0.11,1440609088301,"17,010",Not yet rated,NULL,N/A
GGAC,$9.85,1440609088329,189,100% bearish,of 1 rating,N/A
GENC,$9.49,1440609088354,220,100% bearish,of 1 rating,N/A
GFN,$3.53,1440609088595,"9,702",100% bearish,of 2 ratings,$8
GARS,$14.05,1440609088621,"18,259",Not yet rated,NULL,$16
GNCMA,$16.62,1440609088671,"52,293",100% bearish,of 1 rating,$12
GFNCP,NULL,1440609088696,0,Not yet rated,NULL,N/A
GENE,$2.02,1440609088748,"59,453",100% bullish,of 12 ratings,N/A
GFNSL,$25.63,1440609088902,"1,000",Not yet rated,NULL,N/A
GNMK,$9.24,1440609088975,"49,809",67% bullish,of 6 ratings,$14
GNTX,$15.01,1440609089032,"880,553",Not yet rated,NULL,$20
GNVC,$2.3,1440609089058,"13,408",90% bullish,of 10 ratings,$8.50
THRM,$41.8,1440609089079,"240,714",75% bearish,of 4 ratings,$55.50
GNCA,$11.98,1440609089121,"30,641",100% bearish,of 1 rating,$20
GHDX,$24.52,1440609089143,"38,825",50% bullish,of 2 ratings,$30
GTWN,NULL,1440609089205,0,Not yet rated,NULL,N/A
GEOS,$13.98,1440609089312,"48,087",100% bearish,of 3 ratings,$21
GERN,$2.9,1440609089504,"931,699",88% bullish,of 16 ratings,$5.25
GABC,$28.77,1440609089534,"4,155",Not yet rated,NULL,$31
GEVO,$2.2401,1440609089641,"305,816",75% bullish,of 12 ratings,$5
ROCK,$16.23,1440609089668,"24,243",80% bullish,of 5 ratings,$24
GIGA,$1.44,1440609089803,"2,268",100% bearish,of 1 rating,N/A
GILD,$103.65,1440609089824,"4,093,125",91% bullish,of 87 ratings,$129
GIGM,$0.5602,1440609089859,"4,000",100% bullish,of 2 ratings,N/A
GBCI,$24.3,1440609089898,"173,874",50% bullish,of 2 ratings,$31
GIII,$63.87,1440609089957,"47,231",67% bullish,of 3 ratings,$75
GILT,$4.19,1440609090043,"1,599",50% bullish,of 2 ratings,N/A
GLAD,$8.14,1440609090109,"55,225",50% bullish,of 2 ratings,$8.75
GOODN,$25.27,1440609090135,300,Not yet rated,NULL,N/A
GOOD,$14.24,1440609090270,"53,324",Not yet rated,NULL,$19
GLADO,$25.4,1440609090312,725,Not yet rated,NULL,N/A
GOODO,$25,1440609090414,400,Not yet rated,NULL,N/A
GAINO,$25.1301,1440609090543,"1,837",Not yet rated,NULL,N/A
GOODP,$25.25,1440609090594,15,Not yet rated,NULL,N/A
GAINP,$26,1440609090623,"2,644",Not yet rated,NULL,N/A
GAIN,$7.25,1440609090649,"83,604",100% bullish,of 2 ratings,$8.25
GAINN,$25.15,1440609090732,"16,489",Not yet rated,NULL,N/A
GLBZ,$11.0101,1440609090780,150,Not yet rated,NULL,N/A
LAND,$9.12,1440609090809,"7,784",50% bullish,of 2 ratings,$13.75
GBT,$40.21,1440609090836,"100,580",100% bearish,of 1 rating,N/A
GBLI,$26.66,1440609090986,"1,799",Not yet rated,NULL,N/A
GDEF,NULL,1440609091011,0,Not yet rated,NULL,N/A
ENT,$11.005,1440609091075,"231,523",100% bearish,of 1 rating,$18
GPACU,NULL,1440609091177,0,Not yet rated,NULL,N/A
GSOL,$8.2,1440609091202,"10,317",100% bearish,of 1 rating,N/A
ACTX,$12.5599,1440609091353,100,100% bullish,of 1 rating,N/A
QQQC,$18.0328,1440609091398,"3,390",100% bearish,of 1 rating,N/A
SOCL,$16.6543,1440609091430,"27,235",100% bullish,of 2 ratings,N/A
SRET,NULL,1440609091459,0,Not yet rated,NULL,N/A
ALTY,NULL,1440609091530,0,Not yet rated,NULL,N/A
GAI,$5.82,1440609091562,746,50% bullish,of 2 ratings,N/A
YLCO,NULL,1440609091659,0,Not yet rated,NULL,N/A
GSM,$12.245,1440609091689,"250,746",50% bullish,of 2 ratings,$23
GBIM,$2.06,1440609091757,"19,403",50% bullish,of 2 ratings,N/A
GLRI,$1.02,1440609091785,"4,100",100% bearish,of 1 rating,$4.25
GLBS,$1.0101,1440609091846,"2,500",67% bullish,of 3 ratings,N/A
GLUU,$4.12,1440609091976,"754,998",92% bullish,of 26 ratings,$9
GLYC,$6.69,1440609092001,"10,117",50% bullish,of 2 ratings,$14
GOGO,$14.8,1440609092155,"295,896",80% bullish,of 5 ratings,$25
GMLP,$17.386,1440609092187,"59,089",50% bullish,of 4 ratings,$32.50
GLNG,$33.41,1440609092213,"294,807",83% bullish,of 6 ratings,$58
GOGL,$2.56,1440609092293,"154,314",75% bullish,of 4 ratings,$5
GLDC,NULL,1440609092365,0,50% bullish,of 2 ratings,N/A
GDEN,$8.9501,1440609092392,"4,956",50% bullish,of 2 ratings,N/A
GBDC,$16.44,1440609092420,"90,669",Not yet rated,NULL,$17.75
GTIM,$6.35,1440609092518,"18,341",Not yet rated,NULL,$11.50
GOOG,$605.97,1440609092567,"915,275",89% bullish,of 70 ratings,$825
GPRO,$44.2,1440609092647,"3,522,286",78% bullish,of 58 ratings,$72
GOOGL,$637.61,1440609092680,"915,714",88% bullish,of 1080 ratings,$749
GMAN,$4.068,1440609092701,"68,308",60% bullish,of 5 ratings,$8.50
GPIAU,NULL,1440609092840,0,Not yet rated,NULL,N/A
GPIA,NULL,1440609092909,0,Not yet rated,NULL,N/A
GPIAW,NULL,1440609093047,0,Not yet rated,NULL,N/A
LOPE,$36.15,1440609093075,"61,089",100% bearish,of 2 ratings,$50
GBSNU,NULL,1440609093102,0,NULL,NULL,NULL
GRVY,$3.25,1440609093176,550,50% bullish,of 2 ratings,N/A
GBSN,$0.355,1440609093204,"5,526,446",100% bearish,of 1 rating,$8.25
GLDD,$5.207,1440609093264,"75,842",100% bearish,of 4 ratings,$7.75
GSBC,$38.97,1440609093350,"3,084",100% bullish,of 1 rating,$44
GRBK,$12.205,1440609093450,"63,140",77% bullish,of 13 ratings,N/A
GPP,$13.1346,1440609093478,"30,960",Not yet rated,NULL,$20.50
GNBC,$11,1440609093518,"5,696",100% bearish,of 1 rating,$16.50
GPRE,$17.85,1440609093653,"161,395",67% bullish,of 6 ratings,$28.50
GCBC,$28.5,1440609093682,14,100% bullish,of 1 rating,N/A
GLRE,$23.56,1440609093708,"40,428",50% bullish,of 2 ratings,$41
GRIF,$30.75,1440609093732,300,100% bearish,of 1 rating,N/A
GRPN,$4.02,1440609093907,"3,349,577",61% bullish,of 71 ratings,$6.75
GRFS,$30.27,1440609093935,"44,729",50% bullish,of 2 ratings,$35
GGAL,$18,1440609093962,"79,998",80% bullish,of 5 ratings,$40
OMAB,$37.84,1440609094090,"18,635",100% bullish,of 1 rating,$44
GTXI,$0.7953,1440609094115,"10,276",100% bullish,of 5 ratings,$.75
GSVC,$8.2596,1440609094259,"12,891",50% bullish,of 2 ratings,$14.50
GSIT,$4.7,1440609094286,"2,203",100% bearish,of 1 rating,N/A
GSIG,$12.35,1440609094312,"33,970",100% bearish,of 2 ratings,N/A
GBNK,$15.29,1440609094341,"6,610",100% bearish,of 1 rating,$18
GFED,$14.775,1440609094442,300,Not yet rated,NULL,$17
GULTU,$0.3,1440609094531,"60,800",100% bearish,of 1 rating,N/A
GUID,$6.78,1440609094572,"37,399",100% bearish,of 3 ratings,$10
GURE,$1.59,1440609094699,"10,878",88% bullish,of 8 ratings,N/A
GIFI,$11.17,1440609094738,"22,534",100% bearish,of 1 rating,$16
GWPH,$99.98,1440609094788,"40,205",78% bullish,of 9 ratings,$148.50
GPOR,$32.56,1440609094817,"486,185",75% bullish,of 4 ratings,$55
GWGH,$7.1101,1440609094921,"1,400",100% bearish,of 1 rating,$15.05
HEES,$17.01,1440609094950,"148,550",67% bearish,of 3 ratings,$31
GYRO,NULL,1440609095010,0,100% bearish,of 1 rating,N/A
HLG,NULL,1440609095051,0,100% bearish,of 1 rating,N/A
HNRG,$7.4,1440609095202,"70,663",100% bearish,of 1 rating,$10
HALL,$11,1440609095232,"7,591",Not yet rated,NULL,N/A
HBK,$13.74,1440609095269,304,50% bullish,of 2 ratings,N/A
HMPR,$1.81,1440609095299,"22,364",100% bullish,of 1 rating,N/A
HALO,$16.62,1440609095324,"484,896",67% bullish,of 3 ratings,$22.50
HNH,$25.99,1440609095516,644,100% bullish,of 1 rating,N/A
HBHCL,$24.3899,1440609095575,"15,461",Not yet rated,NULL,N/A
HBHC,$25.74,1440609095602,"108,596",50% bullish,of 2 ratings,$30
HNSN,$0.4987,1440609095755,"22,474",88% bullish,of 8 ratings,$.40
HDNG,$9.51,1440609095782,"6,589",50% bullish,of 4 ratings,N/A
HQCL,$10.8675,1440609095840,"41,090",67% bullish,of 3 ratings,$14
HAFC,$23.55,1440609095912,"34,637",100% bullish,of 2 ratings,$28.50
HLIT,$5.52,1440609095938,"113,713",100% bearish,of 1 rating,$6.50
HRMN,NULL,1440609095965,0,Not yet rated,NULL,N/A
HRMNU,NULL,1440609096192,0,Not yet rated,NULL,N/A
HBIO,$4.42,1440609096221,"25,133",Not yet rated,NULL,$10
TINY,$2.49,1440609096261,"3,450",50% bullish,of 2 ratings,$5.26
HRMNW,NULL,1440609096349,0,Not yet rated,NULL,N/A
HCAP,$12.131,1440609096414,"2,964",50% bullish,of 2 ratings,$15
HCAPL,$25.3,1440609096447,"2,080",Not yet rated,NULL,N/A
HART,$0.9,1440609096473,"64,105",100% bearish,of 1 rating,N/A
HAS,$71.895,1440609096547,"408,553",63% bullish,of 8 ratings,$84.50
HA,$22.19,1440609096618,"199,984",67% bullish,of 9 ratings,$27
HCOM,$21.9,1440609096758,"6,877",100% bearish,of 1 rating,$28
HWBK,NULL,1440609096849,0,100% bearish,of 1 rating,N/A
HWKN,$35.29,1440609096953,"9,191",Not yet rated,NULL,N/A
HCSG,$32.84,1440609097058,"59,430",50% bullish,of 4 ratings,$35
HAYN,$35.54,1440609097096,"19,191",100% bearish,of 1 rating,$59
HQY,$28.14,1440609097128,"47,372",67% bullish,of 3 ratings,$31
HDS,$31.32,1440609097154,"1,175,104",100% bearish,of 2 ratings,$39.50
HSTM,$24.18,1440609097186,"15,588",50% bullish,of 2 ratings,$33.75
HIIQ,$4.35,1440609097226,"3,746",50% bullish,of 2 ratings,$7
HWAY,$11.91,1440609097294,"73,002",100% bearish,of 1 rating,$15
HTLD,$20.0199,1440609097454,"112,399",Not yet rated,NULL,$22.50
HSII,$19.7,1440609097555,"29,248",100% bullish,of 3 ratings,$25
HTBX,$5.04,1440609097586,"14,466",50% bullish,of 2 ratings,$15.50
HTWR,$80.99,1440609097614,"48,986",50% bullish,of 2 ratings,$103
HELE,$82.73,1440609097687,"65,760",67% bearish,of 3 ratings,$100
HTLF,$35.2,1440609097714,"12,241",100% bullish,of 1 rating,$39.50
HNNA,$24.43,1440609097913,"4,582",Not yet rated,NULL,N/A
HMNY,$2.27,1440609097955,200,100% bearish,of 1 rating,N/A
HMTV,$13.25,1440609097984,"22,558",100% bearish,of 1 rating,$16
HCACU,$9.9505,1440609098009,"2,000",Not yet rated,NULL,N/A
HSIC,$133.77,1440609098082,"96,424",83% bullish,of 6 ratings,$146
HERO,NULL,1440609098140,0,NULL,NULL,NULL
HTBK,$10.6,1440609098183,"11,606",Not yet rated,NULL,$12
HCCI,$10.85,1440609098447,"11,813",100% bearish,of 1 rating,$16.50
HFWA,$17.33,1440609098477,"6,946",100% bullish,of 1 rating,$20
HEOP,$7.61,1440609098498,"2,892",Not yet rated,NULL,$8.50
MLHR,$26.47,1440609098521,"86,734",50% bullish,of 2 ratings,$33.50
HRTX,$31.84,1440609098554,"243,990",67% bullish,of 6 ratings,$41
HFFC,$15.85,1440609098734,"2,540",Not yet rated,NULL,N/A
HSKA,$32.75,1440609098894,"9,209",100% bearish,of 1 rating,$38
HIBB,$37.77,1440609098962,"195,220",100% bearish,of 1 rating,$46.50
HIHO,$3.8326,1440609098997,"10,231",Not yet rated,NULL,N/A
HIFS,$115.76,1440609099018,"1,082",Not yet rated,NULL,N/A
HIMX,$6.3,1440609099040,"413,696",86% bullish,of 21 ratings,$8.50
HPJ,$2.19,1440609099099,"17,199",75% bullish,of 4 ratings,$12.43
HSGX,$5.62,1440609099125,"1,300",100% bearish,of 1 rating,$17
HMNF,$11.14,1440609099383,477,Not yet rated,NULL,N/A
HOLI,$16.8,1440609099412,"113,961",50% bullish,of 4 ratings,$27
HOLX,$37.88,1440609099440,"807,500",67% bullish,of 3 ratings,$42
HBCP,$24.35,1440609099549,"2,047",Not yet rated,NULL,$29
HMSY,$9.78,1440609099590,"523,203",67% bullish,of 3 ratings,$19.35
AWAY,$26.99,1440609099654,"209,297",67% bullish,of 3 ratings,$36
HOMB,$36.91,1440609099686,"72,810",Not yet rated,NULL,$42
HFBL,$21.54,1440609099793,200,Not yet rated,NULL,N/A
HMIN,$26.42,1440609099858,"59,414",100% bearish,of 2 ratings,$35
HTBI,$17.97,1440609099946,"12,633",67% bullish,of 3 ratings,$18.625
HMST,$21.62,1440609099971,"55,827",100% bullish,of 2 ratings,$27
CETC,$0.69,1440609100018,"34,152",86% bullish,of 7 ratings,N/A
HKTV,$4.43,1440609100147,"23,145",100% bearish,of 1 rating,N/A
HBNC,$22.705,1440609100198,"8,178",100% bullish,of 1 rating,$27
HFBC,$10.9699,1440609100224,"4,117",Not yet rated,NULL,N/A
HOFT,$22.95,1440609100288,"9,917",100% bearish,of 1 rating,N/A
HZNP,$28.05,1440609100353,"571,635",85% bullish,of 20 ratings,$40
HRZN,$10.05,1440609100422,"29,415",50% bullish,of 2 ratings,$14.25
ZINC,$7.01,1440609100448,"192,041",100% bearish,of 1 rating,$17
HDP,$22.65,1440609100614,"167,291",67% bearish,of 3 ratings,$30.50
HMHC,$21.885,1440609100696,"613,184",Not yet rated,NULL,$27
HWCC,$7.2,1440609100770,"20,459",100% bearish,of 1 rating,$9
HSNI,$60.16,1440609101009,"78,853",Not yet rated,NULL,$80
HTGM,$5.555,1440609101041,"5,911",100% bearish,of 1 rating,$19.50
HCBK,$8.97,1440609101062,"799,131",83% bullish,of 6 ratings,$8.61
HBMD,$14.41,1440609101143,100,100% bearish,of 1 rating,N/A
HUBG,$36.895,1440609101195,"23,280",100% bearish,of 1 rating,$43
HOVNP,$3.88,1440609101221,"1,100",100% bearish,of 1 rating,N/A
HSON,$2.53,1440609101274,"4,003",100% bearish,of 1 rating,$5
HDSN,$3.02,1440609101350,"4,689",100% bullish,of 1 rating,$6.25
HBAN,$10.325,1440609101445,"2,970,535",76% bullish,of 17 ratings,$12.29
HBANP,$1350,1440609101486,25,100% bearish,of 1 rating,N/A
HURC,$28.7,1440609101515,"3,200",100% bearish,of 1 rating,N/A
HTCH,$1.42,1440609101614,"42,908",100% bearish,of 1 rating,$3.50
HURN,$72.09,1440609101641,"72,334",50% bullish,of 2 ratings,$80
HBP,$3.06,1440609101768,"6,673",100% bullish,of 1 rating,N/A
HDRA,NULL,1440609101962,0,Not yet rated,NULL,N/A
HDRAR,NULL,1440609101987,0,Not yet rated,NULL,N/A
IDSY,$3.7002,1440609102145,"75,949",100% bearish,of 1 rating,$7
HDRAU,NULL,1440609102176,0,Not yet rated,NULL,N/A
HDRAW,NULL,1440609102247,0,Not yet rated,NULL,N/A
HYGS,$7.76,1440609102276,"14,045",50% bullish,of 2 ratings,$13
IACI,$67.3,1440609102306,"260,670",75% bullish,of 4 ratings,$90
IKGH,$1.5084,1440609102327,"8,072",75% bullish,of 4 ratings,N/A
IBKC,$57.55,1440609102407,"65,715",100% bullish,of 1 rating,$70
ICAD,$3.37,1440609102511,"65,130",50% bullish,of 2 ratings,$7.25
IEP,$68.0783,1440609102621,"33,087",75% bullish,of 4 ratings,$99
ICFI,$33.955,1440609102648,"21,339",50% bullish,of 2 ratings,$48.50
ICLR,$76.78,1440609102781,"187,565",100% bearish,of 3 ratings,$85
ICON,$12.48,1440609102857,"345,001",50% bullish,of 2 ratings,$18.50
IPWR,$7.1801,1440609103005,"8,589",100% bullish,of 1 rating,$15
IDRA,$2.6201,1440609103031,"447,462",89% bullish,of 9 ratings,$6.50
INVE,$4.2,1440609103114,"13,738",75% bullish,of 4 ratings,$4
DSKY,$10.59,1440609103181,"62,722",67% bullish,of 6 ratings,$11.50
ICUI,$110.685,1440609103285,"17,604",Not yet rated,NULL,$122
IDXX,$70.3,1440609103336,"130,338",100% bearish,of 1 rating,$77
IROQ,$16.761,1440609103383,"1,050",100% bullish,of 1 rating,N/A
IIVI,$16.83,1440609103435,"58,884",100% bearish,of 1 rating,$22
KANG,$14.76,1440609103477,"203,728",50% bullish,of 2 ratings,$22.55
IRG,$4.57,1440609103525,"16,441",100% bearish,of 1 rating,$4.50
RXDX,$12.39,1440609103554,"41,557",100% bullish,of 1 rating,$20
IKAN,$2.7201,1440609103659,"28,035",83% bullish,of 6 ratings,$5
IKNX,$11.95,1440609103838,100,100% bearish,of 1 rating,N/A
ISNS,$3.96,1440609104019,"6,480",50% bullish,of 2 ratings,N/A
ILMN,$189.81,1440609104154,"1,135,214",80% bullish,of 5 ratings,$240
IMDZ,$14.4,1440609104179,"49,196",100% bearish,of 1 rating,$33
ICCC,$7.66,1440609104209,"7,043",100% bullish,of 1 rating,N/A
IPXL,$42.17,1440609104312,"170,481",67% bullish,of 3 ratings,$46.50
IMMR,$11.62,1440609104370,"36,328",80% bullish,of 5 ratings,$15.50
IMGN,$13.0999,1440609104443,"356,724",75% bullish,of 4 ratings,$17.50
IMNP,$1.13,1440609104471,"86,226",50% bullish,of 2 ratings,$6
SAAS,$7.27,1440609104575,"107,715",50% bullish,of 2 ratings,$15
INCR,$41.02,1440609104660,"62,254",50% bullish,of 2 ratings,$53
INDB,$43.565,1440609104792,"17,457",Not yet rated,NULL,$44
IBCP,$13.96,1440609104851,"30,296",100% bullish,of 1 rating,$14.50
IMMY,$7.29,1440609104880,"6,802",100% bearish,of 1 rating,$11
INCY,$102.07,1440609104901,"322,765",50% bullish,of 6 ratings,$125.50
IMMU,$1.85,1440609104929,"222,033",86% bullish,of 7 ratings,$2
IDSA,$3.35,1440609105197,"5,156",Not yet rated,NULL,N/A
IBTX,$38.82,1440609105262,"17,530",100% bullish,of 2 ratings,$47.25
INFI,$8.61,1440609105293,"189,381",50% bullish,of 4 ratings,$18
III,$3.98,1440609105314,"7,320",57% bullish,of 7 ratings,$6
INFN,$20.575,1440609105367,"1,130,753",71% bullish,of 7 ratings,$28
IPCC,$77.375,1440609105499,"5,056",Not yet rated,NULL,$77.50
IMKTA,$50.63,1440609105560,"27,625",100% bearish,of 1 rating,N/A
IFON,$1.22,1440609105668,"9,380",75% bullish,of 4 ratings,N/A
INOD,$2.39,1440609105754,"10,620",100% bearish,of 1 rating,N/A
INWK,$6.85,1440609105800,"41,798",50% bullish,of 2 ratings,$10
INNL,$12.4,1440609105829,"1,365",100% bearish,of 1 rating,$16.50
IPHS,$45.69,1440609105931,"28,787",100% bearish,of 1 rating,$60
ITEK,$11.17,1440609106106,"279,769",100% bearish,of 3 ratings,$20
ISSC,$2.88,1440609106131,"3,438",67% bearish,of 3 ratings,N/A
INGN,$45.43,1440609106163,"55,382",100% bearish,of 1 rating,$50.50
IOSP,$46.96,1440609106184,"116,664",100% bearish,of 1 rating,N/A
INO,$6.5,1440609106316,"355,001",89% bullish,of 18 ratings,$20
NSIT,$25.21,1440609106343,"65,132",50% bullish,of 2 ratings,N/A
INOV,$20.42,1440609106364,"184,071",100% bearish,of 1 rating,$33
ISIG,$2.6,1440609106508,"4,700",100% bearish,of 1 rating,N/A
INSM,$22.837,1440609106597,"134,601",71% bullish,of 7 ratings,$31.50
PODD,$28.49,1440609106734,"106,559",67% bearish,of 3 ratings,$35
IIIN,$17.17,1440609106796,"24,763",100% bearish,of 2 ratings,N/A
IDTI,$17.17,1440609106879,"646,267",60% bullish,of 5 ratings,$25
INSY,$31.7,1440609106938,"154,698",75% bullish,of 4 ratings,$48
NTEC,$5.5,1440609107033,"17,400",100% bearish,of 1 rating,N/A
INTC,$26.55,1440609107054,"12,522,866",82% bullish,of 238 ratings,$36
IESC,$7.25,1440609107092,"1,493",100% bearish,of 1 rating,N/A
ISSI,$21.75,1440609107121,"100,378",67% bullish,of 3 ratings,$19.75
IART,$58.29,1440609107223,"153,387",100% bearish,of 1 rating,$71.50
IQNT,$17.91,1440609107266,"60,578",86% bullish,of 7 ratings,$20
IPCI,$2.0924,1440609107457,"42,793",67% bullish,of 6 ratings,$8
IBKR,$36.97,1440609107593,"174,529",100% bullish,of 1 rating,N/A
ININ,$34.62,1440609107659,"21,867",67% bearish,of 3 ratings,$57
ICLD,$1.77,1440609107687,"83,628",75% bullish,of 4 ratings,N/A
IPAR,$25.35,1440609107713,"15,079",67% bullish,of 3 ratings,$38
IDCC,$47.38,1440609107910,"67,670",80% bullish,of 5 ratings,$63
IMI,$2,1440609108069,"100,135",67% bullish,of 3 ratings,$2.22
ICLDW,NULL,1440609108097,0,100% bearish,of 1 rating,N/A
ICPT,$173.4,1440609108119,"123,407",70% bullish,of 10 ratings,$359.50
TILE,$23.43,1440609108173,"189,110",100% bearish,of 3 ratings,$27
IBOC,$24.31,1440609108282,"32,665",100% bearish,of 1 rating,N/A
INAP,$7.7975,1440609108383,"57,704",75% bullish,of 4 ratings,$11
IGLD,$6.9701,1440609108411,"3,215",50% bullish,of 2 ratings,N/A
ISCA,$30.45,1440609108451,"42,019",100% bearish,of 1 rating,N/A
IIJI,$10.13,1440609108558,100,50% bullish,of 2 ratings,$11.50
INPH,$0.29,1440609108636,"12,900",50% bullish,of 2 ratings,N/A
PTNT,$2.77,1440609108715,"10,402",Not yet rated,NULL,N/A
ISIL,$9.99,1440609108882,"229,791",50% bullish,of 6 ratings,$15
IVAC,$4.66,1440609109040,"8,511",100% bearish,of 1 rating,$6.625
INTLL,$25.5,1440609109180,"3,350",Not yet rated,NULL,N/A
IILG,$19.42,1440609109210,"43,874",100% bearish,of 1 rating,$29
IIN,$6.02,1440609109231,100,100% bearish,of 1 rating,$12
INTL,$25.58,1440609109260,"28,291",67% bearish,of 3 ratings,N/A
XENT,$25,1440609109291,"41,131",50% bullish,of 2 ratings,$36.50
INTX,$2.045,1440609109395,"125,618",67% bullish,of 3 ratings,N/A
ITCI,$24.965,1440609109528,"282,985",75% bearish,of 4 ratings,$40
INTU,$82.29,1440609109559,"1,195,731",86% bullish,of 7 ratings,$107.50
INVT,$0.2699,1440609109584,"26,302",67% bullish,of 3 ratings,N/A
SNAK,$8.315,1440609109632,"76,446",50% bullish,of 2 ratings,$14
ISRG,$502.33,1440609109782,"55,231",67% bullish,of 3 ratings,$600
ISBC,$11.355,1440609109951,"661,424",100% bullish,of 1 rating,$13.25
ITIC,$71,1440609109980,600,100% bearish,of 2 ratings,N/A
ISTR,$15.75,1440609110003,502,100% bearish,of 1 rating,$18.50
IPAS,$1.07,1440609110024,"1,884",67% bullish,of 3 ratings,N/A
NVIV,$9.4097,1440609110061,"90,592",50% bullish,of 4 ratings,$24.50
IVTY,$13.43,1440609110082,"5,154",Not yet rated,NULL,$18
DTUL,NULL,1440609110217,0,Not yet rated,NULL,N/A
DFVL,NULL,1440609110322,0,Not yet rated,NULL,N/A
IPGP,$83.7875,1440609110377,"97,621",100% bearish,of 2 ratings,$109.50
IRIX,$6.7,1440609110467,"26,511",100% bearish,of 1 rating,N/A
IPCM,$79.07,1440609110507,"54,412",50% bullish,of 2 ratings,$80.125
IRMD,$24.8376,1440609110596,"2,261",67% bearish,of 3 ratings,$25
IRDM,$6.82,1440609110684,"175,211",60% bullish,of 5 ratings,$11.50
IRBT,$27.64,1440609110845,"118,043",67% bullish,of 6 ratings,$37
IRWD,$10.7399,1440609110871,"236,178",100% bearish,of 1 rating,$13
FCHI,NULL,1440609110899,0,NULL,NULL,NULL
IRCP,NULL,1440609111003,0,100% bullish,of 2 ratings,N/A
IRDMB,$271.95,1440609111055,906,67% bearish,of 3 ratings,N/A
COMT,$30.99,1440609111134,"3,136",100% bearish,of 1 rating,N/A
GNMA,$50.2299,1440609111189,"2,588",Not yet rated,NULL,N/A
IFAS,NULL,1440609111212,0,NULL,NULL,NULL
IFEU,$37.58,1440609111233,"14,896",Not yet rated,NULL,N/A
IFNA,NULL,1440609111400,0,NULL,NULL,NULL
IFGL,$27.9225,1440609111425,"18,092",Not yet rated,NULL,N/A
AXJS,NULL,1440609111556,0,NULL,NULL,NULL
AAXJ,$51.27,1440609111588,"746,618",Not yet rated,NULL,N/A
AAIT,NULL,1440609111688,0,NULL,NULL,NULL
ACWX,$39.65,1440609111716,"665,893",100% bearish,of 1 rating,N/A
ACWI,$53.94,1440609111766,"965,909",Not yet rated,NULL,N/A
EEME,NULL,1440609111817,0,NULL,NULL,NULL
EMEY,NULL,1440609111848,0,NULL,NULL,NULL
EMDI,NULL,1440609111872,0,NULL,NULL,NULL
EGRW,NULL,1440609111950,0,NULL,NULL,NULL
EEMA,$48,1440609111979,"5,177",Not yet rated,NULL,N/A
EVAL,NULL,1440609112113,0,NULL,NULL,NULL
EEML,$26.42,1440609112157,"1,886",Not yet rated,NULL,N/A
EUFN,$21.4799,1440609112242,"280,137",100% bearish,of 1 rating,N/A
IEUS,$44.7112,1440609112302,"3,888",100% bearish,of 1 rating,N/A
UAE,$16.815,1440609112522,300,Not yet rated,NULL,N/A
QAT,$20.285,1440609112552,688,Not yet rated,NULL,N/A
SOXX,$77.35,1440609112627,"282,069",50% bullish,of 2 ratings,N/A
WOOD,$46.5031,1440609112654,"4,631",50% bullish,of 2 ratings,N/A
IBB,$328.165,1440609112680,"540,027",63% bullish,of 8 ratings,N/A
EMIF,$27.26,1440609112873,"30,846",Not yet rated,NULL,N/A
IGOV,$91.905,1440609112899,"27,436",100% bearish,of 1 rating,N/A
ICLN,$9.128,1440609112933,"9,234",50% bullish,of 2 ratings,N/A
INDY,$26.8649,1440609112960,"67,449",50% bullish,of 2 ratings,N/A
ISLE,$15.95,1440609112988,"95,951",50% bullish,of 4 ratings,$16
ISIS,$47.06,1440609113041,"737,079",53% bullish,of 15 ratings,$67
ISRL,$125,1440609113227,115,100% bearish,of 1 rating,N/A
ISHG,$80.566,1440609113360,"22,767",100% bearish,of 1 rating,N/A
ITRI,$29.675,1440609113406,"106,195",Not yet rated,NULL,$37
ITRN,$23.58,1440609113551,"1,286",50% bullish,of 2 ratings,N/A
XXIA,$14.8901,1440609113633,"84,223",71% bullish,of 7 ratings,$14.625
JJSF,$112.28,1440609113660,"18,155",100% bearish,of 1 rating,N/A
MAYS,NULL,1440609113791,0,Not yet rated,NULL,N/A
ITUS,NULL,1440609113817,0,Not yet rated,NULL,N/A
IXYS,$10.36,1440609113838,"32,226",50% bullish,of 4 ratings,N/A
JCOM,$65.65,1440609114007,"62,297",100% bullish,of 2 ratings,$77
JACK,$78.98,1440609114040,"130,905",83% bullish,of 6 ratings,$105
JKHY,$67.3,1440609114061,"333,996",50% bullish,of 2 ratings,$72
JBHT,$72.1,1440609114081,"403,884",50% bullish,of 4 ratings,$89.50
JXSB,$23.95,1440609114212,400,Not yet rated,NULL,N/A
JASO,$7.26,1440609114263,"380,194",82% bullish,of 17 ratings,$10
JAXB,$12.28,1440609114310,"64,500",100% bullish,of 1 rating,N/A
JAGX,$3.2,1440609114411,"1,600",Not yet rated,NULL,N/A
JMBA,$13.28,1440609114606,"61,536",75% bullish,of 4 ratings,$18
JAKK,$9.11,1440609114631,"187,000",60% bearish,of 5 ratings,$11
JD,$24.86,1440609114690,"3,419,573",75% bullish,of 16 ratings,$36
JASN,$4.71,1440609114823,"8,629",50% bullish,of 2 ratings,$9.50
JAZZ,$159.72,1440609114878,"131,836",80% bullish,of 15 ratings,$206.50
JRVR,$26.41,1440609114904,"26,754",Not yet rated,NULL,$32
ERW,NULL,1440609114963,0,Not yet rated,NULL,N/A
JTPY,$2.92,1440609115051,920,100% bearish,of 1 rating,N/A
JASNW,NULL,1440609115083,0,50% bullish,of 2 ratings,N/A
JBLU,$21.55,1440609115123,"2,355,173",94% bullish,of 18 ratings,$27
JCTCF,$9.5,1440609115185,100,100% bullish,of 1 rating,N/A
DATE,$5.69,1440609115290,"77,057",75% bullish,of 4 ratings,$9
JST,$3.73,1440609115430,"17,273",75% bullish,of 4 ratings,N/A
WYIGU,$10.01,1440609115502,"64,843",Not yet rated,NULL,N/A
JBSS,$51.76,1440609115532,"17,934",67% bearish,of 3 ratings,N/A
JIVE,$4.22,1440609115632,"217,967",75% bullish,of 4 ratings,$5
JOUT,$22.6,1440609115663,"5,686",100% bearish,of 1 rating,$34
JOEZ,$0.1801,1440609115688,"148,587",92% bullish,of 12 ratings,N/A
JUNO,$34.9038,1440609115762,"516,935",73% bullish,of 11 ratings,$71.50
JNP,$9.37,1440609115828,"9,715",100% bullish,of 3 ratings,$15
KBIO,$2.14,1440609115894,"116,895",50% bullish,of 4 ratings,N/A
KTWO,$20.96,1440609115923,"39,542",100% bearish,of 1 rating,$28.50
KALU,$78.54,1440609115989,"33,982",67% bearish,of 3 ratings,$91
KMDA,$3.28,1440609116195,"2,300",50% bullish,of 2 ratings,$8
KCLI,$46.097,1440609116228,"5,145",Not yet rated,NULL,N/A
KPTI,$12.66,1440609116299,"77,864",67% bearish,of 3 ratings,$39
KNDI,$5.943,1440609116325,"125,311",86% bullish,of 22 ratings,N/A
KBSF,$3.8,1440609116349,300,100% bullish,of 1 rating,N/A
KRNY,$11.2,1440609116456,"379,838",100% bearish,of 1 rating,$12
KCAP,$4.48,1440609116484,"77,887",75% bullish,of 4 ratings,$6
KELYA,$13.69,1440609116618,"58,111",67% bullish,of 6 ratings,$20
KELYB,NULL,1440609116646,0,50% bullish,of 2 ratings,N/A
KFFB,NULL,1440609116689,0,100% bearish,of 1 rating,N/A
