Symbol,Price,Date,Volume,Rating,RatingVoteCount,OneYearEstimate
PIH,$6.99,1440444003051,"10,700",100% bearish,of 1 rating,N/A
FLWS,$9.165,1440444003082,"163,209",100% bullish,of 5 ratings,$15
TFSCU,NULL,1440444003104,0,Not yet rated,NULL,N/A
DGLD,$77.54,1440444003135,"19,698",100% bearish,of 1 rating,N/A
TFSCR,NULL,1440444003156,0,Not yet rated,NULL,N/A
TFSC,NULL,1440444003178,0,100% bearish,of 1 rating,N/A
TFSCW,NULL,1440444003214,0,100% bearish,of 1 rating,N/A
FCTY,NULL,1440444003319,0,100% bullish,of 1 rating,$8.50
USLV,$13.045,1440444003573,"441,914",86% bullish,of 7 ratings,N/A
VNET,$17.51,1440444003637,"1,268,960",60% bullish,of 5 ratings,$29.50
SRCE,$28.7,1440444003668,"15,688",100% bullish,of 3 ratings,$33
UGLD,$9.745,1440444003689,"373,497",100% bearish,of 1 rating,N/A
TWOU,$33,1440444003727,"200,112",50% bullish,of 2 ratings,$39
DSLV,$67.1499,1440444003748,"34,063",100% bearish,of 1 rating,N/A
FCCY,$11.5,1440444003769,"1,100",100% bullish,of 1 rating,$13
JOBS,$25.41,1440444003984,"270,109",50% bullish,of 4 ratings,$36
SIXD,$1.34,1440444004122,"94,381",Not yet rated,NULL,N/A
EGHT,$7.89,1440444004315,"350,719",82% bullish,of 17 ratings,$11
ABGB,$4.36,1440444004590,"60,427",67% bullish,of 3 ratings,$5.50
ABY,$19.125,1440444004645,"462,922",100% bearish,of 2 ratings,$46
CAFD,$15.13,1440444004667,"237,985",Not yet rated,NULL,$25
AVHI,$13.62,1440444004701,"7,644",100% bearish,of 1 rating,$19
SHLM,$32.78,1440444004739,"51,943",100% bearish,of 1 rating,$50
ABEO,$4.3,1440444004800,"157,818",67% bullish,of 3 ratings,$15.50
AAON,$20.62,1440444004829,"49,122",100% bearish,of 1 rating,$24
ABAX,$45.97,1440444004855,"69,192",100% bearish,of 1 rating,$60
ABMD,$93.6,1440444005083,"616,488",75% bullish,of 4 ratings,$100.50
AXAS,$1.52,1440444005109,"678,936",78% bullish,of 9 ratings,$3.50
ACAD,$33.76,1440444005304,"590,572",80% bullish,of 20 ratings,$48
ACHC,$70.01,1440444005370,"809,356",50% bullish,of 2 ratings,$92
ABEOW,$1.5,1440444005395,"1,920",100% bullish,of 1 rating,N/A
ACTG,$8.57,1440444005458,"182,355",67% bullish,of 3 ratings,$18.50
ACST,$0.325,1440444005523,"18,415",100% bullish,of 2 ratings,N/A
AXDX,$18.0399,1440444005619,"114,694",100% bearish,of 1 rating,N/A
ANCX,$18.48,1440444005648,"21,708",Not yet rated,NULL,$19
XLRN,$27.33,1440444005719,"138,042",50% bullish,of 2 ratings,$57
VXDN,$2.04,1440444005748,"603,497",100% bearish,of 1 rating,N/A
ACRX,$3.86,1440444005852,"209,351",67% bearish,of 6 ratings,$5.50
ARAY,$6.33,1440444005986,"910,307",100% bearish,of 1 rating,$10.50
VXUP,$2.1799,1440444006007,"684,936",Not yet rated,NULL,N/A
AKAO,$5.86,1440444006139,"151,400",75% bullish,of 4 ratings,$15
ACET,$23.065,1440444006165,"55,229",75% bullish,of 4 ratings,$30
ACNB,$20,1440444006367,"18,044",Not yet rated,NULL,N/A
ACHN,$7.28,1440444006405,"2,213,034",90% bullish,of 21 ratings,$16
ACIW,$20.98,1440444006499,"211,149",50% bullish,of 2 ratings,$24
ACPW,$1.75,1440444006577,"62,336",100% bullish,of 4 ratings,$3.50
ATVI,$25.9325,1440444006637,"3,606,275",68% bullish,of 84 ratings,$31.50
ACTS,$1.59,1440444006659,"67,714",100% bearish,of 1 rating,N/A
ACTA,$13.45,1440444006689,"91,406",67% bearish,of 3 ratings,$25
ACOR,$29.02,1440444006739,"225,139",67% bearish,of 3 ratings,$38.50
ADMS,$18.95,1440444006963,"52,193",100% bearish,of 2 ratings,$36
ACXM,$19.5105,1440444007012,"308,914",67% bullish,of 3 ratings,N/A
ACUR,$0.5811,1440444007037,"48,857",100% bullish,of 5 ratings,$1
ADMP,$3.5,1440444007211,"34,771",50% bullish,of 2 ratings,$10
ADAP,$11.05,1440444007259,"110,520",67% bullish,of 3 ratings,$22
ADUS,$28.27,1440444007315,"22,698",100% bearish,of 1 rating,$31
AEY,$2.28,1440444007389,"6,500",100% bearish,of 2 ratings,N/A
ADEP,$6.6283,1440444007448,"42,789",50% bullish,of 2 ratings,$10.75
ADMA,$9.21,1440444007525,"16,634",Not yet rated,NULL,$19
ADBE,$73.8499,1440444007579,"2,533,860",65% bullish,of 17 ratings,$90
ADRO,$18.6601,1440444007666,"294,372",80% bullish,of 5 ratings,$45.50
AEIS,$23.68,1440444007759,"177,411",50% bullish,of 2 ratings,$32.50
ADTN,$15.08,1440444007798,"161,753",67% bullish,of 3 ratings,$17.125
ADXSW,$9.62,1440444008142,"6,078",100% bullish,of 1 rating,N/A
AMD,$1.7008,1440444008172,"7,155,783",83% bullish,of 103 ratings,$2
ADXS,$12.849,1440444008269,"572,730",64% bullish,of 14 ratings,$27
YPRO,$23.21,1440444008346,"1,358",100% bearish,of 1 rating,N/A
MULT,NULL,1440444008372,0,100% bearish,of 1 rating,N/A
AEGR,$17.035,1440444008504,"192,395",50% bullish,of 6 ratings,$26
AEPI,$54.22,1440444008636,"14,607",100% bearish,of 1 rating,N/A
AEHR,$2.211,1440444008667,"20,050",50% bullish,of 2 ratings,N/A
AMTX,$2.66,1440444008694,"17,938",50% bullish,of 2 ratings,$26.11
AEGN,$17.57,1440444008767,"78,462",100% bearish,of 1 rating,$21
AVAV,$23.122,1440444008926,"108,582",50% bullish,of 4 ratings,$31
AEZS,$0.0899,1440444008961,"8,536,915",90% bullish,of 21 ratings,$1.50
AERI,$15.45,1440444009058,"378,036",75% bullish,of 4 ratings,$31.50
AFMD,$9.79,1440444009087,"151,343",50% bullish,of 4 ratings,$15
AEMD,$6.72,1440444009218,"29,339",Not yet rated,NULL,$27.50
AGEN,$6.595,1440444009538,"782,212",85% bullish,of 13 ratings,$14
AGRX,$8.27,1440444009571,"32,866",100% bearish,of 1 rating,$17.50
AGIO,$79.65,1440444009668,"469,519",88% bullish,of 8 ratings,$114
AGFS,$9.85,1440444009698,"107,403",100% bearish,of 1 rating,N/A
AIMT,$20.0701,1440444009727,"90,541",Not yet rated,NULL,N/A
AIRM,$35.315,1440444009859,"136,954",80% bearish,of 5 ratings,$53
AFFX,$8.82,1440444009929,"433,816",80% bullish,of 5 ratings,$12
ATSG,$8.71,1440444010063,"120,660",67% bullish,of 3 ratings,$13
AMCN,$4.26,1440444010267,"963,367",83% bullish,of 6 ratings,N/A
AKBA,$6.2402,1440444010327,"161,528",100% bearish,of 1 rating,$18
AKAM,$66.05,1440444010353,"1,642,615",63% bullish,of 8 ratings,$77
AKER,$2.75,1440444010870,"21,578",Not yet rated,NULL,N/A
AKRX,$38.565,1440444010912,"759,114",78% bullish,of 9 ratings,$56
ALRM,$16.495,1440444011058,"154,834",100% bearish,of 1 rating,$22
AIXG,$5.69,1440444011097,"16,624",67% bearish,of 3 ratings,$5.25
AGYS,$9.285,1440444011350,"14,936",100% bearish,of 1 rating,N/A
AMRI,$18.9801,1440444011418,"255,783",75% bearish,of 4 ratings,$24
ABDC,$11.84,1440444011486,"102,592",Not yet rated,NULL,$15
ADHD,$7.81,1440444011588,"170,698",50% bullish,of 4 ratings,$18
AGFSW,$1.78,1440444011719,"18,028",100% bearish,of 2 ratings,N/A
ALDX,$7.06,1440444011877,"11,538",100% bearish,of 1 rating,$14.50
ALXN,$165.21,1440444011921,"1,154,354",88% bullish,of 8 ratings,$223
ALXA,$1.08,1440444012008,"7,960",83% bullish,of 6 ratings,$2.125
ALCO,$40.04,1440444012139,"9,506",50% bullish,of 2 ratings,N/A
AIRT,$21.99,1440444012511,616,100% bullish,of 1 rating,N/A
ALIM,$2.99,1440444012556,"86,041",80% bullish,of 5 ratings,$10
ALGN,$54.4,1440444012765,"254,071",100% bearish,of 2 ratings,$73
ALKS,$56.81,1440444012790,"500,863",67% bullish,of 3 ratings,$75
AHGP,$35.1162,1440444013568,"58,977",67% bullish,of 3 ratings,N/A
AIQ,$14.02,1440444013594,"8,640",67% bullish,of 3 ratings,N/A
ALSK,$2.03,1440444013622,"122,342",78% bullish,of 18 ratings,$2
AFOP,$16.51,1440444013650,"185,086",75% bullish,of 8 ratings,$21
ALDR,$35.88,1440444013783,"373,183",67% bearish,of 3 ratings,$62
AHPI,$1.4526,1440444013915,"1,189",50% bullish,of 2 ratings,N/A
ALLB,$22.39,1440444014082,"2,495",Not yet rated,NULL,N/A
ALGT,$209.3801,1440444014109,"63,127",100% bearish,of 1 rating,$235
ALQA,$4.25,1440444014153,"29,449",75% bullish,of 4 ratings,$8.50
AMOT,$17.6,1440444014243,"54,113",100% bearish,of 1 rating,N/A
ARLP,$23.82,1440444014283,"267,830",67% bearish,of 3 ratings,$32
ALLT,$4.975,1440444014314,"72,661",75% bullish,of 4 ratings,$6.25
MDRX,$13.1,1440444014414,"1,405,950",60% bullish,of 5 ratings,$16
AFAM,$44.02,1440444014512,"44,089",50% bullish,of 2 ratings,$44
ALNY,$92.5,1440444014613,"421,409",67% bullish,of 3 ratings,$148.50
AOSL,$7.41,1440444014638,"46,699",67% bullish,of 3 ratings,$9
SMCP,$21.8,1440444014775,400,Not yet rated,NULL,N/A
ASPS,$26.14,1440444014987,"258,766",67% bullish,of 3 ratings,$46.50
ALTR,$46.48,1440444015079,"2,268,351",80% bearish,of 5 ratings,$54
AIMC,$24.63,1440444015127,"39,242",100% bearish,of 2 ratings,$28.50
AMAG,$57.27,1440444015215,"402,489",100% bullish,of 2 ratings,$77.50
AMRK,$10.53,1440444015346,"3,929",50% bullish,of 2 ratings,$14
ATEC,$0.57,1440444015373,"162,614",100% bullish,of 1 rating,$2
AMRN,$1.96,1440444015447,"1,000,393",85% bullish,of 39 ratings,$8
AYA,$21.05,1440444015628,"97,840",100% bearish,of 1 rating,$40
AMZN,$462.1911,1440444015658,"4,038,445",81% bullish,of 263 ratings,$646
AMBC,$15.2,1440444015699,"163,124",100% bearish,of 1 rating,$16.50
AMBCW,NULL,1440444015761,0,100% bearish,of 1 rating,N/A
AMBA,$85.9113,1440444015974,"3,247,429",83% bullish,of 12 ratings,$102.50
EPAX,$2.68,1440444016076,"30,050",100% bearish,of 1 rating,N/A
AMCX,$65.89,1440444016117,"406,572",67% bullish,of 3 ratings,$87.50
AMDA,$0.4101,1440444016147,"1,287,598",90% bullish,of 10 ratings,$1
DOX,$55.7,1440444016207,"391,266",50% bullish,of 2 ratings,$60
ATAX,$5.17,1440444016253,"224,935",100% bullish,of 1 rating,$6.50
AMED,$37.56,1440444016280,"209,036",100% bearish,of 1 rating,$42
UHAL,$352.57,1440444016339,"17,954",100% bullish,of 2 ratings,$393.50
AAL,$37.35,1440444016604,"9,865,401",93% bullish,of 88 ratings,$57
AGNC,$19.29,1440444016663,"2,906,861",75% bullish,of 28 ratings,$22
ASBI,$22.2,1440444016688,950,Not yet rated,NULL,N/A
AMOV,$17.58,1440444016738,"5,266",100% bearish,of 1 rating,N/A
AGNCB,$24.0064,1440444016830,"11,976",Not yet rated,NULL,N/A
AGNCP,$25.15,1440444016988,"12,223",Not yet rated,NULL,N/A
MTGEP,$24.0001,1440444017014,"7,624",Not yet rated,NULL,N/A
ACAS,$13.19,1440444017143,"994,586",60% bullish,of 5 ratings,$16.75
ANCI,$1.4301,1440444017348,"1,230",100% bearish,of 1 rating,N/A
AMIC,$9.9739,1440444017382,594,Not yet rated,NULL,N/A
ACSF,$11.99,1440444017412,"18,007",100% bearish,of 1 rating,$15
AETI,$4.06,1440444017433,"2,639",67% bearish,of 3 ratings,N/A
MTGE,$15.29,1440444017489,"330,346",75% bullish,of 4 ratings,$19.50
ANAT,$97.19,1440444017706,"26,929",100% bullish,of 1 rating,N/A
AMNB,$22.7786,1440444017732,"9,405",Not yet rated,NULL,$25.50
ARII,$37.3543,1440444017892,"172,148",67% bearish,of 3 ratings,$45
AMRB,$9.95,1440444017918,"7,930",Not yet rated,NULL,$11
APEI,$21.26,1440444017944,"32,339",100% bearish,of 1 rating,$25.50
AMSC,$3.5,1440444018080,"73,789",50% bullish,of 4 ratings,N/A
ASEI,$38.56,1440444018107,"23,147",100% bearish,of 1 rating,$52.50
AMWD,$65.125,1440444018310,"137,147",50% bullish,of 2 ratings,$53
ABCB,$26.76,1440444018342,"91,644",Not yet rated,NULL,$31
AMSF,$47.25,1440444018451,"35,982",Not yet rated,NULL,$57.50
ASRVP,$27.5,1440444018516,400,Not yet rated,NULL,N/A
ASRV,$3.22,1440444018545,800,100% bullish,of 2 ratings,N/A
CRMT,$37.89,1440444018566,"36,998",100% bearish,of 1 rating,$39
AMSWA,$8.67,1440444018702,"46,429",100% bearish,of 2 ratings,$10.75
ATLO,$22.92,1440444018728,"6,220",Not yet rated,NULL,N/A
AMGN,$147.985,1440444019219,"3,410,533",89% bullish,of 19 ratings,$185
AMKR,$4.69,1440444019408,"1,488,220",100% bearish,of 2 ratings,$5
AMSG,$77.06,1440444019434,"276,085",100% bearish,of 1 rating,$85.50
AMPH,$12.935,1440444019460,"93,013",50% bullish,of 2 ratings,$20
FOLD,$13.4501,1440444019508,"1,109,215",56% bullish,of 9 ratings,$21
ANAC,$121.2499,1440444019831,"369,495",80% bullish,of 5 ratings,$180.50
ASYS,$4.9,1440444019857,"44,241",67% bullish,of 3 ratings,$12
ANAD,$0.31,1440444019913,"183,576",100% bullish,of 2 ratings,$.50
AMRS,$1.56,1440444019938,"138,084",70% bullish,of 10 ratings,N/A
AMSGP,$148.67,1440444020069,200,Not yet rated,NULL,N/A
AFSI,$57.25,1440444020168,"535,470",60% bullish,of 5 ratings,$72
ADI,$51.469,1440444020493,"2,450,856",67% bullish,of 3 ratings,$69
ANCB,$22.9999,1440444020524,"1,100",Not yet rated,NULL,$23
AMCF,$0.2451,1440444020588,"26,065",100% bullish,of 7 ratings,N/A
ALOG,$78.55,1440444020625,"41,134",100% bearish,of 2 ratings,$100.50
ANGI,$4.63,1440444020756,"804,542",64% bullish,of 11 ratings,$5.50
ABCW,$39.26,1440444020782,"6,682",67% bullish,of 3 ratings,N/A
ANIK,$33.2401,1440444020977,"102,162",60% bullish,of 5 ratings,$51.25
ANGO,$14.27,1440444021010,"31,695",67% bullish,of 3 ratings,$19
ANTH,$6.97,1440444021068,"1,064,393",80% bullish,of 10 ratings,$13
ANIP,$47.75,1440444021111,"146,638",89% bullish,of 19 ratings,$66
ATRS,$1.695,1440444021137,"634,589",92% bullish,of 12 ratings,$4.50
ANSS,$86.1,1440444021165,"345,048",100% bearish,of 1 rating,$100
ABAC,$0.6301,1440444021195,"27,863",100% bearish,of 1 rating,N/A
ATNY,$2.3404,1440444021222,"3,801",50% bullish,of 2 ratings,$3.75
APPF,$15.225,1440444021895,"53,770",50% bullish,of 2 ratings,$22
AAPL,$102.425,1440444021964,"83,148,697",86% bullish,of 2342 ratings,$150
APIC,$6.05,1440444022380,"118,157",100% bearish,of 1 rating,$19
ARCI,$1.3,1440444022410,362,Not yet rated,NULL,N/A
APDNW,$1.1442,1440444022483,"6,573",Not yet rated,NULL,N/A
APOG,$49.72,1440444022509,"115,082",100% bullish,of 1 rating,$67
AMAT,$15.02,1440444022536,"14,266,574",82% bullish,of 11 ratings,$23
AINV,$6.295,1440444022669,"1,960,853",50% bullish,of 4 ratings,$8
APOL,$10.61,1440444022695,"750,118",87% bearish,of 68 ratings,$14
AAOI,$19.1,1440444022855,"324,470",50% bullish,of 4 ratings,$26
AGTC,$15.1,1440444022891,"36,785",50% bullish,of 2 ratings,$33
AREX,$1.95,1440444022990,"694,138",100% bearish,of 1 rating,$3
AMCC,$5.18,1440444023082,"594,797",80% bullish,of 5 ratings,$8
APTO,$4.755,1440444023176,"5,951",Not yet rated,NULL,$17
APRI,$1.21,1440444023311,"102,773",83% bullish,of 6 ratings,$4.86
APDN,$3.07,1440444023352,"48,165",Not yet rated,NULL,$9
AQXP,$17.8222,1440444023448,"412,551",50% bullish,of 2 ratings,$2
AQMS,$4.66,1440444023477,"14,786",Not yet rated,NULL,N/A
AUMAU,$9.97,1440444023636,600,Not yet rated,NULL,N/A
PETX,$16.69,1440444023765,"240,890",100% bearish,of 2 ratings,$26
AUMAW,NULL,1440444023812,0,Not yet rated,NULL,N/A
AUMA,$9.81,1440444023849,500,Not yet rated,NULL,N/A
ABUS,$6.91,1440444023875,"260,698",86% bullish,of 14 ratings,$23
ABIO,$0.83,1440444023951,"292,470",50% bullish,of 2 ratings,$3.75
ARDM,$6.94,1440444024056,250,100% bullish,of 1 rating,$26
RKDA,$5.54,1440444024085,"21,032",100% bearish,of 2 ratings,$10
ARCW,$3.28,1440444024161,"16,189",100% bearish,of 2 ratings,$10.50
ARCB,$28.35,1440444024367,"175,635",67% bearish,of 3 ratings,$39.50
ACAT,$24.97,1440444024399,"129,114",100% bearish,of 3 ratings,$33
ACGL,$67.83,1440444024497,"255,261",50% bullish,of 2 ratings,$72
ARCC,$14.9095,1440444024593,"2,734,967",67% bearish,of 3 ratings,$17.875
ARNA,$2.7073,1440444024640,"1,508,992",90% bullish,of 77 ratings,$5.50
ARGS,$6.055,1440444024800,"84,179",50% bullish,of 2 ratings,$19.50
AGIIL,$25.05,1440444024826,"8,076",Not yet rated,NULL,N/A
ARDX,$16.86,1440444024851,"43,157",50% bullish,of 2 ratings,$24.50
AGII,$55.6301,1440444025069,"90,045",Not yet rated,NULL,$59.50
ARKR,$24.56,1440444025214,"2,700",50% bullish,of 2 ratings,N/A
ARIS,$3.16,1440444025242,"45,748",Not yet rated,NULL,$4.50
ARIA,$6.365,1440444025314,"1,758,704",87% bullish,of 46 ratings,$9
ARMH,$39.92,1440444025442,"1,891,968",54% bearish,of 13 ratings,$61
ARWA,NULL,1440444025539,0,Not yet rated,NULL,N/A
ARTX,$1.427,1440444025637,"172,653",88% bullish,of 16 ratings,$4.50
ARWAW,$0.1051,1440444025681,"1,436",Not yet rated,NULL,N/A
ARWAR,NULL,1440444025709,0,Not yet rated,NULL,N/A
ARWAU,$10.2,1440444025778,400,100% bullish,of 1 rating,N/A
ARQL,$1.62,1440444025809,"184,561",75% bullish,of 4 ratings,$5
ARRY,$5.28,1440444025962,"1,066,352",100% bullish,of 7 ratings,$10
DWAT,$9.7899,1440444026008,"4,713",100% bearish,of 1 rating,N/A
AROW,$27.1,1440444026102,"21,071",Not yet rated,NULL,N/A
ARTNA,$22.3772,1440444026203,"15,626",100% bearish,of 1 rating,$29
ARWR,$5.035,1440444026228,"1,118,298",75% bullish,of 4 ratings,$10.50
ARRS,$25.27,1440444026371,"680,013",50% bullish,of 2 ratings,$38
ASBB,$23.75,1440444026406,900,Not yet rated,NULL,N/A
ARTW,$4.38,1440444026588,"4,159",75% bearish,of 4 ratings,N/A
ASND,$17.935,1440444026873,"38,078",100% bullish,of 1 rating,$30
ASCMA,$27.075,1440444026926,"56,591",100% bearish,of 1 rating,$45
ASNA,$10.855,1440444026958,"1,969,999",50% bullish,of 2 ratings,$18
ASTI,$0.1078,1440444027022,"1,557,261",83% bullish,of 6 ratings,$3
ASMI,NULL,1440444027147,0,NULL,NULL,NULL
ASML,$85.28,1440444027247,"1,371,925",50% bullish,of 4 ratings,$127
APWC,$1.8001,1440444027309,"1,602",100% bearish,of 1 rating,N/A
AZPN,$37.02,1440444027337,"623,404",50% bullish,of 2 ratings,$42
ASFI,$8.92,1440444027714,"10,725",100% bullish,of 1 rating,N/A
ASMB,$12.365,1440444027917,"35,281",67% bullish,of 3 ratings,N/A
ALOT,$12.22,1440444027943,122,100% bearish,of 1 rating,N/A
ATRO,$51.49,1440444028021,"83,943",100% bearish,of 2 ratings,$80
ASTC,$2.01,1440444028075,"53,462",100% bullish,of 5 ratings,N/A
ATAI,$2.38,1440444028100,"16,800",100% bearish,of 1 rating,N/A
ASUR,$5.452,1440444028156,"4,670",100% bearish,of 2 ratings,$8
ASTE,$35.54,1440444028181,"35,777",100% bearish,of 1 rating,$48
ATRA,$38.445,1440444028463,"129,368",50% bullish,of 2 ratings,$68
ATHN,$126.97,1440444028565,"250,525",67% bearish,of 3 ratings,$153
AAME,$3.5999,1440444028595,799,Not yet rated,NULL,N/A
AAPC,$10.1,1440444028699,"1,713",Not yet rated,NULL,N/A
ACFC,$5.895,1440444028810,"55,003",Not yet rated,NULL,$6.50
AFCB,$28.75,1440444028879,300,Not yet rated,NULL,N/A
ATNI,$71.7,1440444028939,"38,162",100% bearish,of 1 rating,$69.50
ATLC,$3.75,1440444029276,"18,220",67% bullish,of 3 ratings,N/A
AFH,$16.34,1440444029377,"22,804",Not yet rated,NULL,$21.50
ATHX,$1.13,1440444029479,"218,335",89% bullish,of 9 ratings,$5
AAWW,$39.76,1440444029552,"302,985",50% bullish,of 2 ratings,$65
ATRC,$24.42,1440444029694,"176,458",100% bullish,of 1 rating,$30
ATOS,$0.77,1440444029855,"156,756",100% bullish,of 7 ratings,$7
ATML,$6.58,1440444029960,"3,230,343",78% bullish,of 9 ratings,$9.50
ATRI,$374.42,1440444030018,"1,162",Not yet rated,NULL,N/A
ATRM,$2.87,1440444030089,605,50% bullish,of 2 ratings,N/A
ATTU,$12.95,1440444030293,"106,394",100% bearish,of 1 rating,$20.50
AUBN,$26.32,1440444030319,"2,042",Not yet rated,NULL,N/A
LIFE,$13.68,1440444030398,"43,457",86% bullish,of 7 ratings,$43
AUDC,$3.06,1440444030449,"69,321",80% bullish,of 5 ratings,$5
AUPH,$3.07,1440444030583,"30,251",100% bearish,of 1 rating,$8
ADAT,$0.12,1440444030712,"12,109",100% bullish,of 2 ratings,N/A
ABTL,$17,1440444030740,"209,422",100% bullish,of 4 ratings,$20.25
ADSK,$49.28,1440444030762,"2,096,687",83% bullish,of 6 ratings,$69.50
EARS,$4.26,1440444030892,"59,132",100% bearish,of 2 ratings,$11.50
AVNU,$12.22,1440444031074,"8,010",Not yet rated,NULL,$14
AVGO,$108.76,1440444031207,"2,942,286",88% bullish,of 8 ratings,$160
AAVL,$10.155,1440444031234,"366,501",100% bearish,of 1 rating,$20
ADP,$75.6876,1440444031263,"2,797,838",100% bearish,of 1 rating,$88
AVEO,$1.265,1440444031289,"1,066,836",75% bullish,of 8 ratings,$3
AVNW,$1.16,1440444031365,"90,434",50% bullish,of 2 ratings,$2.20
AVID,$7.67,1440444031459,"400,694",100% bearish,of 1 rating,$20
CAR,$40.67,1440444031919,"1,777,459",80% bullish,of 5 ratings,$60
AVGR,$13.885,1440444031952,"29,121",100% bearish,of 1 rating,$20
AWRE,$3.113,1440444031989,"12,766",67% bullish,of 3 ratings,N/A
ACLS,$3.0979,1440444032010,"483,848",67% bullish,of 6 ratings,$4.75
AXTI,$2.16,1440444032051,"17,409",50% bullish,of 2 ratings,$2.75
AXPW,$1.1001,1440444032078,"44,168",83% bullish,of 6 ratings,N/A
AXGN,$3.9,1440444032106,"25,452",Not yet rated,NULL,$5
AXPWW,NULL,1440444032136,0,Not yet rated,NULL,N/A
RILY,$9.66,1440444032499,405,Not yet rated,NULL,N/A
BCOM,$17.29,1440444032526,"1,000",100% bearish,of 1 rating,N/A
BWINA,NULL,1440444032659,0,Not yet rated,NULL,N/A
BIDU,$140.42,1440444032689,"5,457,690",81% bullish,of 88 ratings,$210
BEAV,$46.31,1440444032792,"905,507",67% bearish,of 3 ratings,$59
BOSC,$2.3499,1440444032822,"7,266",50% bullish,of 2 ratings,N/A
BLDP,$1.175,1440444032924,"601,604",91% bullish,of 22 ratings,$2.50
BCPC,$57,1440444032951,"87,918",100% bearish,of 1 rating,$75
BANF,$58.71,1440444033151,"13,455",Not yet rated,NULL,$68
BWINB,$22.78,1440444033210,"13,453",Not yet rated,NULL,N/A
BANFP,$27.38,1440444033237,603,Not yet rated,NULL,N/A
BKMU,$6.8,1440444033402,"62,000",Not yet rated,NULL,$8
BKSC,$15.15,1440444033428,"4,353",Not yet rated,NULL,N/A
BOCH,$5.67,1440444033449,"18,171",Not yet rated,NULL,$6.50
BMRC,$47.9,1440444033478,"4,222",Not yet rated,NULL,$52
BOTJ,$10.9501,1440444033697,"2,263",Not yet rated,NULL,N/A
BFIN,$11.8,1440444033831,"21,535",Not yet rated,NULL,$13
OZRK,$39.135,1440444033907,"398,738",67% bullish,of 3 ratings,$49.50
BANR,$43.98,1440444033976,"35,427",100% bullish,of 3 ratings,$50
BWFG,$17.6101,1440444034007,872,100% bearish,of 1 rating,N/A
BZUN,$4.755,1440444034033,"581,191",50% bullish,of 2 ratings,$12.60
TAPR,$28.99,1440444034108,"3,334",100% bearish,of 1 rating,N/A
BHAC,NULL,1440444034183,0,Not yet rated,NULL,N/A
BHACR,NULL,1440444034437,0,Not yet rated,NULL,N/A
BHACU,NULL,1440444034545,0,Not yet rated,NULL,N/A
BHACW,NULL,1440444034646,0,Not yet rated,NULL,N/A
BSET,$27.71,1440444034797,"21,613",100% bearish,of 1 rating,$35
BYBK,$4.88,1440444034841,"1,000",100% bearish,of 1 rating,N/A
BBSI,$33.22,1440444034936,"65,931",67% bearish,of 3 ratings,$62.50
BYLK,$12.7,1440444034971,"7,066",Not yet rated,NULL,$14
BV,$4.98,1440444035009,"210,290",67% bullish,of 6 ratings,$9
BCBP,$11.55,1440444035271,"10,099",Not yet rated,NULL,N/A
BDCV,$4.88,1440444035393,"7,044",100% bearish,of 1 rating,$10.19
BECN,$34.39,1440444035420,"210,071",50% bullish,of 2 ratings,$40
BBCN,$14.1,1440444035441,"186,806",100% bearish,of 1 rating,$16
BSF,$8.47,1440444035577,"14,592",Not yet rated,NULL,N/A
BEBE,$1.76,1440444035720,"98,912",75% bullish,of 4 ratings,$3.075
BBGI,$4.24,1440444035754,"1,190",100% bearish,of 1 rating,N/A
BELFA,$14.19,1440444035776,"1,210",100% bearish,of 1 rating,N/A
BBBY,$60.025,1440444035851,"1,706,163",71% bullish,of 7 ratings,$75
BLPH,$4.91,1440444035909,"15,852",100% bearish,of 1 rating,$12.50
BELFB,$17.8,1440444035937,"13,369",100% bearish,of 1 rating,N/A
BLCM,$16.56,1440444036150,"167,867",50% bullish,of 4 ratings,$40
BNTC,$7.9001,1440444036203,"6,110",100% bullish,of 1 rating,N/A
BNFT,$34.7078,1440444036232,"48,079",67% bullish,of 3 ratings,$46
BNCL,$12.31,1440444036254,"245,779",100% bullish,of 3 ratings,$12.50
BGMD,$0.7698,1440444036286,"172,948",100% bullish,of 10 ratings,N/A
BGCP,$8.38,1440444036559,"893,411",88% bullish,of 8 ratings,$14
BCDA,NULL,1440444036867,0,Not yet rated,NULL,N/A
BGFV,$10.35,1440444036905,"87,847",57% bullish,of 7 ratings,$12
BIND,$4.16,1440444036936,"74,463",75% bullish,of 4 ratings,$13.50
ORPN,$5.037,1440444036957,"31,307",100% bullish,of 1 rating,$28.50
BASI,$1.45,1440444036979,"5,770",Not yet rated,NULL,N/A
BIOC,$1.955,1440444037016,"278,117",83% bullish,of 6 ratings,$3.85
BCRX,$11.56,1440444037038,"300,214",63% bullish,of 8 ratings,$18
BIIB,$279.052,1440444037342,"2,309,956",88% bullish,of 16 ratings,$400
BIOL,$1.37,1440444037435,"73,497",Not yet rated,NULL,N/A
BDSI,$6.16,1440444037462,"547,596",88% bullish,of 8 ratings,$17
BLRX,$1.2689,1440444037492,"298,105",100% bullish,of 12 ratings,$5
BLFS,$2.004,1440444037521,"55,768",100% bearish,of 1 rating,$4.75
BMRN,$120.54,1440444037592,"829,862",80% bullish,of 5 ratings,$160
BIOD,$0.68,1440444037618,"102,222",80% bullish,of 5 ratings,$4
BRLI,NULL,1440444037825,0,NULL,NULL,NULL
BVXVW,$0.72,1440444037935,"24,842",100% bearish,of 1 rating,N/A
BIOS,$1.9,1440444037961,"721,206",71% bullish,of 7 ratings,$4
BBC,$28.9125,1440444037982,"36,686",Not yet rated,NULL,N/A
BVXV,$3.41,1440444038018,"42,494",Not yet rated,NULL,N/A
BPTH,$1.0999,1440444038129,"169,841",100% bullish,of 2 ratings,$5
BBP,$30.35,1440444038154,"78,360",Not yet rated,NULL,N/A
BSTC,$47.33,1440444038382,"40,970",100% bearish,of 1 rating,$76
BSPM,$0.63,1440444038408,"56,081",50% bullish,of 2 ratings,N/A
BOTA,$2.16,1440444038467,"57,340",88% bullish,of 8 ratings,N/A
TECH,$94.98,1440444038493,"96,907",100% bullish,of 1 rating,$117
BEAT,$13.549,1440444038550,"337,175",67% bearish,of 3 ratings,$15
BITI,$16.35,1440444038624,"16,420",100% bullish,of 1 rating,$28
BDMS,$12.693,1440444038696,100,100% bearish,of 1 rating,N/A
BJRI,$43.81,1440444038888,"165,061",50% bullish,of 2 ratings,$55
BBRY,$7,1440444038946,"6,473,311",61% bullish,of 330 ratings,$9
BBOX,$15.2,1440444038975,"32,838",100% bearish,of 1 rating,N/A
BDE,$7.175,1440444038996,"382,465",50% bullish,of 2 ratings,$9
BLKB,$57.41,1440444039032,"83,681",100% bearish,of 2 ratings,$66
HAWK,$40.105,1440444039127,"504,345",91% bullish,of 11 ratings,$49
BKCC,$8.87,1440444039173,"770,847",100% bullish,of 2 ratings,$10
ADRD,$21.59,1440444039314,"23,781",100% bearish,of 1 rating,N/A
ADRA,$25.7988,1440444039415,"6,085",100% bearish,of 1 rating,N/A
ADRE,$28.135,1440444039443,"58,311",100% bearish,of 1 rating,N/A
BLMN,$19.305,1440444039572,"784,724",83% bullish,of 6 ratings,$27.50
BLBD,$11.35,1440444039762,"8,275",Not yet rated,NULL,N/A
BCOR,$13.2,1440444039821,"212,434",57% bullish,of 7 ratings,$15
BBLU,$0.765,1440444039955,"122,993",100% bullish,of 2 ratings,$4.43
BUFF,$26.4,1440444040022,"353,006",83% bullish,of 12 ratings,$31.50
ADRU,$21.65,1440444040049,"12,288",100% bearish,of 1 rating,N/A
BHBK,$13.97,1440444040082,"60,392",100% bullish,of 1 rating,$14.50
BLUE,$120.38,1440444040107,"521,997",71% bullish,of 7 ratings,$217.50
NILE,$32.59,1440444040181,"75,685",50% bullish,of 2 ratings,$34
BKEPP,$7.6,1440444040282,"4,450",100% bearish,of 1 rating,N/A
BKEP,$6.0004,1440444040309,"74,089",100% bearish,of 1 rating,$8.50
BPMC,$25.6,1440444040446,"151,017",50% bullish,of 2 ratings,$47.50
BNCN,$20.4,1440444040475,"29,449",Not yet rated,NULL,$23
BOFI,$120.06,1440444040702,"280,877",100% bullish,of 6 ratings,$144
BOBE,$42.6,1440444040763,"91,690",75% bullish,of 4 ratings,$57
WIFI,$7.4501,1440444040794,"273,187",50% bullish,of 2 ratings,$13.50
BOJA,$20.3399,1440444040892,"284,226",100% bullish,of 1 rating,$30
BOKF,$59.16,1440444040962,"138,205",100% bearish,of 1 rating,$70.50
BONA,$11.01,1440444041092,"764,366",75% bullish,of 4 ratings,$8.50
BNSO,$1.275,1440444041122,"6,990",100% bearish,of 1 rating,N/A
BAMM,$3.187,1440444041178,"45,702",60% bullish,of 5 ratings,N/A
BPFHP,$25,1440444041312,100,100% bearish,of 1 rating,N/A
BPFH,$11.465,1440444041344,"268,028",100% bearish,of 1 rating,$14
EPAY,$25.08,1440444041372,"41,911",100% bearish,of 2 ratings,$30
BDBD,$8.285,1440444041445,"515,794",60% bullish,of 5 ratings,$10
BPFHW,NULL,1440444041609,0,100% bearish,of 1 rating,N/A
BCLI,$2.7,1440444041684,"200,489",80% bullish,of 5 ratings,$12
BBRG,$12.2391,1440444041740,"69,789",67% bullish,of 3 ratings,$14.50
BBEPP,$12.65,1440444041815,"50,736",100% bearish,of 1 rating,N/A
BBEP,$2.185,1440444041841,"1,298,661",69% bullish,of 13 ratings,$5.625
BLIN,$1.25,1440444041977,"8,057",50% bullish,of 2 ratings,$2.20
BDGE,$26.75,1440444042039,"13,543",Not yet rated,NULL,$31.75
BRID,NULL,1440444042126,0,100% bearish,of 1 rating,N/A
BCOV,$5.045,1440444042173,"112,055",67% bullish,of 3 ratings,$10.20
BSFT,$29.99,1440444042270,"76,237",57% bullish,of 7 ratings,$40.50
BRCM,$47.82,1440444042301,"3,110,315",75% bullish,of 12 ratings,$56
BVSN,$5.65,1440444042692,"4,912",60% bearish,of 5 ratings,N/A
BYFC,$1.49,1440444042788,100,50% bullish,of 2 ratings,N/A
BRCD,$10.015,1440444042818,"3,295,697",92% bullish,of 13 ratings,$12
BWEN,$3.16,1440444042870,"22,986",100% bullish,of 3 ratings,$8
BRKL,$10.32,1440444042891,"170,907",100% bearish,of 1 rating,$10.75
BRKS,$10.03,1440444042920,"69,601",67% bullish,of 3 ratings,$15.25
BSQR,$5.8353,1440444043076,"66,231",67% bullish,of 3 ratings,N/A
BRKR,$18.18,1440444043101,"255,360",100% bearish,of 2 ratings,$22
BLDR,$14.13,1440444043408,"881,963",50% bullish,of 2 ratings,$22
BUR,$1.89,1440444043445,"12,656",100% bearish,of 1 rating,$8
BLMT,$20.52,1440444043467,"5,072",Not yet rated,NULL,N/A
BWLD,$186.42,1440444043515,"185,922",82% bullish,of 11 ratings,$205
CHRW,$65.06,1440444043541,"1,499,565",Not yet rated,NULL,$72
CA,$26.38,1440444043571,"3,026,598",50% bullish,of 4 ratings,$33
CFFI,$34.625,1440444043601,"2,088",100% bearish,of 1 rating,N/A
BMTC,$28.61,1440444043626,"36,481",Not yet rated,NULL,$34
CACQ,$6.915,1440444044069,"29,226",100% bearish,of 1 rating,$12.25
CDZI,$7.43,1440444044097,"21,902",100% bearish,of 1 rating,N/A
PRSS,$4.32,1440444044124,"26,992",80% bullish,of 5 ratings,$4.50
CCMP,$42.53,1440444044148,"40,064",50% bullish,of 2 ratings,$59
CDNS,$19.08,1440444044174,"1,045,021",75% bullish,of 4 ratings,$22.50
CZR,$8.745,1440444044205,"1,529,222",60% bearish,of 5 ratings,$10.50
CSTE,$44.04,1440444044231,"343,425",100% bearish,of 1 rating,$65
CLMS,$10.68,1440444044304,"78,410",Not yet rated,NULL,$10.50
CCD,$18.6799,1440444044547,"97,865",Not yet rated,NULL,N/A
CFGE,$10.2,1440444044575,"1,826",Not yet rated,NULL,N/A
CLBS,$1.28,1440444044596,"226,293",79% bullish,of 14 ratings,$4
CHI,$10.11,1440444044627,"489,336",100% bearish,of 1 rating,N/A
CHW,$7.095,1440444044657,"370,262",100% bearish,of 1 rating,N/A
CHY,$10.8201,1440444044756,"591,287",Not yet rated,NULL,N/A
CGO,$11.31,1440444045147,"46,193",100% bearish,of 1 rating,N/A
CAMP,$15.13,1440444045223,"234,164",88% bullish,of 8 ratings,$25
CSQ,$9.255,1440444045253,"769,952",Not yet rated,NULL,N/A
CALA,$4.68,1440444045289,"356,762",100% bullish,of 3 ratings,$19.50
CFNB,$13.45,1440444045316,141,100% bearish,of 1 rating,N/A
CALM,$47.89,1440444045390,"427,180",80% bullish,of 5 ratings,$65
CVGW,$54.69,1440444045416,"85,150",50% bullish,of 2 ratings,$58.50
CALD,$14.87,1440444045443,"172,020",100% bearish,of 1 rating,$20.50
ABCD,$4.773,1440444045728,"88,106",83% bullish,of 6 ratings,N/A
CLMT,$24.18,1440444045760,"614,543",75% bullish,of 8 ratings,$31
CAMB,$10.0499,1440444045786,400,Not yet rated,NULL,N/A
CAMBW,$0.1,1440444045869,"2,360",Not yet rated,NULL,N/A
CAMBU,NULL,1440444045957,0,100% bearish,of 1 rating,N/A
CAC,$39.74,1440444046017,"5,125",Not yet rated,NULL,N/A
CSIQ,$16.23,1440444046046,"2,432,543",86% bullish,of 28 ratings,$45
CAMT,$2.64,1440444046068,"79,184",73% bullish,of 11 ratings,$4
CGIX,$9.19,1440444046205,"32,403",67% bullish,of 3 ratings,$14.375
CPHC,$10.24,1440444046252,"4,211",100% bearish,of 1 rating,N/A
CBNJ,$10.55,1440444046310,"60,406",100% bullish,of 1 rating,N/A
CBF,$28.33,1440444046337,"34,356",Not yet rated,NULL,$32
CPLA,$47.47,1440444046382,"37,402",67% bearish,of 3 ratings,$65
CPLP,$6.7601,1440444046518,"578,051",71% bullish,of 7 ratings,$11
CCBG,$14.89,1440444046550,"7,371",Not yet rated,NULL,$17.25
CSWC,$44.71,1440444046651,"32,800",Not yet rated,NULL,N/A
CFFN,$11.755,1440444046784,"517,194",Not yet rated,NULL,$12.75
CAPN,$1.7401,1440444046822,"135,741",100% bullish,of 1 rating,$10.85
CPTA,$13.42,1440444046853,"147,110",100% bearish,of 1 rating,$18.50
CAPNW,$0.65,1440444046916,900,Not yet rated,NULL,N/A
CAPR,$4.05,1440444046962,"19,939",Not yet rated,NULL,$12
CARA,$19.02,1440444047069,"210,934",50% bullish,of 4 ratings,$25
CPST,$0.3669,1440444047096,"703,332",95% bullish,of 22 ratings,$1.25
CBYL,$5.69,1440444047231,"44,053",100% bearish,of 1 rating,$20
CARB,$11.03,1440444047293,"69,007",75% bullish,of 4 ratings,$12
CFNL,$21.54,1440444047360,"57,940",Not yet rated,NULL,$24
CRDC,$0.3701,1440444047434,"107,367",100% bullish,of 1 rating,$1.25
CRME,$8.99,1440444047541,"26,399",89% bullish,of 9 ratings,$11.25
CSII,$23.43,1440444047573,"105,889",100% bearish,of 2 ratings,$42.125
CATM,$33.63,1440444047674,"209,445",100% bearish,of 1 rating,$44
CDNA,$6.3699,1440444047755,"8,387",100% bearish,of 1 rating,$9
CECO,$3.5599,1440444047804,"214,744",67% bearish,of 3 ratings,$6
CTRE,$11.45,1440444047938,"265,234",50% bullish,of 2 ratings,N/A
CLBH,$12.605,1440444047968,"1,056",Not yet rated,NULL,$16.50
CARO,$15,1440444048066,"6,865",100% bearish,of 1 rating,$19
CART,$5.4,1440444048162,760,100% bearish,of 1 rating,N/A
CRZO,$28.454,1440444048210,"754,576",67% bearish,of 3 ratings,$57
TAST,$11.26,1440444048237,"130,551",Not yet rated,NULL,$14.25
CKEC,$21.91,1440444048729,"137,326",50% bullish,of 2 ratings,$35.915
CRTN,$2.35,1440444048760,"2,750",100% bearish,of 1 rating,N/A
CARV,NULL,1440444048870,0,50% bullish,of 2 ratings,N/A
CASM,$1.1,1440444049004,"24,945",100% bullish,of 1 rating,$3.50
CASY,$102.94,1440444049054,"184,314",50% bullish,of 2 ratings,$99.50
CWST,$6.15,1440444049084,"160,792",50% bullish,of 2 ratings,$7.25
CSCD,$14.78,1440444049135,"45,702",100% bullish,of 2 ratings,$17
CACB,$5.29,1440444049182,"47,273",Not yet rated,NULL,$5.50
CPRX,$3.2,1440444049367,"629,023",71% bullish,of 7 ratings,$7
CATB,$10.95,1440444049451,"19,835",100% bearish,of 1 rating,$28
CASI,$1.48,1440444049480,"17,229",100% bullish,of 1 rating,$3.50
CASS,$45.48,1440444049506,"14,941",100% bearish,of 1 rating,N/A
CAVM,$62.81,1440444049798,"322,590",67% bearish,of 3 ratings,$72
CATYW,$8.92,1440444049828,700,100% bearish,of 1 rating,N/A
CVCO,$71.71,1440444049855,"26,547",100% bearish,of 1 rating,N/A
CATY,$28.26,1440444049929,"420,035",100% bearish,of 1 rating,$33.50
CNLM,NULL,1440444049985,0,Not yet rated,NULL,N/A
CNLMR,NULL,1440444050014,0,Not yet rated,NULL,N/A
CBFV,$20.65,1440444050040,"1,000",Not yet rated,NULL,N/A
CNLMU,$10.37,1440444050254,200,100% bullish,of 1 rating,N/A
CNLMW,NULL,1440444050311,0,Not yet rated,NULL,N/A
CDK,$46.79,1440444050384,"901,215",67% bearish,of 3 ratings,$50
CPXX,$1.9999,1440444050412,"284,889",100% bullish,of 2 ratings,$7
CBOE,$60.54,1440444050433,"455,973",Not yet rated,NULL,$60
CDW,$37.335,1440444050564,"652,645",75% bullish,of 4 ratings,$44
CELG,$113.72,1440444050631,"5,277,802",92% bullish,of 13 ratings,$155.50
CECE,$9.31,1440444050679,"93,044",50% bullish,of 2 ratings,$16
CELGZ,$1.7,1440444050729,"15,717",80% bullish,of 5 ratings,N/A
CLDN,$1.02,1440444050869,"142,470",71% bullish,of 7 ratings,$3
CLRB,$3.13,1440444050898,"7,140",100% bearish,of 1 rating,N/A
CLRBW,NULL,1440444050970,0,Not yet rated,NULL,N/A
CLDX,$12.885,1440444050995,"1,187,093",89% bullish,of 9 ratings,$36
CBMG,$21.9,1440444051151,"76,276",50% bullish,of 2 ratings,N/A
CLTX,$2.75,1440444051179,"936,498",100% bullish,of 2 ratings,N/A
CLSN,$1.8862,1440444051205,"122,420",80% bullish,of 10 ratings,$7.50
CLLS,$27.7301,1440444051235,"60,210",75% bullish,of 4 ratings,$51.50
CYAD,$47.5597,1440444051308,"1,950",100% bullish,of 1 rating,$87.50
CEMP,$33.1301,1440444051442,"464,604",71% bullish,of 7 ratings,$52
CETX,$2.22,1440444051678,"8,632",Not yet rated,NULL,$5.60
CSFL,$13.6,1440444051751,"147,162",Not yet rated,NULL,$15
CETV,$1.93,1440444051814,"87,331",67% bullish,of 3 ratings,$2.80
CFBK,$1.3787,1440444051886,"5,101",Not yet rated,NULL,N/A
CENT,$11.38,1440444051913,"186,744",Not yet rated,NULL,$10
CENTA,$12.32,1440444051991,"138,369",Not yet rated,NULL,N/A
CENX,$4.615,1440444052128,"1,107,407",67% bullish,of 6 ratings,$9
CVCY,$11.132,1440444052153,300,Not yet rated,NULL,$12
CNTY,$6.0495,1440444052184,"17,533",80% bullish,of 5 ratings,$7.75
CNBKA,$38.9101,1440444052205,"2,320",50% bullish,of 2 ratings,N/A
CPHD,$47.036,1440444052343,"505,378",50% bullish,of 2 ratings,$66.50
CERE,$1.0399,1440444052371,"286,423",88% bullish,of 8 ratings,N/A
CRNT,$1.3,1440444052398,"326,253",50% bullish,of 2 ratings,$2
CERN,$60.26,1440444052446,"1,782,735",67% bullish,of 3 ratings,$79
CERS,$4.48,1440444052588,"434,702",75% bullish,of 4 ratings,$7
CERU,$3.39,1440444052669,"56,077",75% bullish,of 4 ratings,$15
HOTR,$1.415,1440444052932,"97,729",100% bullish,of 2 ratings,$5
CYOU,$19.35,1440444052958,"233,013",50% bullish,of 6 ratings,$24
HOTRW,NULL,1440444052986,0,Not yet rated,NULL,N/A
CTHR,$1.3,1440444053020,"53,868",50% bullish,of 2 ratings,$2.50
KOOL,$0.63,1440444053048,"83,740",100% bullish,of 5 ratings,$7
CEVA,$17.71,1440444053069,"53,686",100% bearish,of 1 rating,$25
CHTR,$172.39,1440444053115,"1,121,655",100% bearish,of 2 ratings,$196
GTLS,$21.8147,1440444053255,"211,143",50% bullish,of 4 ratings,$40
CHFN,$12.42,1440444053314,"11,793",Not yet rated,NULL,$14
CHEK,$3,1440444053462,"3,008",Not yet rated,NULL,$7.75
CEMI,$3.82,1440444053490,"23,074",50% bullish,of 2 ratings,$7.50
CHKP,$74.68,1440444053515,"1,137,544",50% bullish,of 4 ratings,$92
CHEKW,$1.0687,1440444053652,500,Not yet rated,NULL,N/A
CHFC,$30.51,1440444053755,"26,199",100% bearish,of 1 rating,$36
CHMG,$26.59,1440444053888,560,Not yet rated,NULL,$30
CHEV,$14.3501,1440444053917,"7,487",Not yet rated,NULL,N/A
CCXI,$6.54,1440444053938,"77,424",67% bullish,of 3 ratings,$14
CHKE,$25.215,1440444053960,"23,380",100% bearish,of 1 rating,$32.50
CHMA,$23.695,1440444053997,"108,337",Not yet rated,NULL,$40
PLCE,$57.82,1440444054091,"325,856",100% bearish,of 1 rating,$71
CMRX,$45.11,1440444054128,"190,713",50% bullish,of 2 ratings,$57
CBNK,$16.515,1440444054309,"1,334",100% bearish,of 1 rating,N/A
CADC,$3.12,1440444054796,"5,520",78% bullish,of 9 ratings,N/A
CAAS,$5.9,1440444054847,"41,155",93% bullish,of 14 ratings,$11.50
CBAK,$1.59,1440444054896,"63,075",67% bullish,of 9 ratings,N/A
CCCR,$0.8,1440444054942,"1,500",67% bearish,of 3 ratings,N/A
CCCL,$0.7614,1440444054972,"10,154",100% bullish,of 6 ratings,N/A
JRJC,$3.1101,1440444055039,"330,994",82% bullish,of 11 ratings,N/A
CBPO,$90.19,1440444055067,"375,595",75% bullish,of 8 ratings,$140.50
CALI,$0.81,1440444055092,"10,400",67% bullish,of 3 ratings,N/A
CJJD,$1.78,1440444055326,"47,990",100% bullish,of 1 rating,N/A
HGSH,$1.88,1440444055361,"14,770",67% bullish,of 3 ratings,N/A
CNIT,$1.28,1440444055398,"204,665",67% bullish,of 6 ratings,N/A
CHLN,$1.7001,1440444055426,"8,033",67% bullish,of 3 ratings,N/A
CHOP,$1.262,1440444055496,"31,626",50% bullish,of 2 ratings,N/A
CHNR,$1.665,1440444055523,"7,883",100% bearish,of 1 rating,N/A
CREG,$0.68,1440444055652,"42,019",100% bullish,of 3 ratings,N/A
HTHT,$23.715,1440444055735,"63,357",50% bullish,of 2 ratings,$28.40
CPGI,$6.9,1440444055974,"3,572",Not yet rated,NULL,N/A
CNYD,$3.19,1440444056067,"10,594",67% bullish,of 3 ratings,N/A
CNTF,$0.7401,1440444056103,"213,769",Not yet rated,NULL,N/A
CSUN,$1.3099,1440444056131,"43,194",80% bullish,of 5 ratings,N/A
CCIH,$5.755,1440444056156,"363,748",67% bullish,of 6 ratings,$12.65
CXDC,$6.05,1440444056198,"94,497",67% bullish,of 3 ratings,N/A
CNET,$0.76,1440444056223,"80,357",50% bullish,of 2 ratings,N/A
IMOS,$16.005,1440444056260,"149,708",60% bullish,of 5 ratings,$21.50
CHSCM,$25.3701,1440444056755,"59,025",Not yet rated,NULL,N/A
CHSCN,$26.2241,1440444056782,"10,084",Not yet rated,NULL,N/A
CHSCL,$26.61,1440444056814,"45,327",Not yet rated,NULL,N/A
CHSCO,$27.76,1440444056912,"12,834",Not yet rated,NULL,N/A
CHSCP,$30.01,1440444057051,"8,933",Not yet rated,NULL,N/A
CHDN,$129.535,1440444057152,"27,030",Not yet rated,NULL,$165
CHUY,$30.48,1440444057241,"167,400",50% bullish,of 2 ratings,$34
CDTX,$14.09,1440444057280,"17,715",Not yet rated,NULL,$22
CIFC,$6.8,1440444057341,"4,034",100% bearish,of 1 rating,N/A
CMCT,$15.35,1440444057427,"1,916",100% bearish,of 1 rating,N/A
CMPR,$67.12,1440444057460,"437,128",50% bullish,of 2 ratings,$72.50
CINF,$51.53,1440444057511,"535,212",50% bullish,of 4 ratings,$50.50
CTAS,$81.72,1440444057556,"325,294",100% bearish,of 1 rating,$91
CIDM,$0.6049,1440444057587,"72,137",50% bullish,of 2 ratings,$2.10
CRUS,$27.2601,1440444057683,"909,819",75% bullish,of 12 ratings,$44.50
CPHR,$5.99,1440444057737,"15,545",100% bearish,of 1 rating,$17
CSCO,$25,1440444057816,"25,385,832",84% bullish,of 208 ratings,$32
CTRN,$26.68,1440444057917,"101,454",100% bearish,of 1 rating,$31.50
CZNC,$19.55,1440444058052,"7,228",Not yet rated,NULL,N/A
CZWI,$9,1440444058186,"11,000",Not yet rated,NULL,N/A
CTXS,$66.81,1440444058256,"1,665,043",86% bullish,of 7 ratings,$80
CIZN,$19.01,1440444058281,"1,873",Not yet rated,NULL,N/A
CHCO,$45.95,1440444058319,"21,741",Not yet rated,NULL,$46
CZFC,NULL,1440444058371,0,Not yet rated,NULL,N/A
CIVB,$10.08,1440444058394,500,Not yet rated,NULL,$11
CIVBP,$32.84,1440444058422,"1,300",Not yet rated,NULL,N/A
CLNE,$4.007,1440444058642,"1,013,457",80% bullish,of 15 ratings,$9
CLNT,$1.64,1440444058744,"4,616",75% bullish,of 8 ratings,N/A
CLFD,$16.83,1440444058769,"42,402",67% bullish,of 3 ratings,$18
CDTI,$1.49,1440444058796,"135,980",75% bullish,of 4 ratings,$3.20
CLRO,$11.543,1440444058927,"12,262",50% bullish,of 2 ratings,$14.25
CLIR,$4.63,1440444059069,"82,350",100% bullish,of 3 ratings,N/A
CBLI,$3.46,1440444059095,"55,882",60% bullish,of 5 ratings,N/A
CSBK,$13.5,1440444059128,"56,690",Not yet rated,NULL,N/A
CMFN,$11.67,1440444059228,"31,810",100% bearish,of 1 rating,$15.50
CME,$88.5,1440444059255,"1,518,689",67% bullish,of 3 ratings,$102
CCNE,$16.91,1440444059283,"14,953",50% bullish,of 2 ratings,$21.50
CLVS,$67.16,1440444059309,"312,627",60% bullish,of 5 ratings,$101.50
CISG,$7,1440444059504,"180,633",100% bullish,of 5 ratings,$10
CWAY,$11.21,1440444059563,"3,154",Not yet rated,NULL,N/A
CNV,$4.45,1440444059589,"57,194",50% bullish,of 2 ratings,$7.15
COBZ,$12.66,1440444060402,"69,076",100% bullish,of 1 rating,$14
CDRB,$10.2,1440444060618,"23,145",67% bullish,of 3 ratings,N/A
COKE,$152.97,1440444060652,"47,875",79% bullish,of 19 ratings,N/A
CDXS,$3.66,1440444060824,"51,188",64% bullish,of 11 ratings,$6
CVLY,$20.55,1440444060954,"10,887",Not yet rated,NULL,N/A
CCOI,$27.58,1440444061007,"325,217",50% bullish,of 4 ratings,$35
JVA,$4.4786,1440444061033,"32,232",83% bullish,of 6 ratings,$7
CGNX,$34.55,1440444061084,"574,832",50% bullish,of 2 ratings,$47
COHU,$9.62,1440444061227,"73,882",100% bearish,of 1 rating,$14.25
CGNT,$1.52,1440444061257,"200,992",100% bullish,of 2 ratings,$2
CTSH,$59.71,1440444061355,"2,918,810",90% bullish,of 10 ratings,$75
COHR,$55.42,1440444061384,"56,895",50% bullish,of 2 ratings,$72
CLRX,$0.5424,1440444061460,"270,833",50% bullish,of 2 ratings,N/A
CHRS,$28.19,1440444061518,"82,282",67% bearish,of 3 ratings,$37
CLCT,$17.6316,1440444061592,"43,269",100% bearish,of 1 rating,N/A
COLL,$14.44,1440444061650,"65,523",100% bearish,of 1 rating,$26
CIGI,$42.4,1440444061678,"8,133",100% bearish,of 1 rating,$52
CBAN,$8.76,1440444061868,"4,173",Not yet rated,NULL,N/A
CLCD,$6.91,1440444061926,"40,358",100% bearish,of 1 rating,$20.50
COLB,$29.39,1440444062068,"209,298",Not yet rated,NULL,$36
CMCSA,$54.205,1440444062107,"9,884,769",66% bullish,of 35 ratings,$69.50
CMCO,$18.46,1440444062176,"49,965",60% bullish,of 5 ratings,$28
CMCSK,$54.85,1440444062239,"3,119,766",Not yet rated,NULL,$84
COLM,$58.1,1440444062279,"107,521",100% bearish,of 1 rating,$71
CBSH,$43.6001,1440444062307,"349,307",50% bullish,of 2 ratings,$46
CBMX,$1.11,1440444062540,"69,726",83% bullish,of 6 ratings,$3.15
CUBN,$13.55,1440444062724,"12,687",Not yet rated,NULL,N/A
CVGI,$4.57,1440444062758,"32,545",50% bullish,of 2 ratings,$6
CSAL,$19.77,1440444062780,"533,745",75% bullish,of 4 ratings,$30
CBSHP,$25.0399,1440444062810,"7,081",100% bearish,of 1 rating,N/A
COMM,$27.505,1440444062838,"1,060,446",67% bearish,of 3 ratings,$35
JCS,$8.5011,1440444062864,"11,277",67% bullish,of 3 ratings,N/A
ESXB,$5.05,1440444063001,"11,150",Not yet rated,NULL,N/A
CYHHZ,$0.01,1440444063242,"230,689",100% bullish,of 1 rating,N/A
CWBC,NULL,1440444063272,0,Not yet rated,NULL,N/A
COB,$10.47,1440444063378,"3,392",100% bullish,of 1 rating,$11.75
CIZ,$32.3799,1440444063452,"5,549",100% bearish,of 1 rating,N/A
CID,$33.1399,1440444063517,150,Not yet rated,NULL,N/A
CVLT,$35.245,1440444063548,"326,242",75% bullish,of 4 ratings,$44.50
CIL,$33.0699,1440444063577,100,Not yet rated,NULL,N/A
CTBI,$33.83,1440444063653,"39,262",Not yet rated,NULL,$36
CDC,$33.715,1440444063834,"14,657",Not yet rated,NULL,N/A
CSA,$32.33,1440444063872,"1,500",Not yet rated,NULL,N/A
CFO,$34.3592,1440444063922,"36,870",100% bearish,of 1 rating,N/A
CSF,$35.5601,1440444063950,"4,475",100% bearish,of 1 rating,N/A
CFA,$34.38,1440444064003,"4,156",100% bearish,of 1 rating,N/A
CDL,NULL,1440444064148,0,Not yet rated,NULL,N/A
CSB,NULL,1440444064174,0,Not yet rated,NULL,N/A
CGEN,$4.69,1440444064303,"253,165",50% bullish,of 2 ratings,$11
CPSI,$44.73,1440444064386,"57,990",100% bearish,of 1 rating,$45.50
CTG,$6.55,1440444064448,"28,785",100% bearish,of 1 rating,$8.50
SCOR,$53.485,1440444064475,"198,142",100% bearish,of 1 rating,$66
CHCI,$0.5999,1440444064496,"14,000",50% bullish,of 2 ratings,N/A
CMTL,$26.51,1440444064665,"29,418",100% bearish,of 2 ratings,$37
CNSI,$18.31,1440444064696,"67,724",100% bearish,of 2 ratings,$29
CNCE,$14.75,1440444064766,"101,349",75% bullish,of 4 ratings,$22
CNAT,$3.655,1440444064797,"176,700",83% bullish,of 6 ratings,$13
CXRX,$68.52,1440444064836,"4,730",100% bearish,of 1 rating,$90
CDORO,$16.2,1440444064932,"1,624",100% bearish,of 1 rating,N/A
CCUR,$5.1399,1440444064962,"32,693",75% bullish,of 4 ratings,N/A
CDOR,$1.27,1440444065026,"18,894",100% bullish,of 1 rating,N/A
CDORP,$6.6,1440444065212,"1,443",100% bearish,of 1 rating,N/A
CFMS,$19.705,1440444065312,"208,415",Not yet rated,NULL,$27
CNMD,$51.95,1440444065419,"278,347",Not yet rated,NULL,$59
CNFR,$10.24,1440444065451,"11,254",Not yet rated,NULL,N/A
CNOB,$18.94,1440444065479,"45,478",100% bullish,of 1 rating,$23.50
CONN,$29.51,1440444065551,"424,680",67% bullish,of 3 ratings,$48.50
CTWS,$34.895,1440444065576,"12,523",100% bearish,of 1 rating,$44
CNXR,$6.71,1440444065718,"50,393",100% bearish,of 1 rating,$12
CNSL,$19.31,1440444066057,"172,320",100% bearish,of 1 rating,$23
CTCT,$23.75,1440444066197,"197,584",67% bullish,of 3 ratings,$37
CWCO,$10.27,1440444066228,"79,592",67% bullish,of 3 ratings,$14.50
CFRX,$5.025,1440444066250,"36,253",Not yet rated,NULL,$14
CPSS,$5.64,1440444066280,"48,865",100% bullish,of 1 rating,$10
CFRXW,$1.7,1440444066330,"3,109",100% bearish,of 1 rating,N/A
CTRV,$3.7951,1440444066589,"24,557",Not yet rated,NULL,$6.40
CTRL,$7.68,1440444066625,"105,502",50% bullish,of 2 ratings,$11
CFRXZ,$0.54,1440444066646,"9,500",Not yet rated,NULL,N/A
CRBP,$1.9363,1440444066683,"483,904",100% bullish,of 2 ratings,$6.25
BVA,$3.5127,1440444066704,100,50% bullish,of 2 ratings,N/A
CPRT,$33.53,1440444066740,"160,227",67% bearish,of 3 ratings,$40
CORT,$4.46,1440444066789,"225,647",67% bullish,of 3 ratings,$12
CORE,$59.32,1440444066975,"77,818",100% bearish,of 1 rating,$72
CSOD,$35.1,1440444067013,"420,079",50% bullish,of 2 ratings,$42
CORI,$9.5875,1440444067085,"48,003",100% bearish,of 1 rating,$18
CRVL,$31.12,1440444067219,"26,780",100% bearish,of 1 rating,N/A
COSI,$1.07,1440444067266,"70,930",100% bullish,of 1 rating,N/A
COST,$132.09,1440444067301,"2,162,306",79% bullish,of 24 ratings,$154.50
CPAH,$0.4899,1440444067434,"9,000",50% bullish,of 2 ratings,N/A
CVTI,$21.66,1440444067462,"90,784",67% bearish,of 3 ratings,$39
CSGP,$171.32,1440444067484,"179,610",50% bullish,of 2 ratings,$235
ICBK,$18,1440444067514,"1,100",Not yet rated,NULL,$21
COWN,$5.12,1440444067687,"695,079",75% bullish,of 4 ratings,$7
COWNL,$27.15,1440444067712,"4,148",Not yet rated,NULL,N/A
COVS,$2.58,1440444067761,"167,950",67% bullish,of 3 ratings,N/A
CPSH,$2.15,1440444067904,"1,070",Not yet rated,NULL,N/A
CRAI,$21.895,1440444068077,"20,106",100% bearish,of 1 rating,$36
CBRL,$137.95,1440444068135,"196,094",50% bullish,of 2 ratings,$155
BREW,$7.2299,1440444068212,"48,296",67% bullish,of 6 ratings,$15
CRAY,$19.67,1440444068238,"199,428",83% bullish,of 6 ratings,$38.50
CREE,$26.286,1440444068407,"1,238,058",65% bullish,of 17 ratings,$29.50
CACC,$190.4,1440444068441,"100,301",50% bullish,of 2 ratings,$158.50
GLDI,$11.0601,1440444068463,"26,052",100% bearish,of 1 rating,N/A
CRESY,$9.46,1440444068537,"56,795",100% bearish,of 1 rating,$19
CRTO,$42,1440444068634,"439,991",67% bullish,of 6 ratings,$64
CROX,$13.49,1440444068663,"1,085,032",63% bullish,of 8 ratings,$16.50
CCRN,$13.769,1440444068803,"139,103",100% bearish,of 1 rating,$14.25
CRDS,$1.01,1440444069032,"25,731",50% bullish,of 4 ratings,$4.50
CRWN,$4.46,1440444069059,"76,555",75% bullish,of 4 ratings,N/A
SLVO,$10.1005,1440444069080,"30,577",100% bearish,of 1 rating,N/A
CRWS,$7.9478,1440444069108,"7,283",Not yet rated,NULL,$10
CYRX,$2.75,1440444069331,"24,850",Not yet rated,NULL,$9
CYRXW,$0.81,1440444069360,"11,500",Not yet rated,NULL,N/A
CTIC,$1.61,1440444069463,"801,289",84% bullish,of 76 ratings,$5.75
CSPI,$5.8899,1440444069529,"11,050",67% bullish,of 3 ratings,N/A
CSGS,$30.39,1440444069561,"110,426",Not yet rated,NULL,$40
CTCM,$1.735,1440444069592,"160,692",80% bearish,of 5 ratings,$3.90
CTIB,$3.56,1440444069618,"4,575",100% bearish,of 1 rating,N/A
CCLP,$12.85,1440444069775,"117,079",67% bearish,of 3 ratings,$21
CTRP,$60.005,1440444069808,"1,862,786",75% bullish,of 8 ratings,$92
CUI,$4.83,1440444070063,"36,663",50% bullish,of 2 ratings,$10
CPIX,$5.87,1440444070089,"4,409",Not yet rated,NULL,N/A
CUNB,$21.3,1440444070111,"5,307",Not yet rated,NULL,$24.50
CMLS,$1.27,1440444070595,"419,650",50% bullish,of 4 ratings,$6
CVBF,$15.72,1440444070697,"207,308",Not yet rated,NULL,$18
CYAN,$6.8725,1440444070727,"2,504",100% bearish,of 1 rating,N/A
CRIS,$2.35,1440444070753,"336,105",100% bullish,of 8 ratings,$6
CUTR,$13.495,1440444070790,"280,049",67% bearish,of 3 ratings,$18
CVV,$11.065,1440444070881,"25,591",100% bullish,of 5 ratings,N/A
CYBX,$65.1501,1440444070920,"224,015",50% bullish,of 4 ratings,$71.50
CYBR,$48.5114,1440444071015,"2,014,411",86% bullish,of 7 ratings,$66
CYBE,$5.9,1440444071539,"13,651",100% bearish,of 1 rating,N/A
CYCC,$0.53,1440444071564,"59,039",73% bullish,of 11 ratings,N/A
CYCCP,NULL,1440444071755,0,100% bearish,of 1 rating,N/A
CYNA,$15.9,1440444071892,"46,164",100% bullish,of 1 rating,$31.50
CBAY,$2.5419,1440444071923,"52,273",100% bullish,of 1 rating,$4
CYRN,$1.585,1440444071954,"117,428",67% bullish,of 3 ratings,$4
CY,$9.18,1440444071981,"5,429,083",80% bullish,of 10 ratings,$15.50
CYTK,$6.34,1440444072002,"172,323",71% bullish,of 14 ratings,$13.50
CYNO,$31.04,1440444072035,"116,485",67% bearish,of 3 ratings,$45.50
CONE,$31.38,1440444072061,"196,115",67% bearish,of 3 ratings,$35
CYTX,$0.35,1440444072344,"970,844",83% bullish,of 12 ratings,$5.50
DAEG,$0.27,1440444072369,"6,148",100% bearish,of 1 rating,N/A
TVIZ,$18.8142,1440444072399,"19,700",100% bearish,of 1 rating,N/A
CYTR,$2.07,1440444072426,"578,303",67% bullish,of 6 ratings,$10
CTSO,$6.3999,1440444072449,"140,592",Not yet rated,NULL,$15.625
TVIX,$13.5999,1440444072504,"23,321,400",81% bullish,of 16 ratings,N/A
DJCO,$200.05,1440444072822,933,Not yet rated,NULL,N/A
DAKT,$11.2,1440444072855,"131,357",50% bullish,of 2 ratings,$14
DAIO,$2.664,1440444072876,"18,249",Not yet rated,NULL,N/A
ZIV,$40.81,1440444072916,"229,913",Not yet rated,NULL,N/A
DTLK,$5.335,1440444072965,"48,836",100% bearish,of 1 rating,$9
DARA,$0.88,1440444073007,"80,561",83% bullish,of 6 ratings,$1.50
XIV,$28.85,1440444073033,"30,798,121",75% bearish,of 4 ratings,N/A
DWCH,$4.76,1440444073164,"63,420",75% bullish,of 4 ratings,$8.25
PLAY,$32.49,1440444073295,"90,775",100% bullish,of 5 ratings,$42
DTEA,$12.94,1440444073321,"127,729",100% bearish,of 2 ratings,$24
DRAM,$1.3101,1440444073347,"6,831",78% bullish,of 9 ratings,N/A
DWSN,$4.1501,1440444073482,"44,169",67% bullish,of 3 ratings,$6
DBVT,$36.24,1440444073509,"87,533",100% bearish,of 1 rating,$53
TRAK,$62.77,1440444073539,"364,654",50% bullish,of 2 ratings,$62.50
DHRM,$1.5701,1440444073568,"9,700",Not yet rated,NULL,N/A
DFRG,$14.275,1440444073670,"114,084",100% bearish,of 1 rating,$20
TACOW,$3.7,1440444073770,"26,513",100% bullish,of 1 rating,N/A
TACO,$12.46,1440444073843,"169,217",75% bullish,of 4 ratings,$20
DGAS,$20.14,1440444073987,"5,140",67% bearish,of 3 ratings,N/A
DCTH,$0.43,1440444074116,"106,930",78% bullish,of 9 ratings,N/A
DELT,$2.6,1440444074142,"1,385",Not yet rated,NULL,N/A
DENN,$11.143,1440444074214,"461,014",100% bullish,of 3 ratings,$15
DELTW,NULL,1440444074273,0,Not yet rated,NULL,N/A
XRAY,$51.2499,1440444074794,"406,457",100% bullish,of 1 rating,$58
DEPO,$27.61,1440444074822,"851,811",60% bullish,of 5 ratings,$29
DSCI,$5.85,1440444074979,"74,102",50% bullish,of 2 ratings,$16
DEST,$11.31,1440444075028,"25,496",50% bullish,of 2 ratings,N/A
DXLG,$4.429,1440444075068,"67,229",100% bearish,of 1 rating,$8
DERM,$23.05,1440444075162,"108,245",100% bearish,of 1 rating,$33.50
DSWL,$1.79,1440444075193,"21,640",100% bullish,of 1 rating,N/A
DXM,$0.2952,1440444075215,"137,086",50% bullish,of 2 ratings,N/A
DXCM,$85.085,1440444075277,"883,783",57% bullish,of 7 ratings,$98
DMND,$29.28,1440444075548,"112,052",75% bullish,of 12 ratings,$32
DHXM,NULL,1440444075606,0,Not yet rated,NULL,N/A
DCIX,$1.6458,1440444075682,"58,441",50% bullish,of 4 ratings,$3.50
DRNA,$10.64,1440444075784,"86,092",67% bearish,of 3 ratings,$25
DHIL,$188.5,1440444075815,"1,479",Not yet rated,NULL,N/A
FANG,$61.8,1440444075843,"823,157",50% bullish,of 2 ratings,$86
DGII,$9.5948,1440444075864,"32,454",100% bearish,of 1 rating,$10
DMRC,$35.62,1440444075895,"82,072",100% bearish,of 1 rating,$44
DRAD,$3.7892,1440444076027,"45,234",100% bullish,of 1 rating,$5.25
DGLY,$6.37,1440444076190,"237,806",50% bullish,of 6 ratings,$20
APPS,$2.3,1440444076294,"94,116",100% bearish,of 1 rating,$10.25
DIOD,$18.825,1440444076322,"141,672",75% bearish,of 4 ratings,$24
DCOM,$16.22,1440444076351,"51,162",100% bearish,of 2 ratings,$16.50
DPRX,$12.49,1440444076372,"15,655",100% bullish,of 2 ratings,$27.75
DISCA,$26.0225,1440444076401,"1,983,879",67% bullish,of 3 ratings,$34
DISCK,$24.96,1440444076630,"2,767,612",100% bearish,of 1 rating,$32
DISCB,$26.08,1440444076656,298,100% bearish,of 1 rating,$35
DISH,$58.1,1440444076702,"1,367,018",69% bullish,of 13 ratings,$73
DSCO,$0.3998,1440444076735,"201,428",83% bullish,of 6 ratings,$2.75
BAGR,$2.75,1440444076839,"24,362",100% bearish,of 1 rating,$6
DLHC,$2.3599,1440444076861,"11,831",100% bearish,of 1 rating,N/A
DVCR,$10.1,1440444076894,"16,415",100% bullish,of 1 rating,N/A
DNBF,$26.45,1440444076936,"13,530",Not yet rated,NULL,$27.50
DGICA,$14.295,1440444077203,"10,520",100% bearish,of 1 rating,$17
DLTR,$73.6,1440444077293,"1,480,684",82% bullish,of 11 ratings,$88
DORM,$48.914,1440444077362,"199,621",100% bearish,of 1 rating,$56
DMLP,$12.99,1440444077430,"72,267",100% bearish,of 1 rating,N/A
DGICB,NULL,1440444077456,0,100% bearish,of 1 rating,N/A
HILL,$9.65,1440444077485,"3,044,675",60% bearish,of 5 ratings,$9.75
DRWIW,NULL,1440444077584,0,Not yet rated,NULL,N/A
DWA,$18.92,1440444077658,"649,529",63% bullish,of 8 ratings,$26
DRYS,$0.33,1440444077686,"3,879,176",77% bullish,of 31 ratings,$.60
DRWI,$0.2431,1440444077744,"131,025",60% bullish,of 5 ratings,$.45
DSPG,$8.3,1440444077820,"33,809",100% bearish,of 1 rating,$13.50
DSKX,$3.031,1440444077853,"139,092",100% bullish,of 1 rating,N/A
CADT,$10.02,1440444077949,300,Not yet rated,NULL,N/A
CADTR,$0.2,1440444078015,"24,465",Not yet rated,NULL,N/A
CADTU,NULL,1440444078051,0,Not yet rated,NULL,N/A
CADTW,NULL,1440444078221,0,Not yet rated,NULL,N/A
DNKN,$49.27,1440444078362,"1,814,365",67% bullish,of 15 ratings,$56.50
DRRX,$1.9,1440444078387,"164,750",50% bullish,of 6 ratings,$3
DTSI,$24.99,1440444078424,"43,808",100% bearish,of 2 ratings,$39.50
DYSL,$1.46,1440444078522,"25,629",100% bullish,of 2 ratings,N/A
DYAX,$21.29,1440444078553,"468,857",89% bullish,of 9 ratings,$30
DXPE,$27.68,1440444078655,"83,258",50% bullish,of 2 ratings,N/A
BOOM,$9.62,1440444078681,"39,135",67% bullish,of 3 ratings,$12
DVAX,$25.7,1440444079256,"188,332",70% bullish,of 10 ratings,$40
EBMT,$11.34,1440444079301,"40,325",Not yet rated,NULL,$13.50
EGBN,$40.99,1440444079393,"81,829",Not yet rated,NULL,$48
ETFC,$24.07,1440444079418,"2,462,335",57% bullish,of 14 ratings,$33
DYNT,$2.85,1440444079444,"11,228",75% bullish,of 4 ratings,N/A
EGLE,$5.905,1440444079631,"9,261",60% bullish,of 5 ratings,N/A
EGRX,$65.3349,1440444079661,"254,424",67% bullish,of 3 ratings,$97
EROC,$1.11,1440444079686,"421,032",50% bullish,of 2 ratings,$3
EWBC,$38.59,1440444079735,"1,415,236",100% bearish,of 1 rating,$50
ELNK,$7.87,1440444079790,"398,499",60% bullish,of 5 ratings,$9.50
EACQU,$10.1999,1440444079879,956,Not yet rated,NULL,N/A
EVBS,$6.42,1440444079908,"5,295",Not yet rated,NULL,$7
EML,$16.3601,1440444079939,"30,035",Not yet rated,NULL,N/A
EBIX,$26.0401,1440444080014,"624,134",69% bullish,of 13 ratings,$40
ELON,$0.5392,1440444080144,"61,572",50% bullish,of 2 ratings,N/A
EBAY,$24.79,1440444080170,"8,800,406",81% bullish,of 117 ratings,$48
ECTE,$1.421,1440444080310,"20,594",75% bullish,of 4 ratings,N/A
ECHO,$23.905,1440444080408,"362,424",67% bearish,of 3 ratings,$35.50
SATS,$41.723,1440444080445,"102,623",50% bullish,of 2 ratings,$60
ECACU,$10.048,1440444080541,"22,600",Not yet rated,NULL,N/A
EDAP,$3.0304,1440444080571,"51,041",60% bullish,of 5 ratings,$4.50
ESES,$3.06,1440444080599,"4,949",100% bearish,of 1 rating,$7
EDGW,$6.73,1440444080628,"102,784",100% bearish,of 1 rating,N/A
EEI,$10.7801,1440444080674,"1,831",67% bearish,of 3 ratings,N/A
EFUT,$4.01,1440444080854,"5,046",Not yet rated,NULL,N/A
EDUC,$4.7575,1440444081049,"2,270",100% bearish,of 1 rating,N/A
EGAN,$3.29,1440444081081,"13,044",50% bullish,of 2 ratings,$6.25
EHTH,$13.16,1440444081126,"91,677",50% bullish,of 4 ratings,$16.50
EGLT,$10.25,1440444081151,"47,016",50% bullish,of 2 ratings,$21
LOCO,$11.3535,1440444081176,"1,058,344",69% bullish,of 13 ratings,$20
EMITF,$1.21,1440444081375,"40,644",75% bullish,of 4 ratings,N/A
ESLT,$74.27,1440444081477,"19,918",67% bullish,of 3 ratings,N/A
ESIO,$4.36,1440444081509,"52,609",50% bullish,of 2 ratings,$10
ERI,$9.03,1440444081542,"45,346",100% bearish,of 1 rating,$10
EA,$63.52,1440444081570,"2,909,812",77% bullish,of 35 ratings,$80
ELRC,$10.265,1440444081599,"23,844",100% bearish,of 1 rating,N/A
ELSE,$3.63,1440444081620,400,60% bullish,of 5 ratings,N/A
EFII,$42.375,1440444081656,"222,016",80% bullish,of 5 ratings,$55
ELEC,NULL,1440444081809,0,Not yet rated,NULL,N/A
ELECU,NULL,1440444081954,0,Not yet rated,NULL,N/A
EBIO,$3.26,1440444082063,"227,938",100% bearish,of 2 ratings,$8.35
ELECW,NULL,1440444082091,0,Not yet rated,NULL,N/A
RDEN,$10.06,1440444082238,"75,906",100% bearish,of 4 ratings,$15
CAPX,$22.0099,1440444082263,"2,600",Not yet rated,NULL,N/A
ESBK,NULL,1440444082416,0,Not yet rated,NULL,N/A
LONG,$16.89,1440444082438,"56,290",67% bullish,of 3 ratings,$15.75
EMCI,$22,1440444082468,"14,085",Not yet rated,NULL,N/A
ELTK,$1.0699,1440444082521,"9,291",67% bearish,of 3 ratings,N/A
EMKR,$6.92,1440444082602,"85,305",75% bullish,of 4 ratings,$8.50
EMCF,NULL,1440444082632,0,100% bearish,of 1 rating,N/A
EMMSP,NULL,1440444082737,0,100% bearish,of 1 rating,N/A
EMMS,$1.1301,1440444082768,"165,708",67% bullish,of 6 ratings,N/A
NYNY,$4.09,1440444082838,"71,712",50% bullish,of 2 ratings,N/A
ERS,$2.8197,1440444083036,"4,002",Not yet rated,NULL,N/A
ENTA,$38.43,1440444083668,"161,235",50% bullish,of 2 ratings,$42
ECPG,$38.24,1440444083703,"93,354",100% bullish,of 2 ratings,$52
ELGX,$12.52,1440444083774,"402,964",75% bullish,of 4 ratings,$17
WIRE,$31.85,1440444083801,"103,801",100% bearish,of 1 rating,$37
ERII,$2.9,1440444083830,"85,239",80% bullish,of 5 ratings,$2.50
EFOI,$15.85,1440444083856,"332,035",50% bullish,of 2 ratings,$20.50
ENDP,$73.54,1440444083884,"1,701,767",50% bullish,of 6 ratings,$104
ECYT,$5,1440444083934,"201,807",83% bullish,of 6 ratings,$12
EIGI,$14.6699,1440444084018,"437,382",67% bearish,of 3 ratings,$22.50
EXXI,$1.2894,1440444084181,"1,892,218",86% bullish,of 7 ratings,$3.50
ENOC,$8.32,1440444084285,"231,446",75% bullish,of 4 ratings,$18
WATT,$6.151,1440444084314,"196,721",50% bullish,of 2 ratings,$13
ESGR,$147.549,1440444084388,"21,915",100% bearish,of 1 rating,$185
ENPH,$4.825,1440444084414,"949,035",75% bullish,of 4 ratings,$11
ENG,$1,1440444084461,"35,150",100% bullish,of 3 ratings,N/A
ENFC,$18.19,1440444084754,"5,525",Not yet rated,NULL,N/A
ETRM,$0.2301,1440444084853,"817,600",69% bearish,of 35 ratings,$1.625
ENTL,$20.84,1440444084882,"11,864",Not yet rated,NULL,$28
ENTG,$13.23,1440444084913,"418,930",100% bearish,of 1 rating,$18
EGT,$2.04,1440444084940,405,100% bullish,of 1 rating,N/A
EBTC,$20.535,1440444084965,"4,493",Not yet rated,NULL,N/A
EFSC,$23.57,1440444085014,"27,324",Not yet rated,NULL,$27
ENZN,$0.95,1440444085294,"965,470",100% bullish,of 9 ratings,N/A
ENZY,$9.091,1440444085335,"13,317",67% bullish,of 3 ratings,$9.50
EPIQ,$13.32,1440444085387,"63,114",100% bearish,of 1 rating,$18
ENVI,$1.73,1440444085424,"28,478",67% bullish,of 3 ratings,N/A
EPRS,$4.78,1440444085450,"68,845",82% bullish,of 11 ratings,$15
EPZM,$17.75,1440444085475,"461,943",60% bullish,of 5 ratings,$34
PLUS,$74.9,1440444085654,"53,810",50% bullish,of 2 ratings,$88
EQIX,$254.17,1440444085738,"431,165",75% bullish,of 4 ratings,$312.50
ERIE,$81.7,1440444085843,"15,243",Not yet rated,NULL,$73
EQFN,NULL,1440444085875,0,100% bearish,of 1 rating,N/A
ESCA,$17.685,1440444085897,"16,855",100% bearish,of 1 rating,$22
ERIC,$9.4501,1440444085928,"2,371,956",63% bullish,of 8 ratings,$12.20
EAC,$3.47,1440444085961,"29,218",100% bearish,of 1 rating,$8
ESCR,$0.1599,1440444086025,"12,617",50% bullish,of 2 ratings,N/A
ESCRP,$1.54,1440444086216,"4,079",100% bearish,of 1 rating,N/A
ESPR,$51.86,1440444086408,"728,275",70% bearish,of 10 ratings,$123
ESMC,NULL,1440444086437,0,Not yet rated,NULL,N/A
ESSA,$12.58,1440444086463,"14,264",100% bearish,of 1 rating,N/A
ESND,$34.06,1440444086549,"84,882",100% bearish,of 2 ratings,$40
ETSY,$12.99,1440444086690,"533,663",80% bullish,of 5 ratings,$16
EPIX,$5.94,1440444086715,600,Not yet rated,NULL,N/A
CLWT,$2.3115,1440444086740,"15,377",100% bearish,of 1 rating,N/A
ESSX,$0.48,1440444087127,"19,091",50% bullish,of 2 ratings,N/A
ESEA,$5.77,1440444087198,"3,142",100% bullish,of 1 rating,$15
EVLV,$2.06,1440444087230,"115,481",60% bullish,of 5 ratings,$6.50
EVK,$3.9,1440444087252,"9,600",75% bearish,of 4 ratings,N/A
EVEP,$6.8601,1440444087281,"333,271",50% bullish,of 2 ratings,$15
EVOK,$3.69,1440444087307,"80,010",100% bearish,of 1 rating,$13.375
EEFT,$62.36,1440444087333,"172,579",100% bearish,of 1 rating,$67.50
EXAS,$19.6,1440444087679,"1,017,796",78% bullish,of 9 ratings,$31
EXA,$10.61,1440444087711,"21,324",100% bearish,of 1 rating,$13
EXAC,$17.845,1440444087743,"19,247",100% bearish,of 1 rating,$22.50
EXEL,$5.12,1440444087765,"4,017,489",81% bullish,of 16 ratings,$6
EVOL,$5.83,1440444087787,"9,932",75% bullish,of 4 ratings,$10
EXFO,$2.5,1440444087808,"52,720",67% bearish,of 3 ratings,$3.95
EXLS,$35.79,1440444087854,"126,520",100% bullish,of 1 rating,$41
EXPE,$108.38,1440444087960,"1,534,145",64% bullish,of 11 ratings,$130
EXPO,$41.245,1440444088187,"32,599",100% bearish,of 1 rating,$45.50
EXPD,$46.735,1440444088215,"1,030,082",80% bullish,of 5 ratings,$51.50
EXLP,$17.62,1440444088237,"244,851",100% bearish,of 1 rating,$27
ESRX,$81.475,1440444088258,"4,092,900",67% bearish,of 6 ratings,$101
EYEG,$3.86,1440444088507,"13,293",Not yet rated,NULL,N/A
EXTR,$2.715,1440444088579,"459,588",80% bullish,of 5 ratings,$3
EZCH,$20.54,1440444088636,"133,943",75% bullish,of 8 ratings,$19.50
EZPW,$6.105,1440444088664,"183,968",50% bullish,of 4 ratings,$7.50
FFIV,$116.94,1440444088686,"704,302",63% bullish,of 8 ratings,$132
EYEGW,NULL,1440444088718,0,Not yet rated,NULL,N/A
FB,$81.554,1440444088747,"42,924,908",73% bullish,of 1066 ratings,$111
FCS,$12.76,1440444088881,"518,272",67% bearish,of 3 ratings,$17
FRP,$16.215,1440444088908,"33,511",100% bearish,of 1 rating,$18
FWM,$2.2499,1440444088985,"206,159",100% bearish,of 2 ratings,$3.20
FALC,$1.533,1440444089128,"25,777",63% bearish,of 8 ratings,N/A
DAVE,$14.03,1440444089154,"33,822",100% bearish,of 1 rating,$15.50
FARM,$21.855,1440444089330,"24,193",100% bearish,of 1 rating,$35
FMNB,$8.01,1440444089356,"10,266",Not yet rated,NULL,N/A
FARO,$37.37,1440444089382,"97,374",50% bullish,of 2 ratings,$48
FFKT,$26.1,1440444089421,"5,424",Not yet rated,NULL,$29
FATE,$5.99,1440444089557,"88,065",50% bullish,of 2 ratings,$11
FAST,$37.325,1440444089584,"2,905,003",80% bullish,of 5 ratings,$46
FBSS,$15.3467,1440444089659,300,Not yet rated,NULL,N/A
FDML,$8.59,1440444089740,"143,853",50% bullish,of 4 ratings,$14
FBRC,$21.74,1440444089838,"21,526",100% bearish,of 1 rating,$29
FEIC,$74.15,1440444089926,"180,830",50% bullish,of 2 ratings,$95.50
FENX,$9.545,1440444089969,"36,660",100% bullish,of 1 rating,$14.25
FNHC,$21.16,1440444090021,"37,429",100% bearish,of 1 rating,$35
FHCO,$1.43,1440444090056,"186,743",50% bullish,of 4 ratings,N/A
FGEN,$21.8888,1440444090287,"341,588",100% bearish,of 1 rating,$39
FCSC,$5.26,1440444090319,"174,729",100% bearish,of 1 rating,$8.125
ONEQ,$177.8101,1440444090364,"116,144",100% bullish,of 1 rating,N/A
LION,$18.305,1440444090420,"88,066",100% bullish,of 1 rating,$20
FSAM,$8.45,1440444090501,"21,802",100% bearish,of 1 rating,$11
FDUS,$13.75,1440444090548,"143,828",50% bullish,of 2 ratings,$18
FRGI,$50.3,1440444090599,"129,677",50% bullish,of 2 ratings,$70
FSC,$6.19,1440444090621,"903,515",75% bullish,of 4 ratings,$8
FSCFL,$24.2,1440444090752,"1,304",Not yet rated,NULL,N/A
FSFR,$8.61,1440444091089,"194,952",100% bearish,of 1 rating,$11.50
FITB,$18.68,1440444091223,"5,054,699",54% bullish,of 13 ratings,$22
FITBI,$26.78,1440444091255,"23,796",Not yet rated,NULL,N/A
FISI,$24.32,1440444091352,"31,461",100% bullish,of 2 ratings,$24.50
FNGN,$32.26,1440444091377,"242,591",67% bullish,of 3 ratings,$47
FNTCU,NULL,1440444091512,0,Not yet rated,NULL,N/A
FNSR,$14.755,1440444091533,"717,553",71% bullish,of 7 ratings,$24.50
FNTC,NULL,1440444091561,0,Not yet rated,NULL,N/A
FNLC,$18.17,1440444091737,"17,793",100% bullish,of 1 rating,N/A
FEYE,$35.833,1440444091773,"5,138,992",87% bullish,of 15 ratings,$55.50
FBNC,$16.3,1440444091801,"16,949",100% bullish,of 1 rating,$20
FNTCW,$0.32,1440444091822,"17,600",Not yet rated,NULL,N/A
FNJN,$1.58,1440444091868,"46,053",100% bearish,of 1 rating,$5
FRBA,$5.97,1440444092009,"3,378",Not yet rated,NULL,$8
BUSE,$6.2,1440444092036,"45,710",Not yet rated,NULL,$6.875
FBIZ,$43.7,1440444092061,"9,873",100% bearish,of 2 ratings,$52
FCVA,$4.61,1440444092296,"5,105",Not yet rated,NULL,N/A
FCLF,$9.41,1440444092395,525,Not yet rated,NULL,N/A
FCNCA,$231.94,1440444092442,"3,370",Not yet rated,NULL,N/A
FCBC,$17.2501,1440444092467,"6,134",Not yet rated,NULL,$18
FCAP,$26.5,1440444092598,601,Not yet rated,NULL,N/A
FDEF,$36.735,1440444092638,"21,105",Not yet rated,NULL,$38
FCFS,$37.88,1440444092670,"152,359",100% bearish,of 3 ratings,$48
FCFP,$6.85,1440444092700,"6,514",Not yet rated,NULL,N/A
FCCO,$11.53,1440444092804,"2,048",Not yet rated,NULL,$13.25
FBNK,$16.47,1440444092867,"19,693",100% bearish,of 1 rating,$17.50
FFNM,$6.24,1440444092891,"3,100",Not yet rated,NULL,N/A
FFBC,$18.09,1440444093092,"152,424",67% bearish,of 3 ratings,$20.25
FFBCW,NULL,1440444093146,0,100% bearish,of 1 rating,N/A
FFIN,$29.63,1440444093221,"135,495",50% bullish,of 2 ratings,$31.75
THFF,$32.66,1440444093248,"10,342",Not yet rated,NULL,$35
FIBK,$25.8,1440444093291,"90,964",Not yet rated,NULL,$32
FFWM,$21,1440444093325,"44,058",Not yet rated,NULL,$24
FFNW,$12.13,1440444093393,"28,106",Not yet rated,NULL,$14
INBK,$28.968,1440444093424,"34,034",50% bullish,of 2 ratings,$37
FMBH,$22.5,1440444093521,300,Not yet rated,NULL,N/A
FRME,$24.75,1440444093673,"108,691",Not yet rated,NULL,$26.50
FNBC,$32.9,1440444093700,"32,215",Not yet rated,NULL,$41.50
FMBI,$17.05,1440444093721,"329,393",Not yet rated,NULL,$20
FNWB,$11.88,1440444093859,"21,661",Not yet rated,NULL,N/A
FNFG,$8.76,1440444093889,"1,606,408",80% bullish,of 5 ratings,$9
FSFG,$30,1440444093988,"4,050",Not yet rated,NULL,N/A
FSGI,$2.46,1440444094087,"8,850",Not yet rated,NULL,N/A
FSLR,$43.26,1440444094146,"1,811,598",74% bullish,of 39 ratings,$65
FSBK,$7.6526,1440444094173,"1,045",100% bullish,of 1 rating,N/A
BICK,$17.84,1440444094194,250,100% bullish,of 1 rating,N/A
FBZ,$9.75,1440444094222,200,Not yet rated,NULL,N/A
FTCS,$35.1,1440444094589,"227,923",100% bearish,of 1 rating,N/A
FCA,$17.43,1440444094722,"1,000",Not yet rated,NULL,N/A
FCAN,$22.9,1440444094748,"6,013",Not yet rated,NULL,N/A
IFV,$16.96,1440444094773,"1,823,800",100% bearish,of 1 rating,N/A
FEMB,$41.5099,1440444094963,756,Not yet rated,NULL,N/A
FTSM,$59.915,1440444095011,"41,341",100% bearish,of 1 rating,N/A
FGM,$34.31,1440444095157,"43,365",Not yet rated,NULL,N/A
FEUZ,$30.385,1440444095201,"2,264",Not yet rated,NULL,N/A
FTGC,$21.6843,1440444095229,"87,080",Not yet rated,NULL,N/A
TDIV,$23.6001,1440444095256,"401,912",100% bearish,of 1 rating,N/A
FV,$22.13,1440444095284,"8,024,913",100% bearish,of 1 rating,N/A
MDIV,$18.736,1440444095310,"812,025",Not yet rated,NULL,N/A
FTHI,$18.93,1440444095480,48,Not yet rated,NULL,N/A
HYLS,$48.76,1440444095695,"51,153",100% bearish,of 1 rating,N/A
FPXI,$26.07,1440444095779,40,Not yet rated,NULL,N/A
YDIV,$16.21,1440444095835,"6,254",Not yet rated,NULL,N/A
FHK,$31.0218,1440444095970,"44,743",Not yet rated,NULL,N/A
SKYY,$27.3606,1440444095995,"151,998",100% bullish,of 1 rating,N/A
CU,$11.9001,1440444096025,"16,898",100% bearish,of 1 rating,N/A
PLTM,$6.24,1440444096048,"40,332",100% bearish,of 1 rating,N/A
LMBS,$50.48,1440444096127,"1,000",Not yet rated,NULL,N/A
FJP,$43.985,1440444096185,"35,903",Not yet rated,NULL,N/A
FTLB,$18.9828,1440444096256,"4,210",100% bearish,of 1 rating,N/A
FMB,$51.185,1440444096450,946,Not yet rated,NULL,N/A
CIBR,$17.36,1440444096475,"214,598",Not yet rated,NULL,N/A
FONE,$32.78,1440444096503,"1,850",Not yet rated,NULL,N/A
QABA,$36.5,1440444096669,"40,844",100% bearish,of 1 rating,N/A
QCLN,$14.2,1440444096762,"66,938",Not yet rated,NULL,N/A
GRID,$30.15,1440444096860,"1,915",100% bearish,of 1 rating,N/A
RDVY,$20.4099,1440444096892,"12,603",Not yet rated,NULL,N/A
CARZ,$33.13,1440444096919,"9,979",100% bearish,of 1 rating,N/A
QQEW,$39.5299,1440444096992,"271,453",Not yet rated,NULL,N/A
AIRR,$15.755,1440444097062,"7,559",100% bearish,of 1 rating,N/A
QTEC,$37.74,1440444097093,"175,604",Not yet rated,NULL,N/A
QINC,$19.8606,1440444097114,"3,335",Not yet rated,NULL,N/A
FTSL,$48.4596,1440444097270,"41,046",100% bearish,of 1 rating,N/A
QQXT,$38.4499,1440444097317,"137,393",Not yet rated,NULL,N/A
FKO,$19.5,1440444097467,100,Not yet rated,NULL,N/A
FDIV,$47.17,1440444097539,"2,865",100% bearish,of 1 rating,N/A
FSZ,$38.23,1440444097636,"44,892",Not yet rated,NULL,N/A
FUNC,$8.13,1440444097714,"1,100",Not yet rated,NULL,N/A
TUSA,$24.54,1440444097796,700,Not yet rated,NULL,N/A
FKU,$40,1440444097850,"105,071",Not yet rated,NULL,N/A
FSV,$29.99,1440444097948,"13,433",Not yet rated,NULL,$33.60
SVVC,$9.3391,1440444097973,"27,712",50% bullish,of 2 ratings,$26
FMER,$17.3,1440444097999,"1,180,015",50% bullish,of 2 ratings,$20
FTW,$28.25,1440444098027,"12,497",Not yet rated,NULL,N/A
FISV,$81.35,1440444098056,"1,244,480",100% bearish,of 3 ratings,$90
FIVE,$34.835,1440444098281,"348,128",75% bearish,of 4 ratings,$44
FIVN,$4.135,1440444098362,"167,588",100% bullish,of 1 rating,$8.50
FPRX,$18.31,1440444098440,"185,325",50% bullish,of 2 ratings,$35
FLML,$20.1801,1440444098742,"180,711",50% bullish,of 2 ratings,$30
FLKS,$13.17,1440444098896,"35,888",50% bullish,of 2 ratings,$27
FLXN,$22.86,1440444098924,"45,124",100% bearish,of 1 rating,$40
FLIR,$27.49,1440444098956,"794,808",100% bearish,of 1 rating,$38.50
SKOR,$50.399,1440444098982,500,Not yet rated,NULL,N/A
FLXS,$29.22,1440444099010,"30,551",100% bearish,of 2 ratings,N/A
FLEX,$10.06,1440444099051,"1,540,640",63% bullish,of 8 ratings,$12
MBSD,$25.37,1440444099076,400,Not yet rated,NULL,N/A
FOGO,$17.9,1440444099286,"119,672",50% bullish,of 2 ratings,$25.50
FFIC,$19.63,1440444099377,"37,667",Not yet rated,NULL,$21
FLDM,$12.15,1440444099472,"177,700",67% bearish,of 3 ratings,$21.50
FORM,$6,1440444099502,"234,762",67% bullish,of 3 ratings,$10.50
FOMX,$9.47,1440444099527,"122,393",50% bullish,of 2 ratings,$23.50
FES,$0.84,1440444099568,"30,843",50% bullish,of 2 ratings,$1
FONR,$9.18,1440444099593,"11,276",100% bullish,of 1 rating,N/A
FORTY,$29.01,1440444099779,"3,592",100% bearish,of 1 rating,N/A
FBIO,$2.2601,1440444099911,"247,441",83% bullish,of 6 ratings,N/A
FTNT,$40.665,1440444099967,"1,543,763",80% bullish,of 10 ratings,$52
FWRD,$45.22,1440444099994,"82,306",100% bearish,of 1 rating,$50
FORR,$32.06,1440444100015,"32,040",Not yet rated,NULL,N/A
FORD,$1.01,1440444100164,"93,155",50% bullish,of 2 ratings,N/A
FWP,$25.3,1440444100218,"43,093",100% bearish,of 1 rating,$45
FOSL,$59.02,1440444100243,"811,030",50% bullish,of 4 ratings,$80
FOXF,$15.26,1440444100385,"35,930",100% bearish,of 1 rating,$19
FRAN,$10.16,1440444100419,"289,696",50% bullish,of 4 ratings,$15
FMI,$20.58,1440444100440,"132,472",100% bearish,of 2 ratings,$27.50
FXCB,$16.95,1440444100469,"11,918",Not yet rated,NULL,$19
FRED,$13.63,1440444100678,"87,943",50% bullish,of 2 ratings,$16.50
FELE,$28.11,1440444100704,"214,858",50% bullish,of 4 ratings,$33
FREE,$0.34,1440444100790,"568,860",92% bullish,of 12 ratings,N/A
FEIM,$10.74,1440444100891,"1,975",100% bearish,of 1 rating,N/A
FTR,$4.975,1440444100916,"10,345,406",78% bullish,of 27 ratings,$6.25
RAIL,$19.41,1440444100941,"76,464",100% bearish,of 1 rating,$24.50
FRPT,$12.92,1440444100988,"293,671",67% bearish,of 3 ratings,$23.50
FTRPR,$99.5999,1440444101197,"12,264",100% bearish,of 1 rating,N/A
FSYS,$6.07,1440444101274,"49,906",67% bullish,of 3 ratings,$10
FTD,$28.78,1440444101301,"47,510",100% bearish,of 1 rating,$40
FRPH,$29.64,1440444101329,"1,133",100% bearish,of 1 rating,N/A
FSBW,$22.51,1440444101436,500,Not yet rated,NULL,N/A
FTEK,$2.05,1440444101497,"48,292",75% bullish,of 4 ratings,N/A
FCEL,$0.7088,1440444101523,"1,269,654",88% bullish,of 40 ratings,$2.65
FULL,$3.04,1440444101888,"97,308",67% bearish,of 3 ratings,$4.25
FULLL,$25.04,1440444101945,"4,485",Not yet rated,NULL,N/A
FLL,$1.45,1440444101981,"25,880",75% bullish,of 4 ratings,$2.825
FULT,$11.88,1440444102131,"717,576",100% bearish,of 1 rating,$13
FSNN,$2.5301,1440444102172,600,67% bullish,of 3 ratings,$6
FXEN,$0.8152,1440444102198,"92,225",75% bullish,of 4 ratings,$1.10
FFHL,$0.88,1440444102224,"2,720",50% bullish,of 4 ratings,N/A
GK,$67.56,1440444102260,"61,445",Not yet rated,NULL,$78
FXENP,$15.54,1440444102355,"3,600",100% bearish,of 1 rating,N/A
GALT,$1.83,1440444102403,"161,286",80% bullish,of 5 ratings,N/A
WILC,$5.05,1440444102441,"14,612",100% bullish,of 2 ratings,N/A
GLPG,$60.17,1440444102630,"38,414",100% bullish,of 1 rating,$75
GALTW,NULL,1440444102656,0,100% bullish,of 1 rating,N/A
GALE,$1.491,1440444102684,"2,397,575",89% bullish,of 47 ratings,$4
GALTU,NULL,1440444102709,0,100% bearish,of 1 rating,N/A
GAIA,$5.78,1440444102735,"31,875",50% bullish,of 2 ratings,$8.50
GLPI,$30.68,1440444103034,"517,737",100% bearish,of 1 rating,$37.50
GLMD,$7.6899,1440444103073,"30,527",67% bullish,of 3 ratings,$20.50
GRMN,$36.85,1440444103106,"1,568,495",50% bullish,of 6 ratings,$48
GPIC,$9.93,1440444103136,"1,850",100% bearish,of 1 rating,N/A
GGAC,NULL,1440444103169,0,100% bearish,of 1 rating,N/A
GGACR,NULL,1440444103199,0,100% bullish,of 1 rating,N/A
GGACU,NULL,1440444103235,0,Not yet rated,NULL,N/A
GARS,$14.2772,1440444103263,"82,854",Not yet rated,NULL,$16
GGACW,$0.0514,1440444103532,800,Not yet rated,NULL,N/A
GNCMA,$16.19,1440444103577,"129,461",100% bearish,of 1 rating,$12
GENC,$9.4386,1440444103607,"4,659",100% bearish,of 1 rating,N/A
GFN,$3.33,1440444103669,"23,771",100% bearish,of 2 ratings,$8
GFNCP,$85.05,1440444103706,448,Not yet rated,NULL,N/A
GFNSL,$25.3,1440444103742,"1,900",Not yet rated,NULL,N/A
GENE,$2.1201,1440444103875,"130,935",100% bullish,of 12 ratings,N/A
GNMK,$9.02,1440444104070,"141,660",67% bullish,of 6 ratings,$14
GNCA,$11.98,1440444104096,"69,388",100% bearish,of 1 rating,$20
GHDX,$24.49,1440444104140,"105,506",50% bullish,of 2 ratings,$30
GNVC,$2.0198,1440444104239,"33,630",90% bullish,of 10 ratings,$8.50
GNTX,$14.8957,1440444104265,"2,062,310",Not yet rated,NULL,$20
GTWN,NULL,1440444104291,0,Not yet rated,NULL,N/A
THRM,$42.2,1440444104312,"265,276",75% bearish,of 4 ratings,$55.50
GEOS,$14.46,1440444104480,"109,014",100% bearish,of 3 ratings,$25.50
GERN,$2.935,1440444104792,"1,506,771",88% bullish,of 16 ratings,$5.25
GEVO,$2.59,1440444104929,"1,266,310",75% bullish,of 12 ratings,$5
GABC,$29,1440444104956,"23,599",Not yet rated,NULL,$31.50
GILD,$100.05,1440444105032,"11,965,714",91% bullish,of 87 ratings,$129
ROCK,$16.45,1440444105090,"118,952",80% bullish,of 5 ratings,$24
GIGM,$0.55,1440444105161,"121,674",100% bullish,of 2 ratings,N/A
GIII,$62.16,1440444105189,"201,518",67% bullish,of 3 ratings,$75
GIGA,$1.39,1440444105217,"154,610",100% bearish,of 1 rating,N/A
GILT,$4.25,1440444105243,"23,898",50% bullish,of 2 ratings,N/A
GLAD,$7.95,1440444105429,"229,385",50% bullish,of 2 ratings,$8.75
GLADO,$25.35,1440444105532,"3,242",Not yet rated,NULL,N/A
GOOD,$14.66,1440444105589,"166,682",Not yet rated,NULL,$19
GBCI,$24.92,1440444105617,"136,288",50% bullish,of 2 ratings,$31
GOODN,$25.3372,1440444105661,"2,100",Not yet rated,NULL,N/A
GOODO,$25.1,1440444105689,200,Not yet rated,NULL,N/A
GOODP,$25.073,1440444105845,"1,600",Not yet rated,NULL,N/A
GAIN,$7.26,1440444106005,"386,828",100% bullish,of 2 ratings,$8.25
GAINN,$24.9199,1440444106054,"35,900",Not yet rated,NULL,N/A
GAINO,$25.2075,1440444106114,"2,530",Not yet rated,NULL,N/A
GAINP,$25.9499,1440444106147,"11,028",Not yet rated,NULL,N/A
GLBZ,$12.12,1440444106202,315,Not yet rated,NULL,N/A
LAND,$9.065,1440444106251,"29,627",50% bullish,of 2 ratings,$13.75
GDEF,NULL,1440444106343,0,Not yet rated,NULL,N/A
GBT,$39.94,1440444106377,"145,781",100% bearish,of 1 rating,N/A
ENT,$11.1201,1440444106476,"213,466",100% bearish,of 1 rating,$18
GBLI,$25.64,1440444106565,"8,668",Not yet rated,NULL,N/A
GSOL,$8.22,1440444106771,"30,222",100% bearish,of 1 rating,N/A
ACTX,$13,1440444106846,"3,025",100% bullish,of 1 rating,N/A
GPACU,$10,1440444106902,400,Not yet rated,NULL,N/A
ALTY,$14.15,1440444106951,"5,900",Not yet rated,NULL,N/A
QQQC,$17.9,1440444106983,"18,994",100% bearish,of 1 rating,N/A
SRET,$13.44,1440444107051,"3,966",Not yet rated,NULL,N/A
SOCL,$16.2,1440444107118,"100,116",100% bullish,of 2 ratings,N/A
YLCO,$11.48,1440444107419,"1,985",Not yet rated,NULL,N/A
GAI,$5.67,1440444107446,"12,063",50% bullish,of 2 ratings,N/A
GBIM,$2.171,1440444107674,"47,061",50% bullish,of 2 ratings,N/A
GLUU,$4.02,1440444107701,"2,048,208",92% bullish,of 26 ratings,$9
GLBS,$1.0825,1440444107728,100,67% bullish,of 3 ratings,N/A
GSM,$12.49,1440444107755,"256,670",50% bullish,of 2 ratings,$23
GLYC,$6.883,1440444107887,"13,375",50% bullish,of 2 ratings,$14
GOGO,$15.37,1440444107933,"872,227",80% bullish,of 5 ratings,$25
GMLP,$17.72,1440444108095,"194,105",50% bullish,of 4 ratings,$32.50
GLNG,$33.46,1440444108128,"767,277",83% bullish,of 6 ratings,$58
GLRI,$1.1,1440444108154,"75,539",100% bearish,of 1 rating,$6
GDEN,$8.71,1440444108224,"6,900",50% bullish,of 2 ratings,N/A
GLDC,$4.07,1440444108298,300,50% bullish,of 2 ratings,N/A
GBDC,$16.475,1440444108428,"196,353",Not yet rated,NULL,$17.75
GTIM,$6.26,1440444108453,"25,236",Not yet rated,NULL,$11.50
GOGL,$2.6,1440444108479,"256,863",75% bullish,of 4 ratings,$5
GOOG,$586.65,1440444108688,"2,191,172",89% bullish,of 70 ratings,$825
GOOGL,$615.45,1440444108714,"2,374,647",88% bullish,of 1080 ratings,$749
GPRO,$47.48,1440444108739,"7,252,705",78% bullish,of 58 ratings,$72
GMAN,$4.21,1440444108795,"32,914",60% bullish,of 5 ratings,$8
GPIAW,NULL,1440444108898,0,Not yet rated,NULL,N/A
GPIAU,$9.97,1440444108928,"35,301",Not yet rated,NULL,N/A
GPIA,$9.75,1440444108955,20,Not yet rated,NULL,N/A
LOPE,$36.6575,1440444108980,"193,756",100% bearish,of 2 ratings,$50
GRVY,$3.2,1440444109135,"1,432",50% bullish,of 2 ratings,N/A
GBSN,$1.07,1440444109160,"440,226",100% bearish,of 1 rating,$8.25
GBSNU,$16.53,1440444109187,"9,938",Not yet rated,NULL,N/A
GLDD,$5.19,1440444109411,"203,928",100% bearish,of 4 ratings,$7.75
GSBC,$39.04,1440444109576,"19,842",100% bullish,of 1 rating,$44
GPP,$14.03,1440444109630,"63,925",Not yet rated,NULL,$20.50
GNBC,$11.11,1440444109656,"41,268",100% bearish,of 1 rating,$17
GLRE,$24.42,1440444109691,"140,667",50% bullish,of 2 ratings,$41
GRBK,$12.2,1440444109712,"190,303",77% bullish,of 13 ratings,N/A
GCBC,$27.51,1440444109790,190,100% bullish,of 1 rating,N/A
GPRE,$18.13,1440444109843,"501,861",67% bullish,of 6 ratings,$28.50
GRIF,$30.04,1440444109926,747,100% bearish,of 1 rating,N/A
GRPN,$3.97,1440444110109,"6,021,372",61% bullish,of 71 ratings,$6.75
GRFS,$30.165,1440444110201,"181,311",50% bullish,of 2 ratings,$35
GGAL,$17.19,1440444110236,"319,019",80% bullish,of 5 ratings,$40
OMAB,$37.66,1440444110298,"66,138",100% bullish,of 1 rating,$44
GSIG,$12.2,1440444110431,"35,473",100% bearish,of 2 ratings,N/A
GTXI,$0.7675,1440444110461,"96,399",100% bullish,of 5 ratings,$.75
GSIT,$4.9,1440444110488,252,100% bearish,of 1 rating,N/A
GSVC,$8.4703,1440444110516,"202,716",50% bullish,of 2 ratings,$14.50
GFED,$14.6,1440444110707,"1,271",Not yet rated,NULL,$17
GBNK,$15.54,1440444110737,"19,300",100% bearish,of 1 rating,$18
GULTU,$0.275,1440444110887,"170,830",100% bearish,of 1 rating,N/A
GUID,$6.94,1440444111065,"106,480",100% bearish,of 3 ratings,$10
GIFI,$11.78,1440444111090,"42,508",100% bearish,of 1 rating,$16
GWPH,$100.31,1440444111120,"252,756",78% bullish,of 9 ratings,$148.50
GPOR,$32.5,1440444111148,"1,013,866",75% bullish,of 4 ratings,$55
GURE,$1.54,1440444111250,"75,146",88% bullish,of 8 ratings,N/A
GYRO,$2.88,1440444111670,300,100% bearish,of 1 rating,N/A
HEES,$15.91,1440444111769,"209,373",67% bearish,of 3 ratings,$31
GWGH,NULL,1440444111905,0,100% bearish,of 1 rating,$15.05
HLG,$9,1440444111936,"1,534",100% bearish,of 1 rating,N/A
HALO,$16.8101,1440444111969,"845,135",67% bullish,of 3 ratings,$22.50
HALL,$11.52,1440444112039,"16,042",Not yet rated,NULL,N/A
HNRG,$6.95,1440444112072,"90,591",100% bearish,of 1 rating,$10
HBK,$13.8,1440444112122,200,50% bullish,of 2 ratings,N/A
HBHCL,$24.1,1440444112444,"41,038",Not yet rated,NULL,N/A
HBHC,$25.33,1440444112473,"416,351",50% bullish,of 2 ratings,$30
HMPR,$1.79,1440444112501,"122,313",100% bullish,of 1 rating,N/A
HAFC,$23.57,1440444112639,"166,261",100% bullish,of 2 ratings,$28.50
HNH,$26.06,1440444112672,"9,609",100% bullish,of 1 rating,N/A
HNSN,$0.4706,1440444112699,"120,044",88% bullish,of 8 ratings,$.40
HDNG,$9.85,1440444112767,"27,359",50% bullish,of 4 ratings,N/A
HQCL,$8.26,1440444112794,"23,308",67% bullish,of 3 ratings,$14
HLIT,$5.51,1440444112926,"237,348",100% bearish,of 1 rating,$6.50
HRMN,NULL,1440444113098,0,Not yet rated,NULL,N/A
HRMNW,NULL,1440444113125,0,Not yet rated,NULL,N/A
TINY,$2.43,1440444113148,"38,979",50% bullish,of 2 ratings,$5.26
HRMNU,$10.19,1440444113181,300,Not yet rated,NULL,N/A
HART,$0.825,1440444113286,"133,111",100% bearish,of 1 rating,N/A
HCAP,$12.15,1440444113358,"32,757",50% bullish,of 2 ratings,$15
HAS,$71.59,1440444113569,"1,114,755",63% bullish,of 8 ratings,$84.50
HBIO,$4.3475,1440444113597,"85,951",Not yet rated,NULL,$10
HA,$21.91,1440444113622,"844,302",67% bullish,of 9 ratings,$27
HCAPL,$25.25,1440444113791,"6,827",Not yet rated,NULL,N/A
HCOM,$22.09,1440444113817,"5,404",100% bearish,of 1 rating,$28
HWKN,$37.3,1440444113845,"9,894",Not yet rated,NULL,N/A
HWBK,$13.117,1440444113979,660,100% bearish,of 1 rating,N/A
HDS,$31.255,1440444114055,"1,307,558",100% bearish,of 2 ratings,$39.50
HIIQ,$4.31,1440444114082,"25,002",50% bullish,of 2 ratings,$7
HAYN,$36.002,1440444114119,"47,753",100% bearish,of 1 rating,$59
HSTM,$24.28,1440444114222,"41,743",50% bullish,of 2 ratings,$33.75
HCSG,$32.67,1440444114251,"242,882",50% bullish,of 4 ratings,$35
HQY,$28.285,1440444114287,"198,959",67% bullish,of 3 ratings,$31
HWAY,$12.15,1440444114510,"203,463",100% bearish,of 1 rating,$15
HTLD,$20.18,1440444114565,"387,418",Not yet rated,NULL,$22.50
HTLF,$35.005,1440444114636,"30,714",100% bullish,of 1 rating,$39.50
HTWR,$80.46,1440444114710,"61,610",50% bullish,of 2 ratings,$103
HTBX,$5.157,1440444114770,"15,414",50% bullish,of 2 ratings,$15.50
HSII,$20,1440444114801,"37,554",100% bullish,of 3 ratings,$25
HMNY,$2.15,1440444114845,"2,480",100% bearish,of 1 rating,N/A
HELE,$83.835,1440444114905,"171,316",67% bearish,of 3 ratings,$100
HMTV,$12.68,1440444115038,"11,543",100% bearish,of 1 rating,$16
HERO,NULL,1440444115124,0,NULL,NULL,NULL
HCACU,$10.008,1440444115196,"1,500",Not yet rated,NULL,N/A
HNNA,$24.47,1440444115327,"14,997",Not yet rated,NULL,N/A
HTBK,$10.68,1440444115357,"27,302",Not yet rated,NULL,$12
HFWA,$17.26,1440444115386,"37,212",100% bullish,of 1 rating,$20
HSIC,$132.77,1440444115486,"369,753",83% bullish,of 6 ratings,$146
HCCI,$11.03,1440444115587,"9,587",100% bearish,of 1 rating,$16.50
HEOP,$7.5,1440444115613,"11,733",Not yet rated,NULL,$8.50
MLHR,$27.3,1440444115690,"114,363",50% bullish,of 2 ratings,$33.50
HSKA,$31.85,1440444115825,"30,487",100% bearish,of 1 rating,$38
HRTX,$34.01,1440444115890,"848,538",67% bullish,of 6 ratings,$41
HFFC,$15.86,1440444115927,657,Not yet rated,NULL,N/A
HIBB,$37.555,1440444115988,"410,981",100% bearish,of 1 rating,$48.50
HPJ,$2.15,1440444116034,"56,516",75% bullish,of 4 ratings,$12.43
HIMX,$6.089,1440444116457,"1,236,324",86% bullish,of 21 ratings,$8.50
HIHO,$4.2,1440444116482,"32,437",Not yet rated,NULL,N/A
HIFS,$115.78,1440444116507,"1,972",Not yet rated,NULL,N/A
HMNF,$11.07,1440444116650,"1,200",Not yet rated,NULL,N/A
HOLI,$16.51,1440444116675,"364,467",50% bullish,of 4 ratings,$27
HMSY,$10.04,1440444116701,"2,608,017",67% bullish,of 3 ratings,$19.35
HSGX,$5.45,1440444116754,"12,100",100% bearish,of 1 rating,$17
HOLX,$38.115,1440444116982,"2,175,079",67% bullish,of 3 ratings,$42
HMIN,$26.77,1440444117111,"281,297",100% bearish,of 2 ratings,$35
AWAY,$27.34,1440444117142,"814,981",67% bullish,of 3 ratings,$36
HFBL,$21.61,1440444117163,200,Not yet rated,NULL,N/A
HBCP,$24,1440444117184,400,Not yet rated,NULL,$29
HOMB,$37.195,1440444117206,"153,732",Not yet rated,NULL,$41
HMST,$21.45,1440444117248,"71,148",100% bullish,of 2 ratings,$27
HTBI,$17.94,1440444117588,"39,670",67% bullish,of 3 ratings,$18.625
HKTV,$4.48,1440444117653,"29,693",100% bearish,of 1 rating,N/A
HFBC,$11.44,1440444117678,"7,305",Not yet rated,NULL,N/A
HOFT,$23.15,1440444117705,"33,705",100% bearish,of 1 rating,N/A
CETC,$0.75,1440444117726,"101,585",86% bullish,of 7 ratings,N/A
HBNC,$23.46,1440444117914,"17,493",100% bullish,of 1 rating,$27
HRZN,$10.19,1440444118012,"75,364",100% bearish,of 1 rating,$14.25
ZINC,$6.795,1440444118098,"632,015",100% bearish,of 1 rating,$17
HMHC,$21.895,1440444118129,"421,924",Not yet rated,NULL,$27
HWCC,$7.27,1440444118160,"102,323",100% bearish,of 1 rating,$9
HZNP,$27.221,1440444118185,"2,004,522",85% bullish,of 20 ratings,$40
HDP,$23.69,1440444118229,"331,015",67% bearish,of 3 ratings,$30.50
HBMD,$13.45,1440444118422,"1,767",100% bearish,of 1 rating,N/A
HSNI,$58.08,1440444118507,"129,253",Not yet rated,NULL,$80
HOVNP,$4.726,1440444118552,"2,518",100% bearish,of 1 rating,N/A
HTGM,$5.32,1440444118639,"15,860",100% bearish,of 1 rating,$19.50
HCBK,$9.02,1440444118783,"1,533,977",83% bullish,of 6 ratings,$8.61
HUBG,$38,1440444118813,"110,264",100% bearish,of 1 rating,$43
HDSN,$2.92,1440444118913,"96,889",100% bullish,of 1 rating,$6.25
HBAN,$10.4,1440444118939,"6,229,723",76% bullish,of 17 ratings,$12.29
HBANP,$1332,1440444118969,96,100% bearish,of 1 rating,N/A
HSON,$2.62,1440444118995,"7,189",100% bearish,of 1 rating,$5
HURN,$71.985,1440444119021,"117,797",50% bullish,of 2 ratings,$80
HBP,$3.04,1440444119201,"5,708",100% bullish,of 1 rating,N/A
HURC,$28.976,1440444119263,"7,091",100% bearish,of 1 rating,N/A
HTCH,$1.54,1440444119302,"46,279",100% bearish,of 1 rating,$3.50
HDRAR,NULL,1440444119477,0,Not yet rated,NULL,N/A
HDRA,NULL,1440444119530,0,Not yet rated,NULL,N/A
IDSY,$3.66,1440444119876,"17,843",100% bearish,of 1 rating,$7
HYGS,$7.408,1440444119911,"38,934",50% bullish,of 2 ratings,$13
ICAD,$3.37,1440444119941,"66,181",50% bullish,of 2 ratings,$7.25
HDRAU,$10.2,1440444119967,200,Not yet rated,NULL,N/A
HDRAW,$0.25,1440444120002,11,Not yet rated,NULL,N/A
IACI,$66.86,1440444120031,"530,897",75% bullish,of 4 ratings,$90
IBKC,$57.45,1440444120057,"143,727",100% bullish,of 1 rating,$70
IEP,$65.72,1440444120200,"139,439",75% bullish,of 4 ratings,$99
IKGH,$1.55,1440444120428,"18,014",75% bullish,of 4 ratings,N/A
ICFI,$33.775,1440444120687,"50,518",50% bullish,of 2 ratings,$48.50
ICLR,$74.25,1440444120713,"310,263",100% bearish,of 3 ratings,$85
ICUI,$109.28,1440444120772,"89,742",Not yet rated,NULL,$122
ICON,$11.97,1440444120799,"688,661",50% bullish,of 2 ratings,$18.50
IPWR,$7.1,1440444120821,"15,317",100% bullish,of 1 rating,$15
INVE,$4.5099,1440444120951,"43,822",75% bullish,of 4 ratings,$4
IDRA,$2.49,1440444120977,"704,750",89% bullish,of 9 ratings,$6.50
RXDX,$12.44,1440444121461,"168,765",100% bullish,of 1 rating,$20
IROQ,$16.5,1440444121565,"6,392",100% bullish,of 1 rating,N/A
DSKY,$11.12,1440444121591,"440,962",67% bullish,of 6 ratings,$11.50
IDXX,$70.37,1440444121620,"497,453",100% bearish,of 1 rating,$77
KANG,$14,1440444121647,"511,686",50% bullish,of 2 ratings,$22.55
IRG,$4.78,1440444121724,"37,905",100% bearish,of 1 rating,$4.50
IIVI,$16.84,1440444121794,"133,962",100% bearish,of 1 rating,$22
IKNX,$11.33,1440444121957,400,100% bearish,of 1 rating,N/A
IKAN,$2.72,1440444122025,"14,800",83% bullish,of 6 ratings,$5
ISNS,$3.59,1440444122057,"56,426",50% bullish,of 2 ratings,N/A
ILMN,$189.91,1440444122084,"903,596",80% bullish,of 5 ratings,$240
ICCC,$7.67,1440444122117,"4,795",100% bullish,of 1 rating,N/A
IMMR,$11.21,1440444122250,"94,250",80% bullish,of 5 ratings,$15.50
IMDZ,$14.36,1440444122332,"53,673",100% bearish,of 1 rating,$33
IMGN,$13.02,1440444122419,"920,116",75% bullish,of 4 ratings,$17.50
IMNP,$1.19,1440444122444,"192,298",50% bullish,of 2 ratings,$6
IMMU,$1.765,1440444122707,"396,735",86% bullish,of 7 ratings,$2
INCY,$96.41,1440444122743,"768,864",50% bullish,of 6 ratings,$125.50
IPXL,$42.02,1440444122765,"483,873",67% bullish,of 3 ratings,$46.50
SAAS,$7.32,1440444122863,"220,603",50% bullish,of 2 ratings,$15
IBCP,$13.7,1440444122894,"69,506",100% bullish,of 1 rating,$14.50
INCR,$39.73,1440444122968,"288,322",50% bullish,of 2 ratings,$53
IMMY,$7.12,1440444122998,"11,202",100% bearish,of 1 rating,$11
INDB,$44.15,1440444123131,"52,294",Not yet rated,NULL,$44
IBTX,$40.34,1440444123238,"21,389",100% bullish,of 2 ratings,$47.25
IDSA,$3.5,1440444123310,"5,410",Not yet rated,NULL,N/A
INFI,$8.51,1440444123336,"488,492",50% bullish,of 4 ratings,$18
INFN,$19.79,1440444123473,"1,593,191",71% bullish,of 7 ratings,$28
IPCC,$78.71,1440444123619,"23,211",Not yet rated,NULL,$77.50
IFON,$1.17,1440444123682,"54,534",75% bullish,of 4 ratings,N/A
III,$3.99,1440444123711,"41,027",57% bullish,of 7 ratings,$6
INWK,$7.26,1440444123814,"85,684",50% bullish,of 2 ratings,$10
IMKTA,$49.83,1440444123842,"61,713",100% bearish,of 1 rating,N/A
IPHS,$45.76,1440444123869,"70,957",100% bearish,of 1 rating,$60
INNL,$12.22,1440444123895,955,100% bearish,of 1 rating,$16.50
IOSP,$46.37,1440444124032,"229,241",100% bearish,of 1 rating,N/A
INOD,$2.48,1440444124062,"3,700",100% bearish,of 1 rating,N/A
INGN,$46.4601,1440444124163,"162,646",100% bearish,of 1 rating,$50.50
ISSC,$2.8,1440444124255,"4,939",67% bearish,of 3 ratings,N/A
ITEK,$12.4,1440444124302,"511,331",100% bearish,of 3 ratings,$20
INOV,$20.56,1440444124590,"167,616",100% bearish,of 1 rating,$33
IIIN,$16.5,1440444124669,"18,402",100% bearish,of 2 ratings,N/A
NSIT,$24.8701,1440444124723,"48,254",50% bullish,of 2 ratings,N/A
INO,$6.5135,1440444124751,"1,002,679",89% bullish,of 18 ratings,$20
PODD,$27.65,1440444124773,"176,912",50% bullish,of 2 ratings,$35
ISIG,$2.59,1440444124806,"24,375",100% bearish,of 1 rating,N/A
NTEC,$5.59,1440444124907,"18,600",100% bearish,of 1 rating,N/A
INSY,$31.255,1440444125156,"391,235",75% bullish,of 4 ratings,$48
INSM,$22.03,1440444125181,"405,379",71% bullish,of 7 ratings,$31.50
IART,$58.8699,1440444125575,"135,585",100% bearish,of 1 rating,$71.50
IESC,$7.25,1440444125735,"3,765",100% bearish,of 1 rating,N/A
IDTI,$17.0536,1440444125794,"1,821,543",60% bullish,of 5 ratings,$25
ISSI,$22,1440444125864,"428,988",67% bullish,of 3 ratings,$19.75
IPAR,$25.25,1440444125889,"50,014",67% bullish,of 3 ratings,$38
IPCI,$2.04,1440444126138,"91,096",67% bullish,of 6 ratings,$7.75
IQNT,$18.52,1440444126512,"155,999",86% bullish,of 7 ratings,$20
INTC,$26.075,1440444126537,"33,782,634",82% bullish,of 238 ratings,$36
ICPT,$180.025,1440444126962,"239,740",70% bullish,of 10 ratings,$359.50
IBKR,$36.84,1440444126992,"748,625",100% bullish,of 1 rating,N/A
ININ,$35.75,1440444127028,"37,576",67% bearish,of 3 ratings,$57
ICLD,$1.7798,1440444127098,"238,388",75% bullish,of 4 ratings,N/A
IDCC,$46.43,1440444127170,"232,611",80% bullish,of 5 ratings,$63
ICLDW,NULL,1440444127229,0,100% bearish,of 1 rating,N/A
IMI,$2.04,1440444127390,"15,604",67% bullish,of 3 ratings,$2.22
TILE,$23.98,1440444127443,"287,563",67% bearish,of 3 ratings,$27
IBOC,$24.74,1440444127476,"82,554",100% bearish,of 1 rating,N/A
ISCA,$30.76,1440444127537,"35,728",100% bearish,of 1 rating,N/A
INAP,$7.76,1440444127575,"77,855",75% bullish,of 4 ratings,$11
IGLD,$5.9101,1440444127608,"4,925",50% bullish,of 2 ratings,N/A
IIJI,$9.12,1440444127709,400,50% bullish,of 2 ratings,$11.50
PTNT,$3,1440444127914,"1,965",Not yet rated,NULL,N/A
XENT,$25.29,1440444128106,"174,618",50% bullish,of 2 ratings,$36.50
INPH,$0.2999,1440444128132,"31,015",50% bullish,of 2 ratings,N/A
IILG,$19.19,1440444128426,"65,071",100% bearish,of 1 rating,$29
IVAC,$4.8,1440444128490,"10,986",100% bearish,of 1 rating,$6.625
INTX,$2.149,1440444128522,"15,760",67% bullish,of 3 ratings,N/A
ISIL,$10.13,1440444128544,"764,999",50% bullish,of 6 ratings,$15
INTLL,$25.27,1440444128574,"7,680",Not yet rated,NULL,N/A
INTU,$82.545,1440444128596,"2,511,255",86% bullish,of 7 ratings,$107.50
IIN,$6.27,1440444128627,"3,704",100% bearish,of 1 rating,$12
ITCI,$26.04,1440444128802,"287,269",75% bearish,of 4 ratings,$40
ISRG,$488.62,1440444129046,"144,231",67% bullish,of 3 ratings,$600
INVT,$0.27,1440444129151,"171,766",67% bullish,of 3 ratings,N/A
ISTR,$15.75,1440444129246,447,100% bearish,of 1 rating,$18.50
INTL,$25.685,1440444129272,"70,857",67% bearish,of 3 ratings,N/A
SNAK,$8.29,1440444129331,"88,902",50% bullish,of 2 ratings,$14
NVIV,$9.3,1440444129503,"477,563",50% bullish,of 4 ratings,$24.50
ISBC,$11.46,1440444129607,"2,288,829",100% bullish,of 1 rating,$13.25
ITIC,NULL,1440444129632,0,100% bearish,of 2 ratings,N/A
IVTY,$12.0099,1440444129706,"13,668",Not yet rated,NULL,$18
DFVL,$67.82,1440444129794,101,Not yet rated,NULL,N/A
IPAS,$1.0142,1440444129820,"75,111",67% bullish,of 3 ratings,N/A
DTUL,$66.22,1440444129895,200,Not yet rated,NULL,N/A
IPCM,$79.26,1440444130112,"153,900",50% bullish,of 2 ratings,$80.125
IRIX,$6.925,1440444130554,"5,439",100% bearish,of 1 rating,N/A
IPGP,$81.92,1440444130579,"252,934",100% bearish,of 2 ratings,$109.50
IRMD,$24.66,1440444130818,"10,471",67% bearish,of 3 ratings,$25
GNMA,$50.235,1440444131227,"4,938",Not yet rated,NULL,N/A
IRDM,$6.67,1440444131256,"597,760",60% bullish,of 5 ratings,$11.50
IRDMB,$267.4354,1440444131365,304,67% bearish,of 3 ratings,N/A
FCHI,NULL,1440444131401,0,NULL,NULL,NULL
IRBT,$28.7501,1440444131430,"198,420",67% bullish,of 6 ratings,$37
COMT,$31.197,1440444131451,"14,132",100% bearish,of 1 rating,N/A
IRCP,$24.75,1440444131714,"13,435",100% bullish,of 2 ratings,N/A
IFAS,NULL,1440444131737,0,NULL,NULL,NULL
IRWD,$10.73,1440444131762,"652,973",100% bearish,of 1 rating,$13
IFNA,NULL,1440444131805,0,NULL,NULL,NULL
IFEU,$38.96,1440444131991,"11,220",Not yet rated,NULL,N/A
IFGL,$27.57,1440444132094,"83,502",Not yet rated,NULL,N/A
ACWX,$38.72,1440444132161,"1,087,646",100% bearish,of 1 rating,N/A
AXJS,NULL,1440444132289,0,NULL,NULL,NULL
ACWI,$53.22,1440444132319,"2,287,740",Not yet rated,NULL,N/A
AAIT,NULL,1440444132418,0,NULL,NULL,NULL
EEMA,$46.6619,1440444132452,"22,754",Not yet rated,NULL,N/A
AAXJ,$49.405,1440444132473,"1,768,307",Not yet rated,NULL,N/A
EGRW,NULL,1440444132551,0,NULL,NULL,NULL
EEME,NULL,1440444132579,0,NULL,NULL,NULL
EMDI,NULL,1440444132652,0,NULL,NULL,NULL
EMEY,NULL,1440444132677,0,NULL,NULL,NULL
EVAL,NULL,1440444132848,0,NULL,NULL,NULL
EEML,$27.13,1440444132972,836,Not yet rated,NULL,N/A
EUFN,$21.03,1440444132998,"351,070",100% bearish,of 1 rating,N/A
IEUS,$45.4135,1440444133038,"9,817",100% bearish,of 1 rating,N/A
QAT,$19.96,1440444133145,35,Not yet rated,NULL,N/A
UAE,$16.37,1440444133555,"19,328",Not yet rated,NULL,N/A
IBB,$322.6142,1440444133735,"2,114,098",63% bullish,of 8 ratings,N/A
INDY,$25.98,1440444134077,"735,033",50% bullish,of 2 ratings,N/A
EMIF,$26.88,1440444134105,"7,485",Not yet rated,NULL,N/A
WOOD,$46.96,1440444134137,"77,088",50% bullish,of 2 ratings,N/A
SOXX,$76.31,1440444134168,"674,004",50% bullish,of 2 ratings,N/A
ICLN,$8.8501,1440444134238,"105,380",50% bullish,of 2 ratings,N/A
IGOV,$93.73,1440444134265,"23,587",100% bearish,of 1 rating,N/A
ISHG,$81.5,1440444134431,"18,046",100% bearish,of 1 rating,N/A
ISIS,$43.79,1440444134585,"1,306,416",53% bullish,of 15 ratings,$67
ISLE,$16.1,1440444134658,"300,223",50% bullish,of 4 ratings,$16
ISRL,$119.31,1440444135055,200,100% bearish,of 1 rating,N/A
ITUS,$3.97,1440444135311,"2,109",Not yet rated,NULL,N/A
XXIA,$14.75,1440444135336,"201,677",71% bullish,of 7 ratings,$14.625
ITRN,$23.64,1440444135363,"16,707",50% bullish,of 2 ratings,N/A
ITRI,$30.395,1440444135412,"245,831",Not yet rated,NULL,$37
JJSF,$111.22,1440444135513,"53,520",100% bearish,of 1 rating,N/A
MAYS,$56,1440444135570,710,Not yet rated,NULL,N/A
IXYS,$10.11,1440444135621,"166,626",50% bullish,of 4 ratings,N/A
JCOM,$66.5,1440444135729,"147,320",100% bullish,of 2 ratings,$77
JBHT,$75,1440444135761,"743,811",50% bullish,of 4 ratings,$89.50
JASO,$6.695,1440444135810,"1,072,028",82% bullish,of 17 ratings,$10
JKHY,$66.19,1440444135863,"255,303",50% bullish,of 2 ratings,$72
JAXB,NULL,1440444136026,0,100% bullish,of 1 rating,N/A
JXSB,$23.75,1440444136063,"3,392",Not yet rated,NULL,N/A
JAGX,$2.5989,1440444136108,"1,106",Not yet rated,NULL,N/A
JACK,$78.25,1440444136158,"613,902",83% bullish,of 6 ratings,$105
JAKK,$9.283,1440444136364,"526,468",60% bearish,of 5 ratings,$11
ERW,NULL,1440444136552,0,Not yet rated,NULL,N/A
JRVR,$25.905,1440444136578,"35,280",Not yet rated,NULL,$32
JD,$23.92,1440444136612,"9,343,846",75% bullish,of 16 ratings,$36
JMBA,$12.98,1440444136656,"101,462",75% bullish,of 4 ratings,$18
JASNW,NULL,1440444136710,0,50% bullish,of 2 ratings,N/A
JASN,$4.75,1440444136739,"19,549",50% bullish,of 2 ratings,$9.50
JAZZ,$161.79,1440444136766,"333,226",80% bullish,of 15 ratings,$206.50
JBLU,$20.895,1440444136984,"7,166,797",94% bullish,of 18 ratings,$27
JTPY,$3.02,1440444137086,"2,421",100% bearish,of 1 rating,N/A
JCTCF,$9.514,1440444137191,100,100% bullish,of 1 rating,N/A
DATE,$5.53,1440444137229,"179,351",75% bullish,of 4 ratings,$9
JST,$3.68,1440444137359,"30,578",75% bullish,of 4 ratings,N/A
