Symbol,Price,Date,Volume,Rating,RatingVoteCount,OneYearEstimate
TFSC,NULL,1439831702656,0,100% bearish,of 1 rating,N/A
TFSCW,NULL,1439831702699,0,100% bearish,of 1 rating,N/A
TFSCR,NULL,1439831702727,0,Not yet rated,NULL,N/A
FLWS,$9.66,1439831702749,"34,589",100% bullish,of 5 ratings,$15
FCCY,$11.78,1439831702784,"3,640",100% bullish,of 1 rating,$13
PIH,$7.66,1439831702805,"5,900",100% bearish,of 1 rating,N/A
TFSCU,NULL,1439831702834,0,Not yet rated,NULL,N/A
FCTY,NULL,1439831702881,0,100% bullish,of 1 rating,$8.50
VNET,$21.35,1439831703011,"394,087",60% bullish,of 5 ratings,$29.50
UGLD,$8.95,1439831703100,"37,488",100% bearish,of 1 rating,N/A
USLV,$14.8188,1439831703142,"75,712",86% bullish,of 7 ratings,N/A
DGLD,$84.78,1439831703175,894,100% bullish,of 1 rating,N/A
TWOU,$35.8,1439831703205,"346,498",50% bullish,of 2 ratings,$39
JOBS,$28.48,1439831703277,"26,948",50% bullish,of 4 ratings,$36
DSLV,$61.7899,1439831703494,"3,692",100% bearish,of 1 rating,N/A
SRCE,$31.47,1439831703565,"7,112",100% bullish,of 3 ratings,$33
EGHT,$8.69,1439831703695,"67,226",82% bullish,of 17 ratings,$11
SIXD,$3.4201,1439831703720,"42,168",Not yet rated,NULL,N/A
AVHI,$14.19,1439831703745,"11,782",100% bearish,of 1 rating,$19
CAFD,$15.78,1439831703776,"42,368",Not yet rated,NULL,$25
ABAX,$48.31,1439831703802,"32,660",100% bearish,of 1 rating,$60
SHLM,$35.365,1439831703899,"26,704",100% bearish,of 1 rating,$50
AAON,$23,1439831704101,"23,601",100% bearish,of 1 rating,$24
ABGB,$4.8254,1439831704130,"23,181",67% bullish,of 3 ratings,$5.50
ABY,$22.35,1439831704155,"243,619",100% bearish,of 2 ratings,$46
AXAS,$1.785,1439831704201,"269,298",78% bullish,of 9 ratings,$3.50
ABEOW,$2.1,1439831704233,"1,100",100% bullish,of 1 rating,N/A
ABMD,$106.15,1439831704288,"215,863",75% bullish,of 4 ratings,$86
ABEO,$5.45,1439831704335,"57,024",67% bullish,of 3 ratings,$15.50
ACTG,$8.63,1439831704465,"48,537",67% bullish,of 3 ratings,$18.50
ACHC,$82.15,1439831704706,"259,600",50% bullish,of 2 ratings,$92
ARAY,$6.09,1439831704891,"196,159",100% bearish,of 1 rating,$10.50
VXDN,$17.03,1439831704921,"2,210",Not yet rated,NULL,N/A
ACAD,$38.72,1439831704951,"269,452",85% bullish,of 20 ratings,$48
AXDX,$19.11,1439831704972,"70,166",100% bearish,of 1 rating,N/A
ANCX,$19.12,1439831704994,"16,615",Not yet rated,NULL,$19
XLRN,$32.33,1439831705026,"49,150",50% bullish,of 2 ratings,$57
ACST,$0.3873,1439831705048,"29,904",100% bullish,of 2 ratings,N/A
AKAO,$7.2422,1439831705280,"63,204",75% bullish,of 4 ratings,$15
VXUP,$17,1439831705354,"8,875",Not yet rated,NULL,N/A
ACRX,$4.49,1439831705379,"111,589",67% bearish,of 6 ratings,$5.50
ACET,$25.3,1439831705407,"31,220",75% bullish,of 4 ratings,$30
ACHN,$8.22,1439831705437,"1,938,492",90% bullish,of 21 ratings,$16
ACIW,$23.07,1439831705538,"43,303",50% bullish,of 2 ratings,$24
ACNB,$20.2,1439831706024,200,Not yet rated,NULL,N/A
ACOR,$32.1,1439831706268,"71,781",67% bearish,of 3 ratings,$38.50
ACTS,$1.51,1439831706294,"29,935",100% bearish,of 1 rating,N/A
ACUR,$0.6308,1439831706610,"85,745",100% bullish,of 5 ratings,$1
ATVI,$29.16,1439831706641,"1,311,260",68% bullish,of 84 ratings,$31.50
ACTA,$13.92,1439831706667,"30,975",67% bearish,of 3 ratings,$25
ACXM,$21.12,1439831706688,"100,113",67% bullish,of 3 ratings,N/A
ACPW,$1.9,1439831706710,"5,979",100% bullish,of 4 ratings,$3.50
ADMS,$22.07,1439831706748,"22,382",100% bearish,of 2 ratings,$36
ADMP,$3.56,1439831706774,"16,838",50% bullish,of 2 ratings,$10
ADEP,$7.38,1439831707010,"8,893",50% bullish,of 2 ratings,$10.75
ADMA,$9.49,1439831707261,"4,612",Not yet rated,NULL,$19
AEY,$2.26,1439831707289,"8,285",100% bearish,of 2 ratings,N/A
ADUS,$28.88,1439831707312,"25,991",100% bearish,of 1 rating,$31
ADAP,$15.67,1439831707334,"39,142",67% bullish,of 3 ratings,$22
ADBE,$86.4613,1439831707371,"400,516",65% bullish,of 17 ratings,$90
ADTN,$16.24,1439831707478,"81,229",67% bullish,of 3 ratings,$17.125
ADRO,$21.49,1439831707622,"59,340",80% bullish,of 5 ratings,$45.50
ADXS,$16.81,1439831707662,"343,488",64% bullish,of 14 ratings,$27
AMD,$1.84,1439831707687,"3,738,471",83% bullish,of 102 ratings,$2
MULT,NULL,1439831707759,0,100% bearish,of 1 rating,N/A
AEIS,$26.51,1439831707785,"104,830",50% bullish,of 2 ratings,$32.50
ADXSW,$11.8131,1439831707838,"1,485",100% bullish,of 1 rating,N/A
AEGR,$18.17,1439831707923,"114,462",50% bullish,of 6 ratings,$26
YPRO,$23.08,1439831708013,744,100% bearish,of 1 rating,N/A
AEGN,$18.86,1439831708184,"21,988",100% bearish,of 1 rating,$21
AEHR,$2.25,1439831708238,312,50% bullish,of 2 ratings,N/A
AMTX,$3.3201,1439831708285,"2,465",50% bullish,of 2 ratings,$26.11
AERI,$15.94,1439831708321,"66,679",75% bullish,of 4 ratings,$31.50
AEPI,$57.215,1439831708347,"11,653",100% bearish,of 1 rating,N/A
AVAV,$26.23,1439831708368,"51,630",50% bullish,of 4 ratings,$31
AEZS,$0.1322,1439831708534,"4,129,234",90% bullish,of 21 ratings,$1.625
AEMD,$6.7,1439831708622,"13,613",Not yet rated,NULL,$27.50
AFFX,$9.76,1439831708661,"248,247",80% bullish,of 5 ratings,$12
AFMD,$11.9,1439831708687,"77,416",50% bullish,of 4 ratings,$15
AGEN,$7.71,1439831708708,"349,042",85% bullish,of 13 ratings,$14
AGRX,$8.74,1439831708754,"6,267",100% bearish,of 1 rating,$18
AGYS,$9.42,1439831708847,"4,266",100% bearish,of 1 rating,N/A
AGIO,$94.71,1439831709080,"98,845",88% bullish,of 8 ratings,$114
AGFS,$11.01,1439831709186,"30,099",100% bearish,of 1 rating,N/A
AGFSW,$2.44,1439831709278,"9,800",100% bearish,of 1 rating,N/A
AIRM,$40.33,1439831709349,"51,711",80% bearish,of 5 ratings,$53
AIMT,$24.3,1439831709517,"111,079",Not yet rated,NULL,N/A
AMCN,$5.01,1439831709562,"223,043",83% bullish,of 6 ratings,N/A
AIRT,$23.2499,1439831709657,907,100% bullish,of 1 rating,N/A
ATSG,$9.83,1439831709722,"27,442",67% bullish,of 3 ratings,$13
AIXG,$6.03,1439831709747,"1,902",67% bearish,of 3 ratings,$6
AKBA,$7.37,1439831710039,"57,313",100% bearish,of 1 rating,$18
ALRM,$16.91,1439831710106,"28,641",100% bearish,of 1 rating,$22
AKER,$3.8299,1439831710136,954,Not yet rated,NULL,N/A
AKAM,$73.23,1439831710157,"250,264",63% bullish,of 8 ratings,$77
ALSK,$2.11,1439831710292,"42,336",78% bullish,of 18 ratings,$2
AKRX,$44.28,1439831710359,"101,464",78% bullish,of 9 ratings,$56
ALDR,$38.79,1439831710499,"282,469",67% bearish,of 3 ratings,$62
AMRI,$20.89,1439831710563,"41,581",75% bearish,of 4 ratings,$24
ALDX,$8.0201,1439831710600,"4,600",100% bearish,of 1 rating,$14.50
ADHD,$9.265,1439831710658,"213,571",50% bullish,of 4 ratings,$18
ABDC,$12.98,1439831710726,"19,153",Not yet rated,NULL,$15
ALCO,$43.61,1439831710826,"4,034",50% bullish,of 2 ratings,N/A
ALXA,$1.15,1439831710851,"6,800",83% bullish,of 6 ratings,$2.125
ALXN,$188.68,1439831710880,"169,406",88% bullish,of 8 ratings,$223
ALGN,$60.85,1439831711024,"168,262",100% bearish,of 2 ratings,$73
ALIM,$3.99,1439831711127,"20,454",80% bullish,of 5 ratings,$10
ALKS,$67.835,1439831711371,"195,847",67% bullish,of 3 ratings,$75
ALGT,$235.455,1439831711545,"41,118",100% bearish,of 1 rating,$235
AIQ,$15.24,1439831711615,"3,448",67% bullish,of 3 ratings,N/A
AMOT,$18.03,1439831711789,"9,681",100% bearish,of 1 rating,N/A
ALLB,$23.51,1439831711846,"1,848",Not yet rated,NULL,N/A
ALLT,$5.11,1439831711897,"41,390",75% bullish,of 4 ratings,$6.25
MDRX,$14.24,1439831712001,"784,347",60% bullish,of 5 ratings,$16
AHGP,$36.1,1439831712097,"21,874",67% bullish,of 3 ratings,N/A
AHPI,$1.45,1439831712147,700,50% bullish,of 2 ratings,N/A
ARLP,$24.96,1439831712169,"65,069",67% bearish,of 3 ratings,$32
AFOP,$19.04,1439831712302,"25,673",75% bullish,of 8 ratings,$21
AFAM,$50.08,1439831712331,"29,964",50% bullish,of 2 ratings,$44
ALNY,$109.44,1439831712385,"120,481",67% bullish,of 3 ratings,$148.50
ALQA,$4.634,1439831712435,"20,954",75% bullish,of 4 ratings,$8.50
SMCP,NULL,1439831712710,0,Not yet rated,NULL,N/A
AOSL,$7.44,1439831712741,"7,503",67% bullish,of 3 ratings,$9
ATEC,$0.68,1439831712783,"13,342",100% bullish,of 1 rating,$2
ALTR,$49.355,1439831712847,"331,322",80% bearish,of 5 ratings,$54
AMAG,$63.8,1439831712950,"198,503",100% bullish,of 2 ratings,$75
ASPS,$30.56,1439831712975,"31,446",67% bullish,of 3 ratings,$46.50
AYA,$22.9,1439831713143,"10,896",100% bearish,of 1 rating,$40
AMRN,$2.34,1439831713174,"320,795",85% bullish,of 39 ratings,$8
AMRK,$10.46,1439831713209,"1,412",50% bullish,of 2 ratings,$14
AIMC,$26.67,1439831713240,"29,076",100% bearish,of 1 rating,$28.50
AMBC,$16.85,1439831713274,"72,653",100% bearish,of 1 rating,$16.50
AMBCW,$8.63,1439831713306,976,100% bearish,of 1 rating,N/A
AMZN,$537.6615,1439831713336,"685,875",81% bullish,of 261 ratings,$646
EPAX,$2.64,1439831713440,"121,145",100% bearish,of 1 rating,N/A
AMBA,$108.2,1439831713539,"501,704",83% bullish,of 12 ratings,$102.50
AMCX,$76.07,1439831713671,"196,029",67% bullish,of 3 ratings,$85.50
DOX,$60.38,1439831713842,"85,574",100% bullish,of 2 ratings,$60
AMED,$45.5,1439831713871,"40,983",100% bearish,of 1 rating,$42
AMDA,$0.4903,1439831713933,"739,694",90% bullish,of 10 ratings,$1
UHAL,$385.56,1439831713972,"8,660",100% bullish,of 2 ratings,$393.50
ATAX,$5.31,1439831713998,"24,504",100% bullish,of 1 rating,$6.50
ASBI,$22.74,1439831714137,899,Not yet rated,NULL,N/A
AMOV,$18.65,1439831714163,"10,222",100% bearish,of 1 rating,N/A
AAL,$43.9368,1439831714185,"2,706,479",93% bullish,of 87 ratings,$57
AGNCB,$24.1776,1439831714345,"2,700",Not yet rated,NULL,N/A
AGNCP,$25.27,1439831714374,"5,375",Not yet rated,NULL,N/A
AGNC,$19.9,1439831714402,"1,432,034",75% bullish,of 28 ratings,$22
MTGE,$15.9601,1439831714423,"169,963",75% bullish,of 4 ratings,$19.50
MTGEP,$24.2587,1439831714557,400,Not yet rated,NULL,N/A
ACSF,$12.7801,1439831714618,"14,331",100% bearish,of 1 rating,$15
ACAS,$14.37,1439831714859,"585,383",60% bullish,of 5 ratings,$16.75
AMNB,$23.68,1439831714959,"1,500",Not yet rated,NULL,$25.50
AMIC,$10.1,1439831714990,236,Not yet rated,NULL,N/A
ARII,$40.76,1439831715012,"85,588",67% bearish,of 3 ratings,$45
AETI,$3.84,1439831715063,"4,135",67% bearish,of 3 ratings,N/A
ANAT,$104.85,1439831715091,"6,246",100% bullish,of 1 rating,N/A
ANCI,$1.69,1439831715149,800,100% bearish,of 1 rating,N/A
APEI,$22.13,1439831715233,"24,016",100% bearish,of 1 rating,$29
ASEI,$39.75,1439831715345,"11,626",100% bearish,of 1 rating,$52.50
AMWD,$65.76,1439831715376,"32,571",50% bullish,of 2 ratings,$58
AMRB,$10.098,1439831715402,"34,379",Not yet rated,NULL,$11
AMSC,$4.12,1439831715448,"8,826",50% bullish,of 4 ratings,N/A
AMSWA,$9.34,1439831715581,"2,865",100% bearish,of 2 ratings,$10.75
CRMT,$45.64,1439831715607,"1,100",100% bearish,of 1 rating,$49
ASRV,$3.35,1439831715932,"7,509",100% bullish,of 2 ratings,N/A
AMSF,$50.8199,1439831715958,"8,403",Not yet rated,NULL,$57.50
ATLO,$23.9,1439831715979,"2,112",Not yet rated,NULL,N/A
AMKR,$4.54,1439831716125,"329,100",100% bearish,of 2 ratings,$5
ASRVP,NULL,1439831716180,0,Not yet rated,NULL,N/A
FOLD,$16.3,1439831716287,"306,097",56% bullish,of 9 ratings,$21
AMPH,$14.582,1439831716313,"73,039",50% bullish,of 2 ratings,$20
ABCB,$28.88,1439831716342,"49,264",Not yet rated,NULL,$30.50
AMSG,$86.21,1439831716446,"86,357",100% bearish,of 1 rating,$85.50
AMSGP,NULL,1439831716627,0,Not yet rated,NULL,N/A
ASYS,$5.8,1439831716729,"23,308",67% bullish,of 3 ratings,$12
AMGN,$169.27,1439831716755,"589,460",89% bullish,of 19 ratings,$185
AFSI,$63,1439831716801,"328,451",60% bullish,of 5 ratings,$72
ANAC,$135.56,1439831716946,"181,937",80% bullish,of 5 ratings,$180.50
AMRS,$1.65,1439831716972,"27,495",70% bullish,of 10 ratings,N/A
ANAD,$0.3599,1439831717046,"441,179",100% bullish,of 2 ratings,$.50
ABCW,$41.58,1439831717177,"4,686",67% bullish,of 3 ratings,N/A
ALOG,$81.3,1439831717273,"31,228",100% bearish,of 2 ratings,$100.50
ADI,$59.27,1439831717301,"427,534",67% bullish,of 3 ratings,$68
ANCB,$22.75,1439831717356,100,Not yet rated,NULL,$23
ANGI,$4.41,1439831717383,"161,012",64% bullish,of 11 ratings,$5.50
AMCF,$0.2799,1439831717568,"13,200",100% bullish,of 7 ratings,N/A
ANIK,$36.1,1439831717608,"30,945",60% bullish,of 5 ratings,$51.25
ANGO,$15.13,1439831717644,"14,514",67% bullish,of 3 ratings,$19
ANIP,$56.6,1439831717671,"137,360",89% bullish,of 19 ratings,$66
ATRS,$1.86,1439831717807,"357,358",92% bullish,of 12 ratings,$4.50
ANSS,$96.34,1439831717828,"173,727",100% bearish,of 1 rating,$100
ABAC,$0.885,1439831718055,"22,547",100% bearish,of 1 rating,N/A
ATNY,$2.39,1439831718083,"2,589",50% bullish,of 2 ratings,$3.75
APIC,$7.97,1439831718111,"40,980",100% bearish,of 1 rating,$19
ANTH,$9.6008,1439831718133,"232,094",80% bullish,of 10 ratings,$13
APOG,$54.28,1439831718266,"65,121",100% bullish,of 1 rating,$62
APOL,$11.9,1439831718350,"243,193",87% bearish,of 68 ratings,$14
AINV,$6.5,1439831718522,"2,145,832",50% bullish,of 4 ratings,$8
APDN,$3.32,1439831718551,"27,444",Not yet rated,NULL,$9
AAPL,$117.325,1439831718653,"14,261,777",86% bullish,of 2331 ratings,$150
APDNW,$1.3501,1439831718678,"6,000",Not yet rated,NULL,N/A
APPF,$17.2401,1439831718746,"44,559",50% bullish,of 2 ratings,$22
AGTC,$15.73,1439831718771,"9,523",50% bullish,of 2 ratings,$33
ARCI,$1.2301,1439831718824,"1,340",Not yet rated,NULL,N/A
AMAT,$16.945,1439831718956,"4,410,509",82% bullish,of 11 ratings,$23.50
AAOI,$21.91,1439831718981,"1,313,582",50% bullish,of 4 ratings,$26
AMCC,$5.915,1439831719057,"308,423",80% bullish,of 5 ratings,$8
AREX,$2.655,1439831719155,"76,039",100% bearish,of 1 rating,$3
APTO,$5.08,1439831719223,"2,002",Not yet rated,NULL,$17
AQXP,$20.8,1439831719354,"597,865",50% bullish,of 2 ratings,$2
APRI,$1.1899,1439831719380,"25,247",83% bullish,of 6 ratings,$4.86
AUMA,$9.75,1439831719433,"99,314",Not yet rated,NULL,N/A
AQMS,$5.51,1439831719459,"17,500",Not yet rated,NULL,N/A
AUMAW,NULL,1439831719587,0,Not yet rated,NULL,N/A
AUMAU,NULL,1439831719644,0,Not yet rated,NULL,N/A
ARDM,$7.4,1439831719666,530,100% bullish,of 1 rating,$26
PETX,$17.08,1439831719748,"77,725",100% bearish,of 2 ratings,$26
RKDA,$4.88,1439831720057,"7,161",100% bearish,of 2 ratings,$10
ARCW,$3.6547,1439831720086,"4,476",100% bearish,of 2 ratings,$10.50
ABIO,$0.9001,1439831720112,"85,951",50% bullish,of 2 ratings,$3.75
ABUS,$8.645,1439831720144,"150,327",86% bullish,of 14 ratings,$23
ARCB,$32.76,1439831720190,"45,044",50% bullish,of 2 ratings,$39.50
ACAT,$30.09,1439831720246,"36,326",100% bearish,of 3 ratings,$33
ARDX,$18.9,1439831720479,"52,427",50% bullish,of 2 ratings,$22
ARCC,$16.025,1439831720506,"269,790",67% bearish,of 3 ratings,$17.875
ARNA,$3.41,1439831720585,"457,568",90% bullish,of 77 ratings,$5.50
AGII,$57.72,1439831720645,"77,824",Not yet rated,NULL,$58
ACGL,$73.76,1439831720678,"39,578",50% bullish,of 2 ratings,$72
AGIIL,$25.32,1439831720717,501,Not yet rated,NULL,N/A
ARIS,$3.29,1439831720744,827,Not yet rated,NULL,$4.50
ARIA,$7.4221,1439831720984,"403,319",87% bullish,of 46 ratings,$9
ARKR,NULL,1439831721120,0,50% bullish,of 2 ratings,N/A
ARMH,$42.96,1439831721223,"1,273,820",54% bearish,of 13 ratings,$61
ARTX,$1.563,1439831721253,"41,753",88% bullish,of 16 ratings,$4.50
ARGS,$4.48,1439831721275,"11,436",50% bullish,of 2 ratings,$19.50
ARWA,NULL,1439831721303,0,Not yet rated,NULL,N/A
ARWAR,NULL,1439831721351,0,Not yet rated,NULL,N/A
ARRS,$27.9,1439831721628,"233,992",50% bullish,of 2 ratings,$38
ARRY,$5.81,1439831721759,"199,266",100% bullish,of 7 ratings,$10
ARQL,$1.71,1439831721812,"9,529",75% bullish,of 4 ratings,$5
ARWAW,NULL,1439831721833,0,Not yet rated,NULL,N/A
DWAT,$10.21,1439831721863,"8,406",100% bearish,of 1 rating,N/A
ARWAU,NULL,1439831721917,0,100% bullish,of 1 rating,N/A
AROW,$27.36,1439831722081,"4,690",Not yet rated,NULL,N/A
ARWR,$5.6,1439831722215,"399,370",75% bullish,of 4 ratings,$10.50
ARTNA,$22.5,1439831722386,"2,651",100% bearish,of 1 rating,$29
ARTW,$4.44,1439831722490,"1,102",75% bearish,of 4 ratings,N/A
ASND,$17.11,1439831722671,"47,543",100% bullish,of 1 rating,$30
ASCMA,$30.27,1439831722983,"52,360",100% bearish,of 1 rating,$45
ASNA,$12.44,1439831723016,"320,296",50% bullish,of 2 ratings,$18
ASML,$92.99,1439831723207,"304,901",67% bullish,of 3 ratings,$127
APWC,$2.09,1439831723307,20,100% bearish,of 1 rating,N/A
ASBB,$23.3,1439831723337,"2,925",Not yet rated,NULL,N/A
ASTI,$0.1715,1439831723670,"1,775,146",83% bullish,of 6 ratings,$3
AZPN,$39.205,1439831723698,"453,652",50% bullish,of 2 ratings,$42
ASMI,$38.94,1439831723731,300,50% bullish,of 2 ratings,N/A
ASMB,$13.92,1439831723833,"10,023",67% bullish,of 3 ratings,N/A
ASTE,$38.51,1439831723859,"39,646",100% bearish,of 1 rating,$48
ASFI,$9.17,1439831723892,"7,400",100% bullish,of 1 rating,N/A
ALOT,NULL,1439831724027,0,100% bearish,of 1 rating,N/A
ATRO,$57.35,1439831724160,"68,387",100% bearish,of 2 ratings,$80
ASTC,$2.4,1439831724191,659,100% bullish,of 5 ratings,N/A
ASUR,$5.9685,1439831724212,"2,490",Not yet rated,NULL,$8
ATAI,$3.073,1439831724233,"35,389",100% bearish,of 1 rating,N/A
ATHN,$140.88,1439831724268,"55,982",67% bearish,of 3 ratings,$153
ATRA,$48.82,1439831724294,"54,015",50% bullish,of 2 ratings,$68
AFCB,NULL,1439831724489,0,Not yet rated,NULL,N/A
AAPC,$10.19,1439831724540,44,Not yet rated,NULL,N/A
ATHX,$1.21,1439831724570,"88,475",89% bullish,of 9 ratings,$5
ACFC,$6.55,1439831724700,"150,930",Not yet rated,NULL,$6.50
ATNI,$75.34,1439831724725,"39,468",100% bearish,of 1 rating,$69.50
AAME,$3.54,1439831724753,831,Not yet rated,NULL,N/A
AAWW,$45.16,1439831724901,"68,881",50% bullish,of 2 ratings,$65
AFH,$17.2799,1439831724927,"2,237",Not yet rated,NULL,$21.50
ATML,$7.87,1439831725098,"926,950",78% bullish,of 9 ratings,$9.50
ATRI,$398.02,1439831725131,618,Not yet rated,NULL,N/A
ATRC,$27.523,1439831725158,"38,758",100% bullish,of 1 rating,$30
ATOS,$0.9531,1439831725185,"17,625",100% bullish,of 7 ratings,$7
ATLC,$3.94,1439831725326,"1,900",67% bullish,of 3 ratings,N/A
ATRM,$3,1439831725515,"1,032",50% bullish,of 2 ratings,N/A
LIFE,$16.19,1439831725545,"49,181",86% bullish,of 7 ratings,$43
AUBN,NULL,1439831725576,0,Not yet rated,NULL,N/A
ATTU,$14.8499,1439831725601,"9,224",100% bearish,of 1 rating,$20.50
AUDC,$3.27,1439831725681,"39,291",80% bullish,of 5 ratings,$5
ADAT,$0.1187,1439831725984,"4,799",100% bullish,of 2 ratings,N/A
ABTL,$19.8255,1439831726022,"22,007",100% bullish,of 4 ratings,$20.25
AAVL,$11.02,1439831726053,"855,933",100% bearish,of 1 rating,$20
AVGO,$124.57,1439831726081,"568,008",88% bullish,of 8 ratings,$160
AUPH,$3.5,1439831726102,"8,845",100% bearish,of 1 rating,$8
ADP,$84.44,1439831726140,"848,795",100% bearish,of 1 rating,$88
ADSK,$55.1,1439831726162,"159,429",83% bullish,of 6 ratings,$69.50
EARS,$5.01,1439831726192,"9,063",100% bearish,of 2 ratings,$12
AVEO,$1.78,1439831726511,"16,238,087",75% bullish,of 8 ratings,$3
AVNU,NULL,1439831726593,0,Not yet rated,NULL,$14
AVID,$9.225,1439831726738,"66,963",100% bearish,of 1 rating,$20
AVGR,$15.5,1439831726873,"8,674",100% bearish,of 1 rating,$20
AVNW,$1.12,1439831726900,"22,311",50% bullish,of 2 ratings,$2.20
AXPWW,$1.47,1439831726970,192,Not yet rated,NULL,N/A
CAR,$46.915,1439831727031,"1,446,118",80% bullish,of 5 ratings,$60
AWRE,$3.2685,1439831727073,300,67% bullish,of 3 ratings,N/A
AXPW,$1.329,1439831727101,"25,972",83% bullish,of 6 ratings,N/A
ACLS,$3.24,1439831727129,"132,459",67% bullish,of 6 ratings,$4.75
AXGN,$3.8499,1439831727180,"8,645",Not yet rated,NULL,$5
BCOM,$19.98,1439831727314,516,100% bearish,of 1 rating,N/A
AXTI,$2.23,1439831727375,"11,160",50% bullish,of 2 ratings,$2.75
RILY,$10,1439831727402,50,Not yet rated,NULL,N/A
BOSC,$2.3699,1439831727568,"7,276",50% bullish,of 2 ratings,N/A
BEAV,$50.85,1439831727598,"146,738",67% bearish,of 3 ratings,$59
BIDU,$167.5,1439831727701,"1,085,903",81% bullish,of 88 ratings,$215
BCPC,$60.58,1439831727770,"57,112",100% bearish,of 1 rating,$75
BWINB,$23.5,1439831727854,"13,584",Not yet rated,NULL,N/A
BLDP,$1.33,1439831727905,"67,221",91% bullish,of 22 ratings,$2.50
BWINA,NULL,1439831727961,0,Not yet rated,NULL,N/A
BANF,$63.55,1439831727982,900,Not yet rated,NULL,$68
BKMU,$7.455,1439831728073,"6,732",Not yet rated,NULL,$8
BANFP,NULL,1439831728129,0,Not yet rated,NULL,N/A
BKSC,NULL,1439831728274,0,Not yet rated,NULL,N/A
BOCH,$5.79,1439831728307,"2,028",Not yet rated,NULL,$6.50
BMRC,$48.72,1439831728354,605,Not yet rated,NULL,$52
BOTJ,$11.14,1439831728407,"1,756",Not yet rated,NULL,N/A
OZRK,$43.84,1439831728450,"89,667",67% bullish,of 3 ratings,$49.50
BFIN,$12.483,1439831728584,"4,220",Not yet rated,NULL,$13
BANR,$48.03,1439831728712,"10,140",100% bullish,of 3 ratings,$50
BWFG,$18.22,1439831728738,692,100% bearish,of 1 rating,N/A
BZUN,$7.76,1439831728769,"26,167",50% bullish,of 2 ratings,$13.85
BHAC,NULL,1439831728813,0,Not yet rated,NULL,N/A
BHACU,NULL,1439831728872,0,Not yet rated,NULL,N/A
BHACR,NULL,1439831728955,0,Not yet rated,NULL,N/A
TAPR,$31.2,1439831729052,26,100% bearish,of 1 rating,N/A
BHACW,NULL,1439831729126,0,Not yet rated,NULL,N/A
BSET,$31.82,1439831729209,"36,738",100% bearish,of 1 rating,$35
BBSI,$37.52,1439831729235,"16,979",67% bearish,of 3 ratings,$62.50
BYBK,$5.09,1439831729261,300,100% bearish,of 1 rating,N/A
BYLK,$12.95,1439831729391,"3,824",Not yet rated,NULL,$14
BV,$5.355,1439831729427,"67,402",67% bullish,of 6 ratings,$9
BBCN,$15.62,1439831729452,"50,123",100% bearish,of 1 rating,$16
BCBP,$11.75,1439831729740,"4,103",Not yet rated,NULL,N/A
BECN,$36.01,1439831730037,"62,541",50% bullish,of 2 ratings,$40
BSF,$9.11,1439831730103,230,Not yet rated,NULL,N/A
BDCV,$5.18,1439831730416,"15,671",100% bearish,of 1 rating,$10.19
BBGI,$4.85,1439831730628,157,100% bearish,of 1 rating,N/A
BBBY,$63.4,1439831730731,"363,696",71% bullish,of 7 ratings,$75
BNTC,NULL,1439831730857,0,100% bullish,of 1 rating,N/A
BELFB,$20.25,1439831730884,"4,941",100% bearish,of 1 rating,N/A
BEBE,$1.85,1439831730938,"14,498",75% bullish,of 4 ratings,$3.075
BELFA,$17.23,1439831730967,506,100% bearish,of 1 rating,N/A
BLPH,$4.41,1439831731014,"13,180",100% bearish,of 1 rating,$12.50
BNCL,$12.97,1439831731070,"44,686",100% bullish,of 3 ratings,$12.50
BLCM,$18.89,1439831731147,"117,629",50% bullish,of 4 ratings,$40
BNFT,$40.15,1439831731214,"41,641",67% bullish,of 3 ratings,$46
BGFV,$11.205,1439831731278,"54,848",57% bullish,of 7 ratings,$12
BGMD,$0.8551,1439831731409,"141,560",100% bullish,of 10 ratings,N/A
BGCP,$9.52,1439831731466,"198,865",88% bullish,of 8 ratings,$14
BIND,$4.555,1439831731539,"17,576",67% bullish,of 3 ratings,$13.50
ORPN,$5.7,1439831731598,"7,210",100% bullish,of 1 rating,$28.50
BCDA,NULL,1439831731759,0,Not yet rated,NULL,N/A
BASI,$1.65,1439831731787,750,Not yet rated,NULL,N/A
BCRX,$12.03,1439831731861,"138,399",63% bullish,of 8 ratings,$18
BIOC,$1.8701,1439831731890,"131,153",83% bullish,of 6 ratings,$3.70
BDSI,$6.695,1439831731921,"419,136",88% bullish,of 8 ratings,$17
BIOD,$0.6815,1439831731947,"193,741",80% bullish,of 5 ratings,$4
BIIB,$314.515,1439831732023,"337,793",88% bullish,of 16 ratings,$400
BIOL,$1.64,1439831732105,"18,785",Not yet rated,NULL,N/A
BLFS,$2.13,1439831732235,"2,103",100% bearish,of 1 rating,$4.75
BLRX,$1.5325,1439831732292,"143,135",100% bullish,of 12 ratings,$7
BMRN,$137.59,1439831732391,"153,571",80% bullish,of 5 ratings,$160
BVXV,$4.2001,1439831732451,"26,331",Not yet rated,NULL,N/A
BVXVW,NULL,1439831732533,0,100% bearish,of 1 rating,N/A
BRLI,$35.48,1439831732562,"61,708",83% bullish,of 6 ratings,$32
BBC,$33.135,1439831732671,"4,141",Not yet rated,NULL,N/A
BBP,$34.16,1439831732709,"11,226",Not yet rated,NULL,N/A
BPTH,$1.16,1439831732739,"18,085",100% bullish,of 2 ratings,$5
BIOS,$1.5,1439831732837,"897,357",71% bullish,of 7 ratings,$4
BSTC,$52.125,1439831732967,"25,903",100% bearish,of 1 rating,$76
BOTA,$2.3005,1439831733025,"34,557",86% bullish,of 7 ratings,N/A
BSPM,$0.66,1439831733050,"11,674",50% bullish,of 2 ratings,N/A
TECH,$105.9,1439831733193,"53,013",100% bullish,of 1 rating,$117
BEAT,$12.4201,1439831733265,"97,470",67% bearish,of 3 ratings,$15
BITI,$19.46,1439831733290,"20,681",100% bullish,of 1 rating,$28
BJRI,$46.81,1439831733433,"63,720",50% bullish,of 2 ratings,$55
BDMS,NULL,1439831733482,0,100% bearish,of 1 rating,N/A
BBOX,$16.11,1439831733511,"14,028",100% bearish,of 1 rating,N/A
BDE,$7.715,1439831733539,"36,819",50% bullish,of 2 ratings,$9
BLKB,$63.63,1439831733577,"27,982",100% bearish,of 2 ratings,$66
BBRY,$7.59,1439831733679,"1,114,352",61% bullish,of 330 ratings,$9
HAWK,$44.24,1439831733811,"210,585",90% bullish,of 10 ratings,$49
ADRD,$23.4025,1439831733918,764,100% bearish,of 1 rating,N/A
ADRA,NULL,1439831734026,0,Not yet rated,NULL,N/A
ADRE,$31.33,1439831734059,"7,660",Not yet rated,NULL,N/A
BKCC,$9.4799,1439831734088,"77,470",100% bullish,of 2 ratings,$10
BLMN,$21.96,1439831734194,"267,985",83% bullish,of 6 ratings,$27.50
BCOR,$13.65,1439831734249,"23,629",57% bullish,of 7 ratings,$15
ADRU,$23.113,1439831734301,"1,800",100% bearish,of 1 rating,N/A
BLBD,$13.02,1439831734334,"4,400",Not yet rated,NULL,N/A
BUFF,$26.21,1439831734382,"277,351",83% bullish,of 12 ratings,N/A
BBLU,$0.89,1439831734434,"23,308",100% bullish,of 2 ratings,$4.43
NILE,$34.81,1439831734634,"33,958",50% bullish,of 2 ratings,$34
BLUE,$129.88,1439831734659,"238,682",86% bullish,of 7 ratings,$217.50
BHBK,$14.43,1439831734684,"12,782",100% bullish,of 1 rating,$14.50
BKEP,$6.901,1439831734737,"15,328",100% bearish,of 1 rating,$8.50
BKEPP,NULL,1439831734868,0,100% bearish,of 1 rating,N/A
BPMC,$28.05,1439831734910,"174,643",50% bullish,of 2 ratings,$47.50
BOBE,$46.54,1439831735126,"31,071",75% bullish,of 4 ratings,$57
BNCN,$22.08,1439831735155,"25,318",Not yet rated,NULL,$22
BOJA,$22.64,1439831735184,"108,701",100% bullish,of 1 rating,$30
BOKF,$66.39,1439831735266,"23,374",100% bearish,of 1 rating,$71
WIFI,$9.28,1439831735318,"135,932",50% bullish,of 2 ratings,$13.50
BOFI,$131.86,1439831735367,"47,596",100% bullish,of 6 ratings,$137.50
BONA,$12.25,1439831735392,"215,274",75% bullish,of 4 ratings,$8.50
BNSO,$1.43,1439831735419,"54,624",100% bearish,of 1 rating,N/A
BAMM,$3.2101,1439831735552,"3,057",60% bullish,of 5 ratings,N/A
BPFH,$12.54,1439831735624,"15,283",100% bearish,of 1 rating,$14
BPFHW,$6.4,1439831735728,"1,278",100% bearish,of 1 rating,N/A
EPAY,$26.305,1439831735822,"18,870",100% bearish,of 2 ratings,$30
BPFHP,$25.36,1439831735855,"1,100",100% bearish,of 1 rating,N/A
BCLI,$2.8799,1439831735986,"38,927",80% bullish,of 5 ratings,$12
BBRG,$13.28,1439831736041,"36,533",67% bullish,of 3 ratings,$14.50
BDBD,$9.19,1439831736072,"216,708",60% bullish,of 5 ratings,$10
BBEP,$2.6099,1439831736178,"908,111",69% bullish,of 13 ratings,$5.625
BDGE,$28.07,1439831736206,"1,828",Not yet rated,NULL,$31.75
BBEPP,$14.324,1439831736235,"13,034",100% bearish,of 1 rating,N/A
BLIN,$1.355,1439831736338,"2,500",50% bullish,of 2 ratings,$2.80
BRID,NULL,1439831736421,0,100% bearish,of 1 rating,N/A
BSFT,$34,1439831736727,"29,270",57% bullish,of 7 ratings,$40.50
BVSN,$6.05,1439831736779,"1,326",60% bearish,of 5 ratings,N/A
BRCM,$51.22,1439831736826,"559,852",75% bullish,of 12 ratings,$56
BCOV,$5.43,1439831736884,"15,446",67% bullish,of 3 ratings,$10.20
BRCD,$10.055,1439831736913,"471,672",92% bullish,of 13 ratings,$12.50
BYFC,$1.45,1439831736934,300,50% bullish,of 2 ratings,N/A
BRKL,$10.9,1439831737012,"60,234",100% bearish,of 1 rating,$10.75
BRKR,$20.26,1439831737158,"68,122",100% bearish,of 2 ratings,$22
BRKS,$11.06,1439831737187,"48,005",67% bullish,of 3 ratings,$15.25
BWEN,$3.6,1439831737217,"8,559",100% bullish,of 3 ratings,$8
BMTC,$29.97,1439831737322,"22,689",Not yet rated,NULL,$34
BWLD,$197.18,1439831737395,"39,358",82% bullish,of 11 ratings,$205
BLMT,$21.24,1439831737420,450,Not yet rated,NULL,N/A
BSQR,$7.4468,1439831737447,"155,058",67% bullish,of 3 ratings,N/A
BLDR,$14.44,1439831737472,"170,141",50% bullish,of 2 ratings,$22
BUR,$2.09,1439831737610,"1,400",100% bearish,of 1 rating,$8
CHRW,$69.36,1439831737799,"249,379",Not yet rated,NULL,$72
CFFI,$37.03,1439831737870,"4,750",100% bearish,of 1 rating,N/A
CDZI,$7.27,1439831737900,"12,802",100% bearish,of 1 rating,N/A
CDNS,$21.7601,1439831737931,"384,774",75% bullish,of 4 ratings,$22.50
CA,$29.555,1439831737960,"356,676",50% bullish,of 4 ratings,$33
CCMP,$45.67,1439831738031,"7,264",50% bullish,of 2 ratings,$59
CZR,$7.43,1439831738057,"366,428",60% bearish,of 5 ratings,$10.50
CACQ,$7.575,1439831738262,"4,562",100% bearish,of 1 rating,$12.25
CSTE,$47.9,1439831738358,"302,177",100% bearish,of 1 rating,$65
PRSS,$4.72,1439831738397,"7,632",80% bullish,of 5 ratings,$4.50
CLMS,$11.94,1439831738454,"24,701",Not yet rated,NULL,$10.50
CLBS,$1.39,1439831738480,"111,821",79% bullish,of 14 ratings,$4
CHY,$11.87,1439831738558,"145,670",Not yet rated,NULL,N/A
CHI,$11.1,1439831738654,"118,019",100% bearish,of 1 rating,N/A
CFGE,$11.0699,1439831738812,"2,000",Not yet rated,NULL,N/A
CGO,$12.83,1439831738843,"19,355",100% bearish,of 1 rating,N/A
CSQ,$10.6001,1439831738877,"165,004",Not yet rated,NULL,N/A
CHW,$8.12,1439831738943,"94,104",100% bearish,of 1 rating,N/A
CAMP,$16.5455,1439831738974,"69,722",86% bullish,of 7 ratings,$25
CCD,$21.26,1439831739002,"60,226",Not yet rated,NULL,N/A
CVGW,$54.86,1439831739078,"26,308",50% bullish,of 2 ratings,$58.50
CFNB,NULL,1439831739137,0,100% bearish,of 1 rating,N/A
CALA,$5.46,1439831739245,"105,030",100% bullish,of 3 ratings,$19.50
CALD,$16.48,1439831739458,"93,752",100% bearish,of 1 rating,$20.50
CALM,$52.29,1439831739529,"189,553",80% bullish,of 5 ratings,$65
CAMB,NULL,1439831739554,0,Not yet rated,NULL,N/A
ABCD,$4.57,1439831739593,"35,281",83% bullish,of 6 ratings,N/A
CLMT,$26.9199,1439831739622,"157,451",75% bullish,of 8 ratings,$31
CAMBW,NULL,1439831739722,0,Not yet rated,NULL,N/A
CAMBU,NULL,1439831739750,0,100% bearish,of 1 rating,N/A
CAMT,$2.9,1439831739829,"21,176",73% bullish,of 11 ratings,$4
CAC,$40.41,1439831739901,"2,200",Not yet rated,NULL,N/A
CSIQ,$24.28,1439831739932,"916,848",86% bullish,of 28 ratings,$45
CGIX,$11.315,1439831740074,"12,152",67% bullish,of 3 ratings,$14.375
CPHC,NULL,1439831740104,0,100% bearish,of 1 rating,N/A
CPLA,$49.89,1439831740213,"20,797",50% bullish,of 2 ratings,$65
CBNJ,$11.055,1439831740239,"28,762",100% bullish,of 1 rating,N/A
CBF,$30.65,1439831740468,"3,672",Not yet rated,NULL,$32
CPLP,$7.2933,1439831740499,"174,485",71% bullish,of 7 ratings,$11
CCBG,$15.12,1439831740530,"2,221",Not yet rated,NULL,$17.25
CPTA,$15.13,1439831740598,"59,864",Not yet rated,NULL,$18.50
CAPN,$2.481,1439831740626,"359,908",100% bullish,of 1 rating,$10.85
CSWC,$49.84,1439831740655,"7,792",Not yet rated,NULL,N/A
CAPNW,NULL,1439831740682,0,Not yet rated,NULL,N/A
CFFN,$12.25,1439831740710,"92,351",Not yet rated,NULL,$12.75
CARA,$21.79,1439831741006,"120,955",50% bullish,of 4 ratings,$27.50
CPST,$0.404,1439831741036,"306,915",95% bullish,of 22 ratings,$1
CAPR,$4.0201,1439831741062,"4,304",Not yet rated,NULL,$12
CARB,$11.5701,1439831741142,"36,338",75% bullish,of 4 ratings,$12
CRDC,$0.38,1439831741222,"62,436",100% bullish,of 1 rating,$1.25
CBYL,$6.6,1439831741249,"10,766",100% bearish,of 1 rating,$20
CFNL,$23.6,1439831741380,"33,400",Not yet rated,NULL,$24
CATM,$35.33,1439831741406,"77,372",100% bearish,of 1 rating,$44
CSII,$24.01,1439831741475,"62,301",100% bearish,of 2 ratings,$42.125
CRME,$9.73,1439831741538,"3,612",89% bullish,of 9 ratings,$11.25
CKEC,$24,1439831741710,"28,856",50% bullish,of 2 ratings,$35.915
CTRE,$11.42,1439831741739,"116,603",50% bullish,of 2 ratings,N/A
CECO,$3.99,1439831741765,"148,702",67% bearish,of 3 ratings,$6
CLBH,NULL,1439831741808,0,Not yet rated,NULL,$16.50
CDNA,$6.2301,1439831741834,160,100% bearish,of 1 rating,$9
CARO,$15.67,1439831741912,"21,784",100% bearish,of 1 rating,$19
CRZO,$34.74,1439831742171,"170,448",67% bearish,of 3 ratings,$57
CARV,$5.85,1439831742200,200,50% bullish,of 2 ratings,N/A
CRTN,NULL,1439831742225,0,100% bearish,of 1 rating,N/A
TAST,$13.215,1439831742251,"56,479",Not yet rated,NULL,$14.25
CACB,$5.54,1439831742388,"7,181",Not yet rated,NULL,$5.50
CART,$5.49,1439831742413,159,100% bearish,of 1 rating,N/A
CSCD,$13.96,1439831742601,"11,504",100% bullish,of 2 ratings,$17
CASM,$1.1,1439831742659,"9,062",100% bullish,of 1 rating,$3.50
CWST,$6.41,1439831742734,"22,968",50% bullish,of 2 ratings,$7
CASY,$107.615,1439831742760,"72,860",50% bullish,of 2 ratings,$99.50
CASS,$51.43,1439831742785,"4,004",100% bearish,of 1 rating,N/A
CASI,$1.4601,1439831742951,211,100% bullish,of 1 rating,$3.50
CATB,$12.02,1439831743019,"12,225",100% bearish,of 1 rating,$28
CVCO,$73.57,1439831743122,"7,219",100% bearish,of 1 rating,N/A
CATY,$32.26,1439831743170,"76,363",100% bearish,of 1 rating,$33.50
CATYW,NULL,1439831743199,0,100% bearish,of 1 rating,N/A
CBFV,NULL,1439831743228,0,Not yet rated,NULL,N/A
CPRX,$4.26,1439831743249,"188,238",71% bullish,of 7 ratings,$7
CAVM,$73.4,1439831743278,"163,409",67% bearish,of 3 ratings,$72
CNLMR,NULL,1439831743502,0,Not yet rated,NULL,N/A
CNLMU,NULL,1439831743527,0,100% bullish,of 1 rating,N/A
CNLMW,NULL,1439831743668,0,Not yet rated,NULL,N/A
CNLM,NULL,1439831743703,0,Not yet rated,NULL,N/A
CBOE,$64.32,1439831743805,"145,652",Not yet rated,NULL,$60
CDW,$39.72,1439831743836,"392,745",75% bullish,of 4 ratings,$44
CPXX,$2.2123,1439831743957,"42,443",100% bullish,of 2 ratings,$7
CECE,$10.135,1439831743985,"43,790",50% bullish,of 2 ratings,$16
CDK,$51.255,1439831744010,"96,376",67% bearish,of 3 ratings,$50
CELG,$130.71,1439831744170,"645,908",92% bullish,of 13 ratings,$155.50
CELGZ,$2.07,1439831744208,"2,000",80% bullish,of 5 ratings,N/A
CLDX,$16.17,1439831744305,"622,272",89% bullish,of 9 ratings,$36
CLRBW,NULL,1439831744332,0,Not yet rated,NULL,N/A
CLDN,$1.05,1439831744361,"84,748",71% bullish,of 7 ratings,$3
CLRB,$3.08,1439831744386,200,100% bearish,of 1 rating,N/A
CLLS,$32.69,1439831744533,"26,303",75% bullish,of 4 ratings,$51.50
CLSN,$2.21,1439831744668,"54,784",80% bullish,of 10 ratings,$7.50
CYAD,$55.11,1439831744708,200,100% bullish,of 1 rating,$87.50
CLTX,$0.6,1439831744737,"4,130",100% bullish,of 2 ratings,N/A
CETV,$2.25,1439831744841,"14,187",67% bullish,of 3 ratings,$2.80
CSFL,$14.36,1439831744904,"33,827",Not yet rated,NULL,$15
CBMG,$23,1439831744972,"23,558",50% bullish,of 2 ratings,N/A
CETX,$2.64,1439831744998,"15,814",Not yet rated,NULL,$5.60
CEMP,$36.79,1439831745063,"285,160",71% bullish,of 7 ratings,$48.50
CENT,$11.57,1439831745235,"29,923",Not yet rated,NULL,$10
CENTA,$12.38,1439831745275,"21,635",Not yet rated,NULL,N/A
CFBK,NULL,1439831745299,0,Not yet rated,NULL,N/A
CNTY,$6.4,1439831745426,"29,492",80% bullish,of 5 ratings,$7.75
CNBKA,$41.55,1439831745452,792,100% bullish,of 1 rating,N/A
CVCY,$11.15,1439831745508,911,Not yet rated,NULL,$12
CENX,$5.7762,1439831745535,"596,467",67% bullish,of 6 ratings,$9
CRNT,$1.46,1439831745663,"312,619",50% bullish,of 2 ratings,$2
CPHD,$51.06,1439831745693,"239,095",50% bullish,of 2 ratings,$67
CERE,$1.57,1439831745747,"425,630",88% bullish,of 8 ratings,N/A
CERN,$64.62,1439831745829,"699,214",67% bullish,of 3 ratings,$79
CERU,$3.34,1439831745881,"95,686",75% bullish,of 4 ratings,$15
CERS,$4.8,1439831745906,"182,824",75% bullish,of 4 ratings,$7
KOOL,$0.72,1439831746082,"12,315",100% bullish,of 5 ratings,$7
CYOU,$20.2,1439831746217,"129,756",50% bullish,of 6 ratings,$24
CEVA,$19.22,1439831746250,"35,080",100% bearish,of 1 rating,$25
HOTRW,NULL,1439831746276,0,Not yet rated,NULL,N/A
GTLS,$24.91,1439831746311,"91,248",50% bullish,of 4 ratings,$40
HOTR,$1.5,1439831746351,"577,784",100% bullish,of 2 ratings,$5
CTHR,$1.22,1439831746379,"4,315",50% bullish,of 2 ratings,$2.50
CHTR,$183.02,1439831746415,"237,161",100% bearish,of 2 ratings,$196
CHFN,$12.54,1439831746546,"3,099",Not yet rated,NULL,$14
CHKP,$82.05,1439831746611,"219,421",50% bullish,of 4 ratings,$92
CHEKW,$1.11,1439831746785,"1,000",Not yet rated,NULL,N/A
CHEK,NULL,1439831746815,0,Not yet rated,NULL,$7.75
CHFC,$33.08,1439831746855,"11,717",100% bearish,of 1 rating,$36
CEMI,$4.73,1439831746920,"2,700",50% bullish,of 2 ratings,$7.50
CCXI,$6.62,1439831746953,"15,628",67% bullish,of 3 ratings,$14
CHKE,$27.895,1439831747127,"2,819",100% bearish,of 1 rating,$32.50
CHMG,$26.5,1439831747152,150,Not yet rated,NULL,$30
CHEV,$14.4227,1439831747199,"1,157",Not yet rated,NULL,N/A
PLCE,$60.11,1439831747356,"63,920",100% bearish,of 1 rating,$71
CBNK,$16.62,1439831747386,100,100% bearish,of 1 rating,N/A
CHMA,$27.835,1439831747411,"297,437",Not yet rated,NULL,$40
CMRX,$51.32,1439831747444,"36,537",50% bullish,of 2 ratings,$57
CADC,NULL,1439831747466,0,78% bullish,of 9 ratings,N/A
CALI,$1.0035,1439831747677,"13,000",67% bullish,of 3 ratings,N/A
CAAS,$6.84,1439831747736,"32,391",93% bullish,of 14 ratings,$11.50
CBAK,$2.34,1439831747870,"15,247",67% bullish,of 9 ratings,N/A
CBPO,$110.72,1439831747895,"70,274",75% bullish,of 8 ratings,$140.50
CHOP,$1.31,1439831748085,749,50% bullish,of 2 ratings,N/A
HGSH,$1.74,1439831748145,"6,313",67% bullish,of 3 ratings,N/A
CCCR,$0.6599,1439831748173,"11,653",67% bearish,of 3 ratings,N/A
CCCL,NULL,1439831748211,0,100% bullish,of 6 ratings,N/A
CHLN,$1.38,1439831748236,928,67% bullish,of 3 ratings,N/A
JRJC,$4.4301,1439831748306,"14,050",82% bullish,of 11 ratings,N/A
HTHT,$24.2,1439831748341,"151,907",50% bullish,of 2 ratings,$28
CNIT,$1.85,1439831748435,"120,025",67% bullish,of 6 ratings,N/A
CHNR,NULL,1439831748578,0,100% bearish,of 1 rating,N/A
CJJD,$2.27,1439831748619,"43,676",100% bullish,of 1 rating,N/A
CREG,$0.808,1439831748750,"31,788",100% bullish,of 3 ratings,N/A
CSUN,$1.5498,1439831748857,"1,200",80% bullish,of 5 ratings,N/A
CPGI,$6.98,1439831748889,24,Not yet rated,NULL,N/A
CNTF,$0.9499,1439831748916,"12,026",Not yet rated,NULL,N/A
IMOS,$16.5,1439831749047,"71,416",60% bullish,of 5 ratings,$21.50
CNYD,$3.18,1439831749074,"2,498",67% bullish,of 3 ratings,N/A
CXDC,$6.2,1439831749101,"12,498",67% bullish,of 3 ratings,N/A
CCIH,$10.4,1439831749203,"31,869",67% bullish,of 6 ratings,$12.65
CNET,$0.81,1439831749298,"79,763",50% bullish,of 2 ratings,N/A
CHSCL,$27.1301,1439831749335,"28,025",Not yet rated,NULL,N/A
CHSCO,$28.5,1439831749429,"2,001",Not yet rated,NULL,N/A
CHSCM,$26.34,1439831749502,"6,583",Not yet rated,NULL,N/A
CHSCN,$27.3781,1439831749527,"6,589",Not yet rated,NULL,N/A
CHSCP,$30.8,1439831749820,"1,166",Not yet rated,NULL,N/A
CIFC,$7.3,1439831749850,3,Not yet rated,NULL,N/A
CHUY,$33.9,1439831749884,"40,703",50% bullish,of 2 ratings,$34
CHDN,$137.08,1439831749911,"47,538",Not yet rated,NULL,$165
CDTX,$14.75,1439831749937,"15,515",Not yet rated,NULL,$22
CMPR,$70.32,1439831749983,"81,836",50% bullish,of 2 ratings,$72.50
CMCT,NULL,1439831750011,0,100% bearish,of 1 rating,N/A
CIDM,$0.691,1439831750324,"197,031",50% bullish,of 2 ratings,$2.10
CTAS,$88.7504,1439831750351,"70,230",100% bearish,of 1 rating,$91
CRUS,$29.59,1439831750383,"138,537",75% bullish,of 12 ratings,$44.50
CSCO,$28.89,1439831750409,"8,219,096",84% bullish,of 208 ratings,$32.50
CPHR,$6.94,1439831750478,"6,720",100% bearish,of 1 rating,$16
CINF,$56.66,1439831750582,"79,462",50% bullish,of 4 ratings,$50.50
CZWI,NULL,1439831750711,0,Not yet rated,NULL,N/A
CTRN,$22.8,1439831750814,"20,006",100% bearish,of 1 rating,$29.50
CZNC,$20.3,1439831750846,651,Not yet rated,NULL,N/A
CTXS,$77.67,1439831750900,"184,987",86% bullish,of 7 ratings,$80
CZFC,NULL,1439831750920,0,Not yet rated,NULL,N/A
CHCO,$48.76,1439831750952,"10,752",Not yet rated,NULL,$46
CIZN,$19.44,1439831750973,200,Not yet rated,NULL,N/A
CIVBP,NULL,1439831751171,0,Not yet rated,NULL,N/A
CIVB,$10.26,1439831751196,106,Not yet rated,NULL,$11
CLNE,$4.88,1439831751225,"464,359",80% bullish,of 15 ratings,$9
CDTI,$1.6904,1439831751267,"109,491",75% bullish,of 4 ratings,$3.25
CLNT,$2,1439831751426,"32,900",75% bullish,of 8 ratings,N/A
CBLI,$3.8005,1439831751558,"27,332",60% bullish,of 5 ratings,N/A
CSBK,$14.05,1439831751690,"15,642",Not yet rated,NULL,N/A
CLFD,$18.11,1439831751719,"10,057",67% bullish,of 3 ratings,$18
CLIR,$5.1196,1439831751745,"43,078",100% bullish,of 3 ratings,N/A
CLVS,$78.45,1439831751770,"97,196",60% bullish,of 5 ratings,$101.50
CLRO,$11.83,1439831751801,"2,489",50% bullish,of 2 ratings,$14.25
CMFN,$11.558,1439831751904,"17,035",100% bearish,of 1 rating,$15.50
CME,$98.1,1439831751987,"248,786",67% bullish,of 3 ratings,$102
CCNE,$17.56,1439831752133,"4,015",50% bullish,of 2 ratings,$21.50
CNV,$4.73,1439831752175,"12,415",50% bullish,of 2 ratings,$7.15
COBZ,$12.83,1439831752309,"40,256",100% bullish,of 1 rating,$14
COKE,$165.9687,1439831752334,"4,706",79% bullish,of 19 ratings,N/A
CWAY,$11.5,1439831752362,500,Not yet rated,NULL,N/A
CISG,$8.48,1439831752387,"30,833",100% bullish,of 5 ratings,$10
CDXS,$3.98,1439831752517,"62,802",64% bullish,of 11 ratings,$6
CDRB,$12.25,1439831752623,"7,803",67% bullish,of 3 ratings,N/A
CVLY,NULL,1439831752663,0,Not yet rated,NULL,N/A
CCOI,$29.47,1439831752759,"147,052",50% bullish,of 4 ratings,$35
CGNX,$36.97,1439831752789,"228,276",50% bullish,of 2 ratings,$47
JVA,$4.7516,1439831752812,975,83% bullish,of 6 ratings,$7
CGNT,$1.6,1439831752843,"34,659",100% bullish,of 2 ratings,$2
COHR,$59.05,1439831752973,"22,593",50% bullish,of 2 ratings,$72
CTSH,$67.16,1439831753002,"807,496",90% bullish,of 10 ratings,$74.50
CHRS,$33.525,1439831753103,"30,716",67% bearish,of 3 ratings,$37
CLRX,$0.4961,1439831753261,"14,773",50% bullish,of 2 ratings,$1.85
COHU,$9.48,1439831753291,"20,451",100% bearish,of 1 rating,$14.25
COLL,$15.9,1439831753345,"13,550",100% bearish,of 1 rating,$26
CLCT,$19.79,1439831753397,"2,852",100% bearish,of 1 rating,N/A
CBAN,NULL,1439831753451,0,Not yet rated,NULL,N/A
CIGI,$47.83,1439831753533,"3,228",100% bearish,of 1 rating,$52
CLCD,$8.01,1439831753563,"22,151",100% bearish,of 1 rating,$20.50
COLB,$33.62,1439831753584,"48,898",Not yet rated,NULL,$36
CMCO,$21.85,1439831753754,"8,428",60% bullish,of 5 ratings,$28
CBMX,$1.322,1439831753789,"13,438",83% bullish,of 6 ratings,$3.15
COLM,$65.9805,1439831753855,"32,342",100% bearish,of 1 rating,$71
CMCSA,$59.915,1439831753884,"2,869,481",66% bullish,of 35 ratings,$69.50
CMCSK,$60.32,1439831754015,"959,866",Not yet rated,NULL,$84
CBSH,$47.791,1439831754147,"61,560",50% bullish,of 2 ratings,$46
CBSHP,$25.26,1439831754200,"2,904",100% bearish,of 1 rating,N/A
CUBN,$13.71,1439831754238,"9,923",Not yet rated,NULL,N/A
CSAL,$23.29,1439831754375,"224,094",75% bullish,of 4 ratings,$30
COMM,$31.78,1439831754404,"242,195",67% bearish,of 3 ratings,$35
CVGI,$4.74,1439831754431,"93,958",50% bullish,of 2 ratings,$6
JCS,$9.8,1439831754510,"1,053",67% bullish,of 3 ratings,N/A
CTBI,$35.38,1439831754674,"7,730",Not yet rated,NULL,$36
ESXB,$5.07,1439831754748,"25,213",Not yet rated,NULL,N/A
COB,$10.8,1439831754816,"1,289",100% bullish,of 1 rating,$11.50
CWBC,NULL,1439831754842,0,Not yet rated,NULL,N/A
CVLT,$38.46,1439831754870,"198,112",75% bullish,of 4 ratings,$44.50
CYHHZ,$0.0115,1439831754918,"97,900",100% bullish,of 1 rating,N/A
CIZ,$35.18,1439831755081,"1,442",100% bearish,of 1 rating,N/A
CIL,NULL,1439831755105,0,Not yet rated,NULL,N/A
CSA,NULL,1439831755266,0,Not yet rated,NULL,N/A
CDC,$36.84,1439831755292,"1,200",Not yet rated,NULL,N/A
CID,NULL,1439831755336,0,Not yet rated,NULL,N/A
CSF,NULL,1439831755365,0,100% bearish,of 1 rating,N/A
CFA,$37.5399,1439831755501,250,100% bearish,of 1 rating,N/A
CFO,$37.638,1439831755528,"2,080",100% bearish,of 1 rating,N/A
CDL,NULL,1439831755710,0,Not yet rated,NULL,N/A
CSB,NULL,1439831755734,0,Not yet rated,NULL,N/A
CGEN,$5.755,1439831755764,"34,656",50% bullish,of 2 ratings,$11
CPSI,$46.95,1439831755786,"16,342",100% bearish,of 1 rating,$45.50
SCOR,$64.43,1439831755874,"92,614",100% bearish,of 1 rating,$66
CHCI,$0.55,1439831755919,"26,400",50% bullish,of 2 ratings,N/A
CTG,$6.62,1439831756015,"26,952",100% bearish,of 1 rating,$8.50
CMTL,$28.37,1439831756111,"19,947",100% bearish,of 2 ratings,$37
CNSI,$19.35,1439831756141,"30,318",100% bearish,of 2 ratings,$29
CNAT,$4.26,1439831756168,"45,127",83% bullish,of 6 ratings,$13
CNCE,$16.985,1439831756346,"64,736",75% bullish,of 4 ratings,$22
CDOR,$1.4999,1439831756476,"8,882",100% bullish,of 1 rating,N/A
CDORO,$19.55,1439831756503,350,100% bearish,of 1 rating,N/A
CDORP,$7.25,1439831756535,600,100% bearish,of 1 rating,N/A
CCUR,$5.14,1439831756561,"5,000",75% bullish,of 4 ratings,N/A
CXRX,$77.365,1439831756641,"2,855",Not yet rated,NULL,$90
CFMS,$22.055,1439831756700,"82,448",Not yet rated,NULL,$27
CNMD,$56.89,1439831756727,"13,922",Not yet rated,NULL,$59
CTWS,$35.28,1439831756869,"3,844",100% bearish,of 1 rating,$44
CNFR,$10.599,1439831756911,"17,725",Not yet rated,NULL,N/A
CNXR,$6.79,1439831757062,"12,080",100% bearish,of 1 rating,$12
CNOB,$20.47,1439831757087,"10,045",100% bullish,of 1 rating,$23.50
CWCO,$12.15,1439831757140,"26,712",67% bullish,of 3 ratings,$14.50
CNSL,$20.67,1439831757175,"29,061",100% bearish,of 1 rating,$23
CTCT,$24.63,1439831757276,"58,197",67% bullish,of 3 ratings,$37
CONN,$34.61,1439831757303,"66,125",67% bullish,of 3 ratings,$48.50
CPSS,$5.7,1439831757480,"10,428",100% bullish,of 1 rating,$10
CFRXW,$1.86,1439831757522,"12,100",100% bearish,of 1 rating,N/A
CFRX,$5.1,1439831757549,"64,799",Not yet rated,NULL,$14
CFRXZ,$0.5,1439831757577,"29,180",Not yet rated,NULL,N/A
CTRV,$4.641,1439831757708,"10,401",Not yet rated,NULL,$6.40
CRBP,$1.9,1439831757805,"32,416",100% bullish,of 1 rating,$6.25
CPRT,$36.61,1439831757938,"49,228",67% bearish,of 3 ratings,$40
CORT,$5.45,1439831757966,"73,682",67% bullish,of 3 ratings,$12
BVA,$3.9,1439831757997,101,50% bullish,of 2 ratings,N/A
CTRL,$8.72,1439831758045,"50,394",50% bullish,of 2 ratings,$11
CORE,$64.4,1439831758101,"39,763",100% bearish,of 1 rating,$72
CORI,$11.72,1439831758178,"19,167",100% bearish,of 1 rating,$18
CRVL,$33.705,1439831758203,"2,801",100% bearish,of 1 rating,N/A
CSOD,$38.57,1439831758345,"135,614",50% bullish,of 2 ratings,$42
CSGP,$194.965,1439831758406,"28,607",50% bullish,of 2 ratings,$235
CPAH,$0.451,1439831758499,"2,485",50% bullish,of 2 ratings,N/A
COST,$145.94,1439831758532,"222,792",83% bullish,of 24 ratings,$154.50
COSI,$1.2,1439831758600,"41,103",100% bullish,of 1 rating,N/A
ICBK,$18.22,1439831758669,"1,180",Not yet rated,NULL,$21
CVTI,$25.82,1439831758731,"27,993",67% bearish,of 3 ratings,$39
COWN,$5.505,1439831758866,"430,888",75% bullish,of 4 ratings,$7
COVS,$2.8207,1439831758895,"72,629",67% bullish,of 3 ratings,N/A
CPSH,NULL,1439831758999,0,Not yet rated,NULL,N/A
BREW,$8.36,1439831759089,"23,767",67% bullish,of 6 ratings,$15
CBRL,$151.42,1439831759129,"69,895",50% bullish,of 2 ratings,$155
COWNL,NULL,1439831759191,0,Not yet rated,NULL,N/A
CRAI,$23.4,1439831759259,"6,286",Not yet rated,NULL,$36
CACC,$205.37,1439831759289,"28,002",50% bullish,of 2 ratings,$158.50
GLDI,$10.97,1439831759318,"1,482",100% bearish,of 1 rating,N/A
CRAY,$22.48,1439831759344,"56,397",83% bullish,of 6 ratings,$38.50
SLVO,$10.58,1439831759609,"2,214",100% bearish,of 1 rating,N/A
CREE,$27.6,1439831759634,"369,811",65% bullish,of 17 ratings,$28.50
CRESY,$11.61,1439831759660,"4,489",100% bearish,of 1 rating,$19
CRTO,$46.56,1439831759699,"108,120",67% bullish,of 6 ratings,$64
CROX,$14.925,1439831759837,"292,398",63% bullish,of 8 ratings,$16.50
CCRN,$14.145,1439831759864,"104,189",100% bearish,of 1 rating,$14.25
CRDS,$1.15,1439831760036,"6,739",50% bullish,of 4 ratings,$4.50
CSGS,$32.25,1439831760139,"33,945",Not yet rated,NULL,$40
CRWN,$4.755,1439831760171,"29,335",75% bullish,of 4 ratings,N/A
CYRX,$3,1439831760198,"15,042",Not yet rated,NULL,$9
CYRXW,$0.9399,1439831760223,"7,110",Not yet rated,NULL,N/A
CRWS,$8.18,1439831760272,"5,539",Not yet rated,NULL,$10
CSPI,$6.11,1439831760404,"4,300",67% bullish,of 3 ratings,N/A
CCLP,$14.97,1439831760433,"19,719",67% bearish,of 3 ratings,$21
CTIC,$1.795,1439831760462,"186,671",84% bullish,of 76 ratings,$5.75
CTCM,$1.7699,1439831760564,"96,308",80% bearish,of 5 ratings,$3.90
CTIB,NULL,1439831760654,0,100% bearish,of 1 rating,N/A
CMLS,$1.295,1439831760820,"253,193",50% bullish,of 4 ratings,$6
CUI,$5.57,1439831760846,"32,062",50% bullish,of 2 ratings,$10
CTRP,$71.27,1439831760877,"240,442",75% bullish,of 8 ratings,$92
CUNB,$22.64,1439831760904,600,Not yet rated,NULL,$24.50
CPIX,$5.98,1439831760980,"7,200",Not yet rated,NULL,N/A
CRIS,$2.88,1439831761043,"135,694",100% bullish,of 8 ratings,$6
CUTR,$15,1439831761068,"11,999",67% bearish,of 3 ratings,$18
CVV,$12.94,1439831761195,"124,314",100% bullish,of 5 ratings,N/A
CVBF,$17.6,1439831761292,"44,620",Not yet rated,NULL,$18
CYAN,$7.85,1439831761329,"1,110",100% bearish,of 1 rating,N/A
CYBR,$59.4226,1439831761391,"612,237",86% bullish,of 7 ratings,$66
CYCC,$0.58,1439831761479,"38,390",73% bullish,of 11 ratings,N/A
CYBE,$5.6925,1439831761504,834,100% bearish,of 1 rating,N/A
CYBX,$59.39,1439831761529,"74,495",50% bullish,of 4 ratings,$70
CYCCP,NULL,1439831761705,0,100% bearish,of 1 rating,N/A
CYNA,$15.0086,1439831761838,"4,204",100% bullish,of 1 rating,$33
CYRN,$1.65,1439831761896,"114,138",67% bullish,of 3 ratings,$4
CYNO,$34.17,1439831761999,"46,866",67% bearish,of 3 ratings,$45.50
CYTK,$6.69,1439831762027,"89,537",71% bullish,of 14 ratings,$13.50
CONE,$35,1439831762053,"388,059",67% bearish,of 3 ratings,$35
CY,$10.28,1439831762083,"1,293,932",80% bullish,of 10 ratings,$15.50
CBAY,$2.6,1439831762105,"21,385",100% bullish,of 1 rating,$4
CTSO,$7.55,1439831762273,"127,521",Not yet rated,NULL,$15.625
CYTX,$0.3933,1439831762299,"284,037",83% bullish,of 12 ratings,$5.50
DAEG,$0.36,1439831762527,"32,900",100% bearish,of 1 rating,N/A
TVIZ,NULL,1439831762555,0,100% bearish,of 1 rating,N/A
TVIX,$5.527,1439831762584,"1,992,075",81% bullish,of 16 ratings,N/A
CYTR,$2.445,1439831762659,"277,570",67% bullish,of 6 ratings,$10
XIV,$48.38,1439831762759,"3,459,627",75% bearish,of 4 ratings,N/A
DJCO,$210.25,1439831762792,"4,715",Not yet rated,NULL,N/A
ZIV,$50.0899,1439831762893,"42,799",Not yet rated,NULL,N/A
DAKT,$12.19,1439831762919,"37,744",50% bullish,of 2 ratings,$14
DAIO,$2.6,1439831762972,12,Not yet rated,NULL,N/A
DARA,$0.9,1439831763051,"43,903",83% bullish,of 6 ratings,$1.50
DRAM,$1.494,1439831763116,100,78% bullish,of 9 ratings,N/A
PLAY,$37.52,1439831763143,"39,326",100% bullish,of 5 ratings,$42
DTLK,$5.94,1439831763177,"18,368",100% bearish,of 1 rating,$9
DWCH,$5.249,1439831763278,"13,061",75% bullish,of 4 ratings,$8.25
DTEA,$14.28,1439831763447,"92,450",100% bearish,of 2 ratings,$24
DWSN,$5.033,1439831763504,"10,406",67% bullish,of 3 ratings,$6
DHRM,$1.73,1439831763605,75,Not yet rated,NULL,N/A
DBVT,$42,1439831763635,"31,754",100% bearish,of 1 rating,$53
DFRG,$15.33,1439831763698,"35,870",100% bearish,of 1 rating,$20
DCTH,$0.49,1439831763925,"124,590",78% bullish,of 9 ratings,N/A
DGAS,$20.278,1439831763975,250,67% bearish,of 3 ratings,N/A
DELTW,$0.17,1439831764069,"2,500",Not yet rated,NULL,N/A
DELT,$2.4999,1439831764101,535,Not yet rated,NULL,N/A
TACOW,$4.38,1439831764131,"11,509",100% bullish,of 1 rating,N/A
TRAK,$62.25,1439831764152,"37,574",50% bullish,of 2 ratings,$62.50
DENN,$12.55,1439831764199,"101,159",100% bullish,of 3 ratings,$15
TACO,$13.51,1439831764341,"169,876",100% bullish,of 3 ratings,$20
XRAY,$56.82,1439831764371,"98,381",100% bullish,of 1 rating,$58
DEPO,$31.04,1439831764482,"225,546",75% bullish,of 4 ratings,$32
DERM,$25.31,1439831764614,"55,324",100% bearish,of 1 rating,$23
DSCI,$6.7,1439831764681,"53,059",50% bullish,of 2 ratings,$16
DEST,$11.95,1439831764743,"10,947",50% bullish,of 2 ratings,N/A
DXLG,$4.87,1439831764773,"2,283",100% bearish,of 1 rating,$8
DXCM,$97.52,1439831764875,"286,759",57% bullish,of 7 ratings,$98
DHXM,NULL,1439831764920,0,Not yet rated,NULL,N/A
DSWL,NULL,1439831764951,0,100% bullish,of 1 rating,N/A
DMND,$32.18,1439831765054,"27,428",75% bullish,of 12 ratings,$32
DXM,$0.3201,1439831765226,"51,195",50% bullish,of 2 ratings,N/A
DHIL,$191.13,1439831765255,585,Not yet rated,NULL,N/A
FANG,$71.95,1439831765276,"245,310",50% bullish,of 2 ratings,$86
DCIX,$1.92,1439831765334,"14,648",50% bullish,of 4 ratings,$3.50
DRNA,$10.87,1439831765413,"29,426",67% bearish,of 3 ratings,$25
DGII,$10.07,1439831765468,"13,682",100% bearish,of 1 rating,$10
DMRC,$37.52,1439831765514,"19,843",100% bearish,of 1 rating,$44
DGLY,$7.75,1439831765682,"63,882",50% bullish,of 6 ratings,$20
DRAD,$4.02,1439831765713,"6,400",100% bullish,of 1 rating,$5.25
APPS,$2.35,1439831765811,"35,525",100% bearish,of 1 rating,$10.25
DCOM,$17.34,1439831765990,"19,556",100% bearish,of 2 ratings,$16.50
DPRX,$14.42,1439831766022,"10,902",100% bullish,of 2 ratings,$27.75
DIOD,$20.315,1439831766043,"38,751",75% bearish,of 4 ratings,$24
DISCB,NULL,1439831766125,0,100% bearish,of 1 rating,$35
DSCO,$0.4886,1439831766222,"182,676",83% bullish,of 6 ratings,$2.75
DISCK,$27.56,1439831766254,"325,793",100% bearish,of 1 rating,$40
DISCA,$29.13,1439831766313,"530,972",67% bullish,of 3 ratings,$34
DISH,$66.9099,1439831766341,"245,241",69% bullish,of 13 ratings,$73
DVCR,$11.85,1439831766474,"2,237",100% bullish,of 1 rating,N/A
BAGR,$2.96,1439831766510,"10,372",100% bearish,of 1 rating,$6
DLHC,$2.51,1439831766699,50,100% bearish,of 1 rating,N/A
DNBF,NULL,1439831766725,0,Not yet rated,NULL,$27.50
DLTR,$78.28,1439831766854,"348,328",82% bullish,of 11 ratings,$88
DGICA,$14.72,1439831766879,"7,046",100% bearish,of 1 rating,$17
DORM,$52.36,1439831767113,"48,097",100% bearish,of 1 rating,$56
DMLP,$14.6,1439831767145,"17,005",100% bearish,of 1 rating,N/A
DRWIW,NULL,1439831767170,0,Not yet rated,NULL,N/A
HILL,$5.47,1439831767243,"132,785",60% bearish,of 5 ratings,$8
DRYS,$0.37,1439831767382,"1,334,653",77% bullish,of 31 ratings,$.60
DGICB,$21.37,1439831767453,4,100% bearish,of 1 rating,N/A
DWA,$19.62,1439831767583,"93,514",63% bullish,of 8 ratings,$26
DRWI,$0.3051,1439831767610,"51,200",60% bullish,of 5 ratings,$.45
DSKX,$3.509,1439831767631,"1,028,946",100% bullish,of 1 rating,N/A
CADT,NULL,1439831767664,0,Not yet rated,NULL,N/A
DSPG,$9.07,1439831767693,"8,294",100% bearish,of 1 rating,$13.50
CADTR,$0.195,1439831767796,300,Not yet rated,NULL,N/A
CADTW,NULL,1439831767997,0,Not yet rated,NULL,N/A
CADTU,NULL,1439831768131,0,Not yet rated,NULL,N/A
DTSI,$27.62,1439831768156,"34,546",100% bearish,of 2 ratings,$39.50
DRRX,$2.22,1439831768183,"68,949",50% bullish,of 6 ratings,$3
DXPE,$29.92,1439831768359,"35,830",50% bullish,of 2 ratings,N/A
DYSL,NULL,1439831768384,0,100% bullish,of 2 ratings,N/A
DYAX,$22.99,1439831768420,"176,112",89% bullish,of 9 ratings,$30
DYNT,$3,1439831768465,"3,050",75% bullish,of 4 ratings,N/A
DNKN,$52.64,1439831768519,"122,963",67% bullish,of 15 ratings,$56.50
ETFC,$28.57,1439831768569,"501,307",57% bullish,of 14 ratings,$33
BOOM,$10.1,1439831768597,"14,703",67% bullish,of 3 ratings,$12
DVAX,$29.885,1439831768670,"105,932",70% bullish,of 10 ratings,$40
EGLE,$7.86,1439831768856,"8,250",60% bullish,of 5 ratings,N/A
EBMT,NULL,1439831768882,0,Not yet rated,NULL,$13.50
EGBN,$44.9,1439831768903,"54,025",Not yet rated,NULL,$48
EGRX,$70.93,1439831769043,"179,020",67% bullish,of 3 ratings,$97
ELNK,$9.23,1439831769151,"279,859",80% bullish,of 5 ratings,$9.50
EROC,$1.55,1439831769285,"131,645",50% bullish,of 2 ratings,$3
EVBS,NULL,1439831769318,0,Not yet rated,NULL,$7
EWBC,$45.19,1439831769346,"359,386",100% bearish,of 1 rating,$50
EACQU,$10.05,1439831769370,900,Not yet rated,NULL,N/A
EML,$17.19,1439831769420,"2,350",Not yet rated,NULL,N/A
ECHO,$25.2,1439831769558,"70,830",67% bearish,of 3 ratings,$36
EBAY,$28.16,1439831769626,"2,730,654",81% bullish,of 117 ratings,$48
EBIX,$31.06,1439831769688,"25,569",69% bullish,of 13 ratings,$40
ELON,$0.54,1439831769713,"35,729",50% bullish,of 2 ratings,N/A
ECTE,$1.5,1439831769913,"14,852",75% bullish,of 4 ratings,N/A
SATS,$46.65,1439831769942,"12,795",50% bullish,of 2 ratings,$60
ECACU,$10.02,1439831770045,"1,100",Not yet rated,NULL,N/A
ESES,$3.53,1439831770115,"4,727",100% bearish,of 1 rating,$7
EDAP,$3.65,1439831770145,"17,953",60% bullish,of 5 ratings,$4.50
EDUC,$4.652,1439831770202,"1,800",100% bearish,of 1 rating,N/A
EDGW,$7.1,1439831770249,258,100% bearish,of 1 rating,N/A
EGAN,$3.48,1439831770388,"74,141",50% bullish,of 2 ratings,$6.25
EGLT,$12.86,1439831770418,"32,880",50% bullish,of 2 ratings,$21
EEI,$11.1475,1439831770448,"1,284",67% bearish,of 3 ratings,N/A
EHTH,$14.97,1439831770550,"56,872",50% bullish,of 4 ratings,$16.50
EFUT,$4.65,1439831770581,"2,899",Not yet rated,NULL,N/A
LOCO,$14.78,1439831770682,"978,988",69% bullish,of 13 ratings,$23
ESLT,$81.7305,1439831770879,"3,827",100% bullish,of 2 ratings,N/A
EMITF,$1.299,1439831770908,"8,708",75% bullish,of 4 ratings,N/A
ERI,$9.935,1439831770942,"91,087",100% bearish,of 1 rating,$10
ELRC,$10.33,1439831770963,"3,590",100% bearish,of 1 rating,N/A
EA,$73.17,1439831771010,"873,371",77% bullish,of 35 ratings,$80
ESIO,$4.55,1439831771039,"48,676",50% bullish,of 2 ratings,$10
ELSE,$4.22,1439831771096,"5,148",60% bullish,of 5 ratings,N/A
EFII,$46.015,1439831771139,"31,734",80% bullish,of 5 ratings,$55
ELECU,NULL,1439831771285,0,Not yet rated,NULL,N/A
ELECW,NULL,1439831771366,0,Not yet rated,NULL,N/A
ELEC,NULL,1439831771390,0,Not yet rated,NULL,N/A
EBIO,$4.03,1439831771416,"870,285",100% bearish,of 2 ratings,$8.35
RDEN,$10.29,1439831771556,"23,582",100% bearish,of 4 ratings,$15
CAPX,NULL,1439831771607,0,Not yet rated,NULL,N/A
ESBK,NULL,1439831771688,0,Not yet rated,NULL,N/A
LONG,$17.12,1439831771790,"77,490",67% bullish,of 3 ratings,$15.75
EMKR,$7.37,1439831771819,"370,213",75% bullish,of 4 ratings,$8.50
ELTK,$1.1415,1439831771847,"2,195",67% bearish,of 3 ratings,N/A
EMCF,NULL,1439831771920,0,100% bearish,of 1 rating,N/A
EMCI,$24.45,1439831772057,"4,129",Not yet rated,NULL,N/A
EMMS,$1.2299,1439831772121,"29,395",67% bullish,of 6 ratings,N/A
EMMSP,NULL,1439831772146,0,100% bearish,of 1 rating,N/A
ERS,$3.05,1439831772200,"5,034",Not yet rated,NULL,N/A
ENTA,$41.225,1439831772274,"39,522",50% bullish,of 2 ratings,$42
NYNY,$4.52,1439831772373,"11,451",50% bullish,of 2 ratings,N/A
ENDP,$86.25,1439831772506,"421,274",50% bullish,of 6 ratings,$104
ECPG,$40.48,1439831772534,"42,726",100% bullish,of 2 ratings,$52
WIRE,$33.96,1439831772562,"19,182",100% bearish,of 1 rating,$41
ECYT,$5.39,1439831772588,"82,151",83% bullish,of 6 ratings,$12
EIGI,$16.34,1439831772619,"169,054",67% bearish,of 3 ratings,$20
ELGX,$12.965,1439831772737,"294,429",75% bullish,of 4 ratings,$17
WATT,$7.01,1439831772822,"63,008",50% bullish,of 2 ratings,$13
ERII,$2.9,1439831772932,"33,304",80% bullish,of 5 ratings,$2.50
ENOC,$9.06,1439831772961,"66,409",75% bullish,of 4 ratings,$18
EFOI,$16.2708,1439831772988,"606,319",50% bullish,of 2 ratings,$17
EXXI,$1.7099,1439831773016,"375,603",86% bullish,of 7 ratings,$3.50
ENG,$1.0801,1439831773063,"7,617",100% bullish,of 3 ratings,N/A
ENPH,$5.52,1439831773275,"133,544",75% bullish,of 4 ratings,$11
ESGR,$161.26,1439831773325,"13,909",100% bearish,of 1 rating,$185
ENFC,NULL,1439831773349,0,Not yet rated,NULL,N/A
ENTG,$14.75,1439831773406,"185,720",100% bearish,of 1 rating,$18
ETRM,$0.2699,1439831773437,"477,528",69% bearish,of 35 ratings,$1.625
EBTC,$20.98,1439831773541,306,Not yet rated,NULL,N/A
ENTL,$22.595,1439831773588,"2,613",Not yet rated,NULL,$28
EGT,$2.21,1439831773617,253,100% bullish,of 1 rating,N/A
EFSC,$24.87,1439831773722,"6,685",Not yet rated,NULL,$27
ENZN,$1.0999,1439831773771,"604,793",100% bullish,of 9 ratings,N/A
ENVI,$1.84,1439831773852,"18,800",67% bullish,of 3 ratings,N/A
ENZY,$8.48,1439831773881,"16,159",67% bullish,of 3 ratings,$9.50
EPZM,$18.14,1439831773985,"63,281",60% bullish,of 5 ratings,$34
EPRS,$5.21,1439831774024,"20,344",82% bullish,of 11 ratings,$15
EPIQ,$14.055,1439831774118,"8,018",100% bearish,of 1 rating,$18
EQIX,$283.67,1439831774143,"65,485",67% bullish,of 3 ratings,$312.50
PLUS,$74.63,1439831774200,"37,906",50% bullish,of 2 ratings,$88
EQFN,$8.3601,1439831774337,"2,000",Not yet rated,NULL,N/A
EAC,$3.46,1439831774363,"1,179",100% bearish,of 1 rating,$7.50
ERIC,$10.395,1439831774498,"547,158",63% bullish,of 8 ratings,$13.30
ERIE,$86.43,1439831774526,"5,512",Not yet rated,NULL,$73
ESCA,$18.75,1439831774591,"3,066",100% bearish,of 1 rating,$22
ESCRP,$1.6592,1439831774694,"5,485",100% bearish,of 1 rating,N/A
ESCR,$0.2241,1439831774723,"6,055",50% bullish,of 2 ratings,N/A
ESPR,$75.2495,1439831774822,"722,675",56% bearish,of 9 ratings,$130
ESMC,$1.31,1439831774873,606,Not yet rated,NULL,N/A
ESSA,$12.79,1439831775008,"2,699",100% bearish,of 1 rating,N/A
EPIX,NULL,1439831775035,0,Not yet rated,NULL,N/A
ESSX,$0.46,1439831775067,"25,063",50% bullish,of 2 ratings,N/A
ESND,$36.67,1439831775198,"17,328",100% bearish,of 1 rating,$40
CLWT,$2.45,1439831775226,110,100% bearish,of 1 rating,N/A
ETSY,$17.4,1439831775247,"391,270",80% bullish,of 5 ratings,$16
EEFT,$68.67,1439831775301,"26,580",100% bearish,of 1 rating,$67.50
ESEA,$6.45,1439831775502,279,100% bullish,of 1 rating,$15
EVEP,$9.1899,1439831775535,"211,871",50% bullish,of 2 ratings,$15
EVLV,$2.25,1439831775561,"25,901",60% bullish,of 5 ratings,$6.50
EVOK,$4.62,1439831775605,"3,566",100% bearish,of 1 rating,$13.75
EVK,$3.74,1439831775634,"2,684",75% bearish,of 4 ratings,N/A
EXA,$10.56,1439831775709,"9,540",100% bearish,of 1 rating,$13
EVOL,$6.325,1439831775769,"9,510",75% bullish,of 4 ratings,$10
EXAS,$23.561,1439831775810,"172,898",78% bullish,of 9 ratings,$31
EXAC,$18.95,1439831775942,"27,573",100% bearish,of 1 rating,$22.50
EXFO,$2.91,1439831776011,"1,400",67% bearish,of 3 ratings,$3.95
EXLS,$37.4,1439831776071,"14,145",100% bullish,of 1 rating,$41
EXEL,$5.975,1439831776101,"650,717",81% bullish,of 16 ratings,$6
EXPO,$44.05,1439831776207,"13,321",100% bearish,of 1 rating,$45.50
EXPD,$49.24,1439831776271,"179,913",80% bullish,of 5 ratings,$50.50
EXPE,$122.22,1439831776299,"187,464",64% bullish,of 11 ratings,$130
EXLP,$20.76,1439831776494,"54,389",100% bearish,of 1 rating,$27
EYEG,$4,1439831776589,"26,697",Not yet rated,NULL,N/A
ESRX,$89.04,1439831776616,"533,141",67% bearish,of 6 ratings,$101
EYEGW,NULL,1439831776650,0,Not yet rated,NULL,N/A
EXTR,$3.03,1439831776671,"226,150",80% bullish,of 5 ratings,$3
EZPW,$6.135,1439831776703,"64,043",50% bullish,of 4 ratings,$7.50
EZCH,$21.7099,1439831776747,"80,808",75% bullish,of 8 ratings,$19.50
FFIV,$134.09,1439831776842,"154,377",71% bullish,of 7 ratings,$132
FB,$93.8686,1439831776945,"7,081,437",73% bullish,of 1063 ratings,$111
FCS,$14.53,1439831777042,"178,716",67% bearish,of 3 ratings,$17
FRP,$17.69,1439831777137,"51,373",100% bearish,of 1 rating,$18
FFKT,$27.23,1439831777295,"9,106",Not yet rated,NULL,$29
FWM,$2.39,1439831777320,"82,412",100% bearish,of 2 ratings,$3.20
FALC,$1.68,1439831777346,"31,043",63% bearish,of 8 ratings,N/A
FARM,$23.58,1439831777397,"6,760",100% bearish,of 1 rating,$35
DAVE,$14.9,1439831777497,"29,522",100% bearish,of 1 rating,$15.50
FAST,$40.5,1439831777525,"281,104",80% bullish,of 5 ratings,$46
FMNB,$8.13,1439831777554,"9,968",Not yet rated,NULL,N/A
FARO,$42.35,1439831777657,"36,871",50% bullish,of 2 ratings,$48
FBSS,NULL,1439831777715,0,Not yet rated,NULL,N/A
FBRC,$23.08,1439831777743,"3,004",100% bearish,of 1 rating,$29
FATE,$7.49,1439831777815,"6,903",100% bearish,of 1 rating,$11
FDML,$9.84,1439831777906,"34,643",50% bullish,of 4 ratings,$14
FNHC,$24.37,1439831777955,"21,254",100% bearish,of 1 rating,$35
FENX,$9.95,1439831778185,"32,549",100% bullish,of 1 rating,$14.25
FHCO,$1.52,1439831778211,"13,984",50% bullish,of 4 ratings,N/A
FCSC,$6.65,1439831778241,"33,468",100% bearish,of 1 rating,$8.125
FEIC,$81.38,1439831778262,"131,774",50% bullish,of 2 ratings,$95.50
ONEQ,$199.7142,1439831778290,"5,970",100% bullish,of 1 rating,N/A
FDUS,$14.84,1439831778448,"16,082",100% bullish,of 1 rating,$18
FGEN,$25.05,1439831778512,"245,613",100% bearish,of 1 rating,$39
LION,$20.7623,1439831778542,"82,923",100% bullish,of 1 rating,$20
FRGI,$55.6199,1439831778576,"79,086",50% bullish,of 2 ratings,$70
FSAM,$8.75,1439831778736,"7,573",100% bearish,of 1 rating,$11
FSC,$6.53,1439831778762,"202,550",75% bullish,of 4 ratings,$8
FSFR,$9.159,1439831778783,"58,943",100% bearish,of 1 rating,$11.50
FSCFL,$24.6873,1439831778818,"1,400",Not yet rated,NULL,N/A
FITB,$21.19,1439831779039,"1,063,390",54% bullish,of 13 ratings,$22
FNJN,$1.7999,1439831779112,"16,933",100% bearish,of 1 rating,$5
FNTC,NULL,1439831779215,0,Not yet rated,NULL,N/A
FISI,$24.5,1439831779243,"2,836",100% bullish,of 2 ratings,$24.50
FNTCU,NULL,1439831779270,0,Not yet rated,NULL,N/A
FNGN,$36.67,1439831779295,"70,019",67% bullish,of 3 ratings,$47
FNSR,$17.71,1439831779323,"310,293",86% bullish,of 7 ratings,$25
FITBI,$27.83,1439831779353,"6,211",Not yet rated,NULL,N/A
FEYE,$43.53,1439831779519,"935,687",87% bullish,of 15 ratings,$55.50
FNTCW,NULL,1439831779543,0,Not yet rated,NULL,N/A
FNLC,$18.82,1439831779718,"7,300",100% bullish,of 1 rating,N/A
FBNC,$17.25,1439831779764,"6,200",100% bullish,of 1 rating,$20
FCVA,NULL,1439831779927,0,Not yet rated,NULL,N/A
BUSE,$6.43,1439831779955,"14,852",Not yet rated,NULL,$6.875
FCFS,$38.22,1439831779981,"25,666",100% bearish,of 2 ratings,$48
FBIZ,$44,1439831780007,"3,462",100% bearish,of 2 ratings,$52
FRBA,$6.0599,1439831780166,"4,050",Not yet rated,NULL,$8
FCLF,$9.2,1439831780195,"1,200",Not yet rated,NULL,N/A
FCAP,$26.12,1439831780229,"4,166",Not yet rated,NULL,N/A
FCNCA,$252.88,1439831780255,"3,989",Not yet rated,NULL,N/A
FCBC,$18.09,1439831780331,"7,248",Not yet rated,NULL,$17
FCFP,$7,1439831780396,"1,400",Not yet rated,NULL,N/A
FBNK,$16.3,1439831780430,"2,983",100% bearish,of 1 rating,$17.50
FCCO,$12,1439831780464,101,Not yet rated,NULL,$13.25
FFNM,$6.42,1439831780700,400,Not yet rated,NULL,N/A
FFBCW,NULL,1439831780800,0,100% bearish,of 1 rating,N/A
FDEF,$37.52,1439831780827,"9,291",Not yet rated,NULL,$38
FFBC,$19.1,1439831780853,"45,830",67% bearish,of 3 ratings,$20.25
THFF,$33.985,1439831780989,"4,360",Not yet rated,NULL,$35
FFIN,$32.935,1439831781043,"8,141",50% bullish,of 2 ratings,$31.75
FFWM,$21.42,1439831781132,792,Not yet rated,NULL,$24
FIBK,$28.15,1439831781173,"15,009",Not yet rated,NULL,$32
FFNW,$12.52,1439831781198,"2,776",Not yet rated,NULL,$14
INBK,$36.245,1439831781230,"14,624",50% bullish,of 2 ratings,$37
FRME,$26.32,1439831781263,"159,648",Not yet rated,NULL,$26.50
FMBH,$21.86,1439831781410,"3,157",Not yet rated,NULL,N/A
FMBI,$18.59,1439831781453,"34,652",Not yet rated,NULL,$20
FNFG,$9.7739,1439831781589,"438,550",80% bullish,of 5 ratings,$9
FNBC,$36.92,1439831781639,"25,695",Not yet rated,NULL,$41
FNWB,$12.29,1439831781664,"2,000",Not yet rated,NULL,N/A
FSFG,$31.49,1439831781729,"4,568",Not yet rated,NULL,N/A
FSLR,$51.66,1439831781806,"441,276",74% bullish,of 39 ratings,$65
FSBK,$7.8,1439831781863,"1,536",100% bullish,of 1 rating,N/A
BICK,NULL,1439831781963,0,100% bullish,of 1 rating,N/A
FTCS,$38.77,1439831782102,"11,057",Not yet rated,NULL,N/A
FSGI,$2.5,1439831782153,400,Not yet rated,NULL,N/A
FBZ,NULL,1439831782184,0,Not yet rated,NULL,N/A
FCA,$22.87,1439831782205,"1,402",Not yet rated,NULL,N/A
FV,$24.8454,1439831782235,"588,063",Not yet rated,NULL,N/A
FCAN,$25.7291,1439831782262,500,Not yet rated,NULL,N/A
IFV,$18.876,1439831782405,"309,026",100% bearish,of 1 rating,N/A
FEMB,NULL,1439831782545,0,Not yet rated,NULL,N/A
FEUZ,$32.5,1439831782638,100,Not yet rated,NULL,N/A
FTSM,$59.935,1439831782659,"9,309",100% bearish,of 1 rating,N/A
TDIV,$26.113,1439831782690,"16,272",100% bearish,of 1 rating,N/A
MDIV,$19.881,1439831782741,"63,994",Not yet rated,NULL,N/A
FGM,$37.39,1439831782829,"2,106",Not yet rated,NULL,N/A
FTHI,$20.57,1439831782973,"1,106",Not yet rated,NULL,N/A
FTGC,$22.8699,1439831783021,"159,108",Not yet rated,NULL,N/A
HYLS,$49.8299,1439831783053,"162,027",100% bearish,of 1 rating,N/A
FHK,$35.99,1439831783074,"2,039",Not yet rated,NULL,N/A
FPXI,NULL,1439831783095,0,Not yet rated,NULL,N/A
YDIV,$17.206,1439831783234,"1,175",Not yet rated,NULL,N/A
SKYY,$30.66,1439831783262,"24,962",100% bullish,of 1 rating,N/A
CU,$13.3449,1439831783288,"1,212",100% bearish,of 1 rating,N/A
PLTM,$6.53,1439831783442,"1,053",100% bearish,of 1 rating,N/A
FJP,$50.4675,1439831783470,"17,669",Not yet rated,NULL,N/A
FTLB,NULL,1439831783605,0,100% bearish,of 1 rating,N/A
LMBS,NULL,1439831783734,0,Not yet rated,NULL,N/A
FONE,$36.47,1439831783761,160,Not yet rated,NULL,N/A
FMB,$51.2,1439831783795,204,Not yet rated,NULL,N/A
QABA,$39.72,1439831783831,"10,650",100% bearish,of 1 rating,N/A
CIBR,$19.72,1439831783861,"46,695",Not yet rated,NULL,N/A
QCLN,$16.2,1439831783924,"6,441",Not yet rated,NULL,N/A
CARZ,$36.8622,1439831783968,332,100% bearish,of 1 rating,N/A
GRID,$34.6299,1439831784021,107,100% bearish,of 1 rating,N/A
QQEW,$44.3399,1439831784159,"10,395",Not yet rated,NULL,N/A
RDVY,$22.47,1439831784189,"4,564",Not yet rated,NULL,N/A
QTEC,$42.4799,1439831784290,"71,875",Not yet rated,NULL,N/A
AIRR,$17.09,1439831784385,"12,197",100% bearish,of 1 rating,N/A
QQXT,$42.9399,1439831784415,"2,796",Not yet rated,NULL,N/A
FTSL,$48.92,1439831784519,"17,465",100% bearish,of 1 rating,N/A
FKO,NULL,1439831784589,0,Not yet rated,NULL,N/A
FDIV,$47.6,1439831784650,"5,139",100% bearish,of 1 rating,N/A
QINC,$21.6399,1439831784682,"5,689",Not yet rated,NULL,N/A
FSZ,$40.7,1439831784718,474,Not yet rated,NULL,N/A
FTW,$31.1,1439831784783,251,Not yet rated,NULL,N/A
TUSA,$26.3974,1439831784852,110,Not yet rated,NULL,N/A
FKU,$43.9799,1439831784955,"1,807",Not yet rated,NULL,N/A
FUNC,$8.3,1439831785052,500,Not yet rated,NULL,N/A
SVVC,$10.58,1439831785117,"7,952",100% bullish,of 1 rating,$26
FMER,$18.77,1439831785185,"343,959",50% bullish,of 2 ratings,$20
FSV,$32.79,1439831785321,"2,763",Not yet rated,NULL,$33.60
FISV,$89.98,1439831785380,"178,381",100% bearish,of 3 ratings,$90
FPRX,$19.05,1439831785409,"97,579",50% bullish,of 2 ratings,$35
FLML,$21.33,1439831785480,"114,714",50% bullish,of 2 ratings,$30
FLKS,$14.55,1439831785509,"11,308",50% bullish,of 2 ratings,$27
FIVN,$4.46,1439831785609,"60,669",100% bullish,of 1 rating,$8.50
SKOR,$50.43,1439831785657,20,Not yet rated,NULL,N/A
FIVE,$37.86,1439831785690,"152,358",75% bearish,of 4 ratings,$44
FLXN,$23.86,1439831785718,"9,650",100% bearish,of 1 rating,$39.50
MBSD,NULL,1439831785794,0,Not yet rated,NULL,N/A
FLEX,$11.185,1439831785899,"548,861",63% bullish,of 8 ratings,$12
FLXS,$41.75,1439831785953,"9,768",100% bearish,of 2 ratings,N/A
FLIR,$30.61,1439831786084,"62,722",100% bearish,of 1 rating,$38.50
FLDM,$12.64,1439831786177,"118,651",67% bearish,of 3 ratings,$21.50
FFIC,$21.05,1439831786252,"7,838",Not yet rated,NULL,$21
FOMX,$10.41,1439831786280,"45,147",50% bullish,of 2 ratings,$23.50
FES,$1.0099,1439831786309,920,50% bullish,of 2 ratings,$1
FOGO,$18.63,1439831786339,"59,138",50% bullish,of 2 ratings,$25.50
FONR,$9.52,1439831786459,"1,138",100% bullish,of 1 rating,N/A
FORM,$6.66,1439831786489,"36,605",67% bullish,of 3 ratings,$10.50
FORR,$32.3,1439831786654,"11,331",Not yet rated,NULL,N/A
FBIO,$3.08,1439831786725,"36,701",83% bullish,of 6 ratings,N/A
FTNT,$47.78,1439831786787,"308,404",80% bullish,of 10 ratings,$52
FWRD,$48.608,1439831786815,"48,151",100% bearish,of 1 rating,$50
FORTY,$35,1439831786854,500,Not yet rated,NULL,N/A
FORD,$1.12,1439831786919,"468,284",50% bullish,of 2 ratings,N/A
FWP,$25.5,1439831787054,"9,859",100% bearish,of 1 rating,$45
FOSL,$61.82,1439831787090,"207,652",50% bullish,of 4 ratings,$70
FMI,$20.35,1439831787183,"72,535",100% bearish,of 2 ratings,$27.50
FOXF,$15.8,1439831787210,"12,028",100% bearish,of 1 rating,$19
FXCB,$17.69,1439831787240,412,Not yet rated,NULL,$19
FELE,$30.15,1439831787275,"55,134",50% bullish,of 4 ratings,$33
FRAN,$11.31,1439831787344,"237,338",50% bullish,of 4 ratings,$15
FRED,$14.39,1439831787376,"21,619",50% bullish,of 2 ratings,$16.50
FREE,$0.53,1439831787482,"919,149",92% bullish,of 12 ratings,N/A
RAIL,$22.405,1439831787509,"36,761",100% bearish,of 1 rating,$24.50
FEIM,$10.97,1439831787579,600,100% bearish,of 1 rating,N/A
FRPT,$14.54,1439831787808,"89,643",67% bearish,of 3 ratings,$23.50
FTR,$5.605,1439831787882,"5,511,827",78% bullish,of 27 ratings,$6.25
FRPH,$31.06,1439831787912,606,100% bearish,of 1 rating,N/A
FSBW,$23.741,1439831787948,600,Not yet rated,NULL,N/A
FTRPR,$109.1,1439831787979,"107,854",100% bearish,of 1 rating,N/A
FSYS,$6.7401,1439831788008,"13,129",67% bullish,of 3 ratings,$10
FTD,$30.535,1439831788034,"15,478",100% bearish,of 1 rating,$40
FTEK,$2.31,1439831788077,"22,475",75% bullish,of 4 ratings,N/A
FULLL,$25.5,1439831788337,300,Not yet rated,NULL,N/A
FULL,$3.21,1439831788382,"38,134",67% bearish,of 3 ratings,$4.25
FCEL,$0.8077,1439831788411,"196,973",88% bullish,of 40 ratings,$2.65
FULT,$13.15,1439831788437,"98,078",100% bearish,of 1 rating,$13
FLL,$1.585,1439831788514,"2,700",75% bullish,of 4 ratings,$2.825
FSNN,$2.6,1439831788572,"1,088",67% bullish,of 3 ratings,$6
FXEN,$1.02,1439831788717,"142,357",75% bullish,of 4 ratings,$1.10
FXENP,$16.5,1439831788781,350,100% bearish,of 1 rating,N/A
GK,$72.12,1439831788807,"20,987",Not yet rated,NULL,$78
FFHL,$0.88,1439831788847,30,50% bullish,of 4 ratings,N/A
GLPG,$60.25,1439831788879,"4,705",100% bullish,of 1 rating,$75
WILC,$5.2149,1439831788907,"3,793",100% bullish,of 2 ratings,N/A
GAIA,$6.13,1439831788980,"12,519",50% bullish,of 2 ratings,$8.50
GALT,$2.315,1439831789042,"103,374",80% bullish,of 5 ratings,N/A
GALTU,NULL,1439831789172,0,100% bearish,of 1 rating,N/A
GALTW,$0.7131,1439831789233,999,100% bullish,of 1 rating,N/A
GALE,$1.45,1439831789266,"235,034",89% bullish,of 47 ratings,$4
GLMD,$9.0501,1439831789366,"8,751",67% bullish,of 3 ratings,$20.50
GRMN,$40.28,1439831789425,"136,290",50% bullish,of 6 ratings,$48
GLPI,$33.53,1439831789454,"72,611",100% bearish,of 1 rating,$37.50
GPIC,$10.27,1439831789520,864,100% bearish,of 1 rating,N/A
GGAC,$9.82,1439831789551,200,100% bearish,of 1 rating,N/A
GGACR,NULL,1439831789653,0,100% bullish,of 1 rating,N/A
GGACU,NULL,1439831789687,0,Not yet rated,NULL,N/A
GARS,$14.95,1439831789850,"6,565",Not yet rated,NULL,$16
GGACW,NULL,1439831789919,0,Not yet rated,NULL,N/A
GNCMA,$18.255,1439831789952,"26,125",100% bearish,of 1 rating,$12
GENC,$9.49,1439831789977,125,100% bearish,of 1 rating,N/A
GFN,$4.1,1439831790051,"24,850",100% bearish,of 2 ratings,$8
GFNCP,$93.77,1439831790110,100,Not yet rated,NULL,N/A
GNMK,$9.62,1439831790242,"24,829",67% bullish,of 6 ratings,$14
GFNSL,$26,1439831790269,200,Not yet rated,NULL,N/A
GENE,$2.8,1439831790319,"82,936",100% bullish,of 12 ratings,N/A
GNCA,$13.07,1439831790481,"33,267",100% bearish,of 1 rating,$20
THRM,$48.48,1439831790513,"54,350",75% bearish,of 4 ratings,$55.50
GNVC,$2.43,1439831790537,"2,407",90% bullish,of 10 ratings,$8.50
GNTX,$16.025,1439831790558,"483,036",Not yet rated,NULL,$20
GHDX,$26.57,1439831790590,"70,072",50% bullish,of 2 ratings,$30
GTWN,NULL,1439831790781,0,Not yet rated,NULL,N/A
GEOS,$16.03,1439831790811,"28,886",100% bearish,of 3 ratings,$25.50
GABC,$29.85,1439831790914,"4,555",Not yet rated,NULL,$31.50
GEVO,$2.17,1439831790962,"114,998",75% bullish,of 12 ratings,N/A
GERN,$3.32,1439831790992,"643,138",88% bullish,of 16 ratings,$5.25
ROCK,$18.67,1439831791099,"139,537",80% bullish,of 5 ratings,$24
GIGA,$1.4301,1439831791145,"7,914",100% bearish,of 1 rating,N/A
GIII,$69.97,1439831791228,"32,946",67% bullish,of 3 ratings,$75
GILT,$4.564,1439831791304,"5,044",50% bullish,of 2 ratings,N/A
GIGM,$0.6591,1439831791336,"31,885",100% bullish,of 2 ratings,N/A
GILD,$116.02,1439831791393,"1,982,604",91% bullish,of 86 ratings,$129
GBCI,$28.31,1439831791438,"17,416",50% bullish,of 2 ratings,$31
GLADO,$25.59,1439831791533,"2,190",Not yet rated,NULL,N/A
GLAD,$8.32,1439831791586,"43,382",50% bullish,of 2 ratings,$8.75
GOOD,$16.0022,1439831791668,"27,253",Not yet rated,NULL,$19
GOODN,$25.6,1439831791802,500,Not yet rated,NULL,N/A
GOODO,$25.2267,1439831791863,450,Not yet rated,NULL,N/A
GAIN,$7.9741,1439831791995,"76,535",100% bullish,of 2 ratings,$8.25
GAINN,$25.44,1439831792023,"66,595",Not yet rated,NULL,N/A
GAINO,$25.4801,1439831792045,915,Not yet rated,NULL,N/A
GOODP,$25.2699,1439831792078,400,Not yet rated,NULL,N/A
LAND,$9.65,1439831792183,"4,485",50% bullish,of 2 ratings,$13.75
GAINP,$26.148,1439831792313,"1,342",Not yet rated,NULL,N/A
GLBZ,NULL,1439831792345,0,Not yet rated,NULL,N/A
GBT,$54.15,1439831792377,"244,141",Not yet rated,NULL,N/A
GBLI,$27.2,1439831792454,"2,004",Not yet rated,NULL,N/A
GDEF,$10.54,1439831792482,1,Not yet rated,NULL,N/A
ENT,$12.56,1439831792611,"46,671",100% bearish,of 1 rating,$18
GPACU,NULL,1439831792716,0,Not yet rated,NULL,N/A
GSOL,$8.43,1439831792825,"9,186",100% bearish,of 1 rating,N/A
ACTX,NULL,1439831792893,0,100% bullish,of 1 rating,N/A
QQQC,$21.4453,1439831793024,"7,702",100% bearish,of 1 rating,N/A
ALTY,NULL,1439831793057,0,Not yet rated,NULL,N/A
SOCL,$18.6701,1439831793078,"13,283",100% bullish,of 2 ratings,N/A
YLCO,$12.3,1439831793124,915,Not yet rated,NULL,N/A
SRET,$13.8935,1439831793178,"3,225",Not yet rated,NULL,N/A
GAI,$5.51,1439831793215,812,50% bullish,of 2 ratings,N/A
GSM,$14.17,1439831793282,"70,608",50% bullish,of 2 ratings,$24.50
GLBS,$1.21,1439831793433,"3,218",67% bullish,of 3 ratings,N/A
GBIM,$2.28,1439831793459,"33,725",50% bullish,of 2 ratings,N/A
GLRI,$1.2,1439831793516,"4,662",100% bearish,of 1 rating,$6
GLUU,$4.8,1439831793600,"696,902",92% bullish,of 26 ratings,$9
GLYC,$7.48,1439831793673,"8,276",50% bullish,of 2 ratings,$14
GOGO,$16.4,1439831793766,"151,212",80% bullish,of 5 ratings,$25
GLNG,$38.19,1439831793827,"400,805",83% bullish,of 6 ratings,$58
GMLP,$20.6741,1439831793923,"32,305",50% bullish,of 4 ratings,$33
GLDC,NULL,1439831793998,0,50% bullish,of 2 ratings,N/A
GOGL,$3.59,1439831794027,"67,451",75% bullish,of 4 ratings,$5
GDEN,$9.11,1439831794054,400,50% bullish,of 2 ratings,N/A
GTIM,$7.29,1439831794084,"25,649",Not yet rated,NULL,$11.50
GOOG,$658.03,1439831794159,"277,316",89% bullish,of 64 ratings,$795
GOOGL,$690.3787,1439831794348,"287,634",88% bullish,of 1078 ratings,$747
GPRO,$58.835,1439831794430,"1,279,565",79% bullish,of 58 ratings,$72
GBDC,$16.67,1439831794514,"31,059",Not yet rated,NULL,$17.75
GMAN,$4.71,1439831794540,"43,122",60% bullish,of 5 ratings,$8
GPIA,NULL,1439831794562,0,Not yet rated,NULL,N/A
GPIAU,NULL,1439831794695,0,Not yet rated,NULL,N/A
GPIAW,NULL,1439831794719,0,Not yet rated,NULL,N/A
LOPE,$39.3,1439831794745,"60,100",100% bearish,of 2 ratings,$50
GRVY,$3.41,1439831794798,100,50% bullish,of 2 ratings,N/A
GBSN,$2.45,1439831794902,"38,142",100% bearish,of 1 rating,$8.25
GLDD,$5.59,1439831794959,"32,662",100% bearish,of 4 ratings,$7.75
GSBC,$42.755,1439831795000,"9,417",100% bullish,of 1 rating,$44
GBSNU,$16.5,1439831795031,"8,100",Not yet rated,NULL,N/A
GNBC,$13.5,1439831795102,"2,714",100% bearish,of 1 rating,$17
GRBK,$14.3499,1439831795128,"106,362",77% bullish,of 13 ratings,N/A
GPP,$14.9433,1439831795414,"4,476",Not yet rated,NULL,$20.50
GPRE,$23.055,1439831795464,"156,467",67% bullish,of 6 ratings,$28.50
GRFS,$32.03,1439831795503,"117,223",50% bullish,of 2 ratings,$35
GLRE,$26.61,1439831795530,"26,510",100% bullish,of 1 rating,$41
GCBC,NULL,1439831795567,0,100% bullish,of 1 rating,N/A
GRIF,NULL,1439831795598,0,100% bearish,of 1 rating,N/A
GRPN,$4.46,1439831795699,"3,529,813",61% bullish,of 71 ratings,$6.75
OMAB,$43.25,1439831795750,"8,742",100% bullish,of 1 rating,$44
GSIG,$13.69,1439831795949,"2,282",100% bearish,of 2 ratings,N/A
GSVC,$9.55,1439831796015,"15,471",50% bullish,of 2 ratings,$14.50
GGAL,$20.87,1439831796046,"75,296",80% bullish,of 5 ratings,$40
GSIT,$5.0201,1439831796079,"4,588",100% bearish,of 1 rating,N/A
GTXI,$0.9799,1439831796104,"9,696",100% bullish,of 5 ratings,$.75
GBNK,$16.408,1439831796182,"3,240",100% bearish,of 1 rating,$18
GUID,$9.1631,1439831796357,"24,522",100% bearish,of 3 ratings,$10
GFED,NULL,1439831796386,0,Not yet rated,NULL,$17
GULTU,$0.375,1439831796444,"11,850",100% bearish,of 1 rating,N/A
GPOR,$35.65,1439831796515,"757,303",75% bullish,of 4 ratings,$55.50
GIFI,$11.865,1439831796546,"13,107",100% bearish,of 1 rating,$16
GURE,$1.86,1439831796608,"39,490",88% bullish,of 8 ratings,N/A
GWPH,$114.65,1439831796645,"67,096",78% bullish,of 9 ratings,$148.50
GWGH,NULL,1439831796678,0,100% bearish,of 1 rating,$15.05
GYRO,$2.85,1439831796869,600,100% bearish,of 1 rating,N/A
HEES,$17.28,1439831796917,"78,798",67% bearish,of 3 ratings,$31
HLG,$9.44,1439831797047,153,100% bearish,of 1 rating,N/A
HNRG,$7.69,1439831797073,"42,890",100% bearish,of 1 rating,$10
HALL,$11.78,1439831797098,"25,001",Not yet rated,NULL,N/A
HMPR,$2.01,1439831797238,"2,300",100% bullish,of 1 rating,N/A
HALO,$19.55,1439831797265,"445,859",67% bullish,of 3 ratings,$22.50
HBK,$13.5,1439831797301,600,50% bullish,of 2 ratings,N/A
HBHC,$29.25,1439831797328,"59,823",50% bullish,of 2 ratings,$30
HBHCL,$24.65,1439831797549,"7,856",Not yet rated,NULL,N/A
HNH,$28.77,1439831797580,583,100% bullish,of 1 rating,N/A
HAFC,$25.88,1439831797610,"16,518",100% bullish,of 2 ratings,$28.50
HNSN,$0.5378,1439831797637,"107,743",88% bullish,of 8 ratings,$.40
HDNG,$9.4501,1439831797718,"3,020",50% bullish,of 4 ratings,N/A
HQCL,$11.17,1439831797772,"2,510",67% bullish,of 3 ratings,N/A
HLIT,$5.82,1439831797907,"182,757",100% bearish,of 1 rating,$6.50
HRMN,NULL,1439831798038,0,Not yet rated,NULL,N/A
HRMNU,NULL,1439831798140,0,Not yet rated,NULL,N/A
HRMNW,NULL,1439831798165,0,Not yet rated,NULL,N/A
HART,$0.675,1439831798191,"142,603",100% bearish,of 1 rating,N/A
TINY,$2.6,1439831798217,"7,201",50% bullish,of 2 ratings,$5.26
HCAP,$12.518,1439831798247,"6,474",50% bullish,of 2 ratings,$15
HBIO,$4.56,1439831798380,"37,276",Not yet rated,NULL,$10
HAS,$80.7,1439831798658,"159,342",63% bullish,of 8 ratings,$84.50
HCAPL,$25.7,1439831798689,200,Not yet rated,NULL,N/A
HWKN,$37.785,1439831798738,"4,512",Not yet rated,NULL,N/A
HCOM,$23.32,1439831798763,"3,750",100% bearish,of 1 rating,$28
HA,$25.84,1439831798789,"373,135",67% bullish,of 9 ratings,$27
HWBK,NULL,1439831798917,0,100% bearish,of 1 rating,N/A
HAYN,$40.83,1439831798948,"21,339",100% bearish,of 1 rating,$59
HDS,$34.615,1439831799047,"313,777",100% bearish,of 2 ratings,$39.50
HSTM,$25.82,1439831799205,"31,177",50% bullish,of 2 ratings,$33.75
HIIQ,$4.79,1439831799231,"21,883",50% bullish,of 2 ratings,$7
HCSG,$34.99,1439831799258,"39,909",50% bullish,of 4 ratings,$35
HQY,$33.92,1439831799286,"88,556",67% bullish,of 3 ratings,$31
HWAY,$12.47,1439831799312,"61,169",100% bearish,of 1 rating,$15
HTLF,$37.68,1439831799470,"9,817",100% bullish,of 1 rating,$39.50
HTLD,$21.36,1439831799498,"60,693",Not yet rated,NULL,$22.50
HTBX,$5.69,1439831799629,"10,606",50% bullish,of 2 ratings,$15.50
HTWR,$90.02,1439831799661,"72,055",50% bullish,of 2 ratings,$103
HSII,$20.505,1439831799722,"25,820",100% bullish,of 3 ratings,$25
HELE,$91.58,1439831799767,"24,862",67% bearish,of 3 ratings,$100
HMNY,NULL,1439831799792,0,100% bearish,of 1 rating,N/A
HMTV,$13.52,1439831800011,"1,241",100% bearish,of 1 rating,$16
HNNA,$23.21,1439831800036,200,Not yet rated,NULL,N/A
HCACU,NULL,1439831800104,0,Not yet rated,NULL,N/A
HSIC,$145.68,1439831800185,"108,561",83% bullish,of 6 ratings,$146
HTBK,$11.16,1439831800235,"10,900",Not yet rated,NULL,$12
HFWA,$18.36,1439831800285,"4,010",100% bullish,of 1 rating,$20
HEOP,$8,1439831800311,"8,304",Not yet rated,NULL,$8.50
HERO,$0.0743,1439831800336,"934,885",81% bullish,of 16 ratings,$.75
HCCI,$13.21,1439831800497,"10,350",100% bearish,of 1 rating,$16.50
MLHR,$29.27,1439831800563,"78,266",100% bullish,of 1 rating,$33.50
HRTX,$31.72,1439831800695,"115,932",67% bullish,of 6 ratings,$41
HIBB,$41.15,1439831800758,"42,692",100% bearish,of 1 rating,$48.50
HFFC,$16.51,1439831800792,302,Not yet rated,NULL,N/A
HSKA,$34.96,1439831800814,"13,409",100% bearish,of 1 rating,$38
HPJ,$2.7631,1439831800859,"6,026",75% bullish,of 4 ratings,$12.43
HIHO,$4.01,1439831800897,"10,757",Not yet rated,NULL,N/A
HIMX,$6.88,1439831801028,"358,830",85% bullish,of 20 ratings,$8.50
HIFS,$118.02,1439831801064,304,Not yet rated,NULL,N/A
HSGX,$6.81,1439831801162,"6,299",100% bearish,of 1 rating,$17
HMSY,$9.695,1439831801192,"472,198",67% bullish,of 3 ratings,$19.35
HMNF,$11.5,1439831801223,20,Not yet rated,NULL,N/A
HBCP,NULL,1439831801320,0,Not yet rated,NULL,$29
HOLX,$42.68,1439831801403,"806,156",67% bullish,of 3 ratings,$42
HOLI,$18.425,1439831801428,"240,900",50% bullish,of 4 ratings,$27
HOMB,$41.2,1439831801583,"89,417",Not yet rated,NULL,$41
HFBL,NULL,1439831801612,0,Not yet rated,NULL,N/A
AWAY,$30.98,1439831801712,"123,283",67% bullish,of 3 ratings,$36
HMIN,$29.74,1439831801742,"24,562",100% bearish,of 2 ratings,$35
HMST,$22.135,1439831801774,"10,240",100% bullish,of 2 ratings,$27
HOFT,$25.47,1439831801844,"10,857",100% bearish,of 1 rating,N/A
CETC,$1,1439831801920,"56,952",86% bullish,of 7 ratings,N/A
HKTV,$5.23,1439831801955,968,100% bearish,of 1 rating,N/A
HTBI,$18.71,1439831802051,"15,302",67% bullish,of 3 ratings,$18.625
HFBC,$11.71,1439831802083,"1,102",Not yet rated,NULL,N/A
HZNP,$31.55,1439831802182,"774,631",85% bullish,of 20 ratings,$40
HRZN,$11.25,1439831802207,"12,026",100% bearish,of 1 rating,$14.25
HBNC,$24.71,1439831802242,"4,945",100% bullish,of 1 rating,$27
ZINC,$8.78,1439831802400,"99,471",100% bearish,of 1 rating,$17
HMHC,$23.67,1439831802447,"95,403",Not yet rated,NULL,$27
HDP,$25.9,1439831802537,"144,917",67% bearish,of 3 ratings,$30.50
HWCC,$7.27,1439831802566,"48,154",100% bearish,of 1 rating,$9
HOVNP,$5.1501,1439831802638,"1,202",100% bearish,of 1 rating,N/A
HBMD,$14.88,1439831802772,100,100% bearish,of 1 rating,N/A
HUBG,$41.68,1439831802841,"23,183",100% bearish,of 1 rating,$43
HCBK,$10.345,1439831802916,"287,935",83% bullish,of 6 ratings,$8.61
HSNI,$63.315,1439831802944,"125,454",Not yet rated,NULL,$80
HTGM,$5.97,1439831802995,"12,227",100% bearish,of 1 rating,$19.50
HSON,$2.9,1439831803026,"30,584",100% bearish,of 1 rating,$5
HDSN,$3.18,1439831803134,"8,000",100% bullish,of 1 rating,$6.25
HBAN,$11.83,1439831803214,"3,024,060",76% bullish,of 17 ratings,$12.50
HBANP,$1357,1439831803360,40,100% bearish,of 1 rating,N/A
HURN,$75.95,1439831803386,"44,702",50% bullish,of 2 ratings,$80
HURC,$31.01,1439831803434,"6,057",100% bearish,of 1 rating,N/A
HTCH,$1.66,1439831803518,"15,238",100% bearish,of 1 rating,$3.50
HDRA,NULL,1439831803608,0,Not yet rated,NULL,N/A
HBP,$3.2,1439831803635,"19,399",100% bullish,of 1 rating,N/A
HDRAR,NULL,1439831803661,0,Not yet rated,NULL,N/A
HYGS,$7.71,1439831803791,"13,518",50% bullish,of 2 ratings,$13
HDRAW,NULL,1439831803818,0,Not yet rated,NULL,N/A
HDRAU,NULL,1439831803845,0,Not yet rated,NULL,N/A
IKGH,$1.7,1439831803979,"22,296",75% bullish,of 4 ratings,N/A
IBKC,$64.18,1439831804069,"37,887",100% bullish,of 1 rating,$70
IACI,$74.97,1439831804099,"133,874",75% bullish,of 4 ratings,$90
IDSY,$4.08,1439831804132,"1,575",100% bearish,of 1 rating,$7
IEP,$73.54,1439831804234,"64,771",75% bullish,of 4 ratings,$99
ICAD,$3.51,1439831804265,"10,106",50% bullish,of 2 ratings,$7.25
ICLR,$79.64,1439831804364,"1,060,489",100% bearish,of 3 ratings,$82
ICFI,$35.8,1439831804391,"13,216",50% bullish,of 2 ratings,$48.50
ICON,$13.735,1439831804582,"250,232",50% bullish,of 2 ratings,$18.50
IDRA,$2.71,1439831804631,"473,357",89% bullish,of 9 ratings,$6.50
IPWR,$7.81,1439831804657,"1,545",100% bullish,of 1 rating,$15
ICUI,$122.06,1439831804721,"34,337",Not yet rated,NULL,$122
INVE,$4.52,1439831804791,"96,087",75% bullish,of 4 ratings,$4
IDXX,$78.36,1439831804818,"107,650",100% bearish,of 1 rating,$77
DSKY,$12.47,1439831804898,"62,177",67% bullish,of 6 ratings,$11.50
IROQ,$16.5,1439831804952,"1,034",100% bullish,of 1 rating,N/A
IRG,$4.58,1439831805036,"2,000",100% bearish,of 1 rating,$4.50
RXDX,$13.93,1439831805138,"75,622",100% bullish,of 1 rating,$20
KANG,$16.72,1439831805186,"52,724",50% bullish,of 2 ratings,$22.55
IIVI,$17.8399,1439831805268,"56,137",100% bearish,of 1 rating,$22
IKNX,$11.4,1439831805339,970,100% bearish,of 1 rating,N/A
IKAN,$2.73,1439831805366,"11,151",83% bullish,of 6 ratings,$5
IMMR,$12.56,1439831805498,"25,595",80% bullish,of 5 ratings,$15.50
ILMN,$208.55,1439831805527,"203,180",80% bullish,of 5 ratings,$240
ISNS,$4.17,1439831805553,"6,600",50% bullish,of 2 ratings,N/A
IMDZ,$16.8195,1439831805632,"23,121",100% bearish,of 1 rating,$33
ICCC,$8.9018,1439831805733,"5,222",100% bullish,of 1 rating,N/A
IMMU,$1.84,1439831805790,"112,565",86% bullish,of 7 ratings,$2
IMNP,$1.6195,1439831805816,"58,754",50% bullish,of 2 ratings,$6
IMGN,$14.165,1439831805843,"346,051",75% bullish,of 4 ratings,$17.50
IMMY,$7.66,1439831805975,"10,950",100% bearish,of 1 rating,$11
IPXL,$45.89,1439831806002,"188,288",67% bullish,of 3 ratings,$46.50
INCY,$106.493,1439831806251,"229,450",50% bullish,of 6 ratings,$125.50
SAAS,$8.03,1439831806277,"187,434",50% bullish,of 2 ratings,$15
IBCP,$14.63,1439831806298,"15,611",100% bullish,of 1 rating,$14.50
INCR,$44.485,1439831806332,"235,420",50% bullish,of 2 ratings,$53
INDB,$49.04,1439831806363,"18,055",Not yet rated,NULL,$44
IBTX,$43.83,1439831806466,"4,408",100% bullish,of 2 ratings,$47.25
IDSA,$3.743,1439831806491,"8,799",Not yet rated,NULL,N/A
INFI,$9.52,1439831806645,"147,262",50% bullish,of 4 ratings,$18
III,$4.21,1439831806698,"14,828",57% bullish,of 7 ratings,$6
INFN,$24.49,1439831806723,"618,490",71% bullish,of 7 ratings,$27.50
IPCC,$78.6,1439831806750,"9,207",Not yet rated,NULL,$77
IMKTA,$55.69,1439831806951,"37,446",100% bearish,of 1 rating,N/A
INWK,$7.87,1439831806980,"26,494",50% bullish,of 2 ratings,$10
IFON,$1.3899,1439831807042,"66,713",75% bullish,of 4 ratings,N/A
INOD,$2.5425,1439831807118,"1,465",100% bearish,of 1 rating,N/A
IOSP,$46.62,1439831807214,"22,762",100% bearish,of 1 rating,N/A
INNL,$13.01,1439831807240,"1,700",100% bearish,of 1 rating,$16.50
IPHS,$51.73,1439831807261,"43,002",100% bearish,of 1 rating,$60
ITEK,$15.19,1439831807406,"946,300",67% bearish,of 3 ratings,$20
INGN,$51.08,1439831807461,"179,492",100% bearish,of 1 rating,$50.50
ISSC,$3,1439831807513,"3,400",67% bearish,of 3 ratings,N/A
INO,$7.82,1439831807543,"444,668",89% bullish,of 18 ratings,$20
INOV,$21.37,1439831807644,"64,508",100% bearish,of 1 rating,$33
NSIT,$26.79,1439831807716,"26,175",50% bullish,of 2 ratings,N/A
INSM,$26.96,1439831807745,"93,593",71% bullish,of 7 ratings,$32
ISIG,$2.69,1439831807844,600,100% bearish,of 1 rating,N/A
IIIN,$17.91,1439831807942,904,100% bearish,of 2 ratings,N/A
INSY,$35.29,1439831808072,"274,622",75% bullish,of 4 ratings,$48
PODD,$30.53,1439831808097,"197,383",50% bullish,of 2 ratings,$35
IART,$62.35,1439831808139,"66,499",100% bearish,of 1 rating,$71.50
NTEC,$6.05,1439831808167,"8,905",Not yet rated,NULL,N/A
IDTI,$19.41,1439831808189,"333,318",60% bullish,of 5 ratings,$25
IESC,$7.23,1439831808324,"4,466",100% bearish,of 1 rating,N/A
INTC,$29.11,1439831808399,"5,111,075",82% bullish,of 238 ratings,$36
IQNT,$17.71,1439831808623,"38,128",86% bullish,of 7 ratings,$20
ISSI,$22.39,1439831808655,"64,052",67% bullish,of 3 ratings,$19.75
IPAR,$28.57,1439831808685,"47,217",67% bullish,of 3 ratings,$38
IPCI,$2.3,1439831808711,"41,054",67% bullish,of 6 ratings,$7.75
IBKR,$42.36,1439831808757,"94,913",100% bullish,of 1 rating,N/A
ICPT,$212.44,1439831808783,"50,668",70% bullish,of 10 ratings,$363
ICLD,$2.015,1439831808988,"1,119,325",75% bullish,of 4 ratings,N/A
ININ,$40.31,1439831809016,"9,073",67% bearish,of 3 ratings,$57
ICLDW,$1.06,1439831809047,1,100% bearish,of 1 rating,N/A
TILE,$26.1647,1439831809155,"269,296",67% bearish,of 3 ratings,$27
IMI,$2.07,1439831809185,"8,057",67% bullish,of 3 ratings,$2.22
IDCC,$50.2,1439831809211,"75,788",75% bullish,of 4 ratings,$63
IBOC,$27.69,1439831809251,"24,596",100% bearish,of 1 rating,N/A
INAP,$8.88,1439831809277,"17,642",75% bullish,of 4 ratings,$11
ISCA,$33.78,1439831809466,"15,714",100% bearish,of 1 rating,N/A
IGLD,$7.73,1439831809617,"3,300",50% bullish,of 2 ratings,N/A
PTNT,$3.06,1439831809653,300,Not yet rated,NULL,N/A
IIJI,NULL,1439831809674,0,50% bullish,of 2 ratings,$11.50
INPH,$0.3363,1439831809708,"4,452",50% bullish,of 2 ratings,N/A
XENT,$28.63,1439831809762,"32,962",50% bullish,of 2 ratings,$36.50
INTX,$2.51,1439831809793,"19,473",67% bullish,of 3 ratings,N/A
ISIL,$11.04,1439831809820,"93,374",50% bullish,of 6 ratings,$15
IILG,$21.45,1439831809895,"14,526",100% bearish,of 1 rating,$30.50
INTL,$28.94,1439831810090,"19,224",67% bearish,of 3 ratings,N/A
IVAC,$5.14,1439831810118,"4,434",Not yet rated,NULL,$6.625
INTLL,$25.7,1439831810140,"1,500",Not yet rated,NULL,N/A
IIN,NULL,1439831810294,0,100% bearish,of 1 rating,$12
ISRG,$530.93,1439831810320,"36,964",67% bullish,of 3 ratings,$600
ITCI,$30.9,1439831810367,"233,334",75% bearish,of 4 ratings,$40
INTU,$105.49,1439831810454,"179,632",100% bullish,of 7 ratings,$107.50
INVT,$0.3,1439831810484,"51,296",67% bullish,of 3 ratings,N/A
SNAK,$8.84,1439831810513,"20,311",50% bullish,of 2 ratings,$14
ISTR,$15.8999,1439831810584,629,100% bearish,of 1 rating,$18.50
ISBC,$12.39,1439831810646,"408,178",100% bullish,of 1 rating,$13.25
NVIV,$12.4,1439831810789,"93,218",50% bullish,of 4 ratings,$24.50
ITIC,$71.1499,1439831810893,"1,948",100% bearish,of 2 ratings,N/A
IPAS,$1.07,1439831810922,"11,266",67% bullish,of 3 ratings,N/A
DTUL,NULL,1439831810947,0,Not yet rated,NULL,N/A
IVTY,$11.84,1439831810973,"5,800",Not yet rated,NULL,$18
IPGP,$91.86,1439831811141,"55,618",100% bearish,of 2 ratings,$109.50
IPCM,$79.378,1439831811194,"37,710",50% bullish,of 2 ratings,$80.125
DFVL,NULL,1439831811220,0,Not yet rated,NULL,N/A
IRMD,$26.3,1439831811355,"5,788",67% bearish,of 3 ratings,$25
IRDM,$7.02,1439831811382,"119,344",60% bullish,of 5 ratings,$11.50
IRIX,$6.9626,1439831811416,"2,826",100% bearish,of 1 rating,N/A
IRDMB,NULL,1439831811511,0,67% bearish,of 3 ratings,N/A
IRBT,$31.47,1439831811536,"50,600",67% bullish,of 6 ratings,$37
IRWD,$11.66,1439831811580,"383,450",100% bearish,of 1 rating,$13
IRCP,NULL,1439831811793,0,100% bullish,of 2 ratings,N/A
GNMA,$49.95,1439831811828,"3,184",Not yet rated,NULL,N/A
COMT,$33.6001,1439831811849,"1,205",100% bearish,of 1 rating,N/A
FCHI,$50.4573,1439831811927,250,Not yet rated,NULL,N/A
IFGL,$30.1001,1439831811953,"73,758",Not yet rated,NULL,N/A
IFEU,$40.4499,1439831812026,"6,568",Not yet rated,NULL,N/A
IFAS,$29.05,1439831812057,200,Not yet rated,NULL,N/A
ACWX,$43.155,1439831812158,"280,671",100% bearish,of 1 rating,N/A
IFNA,NULL,1439831812218,0,Not yet rated,NULL,N/A
ACWI,$59.3,1439831812298,"181,745",Not yet rated,NULL,N/A
AAXJ,$56.4,1439831812325,"181,889",Not yet rated,NULL,N/A
AXJS,NULL,1439831812405,0,Not yet rated,NULL,N/A
AAIT,$30.622,1439831812459,200,100% bullish,of 1 rating,N/A
EEMA,$53.2484,1439831812650,"10,193",Not yet rated,NULL,N/A
EEME,$40.2,1439831812680,"2,920",100% bearish,of 1 rating,N/A
EMDI,NULL,1439831812709,0,Not yet rated,NULL,N/A
EGRW,$49.7489,1439831812741,"3,904",Not yet rated,NULL,N/A
EMEY,$25.71,1439831812811,214,Not yet rated,NULL,N/A
EEML,$28.885,1439831812838,556,Not yet rated,NULL,N/A
EVAL,$37.1,1439831812870,335,Not yet rated,NULL,N/A
EUFN,$23.23,1439831813019,"77,943",100% bearish,of 1 rating,N/A
IEUS,$47.35,1439831813148,"4,274",100% bearish,of 1 rating,N/A
QAT,$22.05,1439831813178,"1,300",Not yet rated,NULL,N/A
UAE,$19.3332,1439831813247,850,Not yet rated,NULL,N/A
IBB,$368.89,1439831813276,"328,023",63% bullish,of 8 ratings,N/A
SOXX,$86.16,1439831813379,"98,869",50% bullish,of 2 ratings,N/A
ICLN,$10.25,1439831813408,"31,141",50% bullish,of 2 ratings,N/A
EMIF,$30.34,1439831813505,"2,375",Not yet rated,NULL,N/A
WOOD,$51.4,1439831813593,"2,943",50% bullish,of 2 ratings,N/A
ISHG,$78.7699,1439831813642,484,100% bearish,of 1 rating,N/A
INDY,$29.6762,1439831813663,"208,019",100% bullish,of 1 rating,N/A
IGOV,$90.1501,1439831813692,"3,045",100% bearish,of 1 rating,N/A
ISIS,$51.21,1439831813717,"283,099",53% bullish,of 15 ratings,$67
ISRL,NULL,1439831813857,0,100% bearish,of 1 rating,N/A
ISLE,$19.1699,1439831813887,"87,833",50% bullish,of 4 ratings,$16
ITRI,$33.63,1439831814213,"36,033",Not yet rated,NULL,$37
ITRN,$25.84,1439831814292,"5,583",50% bullish,of 2 ratings,N/A
JBHT,$80.31,1439831814324,"98,612",50% bullish,of 4 ratings,$89.50
XXIA,$15.67,1439831814345,"129,810",71% bullish,of 7 ratings,$14.625
ITUS,$3.99,1439831814376,"1,013",Not yet rated,NULL,N/A
IXYS,$11.11,1439831814404,"26,434",50% bullish,of 4 ratings,N/A
MAYS,NULL,1439831814424,0,Not yet rated,NULL,N/A
JJSF,$119.15,1439831814453,"8,109",100% bearish,of 1 rating,N/A
JASO,$8.265,1439831814639,"693,918",82% bullish,of 17 ratings,$10
JCOM,$73.75,1439831814670,"70,392",100% bullish,of 2 ratings,$77
JAGX,$2.883,1439831814801,800,Not yet rated,NULL,N/A
JKHY,$71.48,1439831814828,"72,941",50% bullish,of 2 ratings,$72
JAXB,NULL,1439831814849,0,100% bullish,of 1 rating,N/A
JACK,$87.74,1439831814881,"65,978",83% bullish,of 6 ratings,$105
JXSB,NULL,1439831814902,0,Not yet rated,NULL,N/A
JAKK,$9.821,1439831815148,"90,912",60% bearish,of 5 ratings,$10.50
JASNW,$0.3985,1439831815298,"3,050",50% bullish,of 2 ratings,N/A
JMBA,$14.05,1439831815343,"63,341",75% bullish,of 4 ratings,$18
JASN,$5.2899,1439831815368,"15,840",50% bullish,of 2 ratings,$9.50
ERW,$51.83,1439831815394,20,Not yet rated,NULL,N/A
JRVR,$27.265,1439831815415,"6,214",Not yet rated,NULL,$27
JAZZ,$186.6586,1439831815447,"42,978",80% bullish,of 15 ratings,$206.50
JTPY,$3,1439831815638,317,100% bearish,of 1 rating,N/A
JBLU,$24.4162,1439831815663,"2,235,522",94% bullish,of 16 ratings,$27
JD,$27.59,1439831815736,"3,257,253",75% bullish,of 16 ratings,$36
JCTCF,NULL,1439831815811,0,100% bullish,of 1 rating,N/A
JIVE,$4.13,1439831815895,"100,384",75% bullish,of 4 ratings,$5
JST,$4.4,1439831815967,"8,662",75% bullish,of 4 ratings,N/A
DATE,$6.55,1439831815997,"53,652",75% bullish,of 4 ratings,$9
WYIGU,$10.05,1439831816027,200,Not yet rated,NULL,N/A
JOEZ,$0.194,1439831816053,"105,104",92% bullish,of 12 ratings,N/A
JOUT,$25.3,1439831816291,"3,966",100% bearish,of 1 rating,$34
JBSS,$48.065,1439831816321,"17,777",67% bearish,of 3 ratings,N/A
JUNO,$41.6101,1439831816383,"579,037",73% bullish,of 11 ratings,$70
KBIO,$2.04,1439831816422,"8,187",50% bullish,of 4 ratings,N/A
JNP,$9.91,1439831816473,"11,712",100% bullish,of 3 ratings,$15
KALU,$86.11,1439831816619,"29,717",67% bearish,of 3 ratings,$91
KMDA,$3.91,1439831816647,"1,300",50% bullish,of 2 ratings,$8
KTWO,$21.44,1439831816680,"11,929",100% bearish,of 1 rating,$28.50
KNDI,$7,1439831816781,"107,449",86% bullish,of 22 ratings,N/A
KCLI,$47.825,1439831816811,"4,627",Not yet rated,NULL,N/A
KPTI,$14.17,1439831816847,"440,817",67% bearish,of 3 ratings,$41
KBSF,$4.15,1439831816916,"8,550",100% bullish,of 1 rating,N/A
KCAP,$4.944,1439831817088,"31,737",75% bullish,of 4 ratings,$6.75
KRNY,$11.75,1439831817115,"494,452",100% bearish,of 1 rating,$12
KELYA,$14.78,1439831817149,"22,264",67% bullish,of 6 ratings,$20
KELYB,NULL,1439831817174,0,50% bullish,of 2 ratings,N/A
KMPH,$23.5574,1439831817259,"120,370",100% bearish,of 2 ratings,$22
KFFB,$8.34,1439831817364,"2,984",100% bearish,of 1 rating,N/A
GMCR,$50.8,1439831817390,"531,913",71% bullish,of 42 ratings,$64
KERX,$6.3938,1439831817429,"489,163",82% bullish,of 11 ratings,$12
KEQU,$16.92,1439831817557,400,100% bullish,of 1 rating,N/A
KTCC,$10.42,1439831817589,"7,272",100% bearish,of 1 rating,$15
