Symbol,Price,Date,Volume,Rating,RatingVoteCount,OneYearEstimate
TFSCR,NULL,1440180602553,0,Not yet rated,NULL,N/A
PIH,$7.17,1440180602588,"12,900",100% bearish,of 1 rating,N/A
FCCY,NULL,1440180602615,0,100% bullish,of 1 rating,$13
TFSC,NULL,1440180602647,0,100% bearish,of 1 rating,N/A
TFSCW,NULL,1440180602679,0,100% bearish,of 1 rating,N/A
FCTY,$7.63,1440180602706,100,100% bullish,of 1 rating,$8.50
FLWS,$9.4,1440180602756,"125,571",100% bullish,of 5 ratings,$15
TFSCU,NULL,1440180602781,0,Not yet rated,NULL,N/A
TWOU,$33.87,1440180602972,"484,751",50% bullish,of 2 ratings,$39
VNET,$19.53,1440180603002,"363,085",60% bullish,of 5 ratings,$29.50
DGLD,$76.502,1440180603032,"14,135",100% bullish,of 1 rating,N/A
SRCE,$30.46,1440180603073,"30,547",100% bullish,of 3 ratings,$33
USLV,$14.663,1440180603172,"158,400",86% bullish,of 7 ratings,N/A
DSLV,$60.8323,1440180603236,"12,092",100% bearish,of 1 rating,N/A
UGLD,$9.8662,1440180603262,"205,887",100% bearish,of 1 rating,N/A
JOBS,$26.065,1440180603306,"105,940",50% bullish,of 4 ratings,$36
CAFD,$15.24,1440180603560,"247,142",Not yet rated,NULL,$25
SHLM,$34.24,1440180603624,"60,425",100% bearish,of 1 rating,$50
SIXD,$1.51,1440180603659,"223,117",Not yet rated,NULL,N/A
ABAX,$47.66,1440180603688,"68,851",100% bearish,of 1 rating,$60
AAON,$22.02,1440180603718,"98,381",100% bearish,of 1 rating,$24
AVHI,$14,1440180603771,"25,023",100% bearish,of 1 rating,$19
EGHT,$8.33,1440180603822,"226,308",82% bullish,of 17 ratings,$11
ABY,$20.0901,1440180603902,"786,778",100% bearish,of 2 ratings,$46
ABGB,$4.11,1440180603957,"22,552",67% bullish,of 3 ratings,$5.50
ABEO,$4.985,1440180604102,"122,192",67% bullish,of 3 ratings,$15.50
AXAS,$1.5999,1440180604249,"401,827",78% bullish,of 9 ratings,$3.50
ABEOW,$1.9,1440180604275,"1,981",100% bullish,of 1 rating,N/A
ABMD,$98.57,1440180604351,"606,166",75% bullish,of 4 ratings,$100.50
ACTG,$8.72,1440180604437,"173,299",67% bullish,of 3 ratings,$18.50
ACHC,$74.112,1440180604464,"523,648",50% bullish,of 2 ratings,$92
ACST,$0.34,1440180604543,"29,768",100% bullish,of 2 ratings,N/A
ACAD,$36.42,1440180604601,"623,048",80% bullish,of 20 ratings,$48
AXDX,$18.2201,1440180604622,"118,295",100% bearish,of 1 rating,N/A
ANCX,$18.85,1440180604781,"19,061",Not yet rated,NULL,$19
XLRN,$28.89,1440180604842,"73,752",50% bullish,of 2 ratings,$57
VXUP,$19.45,1440180604870,"32,656",Not yet rated,NULL,N/A
ARAY,$6.57,1440180604923,"2,627,178",100% bearish,of 1 rating,$10.50
VXDN,$11.26,1440180605021,"15,959",Not yet rated,NULL,N/A
ACRX,$4.11,1440180605155,"297,488",67% bearish,of 6 ratings,$5.50
ACET,$24.78,1440180605188,"87,541",75% bullish,of 4 ratings,$30
AKAO,$6.96,1440180605288,"39,876",75% bullish,of 4 ratings,$15
ACIW,$22.21,1440180605315,"296,289",50% bullish,of 2 ratings,$24
ACHN,$8.14,1440180605449,"1,141,998",90% bullish,of 21 ratings,$16
ACNB,$20.17,1440180605479,500,Not yet rated,NULL,N/A
ACTS,$1.33,1440180605501,"24,285",100% bearish,of 1 rating,N/A
ATVI,$27.65,1440180605645,"3,172,274",68% bullish,of 84 ratings,$31.50
ACOR,$30.49,1440180605727,"390,322",67% bearish,of 3 ratings,$38.50
ACTA,$14.07,1440180605760,"83,660",67% bearish,of 3 ratings,$25
ACPW,$1.8,1440180605781,"51,928",100% bullish,of 4 ratings,$3.50
ACUR,$0.6268,1440180605918,"34,241",100% bullish,of 5 ratings,$1
ADMP,$3.4742,1440180606051,"11,306",50% bullish,of 2 ratings,$10
ADMS,$20.39,1440180606080,"51,294",100% bearish,of 2 ratings,$36
ACXM,$20.55,1440180606109,"207,365",67% bullish,of 3 ratings,N/A
ADAP,$13.32,1440180606182,"142,379",67% bullish,of 3 ratings,$22
AEY,$2.28,1440180606342,"15,142",100% bearish,of 2 ratings,N/A
ADEP,$6.79,1440180606380,"22,386",50% bullish,of 2 ratings,$10.75
ADUS,$29.85,1440180606427,"29,375",100% bearish,of 1 rating,$31
ADMA,$9.17,1440180606475,"2,342",Not yet rated,NULL,$19
ADBE,$80.14,1440180606512,"2,399,208",65% bullish,of 17 ratings,$90
AMD,$1.755,1440180606665,"4,125,664",83% bullish,of 103 ratings,$2
ADRO,$19.82,1440180606711,"175,753",80% bullish,of 5 ratings,$45.50
ADTN,$15.66,1440180606743,"163,534",67% bullish,of 3 ratings,$17.125
AEIS,$25.49,1440180606764,"111,420",50% bullish,of 2 ratings,$32.50
ADXS,$15.25,1440180606813,"606,831",64% bullish,of 14 ratings,$27
ADXSW,$10.7,1440180606917,"4,286",100% bullish,of 1 rating,N/A
MULT,NULL,1440180607022,0,100% bearish,of 1 rating,N/A
YPRO,$23.246,1440180607154,"3,362",100% bearish,of 1 rating,N/A
AEGN,$18.41,1440180607183,"94,160",100% bearish,of 1 rating,$21
AEGR,$18.705,1440180607213,"220,729",50% bullish,of 6 ratings,$26
AEHR,$2.111,1440180607312,"2,764",50% bullish,of 2 ratings,N/A
AERI,$16.2875,1440180607373,"237,020",75% bullish,of 4 ratings,$31.50
AEPI,$57.285,1440180607401,"12,403",100% bearish,of 1 rating,N/A
AMTX,$3.17,1440180607425,"10,887",50% bullish,of 2 ratings,$26.11
AEMD,$6.64,1440180607589,"70,521",Not yet rated,NULL,$27.50
AEZS,$0.1052,1440180607619,"2,963,607",90% bullish,of 21 ratings,$1.50
AVAV,$24.87,1440180607649,"86,007",50% bullish,of 4 ratings,$31
AFMD,$10.24,1440180607721,"134,648",50% bullish,of 4 ratings,$15
AGEN,$7.21,1440180607855,"669,027",85% bullish,of 13 ratings,$14
AFFX,$9.57,1440180607883,"326,259",80% bullish,of 5 ratings,$12
AGRX,$8.705,1440180607910,"28,559",100% bearish,of 1 rating,$17.50
AGYS,$9.65,1440180608043,"13,174",100% bearish,of 1 rating,N/A
AGFS,$9.84,1440180608115,"41,709",100% bearish,of 1 rating,N/A
AGIO,$89.75,1440180608203,"370,752",88% bullish,of 8 ratings,$114
AIMT,$21.9313,1440180608334,"94,438",Not yet rated,NULL,N/A
AMCN,$4.9,1440180608387,"323,884",83% bullish,of 6 ratings,N/A
AIRT,$22.46,1440180608430,50,100% bullish,of 1 rating,N/A
ATSG,$9.25,1440180608461,"129,205",67% bullish,of 3 ratings,$13
AGFSW,$1.7,1440180608487,"25,497",100% bearish,of 2 ratings,N/A
AIRM,$37.32,1440180608509,"135,491",80% bearish,of 5 ratings,$53
AIXG,$5.921,1440180608643,"31,037",67% bearish,of 3 ratings,$5.25
AKBA,$6.74,1440180608732,"136,232",100% bearish,of 1 rating,$18
AKAM,$69.5887,1440180608788,"869,138",63% bullish,of 8 ratings,$77
AKER,$2.54,1440180608881,"85,894",Not yet rated,NULL,N/A
AKRX,$40.795,1440180608940,"541,967",78% bullish,of 9 ratings,$56
ALRM,$16.41,1440180609042,"301,211",100% bearish,of 1 rating,$22
ABDC,$12.6,1440180609332,"14,756",Not yet rated,NULL,$15
ADHD,$8.37,1440180609386,"153,912",50% bullish,of 4 ratings,$18
ALSK,$2.09,1440180609414,"71,073",78% bullish,of 18 ratings,$2
AMRI,$19.96,1440180609441,"120,604",75% bearish,of 4 ratings,$24
ALDR,$37.6999,1440180609577,"270,871",67% bearish,of 3 ratings,$62
ALDX,$7.7,1440180609609,"5,763",100% bearish,of 1 rating,$14.50
ALXA,$1.0301,1440180609633,"21,299",83% bullish,of 6 ratings,$2.125
ALXN,$178.96,1440180609664,"764,607",88% bullish,of 8 ratings,$223
ALCO,$42.27,1440180609796,"17,337",50% bullish,of 2 ratings,N/A
ALGN,$57.66,1440180609871,"178,675",100% bearish,of 2 ratings,$73
ALIM,$3.33,1440180610005,"125,417",80% bullish,of 5 ratings,$10
ALGT,$219.5,1440180610140,"100,486",100% bearish,of 1 rating,$235
ALKS,$61.19,1440180610172,"382,787",67% bullish,of 3 ratings,$75
AFOP,$17.9182,1440180610274,"92,525",75% bullish,of 8 ratings,$21
AIQ,$14.74,1440180610415,"8,107",67% bullish,of 3 ratings,N/A
ARLP,$24.95,1440180610463,"79,685",67% bearish,of 3 ratings,$32
AHGP,$36.69,1440180610493,"18,007",67% bullish,of 3 ratings,N/A
AHPI,$1.443,1440180610521,300,50% bullish,of 2 ratings,N/A
ALLB,$23.1601,1440180610560,"1,104",Not yet rated,NULL,N/A
AMOT,$17.62,1440180610657,"54,790",100% bearish,of 1 rating,N/A
ALLT,$5.07,1440180610689,"43,068",75% bullish,of 4 ratings,$6.25
ALQA,$4.447,1440180610716,"26,035",75% bullish,of 4 ratings,$8.50
AFAM,$47.035,1440180610849,"44,011",50% bullish,of 2 ratings,$44
MDRX,$13.785,1440180610922,"493,219",60% bullish,of 5 ratings,$16
AOSL,$7.39,1440180611010,"44,237",67% bullish,of 3 ratings,$9
ALNY,$103.8,1440180611090,"253,966",67% bullish,of 3 ratings,$148.50
SMCP,$22.56,1440180611140,"1,500",Not yet rated,NULL,N/A
ATEC,$0.5838,1440180611273,"25,549",100% bullish,of 1 rating,$2
ASPS,$29.34,1440180611371,"122,625",67% bullish,of 3 ratings,$46.50
ALTR,$48.36,1440180611403,"1,739,867",80% bearish,of 5 ratings,$54
AMRN,$2.0501,1440180611473,"563,650",85% bullish,of 39 ratings,$8
AMRK,$10.59,1440180611502,"3,720",50% bullish,of 2 ratings,$14
AIMC,$25.6,1440180611607,"62,661",100% bearish,of 1 rating,$28.50
AMAG,$61.67,1440180611673,"292,543",100% bullish,of 2 ratings,$77.50
AYA,$21.63,1440180611775,"52,739",100% bearish,of 1 rating,$40
AMZN,$504.8,1440180611856,"2,283,722",81% bullish,of 263 ratings,$646
AMBCW,$7.0532,1440180611885,"1,178",100% bearish,of 1 rating,N/A
AMBC,$15.78,1440180611913,"122,889",100% bearish,of 1 rating,$16.50
AMBA,$89.68,1440180611958,"3,851,434",83% bullish,of 12 ratings,$102.50
EPAX,$2.7036,1440180612099,"72,621",100% bearish,of 1 rating,N/A
AMDA,$0.4786,1440180612150,"864,181",90% bullish,of 10 ratings,$1
AMCX,$69.3,1440180612242,"347,751",67% bullish,of 3 ratings,$85.50
UHAL,$362.84,1440180612294,"8,553",100% bullish,of 2 ratings,$393.50
AMED,$40.71,1440180612330,"173,644",100% bearish,of 1 rating,$42
DOX,$58.32,1440180612399,"78,265",50% bullish,of 2 ratings,$60
ASBI,$22.57,1440180612427,100,Not yet rated,NULL,N/A
ATAX,$5.27,1440180612453,"126,566",100% bullish,of 1 rating,$6.50
AMOV,$17.75,1440180612666,"3,716",100% bearish,of 1 rating,N/A
AAL,$40.63,1440180612748,"5,894,571",93% bullish,of 87 ratings,$57
AGNCB,$24.222,1440180612889,"18,368",Not yet rated,NULL,N/A
MTGE,$15.8001,1440180612948,"285,236",75% bullish,of 4 ratings,$19.50
AGNCP,$25.33,1440180612976,"2,811",Not yet rated,NULL,N/A
AGNC,$19.8155,1440180613002,"2,022,953",75% bullish,of 28 ratings,$22
MTGEP,NULL,1440180613049,0,Not yet rated,NULL,N/A
ACSF,$12.255,1440180613075,"27,114",100% bearish,of 1 rating,$15
ACAS,$13.83,1440180613219,"825,428",60% bullish,of 5 ratings,$16.75
ANCI,$1.4001,1440180613250,"5,768",100% bearish,of 1 rating,N/A
AETI,NULL,1440180613315,0,67% bearish,of 3 ratings,N/A
AMIC,NULL,1440180613387,0,Not yet rated,NULL,N/A
ANAT,$101.27,1440180613454,"9,956",100% bullish,of 1 rating,N/A
AMNB,$23.09,1440180613486,"11,763",Not yet rated,NULL,$25.50
APEI,$21.44,1440180613530,"47,630",100% bearish,of 1 rating,$25.50
ARII,$39.02,1440180613712,"109,355",67% bearish,of 3 ratings,$45
AMRB,$9.9901,1440180613788,"1,554",Not yet rated,NULL,$11
ASEI,$40.23,1440180613889,"34,737",100% bearish,of 1 rating,$52.50
AMSC,$3.6,1440180613916,"18,700",50% bullish,of 4 ratings,N/A
CRMT,$38,1440180613946,"82,316",100% bearish,of 1 rating,$49
ABCB,$27.78,1440180614049,"106,078",Not yet rated,NULL,$31
AMWD,$68.45,1440180614079,"171,341",50% bullish,of 2 ratings,$58
AMSWA,$9.24,1440180614110,"32,709",100% bearish,of 2 ratings,$10.75
AMSF,$50.28,1440180614180,"52,849",Not yet rated,NULL,$57.50
ASRV,$3.24,1440180614249,302,100% bullish,of 2 ratings,N/A
ATLO,$23.44,1440180614313,"12,638",Not yet rated,NULL,N/A
AMGN,$160.05,1440180614385,"2,229,121",89% bullish,of 19 ratings,$185
ASRVP,NULL,1440180614448,0,Not yet rated,NULL,N/A
FOLD,$14.795,1440180614537,"1,837,345",56% bullish,of 9 ratings,$21
AMKR,$4.42,1440180614588,"971,866",100% bearish,of 2 ratings,$5
AMPH,$14.06,1440180614793,"96,816",50% bullish,of 2 ratings,$20
AMSGP,NULL,1440180614820,0,Not yet rated,NULL,N/A
AMSG,$82.09,1440180614846,"206,746",100% bearish,of 1 rating,$85.50
ASYS,$5.21,1440180614897,"27,482",67% bullish,of 3 ratings,$12
ANAD,$0.332,1440180615113,"111,612",100% bullish,of 2 ratings,$.50
AMRS,$1.64,1440180615141,"47,464",70% bullish,of 10 ratings,N/A
ANAC,$133.84,1440180615177,"388,529",80% bullish,of 5 ratings,$180.50
AFSI,$60.095,1440180615208,"560,308",60% bullish,of 5 ratings,$72
ALOG,$83.59,1440180615281,"38,442",100% bearish,of 2 ratings,$100.50
ANCB,NULL,1440180615308,0,Not yet rated,NULL,$23
ABCW,$39.98,1440180615517,"6,134",67% bullish,of 3 ratings,N/A
ADI,$55.23,1440180615553,"1,958,289",67% bullish,of 3 ratings,$69
AMCF,$0.26,1440180615587,"7,820",100% bullish,of 7 ratings,N/A
ANGI,$4.64,1440180615686,"528,055",64% bullish,of 11 ratings,$5.50
ANGO,$14.99,1440180615819,"62,765",67% bullish,of 3 ratings,$19
ATRS,$1.83,1440180615877,"431,974",92% bullish,of 12 ratings,$4.50
ANIP,$50.381,1440180615956,"157,550",89% bullish,of 19 ratings,$66
ANIK,$35.24,1440180615978,"59,975",60% bullish,of 5 ratings,$51.25
ANSS,$92.66,1440180616013,"213,653",100% bearish,of 1 rating,$100
ANTH,$7.37,1440180616059,"1,392,684",80% bullish,of 10 ratings,$13
ATNY,$2.369,1440180616107,"1,353",50% bullish,of 2 ratings,$3.75
ABAC,$0.72,1440180616191,"31,521",100% bearish,of 1 rating,N/A
APIC,$6.79,1440180616218,"119,760",100% bearish,of 1 rating,$19
APOG,$52.37,1440180616395,"117,789",100% bullish,of 1 rating,$67
APOL,$11.125,1440180616448,"567,748",87% bearish,of 68 ratings,$14
AINV,$6.45,1440180616579,"692,772",50% bullish,of 4 ratings,$8
AAPL,$108.54,1440180616610,"47,454,312",86% bullish,of 2336 ratings,$150
APPF,$16.88,1440180616640,"39,494",50% bullish,of 2 ratings,$22
ARCI,$1.19,1440180616706,"1,204",Not yet rated,NULL,N/A
APDNW,$1.2301,1440180616735,"1,600",Not yet rated,NULL,N/A
AGTC,$15.65,1440180616808,"53,028",50% bullish,of 2 ratings,$33
APDN,$3.14,1440180616892,"44,866",Not yet rated,NULL,$9
AAOI,$19.94,1440180617248,"215,983",50% bullish,of 4 ratings,$26
AMAT,$15.75,1440180617287,"6,660,075",82% bullish,of 11 ratings,$23
APRI,$1.3,1440180617318,"137,918",83% bullish,of 6 ratings,$4.86
AREX,$2.11,1440180617344,"601,626",100% bearish,of 1 rating,$3
AMCC,$5.42,1440180617376,"661,406",80% bullish,of 5 ratings,$8
AQMS,$4.99,1440180617419,"3,501",Not yet rated,NULL,N/A
APTO,$4.61,1440180617586,"1,963",Not yet rated,NULL,$17
AQXP,$17.5581,1440180617733,"344,629",50% bullish,of 2 ratings,$2
PETX,$17.46,1440180617869,"199,333",100% bearish,of 2 ratings,$26
AUMAW,NULL,1440180617892,0,Not yet rated,NULL,N/A
AUMAU,$10,1440180617922,100,Not yet rated,NULL,N/A
ARDM,$7.14,1440180617953,"4,158",100% bullish,of 1 rating,$26
AUMA,NULL,1440180618025,0,Not yet rated,NULL,N/A
ABUS,$7.3542,1440180618158,"376,211",86% bullish,of 14 ratings,$23
ABIO,$0.8897,1440180618370,"74,994",50% bullish,of 2 ratings,$3.75
ARCB,$29.97,1440180618396,"127,182",50% bullish,of 2 ratings,$39.50
ACAT,$26.94,1440180618427,"199,656",100% bearish,of 3 ratings,$33
RKDA,$5.55,1440180618469,"13,187",100% bearish,of 2 ratings,$10
ARCW,$3.54,1440180618535,"24,509",100% bearish,of 2 ratings,$10.50
ARDX,$17.85,1440180618562,"76,100",50% bullish,of 2 ratings,$24.50
ACGL,$71.46,1440180618641,"96,836",50% bullish,of 2 ratings,$72
ARNA,$3.04,1440180618742,"2,486,858",90% bullish,of 77 ratings,$5.50
AGII,$58.02,1440180618830,"85,022",Not yet rated,NULL,$59.50
ARCC,$15.46,1440180618877,"1,086,959",67% bearish,of 3 ratings,$17.875
ARGS,$6.15,1440180619038,"49,191",50% bullish,of 2 ratings,$19.50
AGIIL,$25.44,1440180619074,"4,914",Not yet rated,NULL,N/A
ARIS,$3.22,1440180619107,"2,500",Not yet rated,NULL,$4.50
ARKR,$25.055,1440180619287,514,50% bullish,of 2 ratings,N/A
ARIA,$6.875,1440180619316,"2,074,947",87% bullish,of 46 ratings,$9
ARMH,$40.95,1440180619349,"779,337",54% bearish,of 13 ratings,$61
ARTX,$1.48,1440180619419,"68,439",88% bullish,of 16 ratings,$4.50
ARWA,NULL,1440180619447,0,Not yet rated,NULL,N/A
ARWAU,NULL,1440180619708,0,100% bullish,of 1 rating,N/A
ARWAW,NULL,1440180619737,0,Not yet rated,NULL,N/A
ARWAR,NULL,1440180619769,0,Not yet rated,NULL,N/A
ARRY,$5.55,1440180619873,"803,230",100% bullish,of 7 ratings,$10
ARRS,$26.89,1440180620012,"634,567",50% bullish,of 2 ratings,$38
DWAT,$10.0299,1440180620044,"46,263",100% bearish,of 1 rating,N/A
ARWR,$5.64,1440180620083,"624,788",75% bullish,of 4 ratings,$10.50
ARQL,$1.6516,1440180620148,"175,571",75% bullish,of 4 ratings,$5
ARTW,$4.35,1440180620341,"2,904",75% bearish,of 4 ratings,N/A
ARTNA,$22.75,1440180620375,"19,856",100% bearish,of 1 rating,$29
ASBB,$24.65,1440180620397,200,Not yet rated,NULL,N/A
AROW,$27.1316,1440180620427,"19,950",Not yet rated,NULL,N/A
ASND,$18.1,1440180620468,"20,893",100% bullish,of 1 rating,$30
ASNA,$11.49,1440180620562,"1,453,128",50% bullish,of 2 ratings,$18
ASTI,$0.1225,1440180620588,"1,568,615",83% bullish,of 6 ratings,$3
ASCMA,$28.8508,1440180620725,"61,806",100% bearish,of 1 rating,$45
ASMI,NULL,1440180620890,0,NULL,NULL,NULL
APWC,$1.9,1440180620993,400,100% bearish,of 1 rating,N/A
ASMB,$12.84,1440180621034,"68,846",67% bullish,of 3 ratings,N/A
ASFI,$8.97,1440180621062,"2,742",100% bullish,of 1 rating,N/A
ASML,$87.56,1440180621086,"641,259",67% bullish,of 3 ratings,$127
AZPN,$38.42,1440180621116,"481,444",50% bullish,of 2 ratings,$42
ASTE,$36.525,1440180621212,"47,569",100% bearish,of 1 rating,$48
ATRO,$53.7201,1440180621563,"55,124",100% bearish,of 2 ratings,$80
ALOT,$13.37,1440180621596,533,100% bearish,of 1 rating,N/A
ASUR,$5.5,1440180621625,"8,129",100% bearish,of 1 rating,$8
ASTC,$2.21,1440180621658,"31,654",100% bullish,of 5 ratings,N/A
ATAI,$2.73,1440180621693,"29,493",100% bearish,of 1 rating,N/A
ATRA,$42.7,1440180621828,"112,686",50% bullish,of 2 ratings,$68
ATHN,$133.75,1440180621867,"101,997",67% bearish,of 3 ratings,$153
AAPC,$10.21,1440180621968,197,Not yet rated,NULL,N/A
ATHX,$1.1901,1440180621997,"180,149",89% bullish,of 9 ratings,$5
AFCB,$28.01,1440180622058,168,Not yet rated,NULL,N/A
AAME,$3.6399,1440180622191,831,Not yet rated,NULL,N/A
ACFC,$5.97,1440180622234,"85,026",Not yet rated,NULL,$6.50
ATNI,$74.84,1440180622268,"46,535",100% bearish,of 1 rating,$69.50
ATLC,$3.92,1440180622322,"6,100",67% bullish,of 3 ratings,N/A
AAWW,$43,1440180622466,"219,518",50% bullish,of 2 ratings,$65
ATML,$7.12,1440180622530,"1,560,012",78% bullish,of 9 ratings,$9.50
ATRC,$26.09,1440180622627,"160,830",100% bullish,of 1 rating,$30
AFH,$16.8,1440180622656,"61,562",Not yet rated,NULL,$21.50
ATOS,$0.85,1440180622802,"152,594",100% bullish,of 7 ratings,$7
ATRM,$2.99,1440180622843,300,50% bullish,of 2 ratings,N/A
LIFE,$14.49,1440180622879,"27,123",86% bullish,of 7 ratings,$43
AUBN,$27.0001,1440180622976,502,Not yet rated,NULL,N/A
ATRI,$388.75,1440180623002,"2,178",Not yet rated,NULL,N/A
ATTU,$13.81,1440180623057,"28,179",100% bearish,of 1 rating,$20.50
AUDC,$3.19,1440180623141,"43,982",80% bullish,of 5 ratings,$5
AUPH,$3.21,1440180623170,"11,824",100% bearish,of 1 rating,$8
EARS,$4.83,1440180623246,"11,301",100% bearish,of 2 ratings,$11.50
ADAT,$0.1259,1440180623405,"72,467",100% bullish,of 2 ratings,N/A
ABTL,$17.94,1440180623434,"55,683",100% bullish,of 4 ratings,$20.25
ADSK,$52.67,1440180623537,"1,190,779",83% bullish,of 6 ratings,$69.50
AAVL,$10.89,1440180623628,"153,240",100% bearish,of 1 rating,$20
ADP,$81.06,1440180623665,"1,006,715",100% bearish,of 1 rating,$88
AVGO,$113.81,1440180623719,"2,140,504",88% bullish,of 8 ratings,$160
AVNW,$1.209,1440180623761,"91,437",50% bullish,of 2 ratings,$2.20
AVNU,NULL,1440180623792,0,Not yet rated,NULL,$14
AVEO,$1.41,1440180623869,"1,059,180",75% bullish,of 8 ratings,$3
AVID,$8.04,1440180624041,"360,732",100% bearish,of 1 rating,$20
AVGR,$14.44,1440180624091,"14,369",100% bearish,of 1 rating,$20
CAR,$42.73,1440180624119,"1,050,980",80% bullish,of 5 ratings,$60
AWRE,$3.19,1440180624151,"3,720",67% bullish,of 3 ratings,N/A
ACLS,$3.3601,1440180624253,"355,906",67% bullish,of 6 ratings,$4.75
AXPWW,NULL,1440180624385,0,Not yet rated,NULL,N/A
AXPW,$1.12,1440180624424,"30,761",83% bullish,of 6 ratings,N/A
AXGN,$3.954,1440180624592,"12,194",Not yet rated,NULL,$5
RILY,$10,1440180624621,500,Not yet rated,NULL,N/A
BCOM,NULL,1440180624643,0,100% bearish,of 1 rating,N/A
AXTI,$2.1401,1440180624675,"20,080",50% bullish,of 2 ratings,$2.75
BOSC,$2.2101,1440180624702,617,50% bullish,of 2 ratings,N/A
BEAV,$49.19,1440180624855,"343,395",67% bearish,of 3 ratings,$59
BCPC,$58.58,1440180624992,"72,176",100% bearish,of 1 rating,$75
BIDU,$155.71,1440180625027,"2,394,382",81% bullish,of 88 ratings,$210
BWINA,NULL,1440180625050,0,Not yet rated,NULL,N/A
BWINB,$23.09,1440180625073,"17,594",Not yet rated,NULL,N/A
BLDP,$1.26,1440180625125,"385,319",91% bullish,of 22 ratings,$2.50
BANF,$61.41,1440180625213,"11,984",Not yet rated,NULL,$68
BANFP,NULL,1440180625288,0,Not yet rated,NULL,N/A
BMRC,$48.8,1440180625417,"10,554",Not yet rated,NULL,$52
BKMU,$7.15,1440180625444,"92,842",Not yet rated,NULL,$8
BOCH,$5.73,1440180625467,"16,683",Not yet rated,NULL,$6.50
BKSC,$15.8899,1440180625523,237,Not yet rated,NULL,N/A
BWFG,$18.08,1440180625735,205,100% bearish,of 1 rating,N/A
BOTJ,$11.15,1440180625758,"2,966",Not yet rated,NULL,N/A
OZRK,$41.19,1440180625797,"306,262",67% bullish,of 3 ratings,$49.50
BFIN,$12.12,1440180625828,"18,898",Not yet rated,NULL,$13
BANR,$46.115,1440180625901,"46,825",100% bullish,of 3 ratings,$50
BZUN,$5.85,1440180625929,"300,933",50% bullish,of 2 ratings,$12.60
BHACR,NULL,1440180626095,0,Not yet rated,NULL,N/A
BHAC,NULL,1440180626154,0,Not yet rated,NULL,N/A
TAPR,$29.38,1440180626237,"4,450",100% bearish,of 1 rating,N/A
BHACU,NULL,1440180626330,0,Not yet rated,NULL,N/A
BHACW,NULL,1440180626398,0,Not yet rated,NULL,N/A
BSET,$29.485,1440180626474,"27,730",100% bearish,of 1 rating,$35
BBSI,$35.39,1440180626507,"46,486",67% bearish,of 3 ratings,$62.50
BYBK,$5.09,1440180626528,878,100% bearish,of 1 rating,N/A
BYLK,$12.95,1440180626559,300,Not yet rated,NULL,$14
BV,$5.18,1440180626705,"175,343",67% bullish,of 6 ratings,$9
BCBP,$11.74,1440180626748,"8,495",Not yet rated,NULL,N/A
BBCN,$14.95,1440180626786,"171,742",100% bearish,of 1 rating,$16
BECN,$36.14,1440180626956,"188,223",50% bullish,of 2 ratings,$40
BDCV,$4.9242,1440180627029,"4,013",100% bearish,of 1 rating,$10.19
BSF,$8.65,1440180627102,"10,709",Not yet rated,NULL,N/A
BBGI,NULL,1440180627132,0,100% bearish,of 1 rating,N/A
BELFA,$15.5,1440180627231,100,100% bearish,of 1 rating,N/A
BBBY,$62.425,1440180627262,"1,125,549",71% bullish,of 7 ratings,$75
BEBE,$1.8,1440180627365,"99,996",75% bullish,of 4 ratings,$3.075
BELFB,$18.045,1440180627403,"32,652",100% bearish,of 1 rating,N/A
BLPH,$5.06,1440180627459,"20,577",100% bearish,of 1 rating,$12.50
BLCM,$17.65,1440180627496,"435,211",50% bullish,of 4 ratings,$40
BNCL,$12.84,1440180627547,"218,029",100% bullish,of 3 ratings,$12.50
BNTC,$7.95,1440180627681,"26,742",100% bullish,of 1 rating,N/A
BNFT,$37.03,1440180627710,"62,322",67% bullish,of 3 ratings,$46
BGMD,$0.87,1440180627763,"123,242",100% bullish,of 10 ratings,N/A
BGCP,$9.01,1440180627908,"989,916",88% bullish,of 8 ratings,$14
BGFV,$11.0304,1440180627974,"86,862",57% bullish,of 7 ratings,$12
BASI,$1.39,1440180628175,"4,846",Not yet rated,NULL,N/A
BIND,$4.65,1440180628204,"35,714",67% bullish,of 3 ratings,$13.50
BCDA,NULL,1440180628275,0,Not yet rated,NULL,N/A
BIOC,$2.1,1440180628348,"361,758",83% bullish,of 6 ratings,$3.85
BIIB,$306.25,1440180628376,"929,651",88% bullish,of 16 ratings,$400
BCRX,$12.37,1440180628398,"366,848",63% bullish,of 8 ratings,$18
ORPN,$5.3,1440180628433,"12,367",100% bullish,of 1 rating,$28.50
BDSI,$6.78,1440180628566,"624,064",88% bullish,of 8 ratings,$17
BLFS,$2.04,1440180628710,"76,776",100% bearish,of 1 rating,$4.75
BIOD,$0.69,1440180628764,"133,454",80% bullish,of 5 ratings,$4
BMRN,$129.36,1440180628796,"505,574",80% bullish,of 5 ratings,$160
BLRX,$1.4501,1440180628823,"185,639",100% bullish,of 12 ratings,$5
BIOL,$1.4801,1440180628895,"5,852",Not yet rated,NULL,N/A
BVXV,$3.95,1440180629042,"5,857",Not yet rated,NULL,N/A
BVXVW,NULL,1440180629087,0,100% bearish,of 1 rating,N/A
BIOS,$1.8,1440180629150,"576,322",71% bullish,of 7 ratings,$4
BRLI,NULL,1440180629173,0,NULL,NULL,NULL
BPTH,$1.1,1440180629327,"58,404",100% bullish,of 2 ratings,$5
BSTC,$50.575,1440180629371,"53,960",100% bearish,of 1 rating,$76
BBP,$32.7601,1440180629419,"71,739",Not yet rated,NULL,N/A
BBC,$31.2201,1440180629507,"52,176",Not yet rated,NULL,N/A
BSPM,$0.656,1440180629536,"6,900",50% bullish,of 2 ratings,N/A
BOTA,$2.307,1440180629607,"26,069",88% bullish,of 8 ratings,N/A
TECH,$103.63,1440180629783,"59,529",100% bullish,of 1 rating,$117
BEAT,$13.79,1440180629815,"187,520",67% bearish,of 3 ratings,$15
BDMS,NULL,1440180629892,0,100% bearish,of 1 rating,N/A
BITI,$17.6801,1440180629922,"30,294",100% bullish,of 1 rating,$28
BJRI,$45.09,1440180629960,"104,429",50% bullish,of 2 ratings,$55
BBOX,$15.59,1440180629993,"38,693",100% bearish,of 1 rating,N/A
BLKB,$59.11,1440180630062,"102,294",100% bearish,of 2 ratings,$66
BDE,$7.51,1440180630137,"120,735",50% bullish,of 2 ratings,$9
HAWK,$42.28,1440180630217,"345,832",90% bullish,of 10 ratings,$49
BBRY,$7.18,1440180630252,"3,333,116",61% bullish,of 330 ratings,$9
BKCC,$9.0511,1440180630385,"242,242",100% bullish,of 2 ratings,$10
ADRA,$27.05,1440180630432,400,Not yet rated,NULL,N/A
ADRE,$29.79,1440180630577,"41,694",Not yet rated,NULL,N/A
ADRD,$22.2194,1440180630616,"5,822",100% bearish,of 1 rating,N/A
BUFF,$27.13,1440180630755,"342,552",83% bullish,of 12 ratings,$31.50
ADRU,$22.0436,1440180630866,"1,848",100% bearish,of 1 rating,N/A
BLBD,$11.65,1440180630896,"3,604",Not yet rated,NULL,N/A
BCOR,$13.56,1440180630931,"123,236",57% bullish,of 7 ratings,$15
BLMN,$20.52,1440180630964,"1,167,991",83% bullish,of 6 ratings,$27.50
BHBK,$14.08,1440180630997,"89,921",100% bullish,of 1 rating,$14.50
BBLU,$0.8501,1440180631063,"89,749",100% bullish,of 2 ratings,$4.43
BLUE,$128.6757,1440180631091,"313,743",71% bullish,of 7 ratings,$217.50
NILE,$34.55,1440180631126,"36,753",50% bullish,of 2 ratings,$34
BKEP,$6.58,1440180631304,"32,018",100% bearish,of 1 rating,$8.50
BPMC,$27,1440180631407,"31,068",50% bullish,of 2 ratings,$47.50
BNCN,$21.25,1440180631461,"68,591",Not yet rated,NULL,$23
BOFI,$124.505,1440180631549,"228,434",100% bullish,of 6 ratings,$144
BKEPP,$7.865,1440180631609,100,100% bearish,of 1 rating,N/A
BOBE,$44.78,1440180631647,"76,001",75% bullish,of 4 ratings,$57
BOKF,$62.69,1440180631746,"57,629",100% bearish,of 1 rating,$70.50
WIFI,$7.995,1440180631852,"277,783",50% bullish,of 2 ratings,$13.50
BOJA,$20.94,1440180631884,"79,931",100% bullish,of 1 rating,$30
BONA,$11.825,1440180631922,"129,393",75% bullish,of 4 ratings,$8.50
BNSO,$1.39,1440180631957,"5,080",100% bearish,of 1 rating,N/A
BPFH,$12.24,1440180632020,"141,545",100% bearish,of 1 rating,$14
BAMM,$3.2,1440180632057,"8,639",60% bullish,of 5 ratings,N/A
BPFHW,$5.5,1440180632084,558,100% bearish,of 1 rating,N/A
BPFHP,$25.9999,1440180632151,371,100% bearish,of 1 rating,N/A
EPAY,$25.91,1440180632282,"75,695",100% bearish,of 2 ratings,$30
BDBD,$8.55,1440180632427,"320,572",60% bullish,of 5 ratings,$10
BBRG,$12.69,1440180632561,"41,349",67% bullish,of 3 ratings,$14.50
BCLI,$2.97,1440180632590,"48,154",80% bullish,of 5 ratings,$12
BDGE,$27.37,1440180632612,"14,633",Not yet rated,NULL,$31.75
BBEP,$2.2401,1440180632644,"1,157,170",69% bullish,of 13 ratings,$5.625
BLIN,$1.21,1440180632671,"6,500",50% bullish,of 2 ratings,$2.20
BRCM,$49.27,1440180632819,"2,444,015",75% bullish,of 12 ratings,$56
BBEPP,$13.407,1440180632869,"61,486",100% bearish,of 1 rating,N/A
BCOV,$5.25,1440180632923,"81,547",67% bullish,of 3 ratings,$10.20
BSFT,$31.31,1440180632959,"88,443",57% bullish,of 7 ratings,$40.50
BRID,$8.01,1440180632990,120,100% bearish,of 1 rating,N/A
BYFC,$1.37,1440180633121,200,50% bullish,of 2 ratings,N/A
BWEN,$3.2523,1440180633170,"15,464",100% bullish,of 3 ratings,$8
BVSN,$5.5275,1440180633225,"12,025",60% bearish,of 5 ratings,N/A
BRCD,$10.8,1440180633360,"7,592,177",92% bullish,of 13 ratings,$12.50
BRKL,$10.9,1440180633387,"169,122",100% bearish,of 1 rating,$10.75
BRKS,$10.48,1440180633460,"130,433",67% bullish,of 3 ratings,$15.25
BLMT,$20.73,1440180633521,"11,567",Not yet rated,NULL,N/A
BRKR,$19.3,1440180633549,"103,032",100% bearish,of 2 ratings,$22
BSQR,$6.09,1440180633578,"77,023",67% bullish,of 3 ratings,N/A
BWLD,$191.78,1440180633605,"166,066",82% bullish,of 11 ratings,$205
BUR,$1.84,1440180633800,"2,200",100% bearish,of 1 rating,$8
BLDR,$15.03,1440180633835,"518,368",50% bullish,of 2 ratings,$22
CFFI,$35.9001,1440180633866,"4,356",100% bearish,of 1 rating,N/A
CA,$27.87,1440180633937,"1,491,366",50% bullish,of 4 ratings,$33
BMTC,$29.58,1440180633968,"42,145",Not yet rated,NULL,$34
CHRW,$68.1,1440180633990,"438,121",Not yet rated,NULL,$72
CCMP,$44.79,1440180634147,"57,105",50% bullish,of 2 ratings,$59
CDNS,$20.16,1440180634214,"610,740",75% bullish,of 4 ratings,$22.50
CDZI,$7.5,1440180634241,"16,622",100% bearish,of 1 rating,N/A
CZR,$7.9699,1440180634376,"933,153",60% bearish,of 5 ratings,$10.50
CACQ,$7.155,1440180634405,"72,877",100% bearish,of 1 rating,$12.25
PRSS,$4.47,1440180634447,"4,933",80% bullish,of 5 ratings,$4.50
CLBS,$1.3103,1440180634474,"173,323",79% bullish,of 14 ratings,$4
CSTE,$44.38,1440180634541,"249,182",100% bearish,of 1 rating,$65
CHY,$11.5549,1440180634609,"210,036",Not yet rated,NULL,N/A
CLMS,$11.61,1440180634673,"46,560",Not yet rated,NULL,$10.50
CCD,$19.74,1440180634768,"171,707",Not yet rated,NULL,N/A
CFGE,NULL,1440180634826,0,Not yet rated,NULL,N/A
CHI,$10.6565,1440180634910,"238,419",100% bearish,of 1 rating,N/A
CHW,$7.59,1440180634959,"198,069",100% bearish,of 1 rating,N/A
CGO,$12.01,1440180635041,"22,578",100% bearish,of 1 rating,N/A
CSQ,$9.923,1440180635119,"421,171",Not yet rated,NULL,N/A
CAMP,$15.9699,1440180635148,"173,661",88% bullish,of 8 ratings,$25
CVGW,$54.97,1440180635178,"89,423",50% bullish,of 2 ratings,$58.50
CALA,$5.15,1440180635282,"255,399",100% bullish,of 3 ratings,$19.50
CALD,$15.56,1440180635454,"235,045",100% bearish,of 1 rating,$20.50
CFNB,$13.4,1440180635491,105,100% bearish,of 1 rating,N/A
CALM,$49.74,1440180635516,"319,369",80% bullish,of 5 ratings,$65
ABCD,$4.7399,1440180635585,"99,762",83% bullish,of 6 ratings,N/A
CAMBU,NULL,1440180635619,0,100% bearish,of 1 rating,N/A
CAMB,NULL,1440180635753,0,Not yet rated,NULL,N/A
CLMT,$25.175,1440180635782,"267,272",75% bullish,of 8 ratings,$31
CAMBW,$0.14,1440180635817,100,Not yet rated,NULL,N/A
CAC,$40.38,1440180635979,"12,571",Not yet rated,NULL,N/A
CGIX,$9.4699,1440180636030,"32,662",67% bullish,of 3 ratings,$14.375
CSIQ,$18.11,1440180636136,"2,159,328",86% bullish,of 28 ratings,$45
CAMT,$2.763,1440180636163,"13,112",73% bullish,of 11 ratings,$4
CBNJ,$10.675,1440180636199,"37,362",100% bullish,of 1 rating,N/A
CPLA,$49.37,1440180636292,"39,040",50% bullish,of 2 ratings,$65
CPHC,$10.44,1440180636319,"1,500",100% bearish,of 1 rating,N/A
CBF,$30.38,1440180636353,"72,343",Not yet rated,NULL,$32
CCBG,$15.21,1440180636456,"20,850",Not yet rated,NULL,$17.25
CSWC,$47.35,1440180636532,"8,532",Not yet rated,NULL,N/A
CPTA,$14.38,1440180636587,"32,390",Not yet rated,NULL,$18.50
CPLP,$6.92,1440180636678,"250,939",71% bullish,of 7 ratings,$11
CAPN,$1.9001,1440180636705,"199,243",100% bullish,of 1 rating,$10.85
CFFN,$12.09,1440180636786,"413,091",Not yet rated,NULL,$12.75
CPST,$0.365,1440180636837,"667,462",95% bullish,of 22 ratings,$1.25
CAPNW,$0.6199,1440180636927,615,Not yet rated,NULL,N/A
CAPR,$3.9699,1440180637054,"3,817",Not yet rated,NULL,$12
CARB,$11.42,1440180637098,"51,658",75% bullish,of 4 ratings,$12
CARA,$21.37,1440180637124,"160,846",50% bullish,of 4 ratings,$25
CRDC,$0.39,1440180637152,"7,650",100% bullish,of 1 rating,$1.25
CBYL,$6.5,1440180637180,"30,580",100% bearish,of 1 rating,$20
CRME,$9.28,1440180637311,"13,588",89% bullish,of 9 ratings,$11.25
CFNL,$22.74,1440180637382,"74,994",Not yet rated,NULL,$24
CSII,$24.6,1440180637574,"366,237",100% bearish,of 2 ratings,$42.125
CDNA,$6.44,1440180637604,"4,400",100% bearish,of 1 rating,$9
CTRE,$12,1440180637634,"120,747",50% bullish,of 2 ratings,N/A
CECO,$3.565,1440180637706,"294,004",67% bearish,of 3 ratings,$6
CATM,$35.01,1440180637764,"174,771",100% bearish,of 1 rating,$44
CARO,$15.35,1440180637807,500,100% bearish,of 1 rating,$19
CKEC,$22.115,1440180637838,"196,935",50% bullish,of 2 ratings,$35.915
CLBH,$12.76,1440180637865,200,Not yet rated,NULL,$16.50
CRZO,$31.79,1440180638015,"573,481",67% bearish,of 3 ratings,$57
CART,NULL,1440180638045,0,100% bearish,of 1 rating,N/A
TAST,$12.12,1440180638187,"150,046",Not yet rated,NULL,$14.25
CARV,$5.61,1440180638269,200,50% bullish,of 2 ratings,N/A
CASM,$1.072,1440180638333,"1,327",100% bullish,of 1 rating,$3.50
CRTN,NULL,1440180638365,0,100% bearish,of 1 rating,N/A
CSCD,$14.31,1440180638405,"50,952",100% bullish,of 2 ratings,$17
CACB,$5.4101,1440180638431,"55,371",Not yet rated,NULL,$5.50
CASI,$1.4764,1440180638461,"5,814",100% bullish,of 1 rating,$3.50
CASY,$105.19,1440180638562,"175,838",50% bullish,of 2 ratings,$99.50
CASS,$48.01,1440180638692,"28,383",100% bearish,of 1 rating,N/A
CPRX,$3.85,1440180638763,"734,336",71% bullish,of 7 ratings,$7
CWST,$6.16,1440180638793,"166,561",50% bullish,of 2 ratings,$7
CATYW,$10.54,1440180638837,100,100% bearish,of 1 rating,N/A
CATB,$11.31,1440180638864,"60,136",100% bearish,of 1 rating,$28
CATY,$30.66,1440180638890,"326,179",100% bearish,of 1 rating,$33.50
CVCO,$74.03,1440180639060,"25,662",100% bearish,of 1 rating,N/A
CAVM,$68.13,1440180639164,"298,829",67% bearish,of 3 ratings,$72
CBFV,$20.56,1440180639215,"3,764",Not yet rated,NULL,N/A
CNLM,$9.97,1440180639250,"1,292",Not yet rated,NULL,N/A
CNLMR,NULL,1440180639348,0,Not yet rated,NULL,N/A
CNLMU,NULL,1440180639377,0,100% bullish,of 1 rating,N/A
CNLMW,NULL,1440180639408,0,Not yet rated,NULL,N/A
CBOE,$62.06,1440180639436,"207,228",Not yet rated,NULL,$60
CDK,$48.71,1440180639511,"235,313",67% bearish,of 3 ratings,$50
CDW,$38.98,1440180639594,"419,171",75% bullish,of 4 ratings,$44
CECE,$9.55,1440180639724,"62,835",50% bullish,of 2 ratings,$16
CPXX,$2.17,1440180639751,"50,883",100% bullish,of 2 ratings,$7
CELG,$122.46,1440180639778,"2,738,243",92% bullish,of 13 ratings,$155.50
CELGZ,$1.76,1440180639925,"5,100",80% bullish,of 5 ratings,N/A
CLDX,$13.86,1440180639999,"1,471,036",89% bullish,of 9 ratings,$36
CLDN,$1.05,1440180640068,"170,454",71% bullish,of 7 ratings,$3
CLRB,$3.08,1440180640143,"2,107",100% bearish,of 1 rating,N/A
CBMG,$22.39,1440180640169,"32,056",50% bullish,of 2 ratings,N/A
CLLS,$30.275,1440180640203,"82,075",75% bullish,of 4 ratings,$51.50
CLRBW,$0.94,1440180640230,200,Not yet rated,NULL,N/A
CLSN,$1.94,1440180640308,"103,820",80% bullish,of 10 ratings,$7.50
CLTX,$3.22,1440180640343,"2,164,781",100% bullish,of 2 ratings,N/A
CYAD,$53.25,1440180640412,573,100% bullish,of 1 rating,$87.50
CEMP,$36.56,1440180640437,"532,051",71% bullish,of 7 ratings,$52
CSFL,$14.28,1440180640682,"94,753",Not yet rated,NULL,$15
CETX,$2.4801,1440180640740,"11,600",Not yet rated,NULL,$5.60
CENTA,$12.62,1440180640840,"106,277",Not yet rated,NULL,N/A
CFBK,$1.38,1440180640867,"5,900",Not yet rated,NULL,N/A
CETV,$2.07,1440180640898,"130,475",67% bullish,of 3 ratings,$2.80
CENT,$12.05,1440180641001,"18,051",Not yet rated,NULL,$10
CENX,$5.2,1440180641036,"911,920",67% bullish,of 6 ratings,$9
CPHD,$48.96,1440180641075,"351,282",50% bullish,of 2 ratings,$66.50
CVCY,$10.962,1440180641108,105,Not yet rated,NULL,$12
CNTY,$6.1,1440180641212,"4,106",80% bullish,of 5 ratings,$7.75
CRNT,$1.37,1440180641257,"231,557",50% bullish,of 2 ratings,$2
CNBKA,$41.13,1440180641283,"4,319",100% bullish,of 1 rating,N/A
CERN,$62.5,1440180641309,"914,200",67% bullish,of 3 ratings,$79
CERE,$1.13,1440180641486,"350,358",88% bullish,of 8 ratings,N/A
CERU,$3.37,1440180641630,"16,039",75% bullish,of 4 ratings,$15
CERS,$4.88,1440180641705,"427,103",75% bullish,of 4 ratings,$7
CEVA,$18.73,1440180641765,"30,615",100% bearish,of 1 rating,$25
KOOL,$0.71,1440180641794,"5,936",100% bullish,of 5 ratings,$7
HOTR,$1.3794,1440180641859,"127,685",100% bullish,of 2 ratings,$5
CYOU,$20.133,1440180641923,"322,717",50% bullish,of 6 ratings,$24
HOTRW,NULL,1440180642021,0,Not yet rated,NULL,N/A
CHFN,$12.4999,1440180642065,"25,967",Not yet rated,NULL,$14
CHKP,$77.87,1440180642115,"554,177",50% bullish,of 4 ratings,$92
CTHR,$1.2244,1440180642169,"45,940",50% bullish,of 2 ratings,$2.50
CHTR,$179.625,1440180642244,"439,790",100% bearish,of 2 ratings,$196
CHEKW,NULL,1440180642330,0,Not yet rated,NULL,N/A
CHEK,$3.02,1440180642363,700,Not yet rated,NULL,$7.75
CEMI,$4.28,1440180642416,"4,239",50% bullish,of 2 ratings,$7.50
GTLS,$22.68,1440180642463,"217,101",50% bullish,of 4 ratings,$40
CHMG,$26.6,1440180642786,700,Not yet rated,NULL,$30
CCXI,$6.78,1440180642816,"73,412",67% bullish,of 3 ratings,$14
CHEV,$14.3501,1440180642851,"6,050",Not yet rated,NULL,N/A
CHKE,$25.57,1440180642881,"20,364",100% bearish,of 1 rating,$32.50
PLCE,$59.064,1440180642907,"240,362",100% bearish,of 1 rating,$71
CHFC,$32.33,1440180642940,"65,849",100% bearish,of 1 rating,$36
CBNK,$16.51,1440180642970,215,100% bearish,of 1 rating,N/A
CHMA,$24.265,1440180643013,"103,559",Not yet rated,NULL,$40
CMRX,$47.55,1440180643193,"242,254",50% bullish,of 2 ratings,$57
CALI,$0.9172,1440180643298,"7,036",67% bullish,of 3 ratings,N/A
CADC,NULL,1440180643508,0,78% bullish,of 9 ratings,N/A
CAAS,$6.525,1440180643570,"29,670",93% bullish,of 14 ratings,$11.50
CCCL,$0.8601,1440180643596,"1,030",100% bullish,of 6 ratings,N/A
CBPO,$99.43,1440180643638,"190,482",75% bullish,of 8 ratings,$140.50
JRJC,$3.88,1440180643666,"148,732",82% bullish,of 11 ratings,N/A
CBAK,$1.829,1440180643689,"29,559",67% bullish,of 9 ratings,N/A
CCCR,$0.8309,1440180643718,"22,352",67% bearish,of 3 ratings,N/A
CHOP,$1.21,1440180643752,"51,942",50% bullish,of 2 ratings,N/A
HTHT,$24.95,1440180644017,"52,074",50% bullish,of 2 ratings,$28
HGSH,$1.83,1440180644049,"12,300",67% bullish,of 3 ratings,N/A
CNIT,$1.51,1440180644071,"23,720",67% bullish,of 6 ratings,N/A
CHLN,$2.05,1440180644117,"5,703",67% bullish,of 3 ratings,N/A
CJJD,$1.9,1440180644144,"46,576",100% bullish,of 1 rating,N/A
CHNR,$2.0373,1440180644289,600,100% bearish,of 1 rating,N/A
CPGI,$6.9,1440180644378,800,Not yet rated,NULL,N/A
CREG,$0.69,1440180644437,"80,783",100% bullish,of 3 ratings,N/A
CXDC,$6.21,1440180644466,"90,829",67% bullish,of 3 ratings,N/A
CNYD,$2.9865,1440180644601,"6,791",67% bullish,of 3 ratings,N/A
CSUN,$1.35,1440180644632,"13,489",80% bullish,of 5 ratings,N/A
CNET,$0.8815,1440180644669,"30,003",50% bullish,of 2 ratings,N/A
IMOS,$16.29,1440180644804,"148,513",60% bullish,of 5 ratings,$21.50
CHSCL,$27.13,1440180644938,"20,953",Not yet rated,NULL,N/A
CCIH,$5.78,1440180645003,"766,168",67% bullish,of 6 ratings,$12.65
CNTF,$0.8521,1440180645073,"106,601",Not yet rated,NULL,N/A
CHSCO,$28.3592,1440180645217,"7,347",Not yet rated,NULL,N/A
CHSCP,$30.2899,1440180645245,"1,665",Not yet rated,NULL,N/A
CHSCN,$27.0444,1440180645272,"3,025",Not yet rated,NULL,N/A
CHSCM,$25.8801,1440180645299,"26,476",Not yet rated,NULL,N/A
CDTX,$14.17,1440180645465,"7,303",Not yet rated,NULL,$22
CHDN,$134.88,1440180645566,"38,614",Not yet rated,NULL,$165
CMCT,$15.02,1440180645728,"2,610",100% bearish,of 1 rating,N/A
CIFC,$6.9,1440180645755,"7,398",Not yet rated,NULL,N/A
CIDM,$0.6303,1440180645785,"64,909",50% bullish,of 2 ratings,$2.10
CINF,$54.71,1440180645811,"276,529",50% bullish,of 4 ratings,$50.50
CHUY,$32.22,1440180645841,"113,436",50% bullish,of 2 ratings,$34
CMPR,$67.87,1440180645863,"285,757",50% bullish,of 2 ratings,$72.50
CPHR,$6.77,1440180646159,"1,200",100% bearish,of 1 rating,$16
CTRN,$27.79,1440180646233,"79,042",100% bearish,of 1 rating,$31.50
CTAS,$85.99,1440180646297,"203,830",100% bearish,of 1 rating,$91
CRUS,$27.9601,1440180646326,"582,285",75% bullish,of 12 ratings,$44.50
CSCO,$27.02,1440180646348,"17,755,253",84% bullish,of 208 ratings,$32
CZWI,NULL,1440180646379,0,Not yet rated,NULL,N/A
CZFC,$12.7378,1440180646515,100,Not yet rated,NULL,N/A
CZNC,$19.86,1440180646546,"9,187",Not yet rated,NULL,N/A
CIZN,$19.3541,1440180646729,611,Not yet rated,NULL,N/A
CIVB,$10.3,1440180646769,"5,137",Not yet rated,NULL,$11
CHCO,$48.24,1440180646797,"36,484",Not yet rated,NULL,$46
CTXS,$75.07,1440180646823,"602,038",86% bullish,of 7 ratings,$80
CLFD,$17.29,1440180647117,"36,857",67% bullish,of 3 ratings,$18
CIVBP,NULL,1440180647143,0,Not yet rated,NULL,N/A
CLNE,$4.08,1440180647174,"804,848",80% bullish,of 15 ratings,$9
CDTI,$1.5499,1440180647273,"52,960",75% bullish,of 4 ratings,$3.20
CLIR,$4.96,1440180647301,"4,643",100% bullish,of 3 ratings,N/A
CLNT,$1.62,1440180647345,"52,000",75% bullish,of 8 ratings,N/A
CSBK,$13.84,1440180647376,"35,110",Not yet rated,NULL,N/A
CLVS,$74.49,1440180647435,"230,383",60% bullish,of 5 ratings,$101.50
CLRO,$11.822,1440180647543,"3,103",50% bullish,of 2 ratings,$14.25
CBLI,$3.84,1440180647648,"32,079",60% bullish,of 5 ratings,N/A
CME,$93.53,1440180647730,"724,545",67% bullish,of 3 ratings,$102
CMFN,$11.75,1440180647808,"10,059",100% bearish,of 1 rating,$15.50
CISG,$7.66,1440180647906,"128,198",100% bullish,of 5 ratings,$10
CCNE,$17.28,1440180647936,"18,058",50% bullish,of 2 ratings,$21.50
CWAY,$11.26,1440180648037,304,Not yet rated,NULL,N/A
CNV,$4.61,1440180648065,"7,550",50% bullish,of 2 ratings,$7.15
COBZ,$13.04,1440180648140,"84,694",100% bullish,of 1 rating,$14
COKE,$155.05,1440180648196,"20,699",79% bullish,of 19 ratings,N/A
CDRB,$11.14,1440180648223,"5,206",67% bullish,of 3 ratings,N/A
CVLY,$20.55,1440180648390,"5,569",Not yet rated,NULL,N/A
JVA,$4.611,1440180648429,"15,999",83% bullish,of 6 ratings,$7
CGNX,$36.02,1440180648690,"372,557",50% bullish,of 2 ratings,$47
CCOI,$28.44,1440180648716,"175,071",50% bullish,of 4 ratings,$35
CGNT,$1.632,1440180648749,"21,232",100% bullish,of 2 ratings,$2
CDXS,$4.06,1440180648776,"31,405",64% bullish,of 11 ratings,$6
COHR,$58.16,1440180648855,"72,525",50% bullish,of 2 ratings,$72
CLRX,$0.4901,1440180648909,"56,628",50% bullish,of 2 ratings,N/A
CTSH,$64.6,1440180648938,"1,474,282",90% bullish,of 10 ratings,$75
COHU,$9.86,1440180648960,"80,958",100% bearish,of 1 rating,$14.25
COLL,$15.165,1440180649141,"28,148",100% bearish,of 1 rating,$26
CHRS,$30.535,1440180649174,"116,692",67% bearish,of 3 ratings,$37
CLCT,$18.002,1440180649214,"47,729",100% bearish,of 1 rating,N/A
CBAN,$8.75,1440180649280,400,Not yet rated,NULL,N/A
CIGI,$44.49,1440180649308,"3,011",100% bearish,of 1 rating,$52
CLCD,$7.18,1440180649340,"10,785",100% bearish,of 1 rating,$20.50
COLB,$31.545,1440180649575,"135,177",Not yet rated,NULL,$36
COLM,$63.874,1440180649605,"121,139",100% bearish,of 1 rating,$71
CMCO,$19.49,1440180649632,"77,637",60% bullish,of 5 ratings,$28
CMCSA,$57.62,1440180649663,"7,779,554",66% bullish,of 35 ratings,$69.50
CBMX,$1.2332,1440180649688,"28,747",83% bullish,of 6 ratings,$3.15
CBSH,$45.745,1440180649766,"147,909",50% bullish,of 2 ratings,$46
CMCSK,$58.36,1440180649826,"1,725,693",Not yet rated,NULL,$84
CUBN,$13.8,1440180649899,"1,185",Not yet rated,NULL,N/A
CBSHP,$25.1901,1440180650034,916,100% bearish,of 1 rating,N/A
CVGI,$4.76,1440180650060,"57,009",50% bullish,of 2 ratings,$6
CSAL,$21.4199,1440180650108,"343,456",75% bullish,of 4 ratings,$30
COMM,$29.66,1440180650197,"544,609",67% bearish,of 3 ratings,$35
JCS,$9.2135,1440180650223,300,67% bullish,of 3 ratings,N/A
CYHHZ,$0.011,1440180650387,"4,075",100% bullish,of 1 rating,N/A
ESXB,$5.1,1440180650450,"10,983",Not yet rated,NULL,N/A
COB,$10.55,1440180650522,"18,098",100% bullish,of 1 rating,$11.75
CTBI,$35.09,1440180650552,"25,839",Not yet rated,NULL,$36
CWBC,$6.79,1440180650584,"2,010",Not yet rated,NULL,N/A
CVLT,$36.71,1440180650689,"198,461",75% bullish,of 4 ratings,$44.50
CIZ,$33.4275,1440180650719,"4,774",100% bearish,of 1 rating,N/A
CIL,$33.88,1440180650746,100,Not yet rated,NULL,N/A
CID,$33.93,1440180650971,100,Not yet rated,NULL,N/A
CSA,NULL,1440180650997,0,Not yet rated,NULL,N/A
CDC,$35.5,1440180651050,"19,496",Not yet rated,NULL,N/A
CFA,$36.0701,1440180651138,"1,606",100% bearish,of 1 rating,N/A
CSF,$36.89,1440180651165,"3,206",100% bearish,of 1 rating,N/A
CFO,$36.138,1440180651229,"11,925",100% bearish,of 1 rating,N/A
CDL,NULL,1440180651294,0,Not yet rated,NULL,N/A
CGEN,$5.15,1440180651364,"66,685",50% bullish,of 2 ratings,$11
CSB,NULL,1440180651394,0,Not yet rated,NULL,N/A
CPSI,$45.8,1440180651498,"41,059",100% bearish,of 1 rating,$45.50
CTG,$6.6479,1440180651606,"12,606",100% bearish,of 1 rating,$8.50
CMTL,$26.52,1440180651677,"36,250",100% bearish,of 2 ratings,$37
CHCI,$0.5921,1440180651703,"14,000",50% bullish,of 2 ratings,N/A
CNSI,$19.06,1440180651761,"111,542",100% bearish,of 2 ratings,$29
CNAT,$4.06,1440180651867,"107,913",83% bullish,of 6 ratings,$13
CXRX,$72.68,1440180651993,"3,494",Not yet rated,NULL,$90
CNCE,$15.68,1440180652035,"162,062",75% bullish,of 4 ratings,$22
CDOR,$1.4004,1440180652094,"5,049",100% bullish,of 1 rating,N/A
SCOR,$57.8,1440180652119,"283,195",100% bearish,of 1 rating,$66
CDORO,NULL,1440180652147,0,100% bearish,of 1 rating,N/A
CCUR,$5.17,1440180652185,"12,428",75% bullish,of 4 ratings,N/A
CFMS,$21.535,1440180652279,"209,851",Not yet rated,NULL,$27
CDORP,$6.7921,1440180652307,800,100% bearish,of 1 rating,N/A
CNMD,$55.5511,1440180652586,"82,642",Not yet rated,NULL,$59
CTWS,$35.25,1440180652618,"26,136",100% bearish,of 1 rating,$44
CNFR,$10.4031,1440180652639,"13,246",Not yet rated,NULL,N/A
CNOB,$19.65,1440180652729,"96,867",100% bullish,of 1 rating,$23.50
CONN,$31.87,1440180652873,"187,691",67% bullish,of 3 ratings,$48.50
CNSL,$20.31,1440180652901,"152,445",100% bearish,of 1 rating,$23
CNXR,$6.31,1440180652934,"18,800",100% bearish,of 1 rating,$12
CWCO,$10.86,1440180652966,"110,758",67% bullish,of 3 ratings,$14.50
CPSS,$5.57,1440180653033,"43,073",100% bullish,of 1 rating,$10
CFRX,$5.16,1440180653062,"16,435",Not yet rated,NULL,$14
CTCT,$24.42,1440180653194,"155,521",67% bullish,of 3 ratings,$37
CFRXZ,$0.58,1440180653304,"1,000",Not yet rated,NULL,N/A
CTRV,$3.6484,1440180653332,"25,248",Not yet rated,NULL,$6.40
CFRXW,$1.89,1440180653381,"1,275",100% bearish,of 1 rating,N/A
CPRT,$35.015,1440180653407,"126,233",67% bearish,of 3 ratings,$40
CTRL,$7.99,1440180653553,"94,327",50% bullish,of 2 ratings,$11
CRBP,$2.08,1440180653580,"694,158",100% bullish,of 2 ratings,$6.25
BVA,$3.7,1440180653764,"3,692",50% bullish,of 2 ratings,N/A
CORT,$4.7,1440180653794,"293,377",67% bullish,of 3 ratings,$12
CORE,$61.235,1440180653863,"54,389",100% bearish,of 1 rating,$72
CORI,$11.099,1440180653891,"32,100",100% bearish,of 1 rating,$18
CSOD,$37.18,1440180653920,"247,554",50% bullish,of 2 ratings,$42
CRVL,$32.29,1440180654065,"18,898",100% bearish,of 1 rating,N/A
CSGP,$184.63,1440180654095,"26,700",50% bullish,of 2 ratings,$235
COSI,$1.13,1440180654290,"55,728",100% bullish,of 1 rating,N/A
ICBK,$18.24,1440180654383,116,Not yet rated,NULL,$21
COST,$140.76,1440180654414,"1,313,436",79% bullish,of 24 ratings,$154.50
CPAH,$0.4201,1440180654443,"8,900",50% bullish,of 2 ratings,N/A
COVS,$2.56,1440180654471,"64,198",67% bullish,of 3 ratings,N/A
CVTI,$22.7,1440180654518,"57,419",67% bearish,of 3 ratings,$39
COWN,$5.205,1440180654665,"541,089",75% bullish,of 4 ratings,$7
COWNL,$27.19,1440180654693,"3,000",Not yet rated,NULL,N/A
CBRL,$145.76,1440180654845,"228,362",50% bullish,of 2 ratings,$155
CRAI,$22.72,1440180654888,"19,510",Not yet rated,NULL,$36
CPSH,NULL,1440180654914,0,Not yet rated,NULL,N/A
BREW,$7.44,1440180654980,"41,329",67% bullish,of 6 ratings,$15
CACC,$195.49,1440180655007,"69,740",50% bullish,of 2 ratings,$158.50
CRAY,$20.99,1440180655063,"161,063",83% bullish,of 6 ratings,$38.50
GLDI,$11.1276,1440180655226,"32,170",100% bearish,of 1 rating,N/A
SLVO,$10.4101,1440180655281,"3,000",100% bearish,of 1 rating,N/A
CROX,$14.22,1440180655329,"641,500",63% bullish,of 8 ratings,$16.50
CRESY,$10.26,1440180655358,"15,213",100% bearish,of 1 rating,$19
CRTO,$45.32,1440180655388,"390,306",67% bullish,of 6 ratings,$64
CREE,$25.63,1440180655490,"503,933",65% bullish,of 17 ratings,$29.50
CRWN,$4.68,1440180655634,"98,951",75% bullish,of 4 ratings,N/A
CCRN,$14.55,1440180655665,"109,747",100% bearish,of 1 rating,$14.25
CRDS,$1.02,1440180655707,"13,060",50% bullish,of 4 ratings,$4.50
CSGS,$31.37,1440180655845,"97,978",Not yet rated,NULL,$40
CYRX,$3.07,1440180655872,"5,542",Not yet rated,NULL,$9
CRWS,$8.0272,1440180655898,"1,515",Not yet rated,NULL,$10
CYRXW,$0.97,1440180656064,400,Not yet rated,NULL,N/A
CTCM,$1.6799,1440180656128,"151,990",80% bearish,of 5 ratings,$3.90
CCLP,$13.7801,1440180656159,"49,212",67% bearish,of 3 ratings,$21
CTIC,$1.7,1440180656191,"1,370,126",84% bullish,of 76 ratings,$5.75
CSPI,$6.0801,1440180656260,"2,700",67% bullish,of 3 ratings,N/A
CTRP,$64.35,1440180656326,"961,042",75% bullish,of 8 ratings,$92
CTIB,NULL,1440180656357,0,100% bearish,of 1 rating,N/A
CUNB,$22.17,1440180656487,"33,840",Not yet rated,NULL,$24.50
CUI,$4.86,1440180656513,"53,081",50% bullish,of 2 ratings,$10
CPIX,$5.87,1440180656587,"2,615",Not yet rated,NULL,N/A
CUTR,$14.5,1440180656652,"38,956",67% bearish,of 3 ratings,$18
CMLS,$1.27,1440180656692,"647,671",50% bullish,of 4 ratings,$6
CRIS,$2.68,1440180656754,"324,670",100% bullish,of 8 ratings,$6
CVV,$11.71,1440180656885,"21,076",100% bullish,of 5 ratings,N/A
CVBF,$16.79,1440180656912,"276,024",Not yet rated,NULL,$18
CYAN,$6.99,1440180656939,"1,160",100% bearish,of 1 rating,N/A
CYBR,$52.608,1440180657173,"1,482,915",86% bullish,of 7 ratings,$66
CYBX,$66.84,1440180657234,"368,930",50% bullish,of 4 ratings,$70
CYBE,$5.94,1440180657264,"5,350",100% bearish,of 1 rating,N/A
CYCCP,NULL,1440180657366,0,100% bearish,of 1 rating,N/A
CBAY,$2.75,1440180657395,"33,928",100% bullish,of 1 rating,$4
CYCC,$0.558,1440180657426,"108,257",73% bullish,of 11 ratings,N/A
CY,$9.475,1440180657453,"1,920,889",80% bullish,of 10 ratings,$15.50
CYNA,$16.3,1440180657530,"19,605",100% bullish,of 1 rating,$31.50
CYNO,$32.17,1440180657812,"164,573",67% bearish,of 3 ratings,$45.50
CONE,$33.41,1440180657841,"272,161",67% bearish,of 3 ratings,$35
CYRN,$1.65,1440180657879,"239,329",67% bullish,of 3 ratings,$4
CYTX,$0.3728,1440180657910,"528,953",83% bullish,of 12 ratings,$5.50
CYTK,$6.7799,1440180657937,"135,657",71% bullish,of 14 ratings,$13.50
CTSO,$7.0599,1440180657985,"42,503",Not yet rated,NULL,$15.625
CYTR,$2.2243,1440180658011,"658,582",67% bullish,of 6 ratings,$10
TVIX,$8.1999,1440180658236,"13,693,843",81% bullish,of 16 ratings,N/A
DAEG,$0.3594,1440180658265,"4,100",100% bearish,of 1 rating,N/A
XIV,$39.03,1440180658295,"17,372,406",75% bearish,of 4 ratings,N/A
ZIV,$47.34,1440180658429,"69,039",Not yet rated,NULL,N/A
TVIZ,$14.3227,1440180658476,"1,660",100% bearish,of 1 rating,N/A
DJCO,$199.96,1440180658659,"1,530",Not yet rated,NULL,N/A
DARA,$0.88,1440180658710,"35,611",83% bullish,of 6 ratings,$1.50
DAIO,$2.58,1440180658739,"3,412",Not yet rated,NULL,N/A
DAKT,$11.74,1440180658771,"88,730",50% bullish,of 2 ratings,$14
DTLK,$5.57,1440180658798,"74,637",100% bearish,of 1 rating,$9
DWCH,$5,1440180658875,"19,267",75% bullish,of 4 ratings,$8.25
DRAM,NULL,1440180659007,0,78% bullish,of 9 ratings,N/A
DWSN,$4.018,1440180659083,"26,033",67% bullish,of 3 ratings,$6
DTEA,$13.63,1440180659139,"102,328",100% bearish,of 2 ratings,$24
PLAY,$34.86,1440180659192,"162,941",100% bullish,of 5 ratings,$42
DBVT,$39.68,1440180659225,"70,754",100% bearish,of 1 rating,$53
TRAK,$62.94,1440180659270,"784,258",50% bullish,of 2 ratings,$62.50
DHRM,$1.78,1440180659402,700,Not yet rated,NULL,N/A
DFRG,$14.82,1440180659575,"130,623",100% bearish,of 1 rating,$20
DGAS,$20.236,1440180659610,"1,513",67% bearish,of 3 ratings,N/A
TACOW,$4.21,1440180659640,"2,650",100% bullish,of 1 rating,N/A
DELT,NULL,1440180659678,0,Not yet rated,NULL,N/A
DCTH,$0.4775,1440180659710,"63,442",78% bullish,of 9 ratings,N/A
DELTW,NULL,1440180659775,0,Not yet rated,NULL,N/A
TACO,$13.08,1440180659815,"181,097",100% bullish,of 3 ratings,$20
XRAY,$54.53,1440180660055,"322,623",100% bullish,of 1 rating,$58
DENN,$12,1440180660099,"282,060",100% bullish,of 3 ratings,$15
DERM,$24.3,1440180660157,"205,468",100% bearish,of 1 rating,$33.50
DEPO,$29.145,1440180660183,"686,844",60% bullish,of 5 ratings,$29
DSCI,$6.5,1440180660213,"34,770",50% bullish,of 2 ratings,$16
DEST,$11.78,1440180660259,"20,272",50% bullish,of 2 ratings,N/A
DXCM,$90.36,1440180660533,"618,566",57% bullish,of 7 ratings,$98
DSWL,$1.7501,1440180660561,"6,825",100% bullish,of 1 rating,N/A
DXM,$0.3033,1440180660596,"19,049",50% bullish,of 2 ratings,N/A
DXLG,$4.57,1440180660626,"40,555",100% bearish,of 1 rating,$8
FANG,$66.9409,1440180660660,"533,121",50% bullish,of 2 ratings,$86
DHXM,NULL,1440180660696,0,Not yet rated,NULL,N/A
DMND,$30.55,1440180660761,"121,128",75% bullish,of 12 ratings,$32
DHIL,$187,1440180660841,"15,512",Not yet rated,NULL,N/A
DCIX,$1.74,1440180661010,"51,236",50% bullish,of 4 ratings,$3.50
DGII,$10,1440180661189,"51,862",100% bearish,of 1 rating,$10
DGLY,$6.81,1440180661216,"183,957",50% bullish,of 6 ratings,$20
DRNA,$10.5801,1440180661238,"68,574",67% bearish,of 3 ratings,$25
DMRC,$36.75,1440180661277,"44,531",100% bearish,of 1 rating,$44
DCOM,$16.84,1440180661375,"91,046",100% bearish,of 2 ratings,$16.50
DRAD,$3.91,1440180661404,"9,059",100% bullish,of 1 rating,$5.25
APPS,$2.39,1440180661441,"154,396",100% bearish,of 1 rating,$10.25
DIOD,$19.5,1440180661540,"115,314",75% bearish,of 4 ratings,$24
DISCA,$27.19,1440180661668,"1,660,463",67% bullish,of 3 ratings,$34
DPRX,$12.06,1440180661695,"12,843",100% bullish,of 2 ratings,$27.75
DISCB,NULL,1440180661772,0,100% bearish,of 1 rating,$35
DSCO,$0.415,1440180661829,"92,062",83% bullish,of 6 ratings,$2.75
DISCK,$25.98,1440180661855,"1,118,815",100% bearish,of 1 rating,$32
DISH,$61.935,1440180662101,"821,970",69% bullish,of 13 ratings,$73
BAGR,$3.085,1440180662176,"10,875",100% bearish,of 1 rating,$6
DNBF,$27.45,1440180662204,"6,927",Not yet rated,NULL,$27.50
DGICA,$14.18,1440180662260,"12,352",100% bearish,of 1 rating,$17
DVCR,$10.17,1440180662291,"14,106",100% bullish,of 1 rating,N/A
DLHC,$2.32,1440180662313,"5,468",100% bearish,of 1 rating,N/A
DLTR,$77.775,1440180662366,"1,341,789",82% bullish,of 11 ratings,$88
DGICB,NULL,1440180662394,0,100% bearish,of 1 rating,N/A
DMLP,$13.827,1440180662527,"30,578",100% bearish,of 1 rating,N/A
DORM,$50.26,1440180662602,"156,425",100% bearish,of 1 rating,$56
HILL,$9.675,1440180662632,"1,176,068",60% bearish,of 5 ratings,$9.75
DRWI,$0.2624,1440180662737,"158,184",60% bullish,of 5 ratings,$.45
DRWIW,$0.0589,1440180662763,"1,381",Not yet rated,NULL,N/A
DSPG,$8.64,1440180662956,"42,529",100% bearish,of 1 rating,$13.50
DWA,$19.09,1440180662982,"472,608",63% bullish,of 8 ratings,$26
DRYS,$0.3545,1440180663013,"1,024,970",77% bullish,of 31 ratings,$.60
DSKX,$3.43,1440180663037,"84,648",100% bullish,of 1 rating,N/A
CADT,$10.02,1440180663067,103,Not yet rated,NULL,N/A
CADTW,NULL,1440180663202,0,Not yet rated,NULL,N/A
CADTU,NULL,1440180663232,0,Not yet rated,NULL,N/A
CADTR,NULL,1440180663258,0,Not yet rated,NULL,N/A
DTSI,$26.37,1440180663296,"57,869",100% bearish,of 2 ratings,$39.50
DNKN,$50.4,1440180663440,"718,862",67% bullish,of 15 ratings,$56.50
DRRX,$2.0701,1440180663486,"245,612",50% bullish,of 6 ratings,$3
DXPE,$28.63,1440180663549,"62,889",50% bullish,of 2 ratings,N/A
DYAX,$23.0601,1440180663685,"449,999",89% bullish,of 9 ratings,$30
BOOM,$9.93,1440180663716,"20,399",67% bullish,of 3 ratings,$12
DYNT,$2.86,1440180663821,100,75% bullish,of 4 ratings,N/A
DVAX,$28.2,1440180663923,"237,670",70% bullish,of 10 ratings,$40
ETFC,$26.04,1440180663985,"1,432,190",57% bullish,of 14 ratings,$33
DYSL,$1.5,1440180664017,"102,914",100% bullish,of 2 ratings,N/A
EBMT,$11.5895,1440180664049,"17,054",Not yet rated,NULL,$13.50
EGLE,$6.17,1440180664079,"42,274",60% bullish,of 5 ratings,N/A
EGRX,$68.244,1440180664149,"285,426",67% bullish,of 3 ratings,$97
EROC,$1.09,1440180664287,"281,660",50% bullish,of 2 ratings,$3
EWBC,$42.05,1440180664451,"589,304",100% bearish,of 1 rating,$50
EGBN,$43.4,1440180664477,"56,461",Not yet rated,NULL,$48
EACQU,NULL,1440180664508,0,Not yet rated,NULL,N/A
EML,$16.78,1440180664541,"5,069",Not yet rated,NULL,N/A
ELNK,$8.71,1440180664612,"530,407",60% bullish,of 5 ratings,$9.50
EVBS,$6.45,1440180664674,"5,322",Not yet rated,NULL,$7
EBAY,$26.21,1440180664741,"6,105,715",81% bullish,of 117 ratings,$48
ECHO,$25.34,1440180664820,"246,319",67% bearish,of 3 ratings,$35.50
ELON,$0.5426,1440180664874,"53,569",50% bullish,of 2 ratings,N/A
EBIX,$28.76,1440180664911,"209,529",69% bullish,of 13 ratings,$40
ECTE,$1.4801,1440180664951,"46,102",75% bullish,of 4 ratings,N/A
SATS,$44.2,1440180665120,"76,863",50% bullish,of 2 ratings,$60
EEI,$11.13,1440180665186,"4,719",67% bearish,of 3 ratings,N/A
ECACU,$10.05,1440180665213,"1,319",Not yet rated,NULL,N/A
ESES,$3.39,1440180665253,"7,807",100% bearish,of 1 rating,$7
EDGW,$7.14,1440180665389,"35,002",100% bearish,of 1 rating,N/A
EDAP,$3.2499,1440180665438,"113,641",60% bullish,of 5 ratings,$4.50
EFUT,NULL,1440180665527,0,Not yet rated,NULL,N/A
EGAN,$3.44,1440180665630,"6,366",50% bullish,of 2 ratings,$6.25
EGLT,$11.65,1440180665660,"14,907",50% bullish,of 2 ratings,$21
LOCO,$12.31,1440180665686,"714,046",69% bullish,of 13 ratings,$20
EMITF,$1.286,1440180665859,"6,900",75% bullish,of 4 ratings,N/A
EHTH,$14.16,1440180665921,"98,618",50% bullish,of 4 ratings,$16.50
ERI,$9.65,1440180665991,"94,923",100% bearish,of 1 rating,$10
ESLT,$80.51,1440180666016,"1,652",100% bullish,of 2 ratings,N/A
ELRC,$10.689,1440180666048,"42,911",100% bearish,of 1 rating,N/A
EDUC,$4.59,1440180666088,"7,083",100% bearish,of 1 rating,N/A
ESIO,$4.58,1440180666217,"22,060",50% bullish,of 2 ratings,$10
EFII,$44.29,1440180666313,"121,816",80% bullish,of 5 ratings,$55
EA,$66.92,1440180666375,"1,995,262",77% bullish,of 35 ratings,$80
ELSE,$4.02,1440180666446,"1,000",60% bullish,of 5 ratings,N/A
ELEC,NULL,1440180666475,0,Not yet rated,NULL,N/A
ELECU,NULL,1440180666501,0,Not yet rated,NULL,N/A
ELECW,NULL,1440180666578,0,Not yet rated,NULL,N/A
RDEN,$10.41,1440180666686,"65,151",100% bearish,of 4 ratings,$15
EBIO,$3.47,1440180666740,"719,536",100% bearish,of 2 ratings,$8.35
CAPX,$23.0299,1440180666872,100,Not yet rated,NULL,N/A
ESBK,$19.37,1440180666902,726,Not yet rated,NULL,N/A
ELTK,$1.0836,1440180666924,"17,101",67% bearish,of 3 ratings,N/A
LONG,$17.1,1440180666960,"15,864",67% bullish,of 3 ratings,$15.75
EMCI,$23.165,1440180667058,"11,599",Not yet rated,NULL,N/A
EMKR,$7.12,1440180667086,"49,981",75% bullish,of 4 ratings,$8.50
EMCF,NULL,1440180667251,0,100% bearish,of 1 rating,N/A
EMMSP,$3.5,1440180667296,100,100% bearish,of 1 rating,N/A
EMMS,$1.25,1440180667329,"1,500",67% bullish,of 6 ratings,N/A
NYNY,$4.08,1440180667400,"63,347",50% bullish,of 2 ratings,N/A
ERS,$2.88,1440180667431,"1,300",Not yet rated,NULL,N/A
ECPG,$39.39,1440180667469,"73,678",100% bullish,of 2 ratings,$52
ENTA,$40.99,1440180667599,"77,883",50% bullish,of 2 ratings,$42
ENDP,$78.45,1440180667687,"908,544",50% bullish,of 6 ratings,$104
ECYT,$5.26,1440180667730,"172,099",83% bullish,of 6 ratings,$12
WIRE,$33.119,1440180667861,"85,099",100% bearish,of 1 rating,$37
ELGX,$13.29,1440180667887,"350,507",75% bullish,of 4 ratings,$17
WATT,$6.87,1440180667951,"47,210",50% bullish,of 2 ratings,$13
EIGI,$15.675,1440180667978,"516,287",67% bearish,of 3 ratings,$22.50
ERII,$2.8608,1440180668118,"51,251",80% bullish,of 5 ratings,$2.50
EXXI,$1.4799,1440180668145,"1,199,806",86% bullish,of 7 ratings,$3.50
EFOI,$16.2099,1440180668171,"260,804",50% bullish,of 2 ratings,$20.50
ENOC,$8.17,1440180668306,"141,922",75% bullish,of 4 ratings,$18
ENG,$1.0199,1440180668332,"4,803",100% bullish,of 3 ratings,N/A
ESGR,$151.48,1440180668376,"33,388",100% bearish,of 1 rating,$185
ENPH,$4.52,1440180668407,"338,565",75% bullish,of 4 ratings,$11
ENFC,NULL,1440180668510,0,Not yet rated,NULL,N/A
ENTG,$13.95,1440180668556,"260,421",100% bearish,of 1 rating,$18
ENTL,$21.58,1440180668655,"10,492",Not yet rated,NULL,$28
EGT,$2.089,1440180668858,"1,400",100% bullish,of 1 rating,N/A
EBTC,$19.93,1440180668894,"6,015",Not yet rated,NULL,N/A
ETRM,$0.2303,1440180668925,"304,380",69% bearish,of 35 ratings,$1.625
ENZN,$1.0198,1440180668991,"548,961",100% bullish,of 9 ratings,N/A
ENVI,$1.7999,1440180669021,"15,004",67% bullish,of 3 ratings,N/A
EFSC,$24.7752,1440180669051,"32,398",Not yet rated,NULL,$27
EPRS,$4.82,1440180669078,"48,903",82% bullish,of 11 ratings,$15
ENZY,$8.96,1440180669141,"8,796",67% bullish,of 3 ratings,$9.50
EPZM,$16.72,1440180669354,"168,370",60% bullish,of 5 ratings,$34
EQIX,$277.23,1440180669407,"326,515",67% bullish,of 3 ratings,$312.50
EQFN,$8.32,1440180669483,100,Not yet rated,NULL,N/A
EPIQ,$13.97,1440180669509,"60,498",100% bearish,of 1 rating,$18
PLUS,$79.22,1440180669554,"78,638",50% bullish,of 2 ratings,$88
ERIC,$9.95,1440180669686,"1,540,568",63% bullish,of 8 ratings,$12.20
ERIE,$85.97,1440180669857,"11,897",Not yet rated,NULL,$73
EAC,$3.7,1440180669891,"6,602",100% bearish,of 1 rating,$8
ESCRP,$1.61,1440180669919,"3,377",100% bearish,of 1 rating,N/A
ESCA,$18.48,1440180669992,"17,395",100% bearish,of 1 rating,$22
ESMC,$1.3,1440180670018,354,Not yet rated,NULL,N/A
ESPR,$57.1999,1440180670051,"1,060,491",67% bearish,of 9 ratings,$123
ESCR,$0.1898,1440180670073,"29,353",50% bullish,of 2 ratings,N/A
ESSA,$12.78,1440180670253,"2,589",100% bearish,of 1 rating,N/A
EPIX,NULL,1440180670382,0,Not yet rated,NULL,N/A
ESND,$35.385,1440180670454,"49,496",100% bearish,of 2 ratings,$40
ESSX,$0.4901,1440180670526,"5,790",50% bullish,of 2 ratings,N/A
ETSY,$13.89,1440180670552,"547,961",80% bullish,of 5 ratings,$16
CLWT,NULL,1440180670580,0,100% bearish,of 1 rating,N/A
EEFT,$65.74,1440180670731,"141,808",100% bearish,of 1 rating,$67.50
EVEP,$7.26,1440180670766,"202,119",50% bullish,of 2 ratings,$15
ESEA,$6.2899,1440180670864,"1,602",100% bullish,of 1 rating,$15
EVLV,$2.17,1440180670890,"30,503",60% bullish,of 5 ratings,$6.50
EVK,$3.6718,1440180670937,201,75% bearish,of 4 ratings,N/A
EXAC,$18.86,1440180671233,"38,834",100% bearish,of 1 rating,$22.50
EXA,$10.74,1440180671260,"13,525",100% bearish,of 1 rating,$13
EVOK,$4.17,1440180671287,"80,669",100% bearish,of 1 rating,$13.375
EVOL,$5.946,1440180671309,"7,524",75% bullish,of 4 ratings,$10
EXAS,$20.81,1440180671339,"884,522",78% bullish,of 9 ratings,$31
EXEL,$5.35,1440180671474,"4,007,982",81% bullish,of 16 ratings,$6
EXFO,$2.9,1440180671606,"1,100",67% bearish,of 3 ratings,$3.95
EXLP,$18.32,1440180671684,"58,889",100% bearish,of 1 rating,$27
EXPD,$48.89,1440180671718,"821,383",80% bullish,of 5 ratings,$51.50
EXLS,$37.6,1440180671747,"65,279",100% bullish,of 1 rating,$41
EXPO,$43.27,1440180671816,"55,721",100% bearish,of 1 rating,$45.50
EXPE,$116.39,1440180671883,"597,428",64% bullish,of 11 ratings,$130
ESRX,$86.49,1440180671953,"1,999,040",67% bearish,of 6 ratings,$101
EXTR,$2.9,1440180671978,"591,153",80% bullish,of 5 ratings,$3
EYEG,$4.2,1440180672007,"15,580",Not yet rated,NULL,N/A
EYEGW,$1.24,1440180672145,700,Not yet rated,NULL,N/A
EZPW,$6.085,1440180672324,"123,990",50% bullish,of 4 ratings,$7.50
EZCH,$21.64,1440180672399,"70,161",75% bullish,of 8 ratings,$19.50
FRP,$17.09,1440180672431,"34,556",100% bearish,of 1 rating,$18
FFIV,$125.92,1440180672482,"394,312",63% bullish,of 8 ratings,$132
FCS,$13.44,1440180672528,"650,404",67% bearish,of 3 ratings,$17
FB,$88.1573,1440180672557,"26,503,131",73% bullish,of 1065 ratings,$111
FWM,$2.27,1440180672624,"115,910",100% bearish,of 2 ratings,$3.20
DAVE,$14.03,1440180672758,"12,730",100% bearish,of 1 rating,$15.50
FALC,$1.63,1440180672806,"3,459",63% bearish,of 8 ratings,N/A
FFKT,$26.7,1440180672962,"8,800",Not yet rated,NULL,$29
FARM,$22.8,1440180673058,"8,730",100% bearish,of 1 rating,$35
FMNB,$8.12,1440180673088,"1,700",Not yet rated,NULL,N/A
FARO,$39.12,1440180673116,"64,864",50% bullish,of 2 ratings,$48
FAST,$39.59,1440180673242,"1,620,987",80% bullish,of 5 ratings,$46
FATE,$6.26,1440180673272,"38,261",50% bullish,of 2 ratings,$11
FBRC,$22.51,1440180673376,"26,925",100% bearish,of 1 rating,$29
FDML,$9.09,1440180673442,"141,780",50% bullish,of 4 ratings,$14
FBSS,NULL,1440180673574,0,Not yet rated,NULL,N/A
FEIC,$78.95,1440180673601,"224,150",50% bullish,of 2 ratings,$95.50
FNHC,$22.14,1440180673630,"52,061",100% bearish,of 1 rating,$35
FENX,$9.77,1440180673661,"33,763",100% bullish,of 1 rating,$14.25
FHCO,$1.4099,1440180673760,"14,602",50% bullish,of 4 ratings,N/A
FCSC,$5.851,1440180673792,"136,587",100% bearish,of 1 rating,$8.125
FGEN,$23.62,1440180673898,"272,695",100% bearish,of 1 rating,$39
ONEQ,$188.5852,1440180673970,"28,347",100% bullish,of 1 rating,N/A
FSAM,$8.72,1440180674120,"5,712",100% bearish,of 1 rating,$11
FDUS,$14.46,1440180674201,"47,700",100% bullish,of 1 rating,$18
FRGI,$52.72,1440180674256,"96,146",50% bullish,of 2 ratings,$70
LION,$19.41,1440180674282,"70,905",100% bullish,of 1 rating,$20
FSC,$6.415,1440180674309,"532,055",75% bullish,of 4 ratings,$8
FSCFL,$24.55,1440180674444,"7,246",Not yet rated,NULL,N/A
FSFR,$8.94,1440180674510,"91,006",100% bearish,of 1 rating,$11.50
FITBI,$27.6672,1440180674542,"5,402",Not yet rated,NULL,N/A
FNSR,$15.6,1440180674645,"692,031",71% bullish,of 7 ratings,$24.50
FISI,$24.93,1440180674707,"32,815",100% bullish,of 2 ratings,$24.50
FNGN,$33.945,1440180674741,"247,763",67% bullish,of 3 ratings,$47
FNJN,$1.6701,1440180674810,"9,381",100% bearish,of 1 rating,$5
FITB,$20.16,1440180674843,"3,612,270",54% bullish,of 13 ratings,$22
FNTCU,NULL,1440180674953,0,Not yet rated,NULL,N/A
FNTC,NULL,1440180675016,0,Not yet rated,NULL,N/A
FNTCW,NULL,1440180675107,0,Not yet rated,NULL,N/A
FEYE,$37.86,1440180675170,"4,933,320",87% bullish,of 15 ratings,$55.50
FNLC,$18.7,1440180675241,"11,284",100% bullish,of 1 rating,N/A
FBNC,$16.93,1440180675303,"31,281",100% bullish,of 1 rating,$20
BUSE,$6.34,1440180675383,"130,574",Not yet rated,NULL,$6.875
FRBA,$6.0388,1440180675524,481,Not yet rated,NULL,$8
FBIZ,$44.24,1440180675562,"19,798",100% bearish,of 2 ratings,$52
FCAP,NULL,1440180675594,0,Not yet rated,NULL,N/A
FCNCA,$241.36,1440180675658,"12,654",Not yet rated,NULL,N/A
FCFS,$37.89,1440180675700,"82,075",100% bearish,of 2 ratings,$48
FCLF,NULL,1440180675759,0,Not yet rated,NULL,N/A
FCVA,$4.58,1440180675787,"1,000",Not yet rated,NULL,N/A
FCBC,$18.07,1440180675957,"30,293",Not yet rated,NULL,$18
FCCO,$11.92,1440180676100,196,Not yet rated,NULL,$13.25
FFNM,$6.31,1440180676188,"2,890",Not yet rated,NULL,N/A
FDEF,$38.32,1440180676214,"24,996",Not yet rated,NULL,$38
FBNK,$16.67,1440180676357,"35,589",100% bearish,of 1 rating,$17.50
FFBC,$18.91,1440180676391,"98,906",67% bearish,of 3 ratings,$20.25
FCFP,$6.9,1440180676526,"1,000",Not yet rated,NULL,N/A
FFIN,$31.58,1440180676555,"177,642",50% bullish,of 2 ratings,$31.75
THFF,$33.08,1440180676602,"22,649",Not yet rated,NULL,$35
FFNW,$12.33,1440180676657,"11,116",Not yet rated,NULL,$14
FFWM,$21.38,1440180676757,"8,888",Not yet rated,NULL,$24
INBK,$32.04,1440180676806,"11,483",50% bullish,of 2 ratings,$37
FFBCW,NULL,1440180676835,0,100% bearish,of 1 rating,N/A
FIBK,$27.06,1440180676989,"56,647",Not yet rated,NULL,$32
FRME,$25.49,1440180677014,"116,306",Not yet rated,NULL,$26.50
FMBH,NULL,1440180677047,0,Not yet rated,NULL,N/A
FMBI,$17.96,1440180677225,"199,754",Not yet rated,NULL,$20
FNBC,$34.96,1440180677254,"62,969",Not yet rated,NULL,$41.50
FSLR,$46.9,1440180677412,"1,188,591",74% bullish,of 39 ratings,$65
FSGI,$2.47,1440180677438,"2,943",Not yet rated,NULL,N/A
FNFG,$9.315,1440180677512,"989,396",80% bullish,of 5 ratings,$9
FSFG,$30.1754,1440180677573,729,Not yet rated,NULL,N/A
BICK,$19.6,1440180677600,"1,198",100% bullish,of 1 rating,N/A
FSBK,$7.77,1440180677644,"1,000",100% bullish,of 1 rating,N/A
FBZ,NULL,1440180677774,0,Not yet rated,NULL,N/A
FNWB,$12.0824,1440180677916,"4,510",Not yet rated,NULL,N/A
FCAN,$23.85,1440180677967,322,Not yet rated,NULL,N/A
FCA,$20.2754,1440180677994,"2,187",Not yet rated,NULL,N/A
FTCS,$37.1503,1440180678027,"18,066",Not yet rated,NULL,N/A
IFV,$17.73,1440180678123,"1,721,421",100% bearish,of 1 rating,N/A
FV,$23.5702,1440180678153,"2,712,923",Not yet rated,NULL,N/A
FEMB,NULL,1440180678459,0,Not yet rated,NULL,N/A
FEUZ,$31.16,1440180678489,"2,590",Not yet rated,NULL,N/A
TDIV,$24.8601,1440180678521,"282,837",100% bearish,of 1 rating,N/A
FTSM,$59.9047,1440180678620,"7,628",100% bearish,of 1 rating,N/A
FGM,$35.156,1440180678641,"57,789",Not yet rated,NULL,N/A
MDIV,$19.3795,1440180678722,"439,324",Not yet rated,NULL,N/A
FTHI,$19.7199,1440180678787,"5,589",Not yet rated,NULL,N/A
HYLS,$49.2999,1440180678818,"27,501",100% bearish,of 1 rating,N/A
FHK,$33.16,1440180678924,"104,462",Not yet rated,NULL,N/A
FTGC,$22.07,1440180678955,"108,507",Not yet rated,NULL,N/A
FPXI,NULL,1440180679106,0,Not yet rated,NULL,N/A
SKYY,$29.2,1440180679136,"58,040",100% bullish,of 1 rating,N/A
YDIV,$16.62,1440180679163,"2,431",Not yet rated,NULL,N/A
CU,$12.81,1440180679383,"9,770",100% bearish,of 1 rating,N/A
PLTM,$6.6799,1440180679514,"3,262",100% bearish,of 1 rating,N/A
FMB,NULL,1440180679611,0,Not yet rated,NULL,N/A
LMBS,$50.41,1440180679639,900,Not yet rated,NULL,N/A
FJP,$46.8799,1440180679666,"35,130",Not yet rated,NULL,N/A
QABA,$38.1399,1440180679688,"28,369",100% bearish,of 1 rating,N/A
FTLB,$19.523,1440180679723,"2,357",100% bearish,of 1 rating,N/A
CIBR,$18.3,1440180679823,"112,888",Not yet rated,NULL,N/A
FONE,$34.89,1440180679956,600,Not yet rated,NULL,N/A
CARZ,$34.6801,1440180680091,"6,870",100% bearish,of 1 rating,N/A
GRID,$31.63,1440180680124,824,100% bearish,of 1 rating,N/A
QQEW,$41.9499,1440180680153,"272,617",Not yet rated,NULL,N/A
RDVY,$21.63,1440180680187,"58,418",Not yet rated,NULL,N/A
QCLN,$14.77,1440180680284,"12,336",Not yet rated,NULL,N/A
QQXT,$40.6842,1440180680310,"47,697",Not yet rated,NULL,N/A
QTEC,$39.9653,1440180680606,"134,728",Not yet rated,NULL,N/A
QINC,$20.94,1440180680638,"1,500",Not yet rated,NULL,N/A
AIRR,$16.25,1440180680674,"7,958",100% bearish,of 1 rating,N/A
FSZ,$39.11,1440180680738,"63,270",Not yet rated,NULL,N/A
FTSL,$48.7772,1440180680765,"24,400",100% bearish,of 1 rating,N/A
FKO,$22.07,1440180680793,"2,500",Not yet rated,NULL,N/A
FDIV,$47.5899,1440180680819,"5,853",100% bearish,of 1 rating,N/A
FTW,NULL,1440180681003,0,Not yet rated,NULL,N/A
TUSA,$25.08,1440180681032,"4,920",Not yet rated,NULL,N/A
FKU,$41.8682,1440180681169,"64,623",Not yet rated,NULL,N/A
FUNC,$8.32,1440180681198,"3,336",Not yet rated,NULL,N/A
FMER,$17.78,1440180681227,"947,191",50% bullish,of 2 ratings,$20
SVVC,$10.3026,1440180681327,"26,784",100% bullish,of 1 rating,$26
FISV,$86.67,1440180681411,"514,637",100% bearish,of 3 ratings,$90
FSV,$31.96,1440180681470,"9,800",Not yet rated,NULL,$33.60
FLML,$21.56,1440180681644,"84,913",50% bullish,of 2 ratings,$30
FPRX,$18.95,1440180681670,"200,689",50% bullish,of 2 ratings,$35
FIVN,$4.15,1440180681706,"126,331",100% bullish,of 1 rating,$8.50
FIVE,$35.91,1440180681736,"229,203",75% bearish,of 4 ratings,$44
SKOR,$50.32,1440180681801,900,Not yet rated,NULL,N/A
FLKS,$13.51,1440180681834,"42,914",50% bullish,of 2 ratings,$27
FLXN,$25.19,1440180681882,"62,097",100% bearish,of 1 rating,$40
MBSD,NULL,1440180682087,0,Not yet rated,NULL,N/A
FLXS,$31,1440180682116,"23,668",100% bearish,of 2 ratings,N/A
FLEX,$10.605,1440180682250,"1,174,203",63% bullish,of 8 ratings,$12
FLIR,$29.3,1440180682323,"323,088",100% bearish,of 1 rating,$38.50
FFIC,$20.59,1440180682382,"26,199",Not yet rated,NULL,$21
FOMX,$9.94,1440180682411,"78,647",50% bullish,of 2 ratings,$23.50
FLDM,$12.71,1440180682439,"490,859",67% bearish,of 3 ratings,$21.50
FOGO,$19,1440180682573,"64,242",50% bullish,of 2 ratings,$25.50
FONR,$9.6,1440180682621,"14,409",100% bullish,of 1 rating,N/A
FES,$0.93,1440180682647,"4,145",50% bullish,of 2 ratings,$1
FTNT,$43.72,1440180682802,"1,258,928",80% bullish,of 10 ratings,$52
FORR,$32.57,1440180682832,"26,993",Not yet rated,NULL,N/A
FORM,$6.13,1440180682854,"165,381",67% bullish,of 3 ratings,$10.50
FORTY,$35.45,1440180682891,"3,658",Not yet rated,NULL,N/A
FBIO,$2.62,1440180683185,"151,207",83% bullish,of 6 ratings,N/A
FWRD,$47.49,1440180683212,"205,174",100% bearish,of 1 rating,$50
FXCB,$17.44,1440180683346,"14,298",Not yet rated,NULL,$19
FORD,$1.01,1440180683382,"63,437",50% bullish,of 2 ratings,N/A
FWP,$25.97,1440180683413,"20,019",100% bearish,of 1 rating,$45
FOSL,$60.65,1440180683480,"360,089",50% bullish,of 4 ratings,$80
FMI,$21.8325,1440180683509,"278,339",100% bearish,of 2 ratings,$27.50
FOXF,$15.35,1440180683536,"41,260",100% bearish,of 1 rating,$19
FELE,$29.27,1440180683679,"158,890",50% bullish,of 4 ratings,$33
FREE,$0.4499,1440180683753,"742,720",92% bullish,of 12 ratings,N/A
FRED,$14.5889,1440180683782,"125,289",50% bullish,of 2 ratings,$16.50
FRAN,$10.32,1440180683819,"339,112",50% bullish,of 4 ratings,$15
RAIL,$21.315,1440180683919,"85,627",100% bearish,of 1 rating,$24.50
FEIM,$10.93,1440180683950,"4,444",100% bearish,of 1 rating,N/A
FRPT,$13.0244,1440180684053,"268,374",67% bearish,of 3 ratings,$23.50
FTRPR,$102.55,1440180684269,"60,373",100% bearish,of 1 rating,N/A
FTR,$5.175,1440180684396,"12,974,326",78% bullish,of 27 ratings,$6.25
FTD,$30,1440180684428,"58,702",100% bearish,of 1 rating,$40
FSBW,$23.2,1440180684454,"1,700",Not yet rated,NULL,N/A
FRPH,$30.57,1440180684487,"8,806",100% bearish,of 1 rating,N/A
FSYS,$6.4,1440180684529,"26,088",67% bullish,of 3 ratings,$10
FTEK,$2.155,1440180684555,"17,352",75% bullish,of 4 ratings,N/A
FCEL,$0.74,1440180684621,"1,309,100",88% bullish,of 40 ratings,$2.65
FULLL,$25.33,1440180684798,900,Not yet rated,NULL,N/A
FULL,$3.15,1440180684832,"40,783",67% bearish,of 3 ratings,$4.25
FSNN,$2.49,1440180684899,"1,500",67% bullish,of 3 ratings,$6
FLL,$1.5195,1440180684927,"9,913",75% bullish,of 4 ratings,$2.825
FULT,$12.55,1440180684986,"669,013",100% bearish,of 1 rating,$13
FXEN,$0.861,1440180685209,"84,860",75% bullish,of 4 ratings,$1.10
FFHL,NULL,1440180685314,0,50% bullish,of 4 ratings,N/A
WILC,$5.13,1440180685347,375,100% bullish,of 2 ratings,N/A
GK,$70.36,1440180685378,"35,675",Not yet rated,NULL,$78
FXENP,$16.28,1440180685411,700,100% bearish,of 1 rating,N/A
GLPG,$62,1440180685442,"22,437",100% bullish,of 1 rating,$75
GALT,$1.93,1440180685475,"66,656",80% bullish,of 5 ratings,N/A
GAIA,$5.875,1440180685505,"16,293",50% bullish,of 2 ratings,$8.50
GALE,$1.34,1440180685756,"1,040,772",89% bullish,of 47 ratings,$4
GALTU,NULL,1440180685805,0,100% bearish,of 1 rating,N/A
GLMD,$8.61,1440180685850,"4,912",67% bullish,of 3 ratings,$20.50
GALTW,NULL,1440180685886,0,100% bullish,of 1 rating,N/A
GLPI,$31.8,1440180686030,"311,946",100% bearish,of 1 rating,$37.50
GGAC,NULL,1440180686167,0,100% bearish,of 1 rating,N/A
GRMN,$38.89,1440180686196,"810,964",50% bullish,of 6 ratings,$48
GGACU,NULL,1440180686226,0,Not yet rated,NULL,N/A
GGACW,$0.12,1440180686248,274,Not yet rated,NULL,N/A
GPIC,NULL,1440180686283,0,100% bearish,of 1 rating,N/A
GGACR,NULL,1440180686326,0,100% bullish,of 1 rating,N/A
GARS,$14.87,1440180686416,"17,754",Not yet rated,NULL,$16
GFNCP,NULL,1440180686621,0,Not yet rated,NULL,N/A
GENC,$9.4,1440180686648,"1,228",100% bearish,of 1 rating,N/A
GFN,$3.5601,1440180686678,"22,765",100% bearish,of 2 ratings,$8
GNCMA,$16.905,1440180686786,"87,750",100% bearish,of 1 rating,$12
GFNSL,$25.8,1440180686915,"1,200",Not yet rated,NULL,N/A
GENE,$2.4,1440180686972,"106,844",100% bullish,of 12 ratings,N/A
GNMK,$9.5,1440180687006,"116,593",67% bullish,of 6 ratings,$14
GNCA,$12.77,1440180687032,"117,260",100% bearish,of 1 rating,$20
THRM,$44.53,1440180687113,"180,345",75% bearish,of 4 ratings,$55.50
GNTX,$15.39,1440180687143,"805,621",Not yet rated,NULL,$20
GHDX,$25.6,1440180687171,"68,163",50% bullish,of 2 ratings,$30
GNVC,$2.21,1440180687386,"32,265",90% bullish,of 10 ratings,$8.50
GTWN,NULL,1440180687528,0,Not yet rated,NULL,N/A
GEOS,$15.42,1440180687554,"56,246",100% bearish,of 3 ratings,$25.50
GABC,$29.95,1440180687595,"22,915",Not yet rated,NULL,$31.50
GERN,$3.14,1440180687622,"1,501,146",88% bullish,of 16 ratings,$5.25
GEVO,$2.28,1440180687803,"178,648",75% bullish,of 12 ratings,$5
ROCK,$17.67,1440180687935,"126,824",80% bullish,of 5 ratings,$24
GILD,$108.585,1440180688010,"8,503,494",91% bullish,of 86 ratings,$129
GIGM,$0.6113,1440180688043,"52,295",100% bullish,of 2 ratings,N/A
GBCI,$26.67,1440180688143,"172,453",50% bullish,of 2 ratings,$31
GIGA,$1.3605,1440180688175,"25,393",100% bearish,of 1 rating,N/A
GILT,$4.47,1440180688206,"1,923",50% bullish,of 2 ratings,N/A
GLADO,$25.49,1440180688271,"2,400",Not yet rated,NULL,N/A
GIII,$65.6,1440180688373,"170,680",67% bullish,of 3 ratings,$75
GLAD,$8.4994,1440180688429,"125,562",50% bullish,of 2 ratings,$8.75
GOOD,$15.5398,1440180688503,"69,119",Not yet rated,NULL,$19
GOODN,$25.64,1440180688650,286,Not yet rated,NULL,N/A
GAIN,$7.445,1440180688758,"204,658",100% bullish,of 2 ratings,$8.25
GOODO,$25.1001,1440180688787,601,Not yet rated,NULL,N/A
GOODP,NULL,1440180688808,0,Not yet rated,NULL,N/A
GAINP,$26.0001,1440180688861,"1,800",Not yet rated,NULL,N/A
GAINN,NULL,1440180688991,0,Not yet rated,NULL,N/A
LAND,$9.4901,1440180689021,"7,800",50% bullish,of 2 ratings,$13.75
GAINO,$25.3501,1440180689050,"1,326",Not yet rated,NULL,N/A
GDEF,NULL,1440180689223,0,Not yet rated,NULL,N/A
GBT,$44.69,1440180689251,"172,501",100% bearish,of 1 rating,N/A
GLBZ,NULL,1440180689273,0,Not yet rated,NULL,N/A
ENT,$11.79,1440180689327,"112,463",100% bearish,of 1 rating,$18
GBLI,$26.31,1440180689415,"10,103",Not yet rated,NULL,N/A
GSOL,$8.42,1440180689517,"9,750",100% bearish,of 1 rating,N/A
GPACU,NULL,1440180689582,0,Not yet rated,NULL,N/A
ACTX,$13.53,1440180689612,400,100% bullish,of 1 rating,N/A
QQQC,$19.5,1440180689708,"4,350",100% bearish,of 1 rating,N/A
SOCL,$17.36,1440180689742,"64,629",100% bullish,of 2 ratings,N/A
SRET,$13.6001,1440180689871,"3,074",Not yet rated,NULL,N/A
GAI,$5.27,1440180690002,"2,910",50% bullish,of 2 ratings,N/A
YLCO,$11.8536,1440180690033,134,Not yet rated,NULL,N/A
ALTY,$14.587,1440180690059,700,Not yet rated,NULL,N/A
GSM,$13.2,1440180690138,"197,145",50% bullish,of 2 ratings,$24.50
GBIM,$2.279,1440180690243,"30,414",50% bullish,of 2 ratings,N/A
GLRI,$1.16,1440180690272,"74,005",100% bearish,of 1 rating,$6
GLBS,$1.0601,1440180690302,300,67% bullish,of 3 ratings,N/A
GLUU,$4.45,1440180690409,"1,701,870",92% bullish,of 26 ratings,$9
GOGO,$15.86,1440180690475,"306,389",80% bullish,of 5 ratings,$25
GLYC,$7.16,1440180690506,"6,499",50% bullish,of 2 ratings,$14
GLNG,$35.62,1440180690538,"386,382",83% bullish,of 6 ratings,$58
GLDC,$4.07,1440180690640,"4,230",50% bullish,of 2 ratings,N/A
GOGL,$2.99,1440180690921,"410,962",75% bullish,of 4 ratings,$5
GDEN,$8.75,1440180690949,"8,413",50% bullish,of 2 ratings,N/A
GTIM,$6.38,1440180691024,"68,863",Not yet rated,NULL,$11.50
GMLP,$19.2799,1440180691079,"82,549",50% bullish,of 4 ratings,$32.50
GOOG,$629.3,1440180691105,"1,132,614",89% bullish,of 66 ratings,$825
GBDC,$16.54,1440180691131,"84,420",Not yet rated,NULL,$17.75
GOOGL,$660.47,1440180691162,"1,110,612",88% bullish,of 1079 ratings,$749
GMAN,$4.42,1440180691268,"50,725",60% bullish,of 5 ratings,$8
GPRO,$49.85,1440180691303,"4,006,500",78% bullish,of 58 ratings,$72
GPIA,NULL,1440180691332,0,Not yet rated,NULL,N/A
GPIAU,NULL,1440180691404,0,Not yet rated,NULL,N/A
GPIAW,NULL,1440180691434,0,Not yet rated,NULL,N/A
LOPE,$37.15,1440180691487,"232,648",100% bearish,of 2 ratings,$50
GRVY,$3.381,1440180691563,"1,000",50% bullish,of 2 ratings,N/A
GBSN,$1.497,1440180691616,"513,861",100% bearish,of 1 rating,$8.25
GBSNU,$16.9999,1440180691857,"15,616",Not yet rated,NULL,N/A
GSBC,$40.81,1440180691989,"18,811",100% bullish,of 1 rating,$44
GPP,$14.8,1440180692019,"22,628",Not yet rated,NULL,$20.50
GRBK,$13.64,1440180692041,"112,160",77% bullish,of 13 ratings,N/A
GNBC,$12.35,1440180692078,"11,114",100% bearish,of 1 rating,$17
GCBC,NULL,1440180692100,0,100% bullish,of 1 rating,N/A
GLDD,$5.435,1440180692175,"201,076",100% bearish,of 4 ratings,$7.75
GPRE,$18.91,1440180692232,"456,090",67% bullish,of 6 ratings,$28.50
GRIF,$30.38,1440180692308,151,100% bearish,of 1 rating,N/A
GRFS,$30.91,1440180692442,"103,991",50% bullish,of 2 ratings,$35
GLRE,$25.05,1440180692468,"147,571",50% bullish,of 2 ratings,$41
GRPN,$4.12,1440180692494,"4,452,373",61% bullish,of 71 ratings,$6.75
GGAL,$18,1440180692526,"302,322",80% bullish,of 5 ratings,$40
OMAB,$39.5101,1440180692668,"16,153",100% bullish,of 1 rating,$44
GSIG,$13.29,1440180692808,"41,148",100% bearish,of 2 ratings,N/A
GSIT,$5,1440180692907,"9,184",100% bearish,of 1 rating,N/A
GBNK,$15.85,1440180692958,"27,184",100% bearish,of 1 rating,$18
GSVC,$8.89,1440180692984,"92,132",50% bullish,of 2 ratings,$14.50
GTXI,$0.9,1440180693015,"24,296",100% bullish,of 5 ratings,$.75
GUID,$7.55,1440180693041,"137,217",100% bearish,of 3 ratings,$10
GULTU,$0.2951,1440180693201,"99,736",100% bearish,of 1 rating,N/A
GIFI,$12.05,1440180693331,"12,634",100% bearish,of 1 rating,$16
GURE,$1.715,1440180693361,"70,571",88% bullish,of 8 ratings,N/A
GFED,NULL,1440180693392,0,Not yet rated,NULL,$17
GWPH,$106.1,1440180693463,"142,320",78% bullish,of 9 ratings,$148.50
GWGH,$7.43,1440180693490,984,100% bearish,of 1 rating,$15.05
GPOR,$33.93,1440180693520,"427,507",75% bullish,of 4 ratings,$55
GYRO,$2.85,1440180693656,"59,516",100% bearish,of 1 rating,N/A
HNRG,$7.24,1440180693862,"85,563",100% bearish,of 1 rating,$10
HEES,$16.51,1440180693891,"157,640",67% bearish,of 3 ratings,$31
HALL,$11.65,1440180693917,"23,572",Not yet rated,NULL,N/A
HBK,NULL,1440180693942,0,50% bullish,of 2 ratings,N/A
HLG,$9.64,1440180693974,"3,000",100% bearish,of 1 rating,N/A
HALO,$17.705,1440180693996,"872,678",67% bullish,of 3 ratings,$22.50
HBHC,$27.26,1440180694166,"275,028",50% bullish,of 2 ratings,$30
HMPR,$1.86,1440180694203,"82,492",100% bullish,of 1 rating,N/A
HBHCL,$24.5,1440180694298,"16,529",Not yet rated,NULL,N/A
HAFC,$24.89,1440180694329,"43,846",100% bullish,of 2 ratings,$28.50
HNSN,$0.4951,1440180694355,"42,414",88% bullish,of 8 ratings,$.40
HNH,$28.25,1440180694381,"19,581",100% bullish,of 1 rating,N/A
HQCL,$9.055,1440180694543,"12,900",67% bullish,of 3 ratings,N/A
HRMNU,NULL,1440180694637,0,Not yet rated,NULL,N/A
HRMNW,NULL,1440180694670,0,Not yet rated,NULL,N/A
HRMN,NULL,1440180694699,0,Not yet rated,NULL,N/A
HDNG,$9.9406,1440180694720,"6,623",50% bullish,of 4 ratings,N/A
HLIT,$5.63,1440180694753,"201,308",100% bearish,of 1 rating,$6.50
TINY,$2.502,1440180694898,"15,429",50% bullish,of 2 ratings,$5.26
HART,$0.6969,1440180694928,"86,971",100% bearish,of 1 rating,N/A
HBIO,$4.48,1440180694958,"63,166",Not yet rated,NULL,$10
HCAP,$11.9675,1440180695060,"19,908",50% bullish,of 2 ratings,$15
HAS,$76.1,1440180695205,"529,612",63% bullish,of 8 ratings,$84.50
HCAPL,$25.41,1440180695281,"1,573",Not yet rated,NULL,N/A
HCOM,$22.69,1440180695341,"20,498",100% bearish,of 1 rating,$28
HWKN,$37.16,1440180695420,"16,224",Not yet rated,NULL,N/A
HA,$23.81,1440180695487,"536,759",67% bullish,of 9 ratings,$27
HAYN,$38.35,1440180695515,"21,602",100% bearish,of 1 rating,$59
HDS,$33.33,1440180695544,"710,124",100% bearish,of 2 ratings,$39.50
HWBK,$13.54,1440180695567,235,100% bearish,of 1 rating,N/A
HCSG,$34,1440180695700,"200,504",50% bullish,of 4 ratings,$35
HIIQ,$4.58,1440180695747,"21,258",50% bullish,of 2 ratings,$7
HSTM,$24.82,1440180695804,"129,801",50% bullish,of 2 ratings,$33.75
HQY,$29.78,1440180695834,"252,505",67% bullish,of 3 ratings,$31
HWAY,$12.41,1440180695881,"117,797",100% bearish,of 1 rating,$15
HTLD,$20.29,1440180695940,"256,144",Not yet rated,NULL,$22.50
HTLF,$36.64,1440180696041,"36,965",100% bullish,of 1 rating,$39.50
HSII,$20.27,1440180696219,"40,067",100% bullish,of 3 ratings,$25
HTWR,$83.53,1440180696252,"137,601",50% bullish,of 2 ratings,$103
HTBX,$5.32,1440180696274,"21,190",50% bullish,of 2 ratings,$15.50
HNNA,$24.45,1440180696356,"10,985",Not yet rated,NULL,N/A
HMNY,$2.1929,1440180696409,"2,178",100% bearish,of 1 rating,N/A
HELE,$88.72,1440180696438,"86,808",67% bearish,of 3 ratings,$100
HMTV,$13,1440180696461,"8,776",100% bearish,of 1 rating,$16
HCACU,$10.0043,1440180696637,"2,000",Not yet rated,NULL,N/A
HSIC,$140.03,1440180696669,"192,865",83% bullish,of 6 ratings,$146
HERO,$0.07,1440180696770,"1,267,639",81% bullish,of 16 ratings,$.75
HCCI,$11.75,1440180696903,"18,830",100% bearish,of 1 rating,$16.50
HFWA,$17.96,1440180696931,"42,606",100% bullish,of 1 rating,$20
HEOP,$7.95,1440180697065,"16,624",Not yet rated,NULL,$8.50
MLHR,$28.5,1440180697131,"127,146",50% bullish,of 2 ratings,$33.50
HFFC,$16.2,1440180697197,832,Not yet rated,NULL,N/A
HSKA,$33.6397,1440180697230,"23,518",100% bearish,of 1 rating,$38
HRTX,$35.46,1440180697252,"541,764",67% bullish,of 6 ratings,$41
HTBK,$11.124,1440180697274,"74,159",Not yet rated,NULL,$12
HIBB,$38.101,1440180697416,"702,860",100% bearish,of 1 rating,$48.50
HPJ,$2.25,1440180697517,"105,719",75% bullish,of 4 ratings,$12.43
HIHO,$4.0006,1440180697543,"7,592",Not yet rated,NULL,N/A
HIMX,$6.425,1440180697706,"827,269",86% bullish,of 21 ratings,$8.50
HSGX,$5.74,1440180697737,"23,205",100% bearish,of 1 rating,$17
HIFS,$118.59,1440180697759,"1,569",Not yet rated,NULL,N/A
HMNF,$11.1,1440180697789,"2,410",Not yet rated,NULL,N/A
HBCP,$24.28,1440180697947,"29,618",Not yet rated,NULL,$29
HMSY,$8.92,1440180698007,"817,630",67% bullish,of 3 ratings,$19.35
HOLX,$40.15,1440180698039,"1,206,281",67% bullish,of 3 ratings,$42
HOLI,$16.92,1440180698137,"126,884",50% bullish,of 4 ratings,$27
HOMB,$39.54,1440180698237,"229,867",Not yet rated,NULL,$41
HFBL,$22,1440180698297,"1,100",Not yet rated,NULL,N/A
AWAY,$29.605,1440180698368,"393,927",67% bullish,of 3 ratings,$36
HMIN,$29.2,1440180698459,"37,514",100% bearish,of 2 ratings,$35
HKTV,$4.8,1440180698554,811,100% bearish,of 1 rating,N/A
HTBI,$18.5,1440180698582,"42,876",67% bullish,of 3 ratings,$18.625
HMST,$21.73,1440180698618,"66,384",100% bullish,of 2 ratings,$27
CETC,$0.782,1440180698715,"33,372",86% bullish,of 7 ratings,N/A
HOFT,$24.71,1440180698741,"40,052",100% bearish,of 1 rating,N/A
HZNP,$29.5,1440180698879,"1,771,535",85% bullish,of 20 ratings,$40
HBNC,$24.17,1440180698912,"23,889",100% bullish,of 1 rating,$27
HFBC,$11.64,1440180699009,"2,429",Not yet rated,NULL,N/A
HRZN,$10.6201,1440180699045,"33,434",100% bearish,of 1 rating,$14.25
ZINC,$7.19,1440180699079,"345,121",100% bearish,of 1 rating,$17
HMHC,$22.505,1440180699106,"544,278",Not yet rated,NULL,$27
HDP,$25.68,1440180699183,"135,380",67% bearish,of 3 ratings,$30.50
HWCC,$7.215,1440180699390,"39,079",100% bearish,of 1 rating,$9
HOVNP,NULL,1440180699493,0,100% bearish,of 1 rating,N/A
HBMD,$13.46,1440180699526,300,100% bearish,of 1 rating,N/A
HSNI,$61.71,1440180699557,"159,519",Not yet rated,NULL,$80
HTGM,$5.62,1440180699626,"4,702",100% bearish,of 1 rating,$19.50
HCBK,$9.79,1440180699654,"1,093,814",83% bullish,of 6 ratings,$8.61
HUBG,$39.56,1440180699699,"125,902",100% bearish,of 1 rating,$43
HSON,$2.82,1440180699797,"12,849",100% bearish,of 1 rating,$5
HBAN,$11.181,1440180699901,"3,626,354",76% bullish,of 17 ratings,$12.29
HBANP,$1337,1440180699935,11,100% bearish,of 1 rating,N/A
HDSN,$2.84,1440180699962,"23,416",100% bullish,of 1 rating,$6.25
HURC,$29.94,1440180700095,"9,369",100% bearish,of 1 rating,N/A
HURN,$73.65,1440180700126,"65,290",50% bullish,of 2 ratings,$80
HTCH,$1.601,1440180700148,"42,333",100% bearish,of 1 rating,$3.50
HBP,NULL,1440180700284,0,100% bullish,of 1 rating,N/A
HDRA,NULL,1440180700310,0,Not yet rated,NULL,N/A
HDRAU,NULL,1440180700511,0,Not yet rated,NULL,N/A
HDRAR,NULL,1440180700543,0,Not yet rated,NULL,N/A
IKGH,$1.81,1440180700597,"9,914",75% bullish,of 4 ratings,N/A
HDRAW,NULL,1440180700633,0,Not yet rated,NULL,N/A
HYGS,$7.5325,1440180700656,"22,479",50% bullish,of 2 ratings,$13
IACI,$71.895,1440180700691,"451,680",75% bullish,of 4 ratings,$90
IBKC,$61.05,1440180700713,"133,728",100% bullish,of 1 rating,$70
IDSY,$3.85,1440180700751,"3,264",100% bearish,of 1 rating,$7
ICFI,$35.9,1440180701054,"58,983",50% bullish,of 2 ratings,$48.50
IEP,$67.6355,1440180701080,"97,033",75% bullish,of 4 ratings,$99
ICAD,$3.53,1440180701106,"7,600",50% bullish,of 2 ratings,$7.25
ICLR,$78.23,1440180701248,"194,005",100% bearish,of 3 ratings,$85
IPWR,$7.3999,1440180701441,447,100% bullish,of 1 rating,$15
INVE,$4.6901,1440180701466,"86,708",75% bullish,of 4 ratings,$4
ICUI,$115.95,1440180701494,"85,448",Not yet rated,NULL,$122
ICON,$12.37,1440180701521,"383,173",50% bullish,of 2 ratings,$18.50
IDRA,$2.64,1440180701647,"849,366",89% bullish,of 9 ratings,$6.50
DSKY,$12.1,1440180701689,"165,696",67% bullish,of 6 ratings,$11.50
IROQ,$16.5,1440180701717,500,100% bullish,of 1 rating,N/A
IDXX,$75.14,1440180701909,"238,016",100% bearish,of 1 rating,$77
RXDX,$12.88,1440180702206,"81,369",100% bullish,of 1 rating,$20
IRG,$4.875,1440180702231,"7,316",100% bearish,of 1 rating,$4.50
ILMN,$201.96,1440180702363,"554,125",80% bullish,of 5 ratings,$240
IIVI,$17.965,1440180702459,"115,929",100% bearish,of 1 rating,$22
IKAN,$2.73,1440180702489,"14,259",83% bullish,of 6 ratings,$5
ISNS,$3.94,1440180702519,"48,336",50% bullish,of 2 ratings,N/A
KANG,$15,1440180702552,"221,079",50% bullish,of 2 ratings,$22.55
IMMR,$11.23,1440180702621,"145,596",80% bullish,of 5 ratings,$15.50
IKNX,$11.98,1440180702649,522,100% bearish,of 1 rating,N/A
ICCC,$8.22,1440180702679,"5,229",100% bullish,of 1 rating,N/A
IMDZ,$15.92,1440180702812,"38,826",100% bearish,of 1 rating,$33
IMGN,$13.6299,1440180702842,"670,360",75% bullish,of 4 ratings,$17.50
IMNP,$1.3802,1440180702868,"83,455",50% bullish,of 2 ratings,$6
IMMU,$1.94,1440180703008,"644,212",86% bullish,of 7 ratings,$2
IPXL,$43.76,1440180703036,"413,260",67% bullish,of 3 ratings,$46.50
INCY,$106.11,1440180703291,"415,568",50% bullish,of 6 ratings,$125.50
INDB,$46.87,1440180703318,"41,802",Not yet rated,NULL,$44
SAAS,$7.65,1440180703347,"309,586",50% bullish,of 2 ratings,$15
IMMY,$7.445,1440180703375,"5,848",100% bearish,of 1 rating,$11
INCR,$42.4,1440180703403,"167,450",50% bullish,of 2 ratings,$53
IBTX,$43.38,1440180703578,"29,838",100% bullish,of 2 ratings,$47.25
INFN,$21.475,1440180703614,"1,582,449",71% bullish,of 7 ratings,$28
IBCP,$14.4144,1440180703644,"43,591",100% bullish,of 1 rating,$14.50
IDSA,$3.53,1440180703712,200,Not yet rated,NULL,N/A
IPCC,$81.3,1440180703741,"23,850",Not yet rated,NULL,$77.50
INFI,$9.94,1440180703772,"432,269",50% bullish,of 4 ratings,$18
IFON,$1.227,1440180703872,"38,543",75% bullish,of 4 ratings,N/A
III,$4.2,1440180703959,"96,031",57% bullish,of 7 ratings,$6
IMKTA,$53.77,1440180704006,"57,510",100% bearish,of 1 rating,N/A
INWK,$7.36,1440180704139,"89,659",50% bullish,of 2 ratings,$10
INNL,NULL,1440180704164,0,100% bearish,of 1 rating,$16.50
INOD,$2.49,1440180704329,"5,782",100% bearish,of 1 rating,N/A
IOSP,$48.9,1440180704356,"500,925",100% bearish,of 1 rating,N/A
IPHS,$48.25,1440180704391,"47,418",100% bearish,of 1 rating,$60
ISSC,$2.93,1440180704490,"5,282",67% bearish,of 3 ratings,N/A
INOV,$21.02,1440180704565,"190,309",100% bearish,of 1 rating,$33
ITEK,$14,1440180704622,"457,358",100% bearish,of 3 ratings,$20
INO,$7.2038,1440180704652,"696,639",89% bullish,of 18 ratings,$20
NSIT,$26.21,1440180704761,"90,228",50% bullish,of 2 ratings,N/A
INGN,$50.22,1440180704789,"84,701",100% bearish,of 1 rating,$50.50
ISIG,$2.6,1440180704815,"6,039",100% bearish,of 1 rating,N/A
INSM,$25.54,1440180704982,"218,252",71% bullish,of 7 ratings,$31.50
PODD,$28.95,1440180705012,"198,434",50% bullish,of 2 ratings,$35
IIIN,$18,1440180705038,"28,774",100% bearish,of 2 ratings,N/A
INSY,$32.62,1440180705220,"427,044",75% bullish,of 4 ratings,$48
NTEC,$6,1440180705245,"16,200",Not yet rated,NULL,N/A
IART,$61.09,1440180705274,"84,938",100% bearish,of 1 rating,$71.50
IDTI,$17.69,1440180705301,"1,261,918",60% bullish,of 5 ratings,$25
ISSI,$22.325,1440180705553,"129,523",67% bullish,of 3 ratings,$19.75
INTC,$27.11,1440180705585,"19,864,228",82% bullish,of 238 ratings,$36
IQNT,$19.29,1440180705614,"156,461",86% bullish,of 7 ratings,$20
IPAR,$27.465,1440180705659,"31,830",67% bullish,of 3 ratings,$38
IESC,$7.26,1440180705688,"1,000",100% bearish,of 1 rating,N/A
IPCI,$2.12,1440180705746,"20,615",67% bullish,of 6 ratings,$7.75
ININ,$38.08,1440180705819,"52,487",67% bearish,of 3 ratings,$57
IBKR,$39.34,1440180705854,"310,659",100% bullish,of 1 rating,N/A
ICPT,$197,1440180705951,"190,703",70% bullish,of 10 ratings,$359.50
ICLD,$1.87,1440180706106,"313,657",75% bullish,of 4 ratings,N/A
IDCC,$48.05,1440180706285,"152,751",80% bullish,of 5 ratings,$63
ICLDW,NULL,1440180706334,0,100% bearish,of 1 rating,N/A
TILE,$24.61,1440180706363,"323,587",67% bearish,of 3 ratings,$27
IMI,$2.05,1440180706465,"5,787",67% bullish,of 3 ratings,$2.22
IGLD,$7.091,1440180706551,"1,977",50% bullish,of 2 ratings,N/A
INAP,$8.39,1440180706600,"107,409",75% bullish,of 4 ratings,$11
IIJI,$8.8266,1440180706706,800,50% bullish,of 2 ratings,$11.50
ISCA,$32.25,1440180706738,"36,752",100% bearish,of 1 rating,N/A
PTNT,$2.99,1440180706766,"1,250",Not yet rated,NULL,N/A
IBOC,$26.282,1440180706796,"113,278",100% bearish,of 1 rating,N/A
XENT,$27.75,1440180706893,"101,522",50% bullish,of 2 ratings,$36.50
INPH,$0.3,1440180706960,"8,240",50% bullish,of 2 ratings,N/A
ISIL,$10.43,1440180707029,"545,610",50% bullish,of 6 ratings,$15
INTX,$2.5601,1440180707057,"19,966",67% bullish,of 3 ratings,N/A
IILG,$20.22,1440180707192,"150,664",100% bearish,of 1 rating,$30.50
INTL,$26.4799,1440180707328,"65,140",67% bearish,of 3 ratings,N/A
IVAC,$4.92,1440180707358,"4,225",Not yet rated,NULL,$6.625
ITCI,$29.9958,1440180707380,"259,067",75% bearish,of 4 ratings,$40
IIN,$6.3799,1440180707514,"5,300",100% bearish,of 1 rating,$12
INTLL,$25.8266,1440180707540,200,Not yet rated,NULL,N/A
INTU,$90.93,1440180707575,"3,651,298",100% bullish,of 7 ratings,$110.50
ISRG,$510.0975,1440180707609,"96,669",67% bullish,of 3 ratings,$600
INVT,$0.2712,1440180707704,"16,271",67% bullish,of 3 ratings,N/A
SNAK,$8.47,1440180707734,"210,844",50% bullish,of 2 ratings,$14
ISBC,$11.97,1440180707810,"1,458,965",100% bullish,of 1 rating,$13.25
ISTR,$15.51,1440180707942,442,100% bearish,of 1 rating,$18.50
ITIC,NULL,1440180707971,0,100% bearish,of 2 ratings,N/A
NVIV,$9.95,1440180708103,"338,057",50% bullish,of 4 ratings,$24.50
IVTY,$12.89,1440180708130,"4,525",Not yet rated,NULL,$18
IPAS,$1.041,1440180708208,"36,570",67% bullish,of 3 ratings,N/A
IPCM,$79.52,1440180708296,"385,706",50% bullish,of 2 ratings,$80.125
DTUL,NULL,1440180708334,0,Not yet rated,NULL,N/A
IPGP,$85.92,1440180708434,"80,876",100% bearish,of 2 ratings,$109.50
DFVL,NULL,1440180708465,0,Not yet rated,NULL,N/A
IRIX,$7.1514,1440180708495,"9,155",100% bearish,of 1 rating,N/A
IRDM,$6.7201,1440180708530,"332,640",60% bullish,of 5 ratings,$11.50
IRMD,$25.2,1440180708595,"11,234",67% bearish,of 3 ratings,$25
IRBT,$30.28,1440180708821,"126,130",67% bullish,of 6 ratings,$37
IRDMB,$267.54,1440180708893,300,67% bearish,of 3 ratings,N/A
IRWD,$11.24,1440180708927,"668,363",100% bearish,of 1 rating,$13
IRCP,$32.13,1440180708954,101,100% bullish,of 2 ratings,N/A
COMT,$32.2101,1440180709025,"9,549",100% bearish,of 1 rating,N/A
GNMA,$50.27,1440180709054,"1,522",Not yet rated,NULL,N/A
FCHI,$47.89,1440180709081,"1,550",Not yet rated,NULL,N/A
IFAS,$28.706,1440180709223,"7,092",Not yet rated,NULL,N/A
IFNA,$56.26,1440180709369,1,Not yet rated,NULL,N/A
IFEU,$38.87,1440180709423,"15,008",Not yet rated,NULL,N/A
IFGL,$29.095,1440180709449,"111,244",Not yet rated,NULL,N/A
ACWI,$56.29,1440180709585,"735,869",Not yet rated,NULL,N/A
AAXJ,$52.81,1440180709611,"948,846",Not yet rated,NULL,N/A
ACWX,$40.77,1440180709660,"238,243",100% bearish,of 1 rating,N/A
AAIT,NULL,1440180709981,0,100% bullish,of 1 rating,N/A
AXJS,NULL,1440180710200,0,Not yet rated,NULL,N/A
EEMA,$49.5701,1440180710376,"368,275",Not yet rated,NULL,N/A
EMEY,NULL,1440180710405,0,Not yet rated,NULL,N/A
EEME,$38.42,1440180710478,256,100% bearish,of 1 rating,N/A
EMDI,$46.16,1440180710538,300,Not yet rated,NULL,N/A
EVAL,$36.6982,1440180710564,"1,500",Not yet rated,NULL,N/A
EGRW,$45.38,1440180710592,201,Not yet rated,NULL,N/A
EEML,NULL,1440180710647,0,Not yet rated,NULL,N/A
QAT,$20.45,1440180710792,"23,245",Not yet rated,NULL,N/A
EUFN,$22.03,1440180710826,"121,415",100% bearish,of 1 rating,N/A
IEUS,$45.38,1440180710893,"5,981",100% bearish,of 1 rating,N/A
UAE,$17.7799,1440180710920,912,Not yet rated,NULL,N/A
IBB,$348.77,1440180710946,"1,424,883",63% bullish,of 8 ratings,N/A
SOXX,$80.23,1440180711078,"520,456",50% bullish,of 2 ratings,N/A
EMIF,$28.56,1440180711170,"3,522",Not yet rated,NULL,N/A
WOOD,$49.21,1440180711233,"48,266",50% bullish,of 2 ratings,N/A
IGOV,$92.24,1440180711313,"16,220",100% bearish,of 1 rating,N/A
ICLN,$9.418,1440180711340,"29,834",50% bullish,of 2 ratings,N/A
ISHG,$80.1695,1440180711362,"21,974",100% bearish,of 1 rating,N/A
ISLE,$16.7899,1440180711510,"210,779",50% bullish,of 4 ratings,$16
INDY,$28.1572,1440180711542,"671,918",50% bullish,of 2 ratings,N/A
ISRL,$129.9,1440180711569,545,100% bearish,of 1 rating,N/A
ISIS,$47.6738,1440180711600,"814,399",53% bullish,of 15 ratings,$67
ITRI,$32.38,1440180711702,"157,443",Not yet rated,NULL,$37
ITUS,$4.16,1440180711844,"5,887",Not yet rated,NULL,N/A
ITRN,$24.73,1440180711877,"5,053",50% bullish,of 2 ratings,N/A
XXIA,$15.62,1440180711975,"172,233",71% bullish,of 7 ratings,$14.625
JJSF,$114.18,1440180712029,"59,331",100% bearish,of 1 rating,N/A
IXYS,$10.6996,1440180712131,"156,930",50% bullish,of 4 ratings,N/A
MAYS,NULL,1440180712162,0,Not yet rated,NULL,N/A
JBHT,$76.96,1440180712193,"534,490",50% bullish,of 4 ratings,$89.50
JKHY,$69.325,1440180712297,"98,368",50% bullish,of 2 ratings,$72
JACK,$82.54,1440180712325,"354,408",83% bullish,of 6 ratings,$105
JCOM,$70.38,1440180712358,"127,396",100% bullish,of 2 ratings,$77
JASO,$7.4,1440180712455,"941,541",82% bullish,of 17 ratings,$10
JAXB,$12.76,1440180712586,"1,300",100% bullish,of 1 rating,N/A
JXSB,$24.06,1440180712647,542,Not yet rated,NULL,N/A
JAGX,$2.5,1440180712779,"7,580",Not yet rated,NULL,N/A
JMBA,$13.43,1440180712805,"54,313",75% bullish,of 4 ratings,$18
JAKK,$9.22,1440180712859,"232,517",60% bearish,of 5 ratings,$11
ERW,NULL,1440180712885,0,Not yet rated,NULL,N/A
JRVR,$26.48,1440180712964,"21,998",Not yet rated,NULL,$32
JASNW,$0.25,1440180713105,"9,800",50% bullish,of 2 ratings,N/A
JASN,$4.875,1440180713132,"26,158",50% bullish,of 2 ratings,$9.50
JD,$25.61,1440180713186,"6,901,051",75% bullish,of 16 ratings,$36
JAZZ,$172.66,1440180713218,"201,432",80% bullish,of 15 ratings,$206.50
JTPY,$3.03,1440180713319,"4,965",100% bearish,of 1 rating,N/A
JBLU,$22.13,1440180713362,"4,781,683",94% bullish,of 16 ratings,$27
DATE,$6.545,1440180713451,"138,749",75% bullish,of 4 ratings,$9
JCTCF,NULL,1440180713498,0,100% bullish,of 1 rating,N/A
JST,$4.022,1440180713646,"30,200",75% bullish,of 4 ratings,N/A
JIVE,$4.06,1440180713729,"281,206",75% bullish,of 4 ratings,$5
JOEZ,$0.18,1440180713756,"22,156",92% bullish,of 12 ratings,N/A
WYIGU,$10.0227,1440180713827,100,Not yet rated,NULL,N/A
JNP,$9.855,1440180713856,"2,292",100% bullish,of 3 ratings,$15
JUNO,$38.39,1440180713878,"877,212",73% bullish,of 11 ratings,$71.50
JOUT,$23.26,1440180713936,"13,468",100% bearish,of 1 rating,$34
KTWO,$22.01,1440180714082,"92,729",100% bearish,of 1 rating,$28.50
KALU,$82.74,1440180714133,"60,355",67% bearish,of 3 ratings,$91
KBIO,$1.8301,1440180714213,"17,169",50% bullish,of 4 ratings,N/A
KMDA,$3.56,1440180714240,"8,680",50% bullish,of 2 ratings,$8
