Symbol,Price,Date,Volume,Rating,RatingVoteCount,OneYearEstimate
FCCY,$11.74,1441225202719,150,100% bullish,of 1 rating,$13
FLWS,$8.5,1441225202790,"229,896",80% bullish,of 5 ratings,$15
TFSCR,NULL,1441225203103,0,Not yet rated,NULL,N/A
PIH,NULL,1441225203138,0,100% bearish,of 1 rating,N/A
TFSC,NULL,1441225203159,0,100% bearish,of 1 rating,N/A
TWOU,$34.8361,1441225203235,"114,774",50% bullish,of 2 ratings,$39
SRCE,$29.57,1441225203262,"21,219",100% bullish,of 3 ratings,$33
TFSCW,NULL,1441225203287,0,100% bearish,of 1 rating,N/A
FCTY,$7.74,1441225203315,990,100% bullish,of 1 rating,$8.50
DSLV,$68.03,1441225203421,"15,840",100% bearish,of 1 rating,N/A
VNET,$16.6863,1441225203450,"368,714",60% bullish,of 5 ratings,$35
DGLD,$81.19,1441225203476,"5,495",100% bullish,of 1 rating,N/A
USLV,$12.68,1441225203607,"219,688",86% bullish,of 7 ratings,N/A
JOBS,$26.4251,1441225203646,"82,116",50% bullish,of 4 ratings,$36
UGLD,$9.262,1441225203670,"112,289",100% bearish,of 1 rating,N/A
SIXD,$2.7,1441225203929,"35,577",Not yet rated,NULL,N/A
SHLM,$33,1441225204029,"84,838",100% bearish,of 1 rating,$47
ABAX,$47.0664,1441225204056,"78,314",100% bearish,of 1 rating,$60
AVHI,$14,1441225204083,"15,809",100% bearish,of 1 rating,$19
AAON,$20.0301,1441225204104,"62,134",100% bearish,of 1 rating,$24
ABY,$22.39,1441225204362,"393,841",100% bearish,of 2 ratings,$46
EGHT,$7.72,1441225204404,"229,148",82% bullish,of 17 ratings,$11
ABEO,$4.8,1441225204430,"65,646",50% bullish,of 4 ratings,$15.50
CAFD,$14.875,1441225204465,"136,251",Not yet rated,NULL,$24.50
ABEOW,$1.67,1441225204492,800,100% bullish,of 1 rating,N/A
ABGB,$5.26,1441225204521,"15,697",67% bullish,of 3 ratings,$5.50
ABMD,$95.04,1441225204541,"346,977",75% bullish,of 4 ratings,$100.50
AXAS,$1.675,1441225204880,"852,444",78% bullish,of 9 ratings,$3.50
ACHC,$72.98,1441225204914,"213,161",50% bullish,of 2 ratings,$92
ACTG,$9.13,1441225204949,"305,017",67% bullish,of 3 ratings,$18.50
ACST,$0.3421,1441225204975,"1,190",100% bullish,of 2 ratings,N/A
ACAD,$37.8,1441225204995,"521,309",80% bullish,of 20 ratings,$48
XLRN,$29.23,1441225205028,"47,399",50% bullish,of 2 ratings,$57
AXDX,$19.2899,1441225205053,"49,385",100% bearish,of 1 rating,N/A
ANCX,$19.75,1441225205300,"13,414",Not yet rated,NULL,$20
VXUP,$1.66,1441225205389,"34,804",100% bearish,of 1 rating,N/A
ARAY,$6.63,1441225205413,"353,562",100% bearish,of 1 rating,$10.50
VXDN,$1.81,1441225205622,"21,355",100% bearish,of 1 rating,N/A
ACRX,$4.48,1441225205655,"296,589",67% bearish,of 6 ratings,$5.50
ACET,$21.75,1441225205680,"64,337",75% bullish,of 4 ratings,$30
ACHN,$7.52,1441225205755,"2,567,184",90% bullish,of 21 ratings,$16
ACNB,$20.35,1441225205782,463,Not yet rated,NULL,N/A
ACIW,$21.25,1441225205809,"274,127",67% bearish,of 3 ratings,$24
AKAO,$7.03,1441225205834,"41,653",75% bullish,of 4 ratings,$15
ACOR,$32.39,1441225206002,"358,604",67% bearish,of 3 ratings,$38.50
ACTS,$1.6336,1441225206036,"10,848",100% bearish,of 1 rating,N/A
ATVI,$28.28,1441225206138,"8,374,760",67% bullish,of 84 ratings,$31.50
ACPW,$1.95,1441225206166,"23,392",100% bullish,of 4 ratings,$3.25
ACTA,$13.81,1441225206191,"59,746",67% bearish,of 3 ratings,$25
ACUR,$2.8999,1441225206390,"8,208",100% bullish,of 5 ratings,$5
ADMP,$3.79,1441225206472,"21,996",50% bullish,of 2 ratings,$10
ADAP,$11.35,1441225206521,"26,843",67% bullish,of 3 ratings,$22
ADMS,$19.6,1441225206548,"31,150",100% bearish,of 2 ratings,$36
ACXM,$20.56,1441225206583,"157,844",67% bullish,of 3 ratings,N/A
AEY,$2.35,1441225206680,"9,438",100% bearish,of 2 ratings,N/A
ADEP,$7,1441225206707,"34,935",50% bullish,of 2 ratings,$10.75
ADUS,$29.55,1441225206733,"21,561",100% bearish,of 1 rating,$31
ADMA,$9,1441225206873,"7,381",Not yet rated,NULL,$19
ADBE,$77.17,1441225206904,"1,427,187",65% bullish,of 17 ratings,$90
ADRO,$19.25,1441225207075,"125,842",80% bullish,of 5 ratings,$45.50
ADTN,$15.665,1441225207122,"126,843",67% bullish,of 3 ratings,$17.125
ADXS,$13.54,1441225207206,"636,756",64% bullish,of 14 ratings,$27
AMD,$1.76,1441225207235,"3,272,992",83% bullish,of 103 ratings,$2
AEIS,$24.28,1441225207260,"68,664",50% bullish,of 2 ratings,$32.50
ADXSW,$9.169,1441225207285,"6,050",100% bullish,of 1 rating,N/A
YPRO,$22.97,1441225207417,202,100% bearish,of 1 rating,N/A
MULT,NULL,1441225207453,0,100% bearish,of 1 rating,N/A
AEGR,$17.96,1441225207510,"130,830",50% bullish,of 6 ratings,$26
AEGN,$17.91,1441225207582,"40,259",100% bearish,of 2 ratings,$21
AEHR,$2.3,1441225207674,"3,486",50% bullish,of 2 ratings,N/A
AMTX,$2.7,1441225207702,"19,461",50% bullish,of 2 ratings,$26.11
AEPI,$53.0783,1441225207759,"18,408",100% bearish,of 1 rating,N/A
TFSCU,NULL,1441225207915,0,Not yet rated,NULL,N/A
AEZS,$0.0879,1441225207950,"9,696,985",90% bullish,of 21 ratings,$1.50
AERI,$15.81,1441225207976,"447,640",75% bullish,of 4 ratings,$31.50
AVAV,$21.22,1441225208050,"668,310",50% bullish,of 4 ratings,$31
AEMD,$7.4211,1441225208075,"13,482",Not yet rated,NULL,$27.50
AFFX,$9.1197,1441225208103,"182,573",80% bullish,of 5 ratings,$12.50
AFMD,$10.17,1441225208129,"108,660",50% bullish,of 4 ratings,$15
AGEN,$7.0164,1441225208258,"300,984",85% bullish,of 13 ratings,$14
AGRX,$8.32,1441225208365,"19,081",100% bearish,of 1 rating,$17.50
AGFS,$9.65,1441225208425,"173,549",100% bearish,of 1 rating,N/A
AGIO,$87.03,1441225208451,"122,291",88% bullish,of 8 ratings,$114
AGYS,$9.89,1441225208472,"8,136",100% bearish,of 1 rating,N/A
AGFSW,$1.9,1441225208493,"1,788",100% bearish,of 2 ratings,N/A
AIMT,$22.13,1441225208635,"87,024",Not yet rated,NULL,$35.50
AIRM,$36.35,1441225208665,"93,271",80% bearish,of 5 ratings,$53
AMCN,$4.5,1441225208769,"68,586",83% bullish,of 6 ratings,N/A
ATSG,$8.7644,1441225208799,"103,668",67% bullish,of 3 ratings,$13
AKAM,$71.01,1441225208862,"712,272",63% bullish,of 8 ratings,$77.50
AIRT,$22.542,1441225208887,"1,076",100% bullish,of 1 rating,N/A
AIXG,$6.3319,1441225208912,"5,240",67% bearish,of 3 ratings,$5.25
AKBA,$7.5,1441225209041,"241,878",100% bearish,of 1 rating,$18
AKER,$2.71,1441225209120,"26,729",Not yet rated,NULL,N/A
ALRM,$15.91,1441225209148,"134,775",100% bearish,of 1 rating,$22
AKRX,$39.4,1441225209178,"288,570",78% bullish,of 9 ratings,$56
ALSK,$2.22,1441225209276,"68,325",78% bullish,of 18 ratings,$2
ADHD,$7.9,1441225209308,"155,683",50% bullish,of 4 ratings,$18
ABDC,$12.9797,1441225209404,"18,093",Not yet rated,NULL,$15
AMRI,$19.9,1441225209433,"69,153",75% bearish,of 4 ratings,$24
ALDR,$40.37,1441225209458,"522,412",67% bearish,of 3 ratings,$62
ALXN,$174.71,1441225209631,"674,733",88% bullish,of 8 ratings,$223.50
ALDX,$7.06,1441225209656,"7,184",100% bearish,of 1 rating,$14.50
ALXA,$1.1997,1441225209713,"4,100",83% bullish,of 6 ratings,$2.125
ALCO,$41.7788,1441225209797,"5,752",50% bullish,of 2 ratings,N/A
ALGN,$54.82,1441225209843,"314,332",100% bearish,of 2 ratings,$73
ALKS,$62.93,1441225209884,"640,533",67% bullish,of 3 ratings,$75
ALIM,$3.14,1441225209938,"46,194",80% bullish,of 5 ratings,$10
ALGT,$203.1979,1441225209973,"112,336",100% bearish,of 2 ratings,$235
ALLB,$22.66,1441225210021,300,Not yet rated,NULL,N/A
AFOP,$18.7855,1441225210046,"220,161",75% bullish,of 8 ratings,$21
AIQ,$14.05,1441225210117,"6,407",67% bullish,of 3 ratings,N/A
ARLP,$24.8,1441225210244,"187,149",67% bearish,of 3 ratings,$32
AHGP,$35.36,1441225210296,"22,095",67% bullish,of 3 ratings,N/A
AMOT,$17.8734,1441225210399,"121,388",100% bearish,of 1 rating,N/A
ALQA,$4.65,1441225210483,"13,390",75% bullish,of 4 ratings,$8.50
AHPI,$1.448,1441225210634,400,50% bullish,of 2 ratings,N/A
ALLT,$5.11,1441225210656,"36,195",75% bullish,of 4 ratings,$6.25
MDRX,$13.1,1441225210691,"3,439,230",60% bullish,of 5 ratings,$16
AFAM,$45.45,1441225210734,"44,387",50% bullish,of 2 ratings,$44
ALNY,$101.17,1441225210763,"284,004",67% bullish,of 3 ratings,$151.50
AOSL,$7.99,1441225210797,"118,673",67% bullish,of 3 ratings,$9
SMCP,$22.84,1441225210893,211,Not yet rated,NULL,N/A
ATEC,$0.589,1441225210918,"14,454",100% bullish,of 1 rating,$2
ASPS,$25.71,1441225211324,"122,646",67% bullish,of 3 ratings,$46.50
ALTR,$48.91,1441225211352,"1,164,463",80% bearish,of 5 ratings,$54
AMRN,$2.31,1441225211376,"1,557,434",85% bullish,of 40 ratings,$8
AIMC,$23.44,1441225211401,"93,377",100% bearish,of 2 ratings,$28.50
AYA,$20.4,1441225211742,"16,032",100% bearish,of 1 rating,$40
AMAG,$64.65,1441225211994,"378,781",100% bullish,of 2 ratings,$75
AMBCW,$8.48,1441225212271,"3,800",100% bearish,of 1 rating,N/A
AMRK,$10.52,1441225212296,"1,100",50% bullish,of 2 ratings,$14
EPAX,$2.68,1441225212321,"26,471",100% bearish,of 1 rating,N/A
AMZN,$507.11,1441225212452,"1,553,041",81% bullish,of 267 ratings,$646
AMDA,$0.475,1441225212595,"357,722",90% bullish,of 10 ratings,$1
AMCX,$69.45,1441225212631,"495,426",67% bullish,of 3 ratings,$87.50
AMBC,$16.7,1441225212652,"225,080",100% bearish,of 1 rating,$16.50
ATAX,$5.3201,1441225212723,"32,475",100% bullish,of 1 rating,$6.50
AMED,$41.03,1441225212751,"156,110",100% bearish,of 1 rating,$42
UHAL,$369.62,1441225212780,"10,393",100% bullish,of 2 ratings,$393.50
AMBA,$82.05,1441225212807,"5,962,547",83% bullish,of 12 ratings,$102.50
ASBI,$22.66,1441225212842,"18,688",Not yet rated,NULL,N/A
DOX,$56.41,1441225212942,"422,397",67% bearish,of 3 ratings,$60
AMOV,$17.82,1441225212969,"5,474",100% bearish,of 1 rating,N/A
AAL,$41.31,1441225212994,"10,655,286",93% bullish,of 88 ratings,$57
AGNC,$19.11,1441225213147,"1,439,279",71% bullish,of 28 ratings,$22
AGNCP,$25.3299,1441225213307,"7,648",Not yet rated,NULL,N/A
AGNCB,$24.19,1441225213339,"3,100",Not yet rated,NULL,N/A
MTGEP,$24.3,1441225213388,"1,200",Not yet rated,NULL,N/A
MTGE,$15.19,1441225213436,"250,551",75% bullish,of 4 ratings,$19.50
ACSF,$12.26,1441225213461,"14,196",100% bearish,of 1 rating,$15
ACAS,$13.55,1441225213490,"821,980",60% bullish,of 5 ratings,$16.75
AETI,$3.32,1441225213517,"1,000",67% bearish,of 3 ratings,N/A
ANCI,$1.54,1441225213541,300,100% bearish,of 1 rating,N/A
ANAT,$98.25,1441225213908,"43,724",100% bullish,of 1 rating,N/A
ASEI,$38.98,1441225213972,"25,325",100% bearish,of 1 rating,$52.50
AMNB,$23.16,1441225214002,"3,158",Not yet rated,NULL,$25.50
AMIC,NULL,1441225214022,0,100% bearish,of 1 rating,N/A
APEI,$21.44,1441225214052,"22,003",100% bearish,of 1 rating,$25.50
AMRB,$10.14,1441225214073,"2,200",Not yet rated,NULL,$11
ARII,$40.53,1441225214103,"159,307",67% bearish,of 3 ratings,$45
AMSWA,$8.955,1441225214268,"29,881",100% bearish,of 2 ratings,$10.75
AMSC,$4.9,1441225214312,"33,648",50% bullish,of 4 ratings,N/A
AMWD,$66.48,1441225214369,"73,317",50% bullish,of 2 ratings,$70
AMSF,$46.35,1441225214401,"25,083",Not yet rated,NULL,$57.50
CRMT,$35.46,1441225214468,"37,089",100% bearish,of 1 rating,$39
ABCB,$26.4351,1441225214497,"102,044",Not yet rated,NULL,$31
ASRV,$3.22,1441225214532,"9,074",100% bullish,of 2 ratings,N/A
ASRVP,NULL,1441225214627,0,Not yet rated,NULL,N/A
ATLO,$23.75,1441225214656,"2,079",Not yet rated,NULL,N/A
AMKR,$5.15,1441225214948,"762,877",100% bearish,of 2 ratings,$5
FOLD,$14.75,1441225214973,"853,769",56% bullish,of 9 ratings,$21
AMSG,$78.31,1441225215001,"201,348",100% bearish,of 1 rating,$85.50
AMPH,$13.52,1441225215034,"72,299",50% bullish,of 2 ratings,$20
AMGN,$151.09,1441225215138,"2,047,915",89% bullish,of 19 ratings,$185
AFSI,$56.67,1441225215165,"208,295",60% bullish,of 5 ratings,$72
ASYS,$5.34,1441225215186,"14,540",67% bullish,of 3 ratings,$12
AMRS,$1.68,1441225215319,"90,472",70% bullish,of 10 ratings,N/A
ANAC,$133.94,1441225215344,"209,327",80% bullish,of 5 ratings,$180.50
ANAD,$0.3243,1441225215379,"121,236",100% bullish,of 2 ratings,$.50
AMSGP,$149.19,1441225215404,200,Not yet rated,NULL,N/A
ALOG,$80.72,1441225215489,"39,773",100% bearish,of 2 ratings,$100.50
ADI,$54.3,1441225215533,"910,776",75% bullish,of 4 ratings,$69
ANCB,$21.44,1441225215595,"1,400",Not yet rated,NULL,$23
AMCF,NULL,1441225215772,0,NULL,NULL,NULL
ABCW,$40.61,1441225215801,"5,164",67% bullish,of 3 ratings,N/A
ANGI,$5.12,1441225215849,"147,035",64% bullish,of 11 ratings,$5.50
ANGO,$14.72,1441225215898,"68,582",67% bullish,of 3 ratings,$19
ANIK,$35.3015,1441225215998,"103,696",60% bullish,of 5 ratings,$51.25
ANSS,$88.46,1441225216024,"316,310",100% bearish,of 1 rating,$100
ANTH,$7.35,1441225216097,"448,308",80% bullish,of 10 ratings,$13
ANIP,$51.6,1441225216124,"107,192",89% bullish,of 19 ratings,$66
ATRS,$1.87,1441225216151,"426,679",92% bullish,of 12 ratings,$4.50
ABAC,$0.798,1441225216280,"2,001",100% bearish,of 1 rating,N/A
APIC,$6.57,1441225216307,"45,764",100% bearish,of 1 rating,$19
ATNY,$2.4,1441225216336,"9,934",50% bullish,of 2 ratings,$3.75
APOG,$51.75,1441225216437,"117,848",50% bullish,of 2 ratings,$67
AINV,$6.415,1441225216543,"973,028",50% bullish,of 4 ratings,$8
APOL,$10.9,1441225216595,"427,754",87% bearish,of 68 ratings,$14
APPF,$15.73,1441225216674,"32,705",50% bullish,of 2 ratings,$22
AAPL,$111.55,1441225216706,"30,999,791",86% bullish,of 2362 ratings,$150
ARCI,$1.3054,1441225216807,"11,212",Not yet rated,NULL,N/A
APDN,$3.5,1441225216837,"30,056",Not yet rated,NULL,$9
AGTC,$16.36,1441225216864,"31,237",50% bullish,of 2 ratings,$33
APDNW,$1.45,1441225216998,"1,900",Not yet rated,NULL,N/A
AMCC,$5.635,1441225217162,"349,498",80% bullish,of 5 ratings,$8
AREX,$2.43,1441225217236,"952,559",50% bullish,of 2 ratings,$3
AMAT,$15.625,1441225217261,"6,801,659",82% bullish,of 11 ratings,$23
AAOI,$20.43,1441225217291,"133,526",50% bullish,of 4 ratings,$26
APRI,$1.68,1441225217394,"315,896",83% bullish,of 6 ratings,$4.86
APTO,$5.35,1441225217418,"4,230",Not yet rated,NULL,$17
AQXP,$16.63,1441225217580,"142,211",50% bullish,of 2 ratings,$2
AUMA,NULL,1441225217608,0,Not yet rated,NULL,N/A
AQMS,$4.8122,1441225217656,"2,213",Not yet rated,NULL,N/A
AUMAU,$9.94,1441225217685,200,Not yet rated,NULL,N/A
AUMAW,NULL,1441225217715,0,Not yet rated,NULL,N/A
ARDM,$7.3,1441225217743,300,100% bullish,of 1 rating,$26
PETX,$18.4164,1441225217786,"222,330",100% bearish,of 2 ratings,$26
ABUS,$6.97,1441225217875,"533,181",86% bullish,of 14 ratings,$23
ABIO,$0.9144,1441225218007,"12,016",50% bullish,of 2 ratings,$3.75
ARCW,$3.42,1441225218032,"34,491",100% bearish,of 2 ratings,$10.50
RKDA,$5.67,1441225218230,"10,534",100% bearish,of 2 ratings,$10
ACAT,$25.69,1441225218272,"59,976",100% bearish,of 3 ratings,$33
ARCB,$27.77,1441225218297,"123,117",67% bearish,of 3 ratings,$39.50
ARNA,$2.67,1441225218326,"882,364",90% bullish,of 78 ratings,$5.50
ACGL,$68.34,1441225218357,"132,408",50% bullish,of 2 ratings,$72
ARDX,$19.19,1441225218382,"60,221",50% bullish,of 2 ratings,$24.50
ARCC,$15.3794,1441225218430,"949,233",67% bearish,of 3 ratings,$17.75
AGII,$54.98,1441225218456,"26,482",Not yet rated,NULL,$59.50
ARGS,$6.22,1441225218632,"26,791",50% bullish,of 2 ratings,$19.50
AGIIL,$25.16,1441225218703,"7,616",Not yet rated,NULL,N/A
ARIA,$7.52,1441225218730,"6,675,324",87% bullish,of 46 ratings,$9
ARIS,$3.74,1441225218753,"5,294",Not yet rated,NULL,$4.50
ARKR,$25,1441225218781,"6,409",50% bullish,of 2 ratings,N/A
ARWAW,$0.17,1441225219073,"7,500",Not yet rated,NULL,N/A
ARMH,$42.3,1441225219102,"679,922",54% bearish,of 13 ratings,$60
ARWA,NULL,1441225219124,0,Not yet rated,NULL,N/A
ARWAU,NULL,1441225219155,0,100% bullish,of 1 rating,N/A
ARTX,$1.41,1441225219176,"40,380",88% bullish,of 16 ratings,$4.50
ARRY,$5.8346,1441225219213,"788,007",100% bullish,of 7 ratings,$10
ARWAR,NULL,1441225219234,0,Not yet rated,NULL,N/A
ARRS,$25.89,1441225219309,"549,095",50% bullish,of 2 ratings,$38
ARQL,$1.69,1441225219411,"48,024",75% bullish,of 4 ratings,$5
AROW,$27.05,1441225219491,"3,016",Not yet rated,NULL,N/A
ARWR,$5.79,1441225219552,"723,819",75% bullish,of 4 ratings,$10.50
ARTNA,$21.9,1441225219711,"4,496",100% bearish,of 1 rating,$29
ARTW,$4.1199,1441225219847,"7,057",75% bearish,of 4 ratings,N/A
ASNA,$12.22,1441225219874,"1,469,524",50% bullish,of 2 ratings,$18
ASCMA,$27.6574,1441225219904,"29,224",100% bearish,of 1 rating,$45
ASBB,$24.01,1441225219934,400,Not yet rated,NULL,N/A
ASND,$19.72,1441225219962,"15,455",50% bullish,of 2 ratings,$30
DWAT,$9.75,1441225220006,"3,000",100% bearish,of 1 rating,N/A
ASMI,NULL,1441225220031,0,NULL,NULL,NULL
ASTI,$0.281,1441225220098,"12,515,291",83% bullish,of 6 ratings,$3
APWC,$1.75,1441225220174,"1,068",100% bearish,of 1 rating,N/A
ASML,$90.2,1441225220251,"593,255",50% bullish,of 4 ratings,$127
AZPN,$37.359,1441225220276,"417,578",50% bullish,of 2 ratings,$42
ASFI,$8.8899,1441225220434,"1,679",100% bullish,of 1 rating,N/A
ASMB,$14.44,1441225220489,"29,813",67% bullish,of 3 ratings,N/A
ASTE,$38.24,1441225220540,"78,916",100% bearish,of 1 rating,$49
ATAI,$2.36,1441225220622,"9,173",100% bearish,of 1 rating,N/A
ASTC,$2.1547,1441225220651,"11,500",100% bullish,of 5 ratings,N/A
ASUR,$5.4,1441225220682,"2,526",50% bullish,of 2 ratings,$8
ATRO,$50.34,1441225220754,"64,235",100% bearish,of 2 ratings,$80
ALOT,$13.75,1441225220782,"2,524",100% bearish,of 1 rating,N/A
AFCB,NULL,1441225220940,0,Not yet rated,NULL,N/A
ATHN,$131.96,1441225220977,"127,910",67% bearish,of 3 ratings,$153
ATRA,$42.98,1441225221002,"180,143",50% bullish,of 2 ratings,$68
AAPC,NULL,1441225221075,0,Not yet rated,NULL,N/A
ATHX,$1.14,1441225221100,"60,205",89% bullish,of 9 ratings,$5
AAME,$3.5999,1441225221150,"1,704",Not yet rated,NULL,N/A
ATNI,$73.16,1441225221296,"46,686",100% bearish,of 1 rating,$69.50
ACFC,$5.4,1441225221325,"18,453",100% bearish,of 1 rating,$6.50
ATLC,$3.97,1441225221352,"10,857",67% bullish,of 3 ratings,N/A
ATML,$7.86,1441225221431,"2,819,459",78% bullish,of 9 ratings,$9.50
ATOS,$0.8,1441225221486,"25,822",100% bullish,of 7 ratings,$7
AAWW,$38.281,1441225221513,"167,534",50% bullish,of 2 ratings,$65
AFH,$16.29,1441225221538,"77,464",Not yet rated,NULL,$21.50
ATRM,$2.83,1441225221726,800,50% bullish,of 2 ratings,N/A
AUDC,$3.29,1441225222150,"29,180",80% bullish,of 5 ratings,$5
AUPH,$3.4299,1441225222194,"17,664",100% bearish,of 1 rating,$8
ATRI,$382.99,1441225222249,722,Not yet rated,NULL,N/A
ATRC,$24.7,1441225222275,"59,418",100% bullish,of 1 rating,$30
LIFE,$14.27,1441225222576,"33,142",86% bullish,of 7 ratings,$43
EARS,$4.3,1441225222597,"18,280",100% bearish,of 2 ratings,$11
ADAT,$0.227,1441225222630,"153,579",100% bullish,of 2 ratings,N/A
ADP,$76.67,1441225222674,"1,278,434",100% bearish,of 1 rating,$88
ABTL,$18,1441225222698,"47,614",100% bullish,of 4 ratings,$20.25
AUBN,$26.85,1441225222868,706,Not yet rated,NULL,N/A
AVGO,$123.17,1441225222915,"1,797,707",88% bullish,of 8 ratings,$165
AAVL,$10.61,1441225223049,"165,684",100% bearish,of 1 rating,$20
ATTU,$13.1,1441225223074,"12,531",100% bearish,of 1 rating,$20.50
AVNU,$12.95,1441225223098,"87,649",Not yet rated,NULL,$14
ADSK,$45.8,1441225223129,"3,945,663",67% bullish,of 6 ratings,$66
AVNW,$1.205,1441225223708,"30,350",50% bullish,of 2 ratings,N/A
AVEO,$1.38,1441225223842,"406,952",75% bullish,of 8 ratings,$3
AVGR,$14.78,1441225223898,"6,746",100% bearish,of 1 rating,$20
CAR,$43.16,1441225224033,"922,510",80% bullish,of 5 ratings,$60
AXPW,$2.23,1441225224069,"2,945,572",86% bullish,of 7 ratings,N/A
AWRE,$3.27,1441225224104,"9,803",67% bullish,of 3 ratings,N/A
ACLS,$3.23,1441225224259,"226,731",67% bullish,of 6 ratings,$4.75
AXPWW,NULL,1441225224283,0,Not yet rated,NULL,N/A
BCOM,NULL,1441225224412,0,100% bearish,of 1 rating,N/A
AVID,$8.3,1441225224479,"210,476",100% bearish,of 1 rating,$20
AXGN,$4.7,1441225224529,"68,518",Not yet rated,NULL,$5
RILY,NULL,1441225224550,0,Not yet rated,NULL,N/A
AXTI,$2.13,1441225224579,"9,799",50% bullish,of 2 ratings,$2.75
BIDU,$147.64,1441225224714,"873,597",81% bullish,of 88 ratings,$210
BOSC,$2.13,1441225224742,"3,700",50% bullish,of 2 ratings,N/A
BEAV,$48.72,1441225224769,"609,446",67% bearish,of 3 ratings,$59
BCPC,$58.1435,1441225224876,"66,678",100% bearish,of 1 rating,$75
BWINB,$22.75,1441225224913,"3,861",Not yet rated,NULL,N/A
BLDP,$1.31,1441225225013,"284,352",91% bullish,of 22 ratings,$2.50
BANF,$59.76,1441225225039,"14,165",Not yet rated,NULL,$68
BWINA,NULL,1441225225059,0,Not yet rated,NULL,N/A
BANFP,$27.02,1441225225087,533,Not yet rated,NULL,N/A
BKMU,$7.05,1441225225257,"13,488",Not yet rated,NULL,$8
BOCH,$5.72,1441225225314,"7,847",Not yet rated,NULL,$6.50
BMRC,$48,1441225225359,"18,682",Not yet rated,NULL,$52
OZRK,$40.34,1441225225488,"338,483",67% bullish,of 3 ratings,$49.50
BKSC,$17.318,1441225225596,"4,526",Not yet rated,NULL,N/A
BFIN,$12.1999,1441225225624,"19,037",Not yet rated,NULL,$13
BWFG,$18.03,1441225225652,"1,863",100% bearish,of 1 rating,N/A
BOTJ,$11.11,1441225225673,800,Not yet rated,NULL,N/A
BANR,$43.72,1441225225701,"15,726",100% bullish,of 3 ratings,$50
BZUN,$4.93,1441225225832,"58,367",50% bullish,of 2 ratings,$11.50
TAPR,$33.5299,1441225225861,"1,331",100% bearish,of 1 rating,N/A
BHAC,$9.82,1441225225886,560,Not yet rated,NULL,N/A
BHACR,$0.2198,1441225225993,"7,000",Not yet rated,NULL,N/A
BHACU,NULL,1441225226037,0,Not yet rated,NULL,N/A
BBSI,$34.9909,1441225226066,"10,462",67% bearish,of 3 ratings,$62.50
BHACW,NULL,1441225226164,0,Not yet rated,NULL,N/A
BYBK,$4.96,1441225226223,"2,110",100% bearish,of 1 rating,N/A
BSET,$29.14,1441225226265,"41,230",100% bearish,of 1 rating,$35
BYLK,$12.9925,1441225226307,"5,486",Not yet rated,NULL,$14
BV,$5.04,1441225226436,"585,514",67% bullish,of 6 ratings,$8.75
BCBP,$11.64,1441225226473,861,Not yet rated,NULL,N/A
BBCN,$14.14,1441225226501,"108,047",100% bearish,of 1 rating,$16
BECN,$35.86,1441225226540,"126,285",50% bullish,of 2 ratings,$40
BDCV,$4.875,1441225226564,"2,996",100% bearish,of 1 rating,$10.19
BSF,$8.45,1441225226591,"3,507",Not yet rated,NULL,N/A
BBGI,$4.01,1441225226755,607,100% bearish,of 1 rating,N/A
BEBE,$1.24,1441225226808,"278,923",75% bullish,of 4 ratings,$2.125
BLPH,$4.09,1441225226977,"24,893",100% bearish,of 1 rating,$12.50
BELFA,$15.1,1441225227011,"1,523",100% bearish,of 1 rating,N/A
BELFB,$18.28,1441225227032,"14,672",100% bearish,of 1 rating,N/A
BLCM,$16.73,1441225227061,"74,818",50% bullish,of 4 ratings,$40
BBBY,$61.74,1441225227113,"774,487",71% bullish,of 7 ratings,$75
BNCL,$12.3865,1441225227243,"257,421",100% bullish,of 3 ratings,$12.50
BGMD,$0.6602,1441225227268,"122,476",100% bullish,of 10 ratings,N/A
BNFT,$36.42,1441225227300,"70,972",67% bullish,of 3 ratings,$46
BGCP,$8.88,1441225227329,"677,424",88% bullish,of 8 ratings,$14
BNTC,$7.6498,1441225227354,"4,140",100% bullish,of 1 rating,N/A
BGFV,$11.37,1441225227430,"68,479",57% bullish,of 7 ratings,$12
ORPN,$5.82,1441225227560,"5,440",100% bullish,of 1 rating,$28.50
BIND,$4.89,1441225227635,"160,728",75% bullish,of 4 ratings,$13.50
BCDA,NULL,1441225227732,0,Not yet rated,NULL,N/A
BASI,$1.64,1441225227761,"6,500",Not yet rated,NULL,N/A
BIOC,$1.96,1441225227800,"75,526",83% bullish,of 6 ratings,$3.85
BDSI,$6.38,1441225227870,"1,091,160",88% bullish,of 8 ratings,$17
BCRX,$11.44,1441225227931,"282,555",63% bullish,of 8 ratings,$18
BIIB,$303.19,1441225227960,"893,721",88% bullish,of 16 ratings,$400
BIOD,$0.6912,1441225228007,"70,852",80% bullish,of 5 ratings,$4
BIOL,$1.56,1441225228069,"49,733",Not yet rated,NULL,N/A
BLRX,$1.5814,1441225228098,"201,285",100% bullish,of 12 ratings,$5
BMRN,$128.47,1441225228142,"286,565",80% bullish,of 5 ratings,$160
BLFS,$2.3601,1441225228231,"209,894",100% bearish,of 1 rating,$4.75
BVXV,$4.04,1441225228275,"1,712,170",Not yet rated,NULL,N/A
BPTH,$1.15,1441225228378,"128,210",100% bullish,of 2 ratings,$5
BVXVW,$0.8102,1441225228404,"78,645",100% bearish,of 1 rating,N/A
BRLI,NULL,1441225228477,0,NULL,NULL,NULL
BIOS,$2.45,1441225228604,"420,715",71% bullish,of 7 ratings,$4
BSPM,$0.6401,1441225228671,"10,566",50% bullish,of 2 ratings,N/A
BSTC,$50.28,1441225228701,"34,801",100% bearish,of 1 rating,$76
BBC,$32.08,1441225228729,"6,655",Not yet rated,NULL,N/A
BOTA,$2.17,1441225228755,"5,370",88% bullish,of 8 ratings,N/A
BBP,$32.8,1441225228806,"6,262",Not yet rated,NULL,N/A
TECH,$93.03,1441225228891,"94,481",100% bullish,of 1 rating,$117
BDMS,$12.89,1441225229063,350,100% bearish,of 1 rating,N/A
BJRI,$43.66,1441225229091,"134,159",50% bullish,of 2 ratings,$55
BEAT,$15.45,1441225229144,"707,773",67% bearish,of 3 ratings,$15
BBOX,$15.07,1441225229174,"26,289",100% bearish,of 1 rating,N/A
BITI,$16.75,1441225229195,"15,991",100% bullish,of 1 rating,$28
BDE,$7.22,1441225229323,"106,751",50% bullish,of 2 ratings,$9
BBRY,$7.445,1441225229410,"1,584,717",61% bullish,of 330 ratings,$9
BKCC,$9.25,1441225229474,"158,305",50% bullish,of 2 ratings,$10
HAWK,$38.82,1441225229502,"197,981",91% bullish,of 11 ratings,$49
BLKB,$56.1545,1441225229523,"40,770",100% bearish,of 2 ratings,$66
ADRA,$26.41,1441225229554,"1,935",100% bearish,of 1 rating,N/A
ADRD,$21.65,1441225229684,"26,536",100% bearish,of 1 rating,N/A
ADRU,$21.2801,1441225229715,112,100% bearish,of 1 rating,N/A
ADRE,$29.09,1441225229850,"4,645",100% bearish,of 1 rating,N/A
BLMN,$20.66,1441225229880,"555,749",83% bullish,of 6 ratings,$27.50
BCOR,$13.35,1441225229910,"88,991",57% bullish,of 7 ratings,$15
BLBD,$11.86,1441225229985,"17,600",Not yet rated,NULL,N/A
BUFF,$23.46,1441225230014,"413,721",83% bullish,of 12 ratings,$31.50
BBLU,$0.905,1441225230038,"219,009",100% bullish,of 2 ratings,$4.43
BHBK,$13.99,1441225230220,"42,732",100% bullish,of 1 rating,$14.50
NILE,$33.36,1441225230245,"166,961",50% bullish,of 2 ratings,$34
BLUE,$131.14,1441225230270,"199,747",71% bullish,of 7 ratings,$217.50
BOBE,$47.97,1441225230665,"599,368",75% bullish,of 4 ratings,$57
BOFI,$107.33,1441225230692,"385,258",100% bullish,of 6 ratings,$144
BKEP,$6.22,1441225230718,"22,592",100% bearish,of 1 rating,$8.50
BNCN,$20.71,1441225230739,"31,688",Not yet rated,NULL,$24
BPMC,$28.19,1441225230760,"30,549",50% bullish,of 2 ratings,$47.50
BKEPP,$7.59,1441225230788,24,100% bearish,of 1 rating,N/A
WIFI,$7.3969,1441225230828,"145,445",50% bullish,of 2 ratings,$13.50
BOJA,$20.92,1441225230849,"80,990",100% bullish,of 1 rating,$30
BOKF,$61.66,1441225231002,"117,777",100% bearish,of 1 rating,$69
BNSO,$1.348,1441225231052,200,100% bearish,of 1 rating,N/A
BPFH,$11.6,1441225231077,"394,114",100% bearish,of 1 rating,$14
BONA,$11.4,1441225231107,"37,857",75% bullish,of 4 ratings,$8.50
BAMM,$3.1799,1441225231208,"3,055",60% bullish,of 5 ratings,N/A
BPFHW,$4.8,1441225231341,100,100% bearish,of 1 rating,N/A
BPFHP,$25,1441225231380,"10,235",100% bearish,of 1 rating,N/A
EPAY,$26.36,1441225231438,"86,908",100% bearish,of 2 ratings,$30
BDBD,$8.37,1441225231475,"285,006",60% bullish,of 5 ratings,$10
BBRG,$12.289,1441225231501,"51,439",67% bullish,of 3 ratings,$14.50
BBEPP,$14.24,1441225231522,"18,671",100% bearish,of 1 rating,N/A
BCLI,$3.0801,1441225231566,"42,964",80% bullish,of 5 ratings,$12
BBEP,$2.71,1441225231593,"1,059,559",69% bullish,of 13 ratings,$5.625
BDGE,$26.44,1441225231724,"5,043",Not yet rated,NULL,$31.75
BLIN,$1.3134,1441225231884,"9,977",100% bullish,of 2 ratings,$2.20
BRID,$8.4,1441225231909,"1,115",100% bearish,of 1 rating,N/A
BRCM,$50.86,1441225231949,"2,884,841",69% bullish,of 13 ratings,$56
BSFT,$31.57,1441225232053,"60,880",57% bullish,of 7 ratings,$40.50
BCOV,$5.2,1441225232078,"45,505",67% bullish,of 3 ratings,$10.20
BYFC,NULL,1441225232104,0,50% bullish,of 2 ratings,N/A
BVSN,$5.95,1441225232134,366,60% bearish,of 5 ratings,N/A
BRCD,$10.195,1441225232232,"1,591,454",92% bullish,of 13 ratings,$12
BWEN,$3.13,1441225232300,"19,589",75% bullish,of 4 ratings,$8
BRKL,$10.13,1441225232334,"386,899",100% bearish,of 1 rating,$10.75
BMTC,$29.11,1441225232368,"25,446",Not yet rated,NULL,$34
BRKS,$10.18,1441225232390,"46,162",67% bullish,of 3 ratings,$15.25
BRKR,$18.09,1441225232461,"486,605",100% bearish,of 2 ratings,$22
BLMT,$20.91,1441225232526,"1,454",Not yet rated,NULL,N/A
BSQR,$6.05,1441225232560,"23,301",67% bullish,of 3 ratings,N/A
BWLD,$195.08,1441225232702,"158,535",82% bullish,of 11 ratings,$205
BUR,NULL,1441225232843,0,100% bearish,of 1 rating,$8
BLDR,$15.4,1441225232878,"984,815",67% bullish,of 3 ratings,$22
CCMP,$42.5,1441225232953,"21,307",50% bullish,of 2 ratings,$59
CA,$27.08,1441225232985,"1,396,619",50% bullish,of 4 ratings,$33
CDNS,$19.83,1441225233006,"1,094,499",75% bullish,of 4 ratings,$22.50
CFFI,$36.69,1441225233036,400,100% bearish,of 1 rating,N/A
CHRW,$68.44,1441225233083,"957,203",Not yet rated,NULL,$72
CDZI,$7.64,1441225233167,"19,056",100% bearish,of 1 rating,N/A
CZR,$8.97,1441225233226,"388,469",60% bearish,of 5 ratings,$10.50
CACQ,$7.28,1441225233668,"9,442",100% bearish,of 1 rating,$12.25
CLBS,$1.645,1441225233694,"125,615",79% bullish,of 14 ratings,$4
CHI,$10.44,1441225233724,"184,762",100% bearish,of 1 rating,N/A
PRSS,$4.32,1441225233754,"9,100",80% bullish,of 5 ratings,$4.50
CHY,$11.16,1441225233776,"223,650",Not yet rated,NULL,N/A
CSTE,$38.77,1441225233797,"372,403",50% bullish,of 2 ratings,$65
CLMS,$9.93,1441225233817,"46,155",Not yet rated,NULL,$10.50
CFGE,$10.39,1441225233856,"3,400",Not yet rated,NULL,N/A
CCD,$19.2001,1441225234057,"66,271",Not yet rated,NULL,N/A
CSQ,$9.81,1441225234078,"200,208",Not yet rated,NULL,N/A
CHW,$7.455,1441225234118,"153,623",100% bearish,of 1 rating,N/A
CAMP,$16.09,1441225234144,"133,144",88% bullish,of 8 ratings,$25
CGO,$11.9409,1441225234165,"10,166",100% bearish,of 1 rating,N/A
CVGW,$57.6814,1441225234196,"90,998",50% bullish,of 2 ratings,$62
CFNB,$13.3,1441225234394,200,100% bearish,of 1 rating,N/A
CALM,$51.94,1441225234458,"359,627",80% bullish,of 5 ratings,$63.50
CALA,$5.6,1441225234494,"185,938",67% bullish,of 3 ratings,$19.50
CALD,$15.975,1441225234514,"215,903",100% bearish,of 1 rating,$21
CLMT,$25.5285,1441225234548,"187,139",75% bullish,of 8 ratings,$31
ABCD,$5.07,1441225234584,"67,361",83% bullish,of 6 ratings,N/A
CAMBW,$0.15,1441225234653,200,Not yet rated,NULL,N/A
CAMB,$10.05,1441225234684,400,Not yet rated,NULL,N/A
CAMBU,NULL,1441225234786,0,100% bearish,of 1 rating,N/A
CAC,$40.25,1441225234865,"2,582",Not yet rated,NULL,N/A
CAMT,$2.62,1441225234890,"21,213",73% bullish,of 11 ratings,$4
CSIQ,$18.35,1441225234961,"692,563",86% bullish,of 28 ratings,$42.50
CBNJ,$10.9,1441225235147,"29,762",100% bearish,of 1 rating,N/A
CGIX,$9.73,1441225235168,"9,053",67% bullish,of 3 ratings,$14.375
CPHC,$10.3499,1441225235200,394,100% bearish,of 1 rating,N/A
CBF,$29.93,1441225235244,"36,398",Not yet rated,NULL,$32
CPLA,$48.38,1441225235296,"34,512",67% bearish,of 3 ratings,$65
CPTA,$13.65,1441225235329,"16,720",100% bearish,of 1 rating,$18.50
CCBG,$15.1,1441225235356,"8,869",Not yet rated,NULL,$17.25
CSWC,$44.515,1441225235377,"21,193",Not yet rated,NULL,N/A
CPLP,$7.065,1441225235515,"141,245",71% bullish,of 7 ratings,$11
CFFN,$11.77,1441225235540,"602,439",Not yet rated,NULL,$12.75
CAPNW,$0.6789,1441225235842,100,Not yet rated,NULL,N/A
CAPN,$2.23,1441225235873,"61,360",100% bullish,of 1 rating,$10.85
CPST,$0.3858,1441225235946,"387,480",95% bullish,of 22 ratings,$1.25
CAPR,$4.71,1441225235971,"22,615",Not yet rated,NULL,$12
CFNL,$21.481,1441225236042,"43,246",Not yet rated,NULL,$24
CARA,$19.34,1441225236103,"95,084",50% bullish,of 4 ratings,$25
CARB,$11.16,1441225236155,"27,919",75% bullish,of 4 ratings,$12
CRDC,$0.31,1441225236183,"269,608",100% bullish,of 1 rating,$1.25
CBYL,$4.75,1441225236203,"38,575",100% bearish,of 1 rating,$20
CATM,$33.79,1441225236334,"161,078",100% bearish,of 1 rating,$44
CRME,$9,1441225236373,"7,898",89% bullish,of 9 ratings,$11.25
CSII,$23.42,1441225236404,"89,952",100% bearish,of 2 ratings,$42.125
CDNA,$6.98,1441225236466,"6,303",100% bearish,of 1 rating,$9
CECO,$3.59,1441225236503,"139,977",67% bearish,of 3 ratings,$6
CTRE,$11.05,1441225236570,"196,733",50% bullish,of 2 ratings,$13.50
CKEC,$23.02,1441225236701,"54,372",50% bullish,of 2 ratings,$35.915
CLBH,$12.74,1441225236773,743,Not yet rated,NULL,$16.50
CART,$5.39,1441225236837,"1,300",100% bearish,of 1 rating,N/A
CARO,$15.34,1441225236871,"3,621",100% bearish,of 1 rating,$19
TAST,$12.72,1441225236899,"104,368",Not yet rated,NULL,$14.25
CRZO,$34.52,1441225236924,"485,801",67% bearish,of 3 ratings,$54.50
CRTN,$2.49,1441225236954,"5,615",100% bearish,of 1 rating,N/A
CARV,NULL,1441225237050,0,50% bullish,of 2 ratings,N/A
CASM,$1.1884,1441225237095,"4,682",100% bullish,of 1 rating,$3.50
CACB,$5.38,1441225237151,"54,428",Not yet rated,NULL,$5.50
CWST,$6.28,1441225237280,"38,024",50% bullish,of 2 ratings,$7.25
CSCD,$15.24,1441225237306,"7,316",100% bullish,of 2 ratings,$17
CASY,$104.54,1441225237340,"224,461",50% bullish,of 2 ratings,$99.50
CASS,$48,1441225237438,"6,481",100% bearish,of 1 rating,N/A
CASI,$1.3864,1441225237463,"4,700",100% bullish,of 1 rating,$3.50
CATB,$12.11,1441225237543,"25,786",100% bearish,of 1 rating,$28
CPRX,$3.74,1441225237615,"135,168",71% bullish,of 7 ratings,$7
CATY,$28.93,1441225237679,"288,878",100% bearish,of 1 rating,$33.50
CATYW,NULL,1441225237699,0,100% bearish,of 1 rating,N/A
CVCO,$72.0353,1441225237735,"16,260",100% bearish,of 1 rating,N/A
CAVM,$66.71,1441225237783,"157,934",67% bearish,of 3 ratings,$72
CNLM,$9.92,1441225237831,100,Not yet rated,NULL,N/A
CBFV,$21.4899,1441225237866,807,Not yet rated,NULL,$25
CNLMU,NULL,1441225237964,0,100% bullish,of 1 rating,N/A
CNLMW,NULL,1441225237992,0,Not yet rated,NULL,N/A
CNLMR,NULL,1441225238046,0,Not yet rated,NULL,N/A
CBOE,$63.5,1441225238095,"337,000",Not yet rated,NULL,$60
CDK,$48.56,1441225238126,"188,178",67% bearish,of 3 ratings,$50
CDW,$38.68,1441225238229,"500,984",75% bullish,of 4 ratings,$44
CELG,$118.83,1441225238317,"2,905,950",92% bullish,of 13 ratings,$156
CPXX,$2.23,1441225238344,"114,204",100% bullish,of 2 ratings,$7
CECE,$9.71,1441225238371,"52,556",50% bullish,of 2 ratings,$16
CELGZ,$1.84,1441225238397,"14,810",80% bullish,of 5 ratings,N/A
CLDN,$1.15,1441225238528,"74,671",71% bullish,of 7 ratings,$3
CLDX,$14.64,1441225238554,"472,883",89% bullish,of 9 ratings,$36
CLRB,$3.08,1441225238586,726,100% bearish,of 1 rating,N/A
CLLS,$32.43,1441225238684,"45,192",75% bullish,of 4 ratings,$51.50
CLRBW,$0.9201,1441225238716,"1,000",Not yet rated,NULL,N/A
CBMG,$23.8,1441225238747,"85,576",50% bullish,of 2 ratings,N/A
CLSN,$2.02,1441225238823,"20,320",80% bullish,of 10 ratings,$7.50
CLTX,$2.1301,1441225238848,"187,366",100% bullish,of 2 ratings,N/A
CYAD,$49.76,1441225238992,"5,270",100% bullish,of 1 rating,$87.50
CEMP,$34.86,1441225239021,"274,420",71% bullish,of 7 ratings,$52
CETX,$2.3999,1441225239089,"8,794",Not yet rated,NULL,$5.60
CSFL,$13.67,1441225239120,"45,225",Not yet rated,NULL,$15
CETV,$2.08,1441225239164,"37,778",67% bullish,of 3 ratings,$2.80
CFBK,$1.37,1441225239222,800,Not yet rated,NULL,N/A
CENT,$13.3,1441225239302,"99,986",Not yet rated,NULL,$10
CENTA,$13.62,1441225239352,"106,920",Not yet rated,NULL,N/A
CENX,$5.19,1441225239451,"1,483,027",67% bullish,of 6 ratings,$9
CVCY,$11.7,1441225239477,"2,961",Not yet rated,NULL,$12
CNBKA,$41.31,1441225240097,201,50% bullish,of 2 ratings,N/A
CRNT,$1.3999,1441225240129,"59,608",50% bullish,of 2 ratings,$2
CERS,$5.05,1441225240158,"482,295",75% bullish,of 4 ratings,$7
CERN,$60.84,1441225240181,"734,446",67% bullish,of 3 ratings,$79
CPHD,$48.16,1441225240209,"224,270",67% bearish,of 3 ratings,$66.50
CERE,$1.07,1441225240239,"180,714",88% bullish,of 8 ratings,N/A
CNTY,$5.95,1441225240268,"12,988",80% bullish,of 5 ratings,$7.75
CERU,$4.21,1441225240292,"19,858",75% bullish,of 4 ratings,$14
CYOU,$19.45,1441225240448,"141,960",50% bullish,of 6 ratings,$24
KOOL,$0.6768,1441225240530,"22,445",100% bullish,of 5 ratings,$7
CEVA,$18.97,1441225240576,"18,098",100% bearish,of 1 rating,$25
HOTR,$1.3901,1441225240674,"59,237",100% bullish,of 2 ratings,$5
HOTRW,$0.205,1441225240725,200,Not yet rated,NULL,N/A
GTLS,$23.25,1441225240819,"349,673",50% bullish,of 4 ratings,$40
CHKP,$78.21,1441225240857,"850,174",50% bullish,of 4 ratings,$92
CTHR,$1.355,1441225240903,"1,671",50% bullish,of 2 ratings,$2.50
CHTR,$179.23,1441225240948,"416,578",100% bearish,of 2 ratings,$202
CHEK,$2.33,1441225240984,"3,981",Not yet rated,NULL,$7.75
CHFN,$12.245,1441225241039,"16,109",Not yet rated,NULL,$14
CHFC,$30.72,1441225241082,"30,568",100% bearish,of 1 rating,$36
CEMI,$4.23,1441225241147,"10,947",50% bullish,of 2 ratings,$7.50
CHEKW,$0.74,1441225241225,115,Not yet rated,NULL,N/A
CHMG,$26.38,1441225241299,"1,200",Not yet rated,NULL,$30
CCXI,$6.54,1441225241324,"20,866",67% bullish,of 3 ratings,$14
CHMA,$27.96,1441225241568,"108,144",Not yet rated,NULL,$40
CHKE,$25.78,1441225241602,"26,882",100% bearish,of 1 rating,$32.50
CBNK,NULL,1441225241622,0,100% bearish,of 1 rating,N/A
CADC,$3.33,1441225241656,200,78% bullish,of 9 ratings,N/A
CHEV,$14.5401,1441225241676,"4,198",Not yet rated,NULL,N/A
CMRX,$50.86,1441225241711,"137,585",50% bullish,of 2 ratings,$57
PLCE,$58.591,1441225241732,"157,601",100% bearish,of 1 rating,$69
CALI,$0.8461,1441225241804,"22,235",67% bullish,of 3 ratings,N/A
CAAS,$6.06,1441225241944,"8,970",93% bullish,of 14 ratings,$11.50
CBAK,$1.77,1441225241975,"57,184",67% bullish,of 9 ratings,N/A
CBPO,$96.72,1441225242003,"64,556",75% bullish,of 8 ratings,$140.50
CCCL,NULL,1441225242079,0,100% bullish,of 6 ratings,N/A
CCCR,$0.7389,1441225242104,"2,845",67% bearish,of 3 ratings,N/A
JRJC,$3.4,1441225242258,"99,158",82% bullish,of 11 ratings,N/A
HGSH,$1.73,1441225242356,"6,003",67% bullish,of 3 ratings,N/A
CHOP,$1.1599,1441225242402,"3,610",50% bullish,of 2 ratings,N/A
CNIT,$1.18,1441225242435,"98,549",67% bullish,of 6 ratings,N/A
CHLN,$1.9365,1441225242487,"2,680",67% bullish,of 3 ratings,N/A
CJJD,$1.8,1441225242534,"3,878",100% bullish,of 1 rating,N/A
HTHT,$25.55,1441225242561,"72,440",50% bullish,of 2 ratings,$28.40
CREG,$0.65,1441225242694,"4,650",100% bullish,of 3 ratings,N/A
CHNR,$1.4799,1441225242719,"1,018",100% bearish,of 1 rating,N/A
CSUN,$1.4084,1441225242908,"4,426",80% bullish,of 5 ratings,N/A
CXDC,$5.94,1441225242935,"15,177",67% bearish,of 3 ratings,N/A
CNTF,$0.8001,1441225242965,"21,822",Not yet rated,NULL,N/A
CNET,$0.8341,1441225243064,"7,112",50% bullish,of 2 ratings,N/A
CPGI,NULL,1441225243093,0,Not yet rated,NULL,N/A
CNYD,$3.15,1441225243119,410,67% bullish,of 3 ratings,N/A
CCIH,$7.16,1441225243156,"37,403",67% bullish,of 6 ratings,$12.65
CHSCL,$27.14,1441225243193,"21,512",Not yet rated,NULL,N/A
CHSCM,$26.24,1441225243292,"12,969",Not yet rated,NULL,N/A
IMOS,$18.611,1441225243318,"153,864",60% bullish,of 5 ratings,$21.50
CHSCP,$30.461,1441225243369,"4,217",Not yet rated,NULL,N/A
CHSCN,$27.04,1441225243394,"10,883",Not yet rated,NULL,N/A
CHSCO,$28.3906,1441225243521,"1,972",Not yet rated,NULL,N/A
CHDN,$132.95,1441225243547,"37,921",Not yet rated,NULL,$165
CHUY,$31.69,1441225243627,"129,986",50% bullish,of 2 ratings,$34
CDTX,$14.16,1441225243759,"5,281",Not yet rated,NULL,$22
CMCT,$15.5,1441225243788,225,100% bearish,of 1 rating,N/A
CIFC,$7.02,1441225243809,"1,291",100% bearish,of 1 rating,N/A
CMPR,$69.26,1441225243887,"120,567",50% bullish,of 2 ratings,$72.50
CINF,$52.095,1441225243970,"436,892",50% bullish,of 4 ratings,$50.50
CIDM,$0.5718,1441225244001,"16,481",50% bullish,of 2 ratings,$2.10
CPHR,$5.23,1441225244030,"10,655",100% bearish,of 1 rating,$17
CTAS,$84.41,1441225244061,"200,600",100% bearish,of 1 rating,$91
CSCO,$25.52,1441225244101,"12,682,905",83% bullish,of 210 ratings,$32
CRUS,$29.32,1441225244167,"384,443",75% bullish,of 12 ratings,$44.50
CTRN,$26.01,1441225244252,"38,444",100% bearish,of 1 rating,$31.50
CZWI,$8.95,1441225244303,307,Not yet rated,NULL,N/A
CZNC,$19.45,1441225244328,"2,093",Not yet rated,NULL,N/A
CZFC,NULL,1441225244477,0,Not yet rated,NULL,N/A
CIZN,$19.62,1441225244610,100,Not yet rated,NULL,N/A
CTXS,$67.02,1441225244641,"1,484,828",86% bullish,of 7 ratings,$80
CHCO,$47.26,1441225244667,"22,468",Not yet rated,NULL,$46
CIVBP,NULL,1441225244700,0,Not yet rated,NULL,N/A
CIVB,$10,1441225244721,"1,062",Not yet rated,NULL,$11
CLNE,$5.05,1441225244777,"453,098",80% bullish,of 15 ratings,$9
CLNT,$1.5622,1441225244802,"13,796",75% bullish,of 8 ratings,N/A
CDTI,$1.55,1441225244856,"113,217",75% bullish,of 4 ratings,$3.20
CLFD,$17.1,1441225244994,"32,041",67% bullish,of 3 ratings,$18
CLRO,$11.36,1441225245020,"7,308",50% bullish,of 2 ratings,$14.25
CBLI,$4.27,1441225245461,"265,671",60% bullish,of 5 ratings,N/A
CLIR,$5.024,1441225245490,"14,333",100% bullish,of 3 ratings,N/A
CME,$92.08,1441225245592,"606,120",67% bullish,of 3 ratings,$102
CCNE,$17.02,1441225245751,"6,262",50% bullish,of 2 ratings,$21.50
CISG,$7.91,1441225245785,"17,236",100% bullish,of 5 ratings,$10
CNV,$4.45,1441225245812,"9,526",50% bullish,of 2 ratings,$7.15
CLVS,$82.92,1441225245837,"239,720",60% bullish,of 5 ratings,$101.50
CSBK,$13.82,1441225245882,"28,038",Not yet rated,NULL,N/A
COKE,$159.31,1441225245911,"10,183",79% bullish,of 19 ratings,N/A
COBZ,$12.68,1441225245968,"50,338",100% bullish,of 1 rating,$14
CWAY,$11.13,1441225246012,"6,532",Not yet rated,NULL,N/A
CDRB,$8.66,1441225246114,"177,419",67% bullish,of 3 ratings,N/A
CMFN,$11.44,1441225246145,"9,721",100% bearish,of 1 rating,$15.50
CDXS,$3.581,1441225246174,"7,961",64% bullish,of 11 ratings,$6
JVA,$4.7175,1441225246253,"18,258",83% bullish,of 6 ratings,$7
CVLY,$20.527,1441225246278,100,Not yet rated,NULL,N/A
CCOI,$27.29,1441225246412,"171,700",50% bullish,of 4 ratings,$35
CTSH,$62.21,1441225246443,"1,678,328",90% bullish,of 10 ratings,$75
CGNT,$1.56,1441225246498,"11,561",100% bullish,of 2 ratings,$2
COHR,$55.95,1441225246530,"61,905",50% bullish,of 2 ratings,$72
CGNX,$34.74,1441225246556,"186,284",50% bullish,of 2 ratings,$47
CHRS,$27.45,1441225246603,"24,956",67% bearish,of 3 ratings,$37
COHU,$9.49,1441225246631,"43,882",100% bearish,of 1 rating,$14.25
CLRX,$0.66,1441225246761,"96,559",50% bullish,of 2 ratings,N/A
CLCT,$17.5,1441225246797,"27,332",100% bearish,of 1 rating,N/A
CIGI,$45.12,1441225246990,"41,166",100% bearish,of 1 rating,$52
COLL,$15.01,1441225247020,"103,522",100% bearish,of 1 rating,$26
CLCD,$6.07,1441225247055,"41,645",100% bearish,of 1 rating,$20.50
CBAN,$8.98,1441225247080,401,Not yet rated,NULL,N/A
COLB,$29.22,1441225247155,"120,987",Not yet rated,NULL,$36
COLM,$60.78,1441225247182,"68,923",100% bearish,of 1 rating,$71
CMCO,$18.8,1441225247207,"44,368",60% bullish,of 5 ratings,$28
CBMX,$1.151,1441225247341,"11,564",83% bullish,of 6 ratings,$3.15
CMCSK,$56.96,1441225247370,"1,881,099",Not yet rated,NULL,$84
CBSH,$43.39,1441225247472,"196,278",50% bullish,of 2 ratings,$46
CUBN,$13.4,1441225247506,"3,573",Not yet rated,NULL,N/A
CBSHP,$25.45,1441225247536,"1,500",100% bearish,of 1 rating,N/A
CMCSA,$55.74,1441225247606,"9,546,038",66% bullish,of 35 ratings,$69.50
CVGI,$4.92,1441225247639,"45,662",50% bullish,of 2 ratings,$6
COMM,$32.13,1441225247735,"681,593",67% bearish,of 3 ratings,$35
CSAL,$20.48,1441225247761,"396,011",75% bullish,of 4 ratings,$30
JCS,$9.26,1441225247835,"1,613",67% bullish,of 3 ratings,N/A
CYHHZ,$0.0109,1441225247940,"27,141",100% bullish,of 1 rating,N/A
ESXB,$5.09,1441225247973,101,Not yet rated,NULL,N/A
CTBI,$34.61,1441225247999,"9,374",Not yet rated,NULL,$36
CWBC,$6.84,1441225248028,"48,762",Not yet rated,NULL,N/A
CVLT,$35.26,1441225248082,"133,742",75% bullish,of 4 ratings,$44.50
COB,$10.46,1441225248130,"4,970",100% bullish,of 1 rating,$11.75
CIZ,NULL,1441225248258,0,100% bearish,of 1 rating,N/A
CSA,$32.4701,1441225248305,255,Not yet rated,NULL,N/A
CIL,NULL,1441225248339,0,Not yet rated,NULL,N/A
CID,NULL,1441225248398,0,Not yet rated,NULL,N/A
CDC,$34.01,1441225248443,"31,547",Not yet rated,NULL,N/A
CSF,$36.16,1441225248491,"1,540",100% bearish,of 1 rating,N/A
CFO,$34.85,1441225248587,"5,298",100% bearish,of 1 rating,N/A
CFA,$34.74,1441225248658,625,100% bearish,of 1 rating,N/A
CDL,$32.94,1441225248706,180,Not yet rated,NULL,N/A
CSB,$32.3,1441225248738,"1,172",Not yet rated,NULL,N/A
CPSI,$45.66,1441225248840,"58,984",100% bearish,of 1 rating,$45.50
CGEN,$4.96,1441225248867,"35,281",50% bullish,of 2 ratings,$11
CTG,$6.72,1441225248895,"10,537",100% bearish,of 1 rating,$8.50
SCOR,$44.425,1441225249031,"1,134,175",100% bearish,of 1 rating,$66
CHCI,$0.6784,1441225249062,"1,600",50% bullish,of 2 ratings,N/A
CNSI,$17.98,1441225249087,"53,020",100% bearish,of 2 ratings,$29
CMTL,$25.76,1441225249112,"39,216",100% bearish,of 2 ratings,$37
CNAT,$3.98,1441225249140,"75,064",83% bullish,of 6 ratings,$13
CNCE,$16.46,1441225249269,"80,037",75% bullish,of 4 ratings,$22
CXRX,$79.808,1441225249398,"1,006",100% bearish,of 1 rating,$90
CDOR,$1.28,1441225249430,"2,785",100% bullish,of 1 rating,N/A
CCUR,$5.33,1441225249456,"19,051",75% bullish,of 4 ratings,N/A
CDORO,$19,1441225249523,160,100% bearish,of 1 rating,N/A
CDORP,$6.5501,1441225249548,"1,133",100% bearish,of 1 rating,N/A
CNFR,$10.12,1441225249628,"1,754",Not yet rated,NULL,N/A
CFMS,$14.17,1441225249676,"341,280",100% bearish,of 1 rating,$26.50
CNXR,$7,1441225249867,"62,962",100% bearish,of 1 rating,$12
CNMD,$51.08,1441225249899,"159,138",Not yet rated,NULL,$59
CTWS,$34.7,1441225249930,"14,578",100% bearish,of 1 rating,$44
CNOB,$18.99,1441225249957,"14,587",100% bullish,of 1 rating,$23.50
CONN,$28.37,1441225249993,"306,264",67% bullish,of 3 ratings,$48.50
CWCO,$10.31,1441225250017,"36,541",67% bullish,of 3 ratings,$14.50
CNSL,$19.31,1441225250045,"112,550",100% bearish,of 1 rating,$23
CTCT,$24.12,1441225250088,"104,741",67% bullish,of 3 ratings,$37
CFRXW,NULL,1441225250396,0,100% bearish,of 1 rating,N/A
CFRX,$4.77,1441225250425,"10,298",Not yet rated,NULL,$14
CPSS,$5.6,1441225250447,"19,513",100% bullish,of 1 rating,$10
CFRXZ,$0.439,1441225250475,"1,850",Not yet rated,NULL,N/A
CTRV,$3.77,1441225250527,"8,263",Not yet rated,NULL,$6.40
CPRT,$34.94,1441225250659,"233,482",67% bearish,of 3 ratings,$40
CTRL,$8.33,1441225250691,"51,559",50% bullish,of 2 ratings,$11
CORT,$5.03,1441225250727,"193,867",67% bullish,of 3 ratings,$12
CSOD,$36.12,1441225250792,"190,294",50% bullish,of 2 ratings,$42
BVA,NULL,1441225250821,0,50% bullish,of 2 ratings,N/A
CORE,$59.9773,1441225250852,"58,204",100% bearish,of 1 rating,$72
CORI,$10.74,1441225250878,"44,909",100% bearish,of 1 rating,$18
CRVL,$31.11,1441225250906,"12,421",100% bearish,of 1 rating,N/A
COSI,$1.12,1441225251010,"34,076",100% bullish,of 1 rating,N/A
CRBP,$1.94,1441225251035,"135,940",100% bullish,of 2 ratings,$6.25
CSGP,$174.54,1441225251091,"78,512",50% bullish,of 2 ratings,$235
COST,$139.9,1441225251369,"898,478",79% bullish,of 24 ratings,$154.50
COWN,$5.0943,1441225251405,"447,513",75% bullish,of 4 ratings,$7
CPSH,$2.377,1441225251427,"4,400",Not yet rated,NULL,N/A
CPAH,$0.4305,1441225251498,400,50% bullish,of 2 ratings,N/A
CVTI,$22.67,1441225251523,"56,393",67% bearish,of 3 ratings,$39
BREW,$7.75,1441225251554,"8,754",67% bullish,of 6 ratings,$15
ICBK,$18.4,1441225251579,"1,300",Not yet rated,NULL,$21
COVS,$2.53,1441225251600,"42,879",67% bullish,of 3 ratings,N/A
CRAI,$23.455,1441225251732,"32,157",100% bearish,of 1 rating,$36
COWNL,$26.4399,1441225251757,"1,850",Not yet rated,NULL,N/A
CRAY,$20.5745,1441225251936,"126,330",83% bullish,of 6 ratings,$38.50
CBRL,$145.01,1441225251966,"122,032",50% bullish,of 2 ratings,$155
GLDI,$11.054,1441225251987,"4,219",100% bearish,of 1 rating,N/A
CACC,$200.1068,1441225252008,"96,621",50% bullish,of 2 ratings,$158.50
CREE,$26.29,1441225252049,"631,700",65% bullish,of 17 ratings,$29.50
CRTO,$38.32,1441225252139,"382,048",67% bullish,of 6 ratings,$64
SLVO,$10.16,1441225252164,"2,785",100% bearish,of 1 rating,N/A
CRESY,$10.15,1441225252233,"24,341",100% bearish,of 1 rating,$19
CRDS,$0.95,1441225252291,"54,663",50% bullish,of 4 ratings,$4.50
CROX,$14.15,1441225252320,"377,475",63% bullish,of 8 ratings,$16.50
CCRN,$14.22,1441225252341,"102,008",100% bearish,of 1 rating,$14.25
CRWS,$7.99,1441225252470,"11,080",Not yet rated,NULL,$10
CRWN,$4.91,1441225252518,"178,069",75% bullish,of 4 ratings,N/A
CYRX,$2.92,1441225252544,913,Not yet rated,NULL,$9
CYRXW,$0.7684,1441225252685,"8,000",Not yet rated,NULL,N/A
CSGS,$30.36,1441225252723,"108,923",Not yet rated,NULL,$40
CTCM,$1.67,1441225252860,"62,828",80% bearish,of 5 ratings,$3.90
CSPI,$5.7,1441225252888,"10,673",67% bullish,of 3 ratings,N/A
CTIC,$1.57,1441225252910,"274,409",84% bullish,of 76 ratings,$5.75
CTIB,$3.7455,1441225252931,"1,000",100% bearish,of 1 rating,N/A
CCLP,$14.3599,1441225252971,"40,781",67% bearish,of 3 ratings,$20
CTRP,$65.26,1441225252997,"669,321",75% bullish,of 8 ratings,$92.50
CUNB,$21.78,1441225253065,"14,581",Not yet rated,NULL,$24.50
CRIS,$2.655,1441225253199,"149,222",100% bullish,of 8 ratings,$6
CMLS,$1.325,1441225253229,"264,378",50% bullish,of 4 ratings,$6
CUI,$5.56,1441225253250,"23,646",50% bullish,of 2 ratings,$10
CPIX,$6.0401,1441225253279,"5,613",Not yet rated,NULL,N/A
CUTR,$14.92,1441225253334,"33,333",67% bearish,of 3 ratings,$18
CVV,$11.34,1441225253491,"8,959",100% bullish,of 5 ratings,N/A
CYAN,$6.5,1441225253527,"2,680",100% bearish,of 1 rating,N/A
CVBF,$15.82,1441225253557,"172,268",Not yet rated,NULL,$18
CYBR,$50.72,1441225253625,"651,632",75% bullish,of 8 ratings,$68.50
CYCC,$0.5598,1441225253655,"39,924",73% bullish,of 11 ratings,N/A
CYBX,$63.96,1441225253682,"139,102",50% bullish,of 4 ratings,$71.50
CYCCP,NULL,1441225253709,0,100% bearish,of 1 rating,N/A
CYBE,$6.72,1441225253729,"4,353",100% bearish,of 1 rating,N/A
CBAY,$2.63,1441225253937,"26,084",100% bullish,of 1 rating,$4
CYNA,$16.19,1441225253963,"16,927",50% bullish,of 2 ratings,$31.50
CYNO,$31.84,1441225254039,"109,033",67% bearish,of 3 ratings,$45.50
CYRN,$1.78,1441225254116,"1,800",67% bullish,of 3 ratings,$4
CY,$10.19,1441225254173,"6,000,267",80% bullish,of 10 ratings,$15.50
CONE,$31.19,1441225254226,"153,587",67% bearish,of 3 ratings,$35.50
CYTX,$0.3522,1441225254260,"1,025,660",83% bullish,of 12 ratings,$5.50
CYTK,$7.18,1441225254281,"181,578",71% bullish,of 14 ratings,$13.50
DAEG,$0.3535,1441225254358,"8,728",100% bearish,of 1 rating,N/A
CYTR,$2.37,1441225254384,"185,694",67% bullish,of 6 ratings,$10
CTSO,$7.33,1441225254419,"89,146",Not yet rated,NULL,$15.625
TVIZ,$23.62,1441225254516,"13,735",100% bearish,of 1 rating,N/A
ZIV,$36.26,1441225254605,"115,072",Not yet rated,NULL,N/A
TVIX,$15.58,1441225254647,"11,001,678",81% bullish,of 16 ratings,N/A
DJCO,$196,1441225254672,202,Not yet rated,NULL,N/A
XIV,$24.15,1441225254696,"15,951,821",75% bearish,of 4 ratings,N/A
DAKT,$8.56,1441225254859,"100,991",50% bullish,of 2 ratings,$12
DARA,$0.8451,1441225254956,"17,609",83% bullish,of 6 ratings,$1.50
DAIO,$2.65,1441225254985,"3,954",Not yet rated,NULL,N/A
DTEA,$12.97,1441225255025,"26,349",100% bearish,of 2 ratings,$24
DTLK,$5.56,1441225255057,"33,920",100% bearish,of 1 rating,$9
DWCH,$5.05,1441225255090,"9,586",75% bullish,of 4 ratings,$8.25
PLAY,$35.63,1441225255116,"139,950",100% bullish,of 5 ratings,$42
DRAM,$1.35,1441225255156,"5,092",78% bullish,of 9 ratings,N/A
DWSN,$4.4,1441225255195,"15,413",67% bullish,of 3 ratings,N/A
TRAK,$62.82,1441225255352,"275,001",50% bullish,of 2 ratings,$62.50
DBVT,$38.07,1441225255380,"50,731",100% bearish,of 1 rating,$53
DHRM,$1.63,1441225255483,"2,190",Not yet rated,NULL,N/A
DFRG,$14.49,1441225255619,"116,496",100% bearish,of 1 rating,$20
TACO,$12.85,1441225255679,"152,946",75% bullish,of 4 ratings,$20
DELT,$2.24,1441225255705,200,Not yet rated,NULL,N/A
DCTH,$0.4097,1441225255726,"115,399",78% bullish,of 9 ratings,N/A
TACOW,$4.378,1441225255757,"156,100",100% bullish,of 1 rating,N/A
DGAS,$20.67,1441225255792,"1,010",67% bearish,of 3 ratings,N/A
DELTW,NULL,1441225255889,0,Not yet rated,NULL,N/A
DENN,$11.26,1441225255914,"230,944",100% bullish,of 3 ratings,$15
DEPO,$26.86,1441225256045,"364,989",60% bullish,of 5 ratings,$29
DSCI,$5.95,1441225256070,"39,989",50% bullish,of 2 ratings,$16
XRAY,$51.61,1441225256095,"269,138",100% bullish,of 1 rating,$58
DERM,$26.3,1441225256141,"40,631",100% bearish,of 1 rating,$33.50
DEST,$10.83,1441225256300,"40,983",50% bullish,of 2 ratings,N/A
DXLG,$6.44,1441225256346,"132,996",100% bearish,of 1 rating,$8
DSWL,$1.57,1441225256405,"13,304",100% bullish,of 1 rating,N/A
DXM,$0.28,1441225256440,"269,096",50% bullish,of 2 ratings,N/A
FANG,$67.13,1441225256530,"609,898",50% bullish,of 2 ratings,$86
DHXM,$6.8,1441225256560,500,Not yet rated,NULL,N/A
DXCM,$88.96,1441225256581,"274,628",57% bullish,of 7 ratings,$98
DMND,$30.31,1441225256614,"91,386",75% bullish,of 12 ratings,$32
DHIL,$191.22,1441225256717,946,Not yet rated,NULL,N/A
DCIX,$1.5789,1441225256850,"44,441",50% bullish,of 4 ratings,$3.50
DGII,$10.16,1441225256887,"9,626",100% bearish,of 1 rating,$11
DRNA,$11.26,1441225256919,"91,244",67% bearish,of 3 ratings,$25
DMRC,$39.09,1441225256941,"31,924",100% bearish,of 1 rating,$44
DRAD,$3.77,1441225256982,"11,144",100% bullish,of 1 rating,$5.25
DGLY,$7.2,1441225257018,"192,628",50% bullish,of 6 ratings,$20
APPS,$2.215,1441225257150,"403,496",100% bearish,of 1 rating,$10.25
DCOM,$16.54,1441225257252,"32,981",100% bearish,of 2 ratings,$16
DPRX,$14.86,1441225257281,"11,255",100% bullish,of 2 ratings,$27.75
DIOD,$19.58,1441225257309,"64,840",75% bearish,of 4 ratings,$24
DISCB,NULL,1441225257334,0,100% bearish,of 1 rating,$35
DISCA,$26.66,1441225257355,"1,302,555",67% bullish,of 3 ratings,$34
DISCK,$25.41,1441225257385,"505,829",100% bearish,of 1 rating,$32
DISH,$58.96,1441225257605,"941,154",69% bullish,of 13 ratings,$73
DVCR,$10.94,1441225257656,"2,511",100% bullish,of 1 rating,N/A
DSCO,$0.422,1441225257681,"199,482",83% bullish,of 6 ratings,$2.75
DNBF,$26.05,1441225257706,"1,428",Not yet rated,NULL,$27.50
DLHC,$2.6624,1441225257734,"2,786",100% bearish,of 1 rating,N/A
BAGR,$2.72,1441225257762,"9,500",100% bearish,of 1 rating,$6
DLTR,$67.33,1441225257783,"5,844,928",82% bullish,of 11 ratings,$88
DGICB,NULL,1441225258062,0,100% bearish,of 1 rating,N/A
DGICA,$14.03,1441225258093,"16,286",100% bearish,of 1 rating,$17
DRWI,$0.2136,1441225258138,"1,228,872",60% bullish,of 5 ratings,$.45
HILL,$9.6478,1441225258192,"747,724",60% bearish,of 5 ratings,$9.75
DMLP,$14.75,1441225258222,"41,013",100% bearish,of 1 rating,N/A
DORM,$50.19,1441225258282,"172,520",100% bearish,of 1 rating,$56
DRWIW,NULL,1441225258321,0,Not yet rated,NULL,N/A
DRYS,$0.436,1441225258347,"1,090,642",77% bullish,of 31 ratings,$.60
DWA,$19.99,1441225258554,"869,745",63% bullish,of 8 ratings,$26
CADTR,NULL,1441225258848,0,Not yet rated,NULL,N/A
DSKX,$3.44,1441225258905,"102,960",100% bullish,of 1 rating,N/A
CADTU,NULL,1441225258930,0,Not yet rated,NULL,N/A
DTSI,$28.33,1441225258956,"130,979",100% bearish,of 2 ratings,$39.50
CADT,$9.98,1441225258986,300,Not yet rated,NULL,N/A
DSPG,$8.72,1441225259007,"16,577",100% bearish,of 1 rating,$13.50
CADTW,NULL,1441225259085,0,Not yet rated,NULL,N/A
DNKN,$48.7,1441225259186,"1,074,957",67% bullish,of 15 ratings,$56.50
DRRX,$2.06,1441225259264,"179,414",50% bullish,of 6 ratings,$3
DXPE,$29.79,1441225259290,"110,669",50% bullish,of 2 ratings,N/A
DYAX,$22.88,1441225259311,"250,755",89% bullish,of 9 ratings,$30
BOOM,$10.6,1441225259346,"95,985",67% bullish,of 3 ratings,$12
DYSL,$1.457,1441225259375,"16,530",100% bullish,of 2 ratings,N/A
DYNT,$3,1441225259475,"3,927",75% bullish,of 4 ratings,N/A
DVAX,$28.73,1441225259575,"127,982",70% bullish,of 10 ratings,$40
ETFC,$25.27,1441225259703,"1,296,050",57% bullish,of 14 ratings,$32.50
EROC,$1.49,1441225259800,"144,714",50% bullish,of 2 ratings,$3
EBMT,$11.64,1441225259825,"1,400",Not yet rated,NULL,$13.50
EGBN,$40.99,1441225259880,"99,489",Not yet rated,NULL,$48
EGRX,$81.89,1441225259901,"109,235",67% bullish,of 3 ratings,$97
EGLE,$6.98,1441225259922,"10,881",60% bullish,of 5 ratings,N/A
ELNK,$8.435,1441225259954,"472,946",60% bullish,of 5 ratings,$9.50
EML,$16.25,1441225260112,"3,446",Not yet rated,NULL,N/A
EBAY,$26.76,1441225260145,"5,547,849",81% bullish,of 117 ratings,$34
EWBC,$38.84,1441225260179,"408,029",100% bearish,of 1 rating,$50
EBIX,$28.2,1441225260211,"116,603",69% bullish,of 13 ratings,$40
EACQU,$10.15,1441225260245,"1,400",Not yet rated,NULL,N/A
EVBS,$6.5001,1441225260284,"2,550",Not yet rated,NULL,$7
ELON,$0.5926,1441225260312,"14,979",50% bullish,of 2 ratings,N/A
ECHO,$21.93,1441225260711,"461,937",67% bearish,of 3 ratings,$34.50
SATS,$43.91,1441225260816,"68,692",50% bullish,of 2 ratings,$60
ECTE,$1.5,1441225260876,"5,694",75% bullish,of 4 ratings,N/A
EDAP,$3.6153,1441225261017,"17,233",60% bullish,of 5 ratings,$4.50
ECACU,$10.1,1441225261042,200,Not yet rated,NULL,N/A
ESES,$3.99,1441225261120,"2,076",100% bearish,of 1 rating,$7
EDGW,$7.1601,1441225261514,"2,159",100% bearish,of 1 rating,N/A
EEI,$11.703,1441225261552,"10,921",67% bearish,of 3 ratings,N/A
EDUC,$6.35,1441225261579,"55,646",100% bearish,of 1 rating,N/A
EFUT,$4.6611,1441225261610,"1,400",Not yet rated,NULL,N/A
LOCO,$12.64,1441225261641,"291,916",69% bullish,of 13 ratings,$19.50
EGLT,$12.54,1441225261671,"83,949",50% bullish,of 2 ratings,$21
EHTH,$15.06,1441225261692,"83,649",50% bullish,of 4 ratings,$16.50
EGAN,$3.675,1441225261723,"6,525",50% bullish,of 2 ratings,$6.25
EMITF,$1.23,1441225261904,"4,472",75% bullish,of 4 ratings,N/A
ESLT,$78.661,1441225262038,"5,033",67% bullish,of 3 ratings,N/A
ELRC,$10.55,1441225262063,"17,497",100% bearish,of 1 rating,N/A
ESIO,$4.5,1441225262129,"36,394",50% bullish,of 2 ratings,$10
ELEC,NULL,1441225262302,0,Not yet rated,NULL,N/A
ELECU,$9.99,1441225262331,"6,100",Not yet rated,NULL,N/A
EFII,$43.24,1441225262360,"71,739",80% bullish,of 5 ratings,$55
ELSE,$3.9001,1441225262390,"2,000",60% bullish,of 5 ratings,N/A
ERI,$9.32,1441225262424,"86,104",100% bearish,of 1 rating,$10
EA,$64.525,1441225262461,"1,665,769",78% bullish,of 36 ratings,$80
ELECW,NULL,1441225262491,0,Not yet rated,NULL,N/A
EBIO,$3.53,1441225262518,"144,217",100% bearish,of 2 ratings,$8.35
CAPX,$22.4599,1441225262676,101,Not yet rated,NULL,N/A
RDEN,$11.36,1441225262702,"56,167",100% bearish,of 4 ratings,$15
LONG,$16.8025,1441225262780,"2,908",67% bullish,of 3 ratings,$15.75
ESBK,$19.85,1441225262839,639,Not yet rated,NULL,N/A
ELTK,$1.35,1441225262941,"43,240",67% bearish,of 3 ratings,N/A
EMKR,$6.87,1441225263044,"51,738",75% bullish,of 4 ratings,$8.50
EMMSP,$3.2,1441225263068,325,100% bearish,of 1 rating,N/A
EMCF,NULL,1441225263102,0,100% bearish,of 1 rating,N/A
EMCI,$22.56,1441225263132,"19,692",Not yet rated,NULL,N/A
EMMS,$1.1532,1441225263152,"14,524",83% bullish,of 6 ratings,N/A
ERS,$3.3999,1441225263204,"11,165",Not yet rated,NULL,N/A
NYNY,$4.2,1441225263226,"14,803",50% bullish,of 2 ratings,N/A
ECPG,$38.58,1441225263296,"108,179",100% bullish,of 2 ratings,$52
ENTA,$39.34,1441225263358,"83,012",50% bullish,of 2 ratings,$42
ENDP,$74.58,1441225263491,"575,492",50% bullish,of 6 ratings,$101.50
WIRE,$31.61,1441225263552,"46,106",100% bearish,of 1 rating,$37
ELGX,$12.555,1441225263654,"262,545",75% bullish,of 4 ratings,$17
ECYT,$5.25,1441225263684,"139,721",83% bullish,of 6 ratings,$12
EIGI,$14.85,1441225263706,"267,983",67% bearish,of 3 ratings,$22.50
WATT,$6.932,1441225263738,"22,972",50% bullish,of 2 ratings,$13
EXXI,$1.765,1441225263784,"986,495",86% bullish,of 7 ratings,$3.50
EFOI,$24.54,1441225263843,"922,255",50% bullish,of 2 ratings,$24.50
ERII,$2.59,1441225263874,"50,606",80% bullish,of 5 ratings,$2.50
ENPH,$4.42,1441225263978,"438,659",75% bullish,of 4 ratings,$11
ENOC,$8.8467,1441225264044,"95,175",75% bullish,of 4 ratings,$18
ENG,$1.0232,1441225264070,"36,634",100% bullish,of 3 ratings,N/A
ESGR,$147.56,1441225264091,"47,039",100% bearish,of 1 rating,$185
ENFC,$17.54,1441225264220,"1,200",Not yet rated,NULL,N/A
ENTG,$13.425,1441225264292,"152,041",100% bearish,of 1 rating,$18
ENTL,$21.336,1441225264351,"21,920",Not yet rated,NULL,$28
EGT,$1.988,1441225264477,"6,101",100% bullish,of 1 rating,N/A
EFSC,$23.89,1441225264504,"24,876",Not yet rated,NULL,$27
EBTC,$21.35,1441225264525,510,Not yet rated,NULL,N/A
ETRM,$0.314,1441225264546,"4,745,254",69% bearish,of 35 ratings,$1.625
ENVI,$1.8899,1441225264589,"27,341",67% bullish,of 3 ratings,N/A
ENZN,$0.9999,1441225264679,"206,459",100% bullish,of 9 ratings,N/A
ENZY,$10.49,1441225264704,"39,032",67% bullish,of 3 ratings,$9.50
EPIQ,$12.73,1441225264777,"31,162",100% bearish,of 1 rating,$18
EPZM,$20.43,1441225264841,"236,027",60% bullish,of 5 ratings,$34
EPRS,$5.08,1441225264874,"18,689",82% bullish,of 11 ratings,$15
PLUS,$73.07,1441225264975,"37,686",50% bullish,of 2 ratings,$88
EQIX,$269.95,1441225265039,"427,430",75% bullish,of 4 ratings,$312.50
EQFN,NULL,1441225265106,0,100% bearish,of 1 rating,N/A
ERIC,$9.625,1441225265140,"1,481,590",67% bullish,of 9 ratings,$12.20
EAC,$3.3,1441225265164,"5,167",100% bearish,of 1 rating,$8
ERIE,$81.97,1441225265239,"11,991",Not yet rated,NULL,$73
ESCR,$0.195,1441225265299,"113,126",50% bullish,of 2 ratings,N/A
ESCA,$18.065,1441225265328,"10,076",100% bearish,of 1 rating,$22
ESCRP,NULL,1441225265430,0,100% bearish,of 1 rating,N/A
ESPR,$48.56,1441225265488,"808,298",70% bearish,of 10 ratings,$115
ESMC,$1.4,1441225265529,740,Not yet rated,NULL,N/A
EPIX,$5.95,1441225265558,100,Not yet rated,NULL,N/A
ESSA,$12.95,1441225265586,"5,065",100% bearish,of 1 rating,N/A
ESND,$33.31,1441225265658,"113,131",100% bearish,of 2 ratings,$40
ETSY,$14.28,1441225265754,"240,495",80% bullish,of 5 ratings,$16
ESSX,$0.471,1441225265783,"11,007",50% bullish,of 2 ratings,N/A
ESEA,$4.6342,1441225265928,"10,285",100% bullish,of 1 rating,$15
CLWT,NULL,1441225265968,0,100% bullish,of 1 rating,N/A
EEFT,$64.14,1441225266019,"107,762",100% bearish,of 1 rating,$67.50
EVEP,$8.59,1441225266055,"102,097",50% bullish,of 2 ratings,$15
EVK,$3.69,1441225266084,300,75% bearish,of 4 ratings,N/A
EVLV,$2.66,1441225266153,"49,847",60% bullish,of 5 ratings,$4.625
EVOK,$3.3232,1441225266180,"25,342",100% bearish,of 1 rating,$13.375
EVOL,$5.89,1441225266345,"7,848",75% bullish,of 4 ratings,$10
EXAS,$22,1441225266411,"663,693",78% bullish,of 9 ratings,$31
EXA,$10.41,1441225266438,"103,690",100% bearish,of 1 rating,$13
EXAC,$19.1,1441225266472,"17,369",100% bearish,of 1 rating,$22.50
EXEL,$5.845,1441225266521,"3,171,642",81% bullish,of 16 ratings,$6
EXFO,$2.91,1441225266570,200,67% bearish,of 3 ratings,$3.95
EXLS,$37.07,1441225266595,"83,352",50% bullish,of 2 ratings,$41
EXPE,$113,1441225266728,"452,934",64% bullish,of 11 ratings,$130
ESRX,$83.09,1441225266798,"1,544,436",67% bearish,of 6 ratings,$101
EXPO,$42.34,1441225266829,"44,156",100% bearish,of 1 rating,$45.50
EXPD,$49.675,1441225266854,"1,161,925",80% bullish,of 5 ratings,$52
EXLP,$19.1724,1441225266879,"95,593",100% bearish,of 1 rating,$25
EXTR,$3.08,1441225266931,"490,550",80% bullish,of 5 ratings,$3
EYEG,$3.59,1441225267060,"7,953",Not yet rated,NULL,N/A
EZCH,$22.61,1441225267090,"37,460",75% bullish,of 8 ratings,$19.50
EYEGW,$1.04,1441225267123,"1,800",Not yet rated,NULL,N/A
EZPW,$6.17,1441225267197,"142,022",50% bullish,of 4 ratings,$7
FB,$89.53,1441225267225,"13,693,205",73% bullish,of 1074 ratings,$111
FCS,$13.39,1441225267256,"294,453",67% bearish,of 3 ratings,$17
FFIV,$120.53,1441225267281,"516,282",63% bullish,of 8 ratings,$132
FRP,$15.999,1441225267353,"34,571",100% bearish,of 1 rating,$18
FWM,$2.21,1441225267483,"88,362",100% bearish,of 2 ratings,$3.20
FALC,$1.73,1441225267531,"17,973",63% bearish,of 8 ratings,N/A
DAVE,$14.36,1441225267566,"8,363",100% bearish,of 1 rating,$15.50
FARO,$37.65,1441225267664,"35,940",50% bullish,of 2 ratings,$48
FFKT,$26.0199,1441225267691,"6,791",Not yet rated,NULL,$29
FARM,$22.53,1441225267712,"32,184",100% bearish,of 1 rating,$35
FMNB,$8.173,1441225267927,"3,002",Not yet rated,NULL,N/A
FAST,$38.18,1441225267952,"1,061,161",80% bullish,of 5 ratings,$45.50
FATE,$6.29,1441225268017,"16,266",50% bullish,of 2 ratings,$11
FDML,$8.75,1441225268038,"137,064",50% bullish,of 4 ratings,$14
FBRC,$22.09,1441225268082,"27,198",100% bearish,of 1 rating,$29
FBSS,NULL,1441225268109,0,Not yet rated,NULL,N/A
FNHC,$22.01,1441225268136,"23,537",100% bearish,of 1 rating,$35
FHCO,$1.4,1441225268281,"11,685",50% bullish,of 4 ratings,N/A
FEIC,$74.75,1441225268307,"167,480",50% bullish,of 2 ratings,$95.50
FGEN,$23.33,1441225268390,"202,079",100% bearish,of 1 rating,$39
ONEQ,$186.1943,1441225268453,"16,040",100% bullish,of 1 rating,N/A
FENX,$9.79,1441225268525,"69,969",100% bullish,of 1 rating,$14.25
FCSC,$5.62,1441225268557,"43,368",100% bearish,of 1 rating,$8.125
FDUS,$14.845,1441225268585,"21,065",50% bullish,of 2 ratings,$18
FRGI,$51.84,1441225268610,"82,233",50% bullish,of 2 ratings,$70
LION,$18.531,1441225268655,"30,520",100% bullish,of 1 rating,$20
FSAM,$7.88,1441225268747,"3,851",100% bearish,of 1 rating,$10.25
FSC,$6.525,1441225268818,"433,251",60% bullish,of 5 ratings,$8
FSFR,$8.79,1441225268920,"107,126",100% bearish,of 1 rating,$11.50
FSCFL,$24.529,1441225268945,"3,862",Not yet rated,NULL,N/A
FITB,$19.28,1441225268973,"2,255,812",54% bullish,of 13 ratings,$22
FITBI,$27.46,1441225269018,"14,242",Not yet rated,NULL,N/A
FNGN,$30.81,1441225269187,"194,644",67% bullish,of 3 ratings,$47
FNSR,$15.19,1441225269230,"392,147",71% bullish,of 7 ratings,$24
FNTCU,NULL,1441225269328,0,Not yet rated,NULL,N/A
FNJN,$1.77,1441225269353,"16,070",100% bearish,of 1 rating,$5
FEYE,$37.32,1441225269383,"1,707,898",88% bullish,of 16 ratings,$55.50
FISI,$24.73,1441225269414,"11,674",100% bullish,of 2 ratings,$24.50
FNTC,NULL,1441225269442,0,Not yet rated,NULL,N/A
FNTCW,NULL,1441225269462,0,Not yet rated,NULL,N/A
FBNC,$16.84,1441225269510,"4,317",100% bullish,of 1 rating,$20
FNLC,$18.8,1441225269715,"4,944",100% bullish,of 1 rating,N/A
BUSE,$6.34,1441225269741,"65,464",Not yet rated,NULL,$6.875
FRBA,$6.05,1441225269762,"7,815",Not yet rated,NULL,$8
FBIZ,$22.5,1441225269898,"44,831",100% bearish,of 2 ratings,$26
FCAP,$26.63,1441225269955,40,Not yet rated,NULL,N/A
FCVA,$4.75,1441225269999,605,Not yet rated,NULL,N/A
FCNCA,$231.217,1441225270026,"2,904",Not yet rated,NULL,N/A
FCFS,$39.56,1441225270087,"47,531",100% bearish,of 3 ratings,$47
FCLF,$9.35,1441225270115,371,Not yet rated,NULL,N/A
FCCO,$12.09,1441225270261,775,Not yet rated,NULL,$13.25
FCFP,$6.905,1441225270288,500,Not yet rated,NULL,N/A
FDEF,$36.75,1441225270342,"12,420",Not yet rated,NULL,$38
FBNK,$16.86,1441225270423,"22,251",100% bearish,of 1 rating,$17.50
FCBC,$17.5,1441225270448,"9,467",Not yet rated,NULL,$18
FFNM,$6.3,1441225270472,300,Not yet rated,NULL,N/A
FFBC,$18.16,1441225270506,"69,440",67% bearish,of 3 ratings,$20.25
FFBCW,NULL,1441225270711,0,100% bearish,of 1 rating,N/A
FFIN,$29.9,1441225270841,"69,252",50% bullish,of 2 ratings,$31.75
FFNW,$12.03,1441225270875,"7,869",Not yet rated,NULL,$14
THFF,$32.8,1441225270896,"3,159",Not yet rated,NULL,$35
FFWM,$21.2,1441225270926,"5,646",Not yet rated,NULL,$24
INBK,$30.27,1441225270971,"11,136",50% bullish,of 2 ratings,$37
FIBK,$26.25,1441225271072,"55,168",Not yet rated,NULL,$32
FMBH,$22.35,1441225271158,382,Not yet rated,NULL,N/A
FRME,$25.99,1441225271203,"111,194",Not yet rated,NULL,$26.50
FNBC,$34,1441225271266,"110,408",Not yet rated,NULL,$40
FNFG,$8.9065,1441225271335,"1,656,778",80% bullish,of 5 ratings,$9
FSLR,$47.67,1441225271518,"736,691",72% bullish,of 39 ratings,$65
FNWB,$11.96,1441225271549,"3,560",Not yet rated,NULL,N/A
FSFG,NULL,1441225271579,0,Not yet rated,NULL,N/A
FSGI,$2.46,1441225271600,"5,700",Not yet rated,NULL,N/A
FSBK,$7.81,1441225271684,"6,800",100% bullish,of 1 rating,N/A
BICK,$19.09,1441225271731,"1,075",100% bullish,of 1 rating,N/A
FBZ,$9.44,1441225271759,200,Not yet rated,NULL,N/A
FTCS,$35.924,1441225271865,"256,181",100% bearish,of 1 rating,N/A
FV,$23.09,1441225271964,"1,637,161",100% bearish,of 1 rating,N/A
FCA,$18.866,1441225271994,107,Not yet rated,NULL,N/A
FMBI,$17.1861,1441225272100,"167,410",Not yet rated,NULL,$20
FEMB,NULL,1441225272187,0,Not yet rated,NULL,N/A
FTSM,$59.96,1441225272216,"22,083",100% bearish,of 1 rating,N/A
FEUZ,$30.4415,1441225272241,102,Not yet rated,NULL,N/A
IFV,$17.475,1441225272266,"348,057",100% bearish,of 1 rating,N/A
FGM,$35.13,1441225272442,"16,462",Not yet rated,NULL,N/A
TDIV,$24.54,1441225272469,"93,059",100% bearish,of 1 rating,N/A
MDIV,$18.97,1441225272505,"169,097",Not yet rated,NULL,N/A
FTGC,$22.2801,1441225272530,"149,904",Not yet rated,NULL,N/A
FTHI,$19.23,1441225272677,"1,151",Not yet rated,NULL,N/A
HYLS,$49.57,1441225272757,"84,159",100% bearish,of 1 rating,N/A
FHK,$32.49,1441225272825,"8,414",Not yet rated,NULL,N/A
FPXI,$26.4,1441225272902,200,Not yet rated,NULL,N/A
FCAN,$24.13,1441225272936,"28,049",Not yet rated,NULL,N/A
YDIV,$16.1501,1441225273033,"1,923",Not yet rated,NULL,N/A
SKYY,$28.52,1441225273057,"37,619",100% bullish,of 1 rating,N/A
CU,$12.6499,1441225273082,"2,920",100% bearish,of 1 rating,N/A
PLTM,$6.16,1441225273125,"3,135",100% bearish,of 1 rating,N/A
FJP,$45.37,1441225273254,"78,312",Not yet rated,NULL,N/A
FTLB,$18.91,1441225273280,1,100% bearish,of 1 rating,N/A
LMBS,$50.36,1441225273310,"1,666",Not yet rated,NULL,N/A
QABA,$36.7114,1441225273418,"8,618",100% bearish,of 1 rating,N/A
FMB,$51.19,1441225273483,"7,587",Not yet rated,NULL,N/A
FONE,$34.679,1441225273509,500,Not yet rated,NULL,N/A
CIBR,$17.5504,1441225273534,"24,033",Not yet rated,NULL,N/A
QCLN,$14.8719,1441225273673,"10,789",Not yet rated,NULL,N/A
CARZ,$34.0182,1441225273733,392,100% bearish,of 1 rating,N/A
GRID,$31.04,1441225273758,330,100% bearish,of 1 rating,N/A
RDVY,$20.72,1441225273891,"5,311",Not yet rated,NULL,N/A
QTEC,$39.47,1441225273923,"17,052",Not yet rated,NULL,N/A
AIRR,$16.2801,1441225273949,"16,357",100% bearish,of 1 rating,N/A
QQXT,$40.0103,1441225274028,"13,627",Not yet rated,NULL,N/A
QQEW,$41.2901,1441225274056,"190,291",Not yet rated,NULL,N/A
QINC,$19.77,1441225274159,"1,225",Not yet rated,NULL,N/A
FTSL,$48.82,1441225274220,"51,513",100% bearish,of 1 rating,N/A
FKO,$22.47,1441225274248,312,Not yet rated,NULL,N/A
FDIV,$47.0499,1441225274286,"1,921",100% bearish,of 1 rating,N/A
FSZ,$38.43,1441225274324,"69,486",Not yet rated,NULL,N/A
FTW,$31.5,1441225274417,758,Not yet rated,NULL,N/A
TUSA,$24.32,1441225274449,"3,337",Not yet rated,NULL,N/A
FKU,$41.3017,1441225274595,"70,141",Not yet rated,NULL,N/A
FUNC,$8.15,1441225274631,500,Not yet rated,NULL,N/A
SVVC,$9.27,1441225274671,"8,164",50% bullish,of 2 ratings,$26
FMER,$17.28,1441225274730,"525,131",50% bullish,of 2 ratings,$20
FSV,$32.225,1441225274815,"31,179",Not yet rated,NULL,$33.60
FISV,$84.78,1441225274866,"701,250",100% bearish,of 3 ratings,$90
FPRX,$19.54,1441225274893,"160,978",50% bullish,of 2 ratings,$35
FIVE,$34,1441225274914,"1,184,035",75% bearish,of 4 ratings,$44
FIVN,$3.84,1441225274969,"73,850",100% bullish,of 1 rating,$8.50
FLML,$22.7,1441225275114,"141,984",50% bullish,of 2 ratings,$30
FLXN,$26.11,1441225275141,"118,895",100% bearish,of 1 rating,$40
SKOR,$50.35,1441225275177,"7,650",Not yet rated,NULL,N/A
FLKS,$11.8,1441225275198,"31,959",50% bullish,of 2 ratings,$27
FLXS,$31.14,1441225275275,"11,675",100% bearish,of 2 ratings,N/A
MBSD,$24.91,1441225275301,315,Not yet rated,NULL,N/A
FLEX,$10.295,1441225275366,"769,903",63% bullish,of 8 ratings,$12
FLIR,$28.235,1441225275444,"633,010",100% bearish,of 2 ratings,$38.50
FOMX,$10.03,1441225275553,"78,984",50% bullish,of 2 ratings,$23.50
FLDM,$11.3061,1441225275581,"142,528",67% bearish,of 3 ratings,$15
FOGO,$19.29,1441225275656,"62,005",50% bullish,of 2 ratings,$25.50
FFIC,$19.56,1441225275713,"56,770",Not yet rated,NULL,$20.50
FONR,$9.77,1441225275743,"7,304",100% bullish,of 1 rating,N/A
FORM,$6.4235,1441225275847,"267,247",67% bullish,of 3 ratings,$10.50
FES,$0.8678,1441225275885,"34,307",50% bullish,of 2 ratings,$1
FORTY,$31.63,1441225275906,212,100% bearish,of 1 rating,N/A
FORR,$31.04,1441225275976,"25,826",Not yet rated,NULL,N/A
FTNT,$41.72,1441225276003,"562,275",80% bullish,of 10 ratings,$52
FBIO,$2.6,1441225276063,"60,590",83% bullish,of 6 ratings,N/A
FWP,$27.23,1441225276222,"72,303",100% bearish,of 1 rating,$45
FWRD,$43.86,1441225276251,"148,470",100% bearish,of 1 rating,$50
FORD,$1.66,1441225276303,"2,093,563",67% bullish,of 3 ratings,N/A
FOSL,$60.35,1441225276333,"308,044",60% bearish,of 5 ratings,$80
FMI,$23.3305,1441225276359,"105,958",100% bearish,of 2 ratings,$27.50
FXCB,$17.2,1441225276434,"5,197",Not yet rated,NULL,$19
FOXF,$15.37,1441225276522,"14,715",100% bearish,of 1 rating,$19
FRAN,$11.38,1441225276560,"341,694",50% bullish,of 4 ratings,$15
FELE,$27.75,1441225276598,"174,335",50% bullish,of 4 ratings,$33
FRED,$12.84,1441225276663,"78,450",50% bullish,of 2 ratings,$15.50
FREE,$0.3901,1441225276694,"3,799,561",92% bullish,of 12 ratings,N/A
FEIM,$11.17,1441225276795,"4,158",100% bearish,of 1 rating,N/A
RAIL,$20.7645,1441225276820,"61,975",100% bearish,of 1 rating,$24.50
FRPT,$12.39,1441225276954,"253,554",67% bearish,of 3 ratings,$23.50
FTR,$5.185,1441225276988,"12,377,595",78% bullish,of 27 ratings,$6.25
FTRPR,$102.5,1441225277019,"52,350",100% bearish,of 1 rating,N/A
FRPH,$30.99,1441225277088,"2,102",100% bearish,of 1 rating,N/A
FSBW,$23.09,1441225277115,"5,080",Not yet rated,NULL,N/A
FSYS,$6.27,1441225277140,"227,707",67% bullish,of 3 ratings,$10
FCEL,$0.8733,1441225277291,"734,423",88% bullish,of 41 ratings,$2.65
FTD,$29.53,1441225277321,"25,021",100% bearish,of 1 rating,$40
FTEK,$1.98,1441225277389,"13,229",75% bullish,of 4 ratings,N/A
FULL,$3.1116,1441225277420,"24,716",67% bearish,of 3 ratings,$4.25
FLL,$1.48,1441225277491,"55,812",75% bullish,of 4 ratings,$3.50
FULLL,NULL,1441225277580,0,Not yet rated,NULL,N/A
FSNN,$2.14,1441225277618,"8,900",67% bullish,of 3 ratings,$6
FULT,$11.78,1441225277644,"323,393",100% bearish,of 1 rating,$13
FFHL,$0.9947,1441225277716,870,50% bullish,of 4 ratings,N/A
FXEN,$1.02,1441225277771,"160,869",75% bullish,of 4 ratings,$1.10
FXENP,$16.05,1441225277816,100,100% bearish,of 1 rating,N/A
GK,$67.17,1441225277876,"58,838",Not yet rated,NULL,$78
WILC,$4.906,1441225277947,"2,310",100% bullish,of 2 ratings,N/A
GAIA,$6.03,1441225278004,"183,365",50% bullish,of 2 ratings,$8.50
GALT,$2.11,1441225278079,"55,732",80% bullish,of 5 ratings,N/A
GLPG,$57.93,1441225278105,"10,058",100% bullish,of 1 rating,$75
GALTW,$0.55,1441225278162,"5,162",100% bullish,of 1 rating,N/A
GALTU,$5.19,1441225278186,200,100% bearish,of 1 rating,N/A
GLMD,$8.46,1441225278234,"25,439",67% bullish,of 3 ratings,$20.50
GALE,$1.61,1441225278367,"540,426",89% bullish,of 47 ratings,$4
GLPI,$30.825,1441225278396,"258,227",100% bearish,of 1 rating,$37.50
GPIC,$9.76,1441225278421,100,100% bearish,of 1 rating,N/A
GRMN,$37.165,1441225278450,"509,441",50% bullish,of 6 ratings,$46.50
GGAC,NULL,1441225278549,0,100% bearish,of 1 rating,N/A
GGACR,$0.26,1441225278595,"35,000",100% bullish,of 1 rating,N/A
GGACU,$10.24,1441225278652,100,Not yet rated,NULL,N/A
GGACW,$0.1436,1441225278727,"3,816",Not yet rated,NULL,N/A
GARS,$14.388,1441225278759,"33,269",Not yet rated,NULL,$16
GNCMA,$16.6941,1441225278859,"70,103",100% bearish,of 1 rating,$12
GENC,$9.0482,1441225278905,347,100% bearish,of 1 rating,N/A
GFN,$3.76,1441225278934,"7,528",100% bearish,of 2 ratings,$8
GFNCP,NULL,1441225278959,0,Not yet rated,NULL,N/A
GENE,$2.31,1441225279095,"58,601",100% bullish,of 12 ratings,N/A
GFNSL,$25.75,1441225279185,"2,200",Not yet rated,NULL,N/A
GNMK,$9.73,1441225279218,"81,331",67% bullish,of 6 ratings,$14
GNCA,$11.25,1441225279244,"95,232",100% bearish,of 1 rating,$20
GHDX,$26.16,1441225279289,"133,440",50% bullish,of 2 ratings,$30
GNTX,$15.51,1441225279318,"1,113,559",Not yet rated,NULL,$20
THRM,$44.93,1441225279418,"101,907",75% bearish,of 4 ratings,$55.50
GTWN,$18.16,1441225279445,569,Not yet rated,NULL,N/A
GNVC,$2.421,1441225279643,"5,196",90% bullish,of 10 ratings,$8.50
GERN,$3.02,1441225279758,"1,154,902",88% bullish,of 16 ratings,$5.25
GEOS,$16.99,1441225279810,"59,473",100% bearish,of 3 ratings,$21
GEVO,$2.36,1441225279856,"183,337",75% bullish,of 12 ratings,$5
GABC,$28.5,1441225279885,"6,942",Not yet rated,NULL,$31
ROCK,$16.68,1441225279905,"90,483",80% bullish,of 5 ratings,$24
GIGA,$1.44,1441225279936,"35,358",100% bearish,of 1 rating,N/A
GIGM,$0.5276,1441225279960,"9,679",100% bullish,of 2 ratings,N/A
GILD,$103.7,1441225280159,"4,862,167",91% bullish,of 87 ratings,$129
GIII,$67.72,1441225280195,"665,241",67% bullish,of 3 ratings,$75
GILT,$4.1714,1441225280223,"1,536",50% bullish,of 2 ratings,N/A
GBCI,$25.6,1441225280244,"172,348",50% bullish,of 2 ratings,$31
GLAD,$8.6989,1441225280285,"86,083",50% bullish,of 2 ratings,$8.75
GLADO,$25.5,1441225280372,"1,427",Not yet rated,NULL,N/A
GOOD,$14.25,1441225280397,"49,196",Not yet rated,NULL,$19
GOODN,$25.609,1441225280530,100,Not yet rated,NULL,N/A
GOODO,$25.4599,1441225280561,203,Not yet rated,NULL,N/A
GOODP,$25.1,1441225280634,"1,312",Not yet rated,NULL,N/A
GAINN,$25.332,1441225280658,"57,696",Not yet rated,NULL,N/A
GAIN,$7.43,1441225280718,"73,687",100% bullish,of 2 ratings,$8.25
GAINO,$25.19,1441225280796,1,Not yet rated,NULL,N/A
LAND,$9.24,1441225280825,"18,491",50% bullish,of 2 ratings,$13.75
GLBZ,NULL,1441225280901,0,Not yet rated,NULL,N/A
GAINP,$25.64,1441225280935,"6,844",Not yet rated,NULL,N/A
GBT,$51.79,1441225281026,"124,583",100% bearish,of 1 rating,N/A
ENT,$11,1441225281055,"46,891",100% bearish,of 1 rating,$18
GDEF,$10.65,1441225281126,400,Not yet rated,NULL,N/A
GBLI,$27.17,1441225281156,"8,174",Not yet rated,NULL,N/A
GPACU,NULL,1441225281222,0,Not yet rated,NULL,N/A
GSOL,$8.26,1441225281251,"15,235",100% bearish,of 1 rating,N/A
ACTX,$13.0399,1441225281316,"3,300",100% bullish,of 1 rating,N/A
QQQC,$18.335,1441225281417,"6,800",100% bearish,of 1 rating,N/A
SOCL,$17.27,1441225281500,"35,315",100% bullish,of 2 ratings,N/A
YLCO,$11.5505,1441225281533,"1,260",Not yet rated,NULL,N/A
ALTY,$14.04,1441225281584,660,Not yet rated,NULL,N/A
SRET,$12.9145,1441225281608,"2,873",Not yet rated,NULL,N/A
GAI,$6.22,1441225281637,"1,400",50% bullish,of 2 ratings,N/A
GSM,$13.59,1441225281657,"148,764",50% bullish,of 2 ratings,$22
GBIM,$2.47,1441225281791,"6,377",50% bullish,of 2 ratings,N/A
GLBS,$1.04,1441225281821,500,67% bullish,of 3 ratings,N/A
GOGO,$16.43,1441225281920,"497,999",80% bullish,of 5 ratings,$25
GLUU,$4.37,1441225281948,"985,625",92% bullish,of 26 ratings,$9
GLRI,$1.06,1441225281977,"39,807",100% bearish,of 1 rating,$4.25
GLYC,$6.96,1441225281997,"1,400",50% bullish,of 2 ratings,$14
GMLP,$20.32,1441225282169,"103,084",50% bullish,of 4 ratings,$29
GLNG,$38.845,1441225282233,"483,601",83% bullish,of 6 ratings,$55.50
GLDC,$4.0981,1441225282269,"2,150",50% bullish,of 2 ratings,N/A
GBDC,$17.04,1441225282298,"128,318",Not yet rated,NULL,$17.75
GOOG,$611.51,1441225282368,"888,771",88% bullish,of 73 ratings,$787.50
GDEN,$8.91,1441225282398,"8,925",50% bullish,of 2 ratings,N/A
GOGL,$3.03,1441225282425,"170,117",75% bullish,of 4 ratings,$5
GTIM,$6.591,1441225282500,"24,859",Not yet rated,NULL,$11.50
GPRO,$41.27,1441225282632,"11,710,225",78% bullish,of 58 ratings,$72
GMAN,$3.69,1441225282707,"26,637",60% bullish,of 5 ratings,$8.50
GOOGL,$644.8133,1441225282732,"585,487",88% bullish,of 1082 ratings,$749
GPIAU,$9.96,1441225282759,"4,600",Not yet rated,NULL,N/A
GPIA,NULL,1441225282790,0,100% bearish,of 1 rating,N/A
GPIAW,NULL,1441225282820,0,Not yet rated,NULL,N/A
LOPE,$36.73,1441225282893,"103,559",100% bearish,of 2 ratings,$50
GRVY,NULL,1441225282919,0,50% bullish,of 2 ratings,N/A
GBSNU,NULL,1441225283051,0,NULL,NULL,NULL
GBSN,$0.2304,1441225283118,"4,671,075",50% bullish,of 2 ratings,$8.25
GLDD,$5.47,1441225283158,"107,925",100% bearish,of 4 ratings,$7.75
GSBC,$40.46,1441225283183,"14,837",100% bullish,of 1 rating,$44
GNBC,$11.81,1441225283314,"4,996",100% bearish,of 1 rating,$16.50
GPP,$14.5,1441225283349,"33,821",Not yet rated,NULL,$20.50
GCBC,$28.5,1441225283445,101,100% bullish,of 1 rating,N/A
GRBK,$11.89,1441225283471,"105,894",77% bullish,of 13 ratings,N/A
GPRE,$20.13,1441225283506,"223,487",67% bullish,of 6 ratings,$28.50
GRIF,NULL,1441225283531,0,100% bearish,of 1 rating,N/A
GLRE,$24.915,1441225283556,"144,434",50% bullish,of 2 ratings,$41
GRFS,$29.75,1441225283602,"395,805",50% bullish,of 2 ratings,$35
GRPN,$4.32,1441225283710,"1,987,608",61% bullish,of 71 ratings,$6.75
GGAL,$18.59,1441225283770,"83,845",80% bullish,of 5 ratings,$40
OMAB,$41.34,1441225283839,"14,576",100% bullish,of 1 rating,$44
GSIG,$12.87,1441225283863,"12,259",100% bearish,of 2 ratings,N/A
GSIT,$4.6,1441225284006,"9,100",100% bearish,of 1 rating,N/A
GSVC,$8.8,1441225284098,"37,089",50% bullish,of 2 ratings,$15.75
GFED,$14.97,1441225284189,300,Not yet rated,NULL,$17
GBNK,$15.82,1441225284214,"65,636",100% bearish,of 1 rating,$18
GTXI,$0.8801,1441225284241,"17,437",100% bullish,of 5 ratings,$.75
GULTU,$0.3164,1441225284269,"57,823",100% bearish,of 1 rating,N/A
GIFI,$12.4,1441225284294,"38,663",100% bearish,of 1 rating,$16
GUID,$6.96,1441225284318,"85,962",100% bearish,of 3 ratings,$10
GURE,$1.67,1441225284451,"24,618",88% bullish,of 8 ratings,N/A
GPOR,$34.19,1441225284533,"567,132",75% bullish,of 4 ratings,$54
GWPH,$105.36,1441225284559,"85,828",78% bullish,of 9 ratings,$148.50
GYRO,$30.5,1441225284656,"5,400",100% bearish,of 1 rating,N/A
GWGH,$8.12,1441225284681,100,100% bearish,of 1 rating,$15.05
HEES,$18.73,1441225284763,"254,924",67% bearish,of 3 ratings,$31
HLG,$8.9,1441225284847,100,100% bearish,of 1 rating,N/A
HALO,$17.44,1441225284901,"392,575",67% bullish,of 3 ratings,$22.50
HNRG,$7.66,1441225284933,"38,409",100% bearish,of 1 rating,$10
HBK,NULL,1441225284994,0,50% bullish,of 2 ratings,N/A
HALL,$11.38,1441225285035,"5,085",Not yet rated,NULL,N/A
HMPR,$1.85,1441225285061,"21,480",100% bullish,of 1 rating,N/A
HBHC,$26.78,1441225285086,"254,136",50% bullish,of 2 ratings,$30
HBHCL,$24.29,1441225285220,"40,485",Not yet rated,NULL,N/A
HNH,$24.6789,1441225285291,"19,567",100% bullish,of 1 rating,N/A
HNSN,$0.544,1441225285319,"28,987",88% bullish,of 8 ratings,$.40
HAFC,$23.72,1441225285344,"34,580",100% bullish,of 2 ratings,$28.50
HQCL,$12.52,1441225285426,"13,237",67% bullish,of 3 ratings,$14
HDNG,$10.0104,1441225285493,"5,247",50% bullish,of 4 ratings,N/A
HRMN,NULL,1441225285571,0,Not yet rated,NULL,N/A
HRMNU,$10.22,1441225285623,700,Not yet rated,NULL,N/A
HLIT,$5.7,1441225285672,"147,808",100% bearish,of 1 rating,$6.50
HART,$1.15,1441225285701,"179,390",100% bearish,of 1 rating,N/A
HRMNW,$0.4375,1441225285727,100,Not yet rated,NULL,N/A
TINY,$2.43,1441225285752,"17,458",50% bullish,of 2 ratings,$5.26
HBIO,$4.39,1441225285806,"46,687",100% bearish,of 1 rating,$10
HCAP,$11.925,1441225286095,"2,257",50% bullish,of 2 ratings,$15
HAS,$74.47,1441225286130,"1,287,477",63% bullish,of 8 ratings,$84.50
HCAPL,$25.7399,1441225286163,450,Not yet rated,NULL,N/A
HA,$23.905,1441225286184,"431,719",67% bullish,of 9 ratings,$27
HCOM,$21.765,1441225286263,"3,913",100% bearish,of 1 rating,$28
HWKN,$38.26,1441225286288,"6,292",Not yet rated,NULL,N/A
HDS,$32.16,1441225286431,"1,225,712",100% bearish,of 2 ratings,$39.50
HAYN,$38.37,1441225286472,"23,620",100% bearish,of 1 rating,$59
HIIQ,$4.77,1441225286493,"21,834",50% bullish,of 2 ratings,$7
HWBK,$13.56,1441225286532,300,100% bearish,of 1 rating,N/A
HQY,$29.82,1441225286558,"106,058",67% bullish,of 3 ratings,$35
HCSG,$32.73,1441225286588,"133,469",50% bullish,of 4 ratings,$35
HWAY,$11.99,1441225286609,"106,965",100% bearish,of 1 rating,$15
HSTM,$24.22,1441225286643,"83,665",50% bullish,of 2 ratings,$33.75
HTLD,$20.0284,1441225286830,"294,960",Not yet rated,NULL,$22.50
HTLF,$35.83,1441225286939,"7,712",100% bullish,of 1 rating,$39.50
HTWR,$64.04,1441225286991,"2,211,733",50% bullish,of 2 ratings,$103
HSII,$19.96,1441225287043,"19,484",100% bullish,of 3 ratings,$25
HTBX,$4,1441225287068,"33,160",50% bullish,of 2 ratings,$15.50
HELE,$82.005,1441225287095,"96,822",67% bearish,of 3 ratings,$100
HMNY,NULL,1441225287124,0,100% bearish,of 1 rating,N/A
HMTV,$13.47,1441225287224,"4,626",100% bearish,of 1 rating,$16
HNNA,$24.65,1441225287250,"4,694",Not yet rated,NULL,N/A
HSIC,$135.38,1441225287309,"190,983",83% bullish,of 6 ratings,$146
HERO,NULL,1441225287339,0,NULL,NULL,NULL
HTBK,$10.3,1441225287444,"52,737",Not yet rated,NULL,$12
HCACU,$9.99,1441225287466,700,Not yet rated,NULL,N/A
HFWA,$17.5,1441225287501,"112,901",100% bullish,of 1 rating,$20
HEOP,$7.6,1441225287544,"7,549",Not yet rated,NULL,$8.50
HCCI,$11.74,1441225287631,"17,455",100% bearish,of 1 rating,$16.50
HRTX,$36.9,1441225287768,"490,412",57% bullish,of 7 ratings,$41
MLHR,$26.56,1441225287795,"228,286",50% bullish,of 2 ratings,$33.50
HSKA,$34.485,1441225287954,"43,340",100% bearish,of 1 rating,$38
HFFC,$16,1441225287999,"10,032",Not yet rated,NULL,N/A
HIBB,$38.37,1441225288026,"213,775",100% bearish,of 1 rating,$46.50
HPJ,$2.1599,1441225288052,"30,722",75% bullish,of 4 ratings,$12.43
HIHO,$4.156,1441225288083,"10,259",Not yet rated,NULL,N/A
HMNF,$11.39,1441225288183,300,Not yet rated,NULL,N/A
HIFS,$114.04,1441225288226,"8,688",Not yet rated,NULL,N/A
HSGX,$6.03,1441225288253,"1,104",100% bearish,of 1 rating,$17
HIMX,$6.94,1441225288279,"1,360,770",86% bullish,of 21 ratings,$8.50
HOLX,$37.75,1441225288409,"2,096,917",50% bullish,of 4 ratings,$42
HMSY,$9.83,1441225288434,"476,926",67% bullish,of 3 ratings,$19.35
HOLI,$16.6874,1441225288464,"131,016",50% bullish,of 4 ratings,$27
HBCP,$24.8,1441225288511,307,Not yet rated,NULL,$29
HFBL,$22,1441225288618,700,Not yet rated,NULL,N/A
HOMB,$37.08,1441225288647,"68,549",Not yet rated,NULL,$42
AWAY,$28.04,1441225288745,"500,822",67% bullish,of 3 ratings,$36
HMIN,$25.44,1441225288844,"46,835",100% bearish,of 2 ratings,$35
HKTV,$4.32,1441225288870,"16,688",100% bearish,of 1 rating,N/A
HMST,$21.7084,1441225288896,"80,085",100% bullish,of 2 ratings,$27
HTBI,$18.03,1441225288921,"42,904",67% bullish,of 3 ratings,$18.625
HFBC,$11.45,1441225289077,"2,300",Not yet rated,NULL,N/A
HOFT,$23.68,1441225289111,"52,409",100% bearish,of 1 rating,N/A
HBNC,$23.78,1441225289143,"5,354",100% bullish,of 1 rating,$27
HZNP,$30.06,1441225289212,"725,783",85% bullish,of 20 ratings,$40
CETC,$0.7707,1441225289241,"45,690",86% bullish,of 7 ratings,N/A
HRZN,$10.4301,1441225289284,"9,578",50% bullish,of 2 ratings,$14.25
ZINC,$7.215,1441225289372,"748,628",100% bearish,of 1 rating,$17
HDP,$22.671,1441225289418,"183,916",67% bearish,of 3 ratings,$30.50
HWCC,$7.52,1441225289551,"73,201",100% bearish,of 1 rating,$9
HOVNP,$3.8775,1441225289572,"5,300",100% bearish,of 1 rating,N/A
HMHC,$22.22,1441225289610,"529,920",Not yet rated,NULL,$27
HBMD,$13.832,1441225289657,249,100% bearish,of 1 rating,N/A
HSNI,$59.98,1441225289709,"77,606",Not yet rated,NULL,$80
HUBG,$37.52,1441225289730,"65,590",100% bearish,of 1 rating,$43
HTGM,$5.58,1441225289791,"3,203",100% bearish,of 1 rating,$19.50
HCBK,$9.095,1441225289863,"1,430,960",83% bullish,of 6 ratings,$8.61
HSON,$2.66,1441225289895,"20,643",100% bearish,of 1 rating,$5
HDSN,$3.1,1441225289995,"7,900",100% bullish,of 1 rating,$6.25
HBAN,$10.585,1441225290045,"3,219,681",76% bullish,of 17 ratings,$12.29
HBANP,$1325.0025,1441225290076,39,100% bearish,of 1 rating,N/A
HURC,$29.39,1441225290208,"12,038",100% bearish,of 1 rating,N/A
HTCH,$1.4368,1441225290241,"69,495",100% bearish,of 1 rating,$3.50
HURN,$72.07,1441225290292,"78,148",50% bullish,of 2 ratings,$80
HDRA,NULL,1441225290337,0,Not yet rated,NULL,N/A
HBP,$3.14,1441225290397,"6,628",100% bullish,of 1 rating,N/A
HDRAU,$10.18,1441225290430,900,Not yet rated,NULL,N/A
HDRAR,NULL,1441225290456,0,Not yet rated,NULL,N/A
HDRAW,NULL,1441225290528,0,Not yet rated,NULL,N/A
HYGS,$8.81,1441225290632,"32,767",50% bullish,of 2 ratings,$13
IACI,$69.91,1441225290773,"475,997",80% bullish,of 5 ratings,$90
IKGH,$1.43,1441225290804,"14,700",75% bullish,of 4 ratings,N/A
IDSY,$3.7,1441225290833,"80,200",100% bearish,of 1 rating,$7
IEP,$69.12,1441225290874,"60,381",75% bullish,of 4 ratings,$99
IBKC,$59.33,1441225290901,"52,777",100% bullish,of 1 rating,$70
ICAD,$3.7,1441225290932,"32,037",100% bullish,of 2 ratings,$7.25
ICFI,$34.14,1441225291122,"40,565",50% bullish,of 2 ratings,$48.50
ICON,$13.08,1441225291146,"405,178",50% bullish,of 2 ratings,$28
ICUI,$111.3,1441225291180,"107,466",Not yet rated,NULL,$122
IPWR,$7.455,1441225291221,"7,941",100% bullish,of 1 rating,$15
ICLR,$75.88,1441225291278,"234,796",100% bearish,of 3 ratings,$85
INVE,$4.47,1441225291307,"28,257",75% bullish,of 4 ratings,$4
IDRA,$2.88,1441225291365,"413,272",89% bullish,of 9 ratings,$6.50
IDXX,$72.55,1441225291464,"255,187",100% bearish,of 1 rating,$76
DSKY,$10.89,1441225291568,"41,458",67% bullish,of 6 ratings,$11.50
IROQ,$17,1441225291596,400,100% bullish,of 1 rating,N/A
KANG,$15.53,1441225291696,"264,298",50% bullish,of 2 ratings,$23.10
RXDX,$14.37,1441225291787,"70,866",100% bullish,of 1 rating,$20
IIVI,$16.43,1441225291815,"126,057",100% bearish,of 1 rating,$22
IRG,$4.97,1441225291837,"8,716",100% bearish,of 1 rating,$4.25
IKAN,$2.73,1441225291858,"18,983",83% bullish,of 6 ratings,$5
IKNX,$12.2395,1441225291895,100,100% bearish,of 1 rating,N/A
ILMN,$197.04,1441225291991,"276,531",80% bullish,of 5 ratings,$245
IMMR,$11.62,1441225292025,"129,811",80% bullish,of 5 ratings,$15.50
ISNS,$4.12,1441225292080,"6,694",50% bullish,of 2 ratings,N/A
IMDZ,$16.1074,1441225292120,"35,126",100% bearish,of 1 rating,$33
ICCC,$6.89,1441225292179,"24,155",100% bullish,of 1 rating,N/A
IMNP,$1.2399,1441225292208,"46,849",50% bullish,of 2 ratings,$6
IMGN,$13.34,1441225292233,"340,201",75% bullish,of 4 ratings,$17.50
IMMU,$2.16,1441225292424,"340,661",86% bullish,of 7 ratings,$2
IPXL,$41.06,1441225292450,"210,206",67% bullish,of 3 ratings,$46.50
IMMY,$7.89,1441225292524,"2,403",100% bearish,of 1 rating,$11
INCR,$42.64,1441225292585,"258,282",50% bullish,of 2 ratings,$53
INCY,$122.42,1441225292614,"1,015,878",50% bullish,of 6 ratings,$125.50
SAAS,$7.16,1441225292639,"428,438",50% bullish,of 2 ratings,$15
INDB,$44,1441225292719,"62,779",Not yet rated,NULL,$44
IBTX,$40.17,1441225292777,"8,270",100% bullish,of 2 ratings,$47.25
IBCP,$14.11,1441225292802,"46,486",100% bullish,of 1 rating,$14.50
IDSA,NULL,1441225293128,0,Not yet rated,NULL,N/A
INFN,$21.97,1441225293156,"465,911",71% bullish,of 7 ratings,$28
INFI,$8.98,1441225293191,"211,893",50% bullish,of 4 ratings,$16.50
IPCC,$76,1441225293212,"13,528",Not yet rated,NULL,$77.50
IFON,$1.29,1441225293256,"11,624",75% bullish,of 4 ratings,N/A
IMKTA,$49.709,1441225293283,"76,298",100% bearish,of 1 rating,N/A
III,$3.74,1441225293310,"67,436",57% bullish,of 7 ratings,$6
INNL,NULL,1441225293477,0,100% bearish,of 1 rating,$16.50
IOSP,$49.53,1441225293588,"181,963",100% bearish,of 1 rating,N/A
ISSC,$2.81,1441225293614,"17,000",67% bearish,of 3 ratings,N/A
IPHS,$46.68,1441225293635,"37,458",100% bearish,of 1 rating,$60
INOD,$2.35,1441225293664,"2,237",100% bearish,of 1 rating,N/A
INWK,$7.05,1441225293685,"63,364",50% bullish,of 2 ratings,$10
INGN,$50.24,1441225293822,"102,558",100% bearish,of 1 rating,$50.50
ITEK,$13.93,1441225293857,"584,953",100% bearish,of 3 ratings,$20
INOV,$21.7,1441225293878,"231,833",100% bearish,of 1 rating,$33
INO,$7.18,1441225293950,"510,664",89% bullish,of 18 ratings,$20
ISIG,$2.7,1441225294027,"5,550",100% bearish,of 1 rating,N/A
NSIT,$24.69,1441225294053,"108,974",50% bullish,of 2 ratings,N/A
INSM,$24.95,1441225294074,"164,637",71% bullish,of 7 ratings,$31.50
INSY,$33.95,1441225294273,"288,236",75% bullish,of 4 ratings,$48
IIIN,$17.4,1441225294305,"18,097",100% bearish,of 2 ratings,N/A
PODD,$28.61,1441225294338,"119,578",67% bearish,of 3 ratings,$35
NTEC,$5.66,1441225294404,"4,620",100% bearish,of 1 rating,N/A
IDTI,$18.865,1441225294434,"867,466",60% bullish,of 5 ratings,$25
IESC,$7.12,1441225294464,"1,805",100% bearish,of 1 rating,N/A
ISSI,$21.8,1441225294491,"90,995",67% bullish,of 3 ratings,$19.75
IART,$60.12,1441225294517,"162,592",100% bearish,of 2 ratings,$71.50
INTC,$28.45,1441225294547,"16,197,441",82% bullish,of 238 ratings,$36
IQNT,$18.5,1441225294676,"101,712",86% bullish,of 7 ratings,$20
IPAR,$25.02,1441225294843,"28,985",67% bullish,of 3 ratings,$38
IBKR,$37.53,1441225294869,"544,911",100% bullish,of 1 rating,N/A
IPCI,$2.31,1441225294902,"31,758",67% bullish,of 6 ratings,$8
ININ,$34.93,1441225295000,"44,547",67% bearish,of 3 ratings,$57
ICPT,$188.79,1441225295037,"92,457",70% bullish,of 10 ratings,$359.50
IDCC,$48.36,1441225295135,"94,816",80% bullish,of 5 ratings,$63
ICLDW,$1.17,1441225295163,200,100% bearish,of 1 rating,N/A
ICLD,$1.89,1441225295183,"119,022",75% bullish,of 4 ratings,N/A
TILE,$24.04,1441225295222,"276,488",100% bearish,of 3 ratings,$27
INAP,$9.1,1441225295243,"333,873",75% bullish,of 4 ratings,$11
IMI,$2.01,1441225295274,"6,244",67% bullish,of 3 ratings,$2.22
IBOC,$24.81,1441225295328,"66,525",100% bearish,of 1 rating,N/A
IGLD,$7.35,1441225295418,520,50% bullish,of 2 ratings,N/A
ISCA,$32.27,1441225295551,"46,968",100% bearish,of 1 rating,N/A
IIJI,$8.46,1441225295576,"1,694",50% bullish,of 2 ratings,$11.50
PTNT,$3.02,1441225295601,200,Not yet rated,NULL,N/A
XENT,$25.83,1441225295729,"62,668",50% bullish,of 2 ratings,$36.50
INPH,NULL,1441225295765,0,50% bullish,of 2 ratings,N/A
INTX,$2.0499,1441225295793,"38,496",67% bullish,of 3 ratings,N/A
ISIL,$10.41,1441225295826,"528,261",50% bullish,of 6 ratings,$15
IILG,$19.59,1441225295924,"29,180",100% bearish,of 1 rating,$29
IVAC,$4.63,1441225295953,"20,984",100% bearish,of 1 rating,$6.625
INTLL,$25.95,1441225296003,"6,250",Not yet rated,NULL,N/A
INTL,$25.42,1441225296031,"60,724",67% bearish,of 3 ratings,N/A
IIN,$6.61,1441225296164,"1,800",100% bearish,of 1 rating,$12
ITCI,$27.09,1441225296194,"652,272",75% bearish,of 4 ratings,$40
INTU,$85.51,1441225296215,"1,019,234",86% bullish,of 7 ratings,$107.50
ISRG,$511.13,1441225296299,"94,049",67% bullish,of 3 ratings,$600
SNAK,$8.365,1441225296403,"32,904",50% bullish,of 2 ratings,$14
INVT,$0.3097,1441225296436,"152,500",67% bullish,of 3 ratings,N/A
NVIV,$9.38,1441225296535,"89,486",50% bullish,of 4 ratings,$24.50
ISBC,$11.56,1441225296568,"1,707,919",100% bullish,of 1 rating,$13.25
ITIC,$71.12,1441225296599,600,100% bearish,of 2 ratings,N/A
ISTR,$15.535,1441225296620,"2,449",100% bearish,of 1 rating,$18.50
IVTY,$13.8007,1441225296677,"8,348",Not yet rated,NULL,$18
IPAS,$1.02,1441225296702,"258,243",67% bullish,of 3 ratings,N/A
DFVL,NULL,1441225296862,0,Not yet rated,NULL,N/A
DTUL,NULL,1441225296887,0,Not yet rated,NULL,N/A
IPCM,$79.5,1441225296932,"176,454",50% bullish,of 2 ratings,$80.125
IPGP,$83.83,1441225296964,"190,484",67% bearish,of 3 ratings,$109.50
IRDM,$6.92,1441225297061,"1,363,389",60% bullish,of 5 ratings,$11.50
IRIX,$6.72,1441225297091,"7,139",100% bearish,of 1 rating,N/A
IRMD,$23.34,1441225297147,"15,107",67% bearish,of 3 ratings,$25
IRBT,$29.42,1441225297303,"106,054",67% bullish,of 6 ratings,$37
IRDMB,$272.64,1441225297441,"11,747",67% bearish,of 3 ratings,N/A
IRCP,NULL,1441225297576,0,100% bullish,of 2 ratings,N/A
COMT,$33.27,1441225297608,"18,106",100% bearish,of 1 rating,N/A
FCHI,NULL,1441225297626,0,NULL,NULL,NULL
GNMA,$50.2,1441225297661,"1,086",Not yet rated,NULL,N/A
IRWD,$11.055,1441225297682,"706,844",100% bearish,of 1 rating,$13
IFAS,NULL,1441225297710,0,NULL,NULL,NULL
IFEU,$37.6152,1441225297757,"8,089",Not yet rated,NULL,N/A
IFGL,$27.93,1441225297892,"35,113",Not yet rated,NULL,N/A
IFNA,NULL,1441225297918,0,NULL,NULL,NULL
ACWI,$54.81,1441225297952,"3,435,742",Not yet rated,NULL,N/A
ACWX,$39.87,1441225297989,"695,126",100% bearish,of 1 rating,N/A
AAXJ,$52.13,1441225298014,"1,396,241",Not yet rated,NULL,N/A
AXJS,NULL,1441225298150,0,NULL,NULL,NULL
AAIT,NULL,1441225298181,0,NULL,NULL,NULL
EEMA,$49.24,1441225298202,"32,496",Not yet rated,NULL,N/A
EMDI,NULL,1441225298239,0,NULL,NULL,NULL
EMEY,NULL,1441225298285,0,NULL,NULL,NULL
EGRW,NULL,1441225298335,0,NULL,NULL,NULL
EEME,NULL,1441225298353,0,NULL,NULL,NULL
EEML,$26.6707,1441225298388,250,Not yet rated,NULL,N/A
EVAL,NULL,1441225298478,0,NULL,NULL,NULL
IEUS,$44.65,1441225298655,"12,614",100% bearish,of 1 rating,N/A
EUFN,$21.445,1441225298679,"62,355",100% bearish,of 1 rating,N/A
QAT,$21.33,1441225298710,4,Not yet rated,NULL,N/A
IBB,$343.79,1441225298754,"554,411",63% bullish,of 8 ratings,N/A
UAE,$17.535,1441225298813,"10,879",Not yet rated,NULL,N/A
SOXX,$81.6,1441225298885,"276,068",50% bullish,of 2 ratings,N/A
INDY,$26.75,1441225299032,"58,151",50% bullish,of 2 ratings,N/A
WOOD,$47.02,1441225299069,"24,393",50% bullish,of 2 ratings,N/A
ISHG,$79.81,1441225299105,"13,324",100% bearish,of 1 rating,N/A
EMIF,$27.8376,1441225299133,"6,782",Not yet rated,NULL,N/A
ICLN,$9.26,1441225299153,"28,150",50% bullish,of 2 ratings,N/A
ISIS,$51.46,1441225299198,"680,937",53% bullish,of 15 ratings,$67
IGOV,$90.6644,1441225299225,"55,255",100% bearish,of 1 rating,N/A
ISLE,$19.14,1441225299354,"900,685",50% bullish,of 4 ratings,$16
ISRL,$126.18,1441225299379,2,100% bearish,of 1 rating,N/A
ITRI,$29.27,1441225299616,"128,753",100% bearish,of 1 rating,$37
ITRN,$23.82,1441225299702,"1,707",50% bullish,of 2 ratings,N/A
IXYS,$11.24,1441225299748,"102,200",50% bullish,of 4 ratings,N/A
ITUS,$4.0799,1441225299776,"3,800",Not yet rated,NULL,N/A
XXIA,$15.19,1441225299797,"152,484",71% bullish,of 7 ratings,$14.625
JCOM,$66.83,1441225299831,"181,952",100% bullish,of 2 ratings,$77
MAYS,$57,1441225299852,300,Not yet rated,NULL,N/A
JJSF,$113.1,1441225299931,"29,590",100% bearish,of 1 rating,N/A
JBHT,$73.75,1441225300091,"807,544",50% bullish,of 4 ratings,$89.50
JKHY,$66.62,1441225300120,"255,136",67% bearish,of 3 ratings,$72
JXSB,$24.05,1441225300145,"1,206",Not yet rated,NULL,N/A
JACK,$77.81,1441225300170,"234,698",71% bullish,of 7 ratings,$105
JASO,$7.9,1441225300198,"502,396",82% bullish,of 17 ratings,$10
JAXB,NULL,1441225300327,0,100% bullish,of 1 rating,N/A
JAGX,$3.4,1441225300489,"5,304",Not yet rated,NULL,$10.50
JAKK,$9.56,1441225300557,"228,799",60% bearish,of 5 ratings,$11
ERW,NULL,1441225300581,0,Not yet rated,NULL,N/A
JRVR,$27.09,1441225300623,"68,437",Not yet rated,NULL,$32
JMBA,$14.41,1441225300649,"100,852",75% bullish,of 4 ratings,$18
JASN,$4.86,1441225300674,"10,653",50% bullish,of 2 ratings,$9.50
JASNW,$0.3635,1441225300724,"2,848",50% bullish,of 2 ratings,N/A
JAZZ,$167.71,1441225300830,"104,084",80% bullish,of 15 ratings,$206.50
JBLU,$23.43,1441225300895,"4,832,035",94% bullish,of 18 ratings,$27
JD,$24.76,1441225300923,"3,460,522",75% bullish,of 16 ratings,$36
JTPY,NULL,1441225300962,0,100% bearish,of 1 rating,N/A
JCTCF,$9.65,1441225300989,100,100% bullish,of 1 rating,N/A
DATE,$6.32,1441225301015,"51,130",75% bullish,of 4 ratings,$9
JST,$3.79,1441225301262,"3,770",75% bullish,of 4 ratings,N/A
JIVE,$4.64,1441225301350,"133,966",75% bullish,of 4 ratings,$5
WYIGU,NULL,1441225301406,0,100% bearish,of 1 rating,N/A
JOEZ,$0.18,1441225301492,"143,535",92% bullish,of 12 ratings,N/A
JBSS,$50.23,1441225301591,"25,124",67% bearish,of 3 ratings,N/A
JUNO,$35.82,1441225301681,"521,351",73% bullish,of 11 ratings,$71.50
KTWO,$20.98,1441225301710,"55,756",100% bearish,of 1 rating,$28.50
JNP,$11.71,1441225301742,"73,276",100% bullish,of 3 ratings,$15
KBIO,$2.07,1441225301763,"20,848",50% bullish,of 4 ratings,N/A
KALU,$82.21,1441225301821,"101,374",67% bearish,of 3 ratings,$91
JOUT,$24.55,1441225301843,"9,316",100% bearish,of 1 rating,$34
KMDA,$3.47,1441225301874,"3,175",50% bullish,of 2 ratings,$8
