Symbol,Price,Date,Volume,Rating,RatingVoteCount,OneYearEstimate
TFSC,NULL,1440177002894,0,100% bearish,of 1 rating,N/A
TFSCW,NULL,1440177002924,0,100% bearish,of 1 rating,N/A
TFSCU,NULL,1440177002979,0,Not yet rated,NULL,N/A
FLWS,$9.2701,1440177003006,"94,146",100% bullish,of 5 ratings,$15
TFSCR,NULL,1440177003032,0,Not yet rated,NULL,N/A
FCCY,NULL,1440177003065,0,100% bullish,of 1 rating,$13
PIH,$7.19,1440177003091,"11,800",100% bearish,of 1 rating,N/A
SRCE,$30.13,1440177003164,"27,516",100% bullish,of 3 ratings,$33
TWOU,$34.01,1440177003257,"408,351",50% bullish,of 2 ratings,$39
VNET,$19.39,1440177003291,"294,675",60% bullish,of 5 ratings,$29.50
DSLV,$60.58,1440177003392,"11,396",100% bearish,of 1 rating,N/A
FCTY,$7.63,1440177003428,100,100% bullish,of 1 rating,$8.50
UGLD,$9.94,1440177003525,"194,338",100% bearish,of 1 rating,N/A
JOBS,$26,1440177003556,"93,740",50% bullish,of 4 ratings,$36
USLV,$14.746,1440177003581,"142,761",86% bullish,of 7 ratings,N/A
DGLD,$76.07,1440177003625,"11,535",100% bullish,of 1 rating,N/A
CAFD,$15.35,1440177003850,"235,804",Not yet rated,NULL,$25
AVHI,$13.93,1440177003950,"22,823",100% bearish,of 1 rating,$19
SIXD,$1.5,1440177003978,"193,521",Not yet rated,NULL,N/A
EGHT,$8.21,1440177004038,"210,525",82% bullish,of 17 ratings,$11
AAON,$21.55,1440177004060,"93,713",100% bearish,of 1 rating,$24
ABGB,$4.0701,1440177004098,"16,552",67% bullish,of 3 ratings,$5.50
SHLM,$34.02,1440177004123,"52,339",100% bearish,of 1 rating,$50
ABY,$20,1440177004156,"692,517",100% bearish,of 2 ratings,$46
ABEO,$4.84,1440177004191,"106,992",67% bullish,of 3 ratings,$15.50
ABAX,$47.04,1440177004382,"61,995",100% bearish,of 1 rating,$60
ABEOW,$2.007,1440177004407,"1,247",100% bullish,of 1 rating,N/A
ABMD,$96.02,1440177004606,"554,949",75% bullish,of 4 ratings,$100.50
ACTG,$8.76,1440177004633,"151,750",67% bullish,of 3 ratings,$18.50
AXAS,$1.5799,1440177004663,"383,367",78% bullish,of 9 ratings,$3.50
ACHC,$73.54,1440177004703,"415,450",50% bullish,of 2 ratings,$92
ACST,$0.34,1440177004736,"29,768",100% bullish,of 2 ratings,N/A
ACAD,$35.441,1440177004762,"582,288",80% bullish,of 20 ratings,$48
AXDX,$18.08,1440177004847,"100,178",100% bearish,of 1 rating,N/A
XLRN,$28.68,1440177004947,"66,952",50% bullish,of 2 ratings,$57
VXDN,$11.35,1440177004977,"9,150",Not yet rated,NULL,N/A
ARAY,$6.67,1440177005005,"2,354,354",100% bearish,of 1 rating,$10.50
ACRX,$4.0401,1440177005209,"270,599",67% bearish,of 6 ratings,$5.50
ANCX,$18.88,1440177005240,"18,761",Not yet rated,NULL,$19
ACET,$24.21,1440177005269,"80,358",75% bullish,of 4 ratings,$30
VXUP,$20,1440177005342,"26,956",Not yet rated,NULL,N/A
AKAO,$6.9772,1440177005427,"36,975",75% bullish,of 4 ratings,$15
ACHN,$7.96,1440177005477,"975,020",90% bullish,of 21 ratings,$16
ATVI,$27.3699,1440177005617,"2,788,711",68% bullish,of 84 ratings,$31.50
ACNB,$20.17,1440177005651,500,Not yet rated,NULL,N/A
ACIW,$21.93,1440177005682,"275,921",50% bullish,of 2 ratings,$24
ACOR,$30,1440177005784,"362,631",67% bearish,of 3 ratings,$38.50
ACTS,$1.33,1440177005826,"20,955",100% bearish,of 1 rating,N/A
ACTA,$13.82,1440177005856,"78,806",67% bearish,of 3 ratings,$25
ACPW,$1.83,1440177005885,"40,748",100% bullish,of 4 ratings,$3.50
ACUR,$0.62,1440177005959,"24,864",100% bullish,of 5 ratings,$1
ACXM,$20.25,1440177006015,"187,828",67% bullish,of 3 ratings,N/A
ADMS,$19.81,1440177006043,"37,490",100% bearish,of 2 ratings,$36
ADMP,$3.4499,1440177006199,"10,206",50% bullish,of 2 ratings,$10
ADAP,$12.79,1440177006277,"119,558",67% bullish,of 3 ratings,$22
ADUS,$29.71,1440177006372,"18,475",100% bearish,of 1 rating,$31
AEY,$2.31,1440177006466,"10,904",100% bearish,of 2 ratings,N/A
ADBE,$79.7438,1440177006499,"2,042,942",65% bullish,of 17 ratings,$90
ADEP,$6.7816,1440177006565,"19,481",50% bullish,of 2 ratings,$10.75
ADMA,$9.2,1440177006592,"1,642",Not yet rated,NULL,$19
ADRO,$19.09,1440177006640,"160,636",80% bullish,of 5 ratings,$45.50
AEIS,$25.08,1440177006769,"102,779",50% bullish,of 2 ratings,$32.50
ADXS,$14.402,1440177006798,"528,679",64% bullish,of 14 ratings,$27
ADTN,$15.525,1440177006820,"144,318",67% bullish,of 3 ratings,$17.125
AMD,$1.72,1440177006859,"3,624,158",83% bullish,of 103 ratings,$2
MULT,NULL,1440177006999,0,100% bearish,of 1 rating,N/A
YPRO,$23.25,1440177007026,"3,162",100% bearish,of 1 rating,N/A
ADXSW,$10.17,1440177007047,"2,616",100% bullish,of 1 rating,N/A
AEGR,$18.57,1440177007177,"185,240",50% bullish,of 6 ratings,$26
AEGN,$18.03,1440177007205,"85,762",100% bearish,of 1 rating,$21
AEHR,$2.111,1440177007372,"2,764",50% bullish,of 2 ratings,N/A
AEZS,$0.1052,1440177007443,"2,687,392",90% bullish,of 21 ratings,$1.50
AERI,$15.92,1440177007472,"213,095",75% bullish,of 4 ratings,$31.50
AEPI,$57.64,1440177007501,"11,403",100% bearish,of 1 rating,N/A
AMTX,$3.21,1440177007531,"4,434",50% bullish,of 2 ratings,$26.11
AVAV,$24.34,1440177007562,"79,266",50% bullish,of 4 ratings,$31
AEMD,$6.6201,1440177007602,"69,971",Not yet rated,NULL,$27.50
AFFX,$9.49,1440177007664,"286,148",80% bullish,of 5 ratings,$12
AFMD,$9.7719,1440177007793,"122,993",50% bullish,of 4 ratings,$15
AGEN,$6.96,1440177007896,"608,962",85% bullish,of 13 ratings,$14
AGRX,$8.34,1440177007945,"24,118",100% bearish,of 1 rating,$17.50
AGYS,$9.61,1440177008028,"11,774",100% bearish,of 1 rating,N/A
AGIO,$88.63,1440177008162,"317,384",88% bullish,of 8 ratings,$114
AIMT,$22.1,1440177008189,"88,238",Not yet rated,NULL,N/A
AGFS,$9.78,1440177008356,"35,079",100% bearish,of 1 rating,N/A
AIRT,$22.46,1440177008385,50,100% bullish,of 1 rating,N/A
AIRM,$36.64,1440177008407,"119,990",80% bearish,of 5 ratings,$53
AGFSW,$1.72,1440177008448,"22,797",100% bearish,of 2 ratings,N/A
ATSG,$9.08,1440177008542,"109,663",67% bullish,of 3 ratings,$13
AMCN,$4.765,1440177008572,"295,602",83% bullish,of 6 ratings,N/A
AKAM,$68.9,1440177008604,"764,922",63% bullish,of 8 ratings,$77
AIXG,$5.96,1440177008632,"30,837",67% bearish,of 3 ratings,$5.25
AKBA,$6.53,1440177008792,"113,190",100% bearish,of 1 rating,$18
AKER,$2.54,1440177008864,"85,894",Not yet rated,NULL,N/A
AKRX,$40.2,1440177008951,"483,068",78% bullish,of 9 ratings,$56
ALRM,$16.4221,1440177009041,"189,549",100% bearish,of 1 rating,$22
ALSK,$2.1,1440177009067,"57,957",78% bullish,of 18 ratings,$2
ABDC,$12.72,1440177009121,"12,306",Not yet rated,NULL,$15
AMRI,$19.72,1440177009248,"96,726",75% bearish,of 4 ratings,$24
ALDR,$37.05,1440177009351,"230,729",67% bearish,of 3 ratings,$62
ALXA,$1.1099,1440177009389,"16,199",83% bullish,of 6 ratings,$2.125
ADHD,$8.2218,1440177009412,"123,275",50% bullish,of 4 ratings,$18
ALXN,$176.71,1440177009446,"696,483",88% bullish,of 8 ratings,$223
ALCO,$42.6,1440177009479,"17,037",50% bullish,of 2 ratings,N/A
ALDX,$7.54,1440177009549,"5,663",100% bearish,of 1 rating,$14.50
ALIM,$3.2,1440177009699,"96,382",80% bullish,of 5 ratings,$10
ALGN,$57.08,1440177009724,"160,751",100% bearish,of 2 ratings,$73
ALKS,$60.4,1440177009750,"291,252",67% bullish,of 3 ratings,$75
ALGT,$214.68,1440177009880,"83,674",100% bearish,of 1 rating,$235
AHGP,$36.5,1440177010035,"12,472",67% bullish,of 3 ratings,N/A
ALLB,$23.1601,1440177010064,"1,104",Not yet rated,NULL,N/A
AIQ,$14.71,1440177010197,"7,406",67% bullish,of 3 ratings,N/A
AFOP,$17.5,1440177010231,"77,615",75% bullish,of 8 ratings,$21
AHPI,NULL,1440177010252,0,50% bullish,of 2 ratings,N/A
AMOT,$17.16,1440177010286,"52,290",100% bearish,of 1 rating,N/A
ARLP,$24.6742,1440177010313,"62,360",67% bearish,of 3 ratings,$32
ALQA,$4.4461,1440177010340,"25,185",75% bullish,of 4 ratings,$8.50
MDRX,$13.59,1440177010470,"380,071",60% bullish,of 5 ratings,$16
ALLT,$5.1,1440177010562,"39,532",75% bullish,of 4 ratings,$6.25
ALNY,$102.03,1440177010589,"229,098",67% bullish,of 3 ratings,$148.50
AFAM,$46.8099,1440177010641,"38,400",50% bullish,of 2 ratings,$44
AOSL,$7.27,1440177010747,"42,106",67% bullish,of 3 ratings,$9
SMCP,$22.56,1440177010783,"1,500",Not yet rated,NULL,N/A
ALTR,$48.28,1440177010964,"1,568,838",80% bearish,of 5 ratings,$54
ATEC,$0.59,1440177010998,"14,849",100% bullish,of 1 rating,$2
AIMC,$25.4,1440177011020,"47,672",100% bearish,of 1 rating,$28.50
AMRN,$2.0453,1440177011058,"494,339",85% bullish,of 39 ratings,$8
ASPS,$29.1,1440177011081,"114,794",67% bullish,of 3 ratings,$46.50
AMAG,$60.62,1440177011115,"238,835",100% bullish,of 2 ratings,$77.50
AYA,$21.55,1440177011210,"50,839",100% bearish,of 1 rating,$40
AMRK,$10.59,1440177011283,"3,720",50% bullish,of 2 ratings,$14
AMZN,$501.04,1440177011354,"2,036,743",81% bullish,of 263 ratings,$646
AMBC,$15.61,1440177011415,"111,496",100% bearish,of 1 rating,$16.50
AMBCW,$7.0532,1440177011490,"1,178",100% bearish,of 1 rating,N/A
AMBA,$88.82,1440177011595,"3,496,511",83% bullish,of 12 ratings,$102.50
EPAX,$2.71,1440177011660,"72,247",100% bearish,of 1 rating,N/A
AMDA,$0.473,1440177011727,"828,585",90% bullish,of 10 ratings,$1
DOX,$58.02,1440177011797,"61,696",50% bullish,of 2 ratings,$60
AMCX,$68.44,1440177011824,"300,662",67% bullish,of 3 ratings,$85.50
AMED,$40.32,1440177011894,"140,687",100% bearish,of 1 rating,$42
ASBI,$22.57,1440177011955,100,Not yet rated,NULL,N/A
UHAL,$360.76,1440177011985,"7,853",100% bullish,of 2 ratings,$393.50
ATAX,$5.21,1440177012087,"125,601",100% bullish,of 1 rating,$6.50
AMOV,$17.75,1440177012115,"1,516",100% bearish,of 1 rating,N/A
AAL,$39.98,1440177012145,"5,273,445",93% bullish,of 87 ratings,$57
AGNC,$19.745,1440177012278,"1,793,499",75% bullish,of 28 ratings,$22
AGNCB,$24.27,1440177012329,"11,025",Not yet rated,NULL,N/A
MTGE,$15.7,1440177012410,"228,313",75% bullish,of 4 ratings,$19.50
AGNCP,$25.3301,1440177012462,"1,511",Not yet rated,NULL,N/A
MTGEP,NULL,1440177012542,0,Not yet rated,NULL,N/A
ANCI,$1.42,1440177012594,"5,568",100% bearish,of 1 rating,N/A
ACSF,$12.2599,1440177012624,"26,514",100% bearish,of 1 rating,$15
ACAS,$13.765,1440177012724,"687,240",60% bullish,of 5 ratings,$16.75
AETI,NULL,1440177012773,0,67% bearish,of 3 ratings,N/A
AMIC,NULL,1440177012903,0,Not yet rated,NULL,N/A
ANAT,$101.29,1440177012961,"6,824",100% bullish,of 1 rating,N/A
AMNB,$22.8894,1440177012991,"7,599",Not yet rated,NULL,$25.50
APEI,$21.45,1440177013038,"42,680",100% bearish,of 1 rating,$25.50
ARII,$38.5865,1440177013067,"88,772",67% bearish,of 3 ratings,$45
ASEI,$39.22,1440177013219,"24,510",100% bearish,of 1 rating,$52.50
AMRB,$10,1440177013246,"1,154",Not yet rated,NULL,$11
AMSWA,$9.13,1440177013322,"32,509",100% bearish,of 2 ratings,$10.75
AMWD,$67.01,1440177013417,"139,375",50% bullish,of 2 ratings,$58
CRMT,$38.06,1440177013442,"73,510",100% bearish,of 1 rating,$49
AMSC,$3.59,1440177013471,"13,543",50% bullish,of 4 ratings,N/A
ASRV,$3.23,1440177013626,202,100% bullish,of 2 ratings,N/A
ABCB,$27.595,1440177013661,"84,279",Not yet rated,NULL,$31
AMSF,$49.65,1440177013755,"50,749",Not yet rated,NULL,$57.50
ATLO,$23.44,1440177013784,"12,638",Not yet rated,NULL,N/A
AMKR,$4.33,1440177013809,"870,986",100% bearish,of 2 ratings,$5
ASRVP,NULL,1440177013949,0,Not yet rated,NULL,N/A
FOLD,$14.295,1440177013986,"1,651,674",56% bullish,of 9 ratings,$21
AMGN,$158.13,1440177014008,"1,959,757",89% bullish,of 19 ratings,$185
AMSG,$81.395,1440177014082,"176,735",100% bearish,of 1 rating,$85.50
AMPH,$13.82,1440177014111,"87,414",50% bullish,of 2 ratings,$20
ASYS,$5.23,1440177014273,"24,282",67% bullish,of 3 ratings,$12
AMSGP,NULL,1440177014298,0,Not yet rated,NULL,N/A
AFSI,$59.44,1440177014329,"495,704",60% bullish,of 5 ratings,$72
AMRS,$1.631,1440177014439,"47,014",70% bullish,of 10 ratings,N/A
ANAD,$0.36,1440177014470,"79,511",100% bullish,of 2 ratings,$.50
ANAC,$130.28,1440177014578,"336,697",80% bullish,of 5 ratings,$180.50
ADI,$54.69,1440177014713,"1,765,731",67% bullish,of 3 ratings,$69
ABCW,$39.79,1440177014753,"5,934",67% bullish,of 3 ratings,N/A
ALOG,$82.5175,1440177014775,"33,621",100% bearish,of 2 ratings,$100.50
ANCB,NULL,1440177014806,0,Not yet rated,NULL,$23
AMCF,$0.26,1440177014840,"7,820",100% bullish,of 7 ratings,N/A
ANGI,$4.56,1440177014868,"358,947",64% bullish,of 11 ratings,$5.50
ANGO,$14.775,1440177015002,"51,672",67% bullish,of 3 ratings,$19
ANIK,$34.82,1440177015133,"50,076",60% bullish,of 5 ratings,$51.25
ANIP,$49.965,1440177015185,"137,415",89% bullish,of 19 ratings,$66
ANSS,$92.1,1440177015262,"192,886",100% bearish,of 1 rating,$100
ATRS,$1.79,1440177015295,"399,248",92% bullish,of 12 ratings,$4.50
ANTH,$6.9697,1440177015317,"1,261,865",80% bullish,of 10 ratings,$13
ABAC,$0.6701,1440177015352,"22,347",100% bearish,of 1 rating,N/A
ATNY,$2.369,1440177015394,"1,353",50% bullish,of 2 ratings,$3.75
APIC,$6.36,1440177015447,"104,185",100% bearish,of 1 rating,$19
APOG,$51.42,1440177015662,"104,417",100% bullish,of 1 rating,$67
APOL,$10.975,1440177015717,"490,731",87% bearish,of 68 ratings,$14
AINV,$6.455,1440177015750,"622,053",50% bullish,of 4 ratings,$8
APPF,$16.4,1440177015791,"35,394",50% bullish,of 2 ratings,$22
AAPL,$107.965,1440177015825,"42,243,146",86% bullish,of 2336 ratings,$150
APDN,$3.1899,1440177015925,"32,616",Not yet rated,NULL,$9
ARCI,$1.19,1440177015951,"1,204",Not yet rated,NULL,N/A
APDNW,$1.2301,1440177016081,"1,600",Not yet rated,NULL,N/A
AMAT,$15.65,1440177016116,"5,767,039",82% bullish,of 11 ratings,$23
AAOI,$19.92,1440177016185,"172,855",50% bullish,of 4 ratings,$26
AMCC,$5.33,1440177016246,"579,477",80% bullish,of 5 ratings,$8
AGTC,$15.445,1440177016271,"36,678",50% bullish,of 2 ratings,$33
AREX,$2.045,1440177016349,"513,014",100% bearish,of 1 rating,$3
APRI,$1.2759,1440177016479,"121,219",83% bullish,of 6 ratings,$4.86
APTO,$4.68,1440177016506,"1,263",Not yet rated,NULL,$17
AQXP,$17.6562,1440177016636,"329,935",50% bullish,of 2 ratings,$2
AQMS,$4.9557,1440177016669,"3,201",Not yet rated,NULL,N/A
AUMAU,$10,1440177016766,100,Not yet rated,NULL,N/A
AUMA,NULL,1440177016792,0,Not yet rated,NULL,N/A
ARDM,$7.02,1440177016825,"4,008",100% bullish,of 1 rating,$26
AUMAW,NULL,1440177016853,0,Not yet rated,NULL,N/A
PETX,$16.95,1440177016925,"179,533",100% bearish,of 2 ratings,$26
ABUS,$7.2001,1440177017081,"335,562",86% bullish,of 14 ratings,$23
ABIO,$0.895,1440177017218,"68,314",50% bullish,of 2 ratings,$3.75
ARCW,$3.43,1440177017272,"24,409",100% bearish,of 2 ratings,$10.50
RKDA,$5.215,1440177017303,"12,987",100% bearish,of 2 ratings,$10
ARCB,$29.6,1440177017330,"109,219",50% bullish,of 2 ratings,$39.50
ACAT,$26.5,1440177017356,"186,304",100% bearish,of 3 ratings,$33
ACGL,$70.99,1440177017406,"88,591",50% bullish,of 2 ratings,$72
ARDX,$17.23,1440177017569,"70,240",50% bullish,of 2 ratings,$24.50
ARCC,$15.465,1440177017711,"810,127",67% bearish,of 3 ratings,$17.875
AGII,$57.73,1440177017783,"72,743",Not yet rated,NULL,$59.50
ARNA,$2.9,1440177017812,"2,208,611",90% bullish,of 77 ratings,$5.50
AGIIL,$25.46,1440177017844,"4,414",Not yet rated,NULL,N/A
ARIS,$3.22,1440177017886,"2,500",Not yet rated,NULL,$4.50
ARGS,$5.964,1440177017951,"43,261",50% bullish,of 2 ratings,$19.50
ARIA,$6.76,1440177018081,"1,733,028",87% bullish,of 46 ratings,$9
ARMH,$40.725,1440177018182,"655,240",54% bearish,of 13 ratings,$61
ARKR,$25.055,1440177018212,514,50% bullish,of 2 ratings,N/A
ARTX,$1.48,1440177018240,"61,294",88% bullish,of 16 ratings,$4.50
ARWA,NULL,1440177018270,0,Not yet rated,NULL,N/A
ARWAR,NULL,1440177018344,0,Not yet rated,NULL,N/A
ARWAW,NULL,1440177018408,0,Not yet rated,NULL,N/A
ARWAU,NULL,1440177018485,0,100% bullish,of 1 rating,N/A
ARRY,$5.43,1440177018618,"676,310",100% bullish,of 7 ratings,$10
ARQL,$1.66,1440177018686,"171,386",75% bullish,of 4 ratings,$5
ARRS,$26.6,1440177018841,"511,272",50% bullish,of 2 ratings,$38
DWAT,$9.918,1440177018892,"44,811",100% bearish,of 1 rating,N/A
ARWR,$5.55,1440177018973,"565,319",75% bullish,of 4 ratings,$10.50
ARTW,$4.35,1440177019002,"2,904",75% bearish,of 4 ratings,N/A
ARTNA,$22.7,1440177019024,"15,837",100% bearish,of 1 rating,$29
AROW,$26.79,1440177019061,"19,271",Not yet rated,NULL,N/A
ASNA,$11.33,1440177019157,"1,279,305",50% bullish,of 2 ratings,$18
ASBB,$24.65,1440177019187,200,Not yet rated,NULL,N/A
ASND,$17.91,1440177019351,"13,623",100% bullish,of 1 rating,$30
ASTI,$0.13,1440177019455,"1,026,338",83% bullish,of 6 ratings,$3
APWC,$1.9,1440177019486,400,100% bearish,of 1 rating,N/A
ASCMA,$28.611,1440177019512,"51,816",100% bearish,of 1 rating,$45
ASMI,NULL,1440177019585,0,NULL,NULL,NULL
ASML,$86.92,1440177019646,"483,000",67% bullish,of 3 ratings,$127
AZPN,$38.31,1440177019862,"444,585",50% bullish,of 2 ratings,$42
ASFI,$8.92,1440177019894,"2,342",100% bullish,of 1 rating,N/A
ASMB,$12.2,1440177019935,"56,560",67% bullish,of 3 ratings,N/A
ASTC,$2.2091,1440177020031,"31,454",100% bullish,of 5 ratings,N/A
ASTE,$36.42,1440177020061,"44,169",100% bearish,of 1 rating,$48
ASUR,$5.5,1440177020090,"8,129",100% bearish,of 1 rating,$8
ATRO,$52.8101,1440177020120,"45,722",100% bearish,of 2 ratings,$80
ALOT,$13.37,1440177020226,533,100% bearish,of 1 rating,N/A
ATAI,$2.8192,1440177020281,"28,146",100% bearish,of 1 rating,N/A
ATRA,$41.915,1440177020533,"98,212",50% bullish,of 2 ratings,$68
AFCB,$28.01,1440177020560,168,Not yet rated,NULL,N/A
ATHN,$133.07,1440177020586,"63,691",67% bearish,of 3 ratings,$153
AAPC,$10.21,1440177020716,197,Not yet rated,NULL,N/A
ATHX,$1.19,1440177020775,"169,403",89% bullish,of 9 ratings,$5
AAME,$3.6399,1440177020816,831,Not yet rated,NULL,N/A
ACFC,$5.925,1440177020916,"76,261",Not yet rated,NULL,$6.50
ATNI,$74.16,1440177021000,"33,034",100% bearish,of 1 rating,$69.50
AAWW,$41.86,1440177021097,"193,707",50% bullish,of 2 ratings,$65
ATLC,$3.9399,1440177021141,"2,800",67% bullish,of 3 ratings,N/A
ATML,$7.11,1440177021230,"1,170,419",78% bullish,of 9 ratings,$9.50
ATOS,$0.85,1440177021282,"136,077",100% bullish,of 7 ratings,$7
ATRC,$25.59,1440177021373,"93,220",100% bullish,of 1 rating,$30
AFH,$16.5,1440177021433,"59,462",Not yet rated,NULL,$21.50
ATRI,$388.75,1440177021644,"2,178",Not yet rated,NULL,N/A
ATRM,$2.89,1440177021674,200,50% bullish,of 2 ratings,N/A
LIFE,$14.04,1440177021779,"23,123",86% bullish,of 7 ratings,$43
AUPH,$3.25,1440177021806,"8,261",100% bearish,of 1 rating,$8
ATTU,$13.95,1440177021844,"26,379",100% bearish,of 1 rating,$20.50
AUBN,$27.0001,1440177021877,502,Not yet rated,NULL,N/A
AUDC,$3.18,1440177021949,"35,882",80% bullish,of 5 ratings,$5
EARS,$4.8065,1440177021980,"9,601",100% bearish,of 2 ratings,$11.50
ADAT,$0.1259,1440177022108,"19,367",100% bullish,of 2 ratings,N/A
ABTL,$17.68,1440177022213,"46,796",100% bullish,of 4 ratings,$20.25
ADSK,$52.24,1440177022238,"1,040,842",83% bullish,of 6 ratings,$69.50
ADP,$80.43,1440177022387,"867,659",100% bearish,of 1 rating,$88
AVGO,$112.23,1440177022778,"1,911,665",88% bullish,of 8 ratings,$160
AAVL,$10.68,1440177022971,"131,083",100% bearish,of 1 rating,$20
AVEO,$1.33,1440177023022,"918,304",75% bullish,of 8 ratings,$3
AVNU,NULL,1440177023126,0,Not yet rated,NULL,$14
AVID,$7.93,1440177023211,"307,412",100% bearish,of 1 rating,$20
AVGR,$14.47,1440177023261,"12,869",100% bearish,of 1 rating,$20
AWRE,$3.12,1440177024087,"2,460",67% bullish,of 3 ratings,N/A
CAR,$42.05,1440177024119,"940,529",80% bullish,of 5 ratings,$60
AVNW,$1.19,1440177024155,"81,737",50% bullish,of 2 ratings,$2.20
AXPWW,NULL,1440177024217,0,Not yet rated,NULL,N/A
AXPW,$1.1372,1440177024246,"28,401",83% bullish,of 6 ratings,N/A
ACLS,$3.31,1440177024274,"326,457",67% bullish,of 6 ratings,$4.75
AXGN,$3.9599,1440177024434,"11,394",Not yet rated,NULL,$5
BCOM,NULL,1440177024658,0,100% bearish,of 1 rating,N/A
BOSC,$2.2101,1440177024751,617,50% bullish,of 2 ratings,N/A
AXTI,$2.16,1440177024773,"13,380",50% bullish,of 2 ratings,$2.75
RILY,$10,1440177024855,500,Not yet rated,NULL,N/A
BEAV,$48.56,1440177024918,"277,894",67% bearish,of 3 ratings,$59
BIDU,$154.56,1440177024987,"2,188,351",81% bullish,of 88 ratings,$210
BCPC,$57.65,1440177025015,"67,576",100% bearish,of 1 rating,$75
BWINA,NULL,1440177025043,0,Not yet rated,NULL,N/A
BWINB,$23,1440177025069,"17,394",Not yet rated,NULL,N/A
BLDP,$1.24,1440177025202,"350,752",91% bullish,of 22 ratings,$2.50
BANFP,NULL,1440177025262,0,Not yet rated,NULL,N/A
BANF,$61.1928,1440177025297,"11,784",Not yet rated,NULL,$68
BKMU,$7.1,1440177025343,"73,425",Not yet rated,NULL,$8
BMRC,$48.85,1440177025397,"10,154",Not yet rated,NULL,$52
BOCH,$5.7704,1440177025423,"14,207",Not yet rated,NULL,$6.50
BKSC,$15.58,1440177025587,137,Not yet rated,NULL,N/A
BOTJ,$11.15,1440177025772,"2,966",Not yet rated,NULL,N/A
BFIN,$12.16,1440177025817,"17,398",Not yet rated,NULL,$13
OZRK,$40.6,1440177025851,"250,294",67% bullish,of 3 ratings,$49.50
BANR,$45.51,1440177025883,"44,203",100% bullish,of 3 ratings,$50
BWFG,$18.08,1440177025948,205,100% bearish,of 1 rating,N/A
TAPR,$29.38,1440177026000,"4,450",100% bearish,of 1 rating,N/A
BZUN,$5.85,1440177026028,"245,754",50% bullish,of 2 ratings,$12.60
BHAC,NULL,1440177026049,0,Not yet rated,NULL,N/A
BHACU,NULL,1440177026238,0,Not yet rated,NULL,N/A
BSET,$29.03,1440177026344,"25,912",100% bearish,of 1 rating,$35
BHACR,NULL,1440177026374,0,Not yet rated,NULL,N/A
BBSI,$34.85,1440177026409,"43,743",67% bearish,of 3 ratings,$62.50
BYBK,$5.09,1440177026439,878,100% bearish,of 1 rating,N/A
BHACW,NULL,1440177026473,0,Not yet rated,NULL,N/A
BYLK,$12.95,1440177026545,300,Not yet rated,NULL,$14
BV,$5.155,1440177026781,"152,843",67% bullish,of 6 ratings,$9
BCBP,$11.74,1440177026813,"8,495",Not yet rated,NULL,N/A
BDCV,$4.92,1440177026852,"3,808",100% bearish,of 1 rating,$10.19
BECN,$35.56,1440177026883,"162,282",50% bullish,of 2 ratings,$40
BBCN,$14.83,1440177026905,"148,698",100% bearish,of 1 rating,$16
BBGI,NULL,1440177026942,0,100% bearish,of 1 rating,N/A
BEBE,$1.74,1440177026970,"53,461",75% bullish,of 4 ratings,$3.075
BSF,$8.65,1440177026992,"10,509",Not yet rated,NULL,N/A
BELFA,$15.5,1440177027270,100,100% bearish,of 1 rating,N/A
BBBY,$62,1440177027296,"967,298",71% bullish,of 7 ratings,$75
BELFB,$18,1440177027428,"25,952",100% bearish,of 1 rating,N/A
BNCL,$12.69,1440177027455,"195,163",100% bullish,of 3 ratings,$12.50
BLPH,$5.0671,1440177027481,"19,817",100% bearish,of 1 rating,$12.50
BNFT,$37.17,1440177027516,"47,757",67% bullish,of 3 ratings,$46
BLCM,$17.27,1440177027545,"363,421",50% bullish,of 4 ratings,$40
BGCP,$8.87,1440177027676,"892,518",88% bullish,of 8 ratings,$14
BNTC,$7.9001,1440177027704,"22,310",100% bullish,of 1 rating,N/A
BGFV,$11,1440177027728,"77,322",57% bullish,of 7 ratings,$12
ORPN,$5.25,1440177027878,"11,707",100% bullish,of 1 rating,$28.50
BASI,$1.32,1440177027923,"4,146",Not yet rated,NULL,N/A
BIND,$4.59,1440177027951,"33,904",67% bullish,of 3 ratings,$13.50
BCDA,NULL,1440177028010,0,Not yet rated,NULL,N/A
BGMD,$0.8295,1440177028036,"96,818",100% bullish,of 10 ratings,N/A
BIOC,$2.09,1440177028080,"348,395",83% bullish,of 6 ratings,$3.85
BIIB,$303.85,1440177028394,"781,819",88% bullish,of 16 ratings,$400
BCRX,$12.02,1440177028427,"304,500",63% bullish,of 8 ratings,$18
BIOD,$0.677,1440177028458,"81,621",80% bullish,of 5 ratings,$4
BDSI,$6.54,1440177028554,"532,952",88% bullish,of 8 ratings,$17
BIOL,$1.5,1440177028704,"2,852",Not yet rated,NULL,N/A
BLRX,$1.4528,1440177028788,"183,024",100% bullish,of 12 ratings,$5
BLFS,$2.0899,1440177028890,"45,376",100% bearish,of 1 rating,$4.75
BVXVW,NULL,1440177028985,0,100% bearish,of 1 rating,N/A
BPTH,$1.1,1440177029018,"34,154",100% bullish,of 2 ratings,$5
BRLI,NULL,1440177029048,0,NULL,NULL,NULL
BMRN,$127.08,1440177029071,"449,995",80% bullish,of 5 ratings,$160
BVXV,$3.92,1440177029116,"5,192",Not yet rated,NULL,N/A
BIOS,$1.81,1440177029151,"531,882",71% bullish,of 7 ratings,$4
BBC,$30.5405,1440177029246,"49,935",Not yet rated,NULL,N/A
BBP,$32.2,1440177029376,"66,839",Not yet rated,NULL,N/A
BSTC,$49.41,1440177029406,"49,686",100% bearish,of 1 rating,$76
BSPM,$0.656,1440177029433,"6,900",50% bullish,of 2 ratings,N/A
BOTA,$2.27,1440177029509,"19,769",88% bullish,of 8 ratings,N/A
BDMS,NULL,1440177029715,0,100% bearish,of 1 rating,N/A
BITI,$17.66,1440177029755,"28,094",100% bullish,of 1 rating,$28
BEAT,$13.47,1440177029783,"139,071",67% bearish,of 3 ratings,$15
TECH,$102.77,1440177029805,"37,262",100% bullish,of 1 rating,$117
BJRI,$44.7224,1440177029844,"93,389",50% bullish,of 2 ratings,$55
BDE,$7.36,1440177029937,"113,065",50% bullish,of 2 ratings,$9
BBOX,$15.42,1440177029970,"32,969",100% bearish,of 1 rating,N/A
BLKB,$58.12,1440177030027,"95,869",100% bearish,of 2 ratings,$66
BBRY,$7.135,1440177030071,"2,785,067",61% bullish,of 330 ratings,$9
HAWK,$41.69,1440177030171,"260,493",90% bullish,of 10 ratings,$49
BKCC,$9.03,1440177030244,"224,243",100% bullish,of 2 ratings,$10
ADRA,$27.05,1440177030349,400,Not yet rated,NULL,N/A
ADRE,$29.7552,1440177030482,"41,013",Not yet rated,NULL,N/A
ADRU,$22.0101,1440177030541,748,100% bearish,of 1 rating,N/A
BLMN,$20.205,1440177030577,"1,104,203",83% bullish,of 6 ratings,$27.50
ADRD,$22.13,1440177030604,"5,622",100% bearish,of 1 rating,N/A
BLBD,$11.67,1440177030635,"3,504",Not yet rated,NULL,N/A
BCOR,$13.51,1440177030684,"109,250",57% bullish,of 7 ratings,$15
BUFF,$26.72,1440177030738,"284,091",83% bullish,of 12 ratings,$31.50
BBLU,$0.8801,1440177030818,"83,349",100% bullish,of 2 ratings,$4.43
BHBK,$14.08,1440177030888,"72,929",100% bullish,of 1 rating,$14.50
BLUE,$125.3899,1440177030916,"266,421",71% bullish,of 7 ratings,$217.50
NILE,$34.09,1440177031064,"35,153",50% bullish,of 2 ratings,$34
BKEP,$6.62,1440177031094,"25,318",100% bearish,of 1 rating,$8.50
BKEPP,$7.865,1440177031196,100,100% bearish,of 1 rating,N/A
BPMC,$26.1,1440177031279,"28,668",50% bullish,of 2 ratings,$47.50
BOFI,$123.83,1440177031328,"206,814",100% bullish,of 6 ratings,$144
BNCN,$21.29,1440177031356,"47,582",Not yet rated,NULL,$23
BOBE,$44.2001,1440177031391,"70,101",75% bullish,of 4 ratings,$57
BOJA,$20.53,1440177031490,"62,311",100% bullish,of 1 rating,$30
WIFI,$7.92,1440177031518,"221,563",50% bullish,of 2 ratings,$13.50
BOKF,$61.97,1440177031548,"45,184",100% bearish,of 1 rating,$70.50
BONA,$11.795,1440177031682,"106,878",75% bullish,of 4 ratings,$8.50
BNSO,$1.35,1440177031766,"4,980",100% bearish,of 1 rating,N/A
BAMM,$3.21,1440177031818,"3,939",60% bullish,of 5 ratings,N/A
BPFH,$12.12,1440177031892,"131,290",100% bearish,of 1 rating,$14
BPFHP,NULL,1440177031992,0,100% bearish,of 1 rating,N/A
BDBD,$8.47,1440177032197,"293,183",60% bullish,of 5 ratings,$10
EPAY,$25.51,1440177032223,"69,064",100% bearish,of 2 ratings,$30
BPFHW,$5.5,1440177032257,558,100% bearish,of 1 rating,N/A
BBEP,$2.27,1440177032278,"980,975",69% bullish,of 13 ratings,$5.625
BBRG,$12.4991,1440177032343,"38,249",67% bullish,of 3 ratings,$14.50
BBEPP,$13.49,1440177032365,"60,766",100% bearish,of 1 rating,N/A
BCLI,$2.95,1440177032388,"37,334",80% bullish,of 5 ratings,$12
BDGE,$27.08,1440177032520,"13,633",Not yet rated,NULL,$31.75
BLIN,$1.2,1440177032574,"6,400",50% bullish,of 2 ratings,$2.20
BRID,$8.01,1440177032602,120,100% bearish,of 1 rating,N/A
BRCM,$48.935,1440177032657,"2,182,255",75% bullish,of 12 ratings,$56
BCOV,$5.28,1440177032683,"79,147",67% bullish,of 3 ratings,$10.20
BWEN,$3.3,1440177032983,"13,185",100% bullish,of 3 ratings,$8
BYFC,NULL,1440177033016,0,50% bullish,of 2 ratings,N/A
BSFT,$30.83,1440177033038,"79,358",57% bullish,of 7 ratings,$40.50
BVSN,$5.5275,1440177033077,"12,025",60% bearish,of 5 ratings,N/A
BRKS,$10.38,1440177033104,"117,723",67% bullish,of 3 ratings,$15.25
BRCD,$10.67,1440177033130,"6,584,084",92% bullish,of 13 ratings,$12.50
BRKL,$10.78,1440177033173,"160,377",100% bearish,of 1 rating,$10.75
BRKR,$19.05,1440177033320,"76,926",100% bearish,of 2 ratings,$22
BMTC,$29.505,1440177033388,"34,343",Not yet rated,NULL,$34
BLMT,$20.73,1440177033456,"11,567",Not yet rated,NULL,N/A
BSQR,$6.036,1440177033485,"59,237",67% bullish,of 3 ratings,N/A
BWLD,$190.02,1440177033507,"152,172",82% bullish,of 11 ratings,$205
BLDR,$14.73,1440177033938,"435,995",50% bullish,of 2 ratings,$22
CFFI,$36.0001,1440177034644,"2,500",100% bearish,of 1 rating,N/A
BUR,$1.94,1440177034671,"1,200",100% bearish,of 1 rating,$8
CHRW,$67.39,1440177034803,"358,924",Not yet rated,NULL,$72
CCMP,$44.43,1440177035077,"52,985",50% bullish,of 2 ratings,$59
CSTE,$43.23,1440177035103,"178,740",100% bearish,of 1 rating,$65
CZR,$7.84,1440177035141,"808,699",60% bearish,of 5 ratings,$10.50
CA,$27.66,1440177035169,"1,198,038",50% bullish,of 4 ratings,$33
CACQ,$7.15,1440177035194,"72,477",100% bearish,of 1 rating,$12.25
CDNS,$20,1440177035227,"537,331",75% bullish,of 4 ratings,$22.50
CLBS,$1.34,1440177035256,"105,543",79% bullish,of 14 ratings,$4
CDZI,$7.4,1440177035279,"15,322",100% bearish,of 1 rating,N/A
CHY,$11.5619,1440177035521,"177,003",Not yet rated,NULL,N/A
CHI,$10.682,1440177035547,"180,805",100% bearish,of 1 rating,N/A
CLMS,$11.47,1440177035578,"45,160",Not yet rated,NULL,$10.50
PRSS,$4.4712,1440177035605,"1,733",80% bullish,of 5 ratings,$4.50
CCD,$19.8,1440177035678,"85,912",Not yet rated,NULL,N/A
CFGE,NULL,1440177035821,0,Not yet rated,NULL,N/A
CVGW,$54.5499,1440177036007,"67,707",50% bullish,of 2 ratings,$58.50
CHW,$7.5601,1440177036045,"177,192",100% bearish,of 1 rating,N/A
CALA,$4.96,1440177036078,"210,138",100% bullish,of 3 ratings,$19.50
CSQ,$9.8864,1440177036100,"367,515",Not yet rated,NULL,N/A
CFNB,$13.4,1440177036143,105,100% bearish,of 1 rating,N/A
CGO,$12.01,1440177036166,"16,609",100% bearish,of 1 rating,N/A
CAMP,$15.8129,1440177036193,"146,488",88% bullish,of 8 ratings,$25
CALD,$15.345,1440177036230,"206,132",100% bearish,of 1 rating,$20.50
CALM,$49.49,1440177036401,"278,650",80% bullish,of 5 ratings,$65
CLMT,$25.28,1440177036440,"249,276",75% bullish,of 8 ratings,$31
CAMBU,NULL,1440177036619,0,100% bearish,of 1 rating,N/A
ABCD,$4.75,1440177036710,"88,762",83% bullish,of 6 ratings,N/A
CAC,$40.39,1440177036749,"12,471",Not yet rated,NULL,N/A
CSIQ,$17.87,1440177036781,"1,958,245",86% bullish,of 28 ratings,$45
CAMT,$2.77,1440177036803,"12,512",73% bullish,of 11 ratings,$4
CAMB,NULL,1440177036824,0,Not yet rated,NULL,N/A
CAMBW,NULL,1440177036863,0,Not yet rated,NULL,N/A
CGIX,$9.32,1440177036955,"28,699",67% bullish,of 3 ratings,$14.375
CPHC,$10.44,1440177037172,"1,400",100% bearish,of 1 rating,N/A
CCBG,$15.23,1440177037201,"18,195",Not yet rated,NULL,$17.25
CPLA,$48.66,1440177037222,"34,940",50% bullish,of 2 ratings,$65
CBF,$30.09,1440177037254,"66,346",Not yet rated,NULL,$32
CPLP,$6.8999,1440177037276,"174,129",71% bullish,of 7 ratings,$11
CBNJ,$10.605,1440177037298,"28,562",100% bullish,of 1 rating,N/A
CSWC,$47.4,1440177037581,"7,632",Not yet rated,NULL,N/A
CARA,$20.79,1440177037621,"135,999",50% bullish,of 4 ratings,$25
CPTA,$14.3789,1440177037643,"28,490",Not yet rated,NULL,$18.50
CAPNW,$0.5001,1440177037664,515,Not yet rated,NULL,N/A
CFFN,$11.98,1440177037686,"389,891",Not yet rated,NULL,$12.75
CAPR,$3.8,1440177037736,"1,317",Not yet rated,NULL,$12
CPST,$0.3705,1440177037758,"567,732",95% bullish,of 22 ratings,$1.25
CAPN,$1.9351,1440177037779,"188,217",100% bullish,of 1 rating,$10.85
CBYL,$6.39,1440177038090,"28,080",100% bearish,of 1 rating,$20
CSII,$24.26,1440177038264,"295,023",100% bearish,of 2 ratings,$42.125
CRME,$9.275,1440177038297,"12,488",89% bullish,of 9 ratings,$11.25
CATM,$34.75,1440177038361,"165,484",100% bearish,of 1 rating,$44
CFNL,$22.44,1440177038388,"71,194",Not yet rated,NULL,$24
CARB,$11.4,1440177038409,"49,872",75% bullish,of 4 ratings,$12
CECO,$3.53,1440177038443,"245,424",67% bearish,of 3 ratings,$6
CRDC,$0.39,1440177038465,"7,650",100% bullish,of 1 rating,$1.25
CDNA,$6.44,1440177038606,"4,400",100% bearish,of 1 rating,$9
CTRE,$11.99,1440177038670,"95,101",50% bullish,of 2 ratings,N/A
CKEC,$21.82,1440177038739,"182,180",50% bullish,of 2 ratings,$35.915
CRZO,$31.58,1440177038798,"518,920",67% bearish,of 3 ratings,$57
CARO,$15.35,1440177038827,500,100% bearish,of 1 rating,$19
CLBH,$12.76,1440177038867,200,Not yet rated,NULL,$16.50
TAST,$11.89,1440177038894,"137,647",Not yet rated,NULL,$14.25
CART,NULL,1440177038955,0,100% bearish,of 1 rating,N/A
CRTN,NULL,1440177039197,0,100% bearish,of 1 rating,N/A
CASM,$1.072,1440177039280,"1,327",100% bullish,of 1 rating,$3.50
CACB,$5.4,1440177039328,"50,341",Not yet rated,NULL,$5.50
CWST,$6.05,1440177039381,"152,378",50% bullish,of 2 ratings,$7
CARV,$5.61,1440177039413,200,50% bullish,of 2 ratings,N/A
CASI,$1.42,1440177039439,"5,114",100% bullish,of 1 rating,$3.50
CASY,$104.8,1440177039511,"152,184",50% bullish,of 2 ratings,$99.50
CSCD,$14.1,1440177039618,"43,482",100% bullish,of 2 ratings,$17
CASS,$47.98,1440177039674,"27,483",100% bearish,of 1 rating,N/A
CATB,$11.55,1440177039705,"55,236",100% bearish,of 1 rating,$28
CPRX,$3.71,1440177039782,"663,271",71% bullish,of 7 ratings,$7
CATY,$30.23,1440177039820,"280,617",100% bearish,of 1 rating,$33.50
CVCO,$73.2,1440177039915,"25,162",100% bearish,of 1 rating,N/A
CATYW,$10.54,1440177039944,100,100% bearish,of 1 rating,N/A
CAVM,$66.886,1440177040047,"255,922",67% bearish,of 3 ratings,$72
CNLM,$9.97,1440177040364,"1,292",Not yet rated,NULL,N/A
CNLMU,NULL,1440177040396,0,100% bullish,of 1 rating,N/A
CNLMR,NULL,1440177040429,0,Not yet rated,NULL,N/A
CDK,$48.18,1440177040458,"190,742",67% bearish,of 3 ratings,$50
CBFV,$20.56,1440177040485,"3,764",Not yet rated,NULL,N/A
CNLMW,NULL,1440177040510,0,Not yet rated,NULL,N/A
CBOE,$61.79,1440177040544,"167,727",Not yet rated,NULL,$60
CDW,$38.75,1440177040566,"350,784",75% bullish,of 4 ratings,$44
CPXX,$2.16,1440177040754,"49,983",100% bullish,of 2 ratings,$7
CELG,$121.7,1440177040818,"2,376,864",92% bullish,of 13 ratings,$155.50
CECE,$9.62,1440177040923,"57,635",50% bullish,of 2 ratings,$16
CELGZ,$1.76,1440177040969,"5,100",80% bullish,of 5 ratings,N/A
CLDN,$1.04,1440177041006,"110,664",71% bullish,of 7 ratings,$3
CLDX,$13.76,1440177041104,"1,216,190",89% bullish,of 9 ratings,$36
CLRB,$3.1419,1440177041133,"1,907",100% bearish,of 1 rating,N/A
CLLS,$30.19,1440177041167,"76,753",75% bullish,of 4 ratings,$51.50
CLRBW,$0.94,1440177041262,200,Not yet rated,NULL,N/A
CBMG,$22.9999,1440177041288,"30,756",50% bullish,of 2 ratings,N/A
CLSN,$1.9199,1440177041323,"90,120",80% bullish,of 10 ratings,$7.50
CLTX,$3.2399,1440177041355,"1,923,375",100% bullish,of 2 ratings,N/A
CYAD,$53.25,1440177041428,573,100% bullish,of 1 rating,$87.50
CETX,$2.52,1440177041513,"9,100",Not yet rated,NULL,$5.60
CEMP,$36.0601,1440177041540,"482,140",71% bullish,of 7 ratings,$52
CSFL,$14.04,1440177041618,"93,023",Not yet rated,NULL,$15
CENT,$11.92,1440177041836,"16,733",Not yet rated,NULL,$10
CFBK,$1.37,1440177041870,"5,800",Not yet rated,NULL,N/A
CETV,$2.04,1440177041893,"125,459",67% bullish,of 3 ratings,$2.80
CVCY,$10.96,1440177041964,5,Not yet rated,NULL,$12
CNBKA,$40.59,1440177042041,"4,119",100% bullish,of 1 rating,N/A
CENTA,$12.585,1440177042071,"95,869",Not yet rated,NULL,N/A
CNTY,$6.14,1440177042093,"2,906",80% bullish,of 5 ratings,$7.75
CENX,$5.1,1440177042123,"800,585",67% bullish,of 6 ratings,$9
CPHD,$47.83,1440177042291,"310,650",50% bullish,of 2 ratings,$66.50
CERE,$1.11,1440177042385,"265,339",88% bullish,of 8 ratings,N/A
CRNT,$1.36,1440177042411,"201,857",50% bullish,of 2 ratings,$2
CERN,$62.2,1440177042459,"844,747",67% bullish,of 3 ratings,$79
CERS,$4.76,1440177042544,"393,050",75% bullish,of 4 ratings,$7
CERU,$3.37,1440177042573,"14,164",75% bullish,of 4 ratings,$15
KOOL,$0.71,1440177042637,"5,936",100% bullish,of 5 ratings,$7
CEVA,$18.34,1440177042722,"26,452",100% bearish,of 1 rating,$25
HOTR,$1.3601,1440177042774,"118,801",100% bullish,of 2 ratings,$5
HOTRW,NULL,1440177042859,0,Not yet rated,NULL,N/A
CTHR,$1.2,1440177042889,"43,940",50% bullish,of 2 ratings,$2.50
CYOU,$20.15,1440177042915,"283,658",50% bullish,of 6 ratings,$24
GTLS,$22.34,1440177042967,"198,286",50% bullish,of 4 ratings,$40
CHTR,$178.52,1440177043100,"371,131",100% bearish,of 2 ratings,$196
CHKP,$77.41,1440177043177,"463,539",50% bullish,of 4 ratings,$92
CHFN,$12.48,1440177043205,"23,070",Not yet rated,NULL,$14
CHEKW,NULL,1440177043338,0,Not yet rated,NULL,N/A
CHEK,$3.02,1440177043364,700,Not yet rated,NULL,$7.75
CHFC,$31.83,1440177043393,"51,050",100% bearish,of 1 rating,$36
CEMI,$4.25,1440177043422,"4,139",50% bullish,of 2 ratings,$7.50
CHMG,$26.6,1440177043629,700,Not yet rated,NULL,$30
CHKE,$25.2,1440177043693,"19,551",100% bearish,of 1 rating,$32.50
CCXI,$6.82,1440177043721,"52,312",67% bullish,of 3 ratings,$14
CHEV,$14.3501,1440177043757,"6,050",Not yet rated,NULL,N/A
CHMA,$24.03,1440177043784,"100,259",Not yet rated,NULL,$40
CBNK,$16.51,1440177043806,215,100% bearish,of 1 rating,N/A
PLCE,$58.45,1440177043852,"227,676",100% bearish,of 1 rating,$71
CMRX,$46.49,1440177043940,"219,391",50% bullish,of 2 ratings,$57
CADC,NULL,1440177044130,0,78% bullish,of 9 ratings,N/A
CBAK,$1.91,1440177044158,"28,059",67% bullish,of 9 ratings,N/A
CAAS,$6.508,1440177044182,"28,720",93% bullish,of 14 ratings,$11.50
CALI,$0.9039,1440177044213,"6,876",67% bullish,of 3 ratings,N/A
CBPO,$99.84,1440177044356,"157,240",75% bullish,of 8 ratings,$140.50
JRJC,$3.84,1440177044403,"141,392",82% bullish,of 11 ratings,N/A
CCCL,$0.8882,1440177044491,930,100% bullish,of 6 ratings,N/A
CHLN,$2.05,1440177044531,"5,703",67% bullish,of 3 ratings,N/A
CCCR,$0.82,1440177044563,"18,852",67% bearish,of 3 ratings,N/A
CHOP,$1.2,1440177044585,"51,842",50% bullish,of 2 ratings,N/A
HGSH,$1.83,1440177044615,"12,300",67% bullish,of 3 ratings,N/A
CNIT,$1.51,1440177044842,"22,720",67% bullish,of 6 ratings,N/A
HTHT,$24.85,1440177044892,"49,874",50% bullish,of 2 ratings,$28
CJJD,$1.8681,1440177044921,"43,376",100% bullish,of 1 rating,N/A
CREG,$0.6999,1440177045219,"73,983",100% bullish,of 3 ratings,N/A
CHNR,$2.0373,1440177045244,600,100% bearish,of 1 rating,N/A
CNTF,$0.85,1440177045288,"95,302",Not yet rated,NULL,N/A
CPGI,$6.9,1440177045321,800,Not yet rated,NULL,N/A
CXDC,$6.192,1440177045385,"88,000",67% bullish,of 3 ratings,N/A
CSUN,$1.3599,1440177045415,"8,798",80% bullish,of 5 ratings,N/A
CCIH,$5.675,1440177045471,"584,206",67% bullish,of 6 ratings,$12.65
CNYD,$2.9499,1440177045551,"6,000",67% bullish,of 3 ratings,N/A
CNET,$0.8826,1440177045579,"27,543",50% bullish,of 2 ratings,N/A
IMOS,$15.9826,1440177045711,"92,333",60% bullish,of 5 ratings,$21.50
CHSCL,$27.1187,1440177045739,"20,353",Not yet rated,NULL,N/A
CHSCN,$27.0643,1440177045776,"2,725",Not yet rated,NULL,N/A
CHSCM,$25.9143,1440177045878,"20,626",Not yet rated,NULL,N/A
CHSCO,$28.3592,1440177045941,"7,347",Not yet rated,NULL,N/A
CHSCP,$30.3399,1440177046010,854,Not yet rated,NULL,N/A
CHUY,$32.15,1440177046069,"99,806",50% bullish,of 2 ratings,$34
CHDN,$133.18,1440177046139,"35,414",Not yet rated,NULL,$165
CIFC,$6.9,1440177046274,"7,398",Not yet rated,NULL,N/A
CDTX,$14.08,1440177046326,"6,853",Not yet rated,NULL,$22
CMCT,$15.02,1440177046350,"2,610",100% bearish,of 1 rating,N/A
CMPR,$67.76,1440177046390,"230,183",50% bullish,of 2 ratings,$72.50
CIDM,$0.611,1440177046488,"38,013",50% bullish,of 2 ratings,$2.10
CINF,$54.395,1440177046515,"230,641",50% bullish,of 4 ratings,$50.50
CTAS,$85.42,1440177046540,"184,820",100% bearish,of 1 rating,$91
CPHR,$6.2,1440177046579,"1,100",100% bearish,of 1 rating,$16
CRUS,$27.86,1440177046685,"521,869",75% bullish,of 12 ratings,$44.50
CSCO,$26.94,1440177046712,"15,318,262",84% bullish,of 208 ratings,$32
CTRN,$27.52,1440177046849,"69,942",100% bearish,of 1 rating,$31.50
CZNC,$19.68,1440177046985,"8,887",Not yet rated,NULL,N/A
CIZN,$19.67,1440177047042,100,Not yet rated,NULL,N/A
CZWI,NULL,1440177047075,0,Not yet rated,NULL,N/A
CZFC,$12.7378,1440177047106,100,Not yet rated,NULL,N/A
CHCO,$47.63,1440177047176,"29,641",Not yet rated,NULL,$46
CIVB,$10.3,1440177047202,"5,137",Not yet rated,NULL,$11
CTXS,$74.6475,1440177047256,"537,835",86% bullish,of 7 ratings,$80
CIVBP,NULL,1440177047280,0,Not yet rated,NULL,N/A
CDTI,$1.5399,1440177047442,"47,338",75% bullish,of 4 ratings,$3.20
CLNT,$1.64,1440177047473,"51,800",75% bullish,of 8 ratings,N/A
CLNE,$4.0999,1440177047500,"586,167",80% bullish,of 15 ratings,$9
CLRO,$11.822,1440177047572,"3,103",50% bullish,of 2 ratings,$14.25
CLFD,$16.8753,1440177047632,"35,104",67% bullish,of 3 ratings,$18
CBLI,$3.9,1440177047727,"30,290",60% bullish,of 5 ratings,N/A
CLIR,$4.9806,1440177047763,"3,743",100% bullish,of 3 ratings,N/A
CMFN,$11.8563,1440177047955,"6,959",100% bearish,of 1 rating,$15.50
CME,$93.141,1440177047987,"620,835",67% bullish,of 3 ratings,$102
CCNE,$17.19,1440177048009,"17,958",50% bullish,of 2 ratings,$21.50
CLVS,$72.5,1440177048041,"220,528",60% bullish,of 5 ratings,$101.50
CSBK,$13.69,1440177048063,"34,610",Not yet rated,NULL,N/A
CISG,$7.64,1440177048194,"93,405",100% bullish,of 5 ratings,$10
CWAY,$11.26,1440177048225,304,Not yet rated,NULL,N/A
CNV,$4.62,1440177048247,"6,450",50% bullish,of 2 ratings,$7.15
COBZ,$12.95,1440177048389,"77,620",100% bullish,of 1 rating,$14
COKE,$153.78,1440177048480,"18,374",79% bullish,of 19 ratings,N/A
CDRB,$11.53,1440177048505,"4,706",67% bullish,of 3 ratings,N/A
CDXS,$3.975,1440177048532,"24,388",64% bullish,of 11 ratings,$6
CVLY,$20.55,1440177048694,"4,269",Not yet rated,NULL,N/A
JVA,$4.6,1440177048725,"15,624",83% bullish,of 6 ratings,$7
CCOI,$28.35,1440177048787,"145,389",50% bullish,of 4 ratings,$35
CGNT,$1.63,1440177048825,"14,146",100% bullish,of 2 ratings,$2
CGNX,$35.691,1440177048891,"347,221",50% bullish,of 2 ratings,$47
COHU,$9.65,1440177048930,"65,562",100% bearish,of 1 rating,$14.25
CTSH,$64.16,1440177048961,"1,318,723",90% bullish,of 10 ratings,$75
CHRS,$30.15,1440177048987,"90,684",67% bearish,of 3 ratings,$37
CLRX,$0.5098,1440177049163,"50,369",50% bullish,of 2 ratings,N/A
COHR,$57.24,1440177049192,"65,020",50% bullish,of 2 ratings,$72
CLCT,$18.06,1440177049323,"40,189",100% bearish,of 1 rating,N/A
COLL,$14.82,1440177049411,"25,548",100% bearish,of 1 rating,$26
CBAN,$8.75,1440177049433,400,Not yet rated,NULL,N/A
CIGI,$44.3963,1440177049468,"2,708",100% bearish,of 1 rating,$52
COLB,$31.12,1440177049494,"127,040",Not yet rated,NULL,$36
CLCD,$7.2004,1440177049520,"9,825",100% bearish,of 1 rating,$20.50
CMCSA,$57.42,1440177049661,"6,773,437",66% bullish,of 35 ratings,$69.50
COLM,$62.99,1440177049689,"104,028",100% bearish,of 1 rating,$71
CMCO,$19.45,1440177049723,"55,994",60% bullish,of 5 ratings,$28
CBMX,$1.16,1440177049826,"10,447",83% bullish,of 6 ratings,$3.15
CMCSK,$58.09,1440177049868,"1,369,765",Not yet rated,NULL,$84
CBSH,$45.34,1440177049902,"126,467",50% bullish,of 2 ratings,$46
CBSHP,$25.1901,1440177049958,916,100% bearish,of 1 rating,N/A
CUBN,$13.8,1440177049999,"1,185",Not yet rated,NULL,N/A
CVGI,$4.68,1440177050248,"50,366",50% bullish,of 2 ratings,$6
COMM,$29.4,1440177050274,"405,199",67% bearish,of 3 ratings,$35
ESXB,$5.0856,1440177050420,"10,683",Not yet rated,NULL,N/A
CYHHZ,$0.011,1440177050449,"4,075",100% bullish,of 1 rating,N/A
JCS,NULL,1440177050512,0,67% bullish,of 3 ratings,N/A
CTBI,$34.65,1440177050545,"25,439",Not yet rated,NULL,$36
CSAL,$21.2,1440177050576,"274,247",75% bullish,of 4 ratings,$30
CVLT,$36.14,1440177050608,"178,042",75% bullish,of 4 ratings,$44.50
COB,$10.55,1440177050639,"18,098",100% bullish,of 1 rating,$11.75
CWBC,$6.79,1440177050706,"2,010",Not yet rated,NULL,N/A
CIZ,$33.4275,1440177050838,"4,774",100% bearish,of 1 rating,N/A
CIL,$33.88,1440177050918,100,Not yet rated,NULL,N/A
CSA,NULL,1440177050944,0,Not yet rated,NULL,N/A
CID,$33.93,1440177050973,100,Not yet rated,NULL,N/A
CDC,$35.33,1440177051075,"16,048",Not yet rated,NULL,N/A
CSF,$36.89,1440177051137,"3,206",100% bearish,of 1 rating,N/A
CFA,$36.0701,1440177051290,"1,606",100% bearish,of 1 rating,N/A
CFO,$35.9001,1440177051323,"10,755",100% bearish,of 1 rating,N/A
CSB,NULL,1440177051360,0,Not yet rated,NULL,N/A
CDL,NULL,1440177051424,0,Not yet rated,NULL,N/A
CGEN,$5.11,1440177051453,"56,600",50% bullish,of 2 ratings,$11
CTG,$6.6301,1440177051482,"11,106",100% bearish,of 1 rating,$8.50
CHCI,$0.5921,1440177051615,"14,000",50% bullish,of 2 ratings,N/A
CPSI,$45.32,1440177051643,"33,839",100% bearish,of 1 rating,$45.50
SCOR,$57.295,1440177051672,"216,375",100% bearish,of 1 rating,$66
CMTL,$26.39,1440177051811,"32,400",100% bearish,of 2 ratings,$37
CNSI,$18.74,1440177051869,"105,145",100% bearish,of 2 ratings,$29
CNAT,$4,1440177051915,"98,114",83% bullish,of 6 ratings,$13
CNCE,$15.23,1440177052011,"134,792",75% bullish,of 4 ratings,$22
CCUR,$5.2,1440177052037,"6,878",75% bullish,of 4 ratings,N/A
CXRX,$72.68,1440177052086,"3,494",Not yet rated,NULL,$90
CDORP,$6.7921,1440177052166,800,100% bearish,of 1 rating,N/A
CDORO,NULL,1440177052196,0,100% bearish,of 1 rating,N/A
CDOR,$1.4004,1440177052298,"5,049",100% bullish,of 1 rating,N/A
CTWS,$35.25,1440177052594,"22,636",100% bearish,of 1 rating,$44
CFMS,$21.4,1440177052616,"185,854",Not yet rated,NULL,$27
CNMD,$54.84,1440177052649,"67,313",Not yet rated,NULL,$59
CNFR,$10.325,1440177052671,"10,956",Not yet rated,NULL,N/A
CNXR,$6.25,1440177052692,"14,300",100% bearish,of 1 rating,$12
CNOB,$19.57,1440177052729,"86,690",100% bullish,of 1 rating,$23.50
CONN,$31.13,1440177052822,"165,008",67% bullish,of 3 ratings,$48.50
CWCO,$10.62,1440177052971,"102,524",67% bullish,of 3 ratings,$14.50
CNSL,$20.01,1440177053004,"134,407",100% bearish,of 1 rating,$23
CTCT,$24.17,1440177053036,"138,468",67% bullish,of 3 ratings,$37
CPSS,$5.47,1440177053067,"25,363",100% bullish,of 1 rating,$10
CFRX,$4.9,1440177053089,"14,835",Not yet rated,NULL,$14
CFRXZ,$0.481,1440177053123,400,Not yet rated,NULL,N/A
CFRXW,$1.89,1440177053167,"1,275",100% bearish,of 1 rating,N/A
CTRL,$7.8108,1440177053474,"80,366",50% bullish,of 2 ratings,$11
CRBP,$2.0401,1440177053502,"659,658",100% bullish,of 2 ratings,$6.25
CTRV,$3.7399,1440177053525,"17,483",Not yet rated,NULL,$6.40
CPRT,$34.8,1440177053559,"108,678",67% bearish,of 3 ratings,$40
BVA,$3.6999,1440177053661,"3,592",50% bullish,of 2 ratings,N/A
CORE,$61.32,1440177053686,"43,154",100% bearish,of 1 rating,$72
CORT,$4.61,1440177053730,"265,854",67% bullish,of 3 ratings,$12
CORI,$11.13,1440177053871,"27,500",100% bearish,of 1 rating,$18
CSOD,$37.08,1440177053902,"219,754",50% bullish,of 2 ratings,$42
COSI,$1.11,1440177053932,"55,128",100% bullish,of 1 rating,N/A
CRVL,$32.24,1440177053959,"17,298",100% bearish,of 1 rating,N/A
COST,$140,1440177053990,"1,177,947",79% bullish,of 24 ratings,$154.50
CPAH,$0.4625,1440177054137,300,50% bullish,of 2 ratings,N/A
ICBK,$18.24,1440177054164,116,Not yet rated,NULL,$21
CSGP,$183.92,1440177054218,"21,414",50% bullish,of 2 ratings,$235
CVTI,$22.38,1440177054363,"45,311",67% bearish,of 3 ratings,$39
COVS,$2.58,1440177054517,"62,898",67% bullish,of 3 ratings,N/A
CPSH,NULL,1440177054558,0,Not yet rated,NULL,N/A
CBRL,$143.89,1440177054587,"212,182",50% bullish,of 2 ratings,$155
COWN,$5.2,1440177054619,"484,518",75% bullish,of 4 ratings,$7
CRAI,$22.36,1440177054644,"18,410",Not yet rated,NULL,$36
CRAY,$20.87,1440177054678,"140,579",83% bullish,of 6 ratings,$38.50
COWNL,$27.19,1440177054703,"3,000",Not yet rated,NULL,N/A
BREW,$7.35,1440177054840,"34,179",67% bullish,of 6 ratings,$15
GLDI,$11.129,1440177054985,"31,770",100% bearish,of 1 rating,N/A
CACC,$193.205,1440177055011,"57,283",50% bullish,of 2 ratings,$158.50
CREE,$25.13,1440177055040,"413,249",65% bullish,of 17 ratings,$29.50
SLVO,$10.46,1440177055080,"2,000",100% bearish,of 1 rating,N/A
CRESY,$10.52,1440177055223,"6,298",100% bearish,of 1 rating,$19
CROX,$13.98,1440177055321,"592,456",63% bullish,of 8 ratings,$16.50
CRDS,$1.02,1440177055383,"11,160",50% bullish,of 4 ratings,$4.50
CRWS,$8.0272,1440177055415,"1,515",Not yet rated,NULL,$10
CCRN,$14.23,1440177055437,"93,306",100% bearish,of 1 rating,$14.25
CRWN,$4.56,1440177055460,"93,351",75% bullish,of 4 ratings,N/A
CRTO,$45.04,1440177055496,"341,149",67% bullish,of 6 ratings,$64
CYRX,$3.16,1440177055633,"1,600",Not yet rated,NULL,$9
CYRXW,$0.97,1440177055664,400,Not yet rated,NULL,N/A
CSGS,$30.9643,1440177055766,"86,003",Not yet rated,NULL,$40
CSPI,$6.0801,1440177055838,"2,700",67% bullish,of 3 ratings,N/A
CCLP,$14.14,1440177055898,"44,632",67% bearish,of 3 ratings,$21
CTRP,$64.13,1440177056079,"865,424",75% bullish,of 8 ratings,$92
CTCM,$1.67,1440177056109,"109,551",80% bearish,of 5 ratings,$3.90
CTIC,$1.68,1440177056136,"1,279,240",84% bullish,of 76 ratings,$5.75
CUNB,$22.05,1440177056163,"28,038",Not yet rated,NULL,$24.50
CTIB,NULL,1440177056187,0,100% bearish,of 1 rating,N/A
CUI,$4.9055,1440177056222,"37,081",50% bullish,of 2 ratings,$10
CPIX,$5.87,1440177056321,"2,615",Not yet rated,NULL,N/A
CUTR,$14.26,1440177056351,"33,056",67% bearish,of 3 ratings,$18
CMLS,$1.265,1440177056483,"609,971",50% bullish,of 4 ratings,$6
CVBF,$16.605,1440177056515,"257,177",Not yet rated,NULL,$18
CRIS,$2.56,1440177056537,"302,802",100% bullish,of 8 ratings,$6
CVV,$11.6,1440177056618,"19,776",100% bullish,of 5 ratings,N/A
CYAN,$7.1008,1440177056672,940,100% bearish,of 1 rating,N/A
CYBR,$50.988,1440177056864,"1,359,691",86% bullish,of 7 ratings,$66
CYCCP,NULL,1440177056890,0,100% bearish,of 1 rating,N/A
CYBE,$5.94,1440177056918,"5,350",100% bearish,of 1 rating,N/A
CBAY,$2.67,1440177056970,"32,728",100% bullish,of 1 rating,$4
CYCC,$0.555,1440177057054,"106,507",73% bullish,of 11 ratings,N/A
CYNA,$16.15,1440177057103,"17,505",100% bullish,of 1 rating,$31.50
CYBX,$65.45,1440177057130,"328,042",50% bullish,of 4 ratings,$70
CY,$9.36,1440177057152,"1,679,642",80% bullish,of 10 ratings,$15.50
CYRN,$1.65,1440177057324,"216,135",67% bullish,of 3 ratings,$4
CYNO,$31.769,1440177057353,"151,163",67% bearish,of 3 ratings,$45.50
CONE,$33.33,1440177057383,"246,234",67% bearish,of 3 ratings,$35
CYTK,$6.58,1440177057432,"122,336",71% bullish,of 14 ratings,$13.50
CYTX,$0.3738,1440177057487,"466,732",83% bullish,of 12 ratings,$5.50
CTSO,$6.99,1440177057564,"37,843",Not yet rated,NULL,$15.625
CYTR,$2.2199,1440177057637,"490,604",67% bullish,of 6 ratings,$10
TVIX,$8.4125,1440177057735,"11,986,671",81% bullish,of 16 ratings,N/A
DAEG,$0.3594,1440177057807,"4,100",100% bearish,of 1 rating,N/A
TVIZ,$14.3227,1440177057833,"1,660",100% bearish,of 1 rating,N/A
XIV,$38.196,1440177057862,"14,918,392",75% bearish,of 4 ratings,N/A
ZIV,$46.7,1440177057890,"61,039",Not yet rated,NULL,N/A
DJCO,$199.96,1440177058020,"1,530",Not yet rated,NULL,N/A
DAKT,$11.57,1440177058051,"84,705",50% bullish,of 2 ratings,$14
DARA,$0.8701,1440177058097,"34,761",83% bullish,of 6 ratings,$1.50
DAIO,$2.58,1440177058184,"3,412",Not yet rated,NULL,N/A
DTLK,$5.525,1440177058228,"68,137",100% bearish,of 1 rating,$9
DRAM,NULL,1440177058253,0,78% bullish,of 9 ratings,N/A
DWCH,$5.03,1440177058482,"17,967",75% bullish,of 4 ratings,$8.25
PLAY,$34.44,1440177058517,"140,192",100% bullish,of 5 ratings,$42
DTEA,$13.81,1440177058549,"65,582",100% bearish,of 2 ratings,$24
DBVT,$39.37,1440177058617,"65,866",100% bearish,of 1 rating,$53
TRAK,$62.92,1440177058670,"587,428",50% bullish,of 2 ratings,$62.50
DWSN,$4,1440177058703,"18,339",67% bullish,of 3 ratings,$6
DHRM,$1.78,1440177058726,700,Not yet rated,NULL,N/A
DFRG,$14.59,1440177058800,"118,423",100% bearish,of 1 rating,$20
TACO,$12.99,1440177058880,"106,175",100% bullish,of 3 ratings,$20
TACOW,$4.1,1440177058909,"1,350",100% bullish,of 1 rating,N/A
DGAS,$20.24,1440177059040,"1,113",67% bearish,of 3 ratings,N/A
DCTH,$0.48,1440177059069,"59,242",78% bullish,of 9 ratings,N/A
DELT,NULL,1440177059090,0,Not yet rated,NULL,N/A
DELTW,NULL,1440177059233,0,Not yet rated,NULL,N/A
DENN,$11.8,1440177059282,"246,643",100% bullish,of 3 ratings,$15
DEPO,$28.83,1440177059319,"627,023",60% bullish,of 5 ratings,$29
DSCI,$6.455,1440177059414,"33,370",50% bullish,of 2 ratings,$16
DERM,$24.02,1440177059441,"191,238",100% bearish,of 1 rating,$33.50
XRAY,$53.98,1440177059465,"276,518",100% bullish,of 1 rating,$58
DEST,$11.69,1440177059601,"16,672",50% bullish,of 2 ratings,N/A
DXLG,$4.56,1440177059633,"38,955",100% bearish,of 1 rating,$8
DSWL,$1.7501,1440177059657,"6,825",100% bullish,of 1 rating,N/A
DXM,$0.3001,1440177059687,"18,774",50% bullish,of 2 ratings,N/A
DXCM,$90.145,1440177059827,"543,869",57% bullish,of 7 ratings,$98
DMND,$30.09,1440177059855,"109,848",75% bullish,of 12 ratings,$32
DHXM,NULL,1440177059899,0,Not yet rated,NULL,N/A
DHIL,$187,1440177060090,"5,881",Not yet rated,NULL,N/A
DRNA,$10.5,1440177060116,"65,674",67% bearish,of 3 ratings,$25
FANG,$67.185,1440177060145,"424,235",50% bullish,of 2 ratings,$86
DCIX,$1.73,1440177060172,"21,625",50% bullish,of 4 ratings,$3.50
DGII,$9.99,1440177060327,"50,265",100% bearish,of 1 rating,$10
DGLY,$6.83,1440177060357,"142,736",50% bullish,of 6 ratings,$20
DRAD,$3.89,1440177060386,"8,759",100% bullish,of 1 rating,$5.25
DMRC,$36,1440177060409,"39,692",100% bearish,of 1 rating,$44
APPS,$2.38,1440177060541,"120,680",100% bearish,of 1 rating,$10.25
DPRX,$12.17,1440177060616,"12,243",100% bullish,of 2 ratings,$27.75
DIOD,$19.51,1440177060645,"105,466",75% bearish,of 4 ratings,$24
DISCA,$26.94,1440177060748,"1,403,279",67% bullish,of 3 ratings,$34
DCOM,$16.74,1440177060783,"61,334",100% bearish,of 2 ratings,$16.50
DSCO,$0.418,1440177060879,"64,420",83% bullish,of 6 ratings,$2.75
DISCB,NULL,1440177060907,0,100% bearish,of 1 rating,$35
DISCK,$25.76,1440177061039,"961,322",100% bearish,of 1 rating,$32
DVCR,$10.4798,1440177061070,"13,006",100% bullish,of 1 rating,N/A
DISH,$61.57,1440177061100,"697,276",69% bullish,of 13 ratings,$73
BAGR,$3.0711,1440177061123,"10,775",100% bearish,of 1 rating,$6
DLHC,$2.39,1440177061174,"5,216",100% bearish,of 1 rating,N/A
DNBF,$27.45,1440177061278,"6,927",Not yet rated,NULL,$27.50
DLTR,$77.091,1440177061307,"1,187,655",82% bullish,of 11 ratings,$88
DGICA,$14.15,1440177061475,"11,810",100% bearish,of 1 rating,$17
DMLP,$13.7001,1440177061503,"26,164",100% bearish,of 1 rating,N/A
DGICB,NULL,1440177061525,0,100% bearish,of 1 rating,N/A
DORM,$50.15,1440177061579,"129,203",100% bearish,of 1 rating,$56
HILL,$9.68,1440177061606,"1,002,013",60% bearish,of 5 ratings,$9.75
DRWI,$0.2651,1440177061745,"141,016",60% bullish,of 5 ratings,$.45
DRWIW,$0.062,1440177061788,110,Not yet rated,NULL,N/A
DRYS,$0.3544,1440177061850,"930,230",77% bullish,of 31 ratings,$.60
DSKX,$3.43,1440177061950,"67,548",100% bullish,of 1 rating,N/A
CADTR,NULL,1440177061976,0,Not yet rated,NULL,N/A
DWA,$18.888,1440177062002,"411,628",63% bullish,of 8 ratings,$26
CADT,$10.02,1440177062036,103,Not yet rated,NULL,N/A
DSPG,$8.56,1440177062063,"40,829",100% bearish,of 1 rating,$13.50
CADTU,NULL,1440177062144,0,Not yet rated,NULL,N/A
CADTW,NULL,1440177062361,0,Not yet rated,NULL,N/A
DTSI,$25.99,1440177062390,"52,894",100% bearish,of 2 ratings,$39.50
DRRX,$2.03,1440177062459,"226,534",50% bullish,of 6 ratings,$3
DXPE,$28.36,1440177062485,"51,701",50% bullish,of 2 ratings,N/A
DNKN,$50.06,1440177062518,"636,873",67% bullish,of 15 ratings,$56.50
BOOM,$9.88,1440177062652,"17,699",67% bullish,of 3 ratings,$12
DYAX,$22.37,1440177062713,"381,980",89% bullish,of 9 ratings,$30
DYSL,$1.5,1440177062779,"85,014",100% bullish,of 2 ratings,N/A
DYNT,$2.86,1440177062807,100,75% bullish,of 4 ratings,N/A
ETFC,$25.7,1440177062876,"1,281,388",57% bullish,of 14 ratings,$33
DVAX,$27.6,1440177062968,"222,212",70% bullish,of 10 ratings,$40
EGLE,$6.04,1440177062997,"32,251",60% bullish,of 5 ratings,N/A
EGBN,$42.95,1440177063025,"48,992",Not yet rated,NULL,$48
EGRX,$65.22,1440177063158,"231,415",67% bullish,of 3 ratings,$97
EBMT,$11.487,1440177063216,"16,954",Not yet rated,NULL,$13.50
EROC,$1.097,1440177063303,"269,545",50% bullish,of 2 ratings,$3
EML,$16.7501,1440177063435,"4,369",Not yet rated,NULL,N/A
EACQU,NULL,1440177063464,0,Not yet rated,NULL,N/A
EWBC,$41.66,1440177063486,"478,887",100% bearish,of 1 rating,$50
ELNK,$8.59,1440177063516,"457,534",60% bullish,of 5 ratings,$9.50
EVBS,$6.45,1440177063543,"2,384",Not yet rated,NULL,$7
EBIX,$28.5,1440177063677,"188,847",69% bullish,of 13 ratings,$40
EBAY,$26.025,1440177063703,"5,263,901",81% bullish,of 117 ratings,$48
ECHO,$25.1,1440177063853,"212,214",67% bearish,of 3 ratings,$35.50
ECTE,$1.46,1440177063884,"22,502",75% bullish,of 4 ratings,N/A
ELON,$0.5462,1440177063908,"52,969",50% bullish,of 2 ratings,N/A
SATS,$44.13,1440177063940,"63,728",50% bullish,of 2 ratings,$60
EEI,$11.13,1440177063971,"4,719",67% bearish,of 3 ratings,N/A
ECACU,$10.05,1440177064075,"1,319",Not yet rated,NULL,N/A
ESES,$3.2,1440177064235,"7,707",100% bearish,of 1 rating,$7
EDAP,$3.28,1440177064266,"101,391",60% bullish,of 5 ratings,$4.50
EDGW,$7.09,1440177064327,"1,009",100% bearish,of 1 rating,N/A
EDUC,$4.7599,1440177064366,"5,855",100% bearish,of 1 rating,N/A
EGAN,$3.44,1440177064513,"6,366",50% bullish,of 2 ratings,$6.25
EFUT,NULL,1440177064542,0,Not yet rated,NULL,N/A
EMITF,$1.286,1440177064673,"4,100",75% bullish,of 4 ratings,N/A
EGLT,$11.49,1440177064707,"10,907",50% bullish,of 2 ratings,$21
EHTH,$14.12,1440177064736,"83,872",50% bullish,of 4 ratings,$16.50
LOCO,$12.042,1440177064764,"634,403",69% bullish,of 13 ratings,$20
ESLT,$80.51,1440177064825,"1,652",100% bullish,of 2 ratings,N/A
ELRC,$10.44,1440177064891,"40,711",100% bearish,of 1 rating,N/A
ERI,$9.572,1440177064917,"88,423",100% bearish,of 1 rating,$10
ESIO,$4.57,1440177065057,"19,396",50% bullish,of 2 ratings,$10
EA,$66.07,1440177065113,"1,757,947",77% bullish,of 35 ratings,$80
EFII,$43.98,1440177065162,"113,042",80% bullish,of 5 ratings,$55
ELECU,NULL,1440177065330,0,Not yet rated,NULL,N/A
ELEC,NULL,1440177065361,0,Not yet rated,NULL,N/A
ELECW,NULL,1440177065397,0,Not yet rated,NULL,N/A
ELSE,$4.02,1440177065419,"1,000",60% bullish,of 5 ratings,N/A
EBIO,$3.5599,1440177065497,"712,749",100% bearish,of 2 ratings,$8.35
RDEN,$10.36,1440177065525,"61,651",100% bearish,of 4 ratings,$15
CAPX,$23.0299,1440177065552,100,Not yet rated,NULL,N/A
LONG,$17.0999,1440177065729,"7,564",67% bullish,of 3 ratings,$15.75
EMCI,$23.07,1440177065765,"10,099",Not yet rated,NULL,N/A
ELTK,$1.116,1440177065863,"3,601",67% bearish,of 3 ratings,N/A
ESBK,$19.37,1440177065894,726,Not yet rated,NULL,N/A
EMKR,$7.0101,1440177065922,"42,755",75% bullish,of 4 ratings,$8.50
EMCF,NULL,1440177066000,0,100% bearish,of 1 rating,N/A
EMMSP,$3.5,1440177066134,100,100% bearish,of 1 rating,N/A
EMMS,$1.25,1440177066197,"1,500",67% bullish,of 6 ratings,N/A
NYNY,$4.0007,1440177066225,"55,847",50% bullish,of 2 ratings,N/A
ENTA,$39.8501,1440177066260,"71,858",50% bullish,of 2 ratings,$42
ERS,$2.9,1440177066387,300,Not yet rated,NULL,N/A
ECPG,$38.88,1440177066421,"68,163",100% bullish,of 2 ratings,$52
WIRE,$32.8,1440177066486,"67,059",100% bearish,of 1 rating,$37
ECYT,$5.225,1440177066515,"156,758",83% bullish,of 6 ratings,$12
ENDP,$77.32,1440177066550,"755,199",50% bullish,of 6 ratings,$104
ELGX,$13.08,1440177066687,"325,436",75% bullish,of 4 ratings,$17
EIGI,$15.315,1440177066714,"483,245",67% bearish,of 3 ratings,$22.50
WATT,$6.87,1440177066862,"42,090",50% bullish,of 2 ratings,$13
EFOI,$16.27,1440177066964,"243,993",50% bullish,of 2 ratings,$20.50
ENOC,$8.07,1440177066991,"121,722",75% bullish,of 4 ratings,$18
EXXI,$1.4571,1440177067025,"1,016,675",86% bullish,of 7 ratings,$3.50
ENG,$1,1440177067053,"1,603",100% bullish,of 3 ratings,N/A
ENPH,$4.381,1440177067075,"291,735",75% bullish,of 4 ratings,$11
ERII,$2.83,1440177067120,"40,312",80% bullish,of 5 ratings,$2.50
ESGR,$151.262,1440177067204,"31,688",100% bearish,of 1 rating,$185
ENFC,NULL,1440177067333,0,Not yet rated,NULL,N/A
ENTL,$21.19,1440177067402,"8,692",Not yet rated,NULL,$28
ETRM,$0.2325,1440177067427,"293,288",69% bearish,of 35 ratings,$1.625
ENTG,$13.81,1440177067462,"242,482",100% bearish,of 1 rating,$18
EBTC,$20.3,1440177067637,"5,915",Not yet rated,NULL,N/A
EFSC,$24.61,1440177067668,"31,893",Not yet rated,NULL,$27
EGT,$2.089,1440177067743,"1,400",100% bullish,of 1 rating,N/A
ENZN,$1.02,1440177067781,"513,765",100% bullish,of 9 ratings,N/A
ENZY,$8.882,1440177067809,"6,876",67% bullish,of 3 ratings,$9.50
EPIQ,$13.77,1440177067873,"55,255",100% bearish,of 1 rating,$18
ENVI,$1.81,1440177067900,"14,104",67% bullish,of 3 ratings,N/A
EPRS,$4.6661,1440177067961,"42,254",82% bullish,of 11 ratings,$15
EPZM,$16.11,1440177067983,"147,490",60% bullish,of 5 ratings,$34
PLUS,$78.31,1440177068162,"70,608",50% bullish,of 2 ratings,$88
EQIX,$275.36,1440177068189,"295,661",67% bullish,of 3 ratings,$312.50
EQFN,$8.32,1440177068378,100,Not yet rated,NULL,N/A
ERIC,$9.86,1440177068404,"1,116,717",63% bullish,of 8 ratings,$12.20
EAC,$3.7,1440177068435,"6,602",100% bearish,of 1 rating,$8
ERIE,$85.45,1440177068466,"10,725",Not yet rated,NULL,$73
ESCR,$0.185,1440177068537,"25,843",50% bullish,of 2 ratings,N/A
ESCA,$18.4,1440177068564,"17,295",100% bearish,of 1 rating,$22
ESSA,$12.82,1440177068603,"2,389",100% bearish,of 1 rating,N/A
ESPR,$56.28,1440177068638,"881,516",67% bearish,of 9 ratings,$123
ESCRP,$1.65,1440177068774,"1,977",100% bearish,of 1 rating,N/A
EPIX,NULL,1440177068808,0,Not yet rated,NULL,N/A
ESMC,$1.3,1440177068834,354,Not yet rated,NULL,N/A
ESND,$35.11,1440177068901,"42,550",100% bearish,of 2 ratings,$40
ESSX,$0.487,1440177068969,"5,690",50% bullish,of 2 ratings,N/A
ETSY,$13.6725,1440177069002,"490,345",80% bullish,of 5 ratings,$16
CLWT,NULL,1440177069187,0,100% bearish,of 1 rating,N/A
ESEA,$6.2899,1440177069267,"1,602",100% bullish,of 1 rating,$15
EEFT,$64.64,1440177069320,"127,912",100% bearish,of 1 rating,$67.50
EVK,$3.6718,1440177069367,201,75% bearish,of 4 ratings,N/A
EVEP,$7.185,1440177069397,"190,510",50% bullish,of 2 ratings,$15
EVOL,$5.95,1440177069502,"7,174",75% bullish,of 4 ratings,$10
EVLV,$2.15,1440177069533,"29,503",60% bullish,of 5 ratings,$6.50
EVOK,$4.035,1440177069603,"70,069",100% bearish,of 1 rating,$13.375
EXA,$10.74,1440177069668,"13,225",100% bearish,of 1 rating,$13
EXAS,$20.5,1440177069750,"810,312",78% bullish,of 9 ratings,$31
EXAC,$18.7575,1440177069814,"33,290",100% bearish,of 1 rating,$22.50
EXEL,$5.26,1440177069881,"3,650,235",81% bullish,of 16 ratings,$6
EXFO,$2.9,1440177069908,"1,100",67% bearish,of 3 ratings,$3.95
EXLS,$36.47,1440177070044,"48,731",100% bullish,of 1 rating,$41
EXPE,$115.67,1440177070134,"489,023",64% bullish,of 11 ratings,$130
EXPD,$48.41,1440177070235,"644,865",80% bullish,of 5 ratings,$51.50
EXLP,$18.3,1440177070269,"55,591",100% bearish,of 1 rating,$27
EXPO,$42.74,1440177070304,"52,421",100% bearish,of 1 rating,$45.50
ESRX,$86.01,1440177070326,"1,653,333",67% bearish,of 6 ratings,$101
EYEG,$4.0951,1440177070401,"13,305",Not yet rated,NULL,N/A
EXTR,$2.91,1440177070462,"517,087",80% bullish,of 5 ratings,$3
EYEGW,$1.24,1440177070532,700,Not yet rated,NULL,N/A
EZCH,$21.57,1440177070625,"61,448",75% bullish,of 8 ratings,$19.50
EZPW,$6.05,1440177070721,"99,567",50% bullish,of 4 ratings,$7.50
FFIV,$124.55,1440177070803,"331,001",63% bullish,of 8 ratings,$132
FB,$87.32,1440177070854,"23,774,894",73% bullish,of 1065 ratings,$111
FCS,$13.3,1440177070886,"603,272",67% bearish,of 3 ratings,$17
FRP,$16.89,1440177070944,"29,045",100% bearish,of 1 rating,$18
FWM,$2.22,1440177070984,"106,751",100% bearish,of 2 ratings,$3.20
FALC,$1.63,1440177071015,"1,759",63% bearish,of 8 ratings,N/A
DAVE,$14.16,1440177071046,"12,630",100% bearish,of 1 rating,$15.50
FMNB,$8.0812,1440177071241,700,Not yet rated,NULL,N/A
FARM,$22.39,1440177071268,"7,930",100% bearish,of 1 rating,$35
FFKT,$26.73,1440177071413,"6,970",Not yet rated,NULL,$29
FARO,$38.3581,1440177071441,"56,144",50% bullish,of 2 ratings,$48
FAST,$39.3,1440177071575,"1,483,443",80% bullish,of 5 ratings,$46
FBSS,NULL,1440177071634,0,Not yet rated,NULL,N/A
FATE,$6.1,1440177071662,"31,961",50% bullish,of 2 ratings,$11
FBRC,$22.47,1440177071706,"21,302",100% bearish,of 1 rating,$29
FDML,$8.95,1440177071737,"125,869",50% bullish,of 4 ratings,$14
FNHC,$21.92,1440177071797,"45,831",100% bearish,of 1 rating,$35
FHCO,$1.39,1440177071951,"11,844",50% bullish,of 4 ratings,N/A
FEIC,$78.48,1440177071978,"185,178",50% bullish,of 2 ratings,$95.50
FENX,$9.64,1440177072010,"32,463",100% bullish,of 1 rating,$14.25
FCSC,$5.67,1440177072113,"117,027",100% bearish,of 1 rating,$8.125
ONEQ,$187.22,1440177072139,"25,097",100% bullish,of 1 rating,N/A
FGEN,$23,1440177072165,"255,933",100% bearish,of 1 rating,$39
LION,$19.18,1440177072342,"63,728",100% bullish,of 1 rating,$20
FDUS,$14.47,1440177072404,"43,659",100% bullish,of 1 rating,$18
FSAM,$8.71,1440177072433,"4,512",100% bearish,of 1 rating,$11
FRGI,$51.89,1440177072477,"83,171",50% bullish,of 2 ratings,$70
FSC,$6.36,1440177072505,"476,499",75% bullish,of 4 ratings,$8
FSCFL,$24.8273,1440177072578,"4,264",Not yet rated,NULL,N/A
FITB,$19.935,1440177072737,"3,056,353",54% bullish,of 13 ratings,$22
FITBI,$27.7,1440177072798,"2,772",Not yet rated,NULL,N/A
FNSR,$15.46,1440177072896,"618,111",71% bullish,of 7 ratings,$24.50
FSFR,$8.96,1440177072927,"78,041",100% bearish,of 1 rating,$11.50
FISI,$24.79,1440177072960,"32,215",100% bullish,of 2 ratings,$24.50
FNGN,$33.35,1440177072992,"222,009",67% bullish,of 3 ratings,$47
FNJN,$1.6701,1440177073059,"9,381",100% bearish,of 1 rating,$5
FNTCW,NULL,1440177073246,0,Not yet rated,NULL,N/A
FNTC,NULL,1440177073278,0,Not yet rated,NULL,N/A
FEYE,$37.61,1440177073353,"4,401,267",87% bullish,of 15 ratings,$55.50
FNTCU,NULL,1440177073387,0,Not yet rated,NULL,N/A
FBNC,$16.86,1440177073418,"27,320",100% bullish,of 1 rating,$20
FNLC,$18.34,1440177073449,"9,092",100% bullish,of 1 rating,N/A
FRBA,$6.0388,1440177073482,481,Not yet rated,NULL,$8
BUSE,$6.2892,1440177073585,"124,470",Not yet rated,NULL,$6.875
FCAP,NULL,1440177073801,0,Not yet rated,NULL,N/A
FCNCA,$241.36,1440177073856,"12,654",Not yet rated,NULL,N/A
FBIZ,$43.96,1440177073887,"18,781",100% bearish,of 2 ratings,$52
FCVA,$4.58,1440177073931,"1,000",Not yet rated,NULL,N/A
FCFS,$37.62,1440177073992,"72,669",100% bearish,of 2 ratings,$48
FCLF,NULL,1440177074019,0,Not yet rated,NULL,N/A
FCBC,$17.7899,1440177074151,"28,082",Not yet rated,NULL,$18
FCFP,$6.9,1440177074235,"1,000",Not yet rated,NULL,N/A
FBNK,$16.72,1440177074265,"33,989",100% bearish,of 1 rating,$17.50
FCCO,$11.92,1440177074294,196,Not yet rated,NULL,$13.25
FDEF,$38.02,1440177074427,"22,059",Not yet rated,NULL,$38
FFNM,$6.31,1440177074457,"2,890",Not yet rated,NULL,N/A
FFBC,$18.71,1440177074487,"93,937",67% bearish,of 3 ratings,$20.25
FFBCW,NULL,1440177074593,0,100% bearish,of 1 rating,N/A
FFIN,$31.01,1440177074653,"170,424",50% bullish,of 2 ratings,$31.75
FFNW,$12.34,1440177074836,"9,340",Not yet rated,NULL,$14
THFF,$32.93,1440177074880,"19,468",Not yet rated,NULL,$35
FRME,$25.16,1440177074912,"108,389",Not yet rated,NULL,$26.50
INBK,$32.11,1440177074972,"11,283",50% bullish,of 2 ratings,$37
FFWM,$21.4,1440177074998,"7,108",Not yet rated,NULL,$24
FMBH,NULL,1440177075026,0,Not yet rated,NULL,N/A
FIBK,$26.925,1440177075055,"46,753",Not yet rated,NULL,$32
FMBI,$17.76,1440177075275,"175,022",Not yet rated,NULL,$20
FNWB,$12.0824,1440177075305,"4,510",Not yet rated,NULL,N/A
FNBC,$34.37,1440177075334,"56,196",Not yet rated,NULL,$41.50
FNFG,$9.21,1440177075368,"812,824",80% bullish,of 5 ratings,$9
FSGI,$2.46,1440177075591,"1,000",Not yet rated,NULL,N/A
FSLR,$46.07,1440177075675,"998,586",74% bullish,of 39 ratings,$65
BICK,$19.6,1440177075750,"1,198",100% bullish,of 1 rating,N/A
FSFG,$30.1754,1440177075780,729,Not yet rated,NULL,N/A
FCAN,$23.85,1440177075807,322,Not yet rated,NULL,N/A
FSBK,$7.77,1440177075834,"1,000",100% bullish,of 1 rating,N/A
FBZ,NULL,1440177075882,0,Not yet rated,NULL,N/A
FTCS,$36.8945,1440177076012,"14,918",Not yet rated,NULL,N/A
FV,$23.37,1440177076149,"2,420,347",Not yet rated,NULL,N/A
FCA,$20.2754,1440177076218,"2,187",Not yet rated,NULL,N/A
IFV,$17.7,1440177076248,"1,348,987",100% bearish,of 1 rating,N/A
FEMB,NULL,1440177076278,0,Not yet rated,NULL,N/A
FTSM,$59.9014,1440177076305,"7,031",100% bearish,of 1 rating,N/A
FEUZ,$31.16,1440177076332,"2,590",Not yet rated,NULL,N/A
TDIV,$24.73,1440177076465,"253,731",100% bearish,of 1 rating,N/A
MDIV,$19.2712,1440177076658,"388,349",Not yet rated,NULL,N/A
FGM,$35.0992,1440177076707,"40,053",Not yet rated,NULL,N/A
FHK,$32.9812,1440177076801,"87,739",Not yet rated,NULL,N/A
FTGC,$22.1,1440177076831,"107,806",Not yet rated,NULL,N/A
FTHI,$19.76,1440177076860,"5,399",Not yet rated,NULL,N/A
FPXI,NULL,1440177076934,0,Not yet rated,NULL,N/A
HYLS,$49.3559,1440177077066,"24,642",100% bearish,of 1 rating,N/A
YDIV,$16.66,1440177077096,"1,892",Not yet rated,NULL,N/A
SKYY,$29.0225,1440177077122,"50,199",100% bullish,of 1 rating,N/A
CU,$12.7601,1440177077151,"8,670",100% bearish,of 1 rating,N/A
FJP,$46.505,1440177077382,"33,936",Not yet rated,NULL,N/A
PLTM,$6.6208,1440177077512,"1,862",100% bearish,of 1 rating,N/A
FTLB,$19.523,1440177077580,"2,357",100% bearish,of 1 rating,N/A
LMBS,$50.41,1440177077726,900,Not yet rated,NULL,N/A
FMB,NULL,1440177077917,0,Not yet rated,NULL,N/A
QABA,$37.8731,1440177077977,"27,629",100% bearish,of 1 rating,N/A
CIBR,$18.103,1440177078077,"105,431",Not yet rated,NULL,N/A
FONE,$34.89,1440177078102,600,Not yet rated,NULL,N/A
QCLN,$14.653,1440177078158,"9,476",Not yet rated,NULL,N/A
GRID,$33.62,1440177078184,24,100% bearish,of 1 rating,N/A
RDVY,$21.63,1440177078257,"58,418",Not yet rated,NULL,N/A
CARZ,$34.7444,1440177078621,"4,257",100% bearish,of 1 rating,N/A
QTEC,$39.71,1440177079011,"131,270",Not yet rated,NULL,N/A
QQXT,$40.8144,1440177079081,"46,023",Not yet rated,NULL,N/A
QQEW,$41.63,1440177079211,"228,988",Not yet rated,NULL,N/A
QINC,$20.94,1440177079288,"1,500",Not yet rated,NULL,N/A
FDIV,$47.6983,1440177079314,"5,048",100% bearish,of 1 rating,N/A
FKO,$22.07,1440177079336,"2,500",Not yet rated,NULL,N/A
AIRR,$16.31,1440177079374,"7,858",100% bearish,of 1 rating,N/A
FTSL,$48.74,1440177079395,"22,192",100% bearish,of 1 rating,N/A
FSZ,$39.11,1440177079486,"44,884",Not yet rated,NULL,N/A
FTW,NULL,1440177079547,0,Not yet rated,NULL,N/A
TUSA,$24.9001,1440177079651,"4,820",Not yet rated,NULL,N/A
SVVC,$10.33,1440177079834,"23,958",100% bullish,of 1 rating,$26
FUNC,$8.24,1440177079864,"2,736",Not yet rated,NULL,N/A
FKU,$41.88,1440177079969,"52,699",Not yet rated,NULL,N/A
FMER,$17.42,1440177080022,"738,786",50% bullish,of 2 ratings,$20
FSV,$31.98,1440177080160,"9,400",Not yet rated,NULL,$33.60
FISV,$85.86,1440177080234,"460,704",100% bearish,of 3 ratings,$90
FPRX,$18.34,1440177080260,"179,748",50% bullish,of 2 ratings,$35
FIVN,$4.1,1440177080303,"117,315",100% bullish,of 1 rating,$8.50
FIVE,$35.48,1440177080330,"209,266",75% bearish,of 4 ratings,$44
FLML,$20.96,1440177080408,"79,417",50% bullish,of 2 ratings,$30
FLKS,$13.11,1440177080642,"41,414",50% bullish,of 2 ratings,$27
SKOR,$50.348,1440177080834,500,Not yet rated,NULL,N/A
FLXN,$24.2,1440177080863,"58,997",100% bearish,of 1 rating,$40
FLXS,$31.26,1440177080894,"16,463",100% bearish,of 2 ratings,N/A
FLEX,$10.52,1440177080921,"997,542",63% bullish,of 8 ratings,$12
MBSD,NULL,1440177081000,0,Not yet rated,NULL,N/A
FLIR,$29.14,1440177081145,"271,302",100% bearish,of 1 rating,$38.50
FOGO,$18.92,1440177081222,"48,911",50% bullish,of 2 ratings,$25.50
FLDM,$12.55,1440177081282,"445,970",67% bearish,of 3 ratings,$21.50
FOMX,$9.51,1440177081323,"68,568",50% bullish,of 2 ratings,$23.50
FONR,$9.54,1440177081349,"13,634",100% bullish,of 1 rating,N/A
FFIC,$20.25,1440177081385,"24,563",Not yet rated,NULL,$21
FORM,$6.03,1440177081519,"150,540",67% bullish,of 3 ratings,$10.50
FES,$0.91,1440177081587,"4,045",50% bullish,of 2 ratings,$1
FORTY,$32.07,1440177081614,488,Not yet rated,NULL,N/A
FORR,$32.22,1440177081747,"25,493",Not yet rated,NULL,N/A
FTNT,$43.06,1440177081879,"1,090,609",80% bullish,of 10 ratings,$52
FBIO,$2.66,1440177081911,"121,707",83% bullish,of 6 ratings,N/A
FORD,$0.98,1440177082010,"57,337",50% bullish,of 2 ratings,N/A
FWP,$25.39,1440177082083,"14,729",100% bearish,of 1 rating,$45
FWRD,$46.92,1440177082170,"179,350",100% bearish,of 1 rating,$50
FXCB,$17.28,1440177082203,"14,198",Not yet rated,NULL,$19
FMI,$21.41,1440177082232,"247,810",100% bearish,of 2 ratings,$27.50
FOSL,$59.87,1440177082258,"293,360",50% bullish,of 4 ratings,$80
FOXF,$15.28,1440177082302,"38,086",100% bearish,of 1 rating,$19
FELE,$28.97,1440177082436,"142,587",50% bullish,of 4 ratings,$33
FRAN,$10.25,1440177082481,"201,593",50% bullish,of 4 ratings,$15
FRED,$14.52,1440177082538,"118,589",50% bullish,of 2 ratings,$16.50
FREE,$0.45,1440177082670,"732,094",92% bullish,of 12 ratings,N/A
FEIM,$11.11,1440177082811,"4,244",100% bearish,of 1 rating,N/A
FTR,$5.1,1440177082899,"11,086,168",78% bullish,of 27 ratings,$6.25
FTRPR,$101.045,1440177082943,"55,914",100% bearish,of 1 rating,N/A
RAIL,$20.73,1440177082970,"78,827",100% bearish,of 1 rating,$24.50
FRPT,$12.99,1440177082996,"215,488",67% bearish,of 3 ratings,$23.50
FRPH,$30.65,1440177083029,"8,706",100% bearish,of 1 rating,N/A
FSBW,$23.2,1440177083065,"1,700",Not yet rated,NULL,N/A
FTD,$29.68,1440177083163,"50,089",100% bearish,of 1 rating,$40
FTEK,$2.155,1440177083322,"15,912",75% bullish,of 4 ratings,N/A
FSYS,$6.3,1440177083454,"21,626",67% bullish,of 3 ratings,$10
FCEL,$0.7329,1440177083481,"1,065,282",88% bullish,of 40 ratings,$2.65
FULL,$3.1525,1440177083547,"24,083",67% bearish,of 3 ratings,$4.25
FULLL,$25.33,1440177083617,900,Not yet rated,NULL,N/A
FULT,$12.39,1440177083760,"610,150",100% bearish,of 1 rating,$13
FLL,$1.52,1440177083799,"9,400",75% bullish,of 4 ratings,$2.825
FXEN,$0.8657,1440177083825,"74,360",75% bullish,of 4 ratings,$1.10
FSNN,$2.5,1440177083853,"1,100",67% bullish,of 3 ratings,$6
FFHL,NULL,1440177083883,0,50% bullish,of 4 ratings,N/A
FXENP,$16.28,1440177083990,700,100% bearish,of 1 rating,N/A
GK,$69.75,1440177084023,"33,877",Not yet rated,NULL,$78
WILC,$5.13,1440177084736,375,100% bullish,of 2 ratings,N/A
GAIA,$5.88,1440177084975,"15,205",50% bullish,of 2 ratings,$8.50
GALT,$1.9095,1440177085103,"55,971",80% bullish,of 5 ratings,N/A
GALTW,NULL,1440177085134,0,100% bullish,of 1 rating,N/A
GLPG,$62.01,1440177085156,"19,779",100% bullish,of 1 rating,$75
GALE,$1.32,1440177085187,"945,426",89% bullish,of 47 ratings,$4
GLMD,$8.5,1440177085214,"4,407",67% bullish,of 3 ratings,$20.50
GLPI,$31.87,1440177085236,"254,442",100% bearish,of 1 rating,$37.50
GALTU,NULL,1440177085265,0,100% bearish,of 1 rating,N/A
GPIC,NULL,1440177085502,0,100% bearish,of 1 rating,N/A
GRMN,$38.55,1440177085971,"724,525",50% bullish,of 6 ratings,$48
GGACU,NULL,1440177086428,0,Not yet rated,NULL,N/A
GGAC,NULL,1440177086559,0,100% bearish,of 1 rating,N/A
GGACR,NULL,1440177086618,0,100% bullish,of 1 rating,N/A
GGACW,$0.12,1440177086835,274,Not yet rated,NULL,N/A
GARS,$14.79,1440177086907,"15,896",Not yet rated,NULL,$16
GENE,$2.393,1440177087280,"103,444",100% bullish,of 12 ratings,N/A
GNCMA,$16.64,1440177087312,"81,630",100% bearish,of 1 rating,$12
GFN,$3.53,1440177087334,"21,876",100% bearish,of 2 ratings,$8
GFNCP,NULL,1440177087372,0,Not yet rated,NULL,N/A
GENC,$9.407,1440177087394,"1,000",100% bearish,of 1 rating,N/A
GHDX,$25.15,1440177087426,"53,294",50% bullish,of 2 ratings,$30
GFNSL,$25.8,1440177087464,"1,200",Not yet rated,NULL,N/A
GNCA,$12.67,1440177087492,"107,938",100% bearish,of 1 rating,$20
GNTX,$15.22,1440177087659,"631,165",Not yet rated,NULL,$20
THRM,$44.1,1440177087732,"149,888",75% bearish,of 4 ratings,$55.50
GNMK,$9.15,1440177087799,"113,093",67% bullish,of 6 ratings,$14
GTWN,NULL,1440177087865,0,Not yet rated,NULL,N/A
GNVC,$2.4,1440177087905,"22,657",90% bullish,of 10 ratings,$8.50
GEOS,$15.35,1440177087931,"38,939",100% bearish,of 3 ratings,$25.50
GERN,$3.0701,1440177088165,"1,401,190",88% bullish,of 16 ratings,$5.25
GEVO,$2.3104,1440177088198,"169,551",75% bullish,of 12 ratings,$5
GABC,$29.535,1440177088266,"20,965",Not yet rated,NULL,$31.50
ROCK,$17.44,1440177088293,"99,853",80% bullish,of 5 ratings,$24
GIGA,$1.3699,1440177088349,"19,093",100% bearish,of 1 rating,N/A
GIII,$64.68,1440177088431,"156,632",67% bullish,of 3 ratings,$75
GIGM,$0.615,1440177088457,"50,495",100% bullish,of 2 ratings,N/A
GILT,$4.47,1440177088611,"1,923",50% bullish,of 2 ratings,N/A
GBCI,$26.2,1440177088819,"164,603",50% bullish,of 2 ratings,$31
GLAD,$8.5,1440177088849,"111,144",50% bullish,of 2 ratings,$8.75
GILD,$106.95,1440177088876,"7,362,917",91% bullish,of 86 ratings,$129
GLADO,$25.49,1440177088974,"2,000",Not yet rated,NULL,N/A
GOOD,$15.312,1440177089010,"63,272",Not yet rated,NULL,$19
GOODN,$25.64,1440177089103,286,Not yet rated,NULL,N/A
GAIN,$7.475,1440177089158,"164,988",100% bullish,of 2 ratings,$8.25
GAINN,NULL,1440177089295,0,Not yet rated,NULL,N/A
GOODO,$25.1001,1440177089326,601,Not yet rated,NULL,N/A
GOODP,NULL,1440177089356,0,Not yet rated,NULL,N/A
GAINO,$25.3201,1440177089385,913,Not yet rated,NULL,N/A
GAINP,$26.0001,1440177089424,"1,800",Not yet rated,NULL,N/A
LAND,$9.461,1440177089515,"7,100",50% bullish,of 2 ratings,$13.75
GBT,$44.77,1440177089569,"147,160",100% bearish,of 1 rating,N/A
GLBZ,NULL,1440177089599,0,Not yet rated,NULL,N/A
GDEF,NULL,1440177089768,0,Not yet rated,NULL,N/A
GPACU,NULL,1440177089927,0,Not yet rated,NULL,N/A
ACTX,$13.53,1440177089955,400,100% bullish,of 1 rating,N/A
ENT,$11.55,1440177089989,"103,438",100% bearish,of 1 rating,$18
GSOL,$8.38,1440177090011,"9,650",100% bearish,of 1 rating,N/A
GBLI,$26.03,1440177090043,"9,074",Not yet rated,NULL,N/A
QQQC,$19.6055,1440177090097,"3,350",100% bearish,of 1 rating,N/A
SRET,$13.6001,1440177090172,"3,074",Not yet rated,NULL,N/A
SOCL,$17.31,1440177090354,"60,256",100% bullish,of 2 ratings,N/A
ALTY,$14.5684,1440177090385,200,Not yet rated,NULL,N/A
YLCO,$11.8536,1440177090419,134,Not yet rated,NULL,N/A
GAI,$5.31,1440177090484,"2,810",50% bullish,of 2 ratings,N/A
GSM,$13.06,1440177090553,"179,346",50% bullish,of 2 ratings,$24.50
GBIM,$2.2439,1440177090579,"29,863",50% bullish,of 2 ratings,N/A
GLRI,$1.17,1440177090779,"52,405",100% bearish,of 1 rating,$6
GLUU,$4.36,1440177090813,"1,485,702",92% bullish,of 26 ratings,$9
GOGO,$15.64,1440177090845,"269,758",80% bullish,of 5 ratings,$25
GLBS,$1.16,1440177090873,100,67% bullish,of 3 ratings,N/A
GLNG,$35.52,1440177090956,"326,438",83% bullish,of 6 ratings,$58
GLDC,$4.1,1440177091022,"3,025",50% bullish,of 2 ratings,N/A
GLYC,$7.17,1440177091047,"5,899",50% bullish,of 2 ratings,$14
GMLP,$18.86,1440177091093,"64,362",50% bullish,of 4 ratings,$32.50
GDEN,$8.74,1440177091232,"8,213",50% bullish,of 2 ratings,N/A
GOGL,$2.99,1440177091340,"273,067",75% bullish,of 4 ratings,$5
GBDC,$16.5,1440177091481,"58,182",Not yet rated,NULL,$17.75
GPRO,$49.0115,1440177091515,"3,581,860",78% bullish,of 58 ratings,$72
GOOG,$628.18,1440177091541,"1,025,614",89% bullish,of 66 ratings,$825
GOOGL,$659.65,1440177091616,"1,025,781",88% bullish,of 1079 ratings,$749
GTIM,$6.1,1440177091638,"53,118",Not yet rated,NULL,$11.50
GMAN,$4.41,1440177091719,"38,307",60% bullish,of 5 ratings,$8
GPIAU,NULL,1440177091795,0,Not yet rated,NULL,N/A
GPIAW,NULL,1440177091896,0,Not yet rated,NULL,N/A
GPIA,NULL,1440177091928,0,Not yet rated,NULL,N/A
LOPE,$36.44,1440177091962,"200,783",100% bearish,of 2 ratings,$50
GRVY,$3.381,1440177092031,"1,000",50% bullish,of 2 ratings,N/A
GBSN,$1.47,1440177092065,"467,507",100% bearish,of 1 rating,$8.25
GBSNU,$16.5,1440177092354,"13,031",Not yet rated,NULL,N/A
GLDD,$5.33,1440177092386,"182,769",100% bearish,of 4 ratings,$7.75
GSBC,$40.44,1440177092414,"17,532",100% bullish,of 1 rating,$44
GPP,$14.75,1440177092486,"21,642",Not yet rated,NULL,$20.50
GNBC,$12.25,1440177092547,"10,264",100% bearish,of 1 rating,$17
GPRE,$18.895,1440177092630,"422,929",67% bullish,of 6 ratings,$28.50
GCBC,NULL,1440177092683,0,100% bullish,of 1 rating,N/A
GRBK,$13.37,1440177092709,"99,170",77% bullish,of 13 ratings,N/A
GLRE,$24.95,1440177093064,"125,646",50% bullish,of 2 ratings,$41
OMAB,$39.6,1440177093123,"14,748",100% bullish,of 1 rating,$44
GRIF,$30.38,1440177093149,151,100% bearish,of 1 rating,N/A
GRPN,$4.115,1440177093176,"3,970,166",61% bullish,of 71 ratings,$6.75
GGAL,$17.68,1440177093208,"189,598",80% bullish,of 5 ratings,$40
GRFS,$30.55,1440177093234,"101,060",50% bullish,of 2 ratings,$35
GSIG,$13.115,1440177093310,"40,148",100% bearish,of 2 ratings,N/A
GBNK,$15.8,1440177093641,"26,084",100% bearish,of 1 rating,$18
GTXI,$0.9051,1440177093683,"22,296",100% bullish,of 5 ratings,$.75
GSVC,$8.88,1440177093705,"82,782",50% bullish,of 2 ratings,$14.50
GSIT,$5,1440177093731,"9,084",100% bearish,of 1 rating,N/A
GFED,NULL,1440177093753,0,Not yet rated,NULL,$17
GUID,$7.28,1440177093791,"129,537",100% bearish,of 3 ratings,$10
GIFI,$12.03,1440177093823,"10,078",100% bearish,of 1 rating,$16
GULTU,$0.2953,1440177093849,"54,056",100% bearish,of 1 rating,N/A
GURE,$1.6993,1440177094013,"61,086",88% bullish,of 8 ratings,N/A
GPOR,$33.67,1440177094119,"338,218",75% bullish,of 4 ratings,$55
GWGH,$7.43,1440177094382,984,100% bearish,of 1 rating,$15.05
GWPH,$105.01,1440177094415,"122,711",78% bullish,of 9 ratings,$148.50
GYRO,$2.86,1440177094450,"48,304",100% bearish,of 1 rating,N/A
HNRG,$7.26,1440177094486,"77,979",100% bearish,of 1 rating,$10
HLG,$9.64,1440177094548,"3,000",100% bearish,of 1 rating,N/A
HALO,$17.29,1440177094577,"814,066",67% bullish,of 3 ratings,$22.50
HEES,$16.27,1440177094607,"139,976",67% bearish,of 3 ratings,$31
HBK,NULL,1440177094628,0,50% bullish,of 2 ratings,N/A
HALL,$11.4904,1440177094836,"19,726",Not yet rated,NULL,N/A
HNH,$28.43,1440177094870,"18,781",100% bullish,of 1 rating,N/A
HBHCL,$24.5199,1440177094891,"10,322",Not yet rated,NULL,N/A
HMPR,$1.87,1440177094913,"71,092",100% bullish,of 1 rating,N/A
HBHC,$26.81,1440177094966,"255,307",50% bullish,of 2 ratings,$30
HAFC,$24.62,1440177095049,"40,047",100% bullish,of 2 ratings,$28.50
HDNG,$9.9755,1440177095286,"6,030",50% bullish,of 4 ratings,N/A
HNSN,$0.496,1440177095315,"26,715",88% bullish,of 8 ratings,$.40
HQCL,$9.12,1440177095345,"12,700",67% bullish,of 3 ratings,N/A
HRMN,NULL,1440177095378,0,Not yet rated,NULL,N/A
HLIT,$5.58,1440177095442,"186,166",100% bearish,of 1 rating,$6.50
HRMNU,NULL,1440177095510,0,Not yet rated,NULL,N/A
TINY,$2.49,1440177095543,"13,910",50% bullish,of 2 ratings,$5.26
HRMNW,NULL,1440177095584,0,Not yet rated,NULL,N/A
HBIO,$4.35,1440177095749,"61,366",Not yet rated,NULL,$10
HART,$0.7001,1440177095778,"78,249",100% bearish,of 1 rating,N/A
HCAP,$12.0292,1440177095808,"19,808",50% bullish,of 2 ratings,$15
HCAPL,$25.41,1440177095914,"1,573",Not yet rated,NULL,N/A
HA,$23.51,1440177095940,"474,983",67% bullish,of 9 ratings,$27
HAS,$75.55,1440177095976,"446,860",63% bullish,of 8 ratings,$84.50
HCOM,$22.555,1440177096122,"19,498",100% bearish,of 1 rating,$28
HWKN,$36.81,1440177096301,"15,324",Not yet rated,NULL,N/A
HWBK,NULL,1440177096327,0,100% bearish,of 1 rating,N/A
HAYN,$38.31,1440177096357,"19,592",100% bearish,of 1 rating,$59
HIIQ,$4.5801,1440177096389,"20,958",50% bullish,of 2 ratings,$7
HDS,$33.15,1440177096416,"633,569",100% bearish,of 2 ratings,$39.50
HWAY,$12.33,1440177096457,"102,350",100% bearish,of 1 rating,$15
HCSG,$33.57,1440177096484,"183,987",50% bullish,of 4 ratings,$35
HSTM,$24.82,1440177096563,"92,825",50% bullish,of 2 ratings,$33.75
HQY,$29.43,1440177097410,"227,605",67% bullish,of 3 ratings,$31
HTLD,$19.99,1440177097438,"235,112",Not yet rated,NULL,$22.50
HTWR,$83.25,1440177097464,"109,392",50% bullish,of 2 ratings,$103
HTLF,$35.95,1440177097490,"35,865",100% bullish,of 1 rating,$39.50
HSII,$20.13,1440177098094,"38,172",100% bullish,of 3 ratings,$25
HMNY,$2.1929,1440177098117,"2,178",100% bearish,of 1 rating,N/A
HELE,$87.502,1440177098145,"78,609",67% bearish,of 3 ratings,$100
HMTV,$12.9,1440177098176,"7,876",100% bearish,of 1 rating,$16
HCACU,$10.0043,1440177098202,"2,000",Not yet rated,NULL,N/A
HTBX,$5.3808,1440177098233,"18,916",50% bullish,of 2 ratings,$15.50
HNNA,$24.46,1440177098282,"10,651",Not yet rated,NULL,N/A
HERO,$0.071,1440177098441,"605,609",81% bullish,of 16 ratings,$.75
HTBK,$11.01,1440177098502,"71,609",Not yet rated,NULL,$12
HSIC,$139.03,1440177098528,"173,168",83% bullish,of 6 ratings,$146
HCCI,$11.68,1440177098580,"16,630",100% bearish,of 1 rating,$16.50
HEOP,$7.87,1440177098618,"16,324",Not yet rated,NULL,$8.50
HFWA,$17.76,1440177098640,"42,006",100% bullish,of 1 rating,$20
MLHR,$28.18,1440177098713,"122,036",50% bullish,of 2 ratings,$33.50
HRTX,$35.36,1440177098767,"507,431",67% bullish,of 6 ratings,$41
HSKA,$32.96,1440177098870,"20,718",100% bearish,of 1 rating,$38
HFFC,$16.2,1440177099063,832,Not yet rated,NULL,N/A
HIBB,$38.28,1440177099190,"612,022",100% bearish,of 1 rating,$48.50
HSGX,$5.9699,1440177099220,"23,005",100% bearish,of 1 rating,$17
HIFS,$118.59,1440177099253,"1,569",Not yet rated,NULL,N/A
HIMX,$6.4,1440177099275,"717,730",86% bullish,of 21 ratings,$8.50
HPJ,$2.25,1440177099307,"100,632",75% bullish,of 4 ratings,$12.43
HMNF,$11.1,1440177099328,"2,410",Not yet rated,NULL,N/A
HIHO,$3.95,1440177099361,"7,479",Not yet rated,NULL,N/A
HOLX,$39.84,1440177099630,"933,748",67% bullish,of 3 ratings,$42
HMSY,$8.75,1440177099663,"713,708",67% bullish,of 3 ratings,$19.35
HBCP,$24.23,1440177099685,"28,018",Not yet rated,NULL,$29
HOMB,$39.06,1440177099706,"212,629",Not yet rated,NULL,$41
HOLI,$16.86,1440177099763,"103,013",50% bullish,of 4 ratings,$27
HFBL,$22,1440177099841,"1,100",Not yet rated,NULL,N/A
AWAY,$29.16,1440177099981,"310,069",67% bullish,of 3 ratings,$36
HTBI,$18.39,1440177100113,"40,576",67% bullish,of 3 ratings,$18.625
HMST,$21.47,1440177100141,"63,334",100% bullish,of 2 ratings,$27
HMIN,$29.1,1440177100163,"33,114",100% bearish,of 2 ratings,$35
HOFT,$24.44,1440177100202,"34,141",100% bearish,of 1 rating,N/A
HKTV,$4.8,1440177100224,811,100% bearish,of 1 rating,N/A
CETC,$0.8147,1440177100246,"27,722",86% bullish,of 7 ratings,N/A
HFBC,$11.63,1440177100397,"2,329",Not yet rated,NULL,N/A
HZNP,$29.373,1440177100561,"1,590,250",85% bullish,of 20 ratings,$40
HBNC,$24.01,1440177100634,"21,489",100% bullish,of 1 rating,$27
HDP,$25.07,1440177100695,"107,452",67% bearish,of 3 ratings,$30.50
HRZN,$10.6401,1440177100725,"25,497",100% bearish,of 1 rating,$14.25
HMHC,$22.43,1440177100829,"452,236",Not yet rated,NULL,$27
ZINC,$7.15,1440177100862,"301,718",100% bearish,of 1 rating,$17
HWCC,$7.19,1440177100888,"34,029",100% bearish,of 1 rating,$9
HSNI,$60.99,1440177100916,"150,276",Not yet rated,NULL,$80
HOVNP,NULL,1440177100969,0,100% bearish,of 1 rating,N/A
HCBK,$9.705,1440177101281,"1,021,318",83% bullish,of 6 ratings,$8.61
HSON,$2.8,1440177101314,"8,799",100% bearish,of 1 rating,$5
HTGM,$5.77,1440177101340,"4,202",100% bearish,of 1 rating,$19.50
HBMD,$13.46,1440177101366,300,100% bearish,of 1 rating,N/A
HDSN,$2.81,1440177101392,"21,316",100% bullish,of 1 rating,$6.25
HUBG,$39.125,1440177101419,"99,990",100% bearish,of 1 rating,$43
HBAN,$11.08,1440177101643,"3,157,985",76% bullish,of 17 ratings,$12.29
HBANP,$1335,1440177101697,10,100% bearish,of 1 rating,N/A
HURC,$30,1440177101787,"8,869",100% bearish,of 1 rating,N/A
HDRA,NULL,1440177101827,0,Not yet rated,NULL,N/A
HTCH,$1.61,1440177101848,"26,424",100% bearish,of 1 rating,$3.50
HBP,NULL,1440177101882,0,100% bullish,of 1 rating,N/A
HDRAR,NULL,1440177101908,0,Not yet rated,NULL,N/A
HURN,$73.12,1440177101946,"59,090",50% bullish,of 2 ratings,$80
HDRAU,NULL,1440177102042,0,Not yet rated,NULL,N/A
HYGS,$7.55,1440177102307,"20,907",50% bullish,of 2 ratings,$13
HDRAW,NULL,1440177102351,0,Not yet rated,NULL,N/A
IACI,$71.06,1440177102389,"395,902",75% bullish,of 4 ratings,$90
IDSY,$3.86,1440177102438,"2,621",100% bearish,of 1 rating,$7
IKGH,$1.83,1440177102488,"3,600",75% bullish,of 4 ratings,N/A
ICFI,$35.53,1440177102513,"52,583",50% bullish,of 2 ratings,$48.50
IEP,$67.28,1440177102545,"84,614",75% bullish,of 4 ratings,$99
IBKC,$60.46,1440177102567,"113,298",100% bullish,of 1 rating,$70
ICAD,$3.47,1440177102704,"6,100",50% bullish,of 2 ratings,$7.25
ICLR,$77.56,1440177102836,"142,917",100% bearish,of 3 ratings,$85
IPWR,$7.35,1440177102902,147,100% bullish,of 1 rating,$15
INVE,$4.6,1440177102933,"79,762",75% bullish,of 4 ratings,$4
IDRA,$2.505,1440177103054,"713,538",89% bullish,of 9 ratings,$6.50
ICUI,$115.51,1440177103094,"66,641",Not yet rated,NULL,$122
ICON,$12.24,1440177103126,"346,753",50% bullish,of 2 ratings,$18.50
IDXX,$74.38,1440177103228,"209,760",100% bearish,of 1 rating,$77
IRG,$4.71,1440177103334,"5,516",100% bearish,of 1 rating,$4.50
IROQ,$16.5,1440177103389,500,100% bullish,of 1 rating,N/A
DSKY,$12,1440177103466,"139,025",67% bullish,of 6 ratings,$11.50
IIVI,$17.63,1440177103494,"104,578",100% bearish,of 1 rating,$22
RXDX,$12.49,1440177103526,"72,919",100% bullish,of 1 rating,$20
KANG,$15,1440177103559,"157,137",50% bullish,of 2 ratings,$22.55
IKAN,$2.73,1440177103661,"14,259",83% bullish,of 6 ratings,$5
ILMN,$199.91,1440177103791,"466,942",80% bullish,of 5 ratings,$240
IKNX,$11.98,1440177103885,522,100% bearish,of 1 rating,N/A
IMMR,$11.1,1440177103945,"131,641",80% bullish,of 5 ratings,$15.50
ISNS,$3.889,1440177103971,"34,636",50% bullish,of 2 ratings,N/A
ICCC,$8.0601,1440177104027,"5,129",100% bullish,of 1 rating,N/A
IMGN,$13.4364,1440177104169,"603,151",75% bullish,of 4 ratings,$17.50
IMNP,$1.39,1440177104204,"71,125",50% bullish,of 2 ratings,$6
IMDZ,$15.58,1440177104228,"35,926",100% bearish,of 1 rating,$33
IPXL,$43.55,1440177104305,"356,316",67% bullish,of 3 ratings,$46.50
IMMY,$7.3799,1440177104362,"5,603",100% bearish,of 1 rating,$11
IMMU,$1.9,1440177104389,"566,495",86% bullish,of 7 ratings,$2
INCY,$104.72,1440177104453,"367,302",50% bullish,of 6 ratings,$125.50
INCR,$42.04,1440177104522,"139,199",50% bullish,of 2 ratings,$53
SAAS,$7.68,1440177104551,"255,594",50% bullish,of 2 ratings,$15
INDB,$46.46,1440177104604,"32,902",Not yet rated,NULL,$44
IBCP,$14.18,1440177104876,"29,326",100% bullish,of 1 rating,$14.50
IDSA,$3.53,1440177104897,200,Not yet rated,NULL,N/A
IBTX,$43.12,1440177104919,"29,038",100% bullish,of 2 ratings,$47.25
INFN,$21.12,1440177104970,"1,415,554",71% bullish,of 7 ratings,$28
INFI,$9.61,1440177105051,"351,092",50% bullish,of 4 ratings,$18
III,$4.185,1440177105082,"83,131",57% bullish,of 7 ratings,$6
IPCC,$80.18,1440177105104,"20,738",Not yet rated,NULL,$77.50
IMKTA,$53.33,1440177105134,"48,235",100% bearish,of 1 rating,N/A
IFON,$1.22,1440177105292,"38,143",75% bullish,of 4 ratings,N/A
INWK,$7.28,1440177105424,"84,556",50% bullish,of 2 ratings,$10
INOD,$2.49,1440177105486,"5,782",100% bearish,of 1 rating,N/A
IPHS,$47.94,1440177105515,"43,486",100% bearish,of 1 rating,$60
IOSP,$49.2,1440177105537,"436,129",100% bearish,of 1 rating,N/A
ISSC,$2.8984,1440177105571,"5,182",67% bearish,of 3 ratings,N/A
INGN,$49.09,1440177105673,"67,066",100% bearish,of 1 rating,$50.50
ITEK,$13.7,1440177105866,"389,018",100% bearish,of 3 ratings,$20
INO,$7.03,1440177105900,"614,708",89% bullish,of 18 ratings,$20
INOV,$20.9,1440177105921,"179,012",100% bearish,of 1 rating,$33
NSIT,$25.64,1440177105954,"83,728",50% bullish,of 2 ratings,N/A
ISIG,$2.6,1440177105994,"3,839",100% bearish,of 1 rating,N/A
INNL,NULL,1440177106086,0,100% bearish,of 1 rating,$16.50
INSM,$24.84,1440177106112,"193,385",71% bullish,of 7 ratings,$31.50
PODD,$28.69,1440177106289,"177,410",50% bullish,of 2 ratings,$35
IIIN,$17.54,1440177106320,"20,194",100% bearish,of 2 ratings,N/A
INSY,$32.56,1440177106424,"373,735",75% bullish,of 4 ratings,$48
IART,$60.29,1440177106453,"70,811",100% bearish,of 1 rating,$71.50
NTEC,$5.75,1440177106483,"7,000",Not yet rated,NULL,N/A
IESC,$7.25,1440177106531,900,100% bearish,of 1 rating,N/A
IDTI,$17.5,1440177106586,"1,114,730",60% bullish,of 5 ratings,$25
ISSI,$22.24,1440177106718,"120,423",67% bullish,of 3 ratings,$19.75
INTC,$27.055,1440177106751,"17,666,655",82% bullish,of 238 ratings,$36
IQNT,$18.92,1440177106887,"141,411",86% bullish,of 7 ratings,$20
IPCI,$2.14,1440177106915,"19,315",67% bullish,of 6 ratings,$7.75
IPAR,$27.15,1440177106945,"28,369",67% bullish,of 3 ratings,$38
IBKR,$39.15,1440177106973,"270,768",100% bullish,of 1 rating,N/A
ININ,$37.89,1440177107104,"45,274",67% bearish,of 3 ratings,$57
ICPT,$193.18,1440177107132,"180,716",70% bullish,of 10 ratings,$359.50
ICLDW,NULL,1440177107293,0,100% bearish,of 1 rating,N/A
ICLD,$1.84,1440177107318,"295,342",75% bullish,of 4 ratings,N/A
IDCC,$47.73,1440177107345,"139,321",80% bullish,of 5 ratings,$63
IMI,$2.05,1440177107476,"5,787",67% bullish,of 3 ratings,$2.22
INAP,$8.28,1440177107535,"99,919",75% bullish,of 4 ratings,$11
IBOC,$25.95,1440177107572,"108,578",100% bearish,of 1 rating,N/A
TILE,$24.41,1440177107776,"263,485",67% bearish,of 3 ratings,$27
IIJI,$8.83,1440177107808,100,50% bullish,of 2 ratings,$11.50
ISCA,$31.715,1440177107836,"32,452",100% bearish,of 1 rating,N/A
IGLD,$7.091,1440177107868,"1,977",50% bullish,of 2 ratings,N/A
PTNT,$2.991,1440177107967,"1,050",Not yet rated,NULL,N/A
INPH,$0.3,1440177108057,"8,240",50% bullish,of 2 ratings,N/A
XENT,$27.49,1440177108189,"77,862",50% bullish,of 2 ratings,$36.50
INTX,$2.57,1440177108221,"15,866",67% bullish,of 3 ratings,N/A
ISIL,$10.3,1440177108321,"506,735",50% bullish,of 6 ratings,$15
IILG,$20.02,1440177108347,"143,386",100% bearish,of 1 rating,$30.50
IVAC,$4.91,1440177108410,"3,225",Not yet rated,NULL,$6.625
INTL,$26.25,1440177108476,"56,280",67% bearish,of 3 ratings,N/A
INTLL,$25.8266,1440177108507,200,Not yet rated,NULL,N/A
ITCI,$29.27,1440177108578,"234,917",75% bearish,of 4 ratings,$40
INTU,$90.73,1440177108608,"3,350,620",100% bullish,of 7 ratings,$110.50
IIN,$6.4,1440177108716,"1,700",100% bearish,of 1 rating,$12
ISRG,$506.53,1440177108752,"90,339",67% bullish,of 3 ratings,$600
INVT,$0.2712,1440177108887,"16,271",67% bullish,of 3 ratings,N/A
SNAK,$8.52,1440177108913,"198,170",50% bullish,of 2 ratings,$14
ISBC,$11.86,1440177109071,"1,314,040",100% bullish,of 1 rating,$13.25
ISTR,$15.51,1440177109125,442,100% bearish,of 1 rating,$18.50
NVIV,$9.91,1440177109205,"210,343",50% bullish,of 4 ratings,$24.50
IPAS,$1.045,1440177109258,"28,470",67% bullish,of 3 ratings,N/A
ITIC,NULL,1440177109287,0,100% bearish,of 2 ratings,N/A
IVTY,$13.05,1440177109310,"3,125",Not yet rated,NULL,$18
DFVL,NULL,1440177109342,0,Not yet rated,NULL,N/A
DTUL,NULL,1440177109368,0,Not yet rated,NULL,N/A
IPGP,$85.89,1440177109503,"55,645",100% bearish,of 2 ratings,$109.50
IPCM,$79.43,1440177109532,"363,233",50% bullish,of 2 ratings,$80.125
IRDM,$6.61,1440177109691,"284,840",60% bullish,of 5 ratings,$11.50
IRIX,$7.15,1440177109743,"5,195",100% bearish,of 1 rating,N/A
IRDMB,$267.54,1440177109764,300,67% bearish,of 3 ratings,N/A
IRMD,$24.8856,1440177109797,"10,434",67% bearish,of 3 ratings,$25
IRBT,$29.76,1440177109898,"100,203",67% bullish,of 6 ratings,$37
IRWD,$11.14,1440177109946,"584,647",100% bearish,of 1 rating,$13
IRCP,$32.13,1440177110081,101,100% bullish,of 2 ratings,N/A
GNMA,$50.25,1440177110109,400,Not yet rated,NULL,N/A
IFEU,$39.02,1440177110172,"5,708",Not yet rated,NULL,N/A
IFAS,$28.75,1440177110202,"6,292",Not yet rated,NULL,N/A
COMT,$32.25,1440177110237,"9,036",100% bearish,of 1 rating,N/A
FCHI,$47.89,1440177110306,"1,550",Not yet rated,NULL,N/A
IFGL,$29.0642,1440177110383,"98,411",Not yet rated,NULL,N/A
IFNA,$56.26,1440177110465,1,Not yet rated,NULL,N/A
ACWX,$40.65,1440177110600,"219,158",100% bearish,of 1 rating,N/A
ACWI,$56.027,1440177110629,"492,084",Not yet rated,NULL,N/A
AAXJ,$52.63,1440177110697,"819,640",Not yet rated,NULL,N/A
AXJS,NULL,1440177110798,0,Not yet rated,NULL,N/A
AAIT,NULL,1440177110877,0,100% bullish,of 1 rating,N/A
EEMA,$49.44,1440177110930,"348,854",Not yet rated,NULL,N/A
EMDI,NULL,1440177110957,0,Not yet rated,NULL,N/A
EMEY,NULL,1440177110984,0,Not yet rated,NULL,N/A
EEME,$38.42,1440177111016,256,100% bearish,of 1 rating,N/A
EGRW,$48.49,1440177111123,100,Not yet rated,NULL,N/A
EEML,NULL,1440177111164,0,Not yet rated,NULL,N/A
EVAL,$36.64,1440177111191,"1,400",Not yet rated,NULL,N/A
EUFN,$21.9804,1440177111337,"100,981",100% bearish,of 1 rating,N/A
QAT,$20.45,1440177111423,"23,245",Not yet rated,NULL,N/A
IEUS,$45.7299,1440177111462,"4,723",100% bearish,of 1 rating,N/A
IBB,$345.185,1440177111554,"1,328,608",63% bullish,of 8 ratings,N/A
UAE,$17.8399,1440177111581,630,Not yet rated,NULL,N/A
EMIF,$28.8805,1440177111641,"2,492",Not yet rated,NULL,N/A
SOXX,$79.5,1440177111716,"460,614",50% bullish,of 2 ratings,N/A
ICLN,$9.3859,1440177111846,"27,585",50% bullish,of 2 ratings,N/A
WOOD,$49.0305,1440177111876,"47,566",50% bullish,of 2 ratings,N/A
ISIS,$46.27,1440177111979,"666,228",53% bullish,of 15 ratings,$67
IGOV,$92.405,1440177112011,"13,014",100% bearish,of 1 rating,N/A
INDY,$28.09,1440177112084,"580,162",50% bullish,of 2 ratings,N/A
ISHG,$79.9,1440177112112,206,100% bearish,of 1 rating,N/A
ISLE,$16.6,1440177112142,"193,565",50% bullish,of 4 ratings,$16
ITRI,$32.07,1440177112241,"149,584",Not yet rated,NULL,$37
ISRL,$129.9,1440177112347,545,100% bearish,of 1 rating,N/A
ITRN,$24.73,1440177112481,"5,053",50% bullish,of 2 ratings,N/A
ITUS,$4.1225,1440177112528,"5,070",Not yet rated,NULL,N/A
IXYS,$10.63,1440177112558,"138,807",50% bullish,of 4 ratings,N/A
XXIA,$15.46,1440177112614,"158,998",71% bullish,of 7 ratings,$14.625
JJSF,$113.74,1440177112659,"47,639",100% bearish,of 1 rating,N/A
MAYS,NULL,1440177112718,0,Not yet rated,NULL,N/A
JASO,$7.29,1440177112863,"843,252",82% bullish,of 17 ratings,$10
JBHT,$76.23,1440177112889,"484,904",50% bullish,of 4 ratings,$89.50
JCOM,$70.18,1440177112921,"115,480",100% bullish,of 2 ratings,$77
JKHY,$68.9,1440177112952,"81,091",50% bullish,of 2 ratings,$72
JXSB,$24.06,1440177113056,542,Not yet rated,NULL,N/A
JAXB,$12.76,1440177113087,"1,300",100% bullish,of 1 rating,N/A
JACK,$82.1,1440177113115,"314,111",83% bullish,of 6 ratings,$105
JAGX,$2.46,1440177113190,"6,780",Not yet rated,NULL,N/A
JAKK,$9.16,1440177113376,"189,820",60% bearish,of 5 ratings,$11
JRVR,$26.14,1440177113510,"20,500",Not yet rated,NULL,$32
ERW,NULL,1440177113540,0,Not yet rated,NULL,N/A
JMBA,$13.17,1440177113571,"44,305",75% bullish,of 4 ratings,$18
JASN,$4.9,1440177113594,"21,338",50% bullish,of 2 ratings,$9.50
JAZZ,$173.42,1440177113616,"168,919",80% bullish,of 15 ratings,$206.50
JD,$25,1440177113651,"6,205,259",75% bullish,of 16 ratings,$36
JASNW,$0.25,1440177113672,"9,800",50% bullish,of 2 ratings,N/A
JBLU,$21.85,1440177113870,"4,130,413",94% bullish,of 16 ratings,$27
JTPY,$3.03,1440177113901,"4,065",100% bearish,of 1 rating,N/A
JCTCF,NULL,1440177113944,0,100% bullish,of 1 rating,N/A
JST,$4.04,1440177113969,"16,800",75% bullish,of 4 ratings,N/A
DATE,$6.48,1440177114032,"134,306",75% bullish,of 4 ratings,$9
JIVE,$4.1,1440177114062,"178,431",75% bullish,of 4 ratings,$5
WYIGU,$10.0227,1440177114116,100,Not yet rated,NULL,N/A
JOEZ,$0.18,1440177114320,"20,156",92% bullish,of 12 ratings,N/A
JNP,$9.84,1440177114351,"1,692",100% bullish,of 3 ratings,$15
JBSS,$47.48,1440177114373,"72,178",67% bearish,of 3 ratings,N/A
JOUT,$23.498,1440177114405,"13,368",100% bearish,of 1 rating,$34
JUNO,$37.76,1440177114456,"773,449",73% bullish,of 11 ratings,$71.50
KTWO,$21.74,1440177114605,"85,729",100% bearish,of 1 rating,$28.50
KALU,$82.25,1440177114707,"56,130",67% bearish,of 3 ratings,$91
KBIO,$1.838,1440177114738,"16,869",50% bullish,of 4 ratings,N/A
KMDA,$3.59,1440177114768,"7,980",50% bullish,of 2 ratings,$8
KNDI,$6.86,1440177114799,"401,315",86% bullish,of 22 ratings,N/A
KCLI,$46.3,1440177114825,"16,311",Not yet rated,NULL,N/A
