Symbol,Price,Date,Volume,Rating,RatingVoteCount,OneYearEstimate
PIH,$7.48,1441739702503,903,100% bearish,of 1 rating,N/A
FLWS,$8.47,1441739702574,"233,062",80% bullish,of 5 ratings,$15
TFSCR,$0.3723,1441739702601,"1,000",Not yet rated,NULL,N/A
TFSC,NULL,1441739702633,0,100% bearish,of 1 rating,N/A
TFSCW,$0.3,1441739702676,"4,500",100% bearish,of 1 rating,N/A
FCCY,$11.58,1441739702705,"1,000",100% bullish,of 1 rating,$13
TFSCU,NULL,1441739702734,0,Not yet rated,NULL,N/A
FCTY,$7.9,1441739702810,512,100% bullish,of 1 rating,$8.50
SRCE,$30.7,1441739702895,"10,952",100% bullish,of 3 ratings,$33
DGLD,$82.99,1441739703075,"3,137",100% bullish,of 1 rating,N/A
JOBS,$26.6,1441739703109,"69,726",50% bullish,of 4 ratings,$36
USLV,$12.92,1441739703141,"166,739",86% bullish,of 7 ratings,N/A
TWOU,$35.77,1441739703162,"200,637",50% bullish,of 2 ratings,$39
VNET,$18.3,1441739703183,"306,550",60% bullish,of 5 ratings,$35
UGLD,$8.97,1441739703387,"48,410",100% bearish,of 1 rating,N/A
DSLV,$66.5201,1441739703412,"12,997",100% bearish,of 1 rating,N/A
CAFD,$14.28,1441739703603,"86,738",Not yet rated,NULL,$24.50
EGHT,$7.96,1441739703658,"124,932",82% bullish,of 17 ratings,$11
SIXD,$3.15,1441739703679,"73,910",Not yet rated,NULL,N/A
AVHI,$13.6,1441739703735,"10,938",100% bearish,of 1 rating,$19
ABGB,$5.7675,1441739703904,"74,885",67% bullish,of 3 ratings,$5.50
SHLM,$32.3,1441739703931,"82,099",100% bearish,of 1 rating,$47
ABY,$19.94,1441739703958,"1,807,064",100% bearish,of 2 ratings,$46
AAON,$19.92,1441739703983,"38,300",100% bearish,of 1 rating,$24
ABAX,$48.705,1441739704061,"34,739",100% bearish,of 1 rating,$60
ABEO,$4.68,1441739704189,"28,456",50% bullish,of 4 ratings,$15.50
ABEOW,$1.7101,1441739704264,100,100% bullish,of 1 rating,N/A
ABMD,$95.92,1441739704336,"239,304",75% bullish,of 4 ratings,$100.50
AXAS,$1.6399,1441739704395,"699,194",78% bullish,of 9 ratings,$3.50
ACTG,$9.105,1441739704482,"167,766",67% bullish,of 3 ratings,$18.50
ACHC,$74.05,1441739704623,"180,240",50% bullish,of 2 ratings,$92
ARAY,$6.57,1441739704757,"207,445",100% bearish,of 1 rating,$10.50
AXDX,$17.35,1441739704785,"108,472",100% bearish,of 1 rating,N/A
ACST,$0.3123,1441739704814,"21,438",100% bullish,of 2 ratings,N/A
ACAD,$41.48,1441739704835,"433,030",80% bullish,of 20 ratings,$48
XLRN,$30.81,1441739704869,"85,439",50% bullish,of 2 ratings,$57
ANCX,$20.325,1441739704966,"13,681",Not yet rated,NULL,$20
VXUP,$1.5418,1441739705101,"26,275",100% bearish,of 1 rating,N/A
VXDN,$1.9301,1441739705130,"8,272",100% bearish,of 1 rating,N/A
ACRX,$4.09,1441739705187,"468,890",67% bearish,of 6 ratings,$7
ACET,$22.96,1441739705231,"59,939",75% bullish,of 4 ratings,$30
AKAO,$7.0049,1441739705329,"37,134",75% bullish,of 4 ratings,$15
ACHN,$8.015,1441739705464,"3,004,981",90% bullish,of 21 ratings,$16
ACNB,$20.01,1441739705564,"1,670",Not yet rated,NULL,N/A
ACOR,$33.14,1441739705592,"93,703",67% bearish,of 3 ratings,$38.50
ACIW,$21.66,1441739705621,"96,326",67% bearish,of 3 ratings,$24
ACPW,$1.94,1441739705647,"20,783",100% bullish,of 4 ratings,$3.25
ACTS,$1.59,1441739705674,"13,200",100% bearish,of 1 rating,N/A
ACTA,$14.05,1441739705811,"34,504",67% bearish,of 3 ratings,$25
ATVI,$28.75,1441739705883,"3,415,702",67% bullish,of 84 ratings,$31.50
ACUR,$2.9725,1441739705939,"9,010",100% bullish,of 5 ratings,$5
ACXM,$20.8301,1441739706074,"69,978",67% bullish,of 3 ratings,N/A
ADMS,$19.66,1441739706111,"42,938",100% bearish,of 2 ratings,$36
ADMP,$3.92,1441739706324,"13,388",50% bullish,of 2 ratings,$10
ADEP,$7.8,1441739706390,"46,299",50% bullish,of 2 ratings,$10.75
ADAP,$11.21,1441739706459,"16,621",67% bullish,of 3 ratings,$22
ADUS,$29.64,1441739706488,"30,247",100% bearish,of 1 rating,$31
AEY,$2.39,1441739706523,550,100% bearish,of 2 ratings,N/A
ADBE,$79.73,1441739706614,"908,368",61% bullish,of 18 ratings,$90
ADMA,$9.05,1441739706641,"8,099",Not yet rated,NULL,$19
ADRO,$18.81,1441739706712,"149,315",80% bullish,of 5 ratings,$45.50
AMD,$1.88,1441739706789,"3,135,869",83% bullish,of 103 ratings,$2
ADTN,$15.49,1441739706923,"126,412",67% bullish,of 3 ratings,$17.125
AEIS,$24.77,1441739706949,"131,026",50% bullish,of 2 ratings,$32.50
ADXS,$13.96,1441739707083,"312,815",64% bullish,of 14 ratings,$27
ADXSW,$10.15,1441739707215,650,100% bullish,of 1 rating,N/A
AEHR,$2.29,1441739707288,112,50% bullish,of 2 ratings,N/A
MULT,NULL,1441739707320,0,100% bearish,of 1 rating,N/A
AEGN,$18.18,1441739707346,"79,792",100% bearish,of 2 ratings,$21
YPRO,$23.0213,1441739707370,"4,637",100% bearish,of 1 rating,N/A
AEGR,$17.9801,1441739707419,"94,750",50% bullish,of 6 ratings,$26
AMTX,$3.02,1441739707597,"8,468",50% bullish,of 2 ratings,N/A
AEPI,$61.76,1441739707625,"24,644",100% bearish,of 1 rating,N/A
AVAV,$20.57,1441739707694,"98,491",50% bullish,of 4 ratings,$28
AEZS,$0.0781,1441739707777,"9,280,690",90% bullish,of 21 ratings,$1.50
AERI,$16.38,1441739707838,"287,092",75% bullish,of 4 ratings,$31.50
AEMD,$7.32,1441739707865,"78,513",Not yet rated,NULL,$27.50
AFMD,$10.093,1441739707996,"88,759",50% bullish,of 4 ratings,$15
AFFX,$9.48,1441739708044,"300,860",80% bullish,of 5 ratings,$12.50
AGRX,$8.75,1441739708073,"64,102",100% bearish,of 1 rating,$17.50
AGYS,$9.671,1441739708178,"5,290",100% bearish,of 1 rating,N/A
AGEN,$7.0499,1441739708204,"187,352",85% bullish,of 13 ratings,$14
AGFS,$10.09,1441739708273,"84,599",100% bearish,of 1 rating,N/A
AGIO,$89.05,1441739708302,"133,534",88% bullish,of 8 ratings,$114
AIMT,$22.7,1441739708406,"144,669",Not yet rated,NULL,$35.50
AGFSW,$2.11,1441739708446,"10,400",100% bearish,of 2 ratings,N/A
AIRM,$36.5999,1441739708473,"70,204",80% bearish,of 5 ratings,$53
AIRT,$22.706,1441739708607,"3,035",100% bullish,of 1 rating,N/A
ATSG,$8.865,1441739708793,"55,226",67% bullish,of 3 ratings,$13
AIXG,$6.92,1441739708820,"29,352",67% bearish,of 3 ratings,$5.25
AKBA,$7.635,1441739708846,"180,822",100% bearish,of 1 rating,$18
AMCN,$4.6408,1441739708867,"210,484",83% bullish,of 6 ratings,N/A
AKAM,$74.06,1441739708907,"420,435",63% bullish,of 8 ratings,$77.50
ALRM,$16.24,1441739709002,"75,468",100% bearish,of 1 rating,$22
AKRX,$39.69,1441739709033,"239,021",78% bullish,of 9 ratings,$56
AKER,$2.82,1441739709057,"3,620",Not yet rated,NULL,N/A
ALSK,$2.26,1441739709257,"80,577",78% bullish,of 18 ratings,$2
ADHD,$7.76,1441739709287,"94,366",50% bullish,of 4 ratings,$18
AMRI,$20.7631,1441739709314,"110,650",75% bearish,of 4 ratings,$24
ABDC,$12.89,1441739709385,"21,802",Not yet rated,NULL,$15
ALDR,$42.02,1441739709517,"180,045",67% bearish,of 3 ratings,$62
ALDX,$7.24,1441739709606,"10,977",100% bearish,of 1 rating,$14.50
ALXN,$175.8,1441739709661,"452,231",88% bullish,of 8 ratings,$223.50
ALXA,$1.35,1441739709691,"49,588",83% bullish,of 6 ratings,$2.125
ALCO,$42.06,1441739709761,"11,084",50% bullish,of 2 ratings,N/A
ALIM,$2.9401,1441739709788,"41,979",80% bullish,of 5 ratings,$10
ALKS,$67.825,1441739709818,"333,476",67% bullish,of 3 ratings,$75
ALGN,$55.31,1441739709920,"156,646",100% bearish,of 2 ratings,$73
ALGT,$210.505,1441739709987,"45,238",100% bearish,of 2 ratings,$235
ALLB,$23.3,1441739710122,300,Not yet rated,NULL,N/A
AIQ,$14.84,1441739710149,"6,957",67% bullish,of 3 ratings,N/A
AFOP,$18.97,1441739710227,"75,055",75% bullish,of 8 ratings,$21
AHGP,$35.49,1441739710279,"24,389",67% bullish,of 3 ratings,N/A
AHPI,NULL,1441739710368,0,50% bullish,of 2 ratings,N/A
AMOT,$18.06,1441739710414,"93,235",100% bearish,of 1 rating,N/A
ARLP,$25.1038,1441739710472,"68,857",67% bearish,of 3 ratings,$32
MDRX,$13.29,1441739710543,"874,364",60% bullish,of 5 ratings,$16
ALLT,$5.19,1441739710573,"27,871",75% bullish,of 4 ratings,$6.25
ALQA,$4.5,1441739710594,"8,282",75% bullish,of 4 ratings,$8.50
AFAM,$45.51,1441739710675,"36,908",50% bullish,of 2 ratings,$44
ALNY,$102.99,1441739710747,"266,823",67% bullish,of 3 ratings,$151.50
AOSL,$8.29,1441739710775,"15,501",67% bullish,of 3 ratings,$9
SMCP,$23.39,1441739710876,775,Not yet rated,NULL,N/A
ATEC,$0.5218,1441739710983,"122,568",100% bullish,of 1 rating,$2
ALTR,$50.34,1441739711140,"3,006,869",67% bearish,of 6 ratings,$54
AMRN,$2.385,1441739711169,"715,753",85% bullish,of 40 ratings,$8
AIMC,$23.85,1441739711197,"54,250",100% bearish,of 2 ratings,$28.50
AMAG,$61.12,1441739711224,"220,579",100% bullish,of 2 ratings,$75
ASPS,$26.43,1441739711245,"101,940",67% bullish,of 3 ratings,$46.50
AYA,$20.77,1441739711278,"11,031",100% bearish,of 1 rating,$40
AMRK,$10.86,1441739711475,"45,154",50% bullish,of 2 ratings,$14
AMZN,$515.4,1441739711502,"1,573,689",81% bullish,of 269 ratings,$646
AMBA,$73.14,1441739711528,"1,508,602",71% bullish,of 14 ratings,$102.50
AMBCW,NULL,1441739711555,0,100% bearish,of 1 rating,N/A
AMBC,$16.3475,1441739711684,"99,871",100% bearish,of 1 rating,$16.50
EPAX,$2.7,1441739711709,"59,341",100% bearish,of 1 rating,N/A
DOX,$57.41,1441739711848,"359,644",67% bearish,of 3 ratings,$60
AMDA,$0.4244,1441739711895,"3,197,036",90% bullish,of 10 ratings,$1
AMED,$41.37,1441739712028,"90,491",100% bearish,of 1 rating,$42
ATAX,$5.3001,1441739712055,"52,082",100% bullish,of 1 rating,$6.50
UHAL,$373.465,1441739712083,"15,116",100% bullish,of 2 ratings,$393.50
AMCX,$73.95,1441739712112,"289,519",67% bullish,of 3 ratings,$87.50
ASBI,$23.02,1441739712210,"11,467",Not yet rated,NULL,N/A
AMOV,$17.89,1441739712279,"1,190",100% bearish,of 1 rating,N/A
AAL,$41.06,1441739712304,"3,845,633",93% bullish,of 88 ratings,$57
AGNC,$19.06,1441739712459,"1,182,902",71% bullish,of 28 ratings,$22
AGNCB,$24.2954,1441739712492,"6,954",Not yet rated,NULL,N/A
MTGEP,$24.3899,1441739712555,"1,175",Not yet rated,NULL,N/A
AGNCP,$25.4,1441739712585,"3,350",Not yet rated,NULL,N/A
MTGE,$15.22,1441739712614,"204,879",75% bullish,of 4 ratings,$19.50
ACAS,$13.895,1441739712721,"657,300",60% bullish,of 5 ratings,$16.75
ACSF,$12.22,1441739712751,"8,294",100% bearish,of 1 rating,$15
AETI,$3.11,1441739712856,"5,089",67% bearish,of 3 ratings,N/A
ANCI,$1.41,1441739712884,700,100% bearish,of 1 rating,N/A
AMIC,$10.01,1441739712909,200,100% bearish,of 1 rating,N/A
ANAT,$98.45,1441739713017,"36,117",100% bullish,of 1 rating,N/A
APEI,$22.305,1441739713044,"19,463",100% bearish,of 1 rating,$25.50
AMNB,$23.53,1441739713073,"13,216",Not yet rated,NULL,$25.50
ARII,$40.57,1441739713204,"81,993",67% bearish,of 3 ratings,$45
AMRB,$10.11,1441739713336,"2,799",Not yet rated,NULL,$11
ASEI,$39.45,1441739713411,"14,792",100% bearish,of 1 rating,$52.50
AMSC,$5.2072,1441739713540,"46,985",50% bullish,of 4 ratings,N/A
AMWD,$69.09,1441739713570,"64,381",50% bullish,of 2 ratings,$70
CRMT,$35.7,1441739713591,"7,802",100% bearish,of 1 rating,$38
ABCB,$27.69,1441739713674,"39,966",Not yet rated,NULL,$31
ASRV,$3.22,1441739713729,"3,600",100% bullish,of 2 ratings,N/A
AMSWA,$9.0201,1441739713803,"11,784",100% bearish,of 2 ratings,$10.75
AMSF,$47.45,1441739713829,"9,885",Not yet rated,NULL,$57.50
ASRVP,NULL,1441739713898,0,Not yet rated,NULL,N/A
FOLD,$17.16,1441739713978,"945,926",56% bullish,of 9 ratings,$21
ATLO,$23.1,1441739714067,"4,986",Not yet rated,NULL,N/A
AMGN,$153.64,1441739714144,"1,846,083",89% bullish,of 19 ratings,$185
AMKR,$5.5,1441739714215,"592,030",100% bearish,of 2 ratings,$5
AMPH,$14.38,1441739714283,"113,859",50% bullish,of 2 ratings,$20
AMSG,$80.94,1441739714308,"157,140",100% bearish,of 1 rating,$85.50
AMSGP,$152.74,1441739714366,146,Not yet rated,NULL,N/A
AMRS,$1.8,1441739714560,"124,501",70% bullish,of 10 ratings,N/A
ASYS,$5.31,1441739714597,"16,828",67% bullish,of 3 ratings,$12
ANAC,$135.03,1441739714627,"133,336",80% bullish,of 5 ratings,$180.50
ANAD,$0.2899,1441739714692,"385,988",100% bullish,of 2 ratings,$.50
AFSI,$59.03,1441739714718,"194,064",60% bullish,of 5 ratings,$72
ADI,$57.53,1441739714751,"1,410,289",75% bullish,of 4 ratings,$69
ANCB,$21.6,1441739714848,"5,169",Not yet rated,NULL,$23
ABCW,$42,1441739714981,"17,855",67% bullish,of 3 ratings,N/A
AMCF,NULL,1441739715007,0,NULL,NULL,NULL
ALOG,$82.785,1441739715085,"36,192",100% bearish,of 2 ratings,$100.50
ANGI,$5.21,1441739715138,"192,452",64% bullish,of 11 ratings,$5.50
ANGO,$14.54,1441739715164,"23,862",67% bullish,of 3 ratings,$19
ANIK,$36.41,1441739715240,"35,080",60% bullish,of 5 ratings,$51.25
ANIP,$53.56,1441739715303,"62,033",89% bullish,of 19 ratings,$66
ABAC,$0.79,1441739715433,40,100% bearish,of 1 rating,N/A
ATRS,$1.84,1441739715460,"115,382",92% bullish,of 12 ratings,$4.50
ANSS,$92.555,1441739715486,"123,064",100% bearish,of 1 rating,$100
APIC,$8.035,1441739715619,"92,914",100% bearish,of 1 rating,$19
ANTH,$7.53,1441739715652,"276,563",80% bullish,of 10 ratings,$13
ATNY,$2.4201,1441739715679,"10,705",50% bullish,of 2 ratings,$3.75
APOL,$11.475,1441739715758,"504,311",87% bearish,of 68 ratings,$14
APOG,$54.65,1441739715811,"50,501",50% bullish,of 2 ratings,$67
AINV,$6.5049,1441739715891,"471,084",50% bullish,of 4 ratings,$8
APPF,$17.288,1441739716066,"33,766",50% bullish,of 2 ratings,$22
AAPL,$111.1199,1441739716093,"22,123,677",86% bullish,of 2368 ratings,$150
ARCI,$1.1501,1441739716125,"4,518",Not yet rated,NULL,N/A
APDNW,$1.51,1441739716151,"2,235",Not yet rated,NULL,N/A
AGTC,$16.92,1441739716221,"20,614",50% bullish,of 2 ratings,$33
AMAT,$15.735,1441739716285,"5,721,409",82% bullish,of 11 ratings,$23
APDN,$3.55,1441739716319,"37,577",Not yet rated,NULL,$9
AMCC,$5.93,1441739716419,"169,121",80% bullish,of 5 ratings,$8
AAOI,$22.14,1441739716483,"147,782",50% bullish,of 4 ratings,$26
APRI,$1.73,1441739716575,"168,865",83% bullish,of 6 ratings,$4.86
AREX,$2.605,1441739716603,"438,160",50% bullish,of 2 ratings,$3
APTO,$5.24,1441739716628,"5,204",Not yet rated,NULL,$17
AQMS,$5.04,1441739716795,"10,737",Not yet rated,NULL,N/A
AQXP,$15.88,1441739716927,"136,633",67% bearish,of 3 ratings,$2
AUMA,NULL,1441739716956,0,Not yet rated,NULL,N/A
AUMAW,NULL,1441739716977,0,Not yet rated,NULL,N/A
PETX,$17.79,1441739717010,"84,990",100% bearish,of 2 ratings,$26
AUMAU,NULL,1441739717036,0,Not yet rated,NULL,N/A
ARDM,$7.3,1441739717115,500,100% bullish,of 1 rating,$26
ARCW,$3.26,1441739717177,"20,354",100% bearish,of 2 ratings,$10.50
ABUS,$7.01,1441739717203,"113,086",86% bullish,of 14 ratings,$21.50
ABIO,$6.69,1441739717282,"112,119",50% bullish,of 2 ratings,$26.242
ARCB,$29.4,1441739717430,"43,703",67% bearish,of 3 ratings,$39.50
RKDA,$5.44,1441739717496,"19,402",100% bearish,of 2 ratings,$10
ACGL,$69.5,1441739717521,"153,832",50% bullish,of 2 ratings,$72
ARDX,$20.27,1441739717597,"148,554",50% bullish,of 2 ratings,$24.50
ARNA,$2.76,1441739717757,"404,647",90% bullish,of 78 ratings,$5.50
ARGS,$6.23,1441739717785,"9,681",50% bullish,of 2 ratings,$19.50
ACAT,$24.92,1441739717813,"148,610",100% bearish,of 3 ratings,$33
ARCC,$15.595,1441739717913,"689,306",67% bearish,of 3 ratings,$17.75
AGIIL,$25.34,1441739717968,"5,558",Not yet rated,NULL,N/A
AGII,$54.97,1441739717994,"28,913",Not yet rated,NULL,$59.50
ARIS,$3.77,1441739718026,"14,429",Not yet rated,NULL,$4.50
ARIA,$7.9,1441739718052,"2,028,315",87% bullish,of 46 ratings,$9
ARMH,$44.2399,1441739718181,"849,731",54% bearish,of 13 ratings,$60
ARKR,$25,1441739718207,"5,080",50% bullish,of 2 ratings,N/A
ARTX,$1.37,1441739718339,"74,623",88% bullish,of 16 ratings,$4.50
ARWA,NULL,1441739718468,0,Not yet rated,NULL,N/A
ARWAW,NULL,1441739718560,0,Not yet rated,NULL,N/A
ARWAR,NULL,1441739718598,0,Not yet rated,NULL,N/A
ARQL,$1.69,1441739718647,"88,059",75% bullish,of 4 ratings,$5
ARRY,$5.78,1441739718681,"506,143",100% bullish,of 7 ratings,$10
ARWAU,NULL,1441739718701,0,100% bullish,of 1 rating,N/A
ARRS,$26.74,1441739718732,"302,442",50% bullish,of 2 ratings,$38
DWAT,$9.775,1441739718786,"8,705",100% bearish,of 1 rating,N/A
ARWR,$5.465,1441739718871,"509,863",75% bullish,of 4 ratings,$10.50
ASBB,$25.23,1441739719000,6,Not yet rated,NULL,N/A
ARTW,$3.99,1441739719083,590,75% bearish,of 4 ratings,N/A
ARTNA,$21.8,1441739719154,"5,347",100% bearish,of 1 rating,$29
ASNA,$12.26,1441739719215,"1,299,256",50% bullish,of 2 ratings,$17.50
AROW,$27.24,1441739719244,"3,260",Not yet rated,NULL,N/A
ASTI,$0.2475,1441739719351,"2,680,183",83% bullish,of 6 ratings,$3
ASND,$20.16,1441739719393,"11,250",50% bullish,of 2 ratings,$30
ASCMA,$28.63,1441739719430,"46,913",100% bearish,of 1 rating,$45
APWC,$1.75,1441739719459,204,100% bearish,of 1 rating,N/A
ASMI,NULL,1441739719483,0,NULL,NULL,NULL
ASML,$93.68,1441739719611,"321,023",50% bullish,of 4 ratings,$127
AZPN,$39.71,1441739719681,"215,750",50% bullish,of 2 ratings,$42
ASMB,$13.75,1441739719713,"20,716",67% bullish,of 3 ratings,N/A
ASFI,$8.7199,1441739719738,"3,700",100% bullish,of 1 rating,N/A
ASTE,$37.96,1441739719812,"80,091",100% bearish,of 1 rating,$49
ALOT,$13.95,1441739719874,522,100% bearish,of 1 rating,N/A
ASTC,$2.17,1441739720135,"17,437",100% bullish,of 5 ratings,N/A
ATRA,$43.7,1441739720166,"93,035",50% bullish,of 2 ratings,$68
ASUR,$5.615,1441739720187,981,50% bullish,of 2 ratings,$8
ATAI,$2.315,1441739720219,"14,542",100% bearish,of 1 rating,N/A
ATHN,$136.02,1441739720251,"114,087",67% bearish,of 3 ratings,$153
AFCB,NULL,1441739720274,0,Not yet rated,NULL,N/A
ATRO,$50.57,1441739720305,"67,464",100% bearish,of 2 ratings,$80
ATHX,$1.17,1441739720355,"78,360",89% bullish,of 9 ratings,$5
AAPC,$10.201,1441739720512,300,Not yet rated,NULL,N/A
ACFC,$5.59,1441739720594,"8,918",100% bearish,of 1 rating,$6.50
ATNI,$73.9,1441739720619,"21,474",100% bearish,of 1 rating,$69.50
AAME,$3.5,1441739720687,"1,502",Not yet rated,NULL,N/A
ATLC,$3.87,1441739720858,"4,110",67% bullish,of 3 ratings,N/A
AAWW,$38.78,1441739720961,"91,148",50% bullish,of 2 ratings,$65
ATML,$8.055,1441739721040,"1,986,676",78% bullish,of 9 ratings,$9.50
ATRM,$2.98,1441739721074,213,50% bullish,of 2 ratings,N/A
AFH,$16.275,1441739721095,"41,830",Not yet rated,NULL,$21.50
ATOS,$0.88,1441739721128,"86,924",100% bullish,of 7 ratings,$7
ATRC,$24.42,1441739721168,"53,711",100% bullish,of 1 rating,$30
ATRI,$378.88,1441739721224,"2,636",Not yet rated,NULL,N/A
ATTU,$13.24,1441739721365,"7,032",100% bearish,of 1 rating,$20.50
LIFE,$15.73,1441739721392,"26,639",86% bullish,of 7 ratings,$43
AUBN,$26.86,1441739721531,502,Not yet rated,NULL,N/A
AUPH,$3.48,1441739721579,"9,481",100% bearish,of 1 rating,$8
AUDC,$3.275,1441739721607,"20,150",80% bullish,of 5 ratings,$5
ADAT,$0.3301,1441739721737,"218,068",100% bullish,of 2 ratings,N/A
ABTL,$19.07,1441739721763,"49,009",100% bullish,of 4 ratings,$20.25
AVGO,$128.65,1441739721894,"1,360,521",88% bullish,of 8 ratings,$165
ADP,$77.95,1441739721939,"657,057",100% bearish,of 1 rating,$88
AAVL,$10.47,1441739721994,"136,437",100% bearish,of 1 rating,$20
AVEO,$1.3799,1441739722098,"271,149",75% bullish,of 8 ratings,$3
ADSK,$46.59,1441739722126,"1,446,704",67% bullish,of 6 ratings,$66
AVNU,$13,1441739722151,"6,200",Not yet rated,NULL,$14
EARS,$4.46,1441739722185,"6,210",100% bearish,of 2 ratings,$8.49
AVNW,$1.215,1441739722257,"24,765",50% bullish,of 2 ratings,N/A
AVID,$8.6341,1441739722443,"125,803",100% bearish,of 1 rating,$20
AVGR,$15.39,1441739722473,"10,235",100% bearish,of 1 rating,$20
CAR,$43.93,1441739722503,"490,172",67% bullish,of 6 ratings,$60
AWRE,$3.23,1441739722575,"6,954",67% bullish,of 3 ratings,N/A
ACLS,$3.49,1441739722600,"1,013,492",67% bullish,of 6 ratings,$4.75
AXPW,$1.8999,1441739722645,"396,235",86% bullish,of 7 ratings,N/A
AXTI,$2.14,1441739722851,"9,912",50% bullish,of 2 ratings,$2.75
AXPWW,$0.95,1441739722886,30,Not yet rated,NULL,N/A
BCOM,$19.52,1441739722913,109,100% bearish,of 1 rating,N/A
AXGN,$4.82,1441739722944,"55,238",Not yet rated,NULL,$5
RILY,NULL,1441739722978,0,Not yet rated,NULL,N/A
BEAV,$49.86,1441739723007,"172,989",67% bearish,of 3 ratings,$59
BIDU,$147.75,1441739723040,"2,028,611",81% bullish,of 88 ratings,$210
BOSC,$2.3128,1441739723106,"30,154",50% bullish,of 2 ratings,N/A
BWINB,$22.43,1441739723532,"7,195",Not yet rated,NULL,N/A
BANF,$60.9,1441739723563,"6,570",Not yet rated,NULL,$68
BANFP,$26.859,1441739723584,110,Not yet rated,NULL,N/A
BKMU,$7.15,1441739723620,"33,976",Not yet rated,NULL,$8
BCPC,$57.64,1441739723647,"36,511",100% bearish,of 1 rating,$75
BOCH,$5.8,1441739723672,"12,791",Not yet rated,NULL,$6.50
BWINA,$22.98,1441739723712,187,Not yet rated,NULL,N/A
BOTJ,$10.94,1441739723737,"1,666",Not yet rated,NULL,N/A
BKSC,$16.35,1441739723894,"6,298",Not yet rated,NULL,N/A
OZRK,$42.205,1441739723950,"158,470",67% bullish,of 3 ratings,$49.50
BMRC,$48.84,1441739723984,"1,299",Not yet rated,NULL,$52
BLDP,$1.365,1441739724060,"132,826",91% bullish,of 22 ratings,$2.50
BWFG,$18.13,1441739724081,"6,745",100% bearish,of 1 rating,N/A
BZUN,$5.33,1441739724114,"59,556",50% bullish,of 2 ratings,$11.50
BFIN,$12.17,1441739724183,"10,718",Not yet rated,NULL,$13
BANR,$44.83,1441739724244,"21,971",100% bullish,of 3 ratings,$50
BHAC,NULL,1441739724543,0,Not yet rated,NULL,N/A
TAPR,$33.44,1441739724574,265,100% bearish,of 1 rating,N/A
BHACW,NULL,1441739724672,0,Not yet rated,NULL,N/A
BHACR,NULL,1441739724705,0,Not yet rated,NULL,N/A
BBSI,$34.71,1441739724744,"25,370",67% bearish,of 3 ratings,$62.50
BHACU,NULL,1441739724774,0,Not yet rated,NULL,N/A
BYBK,$5.09,1441739724799,"11,900",100% bearish,of 1 rating,N/A
BSET,$30.4,1441739724824,"19,843",100% bearish,of 1 rating,$35
BYLK,$12.8,1441739724988,"9,603",Not yet rated,NULL,$14
BBCN,$14.62,1441739725071,"81,940",100% bearish,of 1 rating,$16
BV,$5.135,1441739725118,"231,062",67% bullish,of 6 ratings,$8.75
BECN,$36.41,1441739725145,"154,169",50% bullish,of 2 ratings,$40
BDCV,$4.83,1441739725166,"4,742",100% bearish,of 1 rating,$10.19
BSF,$8.79,1441739725197,"9,830",Not yet rated,NULL,N/A
BCBP,NULL,1441739725222,0,Not yet rated,NULL,N/A
BBGI,$4.202,1441739725440,"1,891",100% bearish,of 1 rating,N/A
BLPH,$4.12,1441739725538,"16,805",100% bearish,of 1 rating,$12.50
BELFA,$15.29,1441739725571,"1,075",100% bearish,of 1 rating,N/A
BEBE,$1.18,1441739725607,"211,762",75% bullish,of 4 ratings,$2.125
BBBY,$63.29,1441739725673,"686,717",71% bullish,of 7 ratings,$75
BELFB,$18.4,1441739725706,"16,796",100% bearish,of 1 rating,N/A
BLCM,$16.99,1441739725732,"131,178",50% bullish,of 4 ratings,$40
BNCL,$12.9,1441739725761,"185,129",100% bullish,of 3 ratings,$12.50
BNFT,$36.23,1441739725839,"31,919",67% bullish,of 3 ratings,$46
BGMD,$0.5967,1441739726058,"252,931",100% bullish,of 10 ratings,N/A
BGCP,$9,1441739726115,"484,204",88% bullish,of 8 ratings,$14
ORPN,$5.5993,1441739726159,"5,810",100% bullish,of 1 rating,$28.50
BGFV,$11.61,1441739726184,"77,119",57% bullish,of 7 ratings,$12
BIND,$4.99,1441739726250,"56,149",75% bullish,of 4 ratings,$13.50
BNTC,$6.96,1441739726330,"3,811",100% bullish,of 1 rating,N/A
BASI,$1.62,1441739726378,105,Not yet rated,NULL,N/A
BIOC,$2.1699,1441739726405,"308,461",83% bullish,of 6 ratings,$3.85
BIOD,$0.7007,1441739726537,"36,334",80% bullish,of 5 ratings,$4
BCRX,$12.01,1441739726566,"146,759",63% bullish,of 8 ratings,$18
BCDA,NULL,1441739726601,0,Not yet rated,NULL,N/A
BIIB,$307.28,1441739726669,"618,397",88% bullish,of 16 ratings,$400
BDSI,$6.63,1441739726696,"438,964",88% bullish,of 8 ratings,$17
BIOL,$1.55,1441739726834,"11,279",Not yet rated,NULL,N/A
BLFS,$2.4,1441739726908,"54,133",50% bullish,of 2 ratings,$4.75
BLRX,$1.7397,1441739726966,"133,521",100% bullish,of 12 ratings,$5
BMRN,$131.97,1441739727142,"298,506",80% bullish,of 5 ratings,$160
BVXV,$4.02,1441739727171,"106,294",Not yet rated,NULL,N/A
BPTH,$1.19,1441739727192,"40,028",100% bullish,of 2 ratings,$5
BRLI,NULL,1441739727223,0,NULL,NULL,NULL
BVXVW,$0.82,1441739727244,"3,400",100% bearish,of 1 rating,N/A
BBP,$32.96,1441739727275,"4,697",Not yet rated,NULL,N/A
BBC,$32.6023,1441739727410,"12,391",Not yet rated,NULL,N/A
BIOS,$2.49,1441739727518,"282,680",71% bullish,of 7 ratings,$4
BSTC,$51.1,1441739727544,"37,135",100% bearish,of 1 rating,$76
BOTA,$2.16,1441739727616,"21,077",88% bullish,of 8 ratings,N/A
BSPM,$0.6699,1441739727642,"2,170",50% bullish,of 2 ratings,N/A
TECH,$94.47,1441739727796,"130,746",100% bullish,of 1 rating,$117
BEAT,$16.17,1441739727821,"393,118",67% bearish,of 3 ratings,$15
BITI,$17.21,1441739728011,"12,990",100% bullish,of 1 rating,$28
BLKB,$58.65,1441739728050,"44,892",100% bearish,of 2 ratings,$66
BDMS,$13.1,1441739728099,100,100% bearish,of 1 rating,N/A
BJRI,$45.545,1441739728179,"120,376",50% bullish,of 2 ratings,$55
BBRY,$7.35,1441739728207,"1,842,689",61% bullish,of 331 ratings,$9
BBOX,$14.54,1441739728228,"30,904",100% bearish,of 1 rating,N/A
BKCC,$9.48,1441739728504,"149,582",50% bullish,of 2 ratings,$10
BDE,$7.4,1441739728545,"31,255",50% bullish,of 2 ratings,$9
ADRA,$26.76,1441739728597,"1,221",100% bearish,of 1 rating,N/A
HAWK,$40.5902,1441739728632,"201,158",91% bullish,of 11 ratings,$49
ADRD,$21.8033,1441739728730,"3,337",100% bearish,of 1 rating,N/A
ADRE,$29.24,1441739728776,"4,191",100% bearish,of 1 rating,N/A
BUFF,$23.32,1441739728974,"771,220",77% bullish,of 13 ratings,$31.50
BLMN,$20.87,1441739729008,"293,138",83% bullish,of 6 ratings,$27.50
BCOR,$13.335,1441739729030,"99,369",57% bullish,of 7 ratings,$15
ADRU,$21.55,1441739729050,"1,808",100% bearish,of 1 rating,N/A
BLBD,$11.5,1441739729112,"12,338",Not yet rated,NULL,N/A
BBLU,$0.89,1441739729185,"48,619",100% bullish,of 2 ratings,$4.43
NILE,$33.65,1441739729213,"12,768",50% bullish,of 2 ratings,$34
BHBK,$14.09,1441739729234,"10,327",100% bullish,of 1 rating,$14.50
BLUE,$135.63,1441739729368,"452,325",71% bullish,of 7 ratings,$217.50
BKEP,$6.44,1441739729396,"12,785",100% bearish,of 1 rating,$8.50
BPMC,$29.5,1441739729584,"25,131",50% bullish,of 2 ratings,$47.50
BNCN,$21.74,1441739729768,"15,790",Not yet rated,NULL,$24
BOFI,$117.4212,1441739729793,"144,812",100% bullish,of 6 ratings,$144
BNSO,$1.269,1441739729817,"1,563",100% bearish,of 1 rating,N/A
BKEPP,$7.95,1441739729845,"2,120",100% bearish,of 1 rating,N/A
BONA,$11.29,1441739729866,"97,106",75% bullish,of 4 ratings,$8.50
BOBE,$46.49,1441739729896,"167,968",75% bullish,of 4 ratings,$57
BOKF,$63.92,1441739730027,"51,560",100% bearish,of 1 rating,$69
BOJA,$21.06,1441739730054,"40,467",100% bullish,of 1 rating,$30
WIFI,$7.84,1441739730225,"83,754",50% bullish,of 2 ratings,$13.50
BPFHW,NULL,1441739730261,0,100% bearish,of 1 rating,N/A
BPFHP,$25.35,1441739730286,"3,900",100% bearish,of 1 rating,N/A
BPFH,$12.01,1441739730459,"128,883",100% bearish,of 1 rating,$14
EPAY,$26.59,1441739730563,"56,097",100% bearish,of 2 ratings,$30
BCLI,$3.19,1441739730589,"44,661",80% bullish,of 5 ratings,$12
BDBD,$8.33,1441739730653,"184,044",60% bullish,of 5 ratings,$10
BAMM,$3.21,1441739730722,"2,696",60% bullish,of 5 ratings,N/A
BBRG,$12.495,1441739730750,"27,704",67% bullish,of 3 ratings,$14.50
BBEP,$2.775,1441739730803,"971,812",69% bullish,of 13 ratings,$5.625
BBEPP,$14.8001,1441739730832,"19,757",50% bullish,of 2 ratings,N/A
BDGE,$26.89,1441739730931,"11,194",Not yet rated,NULL,$31.75
BRID,$8.44,1441739730970,200,100% bearish,of 1 rating,N/A
BLIN,$1.61,1441739730995,"43,937",50% bullish,of 2 ratings,$2.20
BCOV,$5.17,1441739731122,"21,013",67% bullish,of 3 ratings,$10.20
BRCM,$52.4,1441739731250,"785,426",69% bullish,of 13 ratings,$56
BYFC,$1.43,1441739731324,200,50% bullish,of 2 ratings,N/A
BVSN,$6.02,1441739731355,"1,715",60% bearish,of 5 ratings,N/A
BSFT,$32.92,1441739731376,"71,981",57% bullish,of 7 ratings,$40.50
BRCD,$10.335,1441739731458,"1,133,563",92% bullish,of 13 ratings,$12
BWEN,$3.24,1441739731527,"21,350",75% bullish,of 4 ratings,$8
BRKL,$10.545,1441739731551,"78,552",100% bearish,of 1 rating,$12
BRKS,$10.46,1441739731717,"32,553",67% bullish,of 3 ratings,$15.25
BMTC,$29.93,1441739731768,"99,230",Not yet rated,NULL,$34
BSQR,$6.203,1441739731797,"29,806",67% bullish,of 3 ratings,N/A
BRKR,$18.05,1441739731825,"132,221",100% bearish,of 2 ratings,$22
BLMT,$21.35,1441739731895,"6,000",Not yet rated,NULL,N/A
BWLD,$200.82,1441739731995,"128,257",82% bullish,of 11 ratings,$205
BLDR,$15.75,1441739732022,"640,583",67% bullish,of 3 ratings,$22
BUR,$1.8001,1441739732219,"7,126",100% bearish,of 1 rating,$8
CFFI,$35.7,1441739732249,100,100% bearish,of 1 rating,N/A
CHRW,$68.87,1441739732270,"366,545",Not yet rated,NULL,$72
CA,$27.99,1441739732299,"1,233,043",50% bullish,of 4 ratings,$33
CCMP,$42.86,1441739732350,"36,137",50% bullish,of 2 ratings,$59
CACQ,$7.29,1441739732428,"116,362",100% bearish,of 1 rating,$12.25
CZR,$9.625,1441739732598,"477,472",60% bearish,of 5 ratings,$10.50
CDZI,$7.88,1441739732627,"21,441",100% bearish,of 1 rating,N/A
CDNS,$20.85,1441739732660,"702,890",75% bullish,of 4 ratings,$22.50
CSTE,$40.08,1441739732685,"175,395",50% bullish,of 2 ratings,$65
PRSS,$4.26,1441739732756,"37,102",80% bullish,of 5 ratings,$4.50
CLBS,$1.8125,1441739732861,"74,332",79% bullish,of 14 ratings,$4
CLMS,$10,1441739732916,"33,576",Not yet rated,NULL,$10.50
CHY,$10.9901,1441739733062,"251,400",Not yet rated,NULL,N/A
CHI,$10.3001,1441739733202,"184,893",100% bearish,of 1 rating,N/A
CGO,$12.06,1441739733240,"11,245",100% bearish,of 1 rating,N/A
CCD,$19.39,1441739733271,"77,086",Not yet rated,NULL,N/A
CFGE,$10.52,1441739733292,12,Not yet rated,NULL,N/A
CHW,$7.44,1441739733324,"198,701",100% bearish,of 1 rating,N/A
CSQ,$9.7111,1441739733344,"265,532",Not yet rated,NULL,N/A
CAMP,$16.223,1441739733381,"132,188",88% bullish,of 8 ratings,$25
CVGW,$49.78,1441739733488,"61,738",50% bullish,of 2 ratings,$58
CFNB,NULL,1441739733653,0,100% bearish,of 1 rating,N/A
CALD,$16.92,1441739733686,"291,110",100% bearish,of 1 rating,$21
CALM,$55.5,1441739733784,"261,771",80% bullish,of 5 ratings,$63.50
CALA,$6.37,1441739733808,"249,976",67% bullish,of 3 ratings,$19.50
CLMT,$25.6732,1441739733976,"97,614",75% bullish,of 8 ratings,$31
CAMB,$10.1,1441739734026,"18,450",Not yet rated,NULL,N/A
ABCD,$5.12,1441739734051,"60,322",83% bullish,of 6 ratings,N/A
CAMBU,NULL,1441739734108,0,100% bearish,of 1 rating,N/A
CAMBW,$0.26,1441739734192,"178,845",Not yet rated,NULL,N/A
CAC,$40.3,1441739734236,"2,001",Not yet rated,NULL,N/A
CAMT,$2.68,1441739734325,"25,065",73% bullish,of 11 ratings,$4
CSIQ,$18.74,1441739734455,"737,969",86% bullish,of 28 ratings,$42.50
CPHC,$10.47,1441739734482,110,100% bearish,of 1 rating,N/A
CGIX,$10.19,1441739734502,"20,940",67% bullish,of 3 ratings,$14.375
CPLA,$49.745,1441739734747,"41,508",67% bearish,of 3 ratings,$65
CBF,$31.1,1441739734849,"29,534",Not yet rated,NULL,$32
CSWC,$45,1441739734895,"11,285",Not yet rated,NULL,N/A
CCBG,$15.15,1441739734927,"4,869",Not yet rated,NULL,$17.25
CPTA,$14.32,1441739734959,"40,364",100% bearish,of 1 rating,$18.25
CBNJ,$11.28,1441739734980,"69,680",100% bearish,of 1 rating,N/A
CPLP,$6.92,1441739735026,"120,206",71% bullish,of 7 ratings,$11
CFFN,$11.94,1441739735056,"160,681",Not yet rated,NULL,$12.75
CAPN,$2.521,1441739735164,"4,114,158",100% bullish,of 1 rating,$10.85
CAPR,$4.28,1441739735293,"8,975",Not yet rated,NULL,$12
CPST,$0.3931,1441739735319,"281,873",95% bullish,of 22 ratings,$1.25
CARA,$19.3,1441739735384,"96,093",50% bullish,of 4 ratings,$25
CAPNW,$0.8,1441739735409,"16,621",Not yet rated,NULL,N/A
CBYL,$5.505,1441739735619,"9,034",100% bearish,of 1 rating,$20
CARB,$11.09,1441739735648,"18,832",75% bullish,of 4 ratings,$12
CFNL,$22.49,1441739735686,"29,895",Not yet rated,NULL,$24
CRME,$9.5,1441739735787,"3,300",89% bullish,of 9 ratings,$11.25
CSII,$23.08,1441739735813,"144,287",100% bearish,of 2 ratings,$42.125
CATM,$33.97,1441739735841,"72,022",100% bearish,of 1 rating,$44
CRDC,$0.3349,1441739735887,"86,189",100% bullish,of 1 rating,$1.25
CDNA,$7.07,1441739735979,"4,539",100% bearish,of 1 rating,$9
CECO,$3.955,1441739736014,"282,171",67% bearish,of 3 ratings,$6
CKEC,$22.82,1441739736169,"93,891",50% bullish,of 2 ratings,$35.915
CTRE,$11,1441739736214,"86,741",50% bullish,of 2 ratings,$13.50
CLBH,$12.5726,1441739736257,"4,993",Not yet rated,NULL,$16.50
CARO,$15.2499,1441739736352,"1,400",100% bearish,of 1 rating,$19
CART,$5.3501,1441739736383,570,100% bearish,of 1 rating,N/A
TAST,$12.91,1441739736483,"108,735",Not yet rated,NULL,$14.25
CRZO,$36.76,1441739736563,"658,029",67% bearish,of 3 ratings,$54.50
CARV,$6.75,1441739736627,"9,416",50% bullish,of 2 ratings,N/A
CASM,$1.16,1441739736666,"7,937",100% bullish,of 1 rating,$3.50
CRTN,NULL,1441739736698,0,100% bearish,of 1 rating,N/A
CACB,$5.36,1441739736770,"22,747",Not yet rated,NULL,$5.50
CSCD,$15.748,1441739736799,"22,004",100% bullish,of 2 ratings,$17
CASY,$108.16,1441739736873,"111,134",50% bullish,of 2 ratings,$99.50
CWST,$6.64,1441739736939,"120,973",50% bullish,of 2 ratings,$7.25
CATB,$11.04,1441739737173,"23,893",100% bearish,of 1 rating,$28
CASS,$48.96,1441739737199,"6,333",100% bearish,of 1 rating,N/A
CPRX,$3.96,1441739737272,"166,753",71% bullish,of 7 ratings,$7
CATYW,NULL,1441739737408,0,100% bearish,of 1 rating,N/A
CATY,$29.7201,1441739737441,"233,897",100% bearish,of 1 rating,$33.50
CASI,$1.215,1441739737467,"29,540",100% bullish,of 1 rating,$3.50
CAVM,$72.15,1441739737494,"212,007",67% bearish,of 3 ratings,$72
CVCO,$71.146,1441739737537,"8,517",100% bearish,of 1 rating,N/A
CBFV,$20.47,1441739737562,"2,539",Not yet rated,NULL,$25
CNLM,$9.99,1441739737640,"6,700",Not yet rated,NULL,N/A
CNLMR,NULL,1441739737865,0,Not yet rated,NULL,N/A
CNLMW,$0.3,1441739737912,"1,000",Not yet rated,NULL,N/A
CNLMU,NULL,1441739737937,0,100% bullish,of 1 rating,N/A
CBOE,$64.51,1441739737958,"163,533",Not yet rated,NULL,$63
CDK,$49.62,1441739738129,"101,518",67% bearish,of 3 ratings,$50
CDW,$40.27,1441739738155,"576,291",75% bullish,of 4 ratings,$44
CECE,$8.77,1441739738285,"149,248",50% bullish,of 2 ratings,$16
CELG,$122.09,1441739738313,"1,811,927",92% bullish,of 13 ratings,$156
CELGZ,$1.71,1441739738347,"3,851",80% bullish,of 5 ratings,N/A
CPXX,$2.5,1441739738369,"259,448",100% bullish,of 2 ratings,$7
CLDX,$14.6199,1441739738450,"263,523",89% bullish,of 9 ratings,$36
CLDN,$1.259,1441739738509,"164,231",63% bullish,of 8 ratings,$3
CLRB,$3.09,1441739738613,"2,140",100% bearish,of 1 rating,N/A
CLRBW,NULL,1441739738634,0,Not yet rated,NULL,N/A
CLLS,$32.26,1441739738715,"37,898",75% bullish,of 4 ratings,$51.50
CBMG,$23.52,1441739738954,"33,157",50% bullish,of 2 ratings,N/A
CLSN,$2.1908,1441739739041,"111,635",80% bullish,of 10 ratings,$7.50
CLTX,$1.95,1441739739111,"58,186",100% bullish,of 2 ratings,N/A
CYAD,$44.55,1441739739142,"1,527",100% bullish,of 1 rating,$87.50
CSFL,$14.195,1441739739164,"40,106",Not yet rated,NULL,$15
CEMP,$35.75,1441739739193,"455,304",71% bullish,of 7 ratings,$52
CETX,$2.5499,1441739739218,"7,768",Not yet rated,NULL,$5.60
CENTA,$15.06,1441739739254,"155,430",Not yet rated,NULL,N/A
CENT,$14.602,1441739739344,"259,166",Not yet rated,NULL,$10
CETV,$2.1,1441739739554,"14,082",67% bullish,of 3 ratings,$2.80
CFBK,$1.3401,1441739739579,"2,825",Not yet rated,NULL,N/A
CENX,$5.45,1441739739633,"659,745",67% bullish,of 6 ratings,$9
CVCY,$11.75,1441739739657,400,Not yet rated,NULL,$12
CPHD,$51.07,1441739739806,"265,988",67% bearish,of 3 ratings,$66
CNTY,$5.95,1441739739838,"65,803",80% bullish,of 5 ratings,$7.75
CNBKA,$39.826,1441739739878,"1,100",50% bullish,of 2 ratings,N/A
CERE,$1.1101,1441739739936,"117,973",88% bullish,of 8 ratings,N/A
CRNT,$1.38,1441739740011,"153,958",50% bullish,of 2 ratings,$2
CERN,$62.74,1441739740043,"680,543",67% bullish,of 3 ratings,$79
CERU,$4.4135,1441739740074,"18,476",75% bullish,of 4 ratings,$14
KOOL,$0.62,1441739740179,"10,646",100% bullish,of 5 ratings,$7
CERS,$5.235,1441739740215,"325,804",75% bullish,of 4 ratings,$7
CEVA,$19.36,1441739740346,"16,184",100% bearish,of 1 rating,$25
CYOU,$18.78,1441739740408,"81,579",50% bullish,of 6 ratings,$24
HOTR,$1.39,1441739740451,"133,997",100% bullish,of 2 ratings,$5
CTHR,$1.2448,1441739740632,"3,662",50% bullish,of 2 ratings,$2.50
HOTRW,$0.15,1441739740656,"9,000",Not yet rated,NULL,N/A
CHFN,$12.24,1441739740730,"6,181",Not yet rated,NULL,$14
CHTR,$185.865,1441739740762,"352,575",67% bearish,of 3 ratings,$202
CHKP,$78.06,1441739740868,"431,014",50% bullish,of 4 ratings,$92
GTLS,$23.09,1441739740899,"94,113",50% bullish,of 4 ratings,$40
CHEKW,NULL,1441739740920,0,Not yet rated,NULL,N/A
CHEK,$2.7999,1441739741007,"6,328",Not yet rated,NULL,$7.75
CHFC,$30.885,1441739741097,"101,201",100% bearish,of 1 rating,$36
CEMI,$4.21,1441739741123,"1,465",50% bullish,of 2 ratings,$7.50
CCXI,$6.35,1441739741150,"40,529",67% bullish,of 3 ratings,$14
CHMG,$26.417,1441739741283,776,Not yet rated,NULL,$30
CHEV,$14.5,1441739741444,"12,211",Not yet rated,NULL,N/A
CHKE,$25.28,1441739741549,"4,055",100% bearish,of 1 rating,$32.50
CMRX,$51.45,1441739741574,"85,234",50% bullish,of 2 ratings,$57
CBNK,$16.35,1441739741603,"3,200",100% bearish,of 1 rating,N/A
CHMA,$28.6,1441739741624,"71,667",Not yet rated,NULL,$40
PLCE,$59.25,1441739741659,"107,503",100% bearish,of 1 rating,$69
CALI,$0.82,1441739741764,6,67% bullish,of 3 ratings,N/A
CBAK,$2.11,1441739741951,"34,644",67% bullish,of 9 ratings,N/A
CADC,NULL,1441739741988,0,78% bullish,of 9 ratings,N/A
CAAS,$5.98,1441739742016,"12,138",93% bullish,of 14 ratings,$11.50
CCCR,$0.69,1441739742086,500,67% bearish,of 3 ratings,N/A
CBPO,$98.14,1441739742112,"67,601",75% bullish,of 8 ratings,$140.50
CCCL,$0.8837,1441739742133,"16,253",100% bullish,of 6 ratings,N/A
CHOP,$1.1559,1441739742350,"2,123",50% bullish,of 2 ratings,N/A
JRJC,$3.57,1441739742372,"40,550",82% bullish,of 11 ratings,N/A
CHLN,$1.71,1441739742448,"7,807",67% bullish,of 3 ratings,N/A
HGSH,$1.94,1441739742503,"7,230",67% bullish,of 3 ratings,N/A
HTHT,$25.734,1441739742534,"41,879",50% bullish,of 2 ratings,$28.40
CJJD,$1.86,1441739742562,"4,560",100% bullish,of 1 rating,N/A
CHNR,$1.51,1441739742589,"2,403",100% bearish,of 1 rating,N/A
CNIT,$1.24,1441739742637,"181,136",67% bullish,of 6 ratings,N/A
CREG,$0.6364,1441739742936,"7,850",100% bullish,of 3 ratings,N/A
CSUN,$1.34,1441739743000,"11,861",80% bullish,of 5 ratings,N/A
CPGI,NULL,1441739743043,0,Not yet rated,NULL,N/A
CNTF,$0.8,1441739743074,"15,189",Not yet rated,NULL,N/A
CXDC,$6.19,1441739743105,"21,577",67% bearish,of 3 ratings,N/A
IMOS,$19.45,1441739743170,"182,248",60% bullish,of 5 ratings,$21.50
CNYD,$3.12,1441739743205,"7,000",67% bullish,of 3 ratings,N/A
CCIH,$7.86,1441739743230,"84,361",67% bullish,of 6 ratings,$12.65
CHSCL,$27.242,1441739743475,"22,372",Not yet rated,NULL,N/A
CHSCN,$26.99,1441739743507,"4,358",Not yet rated,NULL,N/A
CNET,$0.8425,1441739743534,"4,548",50% bullish,of 2 ratings,N/A
CHSCO,$28.5,1441739743559,"5,475",Not yet rated,NULL,N/A
CHSCP,$30.29,1441739743591,"16,731",Not yet rated,NULL,N/A
CHSCM,$26.281,1441739743670,"19,568",Not yet rated,NULL,N/A
CHUY,$31.64,1441739743816,"51,220",50% bullish,of 2 ratings,$34
CHDN,$138,1441739743841,"24,617",Not yet rated,NULL,$165
CIFC,$7.42,1441739744081,"4,230",100% bearish,of 1 rating,N/A
CMCT,$18.55,1441739744116,"18,940",100% bearish,of 1 rating,N/A
CDTX,$15,1441739744142,"13,625",Not yet rated,NULL,$22
CMPR,$73.08,1441739744272,"94,438",50% bullish,of 2 ratings,$72.50
CPHR,$5.03,1441739744407,"2,600",100% bearish,of 1 rating,$17
CINF,$53.15,1441739744542,"241,533",50% bullish,of 4 ratings,$50.50
CIDM,$0.57,1441739744595,"29,577",50% bullish,of 2 ratings,$2.10
CTAS,$86.06,1441739744616,"180,386",100% bearish,of 1 rating,$91
CRUS,$30.75,1441739744649,"350,976",75% bullish,of 12 ratings,$44.50
CSCO,$26.22,1441739744748,"7,681,280",83% bullish,of 210 ratings,$32
CTRN,$25.45,1441739744812,"33,874",100% bearish,of 1 rating,$31.50
CZNC,$19.51,1441739744944,"3,085",Not yet rated,NULL,N/A
CZWI,$8.9,1441739745026,"4,953",Not yet rated,NULL,N/A
CZFC,$12.75,1441739745073,"5,200",Not yet rated,NULL,N/A
CIZN,$19.5999,1441739745170,100,Not yet rated,NULL,N/A
CTXS,$69.44,1441739745204,"624,804",86% bullish,of 7 ratings,$80
CIVB,$10.04,1441739745230,519,Not yet rated,NULL,$11
CIVBP,$32.2,1441739745295,125,Not yet rated,NULL,N/A
CHCO,$47.7,1441739745325,"17,980",Not yet rated,NULL,$46
CDTI,$1.62,1441739745400,"23,516",75% bullish,of 4 ratings,$3.20
CLNE,$5,1441739745457,"443,598",80% bullish,of 15 ratings,$9
CLFD,$17.2,1441739745639,"14,360",67% bullish,of 3 ratings,$18
CLNT,$1.535,1441739745771,397,75% bullish,of 8 ratings,N/A
CLIR,$5.15,1441739745796,"51,474",100% bullish,of 3 ratings,N/A
CLRO,$11.46,1441739745825,"3,560",50% bullish,of 2 ratings,$14.25
CBLI,$4.33,1441739745852,"22,841",60% bullish,of 5 ratings,N/A
CSBK,$13.84,1441739745986,"35,208",Not yet rated,NULL,N/A
CLVS,$84.03,1441739746048,"228,087",60% bullish,of 5 ratings,$101.50
CMFN,$11.25,1441739746143,"10,080",100% bearish,of 1 rating,$15.50
CME,$94.44,1441739746175,"396,898",67% bullish,of 3 ratings,$102
CNV,$4.29,1441739746201,"39,776",50% bullish,of 2 ratings,$7.15
CISG,$7.92,1441739746271,"40,457",100% bullish,of 5 ratings,$10
COBZ,$13,1441739746379,"21,833",100% bullish,of 1 rating,$14
CWAY,$11.19,1441739746408,"3,500",Not yet rated,NULL,N/A
CCNE,$17.19,1441739746514,"2,169",50% bullish,of 2 ratings,$21.50
COKE,$165,1441739746585,"14,273",79% bullish,of 19 ratings,N/A
CDXS,$3.58,1441739746786,"10,286",64% bullish,of 11 ratings,$6
CDRB,$9.76,1441739746817,"14,938",67% bullish,of 3 ratings,N/A
CVLY,NULL,1441739746837,0,Not yet rated,NULL,N/A
JVA,$4.84,1441739746922,"12,821",83% bullish,of 6 ratings,$7
CCOI,$27.39,1441739746982,"194,388",50% bullish,of 4 ratings,$35
CGNX,$36.14,1441739747055,"234,973",50% bullish,of 2 ratings,$47
CGNT,$1.57,1441739747082,"10,039",100% bullish,of 2 ratings,$2
CHRS,$25.7,1441739747216,"127,285",67% bearish,of 3 ratings,$37
COHR,$56.23,1441739747247,"19,049",50% bullish,of 2 ratings,$72
CTSH,$63.0599,1441739747268,"1,301,324",90% bullish,of 10 ratings,$75
COHU,$9.6,1441739747318,"57,592",100% bearish,of 1 rating,$14.25
CLRX,$0.719,1441739747402,"28,105",50% bullish,of 2 ratings,N/A
CLCT,$17.5668,1441739747558,"16,213",100% bearish,of 1 rating,N/A
COLL,$14.64,1441739747689,"70,847",100% bearish,of 1 rating,$26
CIGI,$42.35,1441739747718,"15,193",100% bearish,of 1 rating,$52
CLCD,$6.34,1441739747746,"13,171",100% bearish,of 1 rating,$20.50
CBAN,$8.75,1441739747771,"1,200",Not yet rated,NULL,N/A
COLM,$62.92,1441739747799,"51,745",100% bearish,of 1 rating,$71
COLB,$30.3499,1441739747824,"41,235",Not yet rated,NULL,$36
CMCO,$19.03,1441739747986,"28,300",60% bullish,of 5 ratings,$28
CBMX,$1.1001,1441739748050,"17,502",83% bullish,of 6 ratings,$3.15
CMCSK,$57.75,1441739748122,"1,220,316",Not yet rated,NULL,$84
CBSH,$44.64,1441739748219,"146,249",50% bullish,of 2 ratings,$46
CBSHP,$25.51,1441739748248,"16,312",100% bearish,of 1 rating,N/A
CUBN,$13.8,1441739748317,"4,200",Not yet rated,NULL,N/A
CMCSA,$56.83,1441739748346,"3,880,712",66% bullish,of 35 ratings,$69.50
CVGI,$4.97,1441739748448,"92,635",50% bullish,of 2 ratings,$6
ESXB,$5.06,1441739748593,"2,910",Not yet rated,NULL,N/A
COMM,$33.365,1441739748618,"502,987",67% bearish,of 3 ratings,$35
JCS,$8.72,1441739748666,200,67% bullish,of 3 ratings,N/A
CSAL,$20.295,1441739748765,"250,503",75% bullish,of 4 ratings,$30
CTBI,$35.25,1441739748806,"6,227",Not yet rated,NULL,$36
CWBC,NULL,1441739748908,0,Not yet rated,NULL,N/A
CYHHZ,$0.0111,1441739748936,"19,144",100% bullish,of 1 rating,N/A
COB,$10.66,1441739749000,"3,458",100% bullish,of 1 rating,$11.75
CVLT,$36,1441739749070,"71,321",75% bullish,of 4 ratings,$44.50
CIZ,$32.8799,1441739749155,220,100% bearish,of 1 rating,N/A
CIL,NULL,1441739749239,0,Not yet rated,NULL,N/A
CID,NULL,1441739749378,0,Not yet rated,NULL,N/A
CSA,NULL,1441739749449,0,Not yet rated,NULL,N/A
CSF,NULL,1441739749477,0,100% bearish,of 1 rating,N/A
CFA,NULL,1441739749535,0,100% bearish,of 1 rating,N/A
CDC,$34.37,1441739749614,932,Not yet rated,NULL,N/A
CFO,$35.44,1441739749643,"3,918",100% bearish,of 1 rating,N/A
CDL,$33.4791,1441739749672,810,Not yet rated,NULL,N/A
CSB,NULL,1441739749774,0,Not yet rated,NULL,N/A
CGEN,$5.1,1441739749799,"135,656",50% bullish,of 2 ratings,$11
CPSI,$45.19,1441739749878,"30,321",100% bearish,of 1 rating,$45.50
CHCI,$0.6301,1441739750098,"23,535",50% bullish,of 2 ratings,N/A
SCOR,$47.99,1441739750129,"170,308",100% bearish,of 1 rating,$66
CTG,$6.6645,1441739750155,"12,855",100% bearish,of 1 rating,$8.50
CMTL,$26.42,1441739750181,"17,158",100% bearish,of 2 ratings,$37
CNSI,$18.72,1441739750233,"65,482",100% bearish,of 2 ratings,$29
CNAT,$3.9799,1441739750312,"50,955",83% bullish,of 6 ratings,$13
CXRX,$77.1056,1441739750367,"23,537",100% bearish,of 1 rating,$90
CNCE,$16.56,1441739750392,"147,191",75% bullish,of 4 ratings,$22
CDOR,$1.25,1441739750574,"2,100",100% bullish,of 1 rating,N/A
CCUR,$5.28,1441739750599,"7,891",75% bullish,of 4 ratings,N/A
CDORP,$6.3,1441739750650,"1,800",100% bearish,of 1 rating,N/A
CDORO,NULL,1441739750675,0,100% bearish,of 1 rating,N/A
CFMS,$14.56,1441739750746,"194,944",100% bearish,of 1 rating,$26.50
CNFR,$10,1441739750839,"9,252",Not yet rated,NULL,N/A
CNMD,$51.955,1441739750876,"21,271",Not yet rated,NULL,$59
CTWS,$34.41,1441739750937,"9,244",100% bearish,of 1 rating,$44
CNXR,$6.99,1441739751040,"60,040",100% bearish,of 1 rating,$12
CNOB,$19.053,1441739751127,"11,951",100% bullish,of 1 rating,$23.50
CONN,$29.82,1441739751167,"384,545",67% bullish,of 3 ratings,$48.50
CWCO,$10.5766,1441739751258,"32,600",67% bullish,of 3 ratings,$14.50
CNSL,$19.92,1441739751302,"59,076",100% bearish,of 1 rating,$23
CPSS,$5.485,1441739751435,"15,014",100% bullish,of 1 rating,$10
CTCT,$25.12,1441739751462,"72,302",67% bullish,of 3 ratings,$37
CFRXW,NULL,1441739751592,0,100% bearish,of 1 rating,N/A
CFRX,$5.015,1441739751621,"20,045",Not yet rated,NULL,$14
CTRV,$3.4887,1441739751649,"3,833",Not yet rated,NULL,$6.40
CFRXZ,NULL,1441739751722,0,Not yet rated,NULL,N/A
CPRT,$35.31,1441739751988,"131,127",67% bearish,of 3 ratings,$40
CTRL,$8.68,1441739752018,"71,841",50% bullish,of 2 ratings,$11
CORT,$4.99,1441739752039,"146,143",67% bullish,of 3 ratings,$12
BVA,$3.8399,1441739752099,"2,717",50% bullish,of 2 ratings,N/A
CRBP,$1.8375,1441739752120,"51,421",100% bullish,of 2 ratings,$6.25
CORE,$59.9,1441739752171,"21,781",100% bearish,of 1 rating,$72
CSOD,$37.87,1441739752267,"133,774",50% bullish,of 2 ratings,$42
CORI,$10.95,1441739752346,"22,522",100% bearish,of 1 rating,$18
CSGP,$179.995,1441739752575,"59,592",50% bullish,of 2 ratings,$235
CRVL,$32.07,1441739752602,"12,197",100% bearish,of 1 rating,N/A
COSI,$1.13,1441739752631,"1,137,393",100% bullish,of 1 rating,N/A
COST,$141.07,1441739752659,"511,889",79% bullish,of 24 ratings,$154.50
CVTI,$22.83,1441739752766,"72,101",67% bearish,of 3 ratings,$39
COVS,$2.4799,1441739752911,"89,714",67% bullish,of 3 ratings,N/A
CPAH,$0.4001,1441739752939,"4,300",50% bullish,of 2 ratings,N/A
COWN,$5.085,1441739753068,"446,601",75% bullish,of 4 ratings,$7
ICBK,$19,1441739753143,"2,383",Not yet rated,NULL,$21
COWNL,NULL,1441739753169,0,Not yet rated,NULL,N/A
CPSH,$2.38,1441739753194,"13,200",Not yet rated,NULL,N/A
CBRL,$149.75,1441739753221,"69,698",50% bullish,of 2 ratings,$155
CRAI,$23.39,1441739753242,"15,213",100% bearish,of 1 rating,$36
CRAY,$21.4901,1441739753470,"128,593",83% bullish,of 6 ratings,$38.50
BREW,$8.09,1441739753499,"7,357",67% bullish,of 6 ratings,$15
CACC,$201.88,1441739753526,"41,314",50% bullish,of 2 ratings,$158.50
CREE,$26.98,1441739753603,"473,009",65% bullish,of 17 ratings,$29.50
SLVO,$10.1778,1441739753654,"8,503",100% bearish,of 1 rating,N/A
CRESY,$10.11,1441739753679,"14,468",100% bearish,of 1 rating,$19
GLDI,$11.0105,1441739753706,"14,012",100% bearish,of 1 rating,N/A
CROX,$13.955,1441739753937,"316,612",63% bullish,of 8 ratings,$16.50
CRTO,$35.564,1441739753967,"793,244",67% bullish,of 6 ratings,$64
CCRN,$14.48,1441739753995,"110,105",100% bearish,of 1 rating,$14.25
CRWS,$8.1599,1441739754021,"15,909",Not yet rated,NULL,$10
CRDS,$1.21,1441739754043,"44,007",50% bullish,of 4 ratings,$3.375
CRWN,$5.26,1441739754181,"101,596",75% bullish,of 4 ratings,N/A
CYRX,$3,1441739754210,"41,124",Not yet rated,NULL,$9
CYRXW,$0.9101,1441739754262,"8,052",Not yet rated,NULL,N/A
CSGS,$29.9801,1441739754352,"43,539",Not yet rated,NULL,$40
CCLP,$13.71,1441739754423,"39,844",67% bearish,of 3 ratings,$20
CSPI,$5.7879,1441739754506,500,67% bullish,of 3 ratings,N/A
CTCM,$1.715,1441739754531,"111,289",80% bearish,of 5 ratings,$3.90
CUNB,$22.1,1441739754735,"21,190",Not yet rated,NULL,$24.50
CTIB,$3.7201,1441739754766,200,100% bearish,of 1 rating,N/A
CTRP,$63.63,1441739754797,"1,117,581",75% bullish,of 8 ratings,$92.50
CTIC,$1.56,1441739754822,"321,854",84% bullish,of 76 ratings,$5.75
CUI,$5.33,1441739754902,"9,050",50% bullish,of 2 ratings,$10
CPIX,$6,1441739754932,"6,086",Not yet rated,NULL,N/A
CRIS,$2.575,1441739755062,"87,353",100% bullish,of 8 ratings,$6
CUTR,$15.12,1441739755157,"14,631",67% bearish,of 3 ratings,$18
CVV,$11.51,1441739755259,"16,921",100% bullish,of 5 ratings,N/A
CYAN,$6.1444,1441739755353,"3,217",100% bearish,of 1 rating,N/A
CVBF,$16.58,1441739755379,"226,573",Not yet rated,NULL,$18
CMLS,$1.305,1441739755404,"121,839",50% bullish,of 4 ratings,$6
CYBR,$48.051,1441739755459,"733,760",75% bullish,of 8 ratings,$68.50
CYBE,$6.78,1441739755565,"3,287",100% bearish,of 1 rating,N/A
CYCC,$0.59,1441739755590,"79,632",73% bullish,of 11 ratings,N/A
CYBX,$67.25,1441739755617,"236,462",50% bullish,of 4 ratings,$71.50
CBAY,$2.9745,1441739755787,"569,482",100% bullish,of 2 ratings,$4
CYCCP,$5.5,1441739755823,564,100% bearish,of 1 rating,N/A
CYNA,$16,1441739755870,"4,004",50% bullish,of 2 ratings,$31.50
CYRN,$1.79,1441739756000,"9,381",67% bullish,of 3 ratings,$4
CYNO,$34.045,1441739756062,"96,327",67% bearish,of 3 ratings,$45.50
CONE,$32.505,1441739756088,"155,408",67% bearish,of 3 ratings,$35.50
CY,$10.3599,1441739756108,"1,384,384",80% bullish,of 10 ratings,$15.50
CYTK,$7.34,1441739756293,"221,343",71% bullish,of 14 ratings,$13.50
CYTX,$0.3922,1441739756355,"1,995,841",83% bullish,of 12 ratings,$5.50
CTSO,$7.36,1441739756392,"25,812",Not yet rated,NULL,$15.625
TVIZ,$22.93,1441739756540,"1,107",100% bearish,of 1 rating,N/A
DAEG,$0.35,1441739756562,"5,200",100% bearish,of 1 rating,N/A
CYTR,$2.6001,1441739756592,"405,215",67% bullish,of 6 ratings,$10
TVIX,$14.535,1441739756643,"7,467,718",81% bullish,of 16 ratings,N/A
ZIV,$36.16,1441739756689,"62,111",Not yet rated,NULL,N/A
DJCO,$197.51,1441739756926,"1,300",Not yet rated,NULL,N/A
XIV,$24.37,1441739756962,"11,617,036",75% bearish,of 4 ratings,N/A
DAKT,$8.515,1441739756999,"77,455",50% bullish,of 2 ratings,$12
DARA,$0.8479,1441739757061,"9,280",83% bullish,of 6 ratings,$1.50
DAIO,$2.53,1441739757089,"6,405",Not yet rated,NULL,N/A
DTLK,$5.66,1441739757222,"58,494",100% bearish,of 1 rating,$9
DWCH,$4.84,1441739757250,"26,562",75% bullish,of 4 ratings,$8.25
DRAM,$1.3,1441739757321,"16,916",78% bullish,of 9 ratings,N/A
PLAY,$37.92,1441739757429,"323,022",83% bullish,of 6 ratings,$42
DWSN,$4.33,1441739757456,"5,366",67% bullish,of 3 ratings,N/A
DTEA,$13.4876,1441739757484,"110,834",100% bearish,of 2 ratings,$24
DBVT,$37.52,1441739757652,"41,816",100% bearish,of 1 rating,$53
TRAK,$62.83,1441739757683,"168,875",50% bullish,of 2 ratings,$62.50
DHRM,$1.6,1441739757709,"2,200",Not yet rated,NULL,N/A
TACO,$14.48,1441739757786,"428,574",75% bullish,of 4 ratings,$20
TACOW,$5.16,1441739757858,"41,125",100% bullish,of 1 rating,N/A
DFRG,$13.805,1441739757951,"194,182",100% bearish,of 1 rating,$20
DCTH,$0.52,1441739758092,"617,572",78% bullish,of 9 ratings,N/A
DGAS,$20.33,1441739758192,"2,485",67% bearish,of 3 ratings,N/A
DELT,$2.4,1441739758223,"4,690",Not yet rated,NULL,N/A
DELTW,$0.17,1441739758254,"2,200",Not yet rated,NULL,N/A
XRAY,$52.35,1441739758322,"175,778",100% bullish,of 1 rating,$58
DENN,$11.46,1441739758349,"100,967",100% bullish,of 3 ratings,$15
DEPO,$27.31,1441739758570,"636,751",60% bullish,of 5 ratings,$29
DSCI,$6.285,1441739758600,"27,845",50% bullish,of 2 ratings,$16
DERM,$26.97,1441739758671,"34,359",100% bearish,of 1 rating,$33.50
DEST,$10.3328,1441739758697,"33,864",50% bullish,of 2 ratings,N/A
DXM,$0.4234,1441739758828,"1,385,113",50% bullish,of 2 ratings,N/A
DSWL,$1.52,1441739758858,"6,773",100% bullish,of 1 rating,N/A
DXLG,$6.51,1441739758879,"54,752",100% bearish,of 1 rating,$8
DXCM,$90.94,1441739759039,"191,071",57% bullish,of 7 ratings,$98
DHXM,$6.37,1441739759091,"3,200",100% bearish,of 1 rating,N/A
FANG,$67.13,1441739759272,"317,032",50% bullish,of 2 ratings,$86
DHIL,$192.7,1441739759358,"1,553",100% bearish,of 1 rating,N/A
DCIX,$1.5699,1441739759499,"35,816",50% bullish,of 4 ratings,$3.50
DRNA,$11.21,1441739759528,"66,969",67% bearish,of 3 ratings,$25
DGII,$10.36,1441739759553,"37,284",100% bearish,of 1 rating,$11
DMRC,$38.98,1441739759575,"36,105",100% bearish,of 1 rating,$44
DMND,$30.96,1441739759663,"44,854",75% bullish,of 12 ratings,$32
DGLY,$7.21,1441739759706,"56,544",50% bullish,of 6 ratings,$20
DRAD,$3.8918,1441739759806,"9,283",100% bullish,of 1 rating,$5.25
APPS,$2.095,1441739759840,"100,542",100% bearish,of 1 rating,$10.25
DCOM,$16.825,1441739759908,"32,061",100% bearish,of 2 ratings,$16
DIOD,$23.01,1441739759938,"148,110",75% bearish,of 4 ratings,$28
DPRX,$14.3,1441739759968,"12,859",100% bullish,of 2 ratings,$27.75
DISCA,$27.1501,1441739760074,"1,287,372",67% bullish,of 3 ratings,$34
DISCB,$27.35,1441739760243,200,100% bearish,of 1 rating,$35
DISCK,$25.65,1441739760381,"700,181",100% bearish,of 1 rating,$32
DSCO,$0.4251,1441739760406,"61,827",83% bullish,of 6 ratings,$2.75
DISH,$60.28,1441739760434,"332,245",69% bullish,of 13 ratings,$73
DVCR,$10.69,1441739760463,"3,194",100% bullish,of 1 rating,N/A
BAGR,$2.7586,1441739760569,"10,050",100% bearish,of 1 rating,$6
DNBF,$26.22,1441739760595,700,Not yet rated,NULL,$27.50
DLHC,NULL,1441739760619,0,100% bearish,of 1 rating,N/A
DLTR,$68.45,1441739760753,"1,638,690",82% bullish,of 11 ratings,$85
DGICA,$13.76,1441739760861,"26,430",100% bearish,of 1 rating,$17
DGICB,NULL,1441739760921,0,100% bearish,of 1 rating,N/A
DMLP,$15.215,1441739760997,"24,605",100% bearish,of 1 rating,N/A
HILL,$9.68,1441739761126,"593,613",60% bearish,of 5 ratings,$9.75
DORM,$50.4,1441739761212,"59,359",100% bearish,of 1 rating,$56
DRWI,$0.18,1441739761242,"478,013",60% bullish,of 5 ratings,$.45
DRWIW,$0.0399,1441739761263,"16,500",Not yet rated,NULL,N/A
DRYS,$0.4518,1441739761347,"1,299,015",77% bullish,of 31 ratings,$.60
DWA,$21.08,1441739761417,"159,497",63% bullish,of 8 ratings,$26
DSKX,$3.366,1441739761488,"48,320",100% bullish,of 1 rating,N/A
DSPG,$9,1441739761621,"8,432",100% bearish,of 1 rating,$13.50
CADT,$10,1441739761652,100,Not yet rated,NULL,N/A
CADTR,NULL,1441739761681,0,Not yet rated,NULL,N/A
CADTU,$10.26,1441739761717,201,Not yet rated,NULL,N/A
CADTW,NULL,1441739761785,0,Not yet rated,NULL,N/A
DTSI,$27.09,1441739761915,"47,285",100% bearish,of 2 ratings,$39.50
DRRX,$2.2,1441739762021,"66,441",50% bullish,of 6 ratings,$3
DNKN,$49.27,1441739762057,"238,755",67% bullish,of 15 ratings,$56.50
BOOM,$9.96,1441739762214,"64,035",67% bullish,of 3 ratings,$12
DYSL,$1.54,1441739762309,"12,963",100% bullish,of 2 ratings,N/A
DYAX,$22.7,1441739762377,"211,641",89% bullish,of 9 ratings,$30
DVAX,$29.7,1441739762449,"83,219",70% bullish,of 10 ratings,$40
DXPE,$30.49,1441739762554,"54,380",50% bullish,of 2 ratings,N/A
ETFC,$27.24,1441739762579,"2,518,890",57% bullish,of 14 ratings,$32.50
DYNT,$3.12,1441739762612,300,75% bullish,of 4 ratings,N/A
EBMT,$11.48,1441739762646,"4,613",Not yet rated,NULL,$13.50
EGBN,$42.24,1441739762740,"43,097",Not yet rated,NULL,$48
EGLE,$6.69,1441739762980,"7,688",60% bullish,of 5 ratings,N/A
EGRX,$83.49,1441739763008,"153,406",67% bullish,of 3 ratings,$97
ELNK,$8.625,1441739763145,"145,040",60% bullish,of 5 ratings,$9.50
EROC,$1.4859,1441739763303,"58,641",50% bullish,of 2 ratings,$3
EWBC,$39.78,1441739763332,"305,430",100% bearish,of 1 rating,$50
EACQU,$10.18,1441739763358,"14,076",Not yet rated,NULL,N/A
EVBS,$6.75,1441739763431,"17,471",Not yet rated,NULL,$7
EML,$16.06,1441739763493,"1,020",Not yet rated,NULL,N/A
EBAY,$26.35,1441739763527,"6,094,757",81% bullish,of 117 ratings,$33
EBIX,$28.4001,1441739763662,"67,894",69% bullish,of 13 ratings,$40
ECHO,$23.49,1441739763690,"155,456",67% bearish,of 3 ratings,$34.50
SATS,$43.88,1441739763859,"25,393",50% bullish,of 2 ratings,$60
ECTE,$1.46,1441739763886,"1,200",75% bullish,of 4 ratings,N/A
EEI,$11.91,1441739763911,"2,254",67% bearish,of 3 ratings,N/A
ELON,$0.58,1441739763959,"55,983",50% bullish,of 2 ratings,N/A
ECACU,$10.1,1441739764172,"90,590",Not yet rated,NULL,N/A
ESES,$3.44,1441739764279,"3,111",100% bearish,of 1 rating,$7
EDAP,$3.59,1441739764316,"18,796",60% bullish,of 5 ratings,$4.50
EDGW,$7.16,1441739764360,"1,075",100% bearish,of 1 rating,N/A
EGAN,$3.955,1441739764392,"15,693",50% bullish,of 2 ratings,$6.25
EFUT,$4.6,1441739764421,"1,259",Not yet rated,NULL,N/A
EDUC,$7.05,1441739764442,"26,825",100% bearish,of 1 rating,N/A
EGLT,$13.39,1441739764491,"40,640",50% bullish,of 2 ratings,$21
EHTH,$14.35,1441739764623,"56,757",50% bullish,of 4 ratings,$17
EMITF,$1.27,1441739764864,"63,902",75% bullish,of 4 ratings,N/A
ESLT,$79.05,1441739764891,"4,070",67% bullish,of 3 ratings,N/A
LOCO,$12.54,1441739764917,"269,873",69% bullish,of 13 ratings,$19.50
ESIO,$4.6476,1441739765059,"31,703",50% bullish,of 2 ratings,$10
ERI,$9.375,1441739765084,"44,072",100% bearish,of 1 rating,$10
EA,$68.18,1441739765109,"1,323,601",78% bullish,of 36 ratings,$80
ELRC,$10.5,1441739765160,"14,602",100% bearish,of 1 rating,N/A
EFII,$44.14,1441739765358,"54,571",80% bullish,of 5 ratings,$55
ELECU,$10.05,1441739765415,"4,200",Not yet rated,NULL,N/A
ELSE,$3.901,1441739765465,950,60% bullish,of 5 ratings,N/A
ELEC,NULL,1441739765594,0,Not yet rated,NULL,N/A
ELECW,NULL,1441739765618,0,Not yet rated,NULL,N/A
EBIO,$3.35,1441739765646,"90,919",100% bearish,of 2 ratings,$8.35
RDEN,$11.39,1441739765667,"30,658",100% bearish,of 4 ratings,$15
CAPX,NULL,1441739765889,0,Not yet rated,NULL,N/A
ESBK,$19.63,1441739765958,795,Not yet rated,NULL,N/A
ELTK,$1.2806,1441739766088,"17,367",67% bearish,of 3 ratings,N/A
EMCI,$22.39,1441739766115,"8,588",Not yet rated,NULL,N/A
EMCF,$22.9,1441739766145,200,100% bearish,of 1 rating,N/A
EMMS,$1.2938,1441739766247,"17,117",67% bullish,of 6 ratings,N/A
EMKR,$6.91,1441739766276,"61,557",75% bullish,of 4 ratings,$8.50
LONG,$16.85,1441739766303,"4,700",67% bullish,of 3 ratings,$15.75
EMMSP,NULL,1441739766386,0,100% bearish,of 1 rating,N/A
NYNY,$4.755,1441739766567,"40,596",50% bullish,of 2 ratings,N/A
ERS,$3.52,1441739766711,300,Not yet rated,NULL,N/A
ENTA,$40.05,1441739766802,"90,503",50% bullish,of 2 ratings,$42
ECPG,$37.7499,1441739766839,"83,711",100% bullish,of 2 ratings,$52
WIRE,$33.49,1441739766938,"45,315",100% bearish,of 1 rating,$37
ELGX,$13.275,1441739767075,"233,722",75% bullish,of 4 ratings,$17
ENDP,$76.08,1441739767113,"525,137",50% bullish,of 6 ratings,$101.50
ECYT,$5.29,1441739767147,"166,034",83% bullish,of 6 ratings,$12
EFOI,$28.015,1441739767175,"1,123,243",67% bullish,of 3 ratings,$24.50
EIGI,$14.85,1441739767249,"119,032",67% bearish,of 3 ratings,$22.50
WATT,$6.83,1441739767270,"26,531",50% bullish,of 2 ratings,$13
ERII,$2.6,1441739767346,"20,789",80% bullish,of 5 ratings,$2.50
EXXI,$1.7,1441739767552,"666,450",86% bullish,of 7 ratings,$3.50
ENOC,$9.145,1441739767610,"121,146",75% bullish,of 4 ratings,$18
ENPH,$4.59,1441739767635,"309,636",75% bullish,of 4 ratings,$10
ENG,$1.02,1441739767680,"2,445",100% bullish,of 3 ratings,N/A
ESGR,$149.85,1441739767705,"18,600",100% bearish,of 1 rating,$185
ENFC,$17.58,1441739767850,100,Not yet rated,NULL,N/A
ENTG,$13.76,1441739767885,"242,160",100% bearish,of 1 rating,$18
ENTL,$22.65,1441739768116,"16,895",Not yet rated,NULL,$28
ETRM,$0.272,1441739768160,"1,024,099",69% bearish,of 35 ratings,$1.625
EBTC,$21.47,1441739768181,"1,540",Not yet rated,NULL,N/A
EFSC,$23.89,1441739768211,"10,717",Not yet rated,NULL,$27
ENVI,$1.95,1441739768244,"111,669",67% bullish,of 3 ratings,N/A
EGT,$1.89,1441739768271,"13,421",100% bullish,of 1 rating,N/A
ENZN,$1.01,1441739768292,"85,641",100% bullish,of 9 ratings,N/A
ENZY,$10.51,1441739768502,"166,869",67% bullish,of 3 ratings,$9.50
EPIQ,$12.42,1441739768583,"17,182",100% bearish,of 1 rating,$18
EPZM,$19.84,1441739768801,"86,641",60% bullish,of 5 ratings,$34
PLUS,$75.57,1441739768827,"15,671",50% bullish,of 2 ratings,$88
EQIX,$277.9225,1441739768854,"212,027",75% bullish,of 4 ratings,$312.50
EQFN,$8.35,1441739768883,"1,938",100% bearish,of 1 rating,N/A
EAC,$3.47,1441739768909,"6,396",100% bearish,of 1 rating,$8
EPRS,$5.5,1441739768989,"19,123",82% bullish,of 11 ratings,$15
ESCA,$18.271,1441739769184,"3,604",100% bearish,of 1 rating,$22
ERIC,$9.8,1441739769217,"926,140",67% bullish,of 9 ratings,$12.20
ERIE,$81.025,1441739769276,"10,388",Not yet rated,NULL,$73
ESMC,$1.282,1441739769347,"1,200",Not yet rated,NULL,N/A
ESCRP,$1.38,1441739769374,"59,216",100% bearish,of 1 rating,N/A
ESCR,$0.3601,1441739769445,"551,631",50% bullish,of 2 ratings,N/A
ESSA,$12.89,1441739769504,"1,800",100% bearish,of 1 rating,N/A
ESPR,$46.45,1441739769549,"175,702",70% bearish,of 10 ratings,$115
ESND,$34,1441739769842,"39,937",100% bearish,of 2 ratings,$40
ESSX,$0.455,1441739769870,"23,659",50% bullish,of 2 ratings,N/A
EPIX,$6.07,1441739769902,"1,250",Not yet rated,NULL,N/A
CLWT,NULL,1441739769923,0,100% bearish,of 1 rating,N/A
EEFT,$68.2407,1441739769952,"61,499",100% bearish,of 1 rating,$67.50
ETSY,$14.2536,1441739770003,"103,134",80% bullish,of 5 ratings,$16
ESEA,$4.5083,1441739770095,999,100% bullish,of 1 rating,$15
EVEP,$8.15,1441739770146,"112,247",50% bullish,of 2 ratings,$14
EVK,NULL,1441739770466,0,75% bearish,of 4 ratings,N/A
EVLV,$2.54,1441739770505,"67,664",60% bullish,of 5 ratings,$4.625
EVOK,$3.51,1441739770527,"8,626",100% bearish,of 1 rating,$13.375
EXA,$10.515,1441739770602,"20,362",100% bearish,of 1 rating,$13
EXAS,$20.892,1441739770633,"518,653",78% bullish,of 9 ratings,$31
EVOL,$5.49,1441739770664,"18,682",75% bullish,of 4 ratings,$10
EXEL,$5.89,1441739770732,"2,413,315",81% bullish,of 16 ratings,$6
EXAC,$19.08,1441739770759,"9,145",100% bearish,of 1 rating,$22.50
EXFO,$2.9301,1441739770899,"2,975",67% bearish,of 3 ratings,$3.95
EXPE,$114.28,1441739770980,"347,600",64% bullish,of 11 ratings,$130
EXLS,$37.49,1441739771055,"39,205",50% bullish,of 2 ratings,$41
EXPD,$48.65,1441739771087,"1,083,206",80% bullish,of 5 ratings,$52
EXPO,$43.56,1441739771136,"46,205",100% bearish,of 1 rating,$45.50
ESRX,$84.285,1441739771184,"1,560,210",67% bearish,of 6 ratings,$101
EXTR,$3.1699,1441739771282,"378,956",80% bullish,of 5 ratings,$3
EZCH,$23.41,1441739771452,"80,812",75% bullish,of 8 ratings,$19
EXLP,$18.3237,1441739771484,"45,475",100% bearish,of 1 rating,$25
EYEG,$4.255,1441739771509,"44,113",Not yet rated,NULL,N/A
EYEGW,$1,1441739771540,"2,850",Not yet rated,NULL,N/A
EZPW,$6.11,1441739771580,"68,950",50% bullish,of 4 ratings,$7
FFIV,$121.25,1441739771760,"173,351",63% bullish,of 8 ratings,$132
FB,$89.43,1441739771798,"11,577,983",74% bullish,of 1078 ratings,$111
FRP,$15.55,1441739771924,"45,236",100% bearish,of 1 rating,$18
FWM,$2.2601,1441739772030,"93,770",100% bearish,of 2 ratings,$3.20
DAVE,$15.0473,1441739772067,"8,529",100% bearish,of 1 rating,$15.50
FCS,$13.935,1441739772093,"745,878",67% bearish,of 3 ratings,$17
FALC,$1.75,1441739772114,"18,597",63% bearish,of 8 ratings,N/A
FARM,$21.82,1441739772303,"11,998",100% bearish,of 1 rating,$35
FFKT,$25.75,1441739772360,"2,377",Not yet rated,NULL,$29
FARO,$37.57,1441739772401,"36,512",50% bullish,of 2 ratings,$48
FMNB,$8.4,1441739772436,"14,023",Not yet rated,NULL,N/A
FAST,$38.73,1441739772539,"1,023,489",80% bullish,of 5 ratings,$43
FATE,$6.292,1441739772568,"13,173",50% bullish,of 2 ratings,$11
FBSS,NULL,1441739772593,0,Not yet rated,NULL,N/A
FBRC,$22.65,1441739772762,"5,211",100% bearish,of 1 rating,$29
FDML,$8.29,1441739772831,"121,539",50% bullish,of 4 ratings,$14
FNHC,$21.903,1441739772913,"17,814",100% bearish,of 1 rating,$35
FHCO,$1.4,1441739772959,"12,732",50% bullish,of 4 ratings,N/A
FEIC,$75.99,1441739773010,"92,416",50% bullish,of 2 ratings,$95.50
FENX,$9.66,1441739773098,"54,306",100% bullish,of 1 rating,$14.25
FCSC,$5.955,1441739773126,"63,987",100% bearish,of 1 rating,$8.125
FGEN,$25.99,1441739773163,"390,785",100% bearish,of 1 rating,$39
ONEQ,$188.6537,1441739773199,"10,394",100% bullish,of 1 rating,N/A
LION,$20.07,1441739773444,"27,392",100% bullish,of 1 rating,$20
FRGI,$52.53,1441739773470,"20,192",50% bullish,of 2 ratings,$70
FDUS,$14.49,1441739773490,"15,095",50% bullish,of 2 ratings,$18
FSAM,$7.69,1441739773623,"23,177",100% bearish,of 1 rating,$10.25
FSFR,$8.82,1441739773649,"42,539",100% bearish,of 1 rating,$11.50
FSC,$6.53,1441739773674,"457,222",60% bullish,of 5 ratings,$8
FSCFL,$24.6778,1441739773859,"2,338",Not yet rated,NULL,N/A
FITB,$19.735,1441739773994,"1,330,436",54% bullish,of 13 ratings,$22
FNGN,$29.87,1441739774123,"126,435",67% bullish,of 3 ratings,$47
FITBI,$27.5,1441739774147,"64,691",Not yet rated,NULL,N/A
FNJN,$1.7126,1441739774208,"3,472",100% bearish,of 1 rating,$5
FISI,$24.64,1441739774234,"5,878",100% bullish,of 2 ratings,$24.50
FNSR,$15.335,1441739774379,"285,804",71% bullish,of 7 ratings,$24
FNTCU,NULL,1441739774420,0,Not yet rated,NULL,N/A
FNTC,NULL,1441739774447,0,Not yet rated,NULL,N/A
FNTCW,NULL,1441739774520,0,Not yet rated,NULL,N/A
FEYE,$38.32,1441739774623,"1,668,623",88% bullish,of 16 ratings,$55.50
FNLC,$18.85,1441739774679,"2,090",100% bullish,of 1 rating,N/A
FBNC,$17.065,1441739774704,"7,901",100% bullish,of 1 rating,$20
FRBA,$6.14,1441739774833,"2,300",Not yet rated,NULL,$8
BUSE,$19.255,1441739774991,"28,078",Not yet rated,NULL,$6.875
FCAP,$26.1,1441739775023,680,Not yet rated,NULL,N/A
FCVA,$4.63,1441739775044,200,Not yet rated,NULL,N/A
FCFS,$39.37,1441739775089,"14,097",100% bearish,of 3 ratings,$47
FCNCA,$230.5,1441739775180,"1,927",Not yet rated,NULL,N/A
FCLF,$9.19,1441739775210,200,Not yet rated,NULL,N/A
FBIZ,$22.99,1441739775231,"16,427",100% bearish,of 2 ratings,$26
FCBC,$17.47,1441739775361,"5,611",Not yet rated,NULL,$18
FCCO,$12.27,1441739775463,696,Not yet rated,NULL,$13.25
FBNK,$16.91,1441739775567,"31,323",100% bearish,of 1 rating,$17.50
FDEF,$37.36,1441739775603,"7,316",Not yet rated,NULL,$38
FCFP,$6.88,1441739775699,600,Not yet rated,NULL,N/A
FFBC,$18.71,1441739775758,"42,444",67% bearish,of 3 ratings,$20.25
FFNM,$6.2701,1441739775855,"2,000",Not yet rated,NULL,N/A
FFBCW,NULL,1441739775885,0,100% bearish,of 1 rating,N/A
FFIN,$30.65,1441739775993,"42,929",50% bullish,of 2 ratings,$31.75
FFNW,$12.107,1441739776024,"9,500",Not yet rated,NULL,$14
THFF,$32.5725,1441739776045,"13,529",Not yet rated,NULL,$35
FFWM,$21.96,1441739776180,"37,775",Not yet rated,NULL,$24
INBK,$29.34,1441739776274,"12,019",50% bullish,of 2 ratings,$37
FIBK,$26.72,1441739776302,"35,297",Not yet rated,NULL,$32
FRME,$26.34,1441739776327,"37,808",Not yet rated,NULL,$26.50
FMBH,$22.24,1441739776353,100,Not yet rated,NULL,N/A
FMBI,$17.77,1441739776503,"57,194",Not yet rated,NULL,$20
FNBC,$34.62,1441739776576,"32,704",Not yet rated,NULL,$40
FNFG,$9.245,1441739776705,"531,259",80% bullish,of 5 ratings,$9
FNWB,$12.155,1441739776755,"4,748",Not yet rated,NULL,N/A
FSBK,$7.8,1441739776786,800,100% bullish,of 1 rating,N/A
FSFG,$30.48,1441739776819,787,Not yet rated,NULL,N/A
FSGI,$2.45,1441739776846,"6,670",Not yet rated,NULL,N/A
FSLR,$48.86,1441739776886,"543,252",72% bullish,of 39 ratings,$65
BICK,$19.2799,1441739776913,420,100% bullish,of 1 rating,N/A
FBZ,NULL,1441739777054,0,Not yet rated,NULL,N/A
FCAN,$24.61,1441739777224,351,Not yet rated,NULL,N/A
FTCS,$36.32,1441739777355,"8,090",100% bearish,of 1 rating,N/A
FCA,$19.77,1441739777380,415,Not yet rated,NULL,N/A
FV,$23.44,1441739777524,"890,515",100% bearish,of 1 rating,N/A
FEMB,$41.09,1441739777549,"3,600",Not yet rated,NULL,N/A
FEUZ,$30.92,1441739777570,600,Not yet rated,NULL,N/A
IFV,$17.735,1441739777604,"210,808",100% bearish,of 1 rating,N/A
MDIV,$19.025,1441739777703,"90,701",Not yet rated,NULL,N/A
FTSM,$59.96,1441739777735,"31,298",100% bearish,of 1 rating,N/A
TDIV,$24.9,1441739777835,"39,120",100% bearish,of 1 rating,N/A
FGM,$36.03,1441739777966,"86,695",Not yet rated,NULL,N/A
FTGC,$22.45,1441739778135,"27,977",Not yet rated,NULL,N/A
FHK,$33.73,1441739778160,"1,800",Not yet rated,NULL,N/A
HYLS,$49.7431,1441739778186,"22,831",100% bearish,of 1 rating,N/A
FTHI,$19.47,1441739778206,479,Not yet rated,NULL,N/A
SKYY,$28.7217,1441739778407,"26,204",100% bullish,of 1 rating,N/A
FPXI,$26.86,1441739778485,200,Not yet rated,NULL,N/A
YDIV,$16.3299,1441739778511,699,Not yet rated,NULL,N/A
CU,$13,1441739778549,"5,528",100% bearish,of 1 rating,N/A
PLTM,$6.18,1441739778575,220,100% bearish,of 1 rating,N/A
FJP,$45.18,1441739778596,"56,508",Not yet rated,NULL,N/A
LMBS,NULL,1441739778638,0,Not yet rated,NULL,N/A
FTLB,$19.3899,1441739778663,362,100% bearish,of 1 rating,N/A
FMB,$51.22,1441739778921,"8,265",Not yet rated,NULL,N/A
CIBR,$17.6523,1441739778950,"24,863",Not yet rated,NULL,N/A
QABA,$37.847,1441739779057,"27,350",100% bearish,of 1 rating,N/A
FONE,$35.42,1441739779083,237,Not yet rated,NULL,N/A
CARZ,$34.9,1441739779214,"3,475",100% bearish,of 1 rating,N/A
GRID,$31.11,1441739779264,35,100% bearish,of 1 rating,N/A
QCLN,$15.3999,1441739779293,"10,610",Not yet rated,NULL,N/A
RDVY,$21.0404,1441739779364,"2,690",Not yet rated,NULL,N/A
QQXT,$40.4385,1441739779389,"11,420",Not yet rated,NULL,N/A
QQEW,$41.94,1441739779455,"23,349",Not yet rated,NULL,N/A
QTEC,$40.3101,1441739779588,"5,570",Not yet rated,NULL,N/A
QINC,$20,1441739779620,200,Not yet rated,NULL,N/A
AIRR,$16.56,1441739779670,"1,420",100% bearish,of 1 rating,N/A
FKO,NULL,1441739779718,0,Not yet rated,NULL,N/A
FTSL,$48.87,1441739779749,"17,550",100% bearish,of 1 rating,N/A
FDIV,$47.4,1441739779852,300,100% bearish,of 1 rating,N/A
FSZ,$38.58,1441739780055,"17,018",Not yet rated,NULL,N/A
FTW,$31.2121,1441739780083,167,Not yet rated,NULL,N/A
FKU,$41.78,1441739780112,"3,697",Not yet rated,NULL,N/A
FUNC,$8.07,1441739780219,"2,400",Not yet rated,NULL,N/A
SVVC,$9.23,1441739780266,"6,350",50% bullish,of 2 ratings,$26
TUSA,$24.81,1441739780354,748,Not yet rated,NULL,N/A
FSV,$32.27,1441739780382,"6,100",Not yet rated,NULL,$33.60
FISV,$86.31,1441739780414,"423,800",100% bearish,of 3 ratings,$90
FMER,$17.685,1441739780435,"211,132",50% bullish,of 2 ratings,$20
FIVE,$34.35,1441739780512,"654,188",75% bearish,of 4 ratings,$43.50
FIVN,$3.73,1441739780703,"56,264",100% bullish,of 1 rating,$8.50
FPRX,$20.39,1441739780750,"75,376",50% bullish,of 2 ratings,$35
FLKS,$12.16,1441739780896,"34,035",50% bullish,of 2 ratings,$27
FLML,$22.8,1441739780926,"116,733",50% bullish,of 2 ratings,$30
FLXN,$28.69,1441739780951,"69,101",100% bearish,of 1 rating,$40
SKOR,$50.44,1441739781027,"4,700",Not yet rated,NULL,N/A
FLIR,$28.875,1441739781294,"302,678",100% bearish,of 2 ratings,$38.50
FLEX,$10.555,1441739781324,"929,649",63% bullish,of 8 ratings,$12
FLXS,$30.39,1441739781353,"6,020",100% bearish,of 2 ratings,N/A
FLDM,$11.245,1441739781427,"176,639",67% bearish,of 3 ratings,$15
FOMX,$9.95,1441739781455,"30,328",50% bullish,of 2 ratings,$23.50
FFIC,$19.71,1441739781491,"15,149",Not yet rated,NULL,$20.50
FOGO,$19,1441739781587,"29,168",50% bullish,of 2 ratings,$25.50
FONR,$10.73,1441739781759,"27,330",100% bullish,of 1 rating,N/A
MBSD,$24.93,1441739781829,"2,400",Not yet rated,NULL,N/A
FORM,$6.8,1441739781987,"60,341",67% bullish,of 3 ratings,$10.50
FES,$0.8899,1441739782012,"37,950",50% bullish,of 2 ratings,$1
FORR,$31.258,1441739782037,"15,899",Not yet rated,NULL,N/A
FTNT,$43.14,1441739782062,"491,968",80% bullish,of 10 ratings,$52
FBIO,$2.55,1441739782240,"40,638",83% bullish,of 6 ratings,N/A
FORD,$1.66,1441739782270,"897,237",67% bullish,of 3 ratings,N/A
FWP,$26.76,1441739782372,"33,147",100% bearish,of 1 rating,$45
FORTY,NULL,1441739782400,0,100% bearish,of 1 rating,N/A
FMI,$23.4,1441739782534,"51,605",100% bearish,of 2 ratings,$27.50
FOSL,$61.165,1441739782564,"256,570",60% bearish,of 5 ratings,$80
FXCB,$17.14,1441739782592,735,Not yet rated,NULL,$19
FOXF,$15.235,1441739782666,"10,897",100% bearish,of 1 rating,$19
FWRD,$44.57,1441739782807,"46,015",100% bearish,of 1 rating,$50
FRAN,$12.46,1441739782895,"743,765",50% bullish,of 4 ratings,$15
FELE,$27.835,1441739782987,"96,547",50% bullish,of 4 ratings,$33
FREE,$0.3348,1441739783020,"449,557",92% bullish,of 12 ratings,N/A
FRED,$12.77,1441739783048,"61,083",50% bullish,of 2 ratings,$15.50
FEIM,$11.25,1441739783073,"2,600",100% bearish,of 1 rating,N/A
RAIL,$20.24,1441739783115,"46,447",100% bearish,of 1 rating,$24.50
FRPT,$12.57,1441739783279,"118,614",67% bearish,of 3 ratings,$23.50
FTR,$5.42,1441739783306,"6,714,145",78% bullish,of 27 ratings,$6.25
FTRPR,$105.6,1441739783362,"20,920",100% bearish,of 1 rating,N/A
FTD,$28.97,1441739783494,"14,127",100% bearish,of 1 rating,$40
FSBW,$23.097,1441739783526,740,Not yet rated,NULL,N/A
FRPH,$30.5,1441739783553,"5,174",100% bearish,of 1 rating,N/A
FSYS,$6.27,1441739783630,"86,659",67% bullish,of 3 ratings,$8.50
FCEL,$0.9013,1441739783816,"934,473",88% bullish,of 41 ratings,$2.65
FTEK,$2.02,1441739783848,"12,513",75% bullish,of 4 ratings,N/A
FULLL,$25.2999,1441739783945,900,Not yet rated,NULL,N/A
FLL,$1.3942,1441739783988,"10,554",75% bullish,of 4 ratings,$3.50
FULL,$3.1072,1441739784026,"21,306",67% bearish,of 3 ratings,$4.25
FSNN,$2.24,1441739784078,"10,600",67% bullish,of 3 ratings,$6
FULT,$12.015,1441739784103,"210,108",100% bearish,of 1 rating,$13
FFHL,NULL,1441739784155,0,50% bullish,of 4 ratings,N/A
FXEN,$0.9888,1441739784243,"15,705",75% bullish,of 4 ratings,$1.10
GK,$67.84,1441739784350,"20,748",Not yet rated,NULL,$78
WILC,$4.77,1441739784488,500,100% bullish,of 2 ratings,N/A
FXENP,$15.13,1441739784515,700,100% bearish,of 1 rating,N/A
GLPG,$59,1441739784589,"27,339",100% bullish,of 1 rating,$75
GAIA,$5.9738,1441739784650,"13,311",50% bullish,of 2 ratings,$8.50
GALTU,NULL,1441739784730,0,100% bearish,of 1 rating,N/A
GALT,$2.2,1441739784782,"111,486",80% bullish,of 5 ratings,N/A
GALTW,NULL,1441739784807,0,100% bullish,of 1 rating,N/A
GALE,$1.58,1441739784834,"284,353",89% bullish,of 47 ratings,$4
GRMN,$37.67,1441739785048,"342,186",50% bullish,of 6 ratings,$46.50
GPIC,$9.77,1441739785076,"2,500",100% bearish,of 1 rating,N/A
GLMD,$8.15,1441739785106,"7,834",67% bullish,of 3 ratings,$20.50
GLPI,$30.66,1441739785208,"132,119",100% bearish,of 1 rating,$37.50
GGAC,$9.92,1441739785236,81,100% bearish,of 1 rating,N/A
GGACU,NULL,1441739785260,0,Not yet rated,NULL,N/A
GGACR,$0.23,1441739785395,"15,600",100% bullish,of 1 rating,N/A
GENC,$9.04,1441739785573,600,100% bearish,of 1 rating,N/A
GARS,$14.55,1441739785600,"22,958",Not yet rated,NULL,$16
GGACW,$0.147,1441739785628,"20,070",Not yet rated,NULL,N/A
GNCMA,$17.35,1441739785653,"59,981",100% bearish,of 1 rating,$12
GFNCP,$88.5,1441739785924,70,Not yet rated,NULL,N/A
GFN,$3.8,1441739785960,"12,175",100% bearish,of 2 ratings,$8
GFNSL,$25.677,1441739786055,"1,545",Not yet rated,NULL,N/A
GNMK,$9.98,1441739786082,"16,766",67% bullish,of 6 ratings,$14
GENE,$2.37,1441739786109,"49,210",100% bullish,of 12 ratings,N/A
GNCA,$11.12,1441739786158,"28,186",100% bearish,of 1 rating,$20
GHDX,$25.31,1441739786241,"32,959",50% bullish,of 2 ratings,$30
GNTX,$15.95,1441739786370,"1,212,113",Not yet rated,NULL,$20
GEVO,$2.31,1441739786603,"345,803",75% bullish,of 12 ratings,$5
THRM,$45.4,1441739786668,"147,755",75% bearish,of 4 ratings,$55.50
GABC,$28.82,1441739786700,"2,849",Not yet rated,NULL,$31.50
GNVC,$2.61,1441739786726,"20,904",90% bullish,of 10 ratings,$8.50
GTWN,NULL,1441739786756,0,Not yet rated,NULL,N/A
GEOS,$16.65,1441739786796,"44,793",100% bearish,of 3 ratings,$21
GERN,$3.32,1441739786856,"1,015,869",88% bullish,of 17 ratings,$5.25
GIGM,$0.5204,1441739787073,"37,670",100% bullish,of 2 ratings,N/A
GIGA,$1.32,1441739787102,"112,460",100% bearish,of 1 rating,N/A
GIII,$69.01,1441739787159,"134,396",67% bullish,of 3 ratings,$79
GILT,$4.1301,1441739787184,"5,980",50% bullish,of 2 ratings,N/A
GILD,$104.2092,1441739787230,"3,552,664",91% bullish,of 89 ratings,$129
ROCK,$16.69,1441739787258,"40,560",80% bullish,of 5 ratings,$24
GBCI,$26.41,1441739787332,"34,537",50% bullish,of 2 ratings,$31
GLAD,$8.93,1441739787436,"122,663",50% bullish,of 2 ratings,$8.75
GLADO,$25.55,1441739787568,"3,300",Not yet rated,NULL,N/A
GOOD,$13.98,1441739787638,"44,372",Not yet rated,NULL,$19
GOODO,$25.14,1441739787699,200,Not yet rated,NULL,N/A
GOODN,$25.55,1441739787728,204,Not yet rated,NULL,N/A
GAIN,$7.4899,1441739787832,"55,775",100% bullish,of 2 ratings,$8.25
GOODP,$25.2,1441739787861,400,Not yet rated,NULL,N/A
GAINO,NULL,1441739787889,0,Not yet rated,NULL,N/A
GAINN,$25.23,1441739787962,"34,551",Not yet rated,NULL,N/A
GAINP,$25.6,1441739788167,"2,300",Not yet rated,NULL,N/A
GBT,$51.56,1441739788195,"146,793",100% bearish,of 1 rating,N/A
GLBZ,$11.9,1441739788223,407,Not yet rated,NULL,N/A
GDEF,$10.65,1441739788324,400,Not yet rated,NULL,N/A
ENT,$11.25,1441739788458,"54,239",100% bearish,of 1 rating,$18
GBLI,$27.505,1441739788555,"3,232",Not yet rated,NULL,N/A
ACTX,NULL,1441739788655,0,100% bullish,of 1 rating,N/A
GSOL,$8.43,1441739788685,"5,270",100% bearish,of 1 rating,N/A
GPACU,NULL,1441739788733,0,Not yet rated,NULL,N/A
QQQC,$18.65,1441739788761,505,100% bearish,of 1 rating,N/A
SOCL,$17.39,1441739788784,"15,104",100% bullish,of 2 ratings,N/A
LAND,$9.19,1441739788922,"24,691",50% bullish,of 2 ratings,$13.75
ALTY,$14.2953,1441739789055,101,Not yet rated,NULL,N/A
SRET,$12.96,1441739789110,11,Not yet rated,NULL,N/A
YLCO,$11.6199,1441739789157,"1,700",Not yet rated,NULL,N/A
GAI,$6.16,1441739789182,500,50% bullish,of 2 ratings,N/A
GSM,$14.36,1441739789212,"197,842",50% bullish,of 2 ratings,$22
GBIM,$2.67,1441739789318,"2,744",50% bullish,of 2 ratings,N/A
GLBS,$1.2945,1441739789383,"10,538",67% bullish,of 3 ratings,N/A
GLUU,$4.64,1441739789606,"812,684",92% bullish,of 26 ratings,$9
GOGO,$15.91,1441739789665,"167,997",80% bullish,of 5 ratings,$25
GLRI,$1.0069,1441739789692,"23,512",100% bearish,of 1 rating,$4.25
GMLP,$20.5703,1441739789713,"79,504",50% bullish,of 4 ratings,$29
GLYC,$6.89,1441739789753,"27,662",50% bullish,of 2 ratings,$14
GLNG,$38.65,1441739789774,"413,780",83% bullish,of 6 ratings,$55.50
GLDC,$3.97,1441739789846,"1,067",50% bullish,of 2 ratings,N/A
GDEN,$9.07,1441739789978,"1,800",50% bullish,of 2 ratings,N/A
GOGL,$2.91,1441739790190,"74,792",75% bullish,of 4 ratings,$5
GTIM,$7.0226,1441739790280,"20,370",Not yet rated,NULL,$11.50
GPRO,$37.25,1441739790309,"5,656,039",78% bullish,of 60 ratings,$71
GOOG,$614.44,1441739790335,"609,695",87% bullish,of 75 ratings,$787.50
GMAN,$3.71,1441739790360,"14,001",60% bullish,of 5 ratings,$8.50
GBDC,$17.105,1441739790385,"139,618",Not yet rated,NULL,$17.75
GOOGL,$643.345,1441739790415,"661,980",88% bullish,of 1083 ratings,$749
GPIAU,$9.96,1441739790515,700,Not yet rated,NULL,N/A
GPIA,NULL,1441739790828,0,100% bearish,of 1 rating,N/A
GBSNU,NULL,1441739790861,0,NULL,NULL,NULL
GPIAW,NULL,1441739790925,0,Not yet rated,NULL,N/A
LOPE,$37.595,1441739791003,"43,971",100% bearish,of 2 ratings,$50
GRVY,$3.69,1441739791028,861,50% bullish,of 2 ratings,N/A
GBSN,$0.1592,1441739791177,"4,883,352",50% bullish,of 2 ratings,$8.25
GLDD,$5.41,1441739791209,"46,563",100% bearish,of 4 ratings,$7.75
GRBK,$11.95,1441739791314,"59,585",77% bullish,of 13 ratings,N/A
GPP,$13.79,1441739791348,"50,165",Not yet rated,NULL,$20.50
GNBC,$11.98,1441739791381,"18,550",100% bearish,of 1 rating,$16.50
GSBC,$41.21,1441739791409,"10,018",100% bullish,of 1 rating,$44
GPRE,$20.37,1441739791442,"287,582",67% bullish,of 6 ratings,$28.50
GCBC,$29,1441739791477,27,100% bullish,of 1 rating,N/A
GLRE,$24.76,1441739791676,"44,319",50% bullish,of 2 ratings,$34
GRIF,$30.52,1441739791756,"9,934",100% bearish,of 1 rating,N/A
GRFS,$31.77,1441739791780,"231,562",50% bullish,of 2 ratings,$35
GGAL,$20.24,1441739791983,"140,765",80% bullish,of 5 ratings,$40
GRPN,$4.225,1441739792010,"3,103,828",61% bullish,of 71 ratings,$6.75
OMAB,$41.1489,1441739792036,"21,624",100% bullish,of 1 rating,$44
GSIG,$12.78,1441739792062,"19,641",100% bearish,of 2 ratings,N/A
GTXI,$0.8879,1441739792199,"3,292",100% bullish,of 5 ratings,$.75
GSVC,$8.971,1441739792228,"15,976",50% bullish,of 2 ratings,$15.75
GSIT,$4.58,1441739792256,"12,080",100% bearish,of 1 rating,N/A
GFED,$14.35,1441739792281,"2,632",Not yet rated,NULL,$17
GBNK,$15.475,1441739792421,"8,921",100% bearish,of 1 rating,$18
GULTU,$0.34,1441739792461,"139,544",100% bearish,of 1 rating,N/A
GUID,$6.75,1441739792521,"22,002",100% bearish,of 3 ratings,$10
GIFI,$12.08,1441739792567,"34,400",100% bearish,of 1 rating,$16
GURE,$1.6,1441739792779,"33,502",88% bullish,of 8 ratings,N/A
GPOR,$33.19,1441739792804,"865,326",75% bullish,of 4 ratings,$54
GWGH,$7.98,1441739792952,"1,364",100% bearish,of 1 rating,$15.05
GWPH,$105.11,1441739792977,"44,919",78% bullish,of 9 ratings,$148.50
HEES,$19.9,1441739793017,"269,135",67% bearish,of 3 ratings,$31
HLG,$9,1441739793044,500,100% bearish,of 1 rating,N/A
HNRG,$7.15,1441739793110,"46,305",100% bearish,of 1 rating,$10
HALL,$11.45,1441739793177,"26,701",Not yet rated,NULL,N/A
GYRO,$32.5001,1441739793205,"9,547",100% bearish,of 1 rating,N/A
HBK,NULL,1441739793255,0,50% bullish,of 2 ratings,N/A
HALO,$17.31,1441739793387,"154,366",67% bullish,of 3 ratings,$22.50
HMPR,$1.9,1441739793434,"197,954",100% bullish,of 1 rating,N/A
HBHC,$27.813,1441739793459,"154,628",50% bullish,of 2 ratings,$30
HBHCL,$24.2608,1441739793614,"60,588",Not yet rated,NULL,N/A
HNH,$24.76,1441739793684,"5,678",100% bullish,of 1 rating,N/A
HAFC,$24.51,1441739793711,"117,205",100% bullish,of 2 ratings,$28.50
HLIT,$5.67,1441739793878,"112,965",100% bearish,of 1 rating,$6.50
HNSN,$0.57,1441739793906,"89,136",88% bullish,of 8 ratings,$.40
HDNG,$10.59,1441739793927,"14,798",50% bullish,of 4 ratings,N/A
HRMNU,NULL,1441739794073,0,Not yet rated,NULL,N/A
HQCL,$12.38,1441739794103,"2,583",67% bullish,of 3 ratings,$14
HRMN,NULL,1441739794124,0,Not yet rated,NULL,N/A
HRMNW,NULL,1441739794144,0,Not yet rated,NULL,N/A
TINY,$2.47,1441739794324,"11,308",50% bullish,of 2 ratings,$5.26
HART,$1.34,1441739794371,"105,420",100% bearish,of 1 rating,N/A
HBIO,$4.45,1441739794403,"41,026",100% bearish,of 1 rating,$10
HCAP,$12,1441739794554,"3,974",50% bullish,of 2 ratings,$15
HA,$24.545,1441739794614,"272,949",67% bullish,of 9 ratings,$27
HCAPL,$25.41,1441739794639,772,Not yet rated,NULL,N/A
HAS,$76.24,1441739794676,"367,025",63% bullish,of 8 ratings,$84.50
HWKN,$38.162,1441739794773,"10,117",Not yet rated,NULL,N/A
HCOM,$21.34,1441739794798,"3,383",100% bearish,of 1 rating,$28
HAYN,$37.38,1441739794827,"13,472",100% bearish,of 1 rating,$59
HWBK,$13.51,1441739794934,"3,235",100% bearish,of 1 rating,N/A
HIIQ,$4.81,1441739794995,"3,188",50% bullish,of 2 ratings,$7
HDS,$33.04,1441739795021,"1,334,611",100% bearish,of 2 ratings,$39.50
HCSG,$33.39,1441739795078,"90,441",50% bullish,of 4 ratings,$35
HQY,$30.65,1441739795306,"124,253",67% bullish,of 3 ratings,$35
HTLD,$20.64,1441739795409,"114,264",Not yet rated,NULL,$22.50
HSTM,$24.56,1441739795462,"31,356",50% bullish,of 2 ratings,$33.75
HTBX,$3.9525,1441739795492,"21,398",50% bullish,of 2 ratings,$15.50
HWAY,$11.625,1441739795553,"169,361",100% bearish,of 1 rating,$15
HTLF,$36.59,1441739795598,"13,787",100% bullish,of 1 rating,$39.50
HTWR,$67.63,1441739795652,"179,543",50% bullish,of 2 ratings,$97.50
HSII,$20.41,1441739795677,"9,943",100% bullish,of 3 ratings,$25
HELE,$86.17,1441739795740,"54,856",67% bearish,of 3 ratings,$100
HMTV,$13.21,1441739795873,"3,059",100% bearish,of 1 rating,$16
HCACU,$10.01,1441739796070,"107,808",Not yet rated,NULL,N/A
HNNA,$24.4201,1441739796103,"15,339",100% bearish,of 1 rating,N/A
HMNY,$2.1475,1441739796131,"8,687",100% bearish,of 1 rating,N/A
HSIC,$136.47,1441739796153,"95,225",83% bullish,of 6 ratings,$146
HTBK,$10.94,1441739796205,"40,877",Not yet rated,NULL,$12
HERO,NULL,1441739796232,0,NULL,NULL,NULL
HFWA,$18.12,1441739796340,"10,476",100% bullish,of 1 rating,$20
HEOP,$7.8,1441739796483,"9,286",Not yet rated,NULL,$8.50
HRTX,$41.59,1441739796622,"949,980",57% bullish,of 7 ratings,$41
HCCI,$12.09,1441739796649,"26,502",100% bearish,of 1 rating,$16.50
HSKA,$33.3,1441739796674,"18,909",100% bearish,of 1 rating,$38
HIBB,$39.7,1441739796701,"101,304",100% bearish,of 1 rating,$46.50
HFFC,$16.02,1441739796726,"4,314",Not yet rated,NULL,N/A
HPJ,$2.3,1441739796870,"32,119",75% bullish,of 4 ratings,$12.43
MLHR,$27.5899,1441739796939,"56,303",50% bullish,of 2 ratings,$33.50
HIMX,$7.46,1441739797024,"771,299",86% bullish,of 21 ratings,$8.25
HIFS,$112.7,1441739797067,"3,862",Not yet rated,NULL,N/A
HIHO,$5.18,1441739797157,"83,151",Not yet rated,NULL,N/A
HSGX,$6.18,1441739797201,"3,887",100% bearish,of 1 rating,$17
HMSY,$10.15,1441739797338,"271,495",67% bullish,of 3 ratings,$19.35
HOLX,$39.48,1441739797367,"1,302,244",50% bullish,of 4 ratings,$42
HMNF,$11.42,1441739797407,418,Not yet rated,NULL,N/A
HOLI,$16.645,1441739797438,"185,109",50% bullish,of 4 ratings,$27
HBCP,$24.5,1441739797539,"2,566",Not yet rated,NULL,$29
HOMB,$38.5,1441739797564,"47,767",Not yet rated,NULL,$42
HFBL,$22.15,1441739797593,"7,400",Not yet rated,NULL,N/A
AWAY,$28.525,1441739797732,"209,596",75% bullish,of 4 ratings,$36
HMST,$22.42,1441739797936,"23,243",100% bullish,of 2 ratings,$27
HKTV,$4.1799,1441739797964,"53,727",100% bearish,of 1 rating,N/A
HMIN,$25.18,1441739797989,"38,931",100% bearish,of 2 ratings,$35
HTBI,$18.13,1441739798017,"40,880",67% bullish,of 3 ratings,$18.625
CETC,$0.77,1441739798148,"31,006",86% bullish,of 7 ratings,N/A
HFBC,$10.92,1441739798177,"18,292",Not yet rated,NULL,N/A
HOFT,$25.3399,1441739798207,"28,414",100% bearish,of 1 rating,N/A
HBNC,$23.48,1441739798306,"14,313",100% bullish,of 1 rating,$27
HRZN,$10.35,1441739798395,"12,199",50% bullish,of 2 ratings,$14.25
ZINC,$7.55,1441739798421,"219,155",100% bearish,of 1 rating,$17
HZNP,$29.47,1441739798448,"761,390",85% bullish,of 20 ratings,$40
HMHC,$22.96,1441739798641,"163,814",Not yet rated,NULL,$27
HDP,$24.39,1441739798666,"235,029",67% bearish,of 3 ratings,$30.50
HWCC,$7.66,1441739798716,"25,690",100% bearish,of 1 rating,$9
HSNI,$59.755,1441739798870,"56,464",Not yet rated,NULL,$80
HOVNP,$4.3881,1441739798900,"3,200",100% bearish,of 1 rating,N/A
HTGM,$6.16,1441739798921,"6,454",100% bearish,of 1 rating,$19.50
HBMD,$13.75,1441739798957,"6,051",100% bearish,of 1 rating,N/A
HUBG,$38.47,1441739798999,"97,768",100% bearish,of 1 rating,$43
HCBK,$9.54,1441739799050,"717,317",83% bullish,of 6 ratings,$8.61
HSON,$2.76,1441739799278,"65,444",100% bearish,of 1 rating,$5
HDSN,$3.07,1441739799350,"12,067",100% bullish,of 1 rating,$6.25
HBANP,$1335,1441739799426,10,100% bearish,of 1 rating,N/A
HBAN,$10.79,1441739799455,"2,379,041",76% bullish,of 17 ratings,$12.29
HTCH,$1.5,1441739799598,"45,706",100% bearish,of 1 rating,$3.50
HURC,$29.8,1441739799623,"2,300",100% bearish,of 1 rating,N/A
HURN,$73.98,1441739799757,"41,430",50% bullish,of 2 ratings,$80
HDRA,NULL,1441739799859,0,Not yet rated,NULL,N/A
HBP,$3.06,1441739799937,200,100% bullish,of 1 rating,N/A
HDRAU,NULL,1441739799964,0,Not yet rated,NULL,N/A
HDRAR,NULL,1441739799988,0,Not yet rated,NULL,N/A
HDRAW,NULL,1441739800015,0,Not yet rated,NULL,N/A
HYGS,$8.5,1441739800040,"11,725",50% bullish,of 2 ratings,$13
IDSY,$3.82,1441739800184,"10,518",100% bearish,of 1 rating,$7
IACI,$69.635,1441739800279,"312,248",80% bullish,of 5 ratings,$90
IKGH,$1.5496,1441739800413,"38,773",75% bullish,of 4 ratings,N/A
ICAD,$4.03,1441739800481,"18,678",50% bullish,of 2 ratings,$7.25
IBKC,$61.24,1441739800514,"37,820",100% bullish,of 1 rating,$70
ICFI,$33.61,1441739800611,"13,358",50% bullish,of 2 ratings,$48.50
IEP,$69.036,1441739800640,"72,289",75% bullish,of 4 ratings,$99
ICLR,$78.55,1441739800744,"172,309",100% bearish,of 3 ratings,$85
ICON,$13.28,1441739800769,"345,653",50% bullish,of 2 ratings,$18.50
INVE,$4.38,1441739800973,"14,170",75% bullish,of 4 ratings,$4
IPWR,$7.69,1441739801019,"4,505",100% bullish,of 1 rating,$15
IDRA,$2.955,1441739801103,"282,563",89% bullish,of 9 ratings,$6.50
ICUI,$111.566,1441739801131,"59,617",Not yet rated,NULL,$122
IDXX,$74.495,1441739801178,"171,388",100% bearish,of 1 rating,$76
IROQ,$16.725,1441739801307,200,100% bullish,of 1 rating,N/A
DSKY,$10.78,1441739801336,"80,002",67% bullish,of 6 ratings,$11.50
IRG,$5.21,1441739801439,"10,125",100% bearish,of 1 rating,$4.25
KANG,$15.29,1441739801594,"167,302",50% bullish,of 2 ratings,$23.10
IIVI,$16.9699,1441739801627,"55,442",100% bearish,of 1 rating,$22
RXDX,$16.34,1441739801660,"106,746",100% bullish,of 1 rating,$20
IKAN,$2.74,1441739801730,"26,362",83% bullish,of 6 ratings,$5
IKNX,NULL,1441739801760,0,100% bearish,of 1 rating,N/A
ILMN,$197.62,1441739801781,"337,935",80% bullish,of 5 ratings,$245
ISNS,$4.2126,1441739801838,"14,643",50% bullish,of 2 ratings,N/A
IMDZ,$15.38,1441739802027,"71,756",100% bearish,of 1 rating,$33
ICCC,$7.091,1441739802052,"5,863",100% bullish,of 1 rating,N/A
IMMR,$12.7,1441739802107,"91,775",80% bullish,of 5 ratings,$15.50
IMNP,$1.385,1441739802242,"133,471",50% bullish,of 2 ratings,$6
IMGN,$13.305,1441739802315,"465,207",75% bullish,of 4 ratings,$17.50
IMMU,$2.3099,1441739802386,"2,056,441",86% bullish,of 7 ratings,$2
IPXL,$45.1,1441739802411,"1,173,013",67% bullish,of 3 ratings,$46.50
INCR,$43.07,1441739802555,"147,151",50% bullish,of 2 ratings,$53
IMMY,$7.69,1441739802588,"2,801",100% bearish,of 1 rating,$11
INCY,$119.445,1441739802614,"231,675",50% bullish,of 6 ratings,$125.50
SAAS,$7.27,1441739802640,"224,923",50% bullish,of 2 ratings,$15
INDB,$45.1,1441739802662,"16,444",Not yet rated,NULL,$44
IBCP,$14.25,1441739802854,"23,451",100% bullish,of 1 rating,$14.50
IDSA,NULL,1441739802886,0,Not yet rated,NULL,N/A
IBTX,$41.705,1441739802987,"6,196",100% bullish,of 2 ratings,$47.25
INFI,$8.695,1441739803155,"111,228",50% bullish,of 4 ratings,$16.50
IPCC,$75.94,1441739803239,"7,806",Not yet rated,NULL,$77.50
III,$3.75,1441739803266,"18,376",57% bullish,of 7 ratings,$6
INWK,$7.1797,1441739803293,"29,019",50% bullish,of 2 ratings,$10
INFN,$20.505,1441739803346,"2,185,615",71% bullish,of 7 ratings,$28
IFON,$1.26,1441739803426,"9,886",75% bullish,of 4 ratings,N/A
IMKTA,$49.31,1441739803453,"42,628",100% bearish,of 1 rating,N/A
INNL,$13,1441739803494,"43,834",100% bearish,of 1 rating,$16.50
IPHS,$45.78,1441739803671,"27,285",100% bearish,of 1 rating,$60
INOD,$2.31,1441739803699,"24,700",100% bearish,of 1 rating,N/A
IOSP,$49.4734,1441739803736,"67,160",100% bearish,of 1 rating,N/A
INGN,$52.17,1441739803873,"142,824",100% bearish,of 1 rating,$50.50
ITEK,$13.0847,1441739803976,"152,741",100% bearish,of 3 ratings,$20
INOV,$21.395,1441739804014,"142,793",100% bearish,of 1 rating,$33
ISSC,$2.7,1441739804040,"11,991",67% bearish,of 3 ratings,N/A
NSIT,$25.07,1441739804071,"42,105",50% bullish,of 2 ratings,N/A
INO,$7.06,1441739804173,"319,513",89% bullish,of 18 ratings,$20
ISIG,$2.64,1441739804198,"1,917",100% bearish,of 1 rating,N/A
INSM,$24.71,1441739804269,"134,341",71% bullish,of 7 ratings,$31.50
IIIN,$17.84,1441739804295,"15,463",100% bearish,of 2 ratings,N/A
INSY,$34.495,1441739804560,"390,346",75% bullish,of 4 ratings,$48
PODD,$29.07,1441739804589,"67,562",67% bearish,of 3 ratings,$35
NTEC,$5.65,1441739804614,"3,848",100% bearish,of 1 rating,N/A
IART,$63.315,1441739804644,"62,008",100% bearish,of 2 ratings,$71.50
IDTI,$19.74,1441739804669,"885,749",60% bullish,of 5 ratings,$25
ISSI,$21.945,1441739804720,"68,627",67% bullish,of 3 ratings,$19.75
IESC,$7.11,1441739804798,"3,621",100% bearish,of 1 rating,N/A
IQNT,$19.208,1441739804891,"165,425",86% bullish,of 7 ratings,$20
INTC,$29.46,1441739804965,"11,064,795",82% bullish,of 238 ratings,$36
ININ,$36,1441739805119,"29,587",67% bearish,of 3 ratings,$57
IPAR,$25.2,1441739805144,"37,657",67% bullish,of 3 ratings,$38
IPCI,$2.251,1441739805169,"12,267",67% bullish,of 6 ratings,$8
ICPT,$193.28,1441739805218,"128,863",70% bullish,of 10 ratings,$359.50
ICLD,$2.02,1441739805350,"213,787",75% bullish,of 4 ratings,N/A
ICLDW,NULL,1441739805376,0,100% bearish,of 1 rating,N/A
IDCC,$48.74,1441739805519,"70,685",80% bullish,of 5 ratings,$63
IMI,$2,1441739805604,"10,813",67% bullish,of 3 ratings,$2.22
INAP,$9.28,1441739805686,"62,166",75% bullish,of 4 ratings,$11
IBOC,$25.48,1441739805750,"48,139",100% bearish,of 1 rating,N/A
IBKR,$38.497,1441739805775,"175,064",100% bullish,of 1 rating,N/A
TILE,$24.31,1441739805855,"127,141",100% bearish,of 3 ratings,$27
ISCA,$32.71,1441739805990,"16,638",100% bearish,of 1 rating,N/A
IIJI,$8.6999,1441739806020,120,50% bullish,of 2 ratings,$12.50
IGLD,$7.38,1441739806041,"1,075",50% bullish,of 2 ratings,N/A
PTNT,$2.97,1441739806072,800,Not yet rated,NULL,N/A
INPH,$0.31,1441739806198,"6,145",50% bullish,of 2 ratings,N/A
XENT,$25.47,1441739806294,"110,523",50% bullish,of 2 ratings,$36.50
INTX,$1.96,1441739806319,"2,890",67% bullish,of 3 ratings,N/A
ISIL,$10.84,1441739806383,"362,314",50% bullish,of 6 ratings,$15
IILG,$19.63,1441739806527,"27,227",100% bearish,of 1 rating,$29
IVAC,$4.95,1441739806552,"9,747",100% bearish,of 1 rating,$6.625
INTL,$25.75,1441739806579,"10,393",67% bearish,of 3 ratings,N/A
ITCI,$27.64,1441739806727,"116,639",75% bearish,of 4 ratings,$40
INTLL,$26.09,1441739806759,100,Not yet rated,NULL,N/A
IIN,$6.75,1441739806858,"2,100",100% bearish,of 1 rating,$12
INTU,$87.39,1441739806884,"732,770",86% bullish,of 7 ratings,$107.50
ISRG,$518.81,1441739806915,"39,794",67% bullish,of 3 ratings,$600
SNAK,$8.35,1441739806943,"26,154",50% bullish,of 2 ratings,$14
INVT,$0.3307,1441739807018,"44,621",67% bullish,of 3 ratings,N/A
ISBC,$11.96,1441739807156,"629,364",100% bullish,of 1 rating,$13.25
ISTR,$15.92,1441739807188,"2,302",100% bearish,of 1 rating,$18.50
NVIV,$11.01,1441739807298,"261,062",50% bullish,of 4 ratings,$24.50
ITIC,$70.95,1441739807366,100,100% bearish,of 2 ratings,N/A
IPAS,$1.08,1441739807499,"4,354",67% bullish,of 3 ratings,N/A
IVTY,$14.285,1441739807525,"11,560",Not yet rated,NULL,$18
IPCM,$79.1901,1441739807670,"99,096",50% bullish,of 2 ratings,$80.125
DTUL,NULL,1441739807704,0,Not yet rated,NULL,N/A
DFVL,NULL,1441739807724,0,Not yet rated,NULL,N/A
IPGP,$83.595,1441739807754,"159,902",67% bearish,of 3 ratings,$109.50
IRIX,$6.89,1441739807801,"1,853",100% bearish,of 1 rating,N/A
IRMD,$24.81,1441739807898,"9,543",67% bearish,of 3 ratings,$25
IRDMB,$281.5,1441739807925,150,67% bearish,of 3 ratings,N/A
IRDM,$6.845,1441739807951,"205,258",60% bullish,of 5 ratings,$11.50
IRWD,$11.28,1441739808097,"479,513",100% bearish,of 1 rating,$13
FCHI,NULL,1441739808227,0,NULL,NULL,NULL
IRBT,$30.38,1441739808291,"89,133",67% bullish,of 6 ratings,$37
IRCP,NULL,1441739808325,0,100% bullish,of 2 ratings,N/A
COMT,$33.4215,1441739808368,"3,127",100% bearish,of 1 rating,N/A
GNMA,$50.02,1441739808459,"4,150",Not yet rated,NULL,N/A
IFEU,$37.82,1441739808494,400,Not yet rated,NULL,N/A
IFAS,NULL,1441739808655,0,NULL,NULL,NULL
IFNA,NULL,1441739808678,0,NULL,NULL,NULL
IFGL,$28.105,1441739808725,"64,704",Not yet rated,NULL,N/A
ACWX,$40.1699,1441739808808,"610,524",100% bearish,of 1 rating,N/A
AAXJ,$52.82,1441739808843,"522,217",Not yet rated,NULL,N/A
AXJS,NULL,1441739808870,0,NULL,NULL,NULL
ACWI,$55.335,1441739808939,"1,482,306",Not yet rated,NULL,N/A
AAIT,NULL,1441739808968,0,NULL,NULL,NULL
EMDI,NULL,1441739809151,0,NULL,NULL,NULL
EEME,NULL,1441739809177,0,NULL,NULL,NULL
EEMA,$49.66,1441739809256,"18,963",Not yet rated,NULL,N/A
EMEY,NULL,1441739809278,0,NULL,NULL,NULL
EGRW,NULL,1441739809350,0,NULL,NULL,NULL
EVAL,NULL,1441739809450,0,NULL,NULL,NULL
IEUS,$45.42,1441739809546,"1,515",100% bearish,of 1 rating,N/A
EEML,NULL,1441739809576,0,Not yet rated,NULL,N/A
UAE,$17.799,1441739809638,"1,600",Not yet rated,NULL,N/A
QAT,$21.16,1441739809676,"1,500",Not yet rated,NULL,N/A
EUFN,$21.58,1441739809703,"84,268",100% bearish,of 1 rating,N/A
EMIF,$28.06,1441739809888,"2,945",Not yet rated,NULL,N/A
SOXX,$84.53,1441739809971,"274,998",50% bullish,of 2 ratings,N/A
IBB,$349.51,1441739809999,"659,653",67% bullish,of 9 ratings,N/A
ICLN,$9.366,1441739810103,"15,998",50% bullish,of 2 ratings,N/A
INDY,$26.56,1441739810164,"687,105",50% bullish,of 2 ratings,N/A
WOOD,$47.894,1441739810255,"4,044",50% bullish,of 2 ratings,N/A
ISHG,$79.72,1441739810298,559,100% bearish,of 1 rating,N/A
ISIS,$54.06,1441739810390,"436,650",53% bullish,of 15 ratings,$67
IGOV,$91.303,1441739810415,"17,876",100% bearish,of 1 rating,N/A
ITRI,$28.9,1441739810544,"55,437",100% bearish,of 1 rating,$37
ISLE,$19.845,1441739810572,"248,399",50% bullish,of 4 ratings,$17
ISRL,$124,1441739810598,303,100% bearish,of 1 rating,N/A
ITRN,$23.62,1441739810625,857,50% bullish,of 2 ratings,N/A
ITUS,$4.1301,1441739810645,"9,924",Not yet rated,NULL,N/A
IXYS,$11.52,1441739810878,"39,167",50% bullish,of 4 ratings,N/A
XXIA,$15.11,1441739810904,"297,493",71% bullish,of 7 ratings,$14.625
MAYS,$58.8,1441739811034,121,Not yet rated,NULL,N/A
JBHT,$76.52,1441739811127,"289,736",50% bullish,of 4 ratings,$89.50
JJSF,$116,1441739811164,"22,876",100% bearish,of 1 rating,N/A
JASO,$7.915,1441739811214,"440,881",82% bullish,of 17 ratings,$10
JACK,$79.53,1441739811294,"145,279",71% bullish,of 7 ratings,$105
JCOM,$68.35,1441739811324,"62,090",100% bullish,of 2 ratings,$77
JXSB,NULL,1441739811349,0,Not yet rated,NULL,N/A
JKHY,$68.19,1441739811395,"93,489",67% bearish,of 3 ratings,$72
JAGX,$3.31,1441739811522,"9,100",Not yet rated,NULL,$10.50
JAXB,$13.15,1441739811552,222,100% bullish,of 1 rating,N/A
JAKK,$9.7685,1441739811627,"304,947",60% bearish,of 5 ratings,$11
JRVR,$28,1441739811786,"17,745",Not yet rated,NULL,$32
JMBA,$14.15,1441739811888,"72,161",75% bullish,of 4 ratings,$18
ERW,NULL,1441739811914,0,Not yet rated,NULL,N/A
JASNW,NULL,1441739811989,0,50% bullish,of 2 ratings,N/A
JAZZ,$166.53,1441739812150,"119,553",80% bullish,of 15 ratings,$206.50
JASN,$4.85,1441739812190,"6,054",50% bullish,of 2 ratings,$9.50
JBLU,$24.8,1441739812219,"3,841,568",94% bullish,of 18 ratings,$27
JTPY,$2.9699,1441739812251,"11,800",100% bearish,of 1 rating,N/A
JCTCF,NULL,1441739812348,0,100% bullish,of 1 rating,N/A
JIVE,$4.66,1441739812373,"1,622,838",75% bullish,of 4 ratings,$5
JST,$3.68,1441739812566,"5,500",75% bullish,of 4 ratings,N/A
JD,$23.99,1441739812635,"12,572,904",75% bullish,of 16 ratings,$36
DATE,$5.86,1441739812669,"42,777",75% bullish,of 4 ratings,$9
WYIGU,$9.95,1441739812697,"2,100",100% bearish,of 1 rating,N/A
JBSS,$51.77,1441739812767,"23,835",67% bearish,of 3 ratings,N/A
JOEZ,$0.177,1441739812791,"291,242",92% bullish,of 12 ratings,N/A
KTWO,$21.11,1441739813068,"33,949",100% bearish,of 1 rating,$28.50
JOUT,$24.54,1441739813102,"15,426",100% bearish,of 1 rating,$34
JNP,$13.59,1441739813139,"85,397",100% bullish,of 3 ratings,$15
KBIO,$3.52,1441739813163,"866,470",50% bullish,of 4 ratings,N/A
JUNO,$38.87,1441739813188,"648,722",73% bullish,of 11 ratings,$67
KALU,$83.0625,1441739813225,"50,168",67% bearish,of 3 ratings,$91
KMDA,$3.52,1441739813252,"2,540",50% bullish,of 2 ratings,$8
KNDI,$6.3598,1441739813273,"139,948",86% bullish,of 22 ratings,N/A
