Symbol,Price,Date,Volume,Rating,RatingVoteCount,OneYearEstimate
FLWS,$8.215,1441116602142,"35,270",80% bullish,of 5 ratings,$15
FCTY,$7.85,1441116602168,"1,000",100% bullish,of 1 rating,$8.50
FCCY,$11.5,1441116602245,100,100% bullish,of 1 rating,$13
VNET,$17.18,1441116602458,"92,068",60% bullish,of 5 ratings,$35
SRCE,$29.52,1441116602515,"3,141",100% bullish,of 3 ratings,$33
TWOU,$34.3,1441116602562,"53,150",50% bullish,of 2 ratings,$39
DGLD,$79.351,1441116602761,"1,083",100% bullish,of 1 rating,N/A
DSLV,$68.9701,1441116602865,"3,278",100% bearish,of 1 rating,N/A
UGLD,$9.4901,1441116602890,"79,661",100% bearish,of 1 rating,N/A
JOBS,$26.43,1441116603112,"11,750",50% bullish,of 4 ratings,$36
USLV,$12.45,1441116603210,"28,558",86% bullish,of 7 ratings,N/A
SIXD,$2.439,1441116603584,"36,547",Not yet rated,NULL,N/A
CAFD,$14.5,1441116603620,"27,407",Not yet rated,NULL,$25
EGHT,$7.62,1441116603715,"35,722",82% bullish,of 17 ratings,$11
SHLM,$33.5,1441116603968,"6,892",100% bearish,of 1 rating,$47
AVHI,$13.97,1441116604025,"1,522",100% bearish,of 1 rating,$19
AAON,$20.29,1441116604123,"6,636",100% bearish,of 1 rating,$24
ABY,$21.91,1441116604318,"82,256",100% bearish,of 2 ratings,$46
ABAX,$46.18,1441116604343,"15,184",100% bearish,of 1 rating,$60
ABGB,$5.94,1441116604508,"24,134",67% bullish,of 3 ratings,$5.50
ABEO,$4.69,1441116604750,"14,474",50% bullish,of 4 ratings,$15.50
ABEOW,$1.56,1441116604780,50,100% bullish,of 1 rating,N/A
AXAS,$1.9,1441116605120,"175,964",78% bullish,of 9 ratings,$3.50
ACTG,$9.2856,1441116605170,"18,351",67% bullish,of 3 ratings,$18.50
ABMD,$95.09,1441116605191,"39,796",75% bullish,of 4 ratings,$100.50
ACAD,$36.04,1441116605386,"86,759",80% bullish,of 20 ratings,$48
ACHC,$71.74,1441116605466,"37,485",50% bullish,of 2 ratings,$92
ACST,$0.35,1441116605563,"1,300",100% bullish,of 2 ratings,N/A
AXDX,$19.625,1441116605725,"12,108",100% bearish,of 1 rating,N/A
XLRN,$28.92,1441116605827,"8,919",50% bullish,of 2 ratings,$57
ARAY,$6.7839,1441116606102,"61,153",100% bearish,of 1 rating,$10.50
ANCX,$20.2,1441116606127,"2,092",Not yet rated,NULL,$20
VXDN,$1.74,1441116606293,"19,489",100% bearish,of 1 rating,N/A
VXUP,$1.76,1441116606427,"25,598",100% bearish,of 1 rating,N/A
ACRX,$4.35,1441116606498,"64,771",67% bearish,of 6 ratings,$5.50
ACET,$22.03,1441116606704,"12,325",75% bullish,of 4 ratings,$30
AKAO,$6.92,1441116606793,"3,904",75% bullish,of 4 ratings,$15
ACHN,$7.15,1441116606818,"195,397",90% bullish,of 21 ratings,$16
ACIW,$21.07,1441116606950,"19,897",67% bearish,of 3 ratings,$24
ACOR,$31.7,1441116607079,"55,203",67% bearish,of 3 ratings,$38.50
ACNB,$19.95,1441116607124,907,Not yet rated,NULL,N/A
TFSC,NULL,1441116607153,0,100% bearish,of 1 rating,N/A
TFSCR,NULL,1441116607185,0,Not yet rated,NULL,N/A
TFSCW,NULL,1441116607255,0,100% bearish,of 1 rating,N/A
PIH,NULL,1441116607280,0,100% bearish,of 1 rating,N/A
TFSCU,NULL,1441116607304,0,Not yet rated,NULL,N/A
ATVI,$27.94,1441116607333,"1,176,281",67% bullish,of 84 ratings,$31.50
ACTS,$1.6395,1441116607493,"2,508",100% bearish,of 1 rating,N/A
ACUR,$3.03,1441116607525,"5,600",100% bullish,of 5 ratings,$5
ACPW,$2.0335,1441116607555,"4,880",100% bullish,of 4 ratings,$3.25
ACTA,$13.96,1441116607581,"4,034",67% bearish,of 3 ratings,$25
ADMS,$19.6275,1441116607627,"4,550",100% bearish,of 2 ratings,$36
ACXM,$20.64,1441116607657,"12,750",67% bullish,of 3 ratings,N/A
ADMP,$3.64,1441116607759,561,50% bullish,of 2 ratings,$10
ADAP,$11.1137,1441116607890,"8,556",67% bullish,of 3 ratings,$22
AEY,NULL,1441116607920,0,100% bearish,of 2 ratings,N/A
ADUS,$28.27,1441116607946,"1,665",100% bearish,of 1 rating,$31
ADMA,$9.345,1441116607988,450,Not yet rated,NULL,$19
ADEP,$6.73,1441116608019,"23,079",50% bullish,of 2 ratings,$10.75
ADBE,$76.98,1441116608082,"338,198",65% bullish,of 17 ratings,$90
AEIS,$23.97,1441116608212,"13,242",50% bullish,of 2 ratings,$32.50
ADRO,$18.38,1441116608271,"24,554",80% bullish,of 5 ratings,$45.50
ADXS,$14.37,1441116608296,"58,453",64% bullish,of 14 ratings,$27
ADTN,$15.86,1441116608322,"25,689",67% bullish,of 3 ratings,$17.125
AMD,$1.785,1441116608365,"582,571",83% bullish,of 103 ratings,$2
ADXSW,$9.86,1441116608455,800,100% bullish,of 1 rating,N/A
MULT,NULL,1441116608480,0,100% bearish,of 1 rating,N/A
YPRO,NULL,1441116608506,0,100% bearish,of 1 rating,N/A
AEGN,$18.16,1441116608666,"10,266",100% bearish,of 2 ratings,$21
AEHR,$2.35,1441116608697,"4,044",50% bullish,of 2 ratings,N/A
AMTX,$3.22,1441116608719,"2,764",50% bullish,of 2 ratings,$26.11
AEGR,$17.53,1441116608749,"27,250",50% bullish,of 6 ratings,$26
AEPI,$54.06,1441116608782,400,100% bearish,of 1 rating,N/A
AVAV,$23.472,1441116608854,"8,998",50% bullish,of 4 ratings,$31
AERI,$15.39,1441116608883,"31,606",75% bullish,of 4 ratings,$31.50
AEMD,$7.38,1441116608927,"5,288",Not yet rated,NULL,$27.50
AEZS,$0.0869,1441116608952,"1,986,006",90% bullish,of 21 ratings,$1.50
AFFX,$9.1598,1441116609085,"27,708",80% bullish,of 5 ratings,$12.50
AFMD,$9.792,1441116609151,"10,530",50% bullish,of 4 ratings,$15
AGEN,$6.934,1441116609185,"71,366",85% bullish,of 13 ratings,$14
AGIO,$83.63,1441116609285,"34,264",88% bullish,of 8 ratings,$114
AGYS,$10.22,1441116609313,"1,063",100% bearish,of 1 rating,N/A
AGRX,$8.655,1441116609338,"1,432",100% bearish,of 1 rating,$17.50
AGFS,$9.85,1441116609366,"13,934",100% bearish,of 1 rating,N/A
AGFSW,NULL,1441116609498,0,100% bearish,of 2 ratings,N/A
AIMT,$20.68,1441116609523,"12,291",Not yet rated,NULL,$35.50
AIRT,$22.3,1441116609575,404,100% bullish,of 1 rating,N/A
AIRM,$36.07,1441116609684,"15,875",80% bearish,of 5 ratings,$53
AMCN,$4.47,1441116609713,"32,092",83% bullish,of 6 ratings,N/A
ATSG,$8.83,1441116609734,"9,092",67% bullish,of 3 ratings,$13
AIXG,$6.31,1441116609782,843,67% bearish,of 3 ratings,$5.25
AKAM,$70.32,1441116609869,"178,164",63% bullish,of 8 ratings,$77.50
ALRM,$16.75,1441116609998,"10,128",100% bearish,of 1 rating,$22
AKRX,$38.95,1441116610064,"38,626",78% bullish,of 9 ratings,$56
AKER,$2.55,1441116610090,20,Not yet rated,NULL,N/A
AKBA,$6.91,1441116610120,"42,543",100% bearish,of 1 rating,$18
ALSK,$2.21,1441116610141,"19,004",78% bullish,of 18 ratings,$2
ABDC,$12.88,1441116610171,300,Not yet rated,NULL,$15
AMRI,$19.82,1441116610314,"17,858",75% bearish,of 4 ratings,$24
ALDX,$7.1699,1441116610357,"1,100",100% bearish,of 1 rating,$14.50
ALDR,$38.295,1441116610383,"26,952",67% bearish,of 3 ratings,$62
ALXN,$170.456,1441116610415,"141,575",88% bullish,of 8 ratings,$223
ALXA,$1.2431,1441116610443,"14,885",83% bullish,of 6 ratings,$2.125
ADHD,$7.8601,1441116610512,"11,431",50% bullish,of 4 ratings,$18
ALCO,$41.62,1441116610537,463,50% bullish,of 2 ratings,N/A
ALGN,$55.135,1441116610669,"77,624",100% bearish,of 2 ratings,$73
ALKS,$60.5,1441116610710,"224,021",67% bullish,of 3 ratings,$75
ALIM,$3.25,1441116610748,"4,316",80% bullish,of 5 ratings,$10
ALGT,$198.65,1441116610773,"11,927",100% bearish,of 2 ratings,$235
ALLB,$22.55,1441116610802,102,Not yet rated,NULL,N/A
AHGP,$35.38,1441116610902,"6,218",67% bullish,of 3 ratings,N/A
AIQ,$14.16,1441116610928,"1,709",67% bullish,of 3 ratings,N/A
AFOP,$18.53,1441116610957,"24,210",75% bullish,of 8 ratings,$21
ARLP,$25.36,1441116610996,"19,835",67% bearish,of 3 ratings,$32
AMOT,$18.67,1441116611095,"3,850",100% bearish,of 1 rating,N/A
AHPI,NULL,1441116611127,0,50% bullish,of 2 ratings,N/A
ALQA,$4.6,1441116611148,"8,260",75% bullish,of 4 ratings,$8.50
ALLT,$5.12,1441116611178,"8,864",75% bullish,of 4 ratings,$6.25
MDRX,$13.5,1441116611238,"134,001",60% bullish,of 5 ratings,$16
AFAM,$43.31,1441116611371,"5,067",50% bullish,of 2 ratings,$44
ALNY,$99.255,1441116611404,"102,583",67% bullish,of 3 ratings,$151.50
AOSL,$7.5,1441116611437,"5,662",67% bullish,of 3 ratings,$9
ALTR,$48.38,1441116611535,"227,884",80% bearish,of 5 ratings,$54
ATEC,$0.5811,1441116611562,"6,700",100% bullish,of 1 rating,$2
SMCP,$22.9899,1441116611625,"2,400",Not yet rated,NULL,N/A
ASPS,$25.7846,1441116611646,"41,547",67% bullish,of 3 ratings,$46.50
AMRN,$2.2,1441116611693,"274,513",85% bullish,of 39 ratings,$8
AIMC,$24.52,1441116611725,"5,228",100% bearish,of 2 ratings,$28.50
AMAG,$61.83,1441116611754,"52,237",100% bullish,of 2 ratings,$77.50
AMRK,$10.6,1441116611910,600,50% bullish,of 2 ratings,$14
AYA,$20.355,1441116611944,"3,250",100% bearish,of 1 rating,$40
AMBC,$15.85,1441116611971,"12,598",100% bearish,of 1 rating,$16.50
AMZN,$504.41,1441116612043,"400,470",81% bullish,of 265 ratings,$646
AMBCW,NULL,1441116612070,0,100% bearish,of 1 rating,N/A
AMBA,$91.34,1441116612126,"831,603",83% bullish,of 12 ratings,$102.50
AMCX,$71.12,1441116612203,"31,155",67% bullish,of 3 ratings,$87.50
DOX,$56.43,1441116612228,"15,903",67% bearish,of 3 ratings,$60
EPAX,$2.68,1441116612259,"1,046",100% bearish,of 1 rating,N/A
AMDA,$0.474,1441116612296,"107,459",90% bullish,of 10 ratings,$1
AMED,$38.495,1441116612358,"35,587",100% bearish,of 1 rating,$42
UHAL,$369.6,1441116612387,"2,347",100% bullish,of 2 ratings,$393.50
ASBI,$22.58,1441116612413,300,Not yet rated,NULL,N/A
ATAX,$5.3179,1441116612562,"5,418",100% bullish,of 1 rating,$6.50
AMOV,$17.75,1441116612590,189,100% bearish,of 1 rating,N/A
AAL,$38.7231,1441116612620,"1,924,705",93% bullish,of 88 ratings,$57
AGNC,$19.1,1441116612649,"258,942",71% bullish,of 28 ratings,$22
AGNCB,$24.3383,1441116612727,"5,004",Not yet rated,NULL,N/A
AGNCP,$25.2,1441116612756,900,Not yet rated,NULL,N/A
MTGEP,$24.5,1441116612853,350,Not yet rated,NULL,N/A
MTGE,$15.14,1441116612883,"52,577",75% bullish,of 4 ratings,$19.50
ACSF,$12.2,1441116612959,"6,765",100% bearish,of 1 rating,$15
ANCI,NULL,1441116612991,0,100% bearish,of 1 rating,N/A
ACAS,$13.64,1441116613017,"61,919",60% bullish,of 5 ratings,$16.75
AMIC,NULL,1441116613066,0,100% bearish,of 1 rating,N/A
AETI,NULL,1441116613095,0,67% bearish,of 3 ratings,N/A
AMNB,$23.58,1441116613198,906,Not yet rated,NULL,$25.50
ANAT,$98.25,1441116613222,"3,049",100% bullish,of 1 rating,N/A
APEI,$21.585,1441116613285,"8,806",100% bearish,of 1 rating,$25.50
ARII,$40.04,1441116613387,"29,267",67% bearish,of 3 ratings,$45
AMRB,$9.85,1441116613520,"1,372",Not yet rated,NULL,$11
AMSWA,$9.01,1441116613653,"5,164",100% bearish,of 2 ratings,$10.75
ASEI,$39.0102,1441116613679,"1,418",100% bearish,of 1 rating,$52.50
AMSC,$5.21,1441116613709,"19,395",50% bullish,of 4 ratings,N/A
AMWD,$64.79,1441116613811,"8,082",50% bullish,of 2 ratings,$70
ABCB,$26.85,1441116613844,"5,140",Not yet rated,NULL,$31
AMSF,$45.9239,1441116613870,562,Not yet rated,NULL,$57.50
ASRV,$3.2,1441116613891,"6,396",100% bullish,of 2 ratings,N/A
CRMT,$35.365,1441116613927,"4,078",100% bearish,of 1 rating,$39
ATLO,$23.5001,1441116614030,807,Not yet rated,NULL,N/A
ASRVP,NULL,1441116614055,0,Not yet rated,NULL,N/A
AMGN,$148.5047,1441116614086,"687,203",89% bullish,of 19 ratings,$185
FOLD,$14.39,1441116614132,"228,859",56% bullish,of 9 ratings,$21
AMPH,$12.68,1441116614371,"17,165",50% bullish,of 2 ratings,$20
AMKR,$5.17,1441116614407,"211,741",100% bearish,of 2 ratings,$5
AFSI,$56.7788,1441116614446,"28,533",60% bullish,of 5 ratings,$72
AMSG,$77.2,1441116614503,"14,806",100% bearish,of 1 rating,$85.50
AMRS,$1.765,1441116614532,"16,381",70% bullish,of 10 ratings,N/A
AMSGP,NULL,1441116614563,0,Not yet rated,NULL,N/A
ANAD,$0.3393,1441116614584,"32,325",100% bullish,of 2 ratings,$.50
ASYS,$5.3,1441116614606,942,67% bullish,of 3 ratings,$12
ANAC,$126.9,1441116614737,"28,247",80% bullish,of 5 ratings,$180.50
ADI,$54.43,1441116614800,"250,348",67% bullish,of 3 ratings,$69
ALOG,$79.62,1441116614837,646,100% bearish,of 2 ratings,$100.50
ANCB,NULL,1441116614899,0,Not yet rated,NULL,$23
ABCW,$41,1441116614926,400,67% bullish,of 3 ratings,N/A
ANGO,$14.63,1441116615075,"3,131",67% bullish,of 3 ratings,$19
AMCF,$0.1901,1441116615103,"3,700",100% bullish,of 7 ratings,N/A
ANGI,$5.255,1441116615131,"50,996",64% bullish,of 11 ratings,$5.50
ANIP,$47.84,1441116615156,"18,313",89% bullish,of 19 ratings,$66
ANIK,$34.56,1441116615193,"5,318",60% bullish,of 5 ratings,$51.25
ANSS,$87.11,1441116615214,"23,468",100% bearish,of 1 rating,$100
ATRS,$1.81,1441116615244,"13,261",92% bullish,of 12 ratings,$4.50
ANTH,$6.715,1441116615288,"142,556",80% bullish,of 10 ratings,$13
ATNY,NULL,1441116615426,0,50% bullish,of 2 ratings,$3.75
ABAC,$0.786,1441116615454,"4,000",100% bearish,of 1 rating,N/A
APIC,$6.53,1441116615496,"17,327",100% bearish,of 1 rating,$19
APOG,$51.77,1441116615525,"12,172",50% bullish,of 2 ratings,$67
AINV,$6.34,1441116615634,"309,807",50% bullish,of 4 ratings,$8
APOL,$10.93,1441116615694,"68,648",87% bearish,of 68 ratings,$14
AAPL,$110.71,1441116615720,"8,211,297",86% bullish,of 2358 ratings,$150
APPF,$15.5,1441116615758,"3,650",50% bullish,of 2 ratings,$22
APDN,$3.57,1441116615852,"4,936",Not yet rated,NULL,$9
ARCI,$1.25,1441116615886,20,Not yet rated,NULL,N/A
AGTC,$15.925,1441116615907,"3,814",50% bullish,of 2 ratings,$33
APDNW,$1.48,1441116615940,"6,980",Not yet rated,NULL,N/A
AMAT,$15.815,1441116615962,"1,648,380",82% bullish,of 11 ratings,$23
AMCC,$5.79,1441116615997,"26,838",80% bullish,of 5 ratings,$8
AAOI,$20.3,1441116616097,"25,411",50% bullish,of 4 ratings,$26
AREX,$2.4075,1441116616129,"176,211",50% bullish,of 2 ratings,$3
APRI,$1.7021,1441116616158,"244,214",83% bullish,of 6 ratings,$4.86
AQMS,$4.84,1441116616235,460,Not yet rated,NULL,N/A
APTO,$5.3,1441116616291,800,Not yet rated,NULL,$17
AQXP,$17.1914,1441116616364,"39,292",50% bullish,of 2 ratings,$2
AUMAU,NULL,1441116616419,0,Not yet rated,NULL,N/A
AUMAW,NULL,1441116616446,0,Not yet rated,NULL,N/A
AUMA,$9.9,1441116616467,100,Not yet rated,NULL,N/A
PETX,$17.69,1441116616508,"13,939",100% bearish,of 2 ratings,$26
ARDM,NULL,1441116616609,0,100% bullish,of 1 rating,$26
ABUS,$6.956,1441116616638,"41,549",86% bullish,of 14 ratings,$23
ARCW,$3.5475,1441116616664,613,100% bearish,of 2 ratings,$10.50
RKDA,$6.21,1441116616706,591,100% bearish,of 2 ratings,$10
ARCB,$28.26,1441116616735,"11,847",67% bearish,of 3 ratings,$39.50
ABIO,$0.89,1441116616842,"4,450",50% bullish,of 2 ratings,$3.75
ACAT,$25.96,1441116616941,"5,486",100% bearish,of 3 ratings,$33
ACGL,$67.38,1441116616967,"24,825",50% bullish,of 2 ratings,$72
ARDX,$18.67,1441116616999,"18,124",50% bullish,of 2 ratings,$24.50
ARCC,$15.42,1441116617045,"269,734",67% bearish,of 3 ratings,$17.75
ARNA,$2.649,1441116617100,"218,971",90% bullish,of 78 ratings,$5.50
AGIIL,$25.03,1441116617173,58,Not yet rated,NULL,N/A
AGII,$55.12,1441116617199,"10,584",Not yet rated,NULL,$59.50
ARGS,$6.1,1441116617261,"1,694",50% bullish,of 2 ratings,$19.50
ARIA,$9.165,1441116617287,"829,390",87% bullish,of 46 ratings,$9
ARIS,$3.74,1441116617350,"3,866",Not yet rated,NULL,$4.50
ARKR,$24.74,1441116617380,42,50% bullish,of 2 ratings,N/A
ARTX,$1.44,1441116617454,"12,737",88% bullish,of 16 ratings,$4.50
ARMH,$41.83,1441116617479,"168,012",54% bearish,of 13 ratings,$60
ARWAR,NULL,1441116617539,0,Not yet rated,NULL,N/A
ARWAU,$10.2,1441116617623,200,100% bullish,of 1 rating,N/A
ARWA,NULL,1441116617670,0,Not yet rated,NULL,N/A
ARWAW,NULL,1441116617923,0,Not yet rated,NULL,N/A
ARQL,$1.67,1441116617989,"8,011",75% bullish,of 4 ratings,$5
DWAT,$9.73,1441116618057,"3,200",100% bearish,of 1 rating,N/A
ARRS,$26.011,1441116618082,"72,336",50% bullish,of 2 ratings,$38
AROW,$27.15,1441116618112,"3,806",Not yet rated,NULL,N/A
ARRY,$5.79,1441116618134,"127,810",100% bullish,of 7 ratings,$10
ARWR,$5.7899,1441116618170,"123,552",75% bullish,of 4 ratings,$10.50
ARTW,$4.0625,1441116618265,"1,466",75% bearish,of 4 ratings,N/A
ARTNA,$21.78,1441116618295,"2,156",100% bearish,of 1 rating,$29
ASBB,$24.11,1441116618400,100,Not yet rated,NULL,N/A
ASNA,$11.895,1441116618426,"159,259",50% bullish,of 2 ratings,$18
ASCMA,$28.14,1441116618468,"8,073",100% bearish,of 1 rating,$45
ASND,$19.28,1441116618496,"7,011",50% bullish,of 2 ratings,$30
ASTI,$0.125,1441116618520,"1,986,894",83% bullish,of 6 ratings,$3
ASMI,NULL,1441116618563,0,NULL,NULL,NULL
ASML,$89.86,1441116618654,"82,474",50% bullish,of 4 ratings,$127
APWC,$1.72,1441116618687,100,100% bearish,of 1 rating,N/A
ASMB,$13.45,1441116618712,"2,798",67% bullish,of 3 ratings,N/A
AZPN,$37.36,1441116618786,"18,403",50% bullish,of 2 ratings,$42
ASFI,$8.9,1441116618850,"3,700",100% bullish,of 1 rating,N/A
ALOT,$13.59,1441116618877,"1,196",100% bearish,of 1 rating,N/A
ASTE,$38.57,1441116618918,"9,873",100% bearish,of 1 rating,$49
ATRO,$50.44,1441116618956,"8,328",100% bearish,of 2 ratings,$80
ASTC,$2.06,1441116619087,"2,471",100% bullish,of 5 ratings,N/A
ASUR,$5.78,1441116619119,"1,448",50% bullish,of 2 ratings,$8
ATRA,$38.64,1441116619222,"21,973",50% bullish,of 2 ratings,$68
AFCB,NULL,1441116619249,0,Not yet rated,NULL,N/A
ATAI,$2.4,1441116619282,200,100% bearish,of 1 rating,N/A
ATHX,$1.111,1441116619303,"11,985",89% bullish,of 9 ratings,$5
ATHN,$131.655,1441116619324,"20,628",67% bearish,of 3 ratings,$153
AAPC,$10.1,1441116619384,8,Not yet rated,NULL,N/A
AAME,NULL,1441116619457,0,Not yet rated,NULL,N/A
ACFC,$5.28,1441116619544,"6,707",100% bearish,of 1 rating,$6.50
ATLC,$3.92,1441116619592,590,67% bullish,of 3 ratings,N/A
ATNI,$71.1,1441116619638,"2,698",100% bearish,of 1 rating,$69.50
AAWW,$39.51,1441116619684,"23,136",50% bullish,of 2 ratings,$65
AFH,$16.03,1441116619709,"6,086",Not yet rated,NULL,$21.50
ATML,$8.04,1441116619781,"850,805",78% bullish,of 9 ratings,$9.50
ATRC,$23.8,1441116619926,"20,987",100% bullish,of 1 rating,$30
ATOS,$0.78,1441116619947,"9,680",100% bullish,of 7 ratings,$7
ATRI,$386.9,1441116619982,406,Not yet rated,NULL,N/A
ATTU,$13.21,1441116620025,"1,150",100% bearish,of 1 rating,$20.50
ATRM,$2.7101,1441116620054,200,50% bullish,of 2 ratings,N/A
LIFE,$14.1,1441116620082,"18,615",86% bullish,of 7 ratings,$43
AUBN,$26.75,1441116620128,100,Not yet rated,NULL,N/A
AUPH,$3.39,1441116620214,"7,336",100% bearish,of 1 rating,$8
AUDC,$3.34,1441116620240,"4,408",80% bullish,of 5 ratings,$5
ADAT,$0.2966,1441116620382,"10,345",100% bullish,of 2 ratings,N/A
ABTL,$17.645,1441116620412,"6,723",100% bullish,of 4 ratings,$20.25
EARS,$4.7,1441116620465,404,100% bearish,of 2 ratings,$11
ADP,$75.52,1441116620512,"172,605",100% bearish,of 1 rating,$88
AVGO,$122.91,1441116620598,"351,970",88% bullish,of 8 ratings,$165
ADSK,$45.96,1441116620627,"476,178",67% bullish,of 6 ratings,$66
AAVL,$10.4352,1441116620653,"38,447",100% bearish,of 1 rating,$20
AVEO,$1.3997,1441116620706,"141,278",75% bullish,of 8 ratings,$3
AVNU,$12.79,1441116620786,937,Not yet rated,NULL,$14
AVGR,$14.44,1441116620817,971,100% bearish,of 1 rating,$20
AVNW,$1.18,1441116620845,"4,150",50% bullish,of 2 ratings,N/A
AVID,$8.35,1441116620871,"39,841",100% bearish,of 1 rating,$20
CAR,$43.136,1441116620917,"143,841",80% bullish,of 5 ratings,$60
AWRE,$3.24,1441116621006,754,67% bullish,of 3 ratings,N/A
ACLS,$3.205,1441116621057,"27,573",67% bullish,of 6 ratings,$4.75
AXPW,$2.31,1441116621088,"841,556",83% bullish,of 6 ratings,N/A
AXGN,$4.7211,1441116621140,"13,171",Not yet rated,NULL,$5
AXTI,$2.17,1441116621165,"3,307",50% bullish,of 2 ratings,$2.75
AXPWW,NULL,1441116621193,0,Not yet rated,NULL,N/A
BCOM,NULL,1441116621336,0,100% bearish,of 1 rating,N/A
BOSC,$2.1501,1441116621368,200,50% bullish,of 2 ratings,N/A
RILY,NULL,1441116621389,0,Not yet rated,NULL,N/A
BEAV,$47.89,1441116621442,"107,768",67% bearish,of 3 ratings,$59
BIDU,$144.5,1441116621469,"574,858",81% bullish,of 88 ratings,$210
BLDP,$1.34,1441116621599,"68,199",91% bullish,of 22 ratings,$2.50
BWINA,NULL,1441116621626,0,Not yet rated,NULL,N/A
BWINB,$22.61,1441116621647,600,Not yet rated,NULL,N/A
BCPC,$57.63,1441116621668,"7,628",100% bearish,of 1 rating,$75
BANF,$59.48,1441116621705,"1,910",Not yet rated,NULL,$68
BKMU,$7.15,1441116621835,603,Not yet rated,NULL,$8
BANFP,NULL,1441116621888,0,Not yet rated,NULL,N/A
BOCH,$5.71,1441116621917,"1,284",Not yet rated,NULL,$6.50
BKSC,NULL,1441116621947,0,Not yet rated,NULL,N/A
BMRC,$48.015,1441116622029,"1,430",Not yet rated,NULL,$52
BOTJ,$11.11,1441116622055,25,Not yet rated,NULL,N/A
OZRK,$40.7,1441116622135,"22,602",67% bullish,of 3 ratings,$49.50
BWFG,$17.85,1441116622328,200,100% bearish,of 1 rating,N/A
BANR,$43.64,1441116622364,"6,217",100% bullish,of 3 ratings,$50
BFIN,$12.2,1441116622385,"2,654",Not yet rated,NULL,$13
BZUN,$4.972,1441116622420,"30,907",50% bullish,of 2 ratings,$11.50
BHAC,NULL,1441116622456,0,Not yet rated,NULL,N/A
TAPR,NULL,1441116622526,0,100% bearish,of 1 rating,N/A
BHACR,NULL,1441116622557,0,Not yet rated,NULL,N/A
BHACU,NULL,1441116622582,0,Not yet rated,NULL,N/A
BHACW,NULL,1441116622666,0,Not yet rated,NULL,N/A
BSET,$28.65,1441116622772,888,100% bearish,of 1 rating,$35
BBSI,$34.86,1441116622802,"4,922",67% bearish,of 3 ratings,$62.50
BYBK,NULL,1441116622827,0,100% bearish,of 1 rating,N/A
BV,$5.17,1441116622904,"47,809",67% bullish,of 6 ratings,$9
BBCN,$14.21,1441116622956,"16,422",100% bearish,of 1 rating,$16
BCBP,NULL,1441116623040,0,Not yet rated,NULL,N/A
BYLK,$12.93,1441116623070,"2,744",Not yet rated,NULL,$14
BDCV,$4.94,1441116623102,303,100% bearish,of 1 rating,$10.19
BBGI,NULL,1441116623146,0,100% bearish,of 1 rating,N/A
BSF,$8.48,1441116623173,200,Not yet rated,NULL,N/A
BECN,$35.53,1441116623198,"12,699",50% bullish,of 2 ratings,$40
BEBE,$1.31,1441116623232,"123,818",75% bullish,of 4 ratings,$2.125
BELFA,$14.87,1441116623334,118,100% bearish,of 1 rating,N/A
BELFB,$17.68,1441116623512,"2,182",100% bearish,of 1 rating,N/A
BBBY,$60.77,1441116623549,"82,486",71% bullish,of 7 ratings,$75
BLPH,$5.08,1441116623570,400,100% bearish,of 1 rating,$12.50
BLCM,$16.63,1441116623615,"9,298",50% bullish,of 4 ratings,$40
BNCL,$12.34,1441116623642,"25,192",100% bullish,of 3 ratings,$12.50
BNFT,$35.43,1441116623675,"15,597",67% bullish,of 3 ratings,$46
BGCP,$8.68,1441116623777,"141,885",88% bullish,of 8 ratings,$14
BNTC,$7.85,1441116623802,"2,172",100% bullish,of 1 rating,N/A
BGMD,$0.6999,1441116623830,"4,266",100% bullish,of 10 ratings,N/A
BGFV,$11.18,1441116623962,"14,456",57% bullish,of 7 ratings,$12
BASI,$1.6375,1441116623989,"1,000",Not yet rated,NULL,N/A
ORPN,$5.52,1441116624010,"1,500",100% bullish,of 1 rating,$28.50
BIND,$4.75,1441116624063,"24,453",75% bullish,of 4 ratings,$13.50
BIOC,$2.015,1441116624143,"49,163",83% bullish,of 6 ratings,$3.85
BCRX,$11.23,1441116624171,"73,702",63% bullish,of 8 ratings,$18
BCDA,NULL,1441116624196,0,Not yet rated,NULL,N/A
BIOD,$0.68,1441116624252,"12,945",80% bullish,of 5 ratings,$4
BIIB,$294.05,1441116624386,"212,485",88% bullish,of 16 ratings,$400
BDSI,$6.57,1441116624424,"267,512",88% bullish,of 8 ratings,$17
BIOL,$1.6599,1441116624454,"11,204",Not yet rated,NULL,N/A
BLFS,$2.56,1441116624480,"161,485",100% bearish,of 1 rating,$4.75
BMRN,$125.855,1441116624512,"139,187",80% bullish,of 5 ratings,$160
BLRX,$1.4899,1441116624542,"42,572",100% bullish,of 12 ratings,$5
BVXV,$3.4399,1441116624567,"3,212",Not yet rated,NULL,N/A
BVXVW,$0.75,1441116624646,"3,500",100% bearish,of 1 rating,N/A
BPTH,$1.19,1441116624802,"7,304",100% bullish,of 2 ratings,$5
BIOS,$2.41,1441116624835,"33,694",71% bullish,of 7 ratings,$4
BRLI,NULL,1441116624854,0,NULL,NULL,NULL
BBP,$32.4624,1441116624904,"15,389",Not yet rated,NULL,N/A
BBC,$30.8,1441116624937,"5,264",Not yet rated,NULL,N/A
BSTC,$48.3398,1441116625039,"3,655",100% bearish,of 1 rating,$76
BSPM,$0.64,1441116625064,180,50% bullish,of 2 ratings,N/A
TECH,$92.76,1441116625098,"5,496",100% bullish,of 1 rating,$117
BOTA,$2.156,1441116625124,"1,043",88% bullish,of 8 ratings,N/A
BEAT,$14.58,1441116625196,"61,843",67% bearish,of 3 ratings,$15
BDMS,NULL,1441116625256,0,100% bearish,of 1 rating,N/A
BITI,$16.9152,1441116625282,"1,727",100% bullish,of 1 rating,$28
BJRI,$43.16,1441116625328,"32,636",50% bullish,of 2 ratings,$55
BBOX,$15.19,1441116625416,"6,099",100% bearish,of 1 rating,N/A
BLKB,$56.43,1441116625469,"12,022",100% bearish,of 2 ratings,$66
BDE,$7.25,1441116625519,"24,194",50% bullish,of 2 ratings,$9
BBRY,$7.3865,1441116625604,"461,622",61% bullish,of 330 ratings,$9
HAWK,$38.5,1441116625757,"49,167",91% bullish,of 11 ratings,$49
BKCC,$9.32,1441116625786,"28,054",50% bullish,of 2 ratings,$10
ADRA,$26.42,1441116625815,302,100% bearish,of 1 rating,N/A
ADRE,$29.23,1441116625845,"1,515",100% bearish,of 1 rating,N/A
BLMN,$20.66,1441116625868,"115,600",83% bullish,of 6 ratings,$27.50
ADRU,NULL,1441116625913,0,100% bearish,of 1 rating,N/A
ADRD,$21.402,1441116625941,"64,490",100% bearish,of 1 rating,N/A
BCOR,$13.72,1441116626005,"19,918",57% bullish,of 7 ratings,$15
BLBD,$11.86,1441116626139,500,Not yet rated,NULL,N/A
BUFF,$24.515,1441116626165,"118,495",83% bullish,of 12 ratings,$31.50
BHBK,$13.99,1441116626203,"2,750",100% bullish,of 1 rating,$14.50
BBLU,$0.763,1441116626244,"8,341",100% bullish,of 2 ratings,$4.43
NILE,$33.7,1441116626303,"17,497",50% bullish,of 2 ratings,$34
BLUE,$130.19,1441116626338,"61,656",71% bullish,of 7 ratings,$217.50
BPMC,$26.56,1441116626563,"3,588",50% bullish,of 2 ratings,$47.50
BOBE,$44.69,1441116626595,"11,108",75% bullish,of 4 ratings,$57
BKEP,NULL,1441116626616,0,100% bearish,of 1 rating,$8.50
BKEPP,$7.4,1441116626650,100,100% bearish,of 1 rating,N/A
BNCN,$20.4,1441116626674,"15,259",Not yet rated,NULL,$24
BOFI,$112.47,1441116626704,"35,889",100% bullish,of 6 ratings,$144
WIFI,$7.55,1441116626747,"11,580",50% bullish,of 2 ratings,$13.50
BOJA,$20.621,1441116626838,"13,919",100% bullish,of 1 rating,$30
BOKF,$61.48,1441116626872,"26,684",100% bearish,of 1 rating,$69
BONA,$11.4497,1441116626920,"83,534",75% bullish,of 4 ratings,$8.50
BNSO,NULL,1441116626973,0,100% bearish,of 1 rating,N/A
BAMM,$3.16,1441116626999,"5,430",60% bullish,of 5 ratings,N/A
BPFH,$11.595,1441116627029,"36,557",100% bearish,of 1 rating,$14
BPFHW,NULL,1441116627132,0,100% bearish,of 1 rating,N/A
BDBD,$8.1,1441116627190,"50,753",60% bullish,of 5 ratings,$10
EPAY,$26.255,1441116627221,"6,873",100% bearish,of 2 ratings,$30
BPFHP,$25.1,1441116627313,"2,000",100% bearish,of 1 rating,N/A
BCLI,$3,1441116627343,"9,600",80% bullish,of 5 ratings,$12
BBEP,$2.755,1441116627370,"241,368",69% bullish,of 13 ratings,$5.625
BBEPP,$14.6,1441116627401,"7,722",100% bearish,of 1 rating,N/A
BBRG,$12.58,1441116627422,"7,375",67% bullish,of 3 ratings,$14.50
BDGE,$26.28,1441116627497,"2,043",Not yet rated,NULL,$31.75
BRID,NULL,1441116627601,0,100% bearish,of 1 rating,N/A
BLIN,NULL,1441116627632,0,100% bullish,of 2 ratings,$2.20
BCOV,$5.4,1441116627662,"3,632",67% bullish,of 3 ratings,$10.20
BRCM,$51.01,1441116627732,"362,544",75% bullish,of 12 ratings,$56
BSFT,$31.55,1441116627762,"13,701",57% bullish,of 7 ratings,$40.50
BVSN,$5.84,1441116627788,"1,000",60% bearish,of 5 ratings,N/A
BYFC,$1.45,1441116627835,302,50% bullish,of 2 ratings,N/A
BWEN,$3.13,1441116627968,"2,119",75% bullish,of 4 ratings,$8
BRKL,$10.365,1441116627993,"16,820",100% bearish,of 1 rating,$10.75
BRCD,$10.315,1441116628022,"393,431",92% bullish,of 13 ratings,$11.50
BRKS,$10.31,1441116628052,"6,182",67% bullish,of 3 ratings,$15.25
BLMT,$20.78,1441116628158,"1,049",Not yet rated,NULL,N/A
BRKR,$18.065,1441116628191,"28,262",100% bearish,of 2 ratings,$22
BMTC,$29.21,1441116628228,"3,364",Not yet rated,NULL,$34
BUR,$1.69,1441116628295,"2,200",100% bearish,of 1 rating,$8
BSQR,$6.0106,1441116628330,"3,179",67% bullish,of 3 ratings,N/A
BWLD,$189.35,1441116628357,"41,224",82% bullish,of 11 ratings,$205
BLDR,$14.39,1441116628424,"40,870",67% bullish,of 3 ratings,$22
CFFI,NULL,1441116628449,0,100% bearish,of 1 rating,N/A
CHRW,$66.24,1441116628578,"105,672",Not yet rated,NULL,$72
CDNS,$19.76,1441116628637,"126,056",75% bullish,of 4 ratings,$22.50
CCMP,$43.05,1441116628679,"1,836",50% bullish,of 2 ratings,$59
CA,$26.67,1441116628699,"234,985",50% bullish,of 4 ratings,$33
CZR,$9.27,1441116628770,"80,648",60% bearish,of 5 ratings,$10.50
CACQ,$7.04,1441116628805,"3,579",100% bearish,of 1 rating,$12.25
CDZI,$7.9525,1441116628826,"1,336",100% bearish,of 1 rating,N/A
CSTE,$39.11,1441116628901,"10,093",50% bullish,of 2 ratings,$65
CLBS,$1.539,1441116628961,"90,516",79% bullish,of 14 ratings,$4
PRSS,$4.24,1441116629003,"2,902",80% bullish,of 5 ratings,$4.50
CLMS,$10.3649,1441116629098,"5,469",Not yet rated,NULL,$10.50
CHI,$10.4694,1441116629139,"61,114",100% bearish,of 1 rating,N/A
CHY,$11.21,1441116629164,"102,185",Not yet rated,NULL,N/A
CCD,$19.1301,1441116629202,"14,229",Not yet rated,NULL,N/A
CFGE,$10.34,1441116629296,80,Not yet rated,NULL,N/A
CHW,$7.4358,1441116629339,"29,521",100% bearish,of 1 rating,N/A
CSQ,$9.77,1441116629430,"81,369",Not yet rated,NULL,N/A
CGO,$11.8089,1441116629459,"7,257",100% bearish,of 1 rating,N/A
CAMP,$16.05,1441116629484,"66,140",88% bullish,of 8 ratings,$25
CVGW,$57.27,1441116629505,"8,507",50% bullish,of 2 ratings,$62
CALD,$15.69,1441116629647,"47,770",100% bearish,of 1 rating,$21
CALA,$5.72,1441116629674,"71,043",100% bullish,of 3 ratings,$19.50
CFNB,NULL,1441116629700,0,100% bearish,of 1 rating,N/A
CALM,$51.75,1441116629733,"70,745",80% bullish,of 5 ratings,$63.50
CLMT,$25.674,1441116629804,"30,952",75% bullish,of 8 ratings,$31
ABCD,$5.08,1441116629829,"8,090",83% bullish,of 6 ratings,N/A
CAMB,NULL,1441116629960,0,Not yet rated,NULL,N/A
CSIQ,$18.2501,1441116630008,"222,717",86% bullish,of 28 ratings,$42.50
CAMBU,NULL,1441116630033,0,100% bearish,of 1 rating,N/A
CAMBW,NULL,1441116630098,0,Not yet rated,NULL,N/A
CAC,$39.57,1441116630119,"1,282",Not yet rated,NULL,N/A
CGIX,$9.7,1441116630203,"1,000",67% bullish,of 3 ratings,$14.375
CAMT,$2.66,1441116630224,"7,688",73% bullish,of 11 ratings,$4
CBNJ,$10.83,1441116630304,280,100% bearish,of 1 rating,N/A
CPHC,NULL,1441116630370,0,100% bearish,of 1 rating,N/A
CPLA,$48.18,1441116630435,"2,890",67% bearish,of 3 ratings,$65
CBF,$30.55,1441116630476,"19,388",Not yet rated,NULL,$32
CCBG,$14.73,1441116630522,300,Not yet rated,NULL,$17.25
CPLP,$7.085,1441116630570,"24,537",71% bullish,of 7 ratings,$11
CSWC,$44.9,1441116630655,"4,943",Not yet rated,NULL,N/A
CPTA,$13.77,1441116630703,"7,024",100% bearish,of 1 rating,$18.50
CFFN,$11.915,1441116630793,"152,994",Not yet rated,NULL,$12.75
CAPN,$2.35,1441116630831,"32,554",100% bullish,of 1 rating,$10.85
CPST,$0.4015,1441116630859,"94,169",95% bullish,of 22 ratings,$1.25
CAPNW,NULL,1441116630884,0,Not yet rated,NULL,N/A
CAPR,NULL,1441116630921,0,Not yet rated,NULL,$12
CARA,$18.685,1441116631019,"13,780",50% bullish,of 4 ratings,$25
CARB,$11.04,1441116631050,"27,107",75% bullish,of 4 ratings,$12
CBYL,$5.37,1441116631124,"3,139",100% bearish,of 1 rating,$20
CRDC,$0.3193,1441116631157,"60,600",100% bullish,of 1 rating,$1.25
CFNL,$21.87,1441116631188,"5,130",Not yet rated,NULL,$24
CRME,$8.94,1441116631260,"1,200",89% bullish,of 9 ratings,$11.25
CSII,$24.065,1441116631281,"15,059",100% bearish,of 2 ratings,$42.125
CATM,$33.75,1441116631363,"9,258",100% bearish,of 1 rating,$44
CECO,$3.6,1441116631505,"12,623",67% bearish,of 3 ratings,$6
CDNA,$6.74,1441116631531,404,100% bearish,of 1 rating,$9
CTRE,$11.0075,1441116631558,"18,456",50% bullish,of 2 ratings,$13.50
CLBH,$12.7,1441116631588,"1,600",Not yet rated,NULL,$16.50
CKEC,$23.675,1441116631618,"13,418",50% bullish,of 2 ratings,$35.915
CART,NULL,1441116631692,0,100% bearish,of 1 rating,N/A
CARO,$15.06,1441116631725,"1,680",100% bearish,of 1 rating,$19
CRZO,$35.16,1441116631832,"143,688",67% bearish,of 3 ratings,$54.50
TAST,$12.49,1441116631903,"16,516",Not yet rated,NULL,$14.25
CASM,$1.14,1441116631930,239,100% bullish,of 1 rating,$3.50
CRTN,$2.49,1441116631951,304,100% bearish,of 1 rating,N/A
CARV,NULL,1441116631982,0,50% bullish,of 2 ratings,N/A
CACB,$5.35,1441116632008,"2,677",Not yet rated,NULL,$5.50
CSCD,$15.32,1441116632137,"1,508",100% bullish,of 2 ratings,$17
CASY,$103.88,1441116632221,"11,516",50% bullish,of 2 ratings,$99.50
CASI,$1.4412,1441116632253,100,100% bullish,of 1 rating,$3.50
CWST,$6.07,1441116632280,"7,886",50% bullish,of 2 ratings,$7.25
CPRX,$3.57,1441116632309,"110,052",71% bullish,of 7 ratings,$7
CASS,$47.14,1441116632362,628,100% bearish,of 1 rating,N/A
CATB,$11.4,1441116632390,904,100% bearish,of 1 rating,$28
CATY,$29.08,1441116632467,"69,404",100% bearish,of 1 rating,$33.50
CATYW,NULL,1441116632529,0,100% bearish,of 1 rating,N/A
CVCO,$70.22,1441116632606,"1,000",100% bearish,of 1 rating,N/A
CBFV,$20,1441116632633,200,Not yet rated,NULL,$25
CAVM,$66.722,1441116632658,"28,538",67% bearish,of 3 ratings,$72
CNLM,NULL,1441116632703,0,Not yet rated,NULL,N/A
CNLMU,NULL,1441116632838,0,100% bullish,of 1 rating,N/A
CNLMR,$0.34,1441116632869,114,Not yet rated,NULL,N/A
CNLMW,NULL,1441116632970,0,Not yet rated,NULL,N/A
CBOE,$62.54,1441116633004,"41,637",Not yet rated,NULL,$60
CDK,$49,1441116633025,"38,319",67% bearish,of 3 ratings,$50
CPXX,$2.19,1441116633103,"8,852",100% bullish,of 2 ratings,$7
CDW,$38.93,1441116633130,"46,351",75% bullish,of 4 ratings,$44
CECE,$9.54,1441116633162,"2,948",50% bullish,of 2 ratings,$16
CELG,$116.2,1441116633190,"747,819",92% bullish,of 13 ratings,$155.50
CELGZ,$1.6801,1441116633268,"1,000",80% bullish,of 5 ratings,N/A
CLDX,$14.28,1441116633367,"157,874",89% bullish,of 9 ratings,$36
CLDN,$1.149,1441116633399,"34,736",71% bullish,of 7 ratings,$3
CLRBW,NULL,1441116633471,0,Not yet rated,NULL,N/A
CLRB,NULL,1441116633502,0,100% bearish,of 1 rating,N/A
CLLS,$33.17,1441116633565,"18,496",75% bullish,of 4 ratings,$51.50
CBMG,$22.6632,1441116633593,"5,338",50% bullish,of 2 ratings,N/A
CLSN,$2.09,1441116633619,"2,322",80% bullish,of 10 ratings,$7.50
CLTX,$2.48,1441116633665,"27,699",100% bullish,of 2 ratings,N/A
CETX,$2.5501,1441116633797,"8,150",Not yet rated,NULL,$5.60
CYAD,$48,1441116633834,300,100% bullish,of 1 rating,$87.50
CEMP,$33.66,1441116633931,"75,583",71% bullish,of 7 ratings,$52
CSFL,$13.51,1441116633962,"4,852",Not yet rated,NULL,$15
CETV,$2.11,1441116633984,"14,809",67% bullish,of 3 ratings,$2.80
CFBK,NULL,1441116634013,0,Not yet rated,NULL,N/A
CENT,$12.31,1441116634042,"5,943",Not yet rated,NULL,$10
CENTA,$12.68,1441116634144,"16,643",Not yet rated,NULL,N/A
CVCY,$11.25,1441116634170,304,Not yet rated,NULL,$12
CENX,$5.435,1441116634231,"253,130",67% bullish,of 6 ratings,$9
CNBKA,NULL,1441116634302,0,50% bullish,of 2 ratings,N/A
CNTY,$5.78,1441116634375,"1,044",80% bullish,of 5 ratings,$7.75
CPHD,$47.985,1441116634407,"37,828",67% bearish,of 3 ratings,$66.50
CRNT,$1.43,1441116634433,"37,117",50% bullish,of 2 ratings,$2
CERE,$1.13,1441116634507,"57,501",88% bullish,of 8 ratings,N/A
CERN,$60.48,1441116634559,"163,003",67% bullish,of 3 ratings,$79
CERU,$3.9701,1441116634639,"2,940",75% bullish,of 4 ratings,$14
KOOL,$0.7413,1441116634667,"21,641",100% bullish,of 5 ratings,$7
CERS,$4.842,1441116634721,"14,467",75% bullish,of 4 ratings,$7
CEVA,$19.1,1441116634821,"1,523",100% bearish,of 1 rating,$25
CYOU,$19.65,1441116634851,"32,337",50% bullish,of 6 ratings,$24
HOTRW,NULL,1441116634882,0,Not yet rated,NULL,N/A
HOTR,$1.3799,1441116634954,"57,695",100% bullish,of 2 ratings,$5
CTHR,$1.26,1441116634981,69,50% bullish,of 2 ratings,$2.50
GTLS,$24.29,1441116635007,"52,399",50% bullish,of 4 ratings,$40
CHTR,$179.925,1441116635142,"124,797",100% bearish,of 2 ratings,$202
CHKP,$77.48,1441116635203,"116,334",50% bullish,of 4 ratings,$92
CHFN,$12.35,1441116635228,427,Not yet rated,NULL,$14
CHEKW,NULL,1441116635365,0,Not yet rated,NULL,N/A
CEMI,$4.06,1441116635393,"1,400",50% bullish,of 2 ratings,$7.50
CCXI,$6.4,1441116635414,"3,576",67% bullish,of 3 ratings,$14
CHEK,$2.16,1441116635450,"1,400",Not yet rated,NULL,$7.75
CHFC,$31.41,1441116635561,"1,524",100% bearish,of 1 rating,$36
CHEV,$14.37,1441116635696,304,Not yet rated,NULL,N/A
CBNK,$16.39,1441116635724,600,100% bearish,of 1 rating,N/A
CHMG,$26.52,1441116635745,200,Not yet rated,NULL,$30
CHKE,$25.28,1441116635784,"2,352",100% bearish,of 1 rating,$32.50
CHMA,$25,1441116635805,"12,125",Not yet rated,NULL,$40
PLCE,$59.15,1441116635876,"17,318",100% bearish,of 1 rating,$69
CADC,NULL,1441116635910,0,78% bullish,of 9 ratings,N/A
CMRX,$47.74,1441116635936,"24,317",50% bullish,of 2 ratings,$57
CBAK,$1.94,1441116636078,"8,796",67% bullish,of 9 ratings,N/A
CALI,NULL,1441116636106,0,67% bullish,of 3 ratings,N/A
CAAS,$6.07,1441116636131,"4,328",93% bullish,of 14 ratings,$11.50
CCCL,NULL,1441116636414,0,100% bullish,of 6 ratings,N/A
CCCR,$0.739,1441116636448,"1,500",67% bearish,of 3 ratings,N/A
JRJC,$3.6,1441116636478,"23,868",82% bullish,of 11 ratings,N/A
CHOP,$1.2485,1441116636500,"3,160",50% bullish,of 2 ratings,N/A
CNIT,$1.2404,1441116636525,"25,746",67% bullish,of 6 ratings,N/A
CBPO,$92.985,1441116636561,"25,185",75% bullish,of 8 ratings,$140.50
CHLN,$2,1441116636583,300,67% bullish,of 3 ratings,N/A
HGSH,NULL,1441116636660,0,67% bullish,of 3 ratings,N/A
HTHT,$26.0697,1441116636731,"9,600",50% bullish,of 2 ratings,$28.40
CREG,$0.6647,1441116636822,"2,000",100% bullish,of 3 ratings,N/A
CJJD,$1.8,1441116636875,"1,100",100% bullish,of 1 rating,N/A
CPGI,$6.98,1441116636900,100,Not yet rated,NULL,N/A
CHNR,$1.63,1441116636926,100,100% bearish,of 1 rating,N/A
CSUN,$1.43,1441116637061,952,80% bullish,of 5 ratings,N/A
CNTF,$0.8,1441116637131,"7,654",Not yet rated,NULL,N/A
CCIH,$7.4001,1441116637166,"31,705",67% bullish,of 6 ratings,$12.65
CXDC,$5.81,1441116637188,"2,310",67% bearish,of 3 ratings,N/A
IMOS,$18.55,1441116637223,"19,567",60% bullish,of 5 ratings,$21.50
CNYD,NULL,1441116637260,0,67% bullish,of 3 ratings,N/A
CNET,$0.87,1441116637317,"4,915",50% bullish,of 2 ratings,N/A
CHSCL,$27.15,1441116637352,947,Not yet rated,NULL,N/A
CHSCM,$26.24,1441116637398,"1,702",Not yet rated,NULL,N/A
CHSCN,$26.78,1441116637531,628,Not yet rated,NULL,N/A
CHSCP,$30.6,1441116637604,2,Not yet rated,NULL,N/A
CHSCO,$28.13,1441116637636,500,Not yet rated,NULL,N/A
CHUY,$30.27,1441116637734,"10,207",50% bullish,of 2 ratings,$34
CDTX,$14.1499,1441116637761,"8,650",Not yet rated,NULL,$22
CHDN,$131.85,1441116637787,"2,316",Not yet rated,NULL,$165
CIFC,$6.89,1441116637830,100,100% bearish,of 1 rating,N/A
CMCT,NULL,1441116637964,0,100% bearish,of 1 rating,N/A
CINF,$51.175,1441116637992,"33,887",50% bullish,of 4 ratings,$50.50
CIDM,$0.5401,1441116638023,"52,971",50% bullish,of 2 ratings,$2.10
CMPR,$68.77,1441116638083,"29,427",50% bullish,of 2 ratings,$72.50
CTAS,$83.8,1441116638104,"51,488",100% bearish,of 1 rating,$91
CPHR,$5.6,1441116638138,"6,450",100% bearish,of 1 rating,$17
CSCO,$25.25,1441116638175,"3,635,387",84% bullish,of 209 ratings,$32
CTRN,$25.87,1441116638275,"7,079",100% bearish,of 1 rating,$31.50
CRUS,$29.7501,1441116638301,"64,921",75% bullish,of 12 ratings,$44.50
CZFC,NULL,1441116638477,0,Not yet rated,NULL,N/A
CZNC,$19.68,1441116638504,200,Not yet rated,NULL,N/A
CTXS,$66.39,1441116638537,"199,524",86% bullish,of 7 ratings,$80
CZWI,NULL,1441116638634,0,Not yet rated,NULL,N/A
CIVB,$10,1441116638659,300,Not yet rated,NULL,$11
CHCO,$47.03,1441116638691,"4,693",Not yet rated,NULL,$46
CLNE,$5.05,1441116638790,"228,450",80% bullish,of 15 ratings,$9
CDTI,$1.69,1441116638821,"19,990",75% bullish,of 4 ratings,$3.20
CIVBP,NULL,1441116638846,0,Not yet rated,NULL,N/A
CIZN,NULL,1441116638996,0,Not yet rated,NULL,N/A
CLNT,$1.342,1441116639031,770,75% bullish,of 8 ratings,N/A
CLRO,$11.18,1441116639057,2,50% bullish,of 2 ratings,$14.25
CLFD,$16.885,1441116639124,"4,376",67% bullish,of 3 ratings,$18
CLIR,$4.913,1441116639149,"2,195",100% bullish,of 3 ratings,N/A
CBLI,$4.0401,1441116639296,"5,802",60% bullish,of 5 ratings,N/A
CSBK,$13.7057,1441116639328,"4,400",Not yet rated,NULL,N/A
CNV,$4.43,1441116639525,"12,782",50% bullish,of 2 ratings,$7.15
CME,$91.57,1441116639554,"191,637",67% bullish,of 3 ratings,$102
CISG,$7.57,1441116639583,"5,785",100% bullish,of 5 ratings,$10
CLVS,$78.1,1441116639608,"36,980",60% bullish,of 5 ratings,$101.50
CMFN,$11.55,1441116639645,"1,544",100% bearish,of 1 rating,$15.50
CCNE,$17.02,1441116639666,"1,588",50% bullish,of 2 ratings,$21.50
CWAY,$10.88,1441116639712,704,Not yet rated,NULL,N/A
COBZ,$12.76,1441116639742,"3,553",100% bullish,of 1 rating,$14
COKE,$152.05,1441116639879,"5,837",79% bullish,of 19 ratings,N/A
CDRB,$13.19,1441116639946,"1,500",67% bullish,of 3 ratings,N/A
CDXS,$3.65,1441116639976,"2,770",64% bullish,of 11 ratings,$6
CVLY,NULL,1441116640002,0,Not yet rated,NULL,N/A
CGNT,$1.55,1441116640181,"2,000",100% bullish,of 2 ratings,$2
JVA,$4.652,1441116640215,568,83% bullish,of 6 ratings,$7
CCOI,$27.58,1441116640243,"32,616",50% bullish,of 4 ratings,$35
CTSH,$62,1441116640275,"386,765",90% bullish,of 10 ratings,$75
CGNX,$34.64,1441116640303,"28,102",50% bullish,of 2 ratings,$47
COHR,$56.84,1441116640334,"4,035",50% bullish,of 2 ratings,$72
CHRS,$27.14,1441116640355,"4,141",67% bearish,of 3 ratings,$37
CLRX,$0.62,1441116640405,"24,878",50% bullish,of 2 ratings,N/A
COHU,$9.69,1441116640507,"7,786",100% bearish,of 1 rating,$14.25
CBAN,NULL,1441116640782,0,Not yet rated,NULL,N/A
CLCT,$18,1441116640814,"30,454",100% bearish,of 1 rating,N/A
COLL,$14.625,1441116640839,"8,027",100% bearish,of 1 rating,$26
CIGI,$43.94,1441116640865,"3,302",100% bearish,of 1 rating,$52
COLB,$29.51,1441116640915,"7,046",Not yet rated,NULL,$36
COLM,$60.28,1441116640998,"7,323",100% bearish,of 1 rating,$71
CMCO,$18.7999,1441116641025,"2,647",60% bullish,of 5 ratings,$28
CMCSA,$55.66,1441116641065,"1,037,113",66% bullish,of 35 ratings,$69.50
CLCD,$6.48,1441116641159,"17,882",100% bearish,of 1 rating,$20.50
CBMX,$1.1,1441116641262,191,83% bullish,of 6 ratings,$3.15
CVGI,$5.025,1441116641294,"7,004",50% bullish,of 2 ratings,$6
CMCSK,$56.74,1441116641319,"202,407",Not yet rated,NULL,$84
CBSH,$43.7299,1441116641359,"13,732",50% bullish,of 2 ratings,$46
CBSHP,$25.43,1441116641380,"1,206",100% bearish,of 1 rating,N/A
CUBN,NULL,1441116641412,0,Not yet rated,NULL,N/A
COMM,$32.225,1441116641515,"216,897",67% bearish,of 3 ratings,$35
CSAL,$20.2786,1441116641647,"122,022",75% bullish,of 4 ratings,$30
ESXB,$5.01,1441116641672,"4,000",Not yet rated,NULL,N/A
JCS,NULL,1441116641711,0,67% bullish,of 3 ratings,N/A
CYHHZ,$0.01,1441116641740,"14,300",100% bullish,of 1 rating,N/A
CVLT,$35.57,1441116641840,"23,612",75% bullish,of 4 ratings,$44.50
CTBI,$34.61,1441116641889,"1,604",Not yet rated,NULL,$36
CWBC,$6.71,1441116641992,"1,212",Not yet rated,NULL,N/A
CIL,NULL,1441116642017,0,Not yet rated,NULL,N/A
CIZ,$32.49,1441116642049,122,100% bearish,of 1 rating,N/A
COB,$10.73,1441116642078,540,100% bullish,of 1 rating,$11.75
CID,NULL,1441116642113,0,Not yet rated,NULL,N/A
CSA,NULL,1441116642147,0,Not yet rated,NULL,N/A
CSF,$36.39,1441116642178,74,100% bearish,of 1 rating,N/A
CDC,$33.91,1441116642210,"1,382",Not yet rated,NULL,N/A
CFO,$34.677,1441116642315,"7,944",100% bearish,of 1 rating,N/A
CFA,$34.9,1441116642392,200,100% bearish,of 1 rating,N/A
CGEN,$4.8501,1441116642495,"6,711",50% bullish,of 2 ratings,$11
CDL,NULL,1441116642594,0,Not yet rated,NULL,N/A
CSB,NULL,1441116642627,0,Not yet rated,NULL,N/A
CTG,$6.68,1441116642647,"2,716",100% bearish,of 1 rating,$8.50
CPSI,$45.49,1441116642727,"8,405",100% bearish,of 1 rating,$45.50
SCOR,$50.7,1441116642778,"19,967",100% bearish,of 1 rating,$66
CNSI,$18.815,1441116642859,"5,731",100% bearish,of 2 ratings,$29
CHCI,NULL,1441116642888,0,50% bullish,of 2 ratings,N/A
CNAT,$3.9,1441116642909,"7,208",83% bullish,of 6 ratings,$13
CNCE,$15.3,1441116642945,"49,832",75% bullish,of 4 ratings,$22
CMTL,$26.21,1441116642967,"2,092",100% bearish,of 2 ratings,$37
CXRX,$76.51,1441116643040,82,100% bearish,of 1 rating,$90
CCUR,$5.87,1441116643106,"4,227",75% bullish,of 4 ratings,N/A
CDORO,NULL,1441116643209,0,100% bearish,of 1 rating,N/A
CDOR,NULL,1441116643235,0,100% bullish,of 1 rating,N/A
CFMS,$15.32,1441116643261,"41,508",100% bearish,of 1 rating,$27
CDORP,NULL,1441116643282,0,100% bearish,of 1 rating,N/A
CNMD,$52.08,1441116643441,"4,504",Not yet rated,NULL,$59
CNFR,$10.17,1441116643486,7,Not yet rated,NULL,N/A
CTWS,$34.62,1441116643512,"1,472",100% bearish,of 1 rating,$44
CNOB,$18.85,1441116643547,"4,300",100% bullish,of 1 rating,$23.50
CNXR,$7.14,1441116643601,"1,554",100% bearish,of 1 rating,$12
CONN,$28.66,1441116643627,"36,056",67% bullish,of 3 ratings,$48.50
CWCO,$10.395,1441116643656,"4,803",67% bullish,of 3 ratings,$14.50
CNSL,$19.3425,1441116643703,"10,074",100% bearish,of 1 rating,$23
CTCT,$24.42,1441116643765,"13,003",67% bullish,of 3 ratings,$37
CPSS,$5.59,1441116643833,"4,747",100% bullish,of 1 rating,$10
CFRX,$4.8775,1441116643938,"2,800",Not yet rated,NULL,$14
CFRXW,NULL,1441116643963,0,100% bearish,of 1 rating,N/A
CFRXZ,NULL,1441116644142,0,Not yet rated,NULL,N/A
CTRV,$3.55,1441116644167,"8,715",Not yet rated,NULL,$6.40
CTRL,$8.83,1441116644212,"11,849",50% bullish,of 2 ratings,$11
CPRT,$34.415,1441116644310,"21,578",67% bearish,of 3 ratings,$40
CRBP,$1.88,1441116644615,"27,474",100% bullish,of 2 ratings,$6.25
CORT,$4.88,1441116644721,"43,549",67% bullish,of 3 ratings,$12
CORE,$59.26,1441116644811,"8,023",100% bearish,of 1 rating,$72
CORI,$9.99,1441116644891,"2,673",100% bearish,of 1 rating,$18
CSOD,$35.28,1441116645001,"21,442",50% bullish,of 2 ratings,$42
BVA,NULL,1441116645025,0,50% bullish,of 2 ratings,N/A
COSI,$1.18,1441116645053,"2,008",100% bullish,of 1 rating,N/A
CRVL,$29.65,1441116645209,"2,391",100% bearish,of 1 rating,N/A
COST,$138.62,1441116645348,"220,813",79% bullish,of 24 ratings,$154.50
CSGP,$173.14,1441116645380,"4,965",50% bullish,of 2 ratings,$235
CPAH,NULL,1441116645411,0,50% bullish,of 2 ratings,N/A
ICBK,NULL,1441116645437,0,Not yet rated,NULL,$21
CVTI,$23.03,1441116645490,"6,519",67% bearish,of 3 ratings,$39
COWN,$5.055,1441116645593,"231,260",75% bullish,of 4 ratings,$7
COVS,$2.7,1441116645631,"1,770",67% bullish,of 3 ratings,N/A
COWNL,NULL,1441116645652,0,Not yet rated,NULL,N/A
CRAI,$22.58,1441116645723,"1,700",100% bearish,of 1 rating,$36
CBRL,$142.55,1441116645753,"30,338",50% bullish,of 2 ratings,$155
CPSH,NULL,1441116645803,0,Not yet rated,NULL,N/A
BREW,$7.96,1441116645858,"2,515",67% bullish,of 6 ratings,$15
CRAY,$20.8776,1441116645888,"10,430",83% bullish,of 6 ratings,$38.50
CACC,$200.68,1441116646053,"4,806",50% bullish,of 2 ratings,$158.50
GLDI,$11,1441116646118,"1,402",100% bearish,of 1 rating,N/A
SLVO,$10.001,1441116646180,"1,408",100% bearish,of 1 rating,N/A
CREE,$26.83,1441116646278,"102,368",65% bullish,of 17 ratings,$29.50
CRESY,$10.25,1441116646351,"6,782",100% bearish,of 1 rating,$19
CROX,$14.3,1441116646495,"57,635",63% bullish,of 8 ratings,$16.50
CRTO,$38.525,1441116646524,"96,369",67% bullish,of 6 ratings,$64
CCRN,$13.71,1441116646565,"23,573",100% bearish,of 1 rating,$14.25
CRDS,NULL,1441116646661,0,75% bullish,of 4 ratings,$4.50
CRWN,$5.21,1441116646692,"29,213",75% bullish,of 4 ratings,N/A
CRWS,$8.1,1441116646728,500,Not yet rated,NULL,$10
CYRXW,NULL,1441116646826,0,Not yet rated,NULL,N/A
CSGS,$30.4401,1441116646854,"6,042",Not yet rated,NULL,$40
CYRX,$2.8284,1441116646882,"5,226",Not yet rated,NULL,$9
CSPI,NULL,1441116646990,0,67% bullish,of 3 ratings,N/A
CCLP,$14.94,1441116647015,"9,079",67% bearish,of 3 ratings,$20
CTIC,$1.57,1441116647158,"71,119",84% bullish,of 76 ratings,$5.75
CTIB,$3.81,1441116647184,600,100% bearish,of 1 rating,N/A
CTCM,$1.76,1441116647209,"22,791",80% bearish,of 5 ratings,$3.90
CTRP,$64.9,1441116647405,"243,791",75% bullish,of 8 ratings,$92.50
CUNB,$21.37,1441116647498,"4,368",Not yet rated,NULL,$24.50
CUI,$5.23,1441116647576,779,50% bullish,of 2 ratings,$10
CMLS,$1.4,1441116647604,"22,875",50% bullish,of 4 ratings,$6
CPIX,$6.02,1441116647624,200,Not yet rated,NULL,N/A
CRIS,$2.61,1441116647659,"40,875",100% bullish,of 8 ratings,$6
CUTR,$14.66,1441116647755,"3,970",67% bearish,of 3 ratings,$18
CVBF,$15.82,1441116647910,"39,643",Not yet rated,NULL,$18
CVV,$10.92,1441116647969,841,100% bullish,of 5 ratings,N/A
CYBR,$50.71,1441116648110,"262,328",75% bullish,of 8 ratings,$66
CYAN,$7.24,1441116648262,11,100% bearish,of 1 rating,N/A
CYBX,$64.47,1441116648364,"7,802",50% bullish,of 4 ratings,$71.50
CYCC,$0.55,1441116648426,2,73% bullish,of 11 ratings,N/A
CYBE,$6.83,1441116648451,"1,453",100% bearish,of 1 rating,N/A
CYCCP,NULL,1441116648485,0,100% bearish,of 1 rating,N/A
CBAY,$2.65,1441116648507,"11,615",100% bullish,of 1 rating,$4
CYNA,$15.79,1441116648583,"1,100",50% bullish,of 2 ratings,$31.50
CYNO,$31.34,1441116648608,"25,418",67% bearish,of 3 ratings,$45.50
CY,$9.89,1441116648634,"1,193,337",80% bullish,of 10 ratings,$15.50
CYRN,$1.74,1441116648663,"7,300",67% bullish,of 3 ratings,$4
CYTX,$0.37,1441116648766,"383,719",83% bullish,of 12 ratings,$5.50
CYTK,$6.8899,1441116648796,"16,504",71% bullish,of 14 ratings,$13.50
CONE,$31.19,1441116648827,"25,309",67% bearish,of 3 ratings,$35.50
CYTR,$2.38,1441116648933,"56,847",67% bullish,of 6 ratings,$10
CTSO,$6.835,1441116648959,"4,979",Not yet rated,NULL,$15.625
DAEG,$0.37,1441116649098,5,100% bearish,of 1 rating,N/A
TVIZ,$22.69,1441116649124,"7,062",100% bearish,of 1 rating,N/A
XIV,$23.5499,1441116649193,"5,253,394",75% bearish,of 4 ratings,N/A
TVIX,$17.181,1441116649223,"3,329,409",81% bullish,of 16 ratings,N/A
DJCO,NULL,1441116649252,0,Not yet rated,NULL,N/A
ZIV,$36.4,1441116649279,"39,298",Not yet rated,NULL,N/A
DAIO,$2.66,1441116649327,"4,450",Not yet rated,NULL,N/A
DAKT,$8.53,1441116649359,"23,058",50% bullish,of 2 ratings,$12
DTLK,$5.74,1441116649464,"2,658",100% bearish,of 1 rating,$9
DARA,$0.855,1441116649486,"15,169",83% bullish,of 6 ratings,$1.50
DRAM,$1.37,1441116649567,204,78% bullish,of 9 ratings,N/A
DWCH,$5.06,1441116649618,"2,431",75% bullish,of 4 ratings,$8.25
PLAY,$34.16,1441116649648,"24,487",100% bullish,of 5 ratings,$42
DTEA,$13.515,1441116649700,"3,536",100% bearish,of 2 ratings,$24
DBVT,$38.12,1441116649750,"7,361",100% bearish,of 1 rating,$53
DWSN,$4.6,1441116649831,"4,301",67% bullish,of 3 ratings,N/A
TRAK,$62.75,1441116649862,"42,725",50% bullish,of 2 ratings,$62.50
DHRM,$1.61,1441116649965,200,Not yet rated,NULL,N/A
DFRG,$14.83,1441116649996,"17,598",100% bearish,of 1 rating,$20
TACO,$12.52,1441116650023,"41,362",75% bullish,of 4 ratings,$20
TACOW,$3.93,1441116650053,100,100% bullish,of 1 rating,N/A
DCTH,$0.4397,1441116650095,"10,266",78% bullish,of 9 ratings,N/A
DGAS,$20.3,1441116650155,515,67% bearish,of 3 ratings,N/A
DELT,NULL,1441116650183,0,Not yet rated,NULL,N/A
DELTW,NULL,1441116650346,0,Not yet rated,NULL,N/A
DEPO,$26.805,1441116650386,"63,569",60% bullish,of 5 ratings,$29
DENN,$11.1251,1441116650454,"36,480",100% bullish,of 3 ratings,$15
XRAY,$51.14,1441116650514,"44,980",100% bullish,of 1 rating,$58
DSCI,$5.8,1441116650539,"8,489",50% bullish,of 2 ratings,$16
DSWL,$1.6914,1441116650605,800,100% bullish,of 1 rating,N/A
DERM,$25.73,1441116650633,"6,451",100% bearish,of 1 rating,$33.50
DEST,$11.32,1441116650653,"2,124",50% bullish,of 2 ratings,N/A
DXM,$0.255,1441116650807,"1,705",50% bullish,of 2 ratings,N/A
DXLG,$5.96,1441116650836,"20,597",100% bearish,of 1 rating,$8
DXCM,$90.84,1441116650877,"130,274",57% bullish,of 7 ratings,$98
DHXM,NULL,1441116650902,0,Not yet rated,NULL,N/A
DMND,$29.44,1441116650931,"11,074",75% bullish,of 12 ratings,$32
DHIL,$194.795,1441116650963,831,Not yet rated,NULL,N/A
FANG,$66.2,1441116651033,"52,721",50% bullish,of 2 ratings,$86.50
DCIX,$1.748,1441116651096,708,50% bullish,of 4 ratings,$3.50
DGII,$10.24,1441116651281,"41,145",100% bearish,of 1 rating,$11
DMRC,$37.51,1441116651318,"4,624",100% bearish,of 1 rating,$44
DRAD,$3.8799,1441116651339,"3,391",100% bullish,of 1 rating,$5.25
DRNA,$10.9,1441116651360,"4,501",67% bearish,of 3 ratings,$25
APPS,$2.5,1441116651410,"19,238",100% bearish,of 1 rating,$10.25
DGLY,$7.9999,1441116651436,"23,474",50% bullish,of 6 ratings,$20
DCOM,$16.725,1441116651494,"9,434",100% bearish,of 2 ratings,$16
DIOD,$19.38,1441116651527,"8,097",75% bearish,of 4 ratings,$24
DISCA,$26.1886,1441116651630,"229,732",67% bullish,of 3 ratings,$34
DPRX,$14.5,1441116651664,"4,140",100% bullish,of 2 ratings,$27.75
DISCB,NULL,1441116651765,0,100% bearish,of 1 rating,$35
DISCK,$24.96,1441116651794,"169,075",100% bearish,of 1 rating,$32
DSCO,$0.4201,1441116651826,"35,850",83% bullish,of 6 ratings,$2.75
DVCR,$10.5,1441116651896,400,100% bullish,of 1 rating,N/A
BAGR,$2.67,1441116651924,500,100% bearish,of 1 rating,$6
DISH,$59.18,1441116651963,"96,301",69% bullish,of 13 ratings,$73
DLTR,$70.5,1441116652094,"2,030,443",82% bullish,of 11 ratings,$88
DLHC,NULL,1441116652142,0,100% bearish,of 1 rating,N/A
DNBF,$25.37,1441116652179,100,Not yet rated,NULL,$27.50
DMLP,$14.98,1441116652278,"2,022",100% bearish,of 1 rating,N/A
DGICA,$14.1,1441116652309,"5,909",100% bearish,of 1 rating,$17
DGICB,NULL,1441116652332,0,100% bearish,of 1 rating,N/A
HILL,$9.67,1441116652363,"222,472",60% bearish,of 5 ratings,$9.75
DORM,$49.755,1441116652409,"22,661",100% bearish,of 1 rating,$56
DRWIW,$0.03,1441116652497,117,Not yet rated,NULL,N/A
DRWI,$0.2093,1441116652527,"21,400",60% bullish,of 5 ratings,$.45
DRYS,$0.4956,1441116652556,"702,157",77% bullish,of 31 ratings,$.60
DSKX,$3.3001,1441116652588,352,100% bullish,of 1 rating,N/A
DWA,$19.65,1441116652655,"30,591",63% bullish,of 8 ratings,$26
DSPG,$8.7208,1441116652754,"5,522",100% bearish,of 1 rating,$13.50
CADTR,NULL,1441116652785,0,Not yet rated,NULL,N/A
CADT,NULL,1441116652833,0,Not yet rated,NULL,N/A
CADTU,NULL,1441116652880,0,Not yet rated,NULL,N/A
CADTW,NULL,1441116652914,0,Not yet rated,NULL,N/A
DTSI,$25.825,1441116652947,"5,737",100% bearish,of 2 ratings,$39.50
DNKN,$48.52,1441116653050,"262,111",67% bullish,of 15 ratings,$56.50
DRRX,$2.04,1441116653090,"12,342",50% bullish,of 6 ratings,$3
DYAX,$22.42,1441116653151,"45,533",89% bullish,of 9 ratings,$30
DXPE,$29.41,1441116653176,"18,369",50% bullish,of 2 ratings,N/A
BOOM,$11.15,1441116653220,"2,892",67% bullish,of 3 ratings,$12
DYSL,$1.475,1441116653248,"4,101",100% bullish,of 2 ratings,N/A
DYNT,$3.09,1441116653310,300,75% bullish,of 4 ratings,N/A
ETFC,$25.17,1441116653387,"340,479",57% bullish,of 14 ratings,$32.50
DVAX,$27.43,1441116653449,"34,707",70% bullish,of 10 ratings,$40
EBMT,$11.54,1441116653516,300,Not yet rated,NULL,$13.50
EGLE,$6.86,1441116653549,804,60% bullish,of 5 ratings,N/A
EGBN,$41.13,1441116653580,"2,196",Not yet rated,NULL,$48
EGRX,$75.94,1441116653649,"41,008",67% bullish,of 3 ratings,$97
EROC,$1.55,1441116653678,"35,033",50% bullish,of 2 ratings,$3
ELNK,$8.365,1441116653785,"32,620",60% bullish,of 5 ratings,$9.50
EACQU,$10.2,1441116653811,200,Not yet rated,NULL,N/A
EWBC,$39.14,1441116653837,"64,838",100% bearish,of 1 rating,$50
EML,$16.25,1441116654009,"2,000",Not yet rated,NULL,N/A
EBAY,$26.7925,1441116654039,"1,567,006",81% bullish,of 117 ratings,$34
EVBS,$6.59,1441116654064,"1,000",Not yet rated,NULL,$7
ELON,$0.56,1441116654096,"10,882",50% bullish,of 2 ratings,N/A
EBIX,$28.005,1441116654119,"14,809",69% bullish,of 13 ratings,$40
ECHO,$22.68,1441116654199,"32,542",67% bearish,of 3 ratings,$34.50
ECTE,NULL,1441116654258,0,75% bullish,of 4 ratings,N/A
SATS,$43.99,1441116654331,"6,462",50% bullish,of 2 ratings,$60
EEI,NULL,1441116654387,0,67% bearish,of 3 ratings,N/A
ECACU,NULL,1441116654419,0,Not yet rated,NULL,N/A
ESES,NULL,1441116654473,0,100% bearish,of 1 rating,$7
EDAP,$3.6933,1441116654522,"6,300",60% bullish,of 5 ratings,$4.50
EDGW,$7.07,1441116654553,800,100% bearish,of 1 rating,N/A
EDUC,$6.48,1441116654652,"1,530",100% bearish,of 1 rating,N/A
EGAN,$3.5922,1441116654725,"7,174",50% bullish,of 2 ratings,$6.25
EFUT,NULL,1441116654757,0,Not yet rated,NULL,N/A
EGLT,$11.27,1441116654778,"10,028",50% bullish,of 2 ratings,$21
EHTH,$14.53,1441116654819,"17,052",50% bullish,of 4 ratings,$16.50
LOCO,$12.55,1441116654854,"113,770",69% bullish,of 13 ratings,$19.50
EMITF,$1.2,1441116654907,158,75% bullish,of 4 ratings,N/A
ESLT,$75.82,1441116654955,"2,455",67% bullish,of 3 ratings,N/A
ERI,$9.54,1441116655093,"13,857",100% bearish,of 1 rating,$10
EA,$64.91,1441116655130,"273,044",78% bullish,of 36 ratings,$80
ELRC,$10.52,1441116655158,"1,225",100% bearish,of 1 rating,N/A
ESIO,$4.605,1441116655179,"4,238",50% bullish,of 2 ratings,$10
EFII,$43.08,1441116655227,"43,923",80% bullish,of 5 ratings,$55
ELSE,NULL,1441116655315,0,60% bullish,of 5 ratings,N/A
ELEC,NULL,1441116655373,0,Not yet rated,NULL,N/A
ELECU,NULL,1441116655403,0,Not yet rated,NULL,N/A
EBIO,$3.41,1441116655504,"30,922",100% bearish,of 2 ratings,$8.35
CAPX,NULL,1441116655543,0,Not yet rated,NULL,N/A
ELECW,NULL,1441116655597,0,Not yet rated,NULL,N/A
RDEN,$10.9,1441116655618,"7,607",100% bearish,of 4 ratings,$15
ESBK,NULL,1441116655657,0,Not yet rated,NULL,N/A
LONG,$16.695,1441116655750,"2,152",67% bullish,of 3 ratings,$15.75
ELTK,$1.235,1441116655780,"2,700",67% bearish,of 3 ratings,N/A
EMCI,$22.76,1441116655801,"1,817",Not yet rated,NULL,N/A
EMCF,$23.48,1441116655937,200,100% bearish,of 1 rating,N/A
EMKR,$6.9,1441116655964,"19,462",75% bullish,of 4 ratings,$8.50
EMMSP,NULL,1441116655985,0,100% bearish,of 1 rating,N/A
EMMS,NULL,1441116656013,0,83% bullish,of 6 ratings,N/A
NYNY,$4.26,1441116656150,"2,684",50% bullish,of 2 ratings,N/A
WIRE,$31.775,1441116656251,"4,961",100% bearish,of 1 rating,$37
ERS,$2.8606,1441116656278,900,Not yet rated,NULL,N/A
ENTA,$38.19,1441116656306,"15,169",50% bullish,of 2 ratings,$42
ELGX,$12.69,1441116656338,"15,177",75% bullish,of 4 ratings,$17
ECPG,$39.82,1441116656359,"12,047",100% bullish,of 2 ratings,$52
ENDP,$75.45,1441116656397,"434,493",50% bullish,of 6 ratings,$104
ECYT,$5.21,1441116656419,"16,000",83% bullish,of 6 ratings,$12
EIGI,$15.225,1441116656493,"44,135",67% bearish,of 3 ratings,$22.50
EFOI,$22.42,1441116656593,"107,641",50% bullish,of 2 ratings,$24.50
WATT,$7.31,1441116656622,"20,398",50% bullish,of 2 ratings,$13
ERII,$2.67,1441116656674,"2,738",80% bullish,of 5 ratings,$2.50
EXXI,$1.7644,1441116656748,"181,950",86% bullish,of 7 ratings,$3.50
ENOC,$9.24,1441116656775,"16,054",75% bullish,of 4 ratings,$18
ENPH,$4.61,1441116656849,"81,912",75% bullish,of 4 ratings,$11
ENG,$1.025,1441116656907,"12,600",100% bullish,of 3 ratings,N/A
ENFC,$17.49,1441116656934,438,Not yet rated,NULL,N/A
ENTG,$13.54,1441116656955,"23,883",100% bearish,of 1 rating,$18
ENTL,$21.7,1441116656988,"3,298",Not yet rated,NULL,$28
ETRM,$0.27,1441116657019,"37,670",69% bearish,of 35 ratings,$1.625
ESGR,$145.555,1441116657040,"4,218",100% bearish,of 1 rating,$185
EBTC,$21.09,1441116657174,300,Not yet rated,NULL,N/A
EFSC,$23.68,1441116657205,"4,400",Not yet rated,NULL,$27
EGT,NULL,1441116657231,0,100% bullish,of 1 rating,N/A
ENVI,$1.8272,1441116657308,"2,057",67% bullish,of 3 ratings,N/A
ENZY,$9.9099,1441116657398,"18,349",67% bullish,of 3 ratings,$9.50
EPIQ,$12.595,1441116657497,"3,365",100% bearish,of 1 rating,$18
ENZN,$0.9675,1441116657527,"55,431",100% bullish,of 9 ratings,N/A
PLUS,$75.2099,1441116657557,"2,828",50% bullish,of 2 ratings,$88
EQIX,$263.42,1441116657579,"84,131",75% bullish,of 4 ratings,$312.50
EPZM,$19.3,1441116657607,"29,053",60% bullish,of 5 ratings,$34
EPRS,$5.01,1441116657639,"6,709",82% bullish,of 11 ratings,$15
EQFN,NULL,1441116657734,0,100% bearish,of 1 rating,N/A
EAC,$3.4599,1441116657791,"4,132",100% bearish,of 1 rating,$8
ERIC,$9.575,1441116657818,"290,544",67% bullish,of 9 ratings,$12.20
ERIE,$81.15,1441116657845,"1,742",Not yet rated,NULL,$73
ESCA,$17.62,1441116657878,400,100% bearish,of 1 rating,$22
ESCR,$0.1246,1441116657954,"136,556",50% bullish,of 2 ratings,N/A
ESCRP,NULL,1441116658014,0,100% bearish,of 1 rating,N/A
ESMC,NULL,1441116658090,0,Not yet rated,NULL,N/A
ESPR,$46.702,1441116658160,"113,298",70% bearish,of 10 ratings,$122.50
ESSA,$12.781,1441116658191,"1,200",100% bearish,of 1 rating,N/A
EPIX,NULL,1441116658261,0,Not yet rated,NULL,N/A
ESND,$34.02,1441116658292,"4,151",100% bearish,of 2 ratings,$40
ETSY,$14.175,1441116658367,"40,851",80% bullish,of 5 ratings,$16
ESSX,$0.47,1441116658396,"18,050",50% bullish,of 2 ratings,N/A
CLWT,NULL,1441116658426,0,100% bullish,of 1 rating,N/A
ESEA,$4.93,1441116658453,320,100% bullish,of 1 rating,$15
EEFT,$63.33,1441116658482,"5,982",100% bearish,of 1 rating,$67.50
EVEP,$8.72,1441116658503,"53,658",50% bullish,of 2 ratings,$15
EVK,NULL,1441116658651,0,75% bearish,of 4 ratings,N/A
EVLV,$2.63,1441116658703,"7,250",60% bullish,of 5 ratings,$4.625
EVOK,$3.8668,1441116658733,"4,945",100% bearish,of 1 rating,$13.375
EXA,$10.95,1441116658810,"2,147",100% bearish,of 1 rating,$13
EVOL,$5.835,1441116658840,"1,700",75% bullish,of 4 ratings,$10
EXAS,$21.8799,1441116658946,"83,566",78% bullish,of 9 ratings,$31
EXEL,$5.73,1441116658977,"888,018",81% bullish,of 16 ratings,$6
EXAC,$19.01,1441116659027,"4,059",100% bearish,of 1 rating,$22.50
EXLS,$35.82,1441116659054,"8,441",50% bullish,of 2 ratings,$41
EXFO,NULL,1441116659087,0,67% bearish,of 3 ratings,$3.95
EXPD,$47.918,1441116659114,"108,380",80% bullish,of 5 ratings,$52
EXPE,$112.15,1441116659187,"137,471",64% bullish,of 11 ratings,$130
EXPO,$42.28,1441116659249,"4,959",100% bearish,of 1 rating,$45.50
EXLP,$20.49,1441116659274,"13,544",100% bearish,of 1 rating,$25
ESRX,$82.3703,1441116659326,"462,006",67% bearish,of 6 ratings,$101
EXTR,$2.995,1441116659431,"165,346",80% bullish,of 5 ratings,$3
EYEG,$3.56,1441116659599,100,Not yet rated,NULL,N/A
EYEGW,NULL,1441116659632,0,Not yet rated,NULL,N/A
EZPW,$6.275,1441116659662,"28,893",50% bullish,of 4 ratings,$7
EZCH,$22.655,1441116659684,"8,066",75% bullish,of 8 ratings,$19.50
FFIV,$119.52,1441116659732,"94,803",63% bullish,of 8 ratings,$132
FRP,$15.92,1441116659761,"2,693",100% bearish,of 1 rating,$18
FB,$88.2699,1441116659819,"4,941,945",73% bullish,of 1072 ratings,$111
FCS,$13.38,1441116659861,"32,079",67% bearish,of 3 ratings,$17
FALC,$1.66,1441116659909,"9,900",63% bearish,of 8 ratings,N/A
FARM,$22.43,1441116660015,"2,509",100% bearish,of 1 rating,$35
FWM,$2.22,1441116660036,"6,900",100% bearish,of 2 ratings,$3.20
DAVE,$14.62,1441116660114,752,100% bearish,of 1 rating,$15.50
FFKT,$25.72,1441116660248,"2,020",Not yet rated,NULL,$29
FMNB,$8.25,1441116660273,420,Not yet rated,NULL,N/A
FARO,$38.37,1441116660402,"5,394",50% bullish,of 2 ratings,$48
FAST,$37.82,1441116660427,"238,786",80% bullish,of 5 ratings,$45.50
FATE,$6.4008,1441116660488,"2,916",50% bullish,of 2 ratings,$11
FBSS,$15.8,1441116660557,274,Not yet rated,NULL,N/A
FEIC,$74.285,1441116660619,"16,427",50% bullish,of 2 ratings,$95.50
FBRC,$21.49,1441116660675,"6,933",100% bearish,of 1 rating,$29
FDML,$9.04,1441116660710,"16,724",50% bullish,of 4 ratings,$14
FNHC,$21.91,1441116660777,"3,306",100% bearish,of 1 rating,$35
FENX,$9.79,1441116660805,"4,883",100% bullish,of 1 rating,$14.25
FCSC,$5.53,1441116660834,"6,700",100% bearish,of 1 rating,$8.125
FHCO,$1.43,1441116660864,500,50% bullish,of 4 ratings,N/A
ONEQ,$184.1701,1441116660964,"6,167",100% bullish,of 1 rating,N/A
FGEN,$23.86,1441116660995,"33,702",100% bearish,of 1 rating,$39
LION,$19.0421,1441116661099,"8,630",100% bullish,of 1 rating,$20
FDUS,$14.47,1441116661171,712,50% bullish,of 2 ratings,$18
FRGI,$50.85,1441116661200,"10,067",50% bullish,of 2 ratings,$70
FSC,$6.461,1441116661228,"55,942",60% bullish,of 5 ratings,$8
FSAM,$8.15,1441116661303,868,100% bearish,of 1 rating,$10.25
FSFR,$8.83,1441116661359,"8,950",100% bearish,of 1 rating,$11.50
FSCFL,$24.4,1441116661459,400,Not yet rated,NULL,N/A
FITB,$19.29,1441116661498,"931,965",54% bullish,of 13 ratings,$22
FITBI,$27.39,1441116661526,605,Not yet rated,NULL,N/A
FNGN,$31.565,1441116661547,"33,951",67% bullish,of 3 ratings,$47
FNSR,$15.16,1441116661592,"27,564",71% bullish,of 7 ratings,$24
FISI,$24.67,1441116661614,"2,486",100% bullish,of 2 ratings,$24.50
FNTC,NULL,1441116661677,0,Not yet rated,NULL,N/A
FNJN,$1.75,1441116661707,"7,741",100% bearish,of 1 rating,$5
FNTCU,NULL,1441116661812,0,Not yet rated,NULL,N/A
FNTCW,NULL,1441116661940,0,Not yet rated,NULL,N/A
FRBA,NULL,1441116661984,0,Not yet rated,NULL,$8
FEYE,$37.29,1441116662041,"430,392",87% bullish,of 15 ratings,$55.50
FBNC,$16.76,1441116662073,108,100% bullish,of 1 rating,$20
FNLC,$18.3375,1441116662104,726,100% bullish,of 1 rating,N/A
FCVA,NULL,1441116662129,0,Not yet rated,NULL,N/A
FCAP,$26.5,1441116662173,200,Not yet rated,NULL,N/A
FBIZ,$22.38,1441116662203,"3,496",100% bearish,of 2 ratings,$26
BUSE,$6.36,1441116662308,"7,006",Not yet rated,NULL,$6.875
FCNCA,$233.56,1441116662379,268,Not yet rated,NULL,N/A
FCFS,$40.61,1441116662440,"16,215",100% bearish,of 3 ratings,$47
FCBC,$17.52,1441116662469,"1,019",Not yet rated,NULL,$18
FCLF,$9.19,1441116662495,"1,500",Not yet rated,NULL,N/A
FCCO,$12.1462,1441116662574,"7,294",Not yet rated,NULL,$13.25
FBNK,$16.91,1441116662632,"1,124",100% bearish,of 1 rating,$17.50
FCFP,NULL,1441116662704,0,Not yet rated,NULL,N/A
FDEF,$37.21,1441116662794,"1,138",Not yet rated,NULL,$38
FFNM,NULL,1441116662815,0,Not yet rated,NULL,N/A
FFBCW,NULL,1441116662845,0,100% bearish,of 1 rating,N/A
FFBC,$18.02,1441116662868,"8,267",67% bearish,of 3 ratings,$20.25
FFIN,$30.13,1441116662909,"9,553",50% bullish,of 2 ratings,$31.75
THFF,$32.85,1441116663009,"1,388",Not yet rated,NULL,$35
FFNW,$12.1514,1441116663040,"1,958",Not yet rated,NULL,$14
FFWM,$21.2,1441116663116,"2,074",Not yet rated,NULL,$24
INBK,$31.97,1441116663174,"1,161",50% bullish,of 2 ratings,$37
FIBK,$26.17,1441116663368,"17,540",Not yet rated,NULL,$32
FRME,$25.62,1441116663404,"17,428",Not yet rated,NULL,$26.50
FMBI,$17.22,1441116663497,"30,944",Not yet rated,NULL,$20
FNBC,$34.245,1441116663523,"2,991",Not yet rated,NULL,$40
FNFG,$9.02,1441116663544,"215,713",80% bullish,of 5 ratings,$9
FNWB,$11.9,1441116663586,"4,290",Not yet rated,NULL,N/A
FMBH,NULL,1441116663607,0,Not yet rated,NULL,N/A
FSFG,NULL,1441116663678,0,Not yet rated,NULL,N/A
FSGI,$2.48,1441116663710,158,Not yet rated,NULL,N/A
FSLR,$47.62,1441116663740,"267,063",72% bullish,of 39 ratings,$65
FSBK,$7.61,1441116663808,100,100% bullish,of 1 rating,N/A
FBZ,NULL,1441116663873,0,Not yet rated,NULL,N/A
BICK,NULL,1441116663898,0,100% bullish,of 1 rating,N/A
FCAN,$24.26,1441116663923,2,Not yet rated,NULL,N/A
FCA,$18.683,1441116664150,550,Not yet rated,NULL,N/A
FTCS,$35.79,1441116664180,"2,129",100% bearish,of 1 rating,N/A
IFV,$17.3502,1441116664234,"60,100",100% bearish,of 1 rating,N/A
FV,$22.8799,1441116664264,"387,578",100% bearish,of 1 rating,N/A
FEMB,NULL,1441116664284,0,Not yet rated,NULL,N/A
FEUZ,$30.71,1441116664318,20,Not yet rated,NULL,N/A
FTSM,$59.958,1441116664339,"7,554",100% bearish,of 1 rating,N/A
MDIV,$18.9979,1441116664373,"36,269",Not yet rated,NULL,N/A
TDIV,$24.25,1441116664471,"9,673",100% bearish,of 1 rating,N/A
FTHI,$18.94,1441116664542,226,Not yet rated,NULL,N/A
FGM,$34.9511,1441116664606,572,Not yet rated,NULL,N/A
HYLS,$49.479,1441116664635,"5,595",100% bearish,of 1 rating,N/A
FTGC,$22.39,1441116664668,"5,511",Not yet rated,NULL,N/A
FHK,$32.43,1441116664745,941,Not yet rated,NULL,N/A
YDIV,$16.23,1441116664882,"1,869",Not yet rated,NULL,N/A
FPXI,$26.49,1441116664903,300,Not yet rated,NULL,N/A
CU,$12.77,1441116664957,"2,540",100% bearish,of 1 rating,N/A
PLTM,$6.353,1441116664987,"1,716",100% bearish,of 1 rating,N/A
LMBS,$50.36,1441116665051,200,Not yet rated,NULL,N/A
FJP,$45.12,1441116665077,"6,781",Not yet rated,NULL,N/A
SKYY,$28.4114,1441116665106,"7,344",100% bullish,of 1 rating,N/A
FTLB,$19.43,1441116665131,10,100% bearish,of 1 rating,N/A
QABA,$36.9513,1441116665269,"1,064",100% bearish,of 1 rating,N/A
FMB,$51.3,1441116665294,202,Not yet rated,NULL,N/A
CIBR,$17.5096,1441116665368,"15,436",Not yet rated,NULL,N/A
FONE,NULL,1441116665454,0,Not yet rated,NULL,N/A
GRID,$31.16,1441116665497,320,100% bearish,of 1 rating,N/A
QCLN,$14.89,1441116665521,"5,138",Not yet rated,NULL,N/A
CARZ,NULL,1441116665586,0,100% bearish,of 1 rating,N/A
RDVY,$20.69,1441116665619,510,Not yet rated,NULL,N/A
QQXT,$39.559,1441116665718,"3,890",Not yet rated,NULL,N/A
QQEW,$40.909,1441116665750,"12,740",Not yet rated,NULL,N/A
QTEC,$39.2704,1441116665797,"5,360",Not yet rated,NULL,N/A
AIRR,$16.5399,1441116665853,"1,995",100% bearish,of 1 rating,N/A
QINC,$20.02,1441116665891,100,Not yet rated,NULL,N/A
FKO,NULL,1441116665915,0,Not yet rated,NULL,N/A
FTSL,$48.75,1441116665945,"7,097",100% bearish,of 1 rating,N/A
FDIV,NULL,1441116666054,0,100% bearish,of 1 rating,N/A
FSZ,$38.59,1441116666128,"1,648",Not yet rated,NULL,N/A
FTW,$30.92,1441116666180,100,Not yet rated,NULL,N/A
FKU,$40.85,1441116666288,"2,152",Not yet rated,NULL,N/A
FUNC,NULL,1441116666314,0,Not yet rated,NULL,N/A
TUSA,NULL,1441116666339,0,Not yet rated,NULL,N/A
SVVC,$9.4155,1441116666391,"8,045",50% bullish,of 2 ratings,$26
FSV,$31.32,1441116666475,"2,100",Not yet rated,NULL,$33.60
FIVE,$37.96,1441116666523,"86,944",75% bearish,of 4 ratings,$44
FISV,$83.64,1441116666556,"57,626",100% bearish,of 3 ratings,$90
FMER,$17.5,1441116666584,"52,750",50% bullish,of 2 ratings,$20
FPRX,$18.391,1441116666613,"61,320",50% bullish,of 2 ratings,$35
FIVN,$3.98,1441116666651,"13,650",100% bullish,of 1 rating,$8.50
FLML,$21.02,1441116666710,"10,834",50% bullish,of 2 ratings,$30
FLKS,$12.01,1441116666784,"1,409",50% bullish,of 2 ratings,$27
FLXN,$23.9,1441116666816,"8,057",100% bearish,of 1 rating,$40
MBSD,$25.14,1441116666912,408,Not yet rated,NULL,N/A
SKOR,$50.76,1441116666939,800,Not yet rated,NULL,N/A
FLXS,$30.31,1441116667008,"1,763",100% bearish,of 2 ratings,N/A
FLEX,$10.25,1441116667074,"165,707",63% bullish,of 8 ratings,$12
FLIR,$28.09,1441116667106,"75,384",100% bearish,of 1 rating,$38.50
FLDM,$12.024,1441116667134,"24,269",67% bearish,of 3 ratings,$15
FFIC,$19.69,1441116667206,"2,902",Not yet rated,NULL,$20.50
FOGO,$19.105,1441116667261,"9,502",50% bullish,of 2 ratings,$25.50
FOMX,$9.94,1441116667286,"7,698",50% bullish,of 2 ratings,$23.50
FES,NULL,1441116667311,0,50% bullish,of 2 ratings,$1
FONR,$9.5,1441116667363,400,100% bullish,of 1 rating,N/A
FORM,$6.61,1441116667498,"13,425",67% bullish,of 3 ratings,$10.50
FORTY,NULL,1441116667536,0,100% bearish,of 1 rating,N/A
FORR,$31.05,1441116667563,698,Not yet rated,NULL,N/A
FORD,$1.89,1441116667628,"1,010,551",67% bullish,of 3 ratings,N/A
FBIO,$2.6501,1441116667658,"8,250",83% bullish,of 6 ratings,N/A
FTNT,$41.4,1441116667683,"86,781",80% bullish,of 10 ratings,$52
FWRD,$44.25,1441116667755,"7,383",100% bearish,of 1 rating,$50
FOSL,$60.21,1441116667852,"101,436",60% bearish,of 5 ratings,$80
FWP,$26.415,1441116667879,"1,778",100% bearish,of 1 rating,$45
FMI,$22.59,1441116667937,"19,818",100% bearish,of 2 ratings,$27.50
FOXF,$14.98,1441116667969,"12,087",100% bearish,of 1 rating,$19
FXCB,$17,1441116667990,412,Not yet rated,NULL,$19
FRAN,$11.25,1441116668067,"37,730",50% bullish,of 4 ratings,$15
FRED,$13.08,1441116668131,"15,896",50% bullish,of 2 ratings,$15.50
FREE,$0.3779,1441116668201,"79,552",92% bullish,of 12 ratings,N/A
FRPT,$12.96,1441116668265,"42,051",67% bearish,of 3 ratings,$23.50
FEIM,$11.02,1441116668298,100,100% bearish,of 1 rating,N/A
RAIL,$21.02,1441116668319,"9,754",100% bearish,of 1 rating,$24.50
FELE,$28.6,1441116668340,"14,266",50% bullish,of 4 ratings,$33
FTR,$4.98,1441116668393,"1,512,104",78% bullish,of 27 ratings,$6.25
FTRPR,$100.16,1441116668472,"1,200",100% bearish,of 1 rating,N/A
FRPH,$30.36,1441116668577,601,100% bearish,of 1 rating,N/A
FSBW,NULL,1441116668602,0,Not yet rated,NULL,N/A
FTD,$29.3101,1441116668633,"3,892",100% bearish,of 1 rating,$40
FSYS,NULL,1441116668660,0,67% bullish,of 3 ratings,$10
FTEK,$2.05,1441116668734,"12,381",75% bullish,of 4 ratings,N/A
FCEL,$0.9354,1441116668789,"1,097,578",88% bullish,of 41 ratings,$2.65
FULLL,NULL,1441116668878,0,Not yet rated,NULL,N/A
FLL,$1.49,1441116668924,262,75% bullish,of 4 ratings,$3.50
FULT,$11.875,1441116668955,"62,324",100% bearish,of 1 rating,$13
FSNN,$2.09,1441116668983,300,67% bullish,of 3 ratings,$6
FULL,$3.15,1441116669054,"5,199",67% bearish,of 3 ratings,$4.25
FFHL,NULL,1441116669080,0,50% bullish,of 4 ratings,N/A
FXENP,$15.76,1441116669323,667,100% bearish,of 1 rating,N/A
FXEN,$0.984,1441116669355,"6,685",75% bullish,of 4 ratings,$1.10
GK,$66.26,1441116669376,"1,886",Not yet rated,NULL,$78
WILC,NULL,1441116669407,0,100% bullish,of 2 ratings,N/A
GAIA,$6.06,1441116669437,"1,000",50% bullish,of 2 ratings,$8.50
GLPG,$59.05,1441116669459,"6,043",100% bullish,of 1 rating,$75
GALT,$2.2099,1441116669488,"7,390",80% bullish,of 5 ratings,N/A
GALE,$1.5699,1441116669618,"774,031",89% bullish,of 47 ratings,$4
GALTU,NULL,1441116669667,0,100% bearish,of 1 rating,N/A
GALTW,NULL,1441116669710,0,100% bullish,of 1 rating,N/A
GPIC,$9.5,1441116669747,786,100% bearish,of 1 rating,N/A
GLMD,$8.12,1441116669798,"6,600",67% bullish,of 3 ratings,$20.50
GLPI,$30.93,1441116669828,"31,061",100% bearish,of 1 rating,$37.50
GGACR,NULL,1441116669930,0,100% bullish,of 1 rating,N/A
GRMN,$37,1441116669996,"115,809",50% bullish,of 6 ratings,$46.50
GGAC,NULL,1441116670027,0,100% bearish,of 1 rating,N/A
GENC,$9.0134,1441116670099,620,100% bearish,of 1 rating,N/A
GARS,$14.43,1441116670132,"3,831",Not yet rated,NULL,$16
GGACU,NULL,1441116670157,0,Not yet rated,NULL,N/A
GGACW,NULL,1441116670230,0,Not yet rated,NULL,N/A
GNCMA,$16.82,1441116670314,"13,440",100% bearish,of 1 rating,$12
GFN,$3.87,1441116670363,"1,300",100% bearish,of 2 ratings,$8
GFNSL,NULL,1441116670449,0,Not yet rated,NULL,N/A
GFNCP,$92,1441116670492,490,Not yet rated,NULL,N/A
GNCA,$11.44,1441116670530,"27,836",100% bearish,of 1 rating,$20
GNMK,$10.11,1441116670558,"8,669",67% bullish,of 6 ratings,$14
GENE,$2.37,1441116670584,"28,702",100% bullish,of 12 ratings,N/A
GNTX,$15.375,1441116670716,"174,794",Not yet rated,NULL,$20
GHDX,$26.59,1441116670745,"9,375",50% bullish,of 2 ratings,$30
GNVC,$2.37,1441116670777,"14,900",90% bullish,of 10 ratings,$8.50
THRM,$45.07,1441116670803,"22,309",75% bearish,of 4 ratings,$55.50
GTWN,NULL,1441116670878,0,Not yet rated,NULL,N/A
GEOS,$17.0525,1441116670977,"9,897",100% bearish,of 3 ratings,$21
GABC,$28.91,1441116671002,"1,908",Not yet rated,NULL,$31
GERN,$2.9599,1441116671029,"219,395",88% bullish,of 16 ratings,$5.25
GEVO,$2.3799,1441116671158,"138,003",75% bullish,of 12 ratings,$5
GIGM,$0.5301,1441116671185,"3,199",100% bullish,of 2 ratings,N/A
ROCK,$16.04,1441116671226,"26,398",80% bullish,of 5 ratings,$24
GIGA,$1.58,1441116671259,"113,222",100% bearish,of 1 rating,N/A
GILD,$103.4975,1441116671322,"1,504,054",91% bullish,of 87 ratings,$129
GILT,$4.19,1441116671352,"2,680",50% bullish,of 2 ratings,N/A
GIII,$68.16,1441116671373,"30,573",67% bullish,of 3 ratings,$75
GBCI,$25.5,1441116671412,"55,098",50% bullish,of 2 ratings,$31
GLADO,$25.55,1441116671504,100,Not yet rated,NULL,N/A
GLAD,$8.7999,1441116671560,"83,335",50% bullish,of 2 ratings,$8.75
GOODN,$25.61,1441116671637,300,Not yet rated,NULL,N/A
GOOD,$14.25,1441116671694,"6,508",Not yet rated,NULL,$19
GOODO,$25,1441116671724,1,Not yet rated,NULL,N/A
GOODP,$25.1,1441116671770,2,Not yet rated,NULL,N/A
GAIN,$7.38,1441116671827,"13,121",100% bullish,of 2 ratings,$8.25
GAINN,$24.85,1441116671901,349,Not yet rated,NULL,N/A
GAINO,$25.17,1441116671962,2,Not yet rated,NULL,N/A
GLBZ,NULL,1441116672004,0,Not yet rated,NULL,N/A
GAINP,$25.9,1441116672033,1,Not yet rated,NULL,N/A
LAND,$9.0499,1441116672060,"37,979",50% bullish,of 2 ratings,$13.75
GBT,$49.095,1441116672217,"14,793",100% bearish,of 1 rating,N/A
GDEF,NULL,1441116672242,0,Not yet rated,NULL,N/A
ENT,$11.42,1441116672268,"16,258",100% bearish,of 1 rating,$18
GBLI,$26.76,1441116672402,"3,800",Not yet rated,NULL,N/A
GSOL,$8.2,1441116672427,"2,824",100% bearish,of 1 rating,N/A
ACTX,NULL,1441116672472,0,100% bullish,of 1 rating,N/A
GPACU,NULL,1441116672560,0,Not yet rated,NULL,N/A
QQQC,$18.272,1441116672601,"1,443",100% bearish,of 1 rating,N/A
SRET,$13.02,1441116672626,101,Not yet rated,NULL,N/A
SOCL,$17.15,1441116672651,"3,408",100% bullish,of 2 ratings,N/A
ALTY,$14.31,1441116672689,200,Not yet rated,NULL,N/A
GSM,$13.269,1441116672786,"35,478",50% bullish,of 2 ratings,$22
YLCO,$11.68,1441116672815,300,Not yet rated,NULL,N/A
GAI,$6.51,1441116672862,"8,728",50% bullish,of 2 ratings,N/A
GBIM,$2.54,1441116672918,"2,613",50% bullish,of 2 ratings,N/A
GLBS,NULL,1441116672990,0,67% bullish,of 3 ratings,N/A
GLUU,$4.4,1441116673165,"161,591",92% bullish,of 26 ratings,$9
GLRI,NULL,1441116673197,0,100% bearish,of 1 rating,$4.25
GOGO,$15.935,1441116673227,"56,162",80% bullish,of 5 ratings,$25
GLYC,$6.98,1441116673249,700,50% bullish,of 2 ratings,$14
GLNG,$38.03,1441116673273,"97,882",83% bullish,of 6 ratings,$55.50
GMLP,$19.41,1441116673309,"22,609",50% bullish,of 4 ratings,$29
GOGL,$3.05,1441116673333,"17,132",75% bullish,of 4 ratings,$5
GLDC,NULL,1441116673408,0,50% bullish,of 2 ratings,N/A
GBDC,$17,1441116673508,"46,519",Not yet rated,NULL,$17.75
GDEN,NULL,1441116673535,0,50% bullish,of 2 ratings,N/A
GTIM,$6.82,1441116673561,"2,198",Not yet rated,NULL,$11.50
GOOG,$606.015,1441116673699,"326,896",88% bullish,of 72 ratings,$825
GOOGL,$636.685,1441116673731,"248,527",88% bullish,of 1082 ratings,$749
GPRO,$43.42,1441116673829,"2,641,484",78% bullish,of 58 ratings,$72
GMAN,$3.7981,1441116673864,"5,996",60% bullish,of 5 ratings,$8.50
GPIAW,NULL,1441116673888,0,Not yet rated,NULL,N/A
GPIA,NULL,1441116673919,0,100% bearish,of 1 rating,N/A
GPIAU,NULL,1441116673944,0,Not yet rated,NULL,N/A
GRVY,NULL,1441116674022,0,50% bullish,of 2 ratings,N/A
GBSNU,NULL,1441116674105,0,NULL,NULL,NULL
GBSN,$0.3177,1441116674181,"1,346,216",50% bullish,of 2 ratings,$8.25
LOPE,$37.13,1441116674212,"19,167",100% bearish,of 2 ratings,$50
GLDD,$5.445,1441116674240,"3,997",100% bearish,of 4 ratings,$7.75
GSBC,$39.97,1441116674269,"2,400",100% bullish,of 1 rating,$44
GNBC,$11.75,1441116674312,903,100% bearish,of 1 rating,$16.50
GRBK,$11.93,1441116674373,"6,053",77% bullish,of 13 ratings,N/A
GPP,$13.835,1441116674479,"2,508",Not yet rated,NULL,$20.50
GLRE,$25.15,1441116674610,"27,284",50% bullish,of 2 ratings,$41
GCBC,$28.497,1441116674641,456,100% bullish,of 1 rating,N/A
GRIF,NULL,1441116674669,0,100% bearish,of 1 rating,N/A
GPRE,$20.4,1441116674698,"35,200",67% bullish,of 6 ratings,$28.50
GRFS,$29.7679,1441116674727,"21,651",50% bullish,of 2 ratings,$35
GRPN,$4.42,1441116674752,"556,197",61% bullish,of 71 ratings,$6.75
OMAB,$40.94,1441116674803,"3,888",100% bullish,of 1 rating,$44
GGAL,$19.23,1441116674931,"35,906",80% bullish,of 5 ratings,$40
GSIT,$4.62,1441116674966,"1,950",100% bearish,of 1 rating,N/A
GSIG,$12.92,1441116674998,507,100% bearish,of 2 ratings,N/A
GSVC,$8.51,1441116675030,"10,119",50% bullish,of 2 ratings,$15.75
GTXI,$0.9087,1441116675094,100,100% bullish,of 5 ratings,$.75
GBNK,$15.83,1441116675124,"1,383",100% bearish,of 1 rating,$18
GUID,$6.92,1441116675265,"39,198",100% bearish,of 3 ratings,$10
GULTU,NULL,1441116675305,0,100% bearish,of 1 rating,N/A
GFED,NULL,1441116675341,0,Not yet rated,NULL,$17
GURE,$1.7,1441116675367,"4,100",88% bullish,of 8 ratings,N/A
GPOR,$34.88,1441116675434,"112,347",75% bullish,of 4 ratings,$54
GIFI,$12.515,1441116675499,"3,911",100% bearish,of 1 rating,$16
GWPH,$104.6699,1441116675530,"16,619",78% bullish,of 9 ratings,$148.50
GWGH,NULL,1441116675555,0,100% bearish,of 1 rating,$15.05
HLG,$9,1441116675686,"3,362",100% bearish,of 1 rating,N/A
GYRO,$29.0218,1441116675715,"32,145",100% bearish,of 1 rating,N/A
HEES,$19.43,1441116675736,"43,892",67% bearish,of 3 ratings,$31
HALL,$11.3,1441116675775,"2,462",Not yet rated,NULL,N/A
HNRG,$8.02,1441116675863,"6,350",100% bearish,of 1 rating,$10
HALO,$16.88,1441116675888,"132,191",67% bullish,of 3 ratings,$22.50
HBK,NULL,1441116675920,0,50% bullish,of 2 ratings,N/A
HMPR,$1.86,1441116676049,800,100% bullish,of 1 rating,N/A
HBHCL,$24.3,1441116676075,"1,300",Not yet rated,NULL,N/A
HBHC,$27.335,1441116676141,"27,893",50% bullish,of 2 ratings,$30
HNH,$25.11,1441116676170,950,100% bullish,of 1 rating,N/A
HQCL,$12.43,1441116676232,"11,274",67% bullish,of 3 ratings,$14
HAFC,$23.85,1441116676277,"22,985",100% bullish,of 2 ratings,$28.50
HNSN,$0.546,1441116676331,"1,900",88% bullish,of 8 ratings,$.40
HDNG,$10.02,1441116676409,"1,540",50% bullish,of 4 ratings,N/A
HLIT,$5.71,1441116676438,"19,804",100% bearish,of 1 rating,$6.50
HRMNU,NULL,1441116676541,0,Not yet rated,NULL,N/A
HRMN,NULL,1441116676573,0,Not yet rated,NULL,N/A
HRMNW,NULL,1441116676644,0,Not yet rated,NULL,N/A
TINY,$2.44,1441116676674,"13,410",50% bullish,of 2 ratings,$5.26
HBIO,$4.33,1441116676704,"2,608",100% bearish,of 1 rating,$10
HCAP,$11.9201,1441116676750,"3,000",50% bullish,of 2 ratings,$15
HART,$1.2931,1441116676806,"85,964",100% bearish,of 1 rating,N/A
HCAPL,NULL,1441116676938,0,Not yet rated,NULL,N/A
HA,$22.545,1441116676989,"53,160",67% bullish,of 9 ratings,$27
HAS,$73.42,1441116677065,"134,784",63% bullish,of 8 ratings,$84.50
HCOM,$21.72,1441116677094,100,100% bearish,of 1 rating,$28
HWKN,$37.89,1441116677121,"1,606",Not yet rated,NULL,N/A
HAYN,$37.81,1441116677184,"4,240",100% bearish,of 1 rating,$59
HWBK,NULL,1441116677214,0,100% bearish,of 1 rating,N/A
HDS,$32.215,1441116677253,"87,287",100% bearish,of 2 ratings,$39.50
HIIQ,$5.03,1441116677316,"6,660",50% bullish,of 2 ratings,$7
HQY,$29,1441116677385,"14,197",67% bullish,of 3 ratings,$35
HCSG,$33.15,1441116677415,"17,596",50% bullish,of 4 ratings,$35
HSTM,$24.2022,1441116677449,"3,844",50% bullish,of 2 ratings,$33.75
HWAY,$11.98,1441116677550,"27,679",100% bearish,of 1 rating,$15
HTLF,$35.63,1441116677576,"2,877",100% bullish,of 1 rating,$39.50
HTLD,$19.88,1441116677620,"21,143",Not yet rated,NULL,$22.50
HTWR,$83.75,1441116677710,"19,613",50% bullish,of 2 ratings,$103
HTBX,$4.3356,1441116677746,"56,618",50% bullish,of 2 ratings,$15.50
HSII,$19.21,1441116677841,"5,252",100% bullish,of 3 ratings,$25
HELE,$83.2,1441116677868,"14,938",67% bearish,of 3 ratings,$100
HMNY,NULL,1441116677946,0,100% bearish,of 1 rating,N/A
HMTV,$13.44,1441116678005,"3,626",100% bearish,of 1 rating,$16
HNNA,$24.68,1441116678031,100,Not yet rated,NULL,N/A
HSIC,$134.34,1441116678089,"39,511",83% bullish,of 6 ratings,$146
HCACU,NULL,1441116678115,0,Not yet rated,NULL,N/A
HERO,NULL,1441116678133,0,NULL,NULL,NULL
HEOP,$7.65,1441116678317,516,Not yet rated,NULL,$8.50
HCCI,$11.52,1441116678391,"2,856",100% bearish,of 1 rating,$16.50
HTBK,$10.45,1441116678416,"4,677",Not yet rated,NULL,$12
MLHR,$26.68,1441116678462,"13,892",50% bullish,of 2 ratings,$33.50
HFWA,$17.37,1441116678489,816,100% bullish,of 1 rating,$20
HRTX,$36.01,1441116678510,"236,691",57% bullish,of 7 ratings,$41
HSKA,$33.68,1441116679087,"3,533",100% bearish,of 1 rating,$38
HIBB,$39.1,1441116680375,"26,581",100% bearish,of 1 rating,$46.50
HFFC,$15.86,1441116680479,202,Not yet rated,NULL,N/A
HPJ,$2.2,1441116680611,"4,031",75% bullish,of 4 ratings,$12.43
HIHO,$4.1162,1441116680792,"15,271",Not yet rated,NULL,N/A
HIMX,$6.87,1441116682364,"152,286",86% bullish,of 21 ratings,$8.50
HSGX,$5.9,1441116682592,400,100% bearish,of 1 rating,$17
HIFS,$115.55,1441116682617,200,Not yet rated,NULL,N/A
HMNF,$11.64,1441116682644,201,Not yet rated,NULL,N/A
HMSY,$10.265,1441116682665,"71,177",67% bullish,of 3 ratings,$19.35
HOLI,$17.08,1441116683598,"30,251",50% bullish,of 4 ratings,$27
HOMB,$37.47,1441116683827,"10,119",Not yet rated,NULL,$42
HBCP,$24.75,1441116683863,329,Not yet rated,NULL,$29
HOLX,$38.18,1441116683989,"126,261",50% bullish,of 4 ratings,$42
AWAY,$28.43,1441116684091,"57,187",67% bullish,of 3 ratings,$36
HFBL,$21.55,1441116684137,798,Not yet rated,NULL,N/A
HMIN,$26.38,1441116684439,"24,546",100% bearish,of 2 ratings,$35
HMST,$22.12,1441116684811,"3,388",100% bullish,of 2 ratings,$27
HTBI,$18.105,1441116684949,"7,600",67% bullish,of 3 ratings,$18.625
HKTV,$4.41,1441116685199,25,100% bearish,of 1 rating,N/A
CETC,$0.7799,1441116685278,"3,650",86% bullish,of 7 ratings,N/A
HOFT,$23.52,1441116685413,"2,736",100% bearish,of 1 rating,N/A
HBNC,$23.6,1441116685479,"1,400",100% bullish,of 1 rating,$27
HFBC,$11.22,1441116685511,2,Not yet rated,NULL,N/A
HZNP,$29,1441116685576,"178,034",85% bullish,of 20 ratings,$40
HRZN,$10.39,1441116685605,"1,900",50% bullish,of 2 ratings,$14.25
ZINC,$7.96,1441116685639,"106,276",100% bearish,of 1 rating,$17
HDP,$23.26,1441116685672,"8,018",67% bearish,of 3 ratings,$30.50
HMHC,$22.52,1441116685701,"57,456",Not yet rated,NULL,$27
HBMD,NULL,1441116685775,0,100% bearish,of 1 rating,N/A
HWCC,$7.58,1441116685803,"4,028",100% bearish,of 1 rating,$9
HOVNP,NULL,1441116685834,0,100% bearish,of 1 rating,N/A
HSNI,$60.03,1441116685938,"20,037",Not yet rated,NULL,$80
HTGM,$5.57,1441116686005,200,100% bearish,of 1 rating,$19.50
HUBG,$37.01,1441116686030,"11,493",100% bearish,of 1 rating,$43
HCBK,$9.02,1441116686189,"385,327",83% bullish,of 6 ratings,$8.61
HSON,NULL,1441116686350,0,100% bearish,of 1 rating,$5
HBAN,$10.61,1441116686380,"960,805",76% bullish,of 17 ratings,$12.29
HURC,$30.32,1441116686425,226,100% bearish,of 1 rating,N/A
HDSN,$3.08,1441116686486,172,100% bullish,of 1 rating,$6.25
HURN,$71.48,1441116686511,"2,149",50% bullish,of 2 ratings,$80
HBANP,NULL,1441116686538,0,100% bearish,of 1 rating,N/A
HTCH,$1.44,1441116686568,"29,540",100% bearish,of 1 rating,$3.50
HBP,$3.1395,1441116686665,954,100% bullish,of 1 rating,N/A
HDRAR,NULL,1441116686696,0,Not yet rated,NULL,N/A
HDRAW,NULL,1441116686771,0,Not yet rated,NULL,N/A
HYGS,$9.05,1441116686804,"3,642",50% bullish,of 2 ratings,$13
HDRAU,$0.05,1441116686832,0,Not yet rated,NULL,N/A
HDRA,NULL,1441116686858,0,Not yet rated,NULL,N/A
IDSY,$3.75,1441116686900,"1,100",100% bearish,of 1 rating,$7
IACI,$69.04,1441116687116,"54,448",75% bullish,of 4 ratings,$90
IBKC,$59.79,1441116687149,"17,367",100% bullish,of 1 rating,$70
IKGH,$1.55,1441116687171,"8,100",75% bullish,of 4 ratings,N/A
ICAD,$3.92,1441116687200,"4,180",100% bullish,of 2 ratings,$7.25
ICFI,$33.76,1441116687243,"2,840",50% bullish,of 2 ratings,$48.50
IEP,$72.26,1441116687268,"8,822",75% bullish,of 4 ratings,$99
ICON,$13.45,1441116687333,"60,803",50% bullish,of 2 ratings,$28
ICUI,$111.5825,1441116687409,"4,982",Not yet rated,NULL,$122
ICLR,$76.19,1441116687439,"22,519",100% bearish,of 3 ratings,$85
IPWR,NULL,1441116687466,0,100% bullish,of 1 rating,$15
INVE,$4.68,1441116687505,"3,325",75% bullish,of 4 ratings,$4
IDRA,$2.94,1441116687536,"144,964",89% bullish,of 9 ratings,$6.50
IDXX,$70.43,1441116687599,"53,701",100% bearish,of 1 rating,$76
IROQ,$16.97,1441116687664,600,100% bullish,of 1 rating,N/A
DSKY,$11.07,1441116687693,"7,518",67% bullish,of 6 ratings,$11.50
IRG,$4.775,1441116687862,"1,055",100% bearish,of 1 rating,$4.25
RXDX,$13.61,1441116687967,"11,742",100% bullish,of 1 rating,$20
KANG,$15.53,1441116687993,"60,926",50% bullish,of 2 ratings,$23.10
IIVI,$16.61,1441116688022,"6,112",100% bearish,of 1 rating,$22
IKAN,$2.73,1441116688062,"2,110",83% bullish,of 6 ratings,$5
IMMR,$11.31,1441116688157,"18,339",80% bullish,of 5 ratings,$15.50
IKNX,NULL,1441116688188,0,100% bearish,of 1 rating,N/A
ISNS,$3.9413,1441116688210,"1,448",50% bullish,of 2 ratings,N/A
ILMN,$194.82,1441116688231,"95,199",80% bullish,of 5 ratings,$245
IMNP,$1.21,1441116688388,"68,100",50% bullish,of 2 ratings,$6
IMGN,$13.13,1441116688416,"77,043",75% bullish,of 4 ratings,$17.50
ICCC,$7.16,1441116688437,"2,640",100% bullish,of 1 rating,N/A
IMDZ,$15.37,1441116688470,"13,006",100% bearish,of 1 rating,$33
IMMU,$2.19,1441116688568,"159,323",86% bullish,of 7 ratings,$2
IPXL,$40.55,1441116688603,"45,133",67% bullish,of 3 ratings,$46.50
IMMY,$7.45,1441116688697,300,100% bearish,of 1 rating,$11
INCY,$115.07,1441116688728,"115,579",50% bullish,of 6 ratings,$125.50
SAAS,$7.375,1441116688773,"27,313",50% bullish,of 2 ratings,$15
INCR,$41.925,1441116688798,"59,908",50% bullish,of 2 ratings,$53
IBCP,$13.96,1441116688823,"14,893",100% bullish,of 1 rating,$14.50
INDB,$44.35,1441116688862,"3,198",Not yet rated,NULL,$44
IBTX,$41.48,1441116689636,"2,233",100% bullish,of 2 ratings,$47.25
IDSA,NULL,1441116689796,0,Not yet rated,NULL,N/A
INFN,$21.51,1441116689900,"166,993",71% bullish,of 7 ratings,$28
INFI,$8.568,1441116690031,"25,858",50% bullish,of 4 ratings,$16.50
IPCC,$76.5,1441116690392,857,Not yet rated,NULL,$77.50
III,$3.72,1441116691892,"8,600",57% bullish,of 7 ratings,$6
IMKTA,$49.54,1441116691940,"4,747",100% bearish,of 1 rating,N/A
IFON,$1.24,1441116692024,"10,023",75% bullish,of 4 ratings,N/A
INWK,$7.006,1441116692953,"3,626",50% bullish,of 2 ratings,$10
INNL,NULL,1441116693130,0,100% bearish,of 1 rating,$16.50
INOD,$2.4,1441116693425,"1,800",100% bearish,of 1 rating,N/A
IPHS,$47.58,1441116693498,"10,444",100% bearish,of 1 rating,$60
IOSP,$48.29,1441116693802,"24,366",100% bearish,of 1 rating,N/A
INGN,$48.23,1441116693889,"15,212",100% bearish,of 1 rating,$50.50
ISSC,NULL,1441116693918,0,67% bearish,of 3 ratings,N/A
INOV,$21.505,1441116693990,"22,120",100% bearish,of 1 rating,$33
ITEK,$12.02,1441116694018,"74,770",100% bearish,of 3 ratings,$20
NSIT,$24.83,1441116694201,"6,936",50% bullish,of 2 ratings,N/A
INO,$7.18,1441116694241,"139,198",89% bullish,of 18 ratings,$20
ISIG,$2.75,1441116694338,550,100% bearish,of 1 rating,N/A
INSM,$23.52,1441116694392,"31,272",71% bullish,of 7 ratings,$31.50
IIIN,$17.13,1441116694484,"5,715",100% bearish,of 2 ratings,N/A
PODD,$28.97,1441116694509,"22,291",67% bearish,of 3 ratings,$35
INSY,$32.59,1441116694537,"73,095",75% bullish,of 4 ratings,$48
NTEC,$5.4656,1441116694663,381,100% bearish,of 1 rating,N/A
IART,$59,1441116694693,"8,662",100% bearish,of 2 ratings,$71.50
IESC,NULL,1441116694727,0,100% bearish,of 1 rating,N/A
IDTI,$18.5901,1441116694748,"154,728",60% bullish,of 5 ratings,$25
ISSI,$21.8,1441116694782,"10,534",67% bullish,of 3 ratings,$19.75
INTC,$27.807,1441116694833,"5,457,754",82% bullish,of 238 ratings,$36
IQNT,$18.245,1441116694877,"12,057",86% bullish,of 7 ratings,$20
IPCI,$2.225,1441116694973,"1,200",67% bullish,of 6 ratings,$8
IPAR,$25.23,1441116695003,"2,262",67% bullish,of 3 ratings,$38
IBKR,$39.09,1441116695169,"95,906",100% bullish,of 1 rating,N/A
ININ,$34.76,1441116695202,"9,978",67% bearish,of 3 ratings,$57
ICPT,$185.895,1441116695233,"36,658",70% bullish,of 10 ratings,$359.50
ICLD,$1.8201,1441116695268,"36,385",75% bullish,of 4 ratings,N/A
ICLDW,NULL,1441116695295,0,100% bearish,of 1 rating,N/A
TILE,$23.86,1441116695320,"20,688",100% bearish,of 3 ratings,$27
IDCC,$48.895,1441116695345,"33,371",80% bullish,of 5 ratings,$63
IMI,$2.02,1441116695518,"5,178",67% bullish,of 3 ratings,$2.22
ISCA,$31.69,1441116695551,"5,887",100% bearish,of 1 rating,N/A
IBOC,$24.96,1441116695572,"6,344",100% bearish,of 1 rating,N/A
INAP,$8.81,1441116695612,"144,953",75% bullish,of 4 ratings,$11
IGLD,$6.92,1441116695704,"3,500",50% bullish,of 2 ratings,N/A
PTNT,$2.98,1441116695732,5,Not yet rated,NULL,N/A
IIJI,NULL,1441116695755,0,50% bullish,of 2 ratings,$11.50
INPH,NULL,1441116695888,0,50% bullish,of 2 ratings,N/A
XENT,$25.27,1441116695970,"3,089",50% bullish,of 2 ratings,$36.50
ISIL,$10.39,1441116696099,"82,180",50% bullish,of 6 ratings,$15
IILG,$19.475,1441116696133,"8,956",100% bearish,of 1 rating,$29
INTL,$26,1441116696154,"8,879",67% bearish,of 3 ratings,N/A
INTX,$2.0699,1441116696175,"2,154",67% bullish,of 3 ratings,N/A
INTLL,$25.6,1441116696216,300,Not yet rated,NULL,N/A
ITCI,$26.2805,1441116696242,"72,615",75% bearish,of 4 ratings,$40
IVAC,$4.65,1441116696310,"2,304",100% bearish,of 1 rating,$6.625
IIN,$6.25,1441116696374,"1,000",100% bearish,of 1 rating,$12
INVT,$0.339,1441116696475,"13,150",67% bullish,of 3 ratings,N/A
ISRG,$505.1,1441116696502,"27,681",67% bullish,of 3 ratings,$600
INTU,$84.135,1441116696528,"215,083",86% bullish,of 7 ratings,$107.50
SNAK,$8.53,1441116696553,"19,006",50% bullish,of 2 ratings,$14
ISBC,$11.545,1441116696686,"300,435",100% bullish,of 1 rating,$13.25
ISTR,$15.6,1441116696728,159,100% bearish,of 1 rating,$18.50
NVIV,$9.312,1441116696774,"33,787",50% bullish,of 4 ratings,$24.50
IPAS,$1.09,1441116696826,"1,400",67% bullish,of 3 ratings,N/A
ITIC,NULL,1441116696856,0,100% bearish,of 2 ratings,N/A
DTUL,$64.48,1441116696877,"1,062",Not yet rated,NULL,N/A
IVTY,$13.75,1441116696910,700,Not yet rated,NULL,$18
DFVL,$66.06,1441116696953,830,Not yet rated,NULL,N/A
IPGP,$82.1175,1441116697083,"13,853",67% bearish,of 3 ratings,$109.50
IPCM,$79.25,1441116697112,"13,129",50% bullish,of 2 ratings,$80.125
IRMD,$23.615,1441116697170,"12,672",67% bearish,of 3 ratings,$25
IRIX,$6.865,1441116697195,"9,600",100% bearish,of 1 rating,N/A
IRDM,$7.2,1441116697255,"87,888",60% bullish,of 5 ratings,$11.50
IRDMB,NULL,1441116697333,0,67% bearish,of 3 ratings,N/A
IRBT,$29.03,1441116697409,"7,187",67% bullish,of 6 ratings,$37
IRWD,$10.9,1441116697465,"118,465",100% bearish,of 1 rating,$13
COMT,$33.76,1441116697508,"4,232",100% bearish,of 1 rating,N/A
IRCP,NULL,1441116697536,0,100% bullish,of 2 ratings,N/A
IFAS,NULL,1441116697564,0,NULL,NULL,NULL
FCHI,NULL,1441116697589,0,NULL,NULL,NULL
GNMA,$50.33,1441116697613,"1,600",Not yet rated,NULL,N/A
IFEU,$36.8,1441116697640,"1,096",Not yet rated,NULL,N/A
IFNA,NULL,1441116697826,0,NULL,NULL,NULL
ACWI,$54.47,1441116697856,"94,136",Not yet rated,NULL,N/A
IFGL,$27.6209,1441116697877,"34,810",Not yet rated,NULL,N/A
ACWX,$39.622,1441116697906,"55,828",100% bearish,of 1 rating,N/A
AAXJ,$51.94,1441116697962,"60,122",Not yet rated,NULL,N/A
AXJS,NULL,1441116698058,0,NULL,NULL,NULL
AAIT,NULL,1441116698090,0,NULL,NULL,NULL
EMDI,NULL,1441116698120,0,NULL,NULL,NULL
EEME,NULL,1441116698139,0,NULL,NULL,NULL
EGRW,NULL,1441116698192,0,NULL,NULL,NULL
EMEY,NULL,1441116698211,0,NULL,NULL,NULL
EEMA,$49.07,1441116698241,"5,171",Not yet rated,NULL,N/A
EEML,$27.25,1441116698372,"1,379",Not yet rated,NULL,N/A
EVAL,NULL,1441116698397,0,NULL,NULL,NULL
IEUS,$44.67,1441116698546,62,100% bearish,of 1 rating,N/A
EUFN,$21.2152,1441116698571,"19,141",100% bearish,of 1 rating,N/A
IBB,$336.75,1441116698639,"303,455",63% bullish,of 8 ratings,N/A
QAT,$21.5169,1441116698659,"11,658",Not yet rated,NULL,N/A
UAE,$18.1105,1441116698704,"8,000",Not yet rated,NULL,N/A
SOXX,$81.3927,1441116698741,"64,580",50% bullish,of 2 ratings,N/A
EMIF,$27.9784,1441116698871,"1,092",Not yet rated,NULL,N/A
INDY,$26.7,1441116698895,"59,918",50% bullish,of 2 ratings,N/A
WOOD,$47.1401,1441116698920,504,50% bullish,of 2 ratings,N/A
ICLN,$9.2401,1441116698959,"3,578",50% bullish,of 2 ratings,N/A
IGOV,$91.13,1441116699054,627,100% bearish,of 1 rating,N/A
ISHG,$80.12,1441116699122,400,100% bearish,of 1 rating,N/A
ISLE,$17.8,1441116699254,"38,651",50% bullish,of 4 ratings,$16
ISIS,$48.78,1441116699280,"280,254",53% bullish,of 15 ratings,$67
ISRL,NULL,1441116699414,0,100% bearish,of 1 rating,N/A
ITRI,$29.54,1441116699462,"8,286",100% bearish,of 1 rating,$37
ITRN,$23.81,1441116699610,400,50% bullish,of 2 ratings,N/A
JBHT,$71.3725,1441116699714,"113,044",50% bullish,of 4 ratings,$89.50
IXYS,$11.56,1441116699748,"9,034",50% bullish,of 4 ratings,N/A
JCOM,$68.145,1441116699769,"34,276",100% bullish,of 2 ratings,$77
MAYS,NULL,1441116699807,0,Not yet rated,NULL,N/A
XXIA,$15.16,1441116699828,"26,202",71% bullish,of 7 ratings,$14.625
ITUS,$4,1441116699848,"1,600",Not yet rated,NULL,N/A
JJSF,$112.76,1441116699887,504,100% bearish,of 1 rating,N/A
JKHY,$66.9001,1441116699916,"19,851",50% bullish,of 2 ratings,$72
JACK,$77.17,1441116700051,"27,850",83% bullish,of 6 ratings,$105
JXSB,$24.13,1441116700076,200,Not yet rated,NULL,N/A
JASO,$7.95,1441116700105,"121,646",82% bullish,of 17 ratings,$10
JAXB,NULL,1441116700357,0,100% bullish,of 1 rating,N/A
JAKK,$9.36,1441116700386,"21,322",60% bearish,of 5 ratings,$11
ERW,NULL,1441116700456,0,Not yet rated,NULL,N/A
JRVR,$27.45,1441116700485,"1,888",Not yet rated,NULL,$32
JASNW,NULL,1441116700512,0,50% bullish,of 2 ratings,N/A
JMBA,$13.96,1441116700541,"7,691",75% bullish,of 4 ratings,$18
JAGX,$3,1441116700562,200,Not yet rated,NULL,$10.50
JASN,$4.955,1441116700698,"3,900",50% bullish,of 2 ratings,$9.50
JD,$25.565,1441116700724,"1,062,001",75% bullish,of 16 ratings,$36
JBLU,$21.95,1441116700752,"813,446",94% bullish,of 18 ratings,$27
JAZZ,$166.24,1441116700798,"37,432",80% bullish,of 15 ratings,$206.50
JTPY,$2.93,1441116700889,5,100% bearish,of 1 rating,N/A
JCTCF,NULL,1441116700926,0,100% bullish,of 1 rating,N/A
DATE,$5.9997,1441116701059,"2,603",75% bullish,of 4 ratings,$9
JIVE,$4.5475,1441116702558,"31,332",75% bullish,of 4 ratings,$5
JST,NULL,1441116702698,0,75% bullish,of 4 ratings,N/A
WYIGU,NULL,1441116702799,0,100% bearish,of 1 rating,N/A
JOEZ,$0.165,1441116702823,"3,070",92% bullish,of 12 ratings,N/A
JNP,$10.8,1441116703628,"6,020",100% bullish,of 3 ratings,$15
JOUT,$24.58,1441116703843,126,100% bearish,of 1 rating,$34
JBSS,$50.73,1441116704086,"2,039",67% bearish,of 3 ratings,N/A
KTWO,$21.06,1441116704298,"11,880",100% bearish,of 1 rating,$28.50
JUNO,$35.59,1441116704431,"124,688",73% bullish,of 11 ratings,$71.50
KALU,$82.11,1441116704457,"7,702",67% bearish,of 3 ratings,$91
KBIO,$2.17,1441116704684,"44,015",50% bullish,of 4 ratings,N/A
KMDA,$3.445,1441116704738,"1,000",50% bullish,of 2 ratings,$8
KNDI,$6.62,1441116704768,"72,908",86% bullish,of 22 ratings,N/A
KCLI,$46.75,1441116704824,"1,367",Not yet rated,NULL,N/A
KBSF,NULL,1441116704873,0,100% bullish,of 1 rating,N/A
KPTI,$13.43,1441116704922,"21,735",67% bearish,of 3 ratings,$39
KCAP,$4.63,1441116705065,"23,013",75% bullish,of 4 ratings,$6
KRNY,$11.235,1441116705091,"49,541",100% bearish,of 1 rating,$12
KELYA,$14.26,1441116705137,"6,159",67% bullish,of 6 ratings,$20
KELYB,NULL,1441116705295,0,50% bullish,of 2 ratings,N/A
KFFB,NULL,1441116705355,0,100% bearish,of 1 rating,N/A
KMPH,$18.91,1441116705384,"5,488",100% bearish,of 2 ratings,$22
KERX,$6.03,1441116705424,"111,254",82% bullish,of 11 ratings,$12
GMCR,$55.73,1441116705487,"216,529",71% bullish,of 42 ratings,$64
KEQU,$16.98,1441116705687,240,100% bullish,of 1 rating,N/A
KTEC,$12.02,1441116705720,"4,399",Not yet rated,NULL,N/A
KTCC,$10.149,1441116705754,375,100% bearish,of 1 rating,$16
KE,$11.7,1441116705783,"1,882",67% bearish,of 3 ratings,$16
KIN,$5.92,1441116705804,"1,614",50% bullish,of 2 ratings,$6.25
KFRC,$26.23,1441116705844,"14,536",100% bullish,of 2 ratings,$29
KBAL,$10.73,1441116705865,"7,508",50% bullish,of 2 ratings,N/A
KGJI,$0.6606,1441116705894,"96,007",89% bullish,of 9 ratings,N/A
KINS,$8.3509,1441116706029,632,100% bullish,of 1 rating,N/A
KONE,NULL,1441116706099,0,Not yet rated,NULL,N/A
KIRK,$22.08,1441116706181,"5,434",50% bullish,of 2 ratings,$32
KLAC,$48.82,1441116706234,"111,040",100% bearish,of 1 rating,$61.50
KITE,$51.2,1441116706312,"46,601",89% bullish,of 9 ratings,$85
KLXI,$38.32,1441116706368,"32,968",100% bearish,of 1 rating,$48.50
KRNT,$11.43,1441116706401,"4,290",50% bullish,of 2 ratings,$18
KOSS,$2.42,1441116706437,192,100% bearish,of 2 ratings,N/A
KOPN,$3.08,1441116706507,"20,686",50% bullish,of 2 ratings,$4.50
KONA,$18.505,1441116706533,"2,216",50% bullish,of 2 ratings,$28
KZ,$6.4501,1441116706563,"24,853",60% bearish,of 5 ratings,N/A
KWEB,$29.52,1441116706664,"2,754",Not yet rated,NULL,N/A
KUTV,NULL,1441116706706,0,50% bullish,of 2 ratings,N/A
KTOS,$4.67,1441116706732,"89,438",50% bullish,of 2 ratings,$8.50
KLIC,$10.56,1441116706768,"28,854",80% bullish,of 5 ratings,$13
KVHI,$10.83,1441116706797,71,100% bearish,of 1 rating,$16
KYTH,$74.72,1441116706961,"21,612",100% bullish,of 3 ratings,$66
