Symbol,Price,Date,Volume,Rating,RatingVoteCount,OneYearEstimate
TFSCR,NULL,1441390202846,0,Not yet rated,NULL,N/A
FCTY,$7.613,1441390202898,350,100% bullish,of 1 rating,$8.50
TFSCU,$10.32,1441390202950,400,Not yet rated,NULL,N/A
FLWS,$8.67,1441390203081,"138,330",80% bullish,of 5 ratings,$15
TFSC,$9.7989,1441390203111,300,100% bearish,of 1 rating,N/A
SRCE,$29.72,1441390203143,"19,645",100% bullish,of 3 ratings,$33
FCCY,NULL,1441390203181,0,100% bullish,of 1 rating,$13
PIH,$7.52,1441390203244,"1,900",100% bearish,of 1 rating,N/A
TWOU,$34.56,1441390203331,"76,781",50% bullish,of 2 ratings,$39
VNET,$17.99,1441390203383,"132,412",60% bullish,of 5 ratings,$35
DGLD,$83.87,1441390203463,"7,922",100% bullish,of 1 rating,N/A
TFSCW,$0.28,1441390203643,920,100% bearish,of 1 rating,N/A
UGLD,$8.98,1441390203669,"101,554",100% bearish,of 1 rating,N/A
DSLV,$69.9,1441390203871,"6,650",100% bearish,of 1 rating,N/A
USLV,$12.38,1441390203947,"172,588",86% bullish,of 7 ratings,N/A
SIXD,$2.56,1441390204012,"17,060",Not yet rated,NULL,N/A
JOBS,$25.98,1441390204037,"53,681",50% bullish,of 4 ratings,$36
EGHT,$7.71,1441390204065,"121,003",82% bullish,of 17 ratings,$11
AVHI,$13.46,1441390204096,"186,428",100% bearish,of 1 rating,$19
CAFD,$14.82,1441390204126,"159,927",Not yet rated,NULL,$24.50
SHLM,$32.41,1441390204230,"36,349",100% bearish,of 1 rating,$47
ABGB,$4.98,1441390204472,"19,820",67% bullish,of 3 ratings,$5.50
ABEO,$4.67,1441390204524,"11,261",50% bullish,of 4 ratings,$15.50
ABY,$21.23,1441390204545,"675,629",100% bearish,of 2 ratings,$46
ABAX,$46.51,1441390204574,"40,332",100% bearish,of 1 rating,$60
ABEOW,$1.8687,1441390204596,585,100% bullish,of 1 rating,N/A
AAON,$19.63,1441390204620,"51,712",100% bearish,of 1 rating,$24
AXAS,$1.705,1441390204948,"835,794",78% bullish,of 9 ratings,$3.50
ABMD,$92.85,1441390204973,"162,983",75% bullish,of 4 ratings,$100.50
ACTG,$9.14,1441390204998,"48,310",67% bullish,of 3 ratings,$18.50
ACST,$0.31,1441390205031,"4,100",100% bullish,of 2 ratings,N/A
ACAD,$39.0552,1441390205062,"633,677",80% bullish,of 20 ratings,$48
AXDX,$18.75,1441390205169,"27,174",100% bearish,of 1 rating,N/A
ACHC,$71.98,1441390205275,"108,128",50% bullish,of 2 ratings,$92
VXUP,$1.6875,1441390205456,"14,781",100% bearish,of 1 rating,N/A
XLRN,$28.46,1441390205504,"41,256",50% bullish,of 2 ratings,$57
VXDN,$1.78,1441390205536,"4,478",100% bearish,of 1 rating,N/A
ACRX,$4.25,1441390205563,"102,879",67% bearish,of 6 ratings,$7
ANCX,$19.68,1441390205588,"9,971",Not yet rated,NULL,$20
ARAY,$6.56,1441390205635,"133,266",100% bearish,of 1 rating,$10.50
ACET,$22.149,1441390205914,"43,079",75% bullish,of 4 ratings,$30
ACIW,$21.125,1441390206043,"62,515",67% bearish,of 3 ratings,$24
AKAO,$7.03,1441390206073,"15,099",75% bullish,of 4 ratings,$15
ACHN,$7.67,1441390206119,"1,224,818",90% bullish,of 21 ratings,$16
ACTS,$1.5901,1441390206175,"14,300",100% bearish,of 1 rating,N/A
ACOR,$31.42,1441390206221,"92,504",67% bearish,of 3 ratings,$38.50
ACNB,NULL,1441390206245,0,Not yet rated,NULL,N/A
ATVI,$27.98,1441390206450,"2,496,723",67% bullish,of 84 ratings,$31.50
ACPW,$1.9,1441390206506,"17,207",100% bullish,of 4 ratings,$3.25
ACUR,$2.85,1441390206595,"3,000",100% bullish,of 5 ratings,$5
ACTA,$13.91,1441390206648,"11,422",67% bearish,of 3 ratings,$25
ADMS,$18.88,1441390206724,"17,414",100% bearish,of 2 ratings,$36
ACXM,$20.36,1441390206777,"74,814",67% bullish,of 3 ratings,N/A
ADMP,$3.5,1441390206908,"11,072",50% bullish,of 2 ratings,$10
ADAP,$10.97,1441390206937,"16,667",67% bullish,of 3 ratings,$22
ADUS,$29.06,1441390207065,"11,201",100% bearish,of 1 rating,$31
ADEP,$7.46,1441390207195,"29,028",50% bullish,of 2 ratings,$10.75
ADMA,$8.73,1441390207223,"10,822",Not yet rated,NULL,$19
AEY,$2.32,1441390207249,"3,778",100% bearish,of 2 ratings,N/A
ADBE,$76.71,1441390207421,"607,714",65% bullish,of 17 ratings,$90
ADRO,$19.24,1441390207458,"40,195",80% bullish,of 5 ratings,$45.50
AEIS,$23.9,1441390207485,"36,441",50% bullish,of 2 ratings,$32.50
ADTN,$15.51,1441390207512,"93,385",67% bullish,of 3 ratings,$17.125
AMD,$1.825,1441390207550,"2,271,281",83% bullish,of 103 ratings,$2
ADXS,$13.305,1441390207640,"202,270",64% bullish,of 14 ratings,$27
YPRO,$23.03,1441390207830,"1,158",100% bearish,of 1 rating,N/A
MULT,NULL,1441390207855,0,100% bearish,of 1 rating,N/A
AEGR,$17.54,1441390207902,"60,881",50% bullish,of 6 ratings,$26
ADXSW,$9.45,1441390207987,800,100% bullish,of 1 rating,N/A
AEHR,$2.27,1441390208166,216,50% bullish,of 2 ratings,N/A
AEGN,$17.73,1441390208191,"19,647",100% bearish,of 2 ratings,$21
AMTX,$2.96,1441390208420,"9,450",50% bullish,of 2 ratings,$26.11
AEPI,$58.3,1441390208445,"8,020",100% bearish,of 1 rating,N/A
AERI,$15.99,1441390208472,"134,268",75% bullish,of 4 ratings,$31.50
AFMD,$9.21,1441390208719,"25,975",50% bullish,of 4 ratings,$15
AEMD,$7.65,1441390208765,"19,555",Not yet rated,NULL,$27.50
AEZS,$0.0801,1441390208858,"12,045,778",90% bullish,of 21 ratings,$1.50
AVAV,$20.42,1441390208897,"103,901",50% bullish,of 4 ratings,$28
AGEN,$6.75,1441390209006,"126,863",85% bullish,of 13 ratings,$14
AGYS,$9.61,1441390209186,"7,644",100% bearish,of 1 rating,N/A
AGRX,$8.19,1441390209215,"12,843",100% bearish,of 1 rating,$17.50
AGIO,$83.845,1441390209241,"76,217",88% bullish,of 8 ratings,$114
AIMT,$22.89,1441390209370,"74,613",Not yet rated,NULL,$35.50
AFFX,$9,1441390209399,"249,137",80% bullish,of 5 ratings,$12.50
AGFS,$9.89,1441390209503,"91,665",100% bearish,of 1 rating,N/A
AIRT,NULL,1441390209570,0,100% bullish,of 1 rating,N/A
AGFSW,$1.9,1441390209595,"5,300",100% bearish,of 2 ratings,N/A
AMCN,$4.5,1441390209875,"61,827",83% bullish,of 6 ratings,N/A
AKBA,$7.0696,1441390209968,"88,278",100% bearish,of 1 rating,$18
AKAM,$72.5,1441390210000,"540,274",63% bullish,of 8 ratings,$77.50
AIXG,$6.43,1441390210021,"13,455",67% bearish,of 3 ratings,$5.25
AIRM,$36.01,1441390210053,"47,315",80% bearish,of 5 ratings,$53
AKER,$2.64,1441390210109,"3,601",Not yet rated,NULL,N/A
ALRM,$16.05,1441390210149,"40,365",100% bearish,of 1 rating,$22
ATSG,$8.827,1441390210190,"51,088",67% bullish,of 3 ratings,$13
AKRX,$38.03,1441390210285,"149,733",78% bullish,of 9 ratings,$56
ALSK,$2.25,1441390210387,"51,775",78% bullish,of 18 ratings,$2
ADHD,$7.56,1441390210598,"54,218",50% bullish,of 4 ratings,$18
AMRI,$19.78,1441390210668,"36,122",75% bearish,of 4 ratings,$24
ALXN,$171.0975,1441390210901,"651,567",88% bullish,of 8 ratings,$223.50
ALDR,$40.2899,1441390210935,"91,335",67% bearish,of 3 ratings,$62
ALDX,$7.08,1441390210988,337,100% bearish,of 1 rating,$14.50
ALCO,$42.11,1441390211027,"3,594",50% bullish,of 2 ratings,N/A
ALXA,$1.25,1441390211052,"106,517",83% bullish,of 6 ratings,$2.125
ALGN,$54.39,1441390211077,"135,979",100% bearish,of 2 ratings,$73
ABDC,$12.8,1441390211119,"3,403",Not yet rated,NULL,$15
ALIM,$2.93,1441390211146,"78,133",80% bullish,of 5 ratings,$10
ALGT,$201.12,1441390211302,"82,768",100% bearish,of 2 ratings,$235
ALKS,$63.99,1441390211430,"291,800",67% bullish,of 3 ratings,$75
AHGP,$35.7799,1441390211573,"17,930",67% bullish,of 3 ratings,N/A
AFOP,$18.98,1441390211609,"101,447",75% bullish,of 8 ratings,$21
ALLB,$22.9,1441390211735,204,Not yet rated,NULL,N/A
AIQ,$14.45,1441390211828,"4,282",67% bullish,of 3 ratings,N/A
AMOT,$17.73,1441390211858,"89,407",100% bearish,of 1 rating,N/A
ARLP,$25.015,1441390211884,"23,739",67% bearish,of 3 ratings,$32
AHPI,$1.47,1441390211956,500,50% bullish,of 2 ratings,N/A
ALQA,$4.52,1441390212018,"19,567",75% bullish,of 4 ratings,$8.50
AFAM,$45.0925,1441390212090,"19,515",50% bullish,of 2 ratings,$44
SMCP,NULL,1441390212305,0,Not yet rated,NULL,N/A
MDRX,$12.97,1441390212337,"464,773",60% bullish,of 5 ratings,$16
ALNY,$96.34,1441390212363,"101,364",67% bullish,of 3 ratings,$151.50
ALLT,$5.06,1441390212393,"11,676",75% bullish,of 4 ratings,$6.25
AOSL,$8.08,1441390212442,"10,830",67% bullish,of 3 ratings,$9
ATEC,$0.58,1441390212550,"47,868",100% bullish,of 1 rating,$2
ALTR,$48.75,1441390212858,"628,277",80% bearish,of 5 ratings,$54
AMAG,$60.18,1441390212886,"180,517",100% bullish,of 2 ratings,$75
AIMC,$23.61,1441390212914,"33,329",100% bearish,of 2 ratings,$28.50
ASPS,$25.8,1441390213021,"43,559",67% bullish,of 3 ratings,$46.50
AMBC,$16.16,1441390213075,"51,438",100% bearish,of 1 rating,$16.50
AMRN,$2.305,1441390213102,"500,341",85% bullish,of 40 ratings,$8
AMBCW,$7.67,1441390213170,"1,400",100% bearish,of 1 rating,N/A
AMRK,$10.5,1441390213202,"9,600",50% bullish,of 2 ratings,$14
AMZN,$497.51,1441390213223,"669,704",81% bullish,of 268 ratings,$646
AMBA,$73.658,1441390213304,"2,353,444",77% bullish,of 13 ratings,$102.50
AYA,$21,1441390213405,"6,680",100% bearish,of 1 rating,$40
AMCX,$71.36,1441390213475,"208,376",67% bullish,of 3 ratings,$87.50
AMDA,$0.4799,1441390213543,"199,848",90% bullish,of 10 ratings,$1
EPAX,$2.69,1441390213607,"29,044",100% bearish,of 1 rating,N/A
AMED,$39.45,1441390213634,"60,252",100% bearish,of 1 rating,$42
DOX,$56.085,1441390213671,"168,678",67% bearish,of 3 ratings,$60
ATAX,$5.3158,1441390213940,"20,455",100% bullish,of 1 rating,$6.50
AAL,$40.5,1441390213968,"3,366,625",93% bullish,of 88 ratings,$57
UHAL,$367.4,1441390213997,"10,152",100% bullish,of 2 ratings,$393.50
ASBI,$22.57,1441390214101,903,Not yet rated,NULL,N/A
AGNCB,$24.24,1441390214126,"2,016",Not yet rated,NULL,N/A
AGNC,$18.965,1441390214159,"717,302",71% bullish,of 28 ratings,$22
AGNCP,$25.4,1441390214345,"1,375",Not yet rated,NULL,N/A
AMOV,$17.5401,1441390214445,280,100% bearish,of 1 rating,N/A
MTGEP,$24.25,1441390214473,1,Not yet rated,NULL,N/A
MTGE,$15.06,1441390214499,"148,654",75% bullish,of 4 ratings,$19.50
ACSF,$12.27,1441390214520,"8,325",100% bearish,of 1 rating,$15
ACAS,$13.565,1441390214548,"475,013",60% bullish,of 5 ratings,$16.75
AMIC,NULL,1441390214867,0,100% bearish,of 1 rating,N/A
AETI,$3.1,1441390214904,"2,162",67% bearish,of 3 ratings,N/A
ANCI,NULL,1441390214944,0,100% bearish,of 1 rating,N/A
AMNB,$22.731,1441390214972,"3,449",Not yet rated,NULL,$25.50
ARII,$40.02,1441390214999,"47,451",67% bearish,of 3 ratings,$45
ANAT,$97.61,1441390215024,"16,859",100% bullish,of 1 rating,N/A
APEI,$21.73,1441390215049,"12,058",100% bearish,of 1 rating,$25.50
AMRB,NULL,1441390215279,0,Not yet rated,NULL,$11
AMSWA,$9.01,1441390215427,"7,026",100% bearish,of 2 ratings,$10.75
AMSC,$4.92,1441390215451,"11,806",50% bullish,of 4 ratings,N/A
CRMT,$35.44,1441390215686,"6,919",100% bearish,of 1 rating,$38
ABCB,$27.23,1441390215718,"33,631",Not yet rated,NULL,$31
ASEI,$38.81,1441390215743,"3,304",100% bearish,of 1 rating,$52.50
AMSF,$45.99,1441390215773,"10,022",Not yet rated,NULL,$57.50
AMWD,$66.47,1441390215822,"36,256",50% bullish,of 2 ratings,$70
ATLO,$22.51,1441390215954,"2,836",Not yet rated,NULL,N/A
ASRVP,NULL,1441390215982,0,Not yet rated,NULL,N/A
ASRV,$3.24,1441390216003,404,100% bullish,of 2 ratings,N/A
AMKR,$5.28,1441390216135,"260,465",100% bearish,of 2 ratings,$5
AMGN,$146.1,1441390216182,"977,451",89% bullish,of 19 ratings,$185
AMPH,$13.3,1441390216375,"76,780",50% bullish,of 2 ratings,$20
AMSG,$77.68,1441390216401,"70,734",100% bearish,of 1 rating,$85.50
FOLD,$15.27,1441390216449,"532,061",56% bullish,of 9 ratings,$21
AFSI,$56.7,1441390216531,"105,606",60% bullish,of 5 ratings,$72
ASYS,$5.4,1441390216560,"5,694",67% bullish,of 3 ratings,$12
AMSGP,NULL,1441390216580,0,Not yet rated,NULL,N/A
ANAC,$130.665,1441390216711,"119,478",80% bullish,of 5 ratings,$180.50
ADI,$53.98,1441390216881,"342,638",75% bullish,of 4 ratings,$69
ANCB,$21.05,1441390216939,"3,452",Not yet rated,NULL,$23
ANAD,$0.3051,1441390217036,"86,479",100% bullish,of 2 ratings,$.50
ALOG,$80.5,1441390217096,"23,537",100% bearish,of 2 ratings,$100.50
AMCF,NULL,1441390217124,0,NULL,NULL,NULL
AMRS,$1.7536,1441390217222,"30,718",70% bullish,of 10 ratings,N/A
ABCW,$41,1441390217327,"3,622",67% bullish,of 3 ratings,N/A
ANGI,$5.045,1441390217353,"90,553",64% bullish,of 11 ratings,$5.50
ANIK,$35.6037,1441390217484,"25,629",60% bullish,of 5 ratings,$51.25
ANIP,$50.96,1441390217525,"51,534",89% bullish,of 19 ratings,$66
ANSS,$89.632,1441390217566,"157,890",100% bearish,of 1 rating,$100
ANGO,$14.4,1441390217632,"18,962",67% bullish,of 3 ratings,$19
ABAC,$0.7501,1441390217789,"3,118",100% bearish,of 1 rating,N/A
ATNY,$2.4,1441390217835,"1,700",50% bullish,of 2 ratings,$3.75
ANTH,$7.06,1441390217862,"232,396",80% bullish,of 10 ratings,$13
ATRS,$1.78,1441390217889,"139,668",92% bullish,of 12 ratings,$4.50
APOG,$51.33,1441390217917,"39,849",50% bullish,of 2 ratings,$67
APIC,$6.77,1441390218051,"25,361",100% bearish,of 1 rating,$19
APOL,$10.85,1441390218077,"228,816",87% bearish,of 68 ratings,$14
AAPL,$108.875,1441390218259,"16,737,353",86% bullish,of 2364 ratings,$150
APPF,$17.04,1441390218284,"19,972",50% bullish,of 2 ratings,$22
AINV,$6.439,1441390218315,"245,924",50% bullish,of 4 ratings,$8
ARCI,$1.2399,1441390218476,"3,100",Not yet rated,NULL,N/A
APDNW,$1.4404,1441390218534,100,Not yet rated,NULL,N/A
AGTC,$16.2,1441390218604,"9,488",50% bullish,of 2 ratings,$33
APDN,$3.39,1441390218635,"11,882",Not yet rated,NULL,$9
AAOI,$20.23,1441390218703,"70,457",50% bullish,of 4 ratings,$26
AMAT,$15.3851,1441390218731,"4,339,152",82% bullish,of 11 ratings,$23
AMCC,$5.66,1441390218764,"113,096",80% bullish,of 5 ratings,$8
APRI,$1.6299,1441390218863,"102,420",83% bullish,of 6 ratings,$4.86
AREX,$2.49,1441390219127,"299,342",50% bullish,of 2 ratings,$3
AQXP,$15.77,1441390219232,"107,593",50% bullish,of 2 ratings,$2
AQMS,$4.9699,1441390219260,"7,884",Not yet rated,NULL,N/A
APTO,$5.171,1441390219286,302,Not yet rated,NULL,$17
AUMA,$9.85,1441390219310,200,Not yet rated,NULL,N/A
AUMAU,NULL,1441390219362,0,Not yet rated,NULL,N/A
ARDM,NULL,1441390219446,0,100% bullish,of 1 rating,$26
ABUS,$6.925,1441390219691,"170,597",86% bullish,of 14 ratings,$21.50
AUMAW,NULL,1441390219723,0,Not yet rated,NULL,N/A
ABIO,$5.86,1441390219753,"25,598",50% bullish,of 2 ratings,$3.75
RKDA,$5.43,1441390219779,"1,488",100% bearish,of 2 ratings,$10
ARCB,$28.41,1441390219820,"72,845",67% bearish,of 3 ratings,$39.50
PETX,$16.94,1441390219851,"68,168",100% bearish,of 2 ratings,$26
ARCW,$3.21,1441390219990,"241,336",100% bearish,of 2 ratings,$10.50
ACGL,$67.99,1441390220099,"63,284",50% bullish,of 2 ratings,$72
ACAT,$25.19,1441390220203,"30,688",100% bearish,of 3 ratings,$33
AGII,$54.05,1441390220390,"15,544",Not yet rated,NULL,$59.50
ARCC,$15.36,1441390220478,"449,342",67% bearish,of 3 ratings,$17.75
ARGS,$6.2356,1441390220539,"3,102",50% bullish,of 2 ratings,$19.50
AGIIL,$25.287,1441390220641,"1,757",Not yet rated,NULL,N/A
ARIS,$3.582,1441390220669,"1,600",Not yet rated,NULL,$4.50
ARNA,$2.71,1441390220696,"336,126",90% bullish,of 78 ratings,$5.50
ARDX,$19.19,1441390220769,"53,742",50% bullish,of 2 ratings,$24.50
ARMH,$42.455,1441390220922,"506,855",54% bearish,of 13 ratings,$60
ARKR,$25.07,1441390220950,"1,184",50% bullish,of 2 ratings,N/A
ARIA,$7.9,1441390221008,"3,139,779",87% bullish,of 46 ratings,$9
ARTX,$1.31,1441390221091,"65,128",88% bullish,of 16 ratings,$4.50
ARWA,NULL,1441390221141,0,Not yet rated,NULL,N/A
ARWAR,NULL,1441390221165,0,Not yet rated,NULL,N/A
ARWAU,$10.2,1441390221330,100,100% bullish,of 1 rating,N/A
ARRS,$25.94,1441390221462,"228,466",50% bullish,of 2 ratings,$38
ARWAW,NULL,1441390221492,0,Not yet rated,NULL,N/A
ARQL,$1.6915,1441390221547,"11,519",75% bullish,of 4 ratings,$5
DWAT,$9.64,1441390221591,"3,600",100% bearish,of 1 rating,N/A
ARRY,$5.58,1441390221687,"648,845",100% bullish,of 7 ratings,$10
ARWR,$5.34,1441390221720,"452,883",75% bullish,of 4 ratings,$10.50
AROW,$27.14,1441390221764,"2,254",Not yet rated,NULL,N/A
ARTNA,$21.8,1441390221795,"3,522",100% bearish,of 1 rating,$29
ARTW,NULL,1441390221897,0,75% bearish,of 4 ratings,N/A
ASND,$19.59,1441390222102,"24,072",50% bullish,of 2 ratings,$30
ASNA,$12.055,1441390222132,"1,054,147",50% bullish,of 2 ratings,$18
ASCMA,$26.45,1441390222339,"12,274",100% bearish,of 1 rating,$45
ASMI,NULL,1441390222365,0,NULL,NULL,NULL
ASBB,$25.23,1441390222496,501,Not yet rated,NULL,N/A
ASML,$91.39,1441390222525,"230,508",50% bullish,of 4 ratings,$127
ASMB,$12.73,1441390222558,"25,103",67% bullish,of 3 ratings,N/A
AZPN,$38.01,1441390222583,"186,278",50% bullish,of 2 ratings,$42
ASTI,$0.2099,1441390222625,"2,415,597",83% bullish,of 6 ratings,$3
APWC,$1.64,1441390222722,404,100% bearish,of 1 rating,N/A
ASFI,$8.77,1441390222750,"1,200",100% bullish,of 1 rating,N/A
ATRO,$49.4,1441390222895,"69,681",100% bearish,of 2 ratings,$80
ASTE,$37.91,1441390223024,"24,609",100% bearish,of 1 rating,$49
ALOT,NULL,1441390223082,0,100% bearish,of 1 rating,N/A
ASTC,$2.256,1441390223114,"7,357",100% bullish,of 5 ratings,N/A
ASUR,$5.4713,1441390223216,"3,778",50% bullish,of 2 ratings,$8
ATHN,$131.915,1441390223347,"65,969",67% bearish,of 3 ratings,$153
AFCB,NULL,1441390223539,0,Not yet rated,NULL,N/A
ATRA,$41.59,1441390223567,"28,963",50% bullish,of 2 ratings,$68
ATAI,$2.35,1441390223604,"2,771",100% bearish,of 1 rating,N/A
ACFC,$5.57,1441390223699,"3,338",100% bearish,of 1 rating,$6.50
ATHX,$1.1299,1441390223728,"40,051",89% bullish,of 9 ratings,$5
AAPC,$10.1,1441390223755,7,Not yet rated,NULL,N/A
ATNI,$73.96,1441390223785,"15,544",100% bearish,of 1 rating,$69.50
AAME,$3.4899,1441390223855,"1,203",Not yet rated,NULL,N/A
ATLC,$3.93,1441390224022,600,67% bullish,of 3 ratings,N/A
AFH,$16.1,1441390224132,"103,278",Not yet rated,NULL,$21.50
AAWW,$38.08,1441390224157,"93,707",50% bullish,of 2 ratings,$65
ATML,$7.89,1441390224360,"2,252,319",78% bullish,of 9 ratings,$9.50
LIFE,$14.19,1441390224491,"18,204",86% bullish,of 7 ratings,$43
ATTU,$12.93,1441390224519,"10,585",100% bearish,of 1 rating,$20.50
ATOS,$0.87,1441390224540,"80,030",100% bullish,of 7 ratings,$7
ATRI,$371,1441390224599,991,Not yet rated,NULL,N/A
ATRM,NULL,1441390224673,0,50% bullish,of 2 ratings,N/A
ATRC,$23.16,1441390224727,"54,078",100% bullish,of 1 rating,$30
AUBN,$26.54,1441390224756,"1,500",Not yet rated,NULL,N/A
AUPH,$3.3499,1441390224944,"6,799",100% bearish,of 1 rating,$8
EARS,$4.35,1441390224991,"3,200",100% bearish,of 2 ratings,$11
AUDC,$3.215,1441390225087,"15,484",80% bullish,of 5 ratings,$5
ABTL,$19.1,1441390225117,"45,678",100% bullish,of 4 ratings,$20.25
ADAT,$0.3394,1441390225163,"601,867",100% bullish,of 2 ratings,N/A
AVGO,$121.38,1441390225530,"725,268",88% bullish,of 8 ratings,$165
AAVL,$10.02,1441390225556,"104,845",100% bearish,of 1 rating,$20
ADP,$75.8915,1441390225585,"581,141",100% bearish,of 1 rating,$88
AVID,$8.5707,1441390225687,"129,503",100% bearish,of 1 rating,$20
AVEO,$1.36,1441390225747,"218,068",75% bullish,of 8 ratings,$3
ADSK,$45.23,1441390225796,"629,873",67% bullish,of 6 ratings,$66
AVGR,$14.95,1441390225823,"21,972",100% bearish,of 1 rating,$20
AVNU,$12.75,1441390225899,"1,400",Not yet rated,NULL,$14
AVNW,$1.1999,1441390226070,"42,492",50% bullish,of 2 ratings,N/A
ACLS,$3.214,1441390226134,"85,526",67% bullish,of 6 ratings,$4.75
AWRE,$3.2001,1441390226166,"7,129",67% bullish,of 3 ratings,N/A
CAR,$42.16,1441390226194,"874,371",80% bullish,of 5 ratings,$60
AXGN,$4.67,1441390226274,"12,050",Not yet rated,NULL,$5
AXPW,$1.9001,1441390226407,"261,662",86% bullish,of 7 ratings,N/A
AXPWW,NULL,1441390226538,0,Not yet rated,NULL,N/A
AXTI,$2.11,1441390226612,"3,798",50% bullish,of 2 ratings,$2.75
BCOM,NULL,1441390226682,0,100% bearish,of 1 rating,N/A
BOSC,$2.07,1441390226712,"2,900",50% bullish,of 2 ratings,N/A
RILY,NULL,1441390226815,0,Not yet rated,NULL,N/A
BIDU,$144.4204,1441390226885,"1,173,051",81% bullish,of 88 ratings,$210
BEAV,$48.68,1441390226915,"178,928",67% bearish,of 3 ratings,$59
BWINB,$22.29,1441390227044,"1,865",Not yet rated,NULL,N/A
BCPC,$57.48,1441390227069,"64,241",100% bearish,of 1 rating,$75
BLDP,$1.31,1441390227289,"72,769",91% bullish,of 22 ratings,$2.50
BANF,$59.11,1441390227315,"6,201",Not yet rated,NULL,$68
BWINA,NULL,1441390227350,0,Not yet rated,NULL,N/A
BANFP,$26.8,1441390227449,266,Not yet rated,NULL,N/A
BOCH,$5.72,1441390227534,95,Not yet rated,NULL,$6.50
BMRC,$48.57,1441390227583,"2,284",Not yet rated,NULL,$52
BKMU,$6.86,1441390227610,"11,629",Not yet rated,NULL,$8
BKSC,$16.76,1441390227768,"2,800",Not yet rated,NULL,N/A
OZRK,$40.22,1441390227857,"57,693",67% bullish,of 3 ratings,$49.50
BFIN,$12.05,1441390227906,"4,024",Not yet rated,NULL,$13
BOTJ,NULL,1441390228035,0,Not yet rated,NULL,N/A
BZUN,$5.13,1441390228063,"99,716",50% bullish,of 2 ratings,$11.50
BANR,$43.55,1441390228084,"19,578",100% bullish,of 3 ratings,$50
BWFG,$18.34,1441390228126,"3,513",100% bearish,of 1 rating,N/A
BHAC,NULL,1441390228256,0,Not yet rated,NULL,N/A
TAPR,$31.994,1441390228385,700,100% bearish,of 1 rating,N/A
BHACR,$0.21,1441390228465,"2,098",Not yet rated,NULL,N/A
BHACU,NULL,1441390228490,0,Not yet rated,NULL,N/A
BHACW,NULL,1441390228529,0,Not yet rated,NULL,N/A
BBSI,$34.77,1441390228638,"10,126",67% bearish,of 3 ratings,$62.50
BSET,$28.51,1441390228771,"21,197",100% bearish,of 1 rating,$35
BV,$5.045,1441390228928,"97,296",67% bullish,of 6 ratings,$8.75
BCBP,$11.31,1441390228955,42,Not yet rated,NULL,N/A
BBCN,$14.115,1441390228981,"48,641",100% bearish,of 1 rating,$16
BECN,$35.44,1441390229029,"59,741",50% bullish,of 2 ratings,$40
BDCV,$4.8837,1441390229182,"2,472",100% bearish,of 1 rating,$10.19
BYLK,$12.84,1441390229209,"2,896",Not yet rated,NULL,$14
BYBK,$4.95,1441390229281,200,100% bearish,of 1 rating,N/A
BBGI,$3.95,1441390229375,"1,019",100% bearish,of 1 rating,N/A
BSF,$8.3999,1441390229525,"13,771",Not yet rated,NULL,N/A
BEBE,$1.19,1441390229730,"359,164",75% bullish,of 4 ratings,$2.125
BLPH,$4.13,1441390229801,"6,293",100% bearish,of 1 rating,$12.50
BLCM,$15.79,1441390229825,"53,893",50% bullish,of 4 ratings,$40
BELFA,$15,1441390229857,12,100% bearish,of 1 rating,N/A
BBBY,$61.83,1441390229883,"312,161",71% bullish,of 7 ratings,$75
BELFB,$18.58,1441390230030,"4,560",100% bearish,of 1 rating,N/A
BNTC,$7.1,1441390230270,"1,400",100% bullish,of 1 rating,N/A
BNFT,$35.79,1441390230296,"23,817",67% bullish,of 3 ratings,$46
BIND,$4.86,1441390230430,"10,143",75% bullish,of 4 ratings,$13.50
BGMD,$0.6126,1441390230535,"59,727",100% bullish,of 10 ratings,N/A
BNCL,$12.39,1441390230560,"101,775",100% bullish,of 3 ratings,$12.50
ORPN,$5.51,1441390230710,"4,603",100% bullish,of 1 rating,$28.50
BASI,$1.6358,1441390230773,200,Not yet rated,NULL,N/A
BGCP,$8.74,1441390230843,"258,363",88% bullish,of 8 ratings,$14
BGFV,$11.2301,1441390230903,"36,305",57% bullish,of 7 ratings,$12
BCRX,$11.33,1441390230981,"139,419",63% bullish,of 8 ratings,$18
BIOC,$2.0001,1441390231006,"102,617",83% bullish,of 6 ratings,$3.85
BCDA,NULL,1441390231063,0,Not yet rated,NULL,N/A
BIOD,$0.6972,1441390231219,"6,966",80% bullish,of 5 ratings,$4
BDSI,$6.28,1441390231250,"294,380",88% bullish,of 8 ratings,$17
BIOL,$1.5401,1441390231357,"6,008",Not yet rated,NULL,N/A
BIIB,$300.96,1441390231436,"503,282",88% bullish,of 16 ratings,$400
BLFS,$2.327,1441390231486,"78,372",100% bearish,of 1 rating,$4.75
BLRX,$1.69,1441390231571,"142,428",100% bullish,of 12 ratings,$5
BVXVW,$0.82,1441390231765,"1,200",100% bearish,of 1 rating,N/A
BRLI,NULL,1441390231840,0,NULL,NULL,NULL
BMRN,$124.395,1441390231904,"190,780",80% bullish,of 5 ratings,$160
BVXV,$3.8,1441390231945,"17,807",Not yet rated,NULL,N/A
BPTH,$1.14,1441390231974,"16,854",100% bullish,of 2 ratings,$5
BBP,$31.9234,1441390232046,"9,963",Not yet rated,NULL,N/A
BIOS,$2.43,1441390232077,"196,582",71% bullish,of 7 ratings,$4
BBC,$31.05,1441390232180,"2,158",Not yet rated,NULL,N/A
BSTC,$48.24,1441390232252,"11,871",100% bearish,of 1 rating,$76
BOTA,$2.11,1441390232539,"17,369",88% bullish,of 8 ratings,N/A
BITI,$16.54,1441390232574,"7,795",100% bullish,of 1 rating,$28
TECH,$92.4,1441390232595,"95,423",100% bullish,of 1 rating,$117
BSPM,$0.72,1441390232628,"61,891",50% bullish,of 2 ratings,N/A
BDMS,NULL,1441390232649,0,100% bearish,of 1 rating,N/A
BEAT,$15.55,1441390232680,"189,775",67% bearish,of 3 ratings,$15
BJRI,$44.36,1441390232701,"57,860",50% bullish,of 2 ratings,$55
BBOX,$14.81,1441390232911,"11,913",100% bearish,of 1 rating,N/A
BDE,$7.37,1441390232964,"25,377",50% bullish,of 2 ratings,$9
BKCC,$9.4,1441390233176,"96,469",50% bullish,of 2 ratings,$10
BBRY,$7.385,1441390233201,"5,350,871",61% bullish,of 331 ratings,$9
HAWK,$38.59,1441390233271,"45,171",91% bullish,of 11 ratings,$49
ADRA,$26.1036,1441390233296,"1,398",100% bearish,of 1 rating,N/A
BLKB,$56.5,1441390233530,"34,169",100% bearish,of 2 ratings,$66
ADRD,$21.16,1441390233551,"2,013",100% bearish,of 1 rating,N/A
ADRE,$28.4201,1441390233580,"12,981",100% bearish,of 1 rating,N/A
BLMN,$20.24,1441390233630,"123,361",83% bullish,of 6 ratings,$27.50
ADRU,$20.93,1441390233660,"3,400",100% bearish,of 1 rating,N/A
BCOR,$13.26,1441390233759,"47,392",57% bullish,of 7 ratings,$15
BLBD,$11.6,1441390233846,"1,690",Not yet rated,NULL,N/A
BHBK,$13.99,1441390233990,"33,469",100% bullish,of 1 rating,$14.50
BUFF,$23.7,1441390234069,"222,758",77% bullish,of 13 ratings,$31.50
NILE,$33.3274,1441390234206,"10,106",50% bullish,of 2 ratings,$34
BBLU,$0.8896,1441390234238,"367,645",100% bullish,of 2 ratings,$4.43
BLUE,$127.15,1441390234336,"145,245",71% bullish,of 7 ratings,$217.50
BKEP,$6.5,1441390234365,"7,798",100% bearish,of 1 rating,$8.50
BKEPP,NULL,1441390234394,0,100% bearish,of 1 rating,N/A
BPMC,$27.86,1441390234492,"17,029",50% bullish,of 2 ratings,$47.50
BOFI,$113.179,1441390234590,"165,062",100% bullish,of 6 ratings,$144
BOJA,$20.5142,1441390234761,"70,677",100% bullish,of 1 rating,$30
BOKF,$61.5901,1441390234795,"38,646",100% bearish,of 1 rating,$69
BOBE,$44.85,1441390234822,"121,617",75% bullish,of 4 ratings,$57
BNCN,$20.77,1441390234892,"12,504",Not yet rated,NULL,$24
BONA,$11.12,1441390234920,"37,666",75% bullish,of 4 ratings,$8.50
WIFI,$7.52,1441390234948,"68,909",50% bullish,of 2 ratings,$13.50
BNSO,$1.2301,1441390235106,900,100% bearish,of 1 rating,N/A
BPFHP,$24.4601,1441390235265,200,100% bearish,of 1 rating,N/A
BAMM,$3.21,1441390235292,"1,657",60% bullish,of 5 ratings,N/A
BPFH,$11.735,1441390235317,"107,518",100% bearish,of 1 rating,$14
BPFHW,NULL,1441390235448,0,100% bearish,of 1 rating,N/A
EPAY,$26.42,1441390235477,"30,141",100% bearish,of 2 ratings,$30
BDBD,$8.145,1441390235551,"131,248",60% bullish,of 5 ratings,$10
BCLI,$3.14,1441390235576,"48,845",80% bullish,of 5 ratings,$12
BBEPP,$14.41,1441390235780,"3,843",50% bullish,of 2 ratings,N/A
BBRG,$12.43,1441390235911,"8,292",67% bullish,of 3 ratings,$14.50
BLIN,$1.443,1441390235940,"346,770",50% bullish,of 2 ratings,$2.20
BDGE,$25.6125,1441390235968,"4,467",Not yet rated,NULL,$31.75
BBEP,$2.71,1441390235998,"363,282",69% bullish,of 13 ratings,$5.625
BCOV,$5.18,1441390236019,"25,751",67% bullish,of 3 ratings,$10.20
BRID,$8.1,1441390236069,2,100% bearish,of 1 rating,N/A
BRCM,$50.66,1441390236214,"988,972",69% bullish,of 13 ratings,$56
BVSN,$5.9,1441390236430,"1,100",60% bearish,of 5 ratings,N/A
BYFC,NULL,1441390236457,0,50% bullish,of 2 ratings,N/A
BWEN,$3.155,1441390236498,"21,384",75% bullish,of 4 ratings,$8
BSFT,$31.89,1441390236606,"43,589",57% bullish,of 7 ratings,$40.50
BRCD,$10.14,1441390236654,"488,147",92% bullish,of 13 ratings,$12
BRKR,$17.6876,1441390236738,"140,784",100% bearish,of 2 ratings,$22
BRKL,$10.38,1441390236799,"93,196",100% bearish,of 1 rating,$12
BMTC,$29.0858,1441390236965,"15,335",Not yet rated,NULL,$34
BLMT,$21.04,1441390236990,"1,028",Not yet rated,NULL,N/A
BLDR,$15.1875,1441390237015,"430,427",67% bullish,of 3 ratings,$22
BRKS,$10.27,1441390237042,"82,108",67% bullish,of 3 ratings,$15.25
BWLD,$194.395,1441390237184,"78,966",82% bullish,of 11 ratings,$205
BUR,$1.7178,1441390237242,200,100% bearish,of 1 rating,$8
CFFI,$35.69,1441390237291,102,100% bearish,of 1 rating,N/A
BSQR,$6.16,1441390237312,"9,287",67% bullish,of 3 ratings,N/A
CHRW,$67.61,1441390237446,"343,861",Not yet rated,NULL,$72
CA,$26.905,1441390237627,"817,631",50% bullish,of 4 ratings,$33
CCMP,$42.19,1441390237680,"10,507",50% bullish,of 2 ratings,$59
CDNS,$20.2,1441390237816,"580,469",75% bullish,of 4 ratings,$22.50
CZR,$9.225,1441390237878,"182,615",60% bearish,of 5 ratings,$10.50
CDZI,$7.305,1441390237920,"15,278",100% bearish,of 1 rating,N/A
PRSS,$4.4399,1441390237947,"4,052",80% bullish,of 5 ratings,$4.50
CACQ,$6.99,1441390238023,"55,182",100% bearish,of 1 rating,$12.25
CLBS,$1.7,1441390238085,"52,867",79% bullish,of 14 ratings,$4
CHY,$11,1441390238211,"87,329",Not yet rated,NULL,N/A
CLMS,$9.67,1441390238395,"62,916",Not yet rated,NULL,$10.50
CCD,$19.39,1441390238420,"27,102",Not yet rated,NULL,N/A
CHI,$10.31,1441390238445,"104,214",100% bearish,of 1 rating,N/A
CSTE,$38.73,1441390238470,"67,499",50% bullish,of 2 ratings,$65
CHW,$7.37,1441390238600,"125,728",100% bearish,of 1 rating,N/A
CFGE,NULL,1441390238635,0,Not yet rated,NULL,N/A
CAMP,$15.79,1441390238858,"155,121",88% bullish,of 8 ratings,$25
CGO,$11.9,1441390238892,"6,645",100% bearish,of 1 rating,N/A
CVGW,$50.2,1441390238942,"161,141",50% bullish,of 2 ratings,$62
CALA,$6.126,1441390239042,"106,526",67% bullish,of 3 ratings,$19.50
CFNB,$13.0601,1441390239091,300,100% bearish,of 1 rating,N/A
CALD,$15.85,1441390239115,"93,428",100% bearish,of 1 rating,$21
CALM,$52.52,1441390239256,"72,781",80% bullish,of 5 ratings,$63.50
CLMT,$25.5,1441390239333,"43,809",75% bullish,of 8 ratings,$31
CSQ,$9.67,1441390239360,"168,773",Not yet rated,NULL,N/A
ABCD,$5.0601,1441390239563,"21,868",83% bullish,of 6 ratings,N/A
CAMBU,NULL,1441390239606,0,100% bearish,of 1 rating,N/A
CAMBW,NULL,1441390239630,0,Not yet rated,NULL,N/A
CAMT,$2.62,1441390239655,"16,829",73% bullish,of 11 ratings,$4
CAMB,NULL,1441390239687,0,Not yet rated,NULL,N/A
CSIQ,$18.11,1441390239787,"426,961",86% bullish,of 28 ratings,$42.50
CAC,$39.65,1441390239816,"5,411",Not yet rated,NULL,N/A
CPHC,NULL,1441390239952,0,100% bearish,of 1 rating,N/A
CGIX,$9.78,1441390239992,"1,140",67% bullish,of 3 ratings,$14.375
CBNJ,$11.14,1441390240055,"5,327",100% bearish,of 1 rating,N/A
CPLA,$49.21,1441390240125,"20,771",67% bearish,of 3 ratings,$65
CBF,$29.94,1441390240152,"9,445",Not yet rated,NULL,$32
CCBG,$15.05,1441390240364,"1,338",Not yet rated,NULL,$17.25
CPTA,$14.08,1441390240494,"7,027",100% bearish,of 1 rating,$18.25
CAPN,$2.09,1441390240550,"43,753",100% bullish,of 1 rating,$10.85
CPLP,$6.9154,1441390240579,"81,561",71% bullish,of 7 ratings,$11
CSWC,$43.3,1441390240604,"19,147",Not yet rated,NULL,N/A
CFFN,$11.74,1441390240681,"99,835",Not yet rated,NULL,$12.75
CAPR,$4.36,1441390240759,"2,941",Not yet rated,NULL,$12
CAPNW,NULL,1441390240837,0,Not yet rated,NULL,N/A
CPST,$0.3864,1441390240936,"219,993",95% bullish,of 22 ratings,$1.25
CARB,$11.06,1441390241031,"15,940",75% bullish,of 4 ratings,$12
CBYL,$5.24,1441390241131,"20,960",100% bearish,of 1 rating,$20
CRDC,$0.345,1441390241178,"124,190",100% bullish,of 1 rating,$1.25
CARA,$18.83,1441390241203,"69,526",50% bullish,of 4 ratings,$25
CFNL,$21.79,1441390241227,"18,384",Not yet rated,NULL,$24
CSII,$22.42,1441390241401,"58,469",100% bearish,of 2 ratings,$42.125
CRME,$9.45,1441390241505,"6,907",89% bullish,of 9 ratings,$11.25
CATM,$33.74,1441390241541,"80,835",100% bearish,of 1 rating,$44
CECO,$3.575,1441390241609,"70,287",67% bearish,of 3 ratings,$6
CKEC,$22.27,1441390241679,"69,961",50% bullish,of 2 ratings,$35.915
CTRE,$10.905,1441390241705,"91,011",50% bullish,of 2 ratings,$13.50
CDNA,$7,1441390241765,"19,383",100% bearish,of 1 rating,$9
CLBH,$12.5001,1441390241864,611,Not yet rated,NULL,$16.50
CARO,$15.09,1441390241934,704,100% bearish,of 1 rating,$19
CART,NULL,1441390242127,0,100% bearish,of 1 rating,N/A
CRTN,$2.49,1441390242155,468,100% bearish,of 1 rating,N/A
CRZO,$35.2,1441390242187,"414,039",67% bearish,of 3 ratings,$54.50
TAST,$12.63,1441390242207,"80,010",Not yet rated,NULL,$14.25
CACB,$5.2598,1441390242283,"14,410",Not yet rated,NULL,$5.50
CASM,$1.21,1441390242343,"6,164",100% bullish,of 1 rating,$3.50
CARV,$6.3,1441390242368,"6,200",50% bullish,of 2 ratings,N/A
CSCD,$15.24,1441390242600,"5,834",100% bullish,of 2 ratings,$17
CASY,$105.61,1441390242643,"70,785",50% bullish,of 2 ratings,$99.50
CWST,$6.31,1441390242689,"13,890",50% bullish,of 2 ratings,$7.25
CASI,$1.3526,1441390242781,"1,684",100% bullish,of 1 rating,$3.50
CATY,$28.92,1441390242912,"180,080",100% bearish,of 1 rating,$33.50
CATB,$11.16,1441390242995,"7,515",100% bearish,of 1 rating,$28
CASS,$48.48,1441390243060,"5,681",100% bearish,of 1 rating,N/A
CATYW,NULL,1441390243123,0,100% bearish,of 1 rating,N/A
CAVM,$67.91,1441390243150,"175,647",67% bearish,of 3 ratings,$72
CPRX,$3.62,1441390243199,"285,848",71% bullish,of 7 ratings,$7
CBFV,$21.4599,1441390243224,421,Not yet rated,NULL,$25
CNLM,NULL,1441390243284,0,Not yet rated,NULL,N/A
CVCO,$70.8,1441390243363,"2,845",100% bearish,of 1 rating,N/A
CNLMR,NULL,1441390243532,0,Not yet rated,NULL,N/A
CNLMW,NULL,1441390243576,0,Not yet rated,NULL,N/A
CNLMU,NULL,1441390243627,0,100% bullish,of 1 rating,N/A
CBOE,$63.56,1441390243759,"95,869",Not yet rated,NULL,$63
CDK,$48.37,1441390243860,"50,151",67% bearish,of 3 ratings,$50
CDW,$38.56,1441390243926,"221,425",75% bullish,of 4 ratings,$44
CPXX,$2.29,1441390243989,"16,297",100% bullish,of 2 ratings,$7
CECE,$9.675,1441390244018,"112,238",50% bullish,of 2 ratings,$16
CELG,$116.55,1441390244041,"1,207,552",100% bullish,of 13 ratings,$156
CELGZ,$1.76,1441390244072,7,80% bullish,of 5 ratings,N/A
CLDN,$1.195,1441390244203,"27,057",63% bullish,of 8 ratings,$3
CLRB,$2.853,1441390244335,"1,920",100% bearish,of 1 rating,N/A
CLDX,$13.92,1441390244366,"240,840",89% bullish,of 9 ratings,$36
CLRBW,NULL,1441390244391,0,Not yet rated,NULL,N/A
CLLS,$31.59,1441390244467,"30,664",75% bullish,of 4 ratings,$51.50
CBMG,$23.12,1441390244646,"26,913",50% bullish,of 2 ratings,N/A
CLTX,$1.84,1441390244817,"42,344",100% bullish,of 2 ratings,N/A
CETV,$2.045,1441390244883,"16,458",67% bullish,of 3 ratings,$2.80
CETX,$2.4412,1441390244909,"15,600",Not yet rated,NULL,$5.60
CLSN,$2.011,1441390244930,"32,937",80% bullish,of 10 ratings,$7.50
CYAD,$47.01,1441390244972,100,100% bullish,of 1 rating,$87.50
CEMP,$32.91,1441390244997,"150,072",71% bullish,of 7 ratings,$52
CSFL,$13.53,1441390245174,"31,698",Not yet rated,NULL,$15
CFBK,$1.34,1441390245258,896,Not yet rated,NULL,N/A
CENT,$14.3,1441390245287,"77,078",Not yet rated,NULL,$10
CENTA,$14.625,1441390245383,"53,638",Not yet rated,NULL,N/A
CVCY,$11.54,1441390245530,198,Not yet rated,NULL,$12
CNTY,$5.96,1441390245638,"3,723",80% bullish,of 5 ratings,$7.75
CENX,$5.2734,1441390245702,"602,351",67% bullish,of 6 ratings,$9
CNBKA,$39.12,1441390245727,198,50% bullish,of 2 ratings,N/A
CPHD,$48.77,1441390245769,"222,621",67% bearish,of 3 ratings,$66
CRNT,$1.3999,1441390245858,"19,941",50% bullish,of 2 ratings,$2
CERE,$1.13,1441390246016,"155,055",88% bullish,of 8 ratings,N/A
CEVA,$19,1441390246181,"8,980",100% bearish,of 1 rating,$25
KOOL,$0.64,1441390246237,"24,435",100% bullish,of 5 ratings,$7
CERU,$4.2,1441390246278,"11,981",75% bullish,of 4 ratings,$14
CERN,$59.5874,1441390246365,"228,317",67% bullish,of 3 ratings,$79
CERS,$5.15,1441390246435,"362,080",75% bullish,of 4 ratings,$7
CYOU,$18.67,1441390246512,"25,666",50% bullish,of 6 ratings,$24
HOTR,$1.31,1441390246592,"35,497",100% bullish,of 2 ratings,$5
HOTRW,$0.15,1441390246806,"10,650",Not yet rated,NULL,N/A
CTHR,$1.2,1441390246831,"31,732",50% bullish,of 2 ratings,$2.50
CHTR,$181.55,1441390246907,"186,911",67% bearish,of 3 ratings,$202
GTLS,$23.16,1441390247143,"62,715",50% bullish,of 4 ratings,$40
CHKP,$77.93,1441390247290,"467,519",50% bullish,of 4 ratings,$92
CHFN,$12.1,1441390247533,"5,908",Not yet rated,NULL,$14
CEMI,$4.21,1441390247563,"3,148",50% bullish,of 2 ratings,$7.50
CHFC,$30.27,1441390247585,"27,361",100% bearish,of 1 rating,$36
CHEKW,NULL,1441390247614,0,Not yet rated,NULL,N/A
CHEK,NULL,1441390247664,0,Not yet rated,NULL,$7.75
CCXI,$6.25,1441390247756,"9,502",67% bullish,of 3 ratings,$14
CHMG,$26.36,1441390247826,200,Not yet rated,NULL,$30
CBNK,$16.78,1441390247964,200,100% bearish,of 1 rating,N/A
CHMA,$28.16,1441390247999,"41,736",Not yet rated,NULL,$40
CHEV,$14.39,1441390248053,"1,066",Not yet rated,NULL,N/A
CMRX,$48.47,1441390248103,"74,185",50% bullish,of 2 ratings,$57
CHKE,$25.58,1441390248199,"5,515",100% bearish,of 1 rating,$32.50
PLCE,$58.08,1441390248408,"44,922",100% bearish,of 1 rating,$69
CADC,$3.34,1441390248433,400,78% bullish,of 9 ratings,N/A
CALI,NULL,1441390248487,0,67% bullish,of 3 ratings,N/A
CAAS,$5.9915,1441390248569,"3,279",93% bullish,of 14 ratings,$11.50
CBAK,$2.07,1441390248738,"69,957",67% bullish,of 9 ratings,N/A
CCCR,$0.7152,1441390248763,700,67% bearish,of 3 ratings,N/A
CBPO,$93.61,1441390248918,"44,595",75% bullish,of 8 ratings,$140.50
CHOP,$1.0761,1441390248994,"1,235",50% bullish,of 2 ratings,N/A
CCCL,NULL,1441390249061,0,100% bullish,of 6 ratings,N/A
HGSH,$1.785,1441390249140,"1,201",67% bullish,of 3 ratings,N/A
JRJC,$3.44,1441390249198,"13,520",82% bullish,of 11 ratings,N/A
CHLN,$1.8,1441390249268,300,67% bullish,of 3 ratings,N/A
CNIT,$1.1464,1441390249508,"46,559",67% bullish,of 6 ratings,N/A
HTHT,$25.5,1441390249564,"32,152",50% bullish,of 2 ratings,$28.40
CJJD,$1.8,1441390249639,"1,200",100% bullish,of 1 rating,N/A
CHNR,NULL,1441390249668,0,100% bearish,of 1 rating,N/A
CREG,$0.66,1441390249689,"30,917",100% bullish,of 3 ratings,N/A
CSUN,$1.3563,1441390249880,"7,025",80% bullish,of 5 ratings,N/A
CNTF,$0.7999,1441390249966,"22,686",Not yet rated,NULL,N/A
CPGI,$6.905,1441390250034,"1,900",Not yet rated,NULL,N/A
CXDC,$6.1399,1441390250062,"16,668",67% bearish,of 3 ratings,N/A
CNYD,$3.21,1441390250092,200,67% bullish,of 3 ratings,N/A
IMOS,$19.4,1441390250194,"86,274",60% bullish,of 5 ratings,$21.50
CNET,$0.84,1441390250268,"12,960",50% bullish,of 2 ratings,N/A
CHSCL,$27.2616,1441390250357,"9,676",Not yet rated,NULL,N/A
CCIH,$7.37,1441390250383,"68,845",67% bullish,of 6 ratings,$12.65
CHSCM,$26.2601,1441390250515,"6,585",Not yet rated,NULL,N/A
CHSCN,$27.02,1441390250702,"1,477",Not yet rated,NULL,N/A
CHSCO,$28.42,1441390250728,868,Not yet rated,NULL,N/A
CHUY,$31,1441390250789,"31,543",50% bullish,of 2 ratings,$34
CDTX,$14.15,1441390250855,"9,385",Not yet rated,NULL,$22
CHDN,$133.4,1441390250887,"23,811",Not yet rated,NULL,$165
CMCT,NULL,1441390250964,0,100% bearish,of 1 rating,N/A
CHSCP,$30.694,1441390251027,100,Not yet rated,NULL,N/A
CIFC,$6.85,1441390251091,"7,235",100% bearish,of 1 rating,N/A
CMPR,$70.46,1441390251194,"51,880",50% bullish,of 2 ratings,$72.50
CINF,$51.67,1441390251272,"173,253",50% bullish,of 4 ratings,$50.50
CIDM,$0.5801,1441390251296,"6,915",50% bullish,of 2 ratings,$2.10
CTAS,$83.64,1441390251442,"115,006",100% bearish,of 1 rating,$91
CPHR,$5,1441390251485,900,100% bearish,of 1 rating,$17
CRUS,$29.3728,1441390251583,"180,070",75% bullish,of 12 ratings,$44.50
CSCO,$25.49,1441390251663,"7,397,432",83% bullish,of 210 ratings,$32
CZNC,$19.66,1441390251739,"3,280",Not yet rated,NULL,N/A
CZFC,NULL,1441390251768,0,Not yet rated,NULL,N/A
CTRN,$25.83,1441390251793,"25,917",100% bearish,of 1 rating,$31.50
CZWI,$9,1441390251819,316,Not yet rated,NULL,N/A
CTXS,$67.9,1441390251964,"492,823",86% bullish,of 7 ratings,$80
CIZN,NULL,1441390251992,0,Not yet rated,NULL,N/A
CIVB,$10.0001,1441390252210,"1,550",Not yet rated,NULL,$11
CHCO,$47.02,1441390252238,"9,658",Not yet rated,NULL,$46
CIVBP,NULL,1441390252280,0,Not yet rated,NULL,N/A
CDTI,$1.57,1441390252345,"17,250",75% bullish,of 4 ratings,$3.20
CLNE,$5.175,1441390252449,"241,586",80% bullish,of 15 ratings,$9
CLNT,$1.55,1441390252487,"4,600",75% bullish,of 8 ratings,N/A
CLRO,$11.45,1441390252617,400,50% bullish,of 2 ratings,$14.25
CLIR,$5.014,1441390252649,"25,278",100% bullish,of 3 ratings,N/A
CLFD,$16.75,1441390252670,"6,805",67% bullish,of 3 ratings,$18
CBLI,$4.175,1441390252756,"9,819",60% bullish,of 5 ratings,N/A
CSBK,$13.84,1441390252800,"15,182",Not yet rated,NULL,N/A
CLVS,$81.735,1441390252862,"107,879",60% bullish,of 5 ratings,$101.50
CMFN,$11.24,1441390252997,"6,387",100% bearish,of 1 rating,$15.50
CME,$92.21,1441390253131,"546,596",67% bullish,of 3 ratings,$102
CCNE,$16.989,1441390253157,"4,343",50% bullish,of 2 ratings,$21.50
CNV,$4.38,1441390253312,"19,584",50% bullish,of 2 ratings,$7.15
CWAY,$11.28,1441390253338,"1,600",Not yet rated,NULL,N/A
COBZ,$12.68,1441390253502,"11,315",100% bullish,of 1 rating,$14
CISG,$7.63,1441390253527,"3,100",100% bullish,of 5 ratings,$10
CDXS,$3.52,1441390253584,"16,472",64% bullish,of 11 ratings,$6
COKE,$159,1441390253669,"4,218",79% bullish,of 19 ratings,N/A
CVLY,NULL,1441390253699,0,Not yet rated,NULL,N/A
JVA,$4.7,1441390253725,"7,400",83% bullish,of 6 ratings,$7
CDRB,$9.29,1441390253758,"15,839",67% bullish,of 3 ratings,N/A
CGNT,$1.54,1441390253943,800,100% bullish,of 2 ratings,$2
CCOI,$27.24,1441390254029,"84,362",50% bullish,of 4 ratings,$35
CGNX,$34.3299,1441390254078,"121,366",50% bullish,of 2 ratings,$47
CTSH,$61.53,1441390254306,"1,148,033",90% bullish,of 10 ratings,$75
COHU,$9.51,1441390254353,"15,031",100% bearish,of 1 rating,$14.25
CLCT,$17.877,1441390254486,"6,866",100% bearish,of 1 rating,N/A
COHR,$54.84,1441390254512,"22,651",50% bullish,of 2 ratings,$72
CLRX,$0.6704,1441390254533,"12,574",50% bullish,of 2 ratings,N/A
COLL,$15.71,1441390254666,"18,392",100% bearish,of 1 rating,$26
CIGI,$41.75,1441390254710,"15,135",100% bearish,of 1 rating,$52
COLB,$29.05,1441390254735,"54,852",Not yet rated,NULL,$36
CHRS,$25.85,1441390254800,"86,857",67% bearish,of 3 ratings,$37
CLCD,$5.75,1441390254987,"29,004",100% bearish,of 1 rating,$20.50
CMCO,$18.84,1441390255035,"11,424",60% bullish,of 5 ratings,$28
COLM,$60.59,1441390255088,"25,177",100% bearish,of 1 rating,$71
CBMX,$1.12,1441390255113,"5,500",83% bullish,of 6 ratings,$3.15
CMCSA,$55.375,1441390255140,"3,311,829",66% bullish,of 35 ratings,$69.50
CBAN,NULL,1441390255178,0,Not yet rated,NULL,N/A
CBSH,$43.17,1441390255355,"77,733",50% bullish,of 2 ratings,$46
CMCSK,$56.37,1441390255433,"1,226,810",Not yet rated,NULL,$84
CBSHP,$25.35,1441390255513,"2,958",100% bearish,of 1 rating,N/A
CUBN,NULL,1441390255563,0,Not yet rated,NULL,N/A
CVGI,$4.84,1441390255590,"16,343",50% bullish,of 2 ratings,$6
COMM,$32.46,1441390255615,"169,041",67% bearish,of 3 ratings,$35
CSAL,$19.99,1441390255798,"158,305",75% bullish,of 4 ratings,$30
JCS,$8.7118,1441390255893,"4,625",67% bullish,of 3 ratings,N/A
ESXB,NULL,1441390255931,0,Not yet rated,NULL,N/A
CWBC,$6.826,1441390256067,200,Not yet rated,NULL,N/A
CYHHZ,$0.01,1441390256095,"7,982",100% bullish,of 1 rating,N/A
CTBI,$34.4,1441390256168,"4,804",Not yet rated,NULL,$36
CIZ,$32.0975,1441390256250,"13,223",100% bearish,of 1 rating,N/A
COB,$10.15,1441390256274,"2,000",100% bullish,of 1 rating,$11.75
CIL,NULL,1441390256334,0,Not yet rated,NULL,N/A
CSA,NULL,1441390256514,0,Not yet rated,NULL,N/A
CVLT,$35.27,1441390256548,"174,980",75% bullish,of 4 ratings,$44.50
CID,$32.38,1441390256568,"1,305",Not yet rated,NULL,N/A
CSF,$36.06,1441390256658,"3,017",100% bearish,of 1 rating,N/A
CDC,$33.757,1441390256793,"49,681",Not yet rated,NULL,N/A
CFO,$34.6399,1441390256849,"42,020",100% bearish,of 1 rating,N/A
CDL,$32.826,1441390256897,"1,157",Not yet rated,NULL,N/A
CGEN,$5.04,1441390257069,"28,036",50% bullish,of 2 ratings,$11
CSB,NULL,1441390257174,0,Not yet rated,NULL,N/A
SCOR,$47.175,1441390257406,"192,849",100% bearish,of 1 rating,$66
CFA,$34.65,1441390257438,900,100% bearish,of 1 rating,N/A
CHCI,$0.73,1441390257459,800,50% bullish,of 2 ratings,N/A
CPSI,$44.9401,1441390257480,"19,486",100% bearish,of 1 rating,$45.50
CTG,$6.57,1441390257515,"9,195",100% bearish,of 1 rating,$8.50
CMTL,$25.93,1441390257544,"6,526",100% bearish,of 2 ratings,$37
CNSI,$18.05,1441390257647,"24,339",100% bearish,of 2 ratings,$29
CCUR,$5.434,1441390257866,"1,363",75% bullish,of 4 ratings,N/A
CXRX,$82.95,1441390257940,300,100% bearish,of 1 rating,$90
CNCE,$15.865,1441390257969,"28,951",75% bullish,of 4 ratings,$22
CNAT,$3.88,1441390257994,"32,114",83% bullish,of 6 ratings,$13
CDORO,NULL,1441390258023,0,100% bearish,of 1 rating,N/A
CDOR,$1.25,1441390258074,"6,600",100% bullish,of 1 rating,N/A
CDORP,$6.25,1441390258206,300,100% bearish,of 1 rating,N/A
CFMS,$14.1,1441390258413,"155,394",100% bearish,of 1 rating,$26.50
CTWS,$34.39,1441390258438,"3,622",100% bearish,of 1 rating,$44
CNOB,$18.79,1441390258475,"9,874",100% bullish,of 1 rating,$23.50
CNFR,$10.06,1441390258496,12,Not yet rated,NULL,N/A
CNMD,$50.32,1441390258528,"42,749",Not yet rated,NULL,$59
CONN,$28.35,1441390258569,"166,853",67% bullish,of 3 ratings,$48.50
CNXR,$6.8,1441390258599,"67,908",100% bearish,of 1 rating,$12
CNSL,$19.46,1441390258814,"56,843",100% bearish,of 1 rating,$23
CWCO,$10.3901,1441390258879,"35,462",67% bullish,of 3 ratings,$14.50
CTCT,$24.16,1441390259065,"56,644",67% bullish,of 3 ratings,$37
CFRXW,$1.68,1441390259090,700,100% bearish,of 1 rating,N/A
CFRXZ,NULL,1441390259110,0,Not yet rated,NULL,N/A
CPSS,$5.51,1441390259144,"4,937",100% bullish,of 1 rating,$10
CTRV,$3.46,1441390259166,"4,750",Not yet rated,NULL,$6.40
CFRX,$4.8762,1441390259190,"1,300",Not yet rated,NULL,$14
CPRT,$34.76,1441390259356,"120,965",67% bearish,of 3 ratings,$40
CTRL,$8.3399,1441390259456,"57,442",50% bullish,of 2 ratings,$11
CORT,$4.9,1441390259489,"106,538",67% bullish,of 3 ratings,$12
CRBP,$1.8501,1441390259514,"63,355",100% bullish,of 2 ratings,$6.25
BVA,NULL,1441390259587,0,50% bullish,of 2 ratings,N/A
CORE,$58.88,1441390259654,"39,800",100% bearish,of 1 rating,$72
CORI,$10.28,1441390259756,"35,993",100% bearish,of 1 rating,$18
CSOD,$36.49,1441390259781,"95,812",50% bullish,of 2 ratings,$42
COSI,$1.07,1441390260017,"2,559",100% bullish,of 1 rating,N/A
CRVL,$30.52,1441390260045,"4,008",100% bearish,of 1 rating,N/A
CSGP,$174.1056,1441390260066,"24,198",50% bullish,of 2 ratings,$235
ICBK,NULL,1441390260199,0,Not yet rated,NULL,$21
COST,$138.61,1441390260226,"567,908",79% bullish,of 24 ratings,$154.50
CPAH,$0.4376,1441390260265,100,50% bullish,of 2 ratings,N/A
CVTI,$22.5,1441390260289,"17,097",67% bearish,of 3 ratings,$39
COVS,$2.52,1441390260354,"14,472",67% bullish,of 3 ratings,N/A
COWN,$5.02,1441390260433,"232,921",75% bullish,of 4 ratings,$7
COWNL,$26.62,1441390260569,113,Not yet rated,NULL,N/A
CPSH,$2.41,1441390260632,702,Not yet rated,NULL,N/A
CRAI,$23,1441390260669,"7,500",100% bearish,of 1 rating,$36
CBRL,$146.22,1441390260695,"50,826",50% bullish,of 2 ratings,$155
BREW,$7.6599,1441390260828,"7,253",67% bullish,of 6 ratings,$15
CACC,$196.29,1441390260996,"41,177",50% bullish,of 2 ratings,$158.50
CREE,$25.805,1441390261066,"237,258",65% bullish,of 17 ratings,$29.50
SLVO,$10.08,1441390261092,237,100% bearish,of 1 rating,N/A
CRESY,$10.26,1441390261175,"7,583",100% bearish,of 1 rating,$19
GLDI,$10.9611,1441390261247,"18,720",100% bearish,of 1 rating,N/A
CCRN,$14.11,1441390261323,"138,539",100% bearish,of 1 rating,$14.25
CRAY,$20.56,1441390261379,"58,507",83% bullish,of 6 ratings,$38.50
CROX,$13.805,1441390261423,"349,569",63% bullish,of 8 ratings,$16.50
CRTO,$36.75,1441390261467,"218,939",67% bullish,of 6 ratings,$64
CRWS,$8.07,1441390261538,"5,500",Not yet rated,NULL,$10
CRDS,$1.1501,1441390261563,"77,252",50% bullish,of 4 ratings,$3.375
CRWN,$5.239,1441390261710,"73,129",75% bullish,of 4 ratings,N/A
CYRX,$2.938,1441390261842,"21,350",Not yet rated,NULL,$9
CYRXW,$0.745,1441390261913,"8,500",Not yet rated,NULL,N/A
CTIC,$1.53,1441390261972,"171,820",84% bullish,of 76 ratings,$5.75
CCLP,$13.7,1441390262004,"47,954",67% bearish,of 3 ratings,$20
CSPI,$5.6201,1441390262026,"3,718",67% bullish,of 3 ratings,N/A
CSGS,$29.495,1441390262046,"56,114",Not yet rated,NULL,$40
CTCM,$1.7,1441390262108,"27,600",80% bearish,of 5 ratings,$3.90
CTRP,$63.29,1441390262277,"550,884",75% bullish,of 8 ratings,$92.50
CTIB,NULL,1441390262372,0,100% bearish,of 1 rating,N/A
CMLS,$1.29,1441390262478,"54,624",50% bullish,of 4 ratings,$6
CUNB,$21.79,1441390262503,"5,064",Not yet rated,NULL,$24.50
CPIX,$6.18,1441390262659,"5,110",Not yet rated,NULL,N/A
CRIS,$2.51,1441390262699,"41,610",100% bullish,of 8 ratings,$6
CUI,$5.174,1441390262725,"9,209",50% bullish,of 2 ratings,$10
CVBF,$15.82,1441390262854,"47,716",Not yet rated,NULL,$18
CUTR,$15.01,1441390262989,"37,061",67% bearish,of 3 ratings,$18
CYBR,$46.15,1441390263016,"1,370,160",75% bullish,of 8 ratings,$68.50
CVV,$11.16,1441390263036,"1,912",100% bullish,of 5 ratings,N/A
CYBX,$64.59,1441390263089,"46,815",50% bullish,of 4 ratings,$71.50
CYAN,$6.2001,1441390263178,"1,050",100% bearish,of 1 rating,N/A
CYBE,$6.9,1441390263260,"5,218",100% bearish,of 1 rating,N/A
CYCC,$0.56,1441390263287,"27,049",73% bullish,of 11 ratings,N/A
CYCCP,$5.51,1441390263426,"1,504",100% bearish,of 1 rating,N/A
CBAY,$2.69,1441390263509,"5,500",100% bullish,of 1 rating,$4
CYNA,$16.01,1441390263581,"3,902",50% bullish,of 2 ratings,$31.50
CYNO,$32.71,1441390263606,"72,432",67% bearish,of 3 ratings,$45.50
CYRN,$1.7299,1441390263650,"11,620",67% bullish,of 3 ratings,$4
CONE,$31.74,1441390263751,"209,906",67% bearish,of 3 ratings,$35.50
CYTK,$7.18,1441390263829,"55,519",71% bullish,of 14 ratings,$13.50
CYTX,$0.3692,1441390263888,"742,870",83% bullish,of 12 ratings,$5.50
CY,$9.905,1441390263993,"1,000,501",80% bullish,of 10 ratings,$15.50
CYTR,$2.46,1441390264023,"146,402",67% bullish,of 6 ratings,$10
CTSO,$7.365,1441390264044,"27,595",Not yet rated,NULL,$15.625
DAEG,$0.3501,1441390264123,770,100% bearish,of 1 rating,N/A
TVIZ,$24.51,1441390264175,"1,900",100% bearish,of 1 rating,N/A
TVIX,$17.5854,1441390264268,"8,521,271",81% bullish,of 16 ratings,N/A
ZIV,$34.6701,1441390264312,"25,267",Not yet rated,NULL,N/A
XIV,$22.2999,1441390264374,"13,193,996",75% bearish,of 4 ratings,N/A
DJCO,$196.76,1441390264458,64,Not yet rated,NULL,N/A
DAKT,$8.4064,1441390264516,"91,186",50% bullish,of 2 ratings,$12
DARA,$0.83,1441390264605,"23,427",83% bullish,of 6 ratings,$1.50
DAIO,$2.51,1441390264648,200,Not yet rated,NULL,N/A
DWCH,$4.95,1441390264783,"7,227",75% bullish,of 4 ratings,$8.25
DRAM,$1.28,1441390264811,"7,700",78% bullish,of 9 ratings,N/A
DTLK,$5.55,1441390264838,"34,559",100% bearish,of 1 rating,$9
DTEA,$13.1,1441390264986,"12,140",100% bearish,of 2 ratings,$24
PLAY,$36.2,1441390265010,"161,065",100% bullish,of 5 ratings,$42
DBVT,$36.66,1441390265192,"42,740",100% bearish,of 1 rating,$53
DWSN,$4.34,1441390265259,"13,336",67% bullish,of 3 ratings,N/A
DHRM,$1.61,1441390265290,794,Not yet rated,NULL,N/A
TRAK,$62.82,1441390265319,"529,235",50% bullish,of 2 ratings,$62.50
DFRG,$14.17,1441390265345,"52,799",100% bearish,of 1 rating,$20
TACOW,$4.736,1441390265389,"2,900",100% bullish,of 1 rating,N/A
TACO,$13.04,1441390265478,"14,055",75% bullish,of 4 ratings,$20
DCTH,$0.4911,1441390265647,"503,516",78% bullish,of 9 ratings,N/A
DELT,$2.05,1441390265676,860,Not yet rated,NULL,N/A
DGAS,$20.3,1441390265779,944,67% bearish,of 3 ratings,N/A
DELTW,NULL,1441390265809,0,Not yet rated,NULL,N/A
DENN,$11.225,1441390265829,"117,907",100% bullish,of 3 ratings,$15
DEPO,$26.235,1441390265911,"132,444",60% bullish,of 5 ratings,$29
XRAY,$51.11,1441390266014,"246,352",100% bullish,of 1 rating,$58
DSCI,$6.145,1441390266078,"47,784",50% bullish,of 2 ratings,$16
DERM,$25.38,1441390266108,"11,075",100% bearish,of 1 rating,$33.50
DXLG,$6.5,1441390266207,"75,123",100% bearish,of 1 rating,$8
DSWL,$1.5399,1441390266254,"4,300",100% bullish,of 1 rating,N/A
DXM,$0.2885,1441390266389,"44,169",50% bullish,of 2 ratings,N/A
DEST,$10.28,1441390266420,"9,124",50% bullish,of 2 ratings,N/A
DXCM,$88,1441390266440,"117,410",57% bullish,of 7 ratings,$98
DHXM,$6.05,1441390266529,500,100% bearish,of 1 rating,N/A
DMND,$30.42,1441390266606,"20,346",75% bullish,of 12 ratings,$32
DHIL,$188.95,1441390266688,500,Not yet rated,NULL,N/A
FANG,$65.9,1441390266777,"245,914",50% bullish,of 2 ratings,$86
DCIX,$1.6,1441390266817,"72,488",50% bullish,of 4 ratings,$3.50
DRNA,$10.78,1441390266843,"59,717",67% bearish,of 3 ratings,$25
DMRC,$37.516,1441390266912,"10,270",100% bearish,of 1 rating,$44
DGII,$10.19,1441390266945,"6,306",100% bearish,of 1 rating,$11
DRAD,$3.75,1441390267049,"7,569",100% bullish,of 1 rating,$5.25
DGLY,$7.29,1441390267073,"19,703",50% bullish,of 6 ratings,$20
DIOD,$22.717,1441390267326,"185,883",75% bearish,of 4 ratings,$24
APPS,$2.1,1441390267379,"28,431",100% bearish,of 1 rating,$10.25
DISCK,$25.34,1441390267462,"369,911",100% bearish,of 1 rating,$32
DCOM,$16.53,1441390267487,"19,683",100% bearish,of 2 ratings,$16
DISCB,NULL,1441390267539,0,100% bearish,of 1 rating,$35
DISCA,$26.66,1441390267563,"498,914",67% bullish,of 3 ratings,$34
DPRX,$14.06,1441390267627,"11,105",100% bullish,of 2 ratings,$27.75
DSCO,$0.4502,1441390267725,"158,405",83% bullish,of 6 ratings,$2.75
DVCR,NULL,1441390267891,0,100% bullish,of 1 rating,N/A
DISH,$58.455,1441390267980,"431,112",69% bullish,of 13 ratings,$73
DLHC,$2.4928,1441390268030,100,100% bearish,of 1 rating,N/A
DNBF,$26,1441390268060,600,Not yet rated,NULL,$27.50
DLTR,$67.79,1441390268124,"2,603,667",82% bullish,of 11 ratings,$85
BAGR,$2.59,1441390268151,"9,508",100% bearish,of 1 rating,$6
DGICA,$13.7,1441390268216,"3,825",100% bearish,of 1 rating,$17
DGICB,NULL,1441390268385,0,100% bearish,of 1 rating,N/A
DORM,$50.015,1441390268449,"102,342",100% bearish,of 1 rating,$56
DMLP,$14.8999,1441390268513,"5,490",100% bearish,of 1 rating,N/A
HILL,$9.69,1441390268588,"262,201",60% bearish,of 5 ratings,$9.75
DRWI,$0.202,1441390268644,"113,323",60% bullish,of 5 ratings,$.45
DRWIW,$0.0445,1441390268805,"7,100",Not yet rated,NULL,N/A
DRYS,$0.4479,1441390268873,"741,820",77% bullish,of 31 ratings,$.60
DWA,$20.5329,1441390268900,"239,060",63% bullish,of 8 ratings,$26
DSKX,$3.27,1441390268956,"23,294",100% bullish,of 1 rating,N/A
CADTR,NULL,1441390269098,0,Not yet rated,NULL,N/A
DSPG,$8.835,1441390269149,"8,466",100% bearish,of 1 rating,$13.50
DNKN,$48.78,1441390269414,"210,339",67% bullish,of 15 ratings,$56.50
CADTU,NULL,1441390269446,0,Not yet rated,NULL,N/A
DTSI,$27.21,1441390269546,"22,193",100% bearish,of 2 ratings,$39.50
CADT,$10,1441390269576,400,Not yet rated,NULL,N/A
CADTW,NULL,1441390269602,0,Not yet rated,NULL,N/A
DXPE,$29.69,1441390269626,"37,934",50% bullish,of 2 ratings,N/A
DRRX,$2.05,1441390269677,"202,939",50% bullish,of 6 ratings,$3
DYAX,$21.795,1441390269776,"162,346",89% bullish,of 9 ratings,$30
BOOM,$10.18,1441390269946,"53,539",67% bullish,of 3 ratings,$12
DYSL,$1.5205,1441390269973,"3,188",100% bullish,of 2 ratings,N/A
EBMT,$11.5,1441390270109,300,Not yet rated,NULL,$13.50
DYNT,$3.1032,1441390270129,200,75% bullish,of 4 ratings,N/A
DVAX,$27.84,1441390270162,"57,738",70% bullish,of 10 ratings,$40
ETFC,$25.16,1441390270205,"1,175,302",57% bullish,of 14 ratings,$32.50
EGBN,$40.83,1441390270384,"14,057",Not yet rated,NULL,$48
EGLE,$6.35,1441390270447,"17,556",60% bullish,of 5 ratings,N/A
EGRX,$76.89,1441390270522,"56,166",67% bullish,of 3 ratings,$97
EVBS,$6.5001,1441390270697,"2,302",Not yet rated,NULL,$7
EML,$16.22,1441390270722,"1,112",Not yet rated,NULL,N/A
EACQU,NULL,1441390270858,0,Not yet rated,NULL,N/A
ELNK,$8.45,1441390270915,"168,519",60% bullish,of 5 ratings,$9.50
EWBC,$38.56,1441390270942,"215,407",100% bearish,of 1 rating,$50
EBAY,$26.35,1441390270971,"2,940,263",81% bullish,of 117 ratings,$34
EROC,$1.455,1441390271001,"96,341",50% bullish,of 2 ratings,$3
EBIX,$27.26,1441390271026,"84,137",69% bullish,of 13 ratings,$40
ELON,$0.5801,1441390271105,"3,355",50% bullish,of 2 ratings,N/A
ECHO,$22.65,1441390271347,"75,030",67% bearish,of 3 ratings,$34.50
ECTE,$1.5424,1441390271373,"2,510",75% bullish,of 4 ratings,N/A
EEI,$11.88,1441390271498,"1,351",67% bearish,of 3 ratings,N/A
ECACU,$10.1,1441390271547,5,Not yet rated,NULL,N/A
ESES,$3.11,1441390271601,300,100% bearish,of 1 rating,$7
SATS,$43.3,1441390271731,"36,153",50% bullish,of 2 ratings,$60
EDAP,$3.55,1441390271789,"6,858",60% bullish,of 5 ratings,$4.50
EDUC,$6.5399,1441390271874,"12,712",100% bearish,of 1 rating,N/A
EDGW,$7.201,1441390271900,"2,412",100% bearish,of 1 rating,N/A
EGAN,$3.6607,1441390271928,"1,300",50% bullish,of 2 ratings,$6.25
EHTH,$14.8,1441390272162,"25,910",50% bullish,of 4 ratings,$17
EFUT,$4.63,1441390272221,"2,000",Not yet rated,NULL,N/A
LOCO,$12.4364,1441390272250,"202,897",69% bullish,of 13 ratings,$19.50
EGLT,$12.935,1441390272293,"17,554",50% bullish,of 2 ratings,$21
EMITF,$1.211,1441390272319,"5,154",75% bullish,of 4 ratings,N/A
ESLT,$78.045,1441390272346,"1,082",67% bullish,of 3 ratings,N/A
EA,$65.9001,1441390272720,"1,171,520",78% bullish,of 36 ratings,$80
ELSE,NULL,1441390272752,0,60% bullish,of 5 ratings,N/A
ERI,$9.25,1441390272777,"16,868",100% bearish,of 1 rating,$10
ESIO,$4.495,1441390272798,"72,429",50% bullish,of 2 ratings,$10
EFII,$42.66,1441390272834,"22,889",80% bullish,of 5 ratings,$55
ELECU,NULL,1441390272854,0,Not yet rated,NULL,N/A
ELEC,NULL,1441390272888,0,Not yet rated,NULL,N/A
ELRC,$10.45,1441390272982,"3,770",100% bearish,of 1 rating,N/A
EBIO,$3.31,1441390273116,"94,557",100% bearish,of 2 ratings,$8.35
ELECW,NULL,1441390273252,0,Not yet rated,NULL,N/A
RDEN,$11.14,1441390273386,"16,074",100% bearish,of 4 ratings,$15
LONG,$16.87,1441390273411,"11,616",67% bullish,of 3 ratings,$15.75
EMMS,$1.28,1441390273611,"14,482",67% bullish,of 6 ratings,N/A
ELTK,$1.3199,1441390273638,"8,382",67% bearish,of 3 ratings,N/A
ESBK,$19.16,1441390273659,627,Not yet rated,NULL,N/A
CAPX,NULL,1441390273692,0,Not yet rated,NULL,N/A
EMCF,NULL,1441390273793,0,100% bearish,of 1 rating,N/A
NYNY,$4.39,1441390273926,"14,127",50% bullish,of 2 ratings,N/A
EMMSP,NULL,1441390273955,0,100% bearish,of 1 rating,N/A
EMKR,$6.8,1441390273993,"32,408",75% bullish,of 4 ratings,$8.50
ERS,$3.52,1441390274128,"5,230",Not yet rated,NULL,N/A
EMCI,$21.47,1441390274155,"7,369",Not yet rated,NULL,N/A
ENTA,$38.685,1441390274182,"51,640",50% bullish,of 2 ratings,$42
ECPG,$37.34,1441390274372,"92,876",100% bullish,of 2 ratings,$52
ELGX,$12.75,1441390274639,"114,732",75% bullish,of 4 ratings,$17
WIRE,$32.1,1441390274660,"41,733",100% bearish,of 1 rating,$37
ECYT,$4.98,1441390274690,"89,112",83% bullish,of 6 ratings,$12
ENDP,$72.13,1441390274711,"531,294",50% bullish,of 6 ratings,$101.50
EIGI,$14.79,1441390274732,"43,469",67% bearish,of 3 ratings,$22.50
ERII,$2.5599,1441390274861,"3,283",80% bullish,of 5 ratings,$2.50
EFOI,$24.5,1441390274888,"248,249",50% bullish,of 2 ratings,$24.50
WATT,$6.875,1441390274929,"37,565",50% bullish,of 2 ratings,$13
EXXI,$1.7913,1441390275057,"434,238",86% bullish,of 7 ratings,$3.50
ENPH,$4.495,1441390275120,"337,166",75% bullish,of 4 ratings,$10
ENOC,$8.8,1441390275158,"56,456",75% bullish,of 4 ratings,$18
ESGR,$150.03,1441390275366,"31,554",100% bearish,of 1 rating,$185
ENFC,$17.4,1441390275495,100,Not yet rated,NULL,N/A
ENTG,$13.36,1441390275526,"80,752",100% bearish,of 1 rating,$18
ENTL,$21.5,1441390275558,"218,317",Not yet rated,NULL,$28
ENG,$1.0199,1441390275584,"3,943",100% bullish,of 3 ratings,N/A
ETRM,$0.28,1441390275624,"266,815",69% bearish,of 35 ratings,$1.625
EBTC,$20.9,1441390275654,311,Not yet rated,NULL,N/A
EGT,$2.06,1441390275709,150,100% bullish,of 1 rating,N/A
EFSC,$23.6,1441390275733,"19,747",Not yet rated,NULL,$27
ENVI,$1.8799,1441390275978,"607,885",67% bullish,of 3 ratings,N/A
ENZY,$10.28,1441390276159,"13,198",67% bullish,of 3 ratings,$9.50
EPIQ,$12.47,1441390276184,"8,695",100% bearish,of 1 rating,$18
ENZN,$1.02,1441390276213,"56,414",100% bullish,of 9 ratings,N/A
EPRS,$5.12,1441390276265,"12,820",82% bullish,of 11 ratings,$15
EPZM,$19.12,1441390276317,"159,329",60% bullish,of 5 ratings,$34
EAC,$3.47,1441390276424,"3,127",100% bearish,of 1 rating,$8
EQIX,$268.28,1441390276473,"251,871",75% bullish,of 4 ratings,$312.50
PLUS,$74,1441390276500,"40,134",50% bullish,of 2 ratings,$88
ERIC,$9.52,1441390276658,"634,583",67% bullish,of 9 ratings,$12.20
ERIE,$79.59,1441390276688,"2,951",Not yet rated,NULL,$73
EQFN,$8.07,1441390276718,"6,896",100% bearish,of 1 rating,N/A
ESCR,$0.2383,1441390276794,"243,353",50% bullish,of 2 ratings,N/A
ESCA,$17.81,1441390276824,"2,078",100% bearish,of 1 rating,$22
ESCRP,$1.15,1441390276849,"5,948",100% bearish,of 1 rating,N/A
ESMC,$1.29,1441390277022,609,Not yet rated,NULL,N/A
ESPR,$43.4569,1441390277181,"315,474",70% bearish,of 10 ratings,$115
ESSX,NULL,1441390277286,0,50% bullish,of 2 ratings,N/A
ETSY,$14.08,1441390277345,"105,436",80% bullish,of 5 ratings,$16
ESND,$33.5963,1441390277427,"29,317",100% bearish,of 2 ratings,$40
EPIX,NULL,1441390277451,0,Not yet rated,NULL,N/A
ESSA,$12.85,1441390277519,"1,380",100% bearish,of 1 rating,N/A
ESEA,$4.5901,1441390277624,"2,849",100% bullish,of 1 rating,$15
EEFT,$64.7,1441390277702,"50,865",100% bearish,of 1 rating,$67.50
EVEP,$7.939,1441390277780,"218,440",50% bullish,of 2 ratings,$15
EVLV,$2.57,1441390277806,"32,164",60% bullish,of 5 ratings,$4.625
EVK,$3.57,1441390277831,201,75% bearish,of 4 ratings,N/A
CLWT,$2.4333,1441390278091,300,100% bearish,of 1 rating,N/A
EVOL,$5.71,1441390278119,"6,047",75% bullish,of 4 ratings,$10
EVOK,$3.59,1441390278253,"21,852",100% bearish,of 1 rating,$13.375
EXA,$10.74,1441390278280,"14,417",100% bearish,of 1 rating,$13
EXAS,$20.78,1441390278302,"173,052",78% bullish,of 9 ratings,$31
EXAC,$19.05,1441390278509,"13,270",100% bearish,of 1 rating,$22.50
EXEL,$5.46,1441390278557,"1,321,606",81% bullish,of 16 ratings,$6
EXFO,$2.83,1441390278709,180,67% bearish,of 3 ratings,$3.95
EXPD,$47.625,1441390278738,"945,431",80% bullish,of 5 ratings,$52
EXPE,$110.64,1441390278837,"289,882",64% bullish,of 11 ratings,$130
EXTR,$3.155,1441390278864,"124,505",80% bullish,of 5 ratings,$3
ESRX,$82.67,1441390278893,"868,804",67% bearish,of 6 ratings,$101
EXPO,$42.26,1441390278914,"10,729",100% bearish,of 1 rating,$45.50
EXLS,$35.79,1441390278944,"12,291",50% bullish,of 2 ratings,$41
EXLP,$18.28,1441390279111,"37,208",100% bearish,of 1 rating,$25
EYEGW,NULL,1441390279181,0,Not yet rated,NULL,N/A
EZCH,$22.855,1441390279375,"52,982",75% bullish,of 8 ratings,$19
FB,$87.26,1441390279519,"10,189,937",73% bullish,of 1075 ratings,$111
FFIV,$118.76,1441390279597,"215,429",63% bullish,of 8 ratings,$132
EZPW,$5.92,1441390279654,"41,455",50% bullish,of 4 ratings,$7
FWM,$2.23,1441390279702,"21,550",100% bearish,of 2 ratings,$3.20
FCS,$13.46,1441390279762,"276,811",67% bearish,of 3 ratings,$17
FRP,$15.39,1441390279786,"16,597",100% bearish,of 1 rating,$18
DAVE,$14.37,1441390280136,"8,189",100% bearish,of 1 rating,$15.50
FMNB,$8.275,1441390280164,"3,600",Not yet rated,NULL,N/A
EYEG,$3.81,1441390280191,"1,600",Not yet rated,NULL,N/A
FALC,$1.695,1441390280218,"11,830",63% bearish,of 8 ratings,N/A
FFKT,$25.72,1441390280239,"9,461",Not yet rated,NULL,$29
FARO,$36.67,1441390280277,"22,811",50% bullish,of 2 ratings,$48
FARM,$22.75,1441390280371,"10,619",100% bearish,of 1 rating,$35
FAST,$37.455,1441390280401,"552,528",80% bullish,of 5 ratings,$43
FATE,$6.01,1441390280598,"3,166",50% bullish,of 2 ratings,$11
FBRC,$21.81,1441390280650,"5,433",100% bearish,of 1 rating,$29
FBSS,NULL,1441390280674,0,Not yet rated,NULL,N/A
FDML,$8.21,1441390280840,"119,203",50% bullish,of 4 ratings,$14
FHCO,$1.3899,1441390281018,"5,285",50% bullish,of 4 ratings,N/A
FNHC,$21.63,1441390281053,"25,832",100% bearish,of 1 rating,$35
FEIC,$74.69,1441390281081,"59,484",50% bullish,of 2 ratings,$95.50
ONEQ,$183.5001,1441390281105,"12,592",100% bullish,of 1 rating,N/A
FGEN,$22.8945,1441390281150,"63,632",100% bearish,of 1 rating,$39
FENX,$9.5,1441390281176,"26,854",100% bullish,of 1 rating,$14.25
FCSC,$5.58,1441390281307,"26,980",100% bearish,of 1 rating,$8.125
LION,$19.27,1441390281334,"21,991",100% bullish,of 1 rating,$20
FRGI,$51.11,1441390281468,"20,721",50% bullish,of 2 ratings,$70
FDUS,$14.55,1441390281530,"17,724",50% bullish,of 2 ratings,$18
FSAM,$7.26,1441390281631,"21,406",100% bearish,of 1 rating,$10.25
FSC,$6.525,1441390281677,"179,505",60% bullish,of 5 ratings,$8
FSFR,$8.828,1441390281897,"20,931",100% bearish,of 1 rating,$11.50
FNGN,$29.81,1441390281924,"84,669",67% bullish,of 3 ratings,$47
FSCFL,$24.6874,1441390281960,"1,400",Not yet rated,NULL,N/A
FITBI,$27.4752,1441390281995,"4,328",Not yet rated,NULL,N/A
FITB,$19.13,1441390282021,"1,228,803",54% bullish,of 13 ratings,$22
FISI,$24.15,1441390282094,"6,855",100% bullish,of 2 ratings,$24.50
FNSR,$15.09,1441390282125,"273,143",71% bullish,of 7 ratings,$24
FNJN,$1.6907,1441390282152,"4,096",100% bearish,of 1 rating,$5
FNTCW,NULL,1441390282366,0,Not yet rated,NULL,N/A
FEYE,$36.2899,1441390282394,"2,224,306",88% bullish,of 16 ratings,$55.50
FNTC,NULL,1441390282500,0,Not yet rated,NULL,N/A
FNTCU,NULL,1441390282627,0,Not yet rated,NULL,N/A
FBNC,$16.85,1441390282667,"6,006",100% bullish,of 1 rating,$20
FNLC,$18.6445,1441390282773,"6,267",100% bullish,of 1 rating,N/A
FBIZ,$22.49,1441390282803,"8,388",100% bearish,of 2 ratings,$26
FCVA,$4.758,1441390282824,100,Not yet rated,NULL,N/A
FRBA,NULL,1441390282855,0,Not yet rated,NULL,$8
BUSE,$6.205,1441390282875,"29,207",Not yet rated,NULL,$6.875
FCNCA,$226.52,1441390282906,"1,493",Not yet rated,NULL,N/A
FCFS,$38.535,1441390283119,"23,314",100% bearish,of 3 ratings,$47
FCAP,$26.2001,1441390283251,314,Not yet rated,NULL,N/A
FCBC,$17,1441390283279,"4,094",Not yet rated,NULL,$18
FCCO,$12.35,1441390283300,200,Not yet rated,NULL,$13.25
FCLF,$9.2,1441390283327,200,Not yet rated,NULL,N/A
FCFP,$6.7,1441390283540,"2,216",Not yet rated,NULL,N/A
FBNK,$15.91,1441390283565,"29,410",100% bearish,of 1 rating,$17.50
FFIN,$29.56,1441390283719,"28,765",50% bullish,of 2 ratings,$31.75
FFBCW,NULL,1441390283828,0,100% bearish,of 1 rating,N/A
FFBC,$18.01,1441390283858,"54,964",67% bearish,of 3 ratings,$20.25
FFNM,$6.3188,1441390283879,130,Not yet rated,NULL,N/A
FDEF,$35.98,1441390283913,"1,870",Not yet rated,NULL,$38
FFWM,$21.3,1441390283934,"11,950",Not yet rated,NULL,$24
THFF,$32.135,1441390283965,"9,032",Not yet rated,NULL,$35
FFNW,$12.24,1441390284097,"7,341",Not yet rated,NULL,$14
FIBK,$26.11,1441390284377,"37,416",Not yet rated,NULL,$32
INBK,$28.55,1441390284438,"7,225",50% bullish,of 2 ratings,$37
FMBI,$17.2,1441390284465,"108,729",Not yet rated,NULL,$20
FNWB,$12.1,1441390284511,"7,560",Not yet rated,NULL,N/A
FNBC,$33.92,1441390284539,"21,319",Not yet rated,NULL,$40
FNFG,$9.015,1441390284643,"412,129",80% bullish,of 5 ratings,$9
FMBH,$22.28,1441390284696,329,Not yet rated,NULL,N/A
FRME,$25.84,1441390284775,"30,185",Not yet rated,NULL,$26.50
FSFG,NULL,1441390284803,0,Not yet rated,NULL,N/A
BICK,$18.7,1441390284834,"2,800",100% bullish,of 1 rating,N/A
FSBK,$7.78,1441390284861,"1,914",100% bullish,of 1 rating,N/A
FSLR,$46.815,1441390285028,"405,154",72% bullish,of 39 ratings,$65
FBZ,$9.416,1441390285058,100,Not yet rated,NULL,N/A
FSGI,$2.48,1441390285162,"13,980",Not yet rated,NULL,N/A
FCAN,$24.0579,1441390285201,"1,066",Not yet rated,NULL,N/A
FTCS,$35.518,1441390285226,"5,128",100% bearish,of 1 rating,N/A
FCA,$18.76,1441390285461,15,Not yet rated,NULL,N/A
IFV,$17.155,1441390285486,"145,507",100% bearish,of 1 rating,N/A
FV,$22.79,1441390285512,"587,190",100% bearish,of 1 rating,N/A
FEMB,NULL,1441390285566,0,Not yet rated,NULL,N/A
FEUZ,NULL,1441390285648,0,Not yet rated,NULL,N/A
TDIV,$24.25,1441390285712,"29,804",100% bearish,of 1 rating,N/A
MDIV,$18.87,1441390285791,"91,119",Not yet rated,NULL,N/A
FTSM,$59.95,1441390285853,"25,368",100% bearish,of 1 rating,N/A
FTGC,$22.3394,1441390285880,"18,909",Not yet rated,NULL,N/A
FTHI,$19.15,1441390286015,602,Not yet rated,NULL,N/A
FGM,$34.735,1441390286070,"2,360",Not yet rated,NULL,N/A
HYLS,$49.5618,1441390286173,"7,912",100% bearish,of 1 rating,N/A
FHK,$31.91,1441390286217,"1,572",Not yet rated,NULL,N/A
YDIV,$16.0973,1441390286309,"2,642",Not yet rated,NULL,N/A
SKYY,$28.0899,1441390286335,"29,614",100% bullish,of 1 rating,N/A
FPXI,$25.98,1441390286360,500,Not yet rated,NULL,N/A
PLTM,$6.1304,1441390286493,754,100% bearish,of 1 rating,N/A
CU,$12.25,1441390286560,"6,704",100% bearish,of 1 rating,N/A
LMBS,$50.35,1441390286634,400,Not yet rated,NULL,N/A
FJP,$44.3806,1441390286661,"40,745",Not yet rated,NULL,N/A
FTLB,$19.06,1441390286788,1,100% bearish,of 1 rating,N/A
FMB,$51.3173,1441390286815,"1,149",Not yet rated,NULL,N/A
QABA,$36.7399,1441390286841,"3,929",100% bearish,of 1 rating,N/A
CIBR,$17.2876,1441390286885,"30,538",Not yet rated,NULL,N/A
FONE,$34.67,1441390287057,10,Not yet rated,NULL,N/A
QCLN,$14.93,1441390287132,"39,600",Not yet rated,NULL,N/A
GRID,$30.99,1441390287156,"1,600",100% bearish,of 1 rating,N/A
QQEW,$40.7632,1441390287319,"20,304",Not yet rated,NULL,N/A
RDVY,$20.5069,1441390287350,"2,153",Not yet rated,NULL,N/A
QTEC,$39.23,1441390287370,"23,944",Not yet rated,NULL,N/A
CARZ,$33.6826,1441390287402,"4,610",100% bearish,of 1 rating,N/A
QQXT,$39.4742,1441390287499,"10,643",Not yet rated,NULL,N/A
QINC,NULL,1441390287703,0,Not yet rated,NULL,N/A
AIRR,$16.2843,1441390287736,"3,216",100% bearish,of 1 rating,N/A
FKO,NULL,1441390287772,0,Not yet rated,NULL,N/A
FSZ,$38.002,1441390287907,"2,739",Not yet rated,NULL,N/A
FDIV,$47.03,1441390287937,"1,159",100% bearish,of 1 rating,N/A
FTW,$31.155,1441390287957,140,Not yet rated,NULL,N/A
FTSL,$48.853,1441390288039,"8,157",100% bearish,of 1 rating,N/A
TUSA,$24.46,1441390288092,"16,624",Not yet rated,NULL,N/A
FUNC,NULL,1441390288255,0,Not yet rated,NULL,N/A
FKU,$40.46,1441390288281,"41,143",Not yet rated,NULL,N/A
SVVC,$9.137,1441390288332,"11,307",50% bullish,of 2 ratings,$26
FISV,$83.83,1441390288637,"296,907",100% bearish,of 3 ratings,$90
FSV,$32.1,1441390288699,"12,613",Not yet rated,NULL,$33.60
FPRX,$18.81,1441390288727,"65,646",50% bullish,of 2 ratings,$35
FIVN,$3.66,1441390288755,"26,600",100% bullish,of 1 rating,$8.50
FIVE,$34.01,1441390288775,"534,151",75% bearish,of 4 ratings,$43.50
FLML,$22.697,1441390288804,"40,666",50% bullish,of 2 ratings,$30
FLKS,$11.49,1441390288935,"21,466",50% bullish,of 2 ratings,$27
FMER,$17.19,1441390288961,"247,132",50% bullish,of 2 ratings,$20
FLXN,$26.21,1441390289093,"20,497",100% bearish,of 1 rating,$40
MBSD,$24.94,1441390289219,"1,399",Not yet rated,NULL,N/A
FLEX,$10.315,1441390289246,"444,406",63% bullish,of 8 ratings,$12
SKOR,$50.52,1441390289321,"1,500",Not yet rated,NULL,N/A
FLXS,$30.98,1441390289473,"5,416",100% bearish,of 2 ratings,N/A
FOMX,$9.57,1441390289529,"30,477",50% bullish,of 2 ratings,$23.50
FFIC,$19.26,1441390289556,"13,467",Not yet rated,NULL,$20.50
FLDM,$10.86,1441390289685,"50,554",67% bearish,of 3 ratings,$15
FES,$0.91,1441390289716,"4,862",50% bullish,of 2 ratings,$1
FLIR,$27.8665,1441390289815,"300,928",100% bearish,of 2 ratings,$38.50
FORTY,NULL,1441390289841,0,100% bearish,of 1 rating,N/A
FOGO,$19.08,1441390289886,"28,410",50% bullish,of 2 ratings,$25.50
FORM,$6.57,1441390289979,"102,799",67% bullish,of 3 ratings,$10.50
FONR,$9.8,1441390290030,"12,563",100% bullish,of 1 rating,N/A
FORR,$30.76,1441390290090,"21,017",Not yet rated,NULL,N/A
FTNT,$41.68,1441390290192,"251,672",80% bullish,of 10 ratings,$52
FBIO,$2.57,1441390290423,"59,500",83% bullish,of 6 ratings,N/A
FWRD,$43.74,1441390290470,"46,294",100% bearish,of 1 rating,$50
FORD,$1.617,1441390290522,"948,078",67% bullish,of 3 ratings,N/A
FWP,$25.62,1441390290614,"28,067",100% bearish,of 1 rating,$45
FMI,$23.18,1441390290724,"29,910",100% bearish,of 2 ratings,$27.50
FXCB,$17.18,1441390290750,"2,026",Not yet rated,NULL,$19
FOSL,$59.52,1441390290796,"137,672",60% bearish,of 5 ratings,$80
FRAN,$12.34,1441390290875,"249,565",50% bullish,of 4 ratings,$15
FELE,$27.54,1441390290933,"30,888",50% bullish,of 4 ratings,$33
FOXF,$15.19,1441390290965,"27,734",100% bearish,of 1 rating,$19
FREE,$0.353,1441390290991,"396,517",92% bullish,of 12 ratings,N/A
FRED,$12.74,1441390291061,"30,327",50% bullish,of 2 ratings,$15.50
FEIM,$11.16,1441390291266,"13,883",100% bearish,of 1 rating,N/A
FRPT,$12.37,1441390291293,"86,070",67% bearish,of 3 ratings,$23.50
RAIL,$19.88,1441390291317,"28,774",100% bearish,of 1 rating,$24.50
FTR,$5.405,1441390291495,"4,911,648",78% bullish,of 27 ratings,$6.25
FRPH,$30.66,1441390291628,"3,282",100% bearish,of 1 rating,N/A
FTRPR,$106.27,1441390291659,"1,500",100% bearish,of 1 rating,N/A
FTD,$29.41,1441390291806,"14,058",100% bearish,of 1 rating,$40
FSBW,$22.97,1441390291838,200,Not yet rated,NULL,N/A
FULL,$3.13,1441390291870,"10,933",67% bearish,of 3 ratings,$4.25
FCEL,$0.882,1441390291946,"293,815",88% bullish,of 41 ratings,$2.65
FULLL,$25.25,1441390291973,"2,500",Not yet rated,NULL,N/A
FTEK,$2.0355,1441390291994,"3,364",75% bullish,of 4 ratings,N/A
FLL,$1.473,1441390292166,"4,558",75% bullish,of 4 ratings,$3.50
FULT,$11.67,1441390292306,"164,005",100% bearish,of 1 rating,$13
FSYS,$6.38,1441390292381,"189,804",67% bullish,of 3 ratings,$8.50
FFHL,$1.03,1441390292577,"2,009",50% bullish,of 4 ratings,N/A
FXENP,$15.6,1441390292662,100,100% bearish,of 1 rating,N/A
FXEN,$0.9841,1441390292707,"17,491",75% bullish,of 4 ratings,$1.10
WILC,$4.862,1441390292737,"2,660",100% bullish,of 2 ratings,N/A
FSNN,$2.0511,1441390292762,200,67% bullish,of 3 ratings,$6
GK,$66.77,1441390292789,"13,938",Not yet rated,NULL,$78
GAIA,$6.03,1441390292839,"8,017",50% bullish,of 2 ratings,$8.50
GLPG,$57.3001,1441390292982,"5,769",100% bullish,of 1 rating,$75
GALT,$2.17,1441390293054,"46,264",80% bullish,of 5 ratings,N/A
GLMD,$8.0101,1441390293220,"10,370",67% bullish,of 3 ratings,$20.50
GALTU,NULL,1441390293246,0,100% bearish,of 1 rating,N/A
GALE,$1.535,1441390293272,"487,505",89% bullish,of 47 ratings,$4
GALTW,NULL,1441390293322,0,100% bullish,of 1 rating,N/A
GLPI,$30.56,1441390293417,"223,710",100% bearish,of 1 rating,$37.50
GPIC,$9.92,1441390293523,200,100% bearish,of 1 rating,N/A
GRMN,$36.52,1441390293668,"320,640",50% bullish,of 6 ratings,$46.50
GGACR,$0.24,1441390293693,"23,800",100% bullish,of 1 rating,N/A
GGACW,$0.1401,1441390293824,"1,700",Not yet rated,NULL,N/A
GENC,$9,1441390293850,200,100% bearish,of 1 rating,N/A
GGACU,$10.27,1441390294025,300,Not yet rated,NULL,N/A
GGAC,NULL,1441390294108,0,100% bearish,of 1 rating,N/A
GFN,$3.9,1441390294203,"6,471",100% bearish,of 2 ratings,$8
GARS,$14.64,1441390294267,"21,421",Not yet rated,NULL,$16
GFNCP,NULL,1441390294299,0,Not yet rated,NULL,N/A
GNCMA,$16.88,1441390294350,"66,178",100% bearish,of 1 rating,$12
GENE,$2.36,1441390294486,"30,724",100% bullish,of 12 ratings,N/A
GNMK,$9.485,1441390294564,"27,445",67% bullish,of 6 ratings,$14
GFNSL,$25.597,1441390294588,"1,512",Not yet rated,NULL,N/A
GNTX,$15.73,1441390294645,"1,335,907",Not yet rated,NULL,$20
GNCA,$10.85,1441390294777,"51,437",100% bearish,of 1 rating,$20
GNVC,$2.49,1441390294843,"1,219",90% bullish,of 10 ratings,$8.50
GHDX,$25.08,1441390294907,"46,384",50% bullish,of 2 ratings,$30
THRM,$44.64,1441390294933,"123,055",75% bearish,of 4 ratings,$55.50
GEOS,$16.4,1441390295210,"64,156",100% bearish,of 3 ratings,$21
GERN,$3.275,1441390295239,"1,395,226",88% bullish,of 17 ratings,$5.25
GTWN,$17.85,1441390295278,277,Not yet rated,NULL,N/A
GABC,$28.41,1441390295304,"6,241",Not yet rated,NULL,$31.50
GEVO,$2.24,1441390295437,"147,423",75% bullish,of 12 ratings,$5
GIGM,$0.5221,1441390295462,"11,595",100% bullish,of 2 ratings,N/A
ROCK,$16.36,1441390295485,"46,511",80% bullish,of 5 ratings,$24
GIGA,$1.3,1441390295656,"150,938",100% bearish,of 1 rating,N/A
GILT,$4.18,1441390295682,"3,400",50% bullish,of 2 ratings,N/A
GILD,$101.7311,1441390295758,"3,251,349",91% bullish,of 89 ratings,$129
GBCI,$25.54,1441390295824,"54,112",50% bullish,of 2 ratings,$31
GIII,$69.12,1441390295923,"160,855",67% bullish,of 3 ratings,$79
GOOD,$13.96,1441390296030,"34,592",Not yet rated,NULL,$19
GOODN,$25.61,1441390296057,200,Not yet rated,NULL,N/A
GLAD,$8.69,1441390296084,"34,180",50% bullish,of 2 ratings,$8.75
GOODP,$25.1201,1441390296215,100,Not yet rated,NULL,N/A
GAIN,$7.42,1441390296244,"43,619",100% bullish,of 2 ratings,$8.25
GOODO,NULL,1441390296311,0,Not yet rated,NULL,N/A
GAINN,$25.24,1441390296403,"41,110",Not yet rated,NULL,N/A
GLADO,$25.57,1441390296427,"2,100",Not yet rated,NULL,N/A
GAINP,$25.65,1441390296565,"3,539",Not yet rated,NULL,N/A
GAINO,$25.1801,1441390296665,"1,225",Not yet rated,NULL,N/A
LAND,$9.09,1441390296694,"7,562",50% bullish,of 2 ratings,$13.75
GLBZ,NULL,1441390296797,0,Not yet rated,NULL,N/A
GDEF,NULL,1441390296868,0,Not yet rated,NULL,N/A
GBT,$52.42,1441390296930,"20,392",100% bearish,of 1 rating,N/A
ENT,$11.01,1441390296961,"67,303",100% bearish,of 1 rating,$18
GSOL,$8.26,1441390297060,"3,616",100% bearish,of 1 rating,N/A
GPACU,NULL,1441390297085,0,Not yet rated,NULL,N/A
ACTX,NULL,1441390297158,0,100% bullish,of 1 rating,N/A
GBLI,$26.85,1441390297218,"5,433",Not yet rated,NULL,N/A
SOCL,$17.02,1441390297398,"14,388",100% bullish,of 2 ratings,N/A
ALTY,NULL,1441390297477,0,Not yet rated,NULL,N/A
YLCO,$11.62,1441390297541,300,Not yet rated,NULL,N/A
QQQC,$18.0749,1441390297568,"1,405",100% bearish,of 1 rating,N/A
SRET,$12.77,1441390297595,751,Not yet rated,NULL,N/A
GSM,$13.695,1441390297630,"140,015",50% bullish,of 2 ratings,$22
GAI,$6.15,1441390297659,"3,914",50% bullish,of 2 ratings,N/A
GBIM,$2.69,1441390297891,"30,024",50% bullish,of 2 ratings,N/A
GLUU,$4.36,1441390297969,"366,555",92% bullish,of 26 ratings,$9
GOGO,$15.73,1441390298021,"154,633",80% bullish,of 5 ratings,$25
GLRI,$1.04,1441390298046,"19,550",100% bearish,of 1 rating,$4.25
GLYC,$7.01,1441390298115,"2,476",50% bullish,of 2 ratings,$14
GLBS,NULL,1441390298142,0,67% bullish,of 3 ratings,N/A
GMLP,$21,1441390298275,"49,222",50% bullish,of 4 ratings,$29
GLNG,$39.025,1441390298335,"407,767",83% bullish,of 6 ratings,$55.50
GDEN,$9.06,1441390298404,300,50% bullish,of 2 ratings,N/A
GLDC,$4.0393,1441390298467,322,50% bullish,of 2 ratings,N/A
GBDC,$17.025,1441390298495,"63,618",Not yet rated,NULL,$17.75
GOGL,$2.95,1441390298516,"246,832",75% bullish,of 4 ratings,$5
GTIM,$6.69,1441390298548,"5,270",Not yet rated,NULL,$11.50
GOOG,$599.97,1441390298730,"545,652",86% bullish,of 74 ratings,$787.50
GOOGL,$629.1,1441390298802,"509,806",88% bullish,of 1083 ratings,$749
GPRO,$37.3769,1441390298826,"5,906,274",78% bullish,of 59 ratings,$72
GPIAU,NULL,1441390299041,0,Not yet rated,NULL,N/A
GMAN,$3.66,1441390299094,"6,217",60% bullish,of 5 ratings,$8.50
GPIA,NULL,1441390299115,0,100% bearish,of 1 rating,N/A
GBSN,$0.1632,1441390299174,"4,840,028",50% bullish,of 2 ratings,$8.25
LOPE,$37.06,1441390299250,"85,374",100% bearish,of 2 ratings,$50
GPIAW,NULL,1441390299378,0,Not yet rated,NULL,N/A
GBSNU,NULL,1441390299407,0,NULL,NULL,NULL
GNBC,$11.29,1441390299434,"2,468",100% bearish,of 1 rating,$16.50
GLDD,$5.33,1441390299462,"52,455",100% bearish,of 4 ratings,$7.75
GRVY,NULL,1441390299510,0,50% bullish,of 2 ratings,N/A
GSBC,$40.53,1441390299569,"13,317",100% bullish,of 1 rating,$44
GPP,$14.3636,1441390299714,"6,010",Not yet rated,NULL,$20.50
GPRE,$19.62,1441390299893,"141,375",67% bullish,of 6 ratings,$28.50
GRBK,$11.675,1441390299918,"69,086",77% bullish,of 13 ratings,N/A
GCBC,$28.85,1441390299990,"2,399",100% bullish,of 1 rating,N/A
GLRE,$24.15,1441390300075,"82,100",50% bullish,of 2 ratings,$34
GRIF,$32,1441390300133,"52,862",100% bearish,of 1 rating,N/A
GRPN,$4.215,1441390300267,"3,826,904",61% bullish,of 71 ratings,$6.75
GGAL,$19.26,1441390300292,"42,346",80% bullish,of 5 ratings,$40
GRFS,$30.655,1441390300321,"321,112",50% bullish,of 2 ratings,$35
GSVC,$8.79,1441390300432,"11,102",50% bullish,of 2 ratings,$15.75
OMAB,$41.49,1441390300460,"14,655",100% bullish,of 1 rating,$44
GSIT,$4.59,1441390300485,"9,067",100% bearish,of 1 rating,N/A
GTXI,$0.8707,1441390300625,"26,624",100% bullish,of 5 ratings,$.75
GFED,NULL,1441390300816,0,Not yet rated,NULL,$17
GUID,$6.71,1441390300918,"13,791",100% bearish,of 3 ratings,$10
GSIG,$12.73,1441390300975,"11,868",100% bearish,of 2 ratings,N/A
GULTU,$0.319,1441390301019,"6,000",100% bearish,of 1 rating,N/A
GBNK,$15.705,1441390301044,"5,574",100% bearish,of 1 rating,$18
GIFI,$12.18,1441390301118,"27,150",100% bearish,of 1 rating,$16
GURE,$1.65,1441390301279,"18,700",88% bullish,of 8 ratings,N/A
GWPH,$101.635,1441390301310,"50,445",78% bullish,of 9 ratings,$148.50
GPOR,$32.73,1441390301335,"584,259",75% bullish,of 4 ratings,$54
GWGH,$7.88,1441390301359,207,100% bearish,of 1 rating,$15.05
GYRO,$30.51,1441390301491,970,100% bearish,of 1 rating,N/A
HNRG,$7.195,1441390301515,"33,588",100% bearish,of 1 rating,$10
HEES,$18.7102,1441390301647,"145,817",67% bearish,of 3 ratings,$31
HLG,NULL,1441390301733,0,100% bearish,of 1 rating,N/A
HALL,$11.5099,1441390301758,"6,809",Not yet rated,NULL,N/A
HALO,$16.7461,1441390301926,"229,944",67% bullish,of 3 ratings,$22.50
HBK,NULL,1441390301954,0,50% bullish,of 2 ratings,N/A
HBHC,$27.0801,1441390302056,"193,224",50% bullish,of 2 ratings,$30
HBHCL,$24.4,1441390302125,"4,213",Not yet rated,NULL,N/A
HMPR,$1.871,1441390302155,"9,451",100% bullish,of 1 rating,N/A
HAFC,$23.7099,1441390302266,"36,445",100% bullish,of 2 ratings,$28.50
HNH,$26.02,1441390302299,"9,177",100% bullish,of 1 rating,N/A
HDNG,$10.39,1441390302324,"4,923",50% bullish,of 4 ratings,N/A
HNSN,$0.5489,1441390302351,"34,825",88% bullish,of 8 ratings,$.40
HQCL,$12.46,1441390302382,"5,294",67% bullish,of 3 ratings,$14
HLIT,$5.63,1441390302516,"69,763",100% bearish,of 1 rating,$6.50
HRMN,NULL,1441390302720,0,Not yet rated,NULL,N/A
TINY,$2.47,1441390302848,"12,301",50% bullish,of 2 ratings,$5.26
HRMNU,$10.209,1441390302873,100,Not yet rated,NULL,N/A
HART,$1.2532,1441390302894,"77,249",100% bearish,of 1 rating,N/A
HRMNW,NULL,1441390302921,0,Not yet rated,NULL,N/A
HCAP,$11.98,1441390303051,"4,140",50% bullish,of 2 ratings,$15
HA,$23.4299,1441390303232,"146,131",67% bullish,of 9 ratings,$27
HAS,$75.86,1441390303260,"434,478",63% bullish,of 8 ratings,$84.50
HCAPL,$25.11,1441390303330,"3,800",Not yet rated,NULL,N/A
HCOM,$21.26,1441390303357,"2,031",100% bearish,of 1 rating,$28
HBIO,$4.34,1441390303391,"12,725",100% bearish,of 1 rating,$10
HWBK,$13.68,1441390303520,322,100% bearish,of 1 rating,N/A
HAYN,$37.79,1441390303545,"13,358",100% bearish,of 1 rating,$59
HWKN,$38.23,1441390303676,"12,252",Not yet rated,NULL,N/A
HDS,$32.065,1441390303701,"774,722",100% bearish,of 2 ratings,$39.50
HSTM,$24.16,1441390303962,"14,801",50% bullish,of 2 ratings,$33.75
HCSG,$32.4799,1441390303995,"44,382",50% bullish,of 4 ratings,$35
HIIQ,$4.74,1441390304130,700,50% bullish,of 2 ratings,$7
HTLD,$20.295,1441390304168,"110,045",Not yet rated,NULL,$22.50
HQY,$29.13,1441390304193,"44,306",67% bullish,of 3 ratings,$35
HTLF,$35.45,1441390304214,"14,267",100% bullish,of 1 rating,$39.50
HTWR,$63.96,1441390304358,"150,860",50% bullish,of 2 ratings,$102.50
HWAY,$11.57,1441390304391,"140,955",100% bearish,of 1 rating,$15
HSII,$20.14,1441390304490,"7,142",100% bullish,of 3 ratings,$25
HTBX,$3.84,1441390304520,"45,815",50% bullish,of 2 ratings,$15.50
HELE,$83.73,1441390304578,"42,610",67% bearish,of 3 ratings,$100
HMTV,$13.306,1441390304735,"1,113",100% bearish,of 1 rating,$16
HMNY,NULL,1441390304838,0,100% bearish,of 1 rating,N/A
HNNA,$24.55,1441390304934,"1,611",Not yet rated,NULL,N/A
HERO,NULL,1441390304963,0,NULL,NULL,NULL
HTBK,$10.56,1441390305027,"16,894",Not yet rated,NULL,$12
HSIC,$132.77,1441390305127,"62,411",83% bullish,of 6 ratings,$146
HCACU,$9.98,1441390305210,"2,790",Not yet rated,NULL,N/A
MLHR,$26.9801,1441390305449,"75,877",50% bullish,of 2 ratings,$33.50
HFWA,$17.75,1441390305485,"142,453",100% bullish,of 1 rating,$20
HSKA,$32.2311,1441390305576,"15,578",100% bearish,of 1 rating,$38
HFFC,$15.76,1441390305603,200,Not yet rated,NULL,N/A
HEOP,$7.8,1441390305624,"17,443",Not yet rated,NULL,$8.50
HCCI,$11.57,1441390305661,"2,155",100% bearish,of 1 rating,$16.50
HRTX,$36.92,1441390305686,"293,555",57% bullish,of 7 ratings,$41
HPJ,$2.135,1441390305761,"18,929",75% bullish,of 4 ratings,$12.43
HIHO,$4.2999,1441390305989,"22,445",Not yet rated,NULL,N/A
HIMX,$7.185,1441390306073,"651,377",86% bullish,of 21 ratings,$8.25
HIBB,$38.5925,1441390306218,"58,039",100% bearish,of 1 rating,$46.50
HSGX,$5.85,1441390306242,"2,125",100% bearish,of 1 rating,$17
HIFS,$110.32,1441390306386,"1,584",Not yet rated,NULL,N/A
HMSY,$9.97,1441390306410,"347,716",67% bullish,of 3 ratings,$19.35
HBCP,$24.8,1441390306437,"2,375",Not yet rated,NULL,$29
HMNF,$11.3,1441390306461,300,Not yet rated,NULL,N/A
HFBL,$22.97,1441390306695,"4,294",Not yet rated,NULL,N/A
HOLI,$16.5705,1441390306724,"71,278",50% bullish,of 4 ratings,$27
HOLX,$38.41,1441390306758,"988,209",50% bullish,of 4 ratings,$42
AWAY,$27.81,1441390306859,"204,899",67% bullish,of 3 ratings,$36
HMIN,$24.885,1441390306879,"82,659",100% bearish,of 2 ratings,$35
HMST,$21.95,1441390306958,"27,698",100% bullish,of 2 ratings,$27
HOMB,$37.15,1441390307078,"28,926",Not yet rated,NULL,$42
HTBI,$17.99,1441390307240,"9,895",67% bullish,of 3 ratings,$18.625
HOFT,$22.94,1441390307377,"17,506",100% bearish,of 1 rating,N/A
CETC,$0.7594,1441390307406,"53,472",86% bullish,of 7 ratings,N/A
HKTV,$4.179,1441390307438,"89,036",100% bearish,of 1 rating,N/A
HFBC,$11,1441390307478,"8,770",Not yet rated,NULL,N/A
HZNP,$28.9001,1441390307507,"775,414",85% bullish,of 20 ratings,$40
HBNC,$23.65,1441390307607,"4,545",100% bullish,of 1 rating,$27
HRZN,$10.28,1441390307653,"14,427",50% bullish,of 2 ratings,$14.25
ZINC,$7.115,1441390307784,"184,486",100% bearish,of 1 rating,$17
HWCC,$7.61,1441390307875,"26,025",100% bearish,of 1 rating,$9
HMHC,$22.57,1441390307936,"104,405",Not yet rated,NULL,$27
HDP,$23.39,1441390307960,"146,416",67% bearish,of 3 ratings,$30.50
HBMD,$13.8,1441390308091,"2,489",100% bearish,of 1 rating,N/A
HOVNP,$3.7218,1441390308136,"20,670",100% bearish,of 1 rating,N/A
HTGM,$5.85,1441390308297,"2,699",100% bearish,of 1 rating,$19.50
HSON,$2.72,1441390308394,"3,700",100% bearish,of 1 rating,$5
HUBG,$37.9,1441390308435,"32,750",100% bearish,of 1 rating,$43
HCBK,$9.24,1441390308464,"417,358",83% bullish,of 6 ratings,$8.61
HSNI,$59.112,1441390308499,"58,724",Not yet rated,NULL,$80
HDSN,$2.98,1441390308596,"12,210",100% bullish,of 1 rating,$6.25
HBAN,$10.5,1441390308624,"1,717,452",76% bullish,of 17 ratings,$12.29
HURC,$29.82,1441390308727,"4,127",100% bearish,of 1 rating,N/A
HBANP,$1353.3,1441390308754,20,100% bearish,of 1 rating,N/A
HURN,$72.37,1441390308909,"23,477",50% bullish,of 2 ratings,$80
HTCH,$1.48,1441390308934,"7,925",100% bearish,of 1 rating,$3.50
HDRAW,NULL,1441390309081,0,Not yet rated,NULL,N/A
HDRAU,NULL,1441390309109,0,Not yet rated,NULL,N/A
HDRAR,NULL,1441390309179,0,Not yet rated,NULL,N/A
HBP,$3.1394,1441390309210,600,100% bullish,of 1 rating,N/A
HDRA,NULL,1441390309272,0,Not yet rated,NULL,N/A
IACI,$68.68,1441390309313,"151,533",80% bullish,of 5 ratings,$90
IDSY,$3.74,1441390309373,"26,602",100% bearish,of 1 rating,$7
IBKC,$59.335,1441390309592,"29,531",100% bullish,of 1 rating,$70
HYGS,$8.451,1441390309642,"7,805",50% bullish,of 2 ratings,$13
IKGH,$1.55,1441390309671,"9,400",75% bullish,of 4 ratings,N/A
ICAD,$3.78,1441390309692,"4,233",50% bullish,of 2 ratings,$7.25
IEP,$67.7999,1441390309772,"47,891",75% bullish,of 4 ratings,$99
ICFI,$33.345,1441390309909,"9,004",50% bullish,of 2 ratings,$48.50
ICLR,$75.59,1441390309993,"103,197",100% bearish,of 3 ratings,$85
ICUI,$108.8,1441390310018,"30,556",Not yet rated,NULL,$122
ICON,$13.2501,1441390310098,"188,947",50% bullish,of 2 ratings,$18.50
INVE,$4.51,1441390310158,"18,415",75% bullish,of 4 ratings,$4
IDRA,$2.755,1441390310263,"309,953",89% bullish,of 9 ratings,$6.50
IDXX,$72.05,1441390310288,"119,734",100% bearish,of 1 rating,$76
IPWR,$7.39,1441390310313,"3,524",100% bullish,of 1 rating,$15
DSKY,$10.31,1441390310719,"59,924",67% bullish,of 6 ratings,$11.50
IROQ,$16.8,1441390310762,231,100% bullish,of 1 rating,N/A
IRG,$5.15,1441390310862,"16,715",100% bearish,of 1 rating,$4.25
IKAN,$2.73,1441390310946,"8,896",83% bullish,of 6 ratings,$5
RXDX,$14.81,1441390311007,"100,036",100% bullish,of 1 rating,$20
KANG,$14.76,1441390311032,"221,659",50% bullish,of 2 ratings,$23.10
IIVI,$16.63,1441390311075,"52,721",100% bearish,of 1 rating,$22
IKNX,$12,1441390311163,"1,050",100% bearish,of 1 rating,N/A
ICCC,$7.03,1441390311203,"4,652",100% bullish,of 1 rating,N/A
ILMN,$192.51,1441390311231,"236,682",80% bullish,of 5 ratings,$245
ISNS,$4.16,1441390311294,"3,700",50% bullish,of 2 ratings,N/A
IMMR,$12.03,1441390311331,"48,093",80% bullish,of 5 ratings,$15.50
IMNP,$1.29,1441390311501,"23,074",50% bullish,of 2 ratings,$6
IMDZ,$14.7893,1441390311559,"20,087",100% bearish,of 1 rating,$33
IMGN,$13.22,1441390311598,"273,415",75% bullish,of 4 ratings,$17.50
IMMU,$2.0801,1441390311627,"176,806",86% bullish,of 7 ratings,$2
IMMY,$7.51,1441390311897,"1,003",100% bearish,of 1 rating,$11
IPXL,$39.79,1441390311940,"108,532",67% bullish,of 3 ratings,$46.50
INCR,$41.64,1441390312025,"120,814",50% bullish,of 2 ratings,$53
INDB,$43.49,1441390312070,"12,430",Not yet rated,NULL,$44
IBTX,$39.75,1441390312160,"6,032",100% bullish,of 2 ratings,$47.25
IDSA,$3.49,1441390312195,"1,561",Not yet rated,NULL,N/A
INCY,$114.19,1441390312233,"363,442",50% bullish,of 6 ratings,$125.50
SAAS,$7.05,1441390312292,"81,244",50% bullish,of 2 ratings,$15
IBCP,$14,1441390312316,"21,497",100% bullish,of 1 rating,$14.50
IPCC,$74.18,1441390312460,"4,325",Not yet rated,NULL,$77.50
INFI,$8.55,1441390312486,"105,820",50% bullish,of 4 ratings,$16.50
INFN,$21.4099,1441390312687,"366,642",71% bullish,of 7 ratings,$28
IFON,$1.28,1441390312770,"13,450",75% bullish,of 4 ratings,N/A
INWK,$6.8001,1441390312829,"15,716",50% bullish,of 2 ratings,$10
IMKTA,$49.56,1441390312855,"24,500",100% bearish,of 1 rating,N/A
III,$3.75,1441390312904,"7,354",57% bullish,of 7 ratings,$6
INOD,$2.3672,1441390312982,"1,540",100% bearish,of 1 rating,N/A
INNL,NULL,1441390313034,0,100% bearish,of 1 rating,$16.50
IPHS,$45.94,1441390313085,"25,703",100% bearish,of 1 rating,$60
IOSP,$48.84,1441390313162,"48,674",100% bearish,of 1 rating,N/A
ISSC,$2.79,1441390313215,"3,293",67% bearish,of 3 ratings,N/A
ITEK,$12.2199,1441390313354,"146,518",100% bearish,of 3 ratings,$20
INGN,$50.75,1441390313381,"48,228",100% bearish,of 1 rating,$50.50
INOV,$20.94,1441390313401,"165,535",100% bearish,of 1 rating,$33
INO,$6.9682,1441390313457,"299,805",89% bullish,of 18 ratings,$20
ISIG,$2.64,1441390313585,"4,871",100% bearish,of 1 rating,N/A
NSIT,$24.52,1441390313677,"37,857",50% bullish,of 2 ratings,N/A
IIIN,$17.21,1441390313778,"9,416",100% bearish,of 2 ratings,N/A
INSM,$23.87,1441390313826,"105,128",71% bullish,of 7 ratings,$31.50
INSY,$33.97,1441390313971,"200,882",75% bullish,of 4 ratings,$48
IDTI,$18.76,1441390314032,"482,522",60% bullish,of 5 ratings,$25
PODD,$27.83,1441390314058,"78,619",67% bearish,of 3 ratings,$35
NTEC,$5.5112,1441390314106,"1,850",100% bearish,of 1 rating,N/A
IART,$61.8,1441390314189,"114,192",100% bearish,of 2 ratings,$71.50
ISSI,$21.73,1441390314218,"34,588",67% bullish,of 3 ratings,$19.75
IESC,$7.11,1441390314238,100,100% bearish,of 1 rating,N/A
INTC,$28.505,1441390314268,"9,226,189",82% bullish,of 238 ratings,$36
IQNT,$18.78,1441390314515,"111,283",86% bullish,of 7 ratings,$20
ININ,$35.36,1441390314543,"14,482",67% bearish,of 3 ratings,$57
IPCI,$2.21,1441390314656,"4,200",67% bullish,of 6 ratings,$8
IBKR,$37.05,1441390314738,"194,149",100% bullish,of 1 rating,N/A
ICPT,$182,1441390314765,"38,943",70% bullish,of 10 ratings,$359.50
IPAR,$24.76,1441390314792,"21,442",67% bullish,of 3 ratings,$38
ICLD,$1.9754,1441390314816,"818,305",75% bullish,of 4 ratings,N/A
IDCC,$48.12,1441390314979,"62,569",80% bullish,of 5 ratings,$63
IMI,$1.99,1441390315069,"4,827",67% bullish,of 3 ratings,$2.22
ICLDW,$1.05,1441390315095,425,100% bearish,of 1 rating,N/A
INAP,$9.19,1441390315120,"74,050",75% bullish,of 4 ratings,$11
IGLD,$7.26,1441390315266,974,50% bullish,of 2 ratings,N/A
TILE,$24.125,1441390315293,"79,567",100% bearish,of 3 ratings,$27
ISCA,$32.12,1441390315325,"23,301",100% bearish,of 1 rating,N/A
IBOC,$24.77,1441390315352,"61,832",100% bearish,of 1 rating,N/A
IIJI,$8.6996,1441390315372,100,50% bullish,of 2 ratings,$12.50
PTNT,$2.91,1441390315650,300,Not yet rated,NULL,N/A
INPH,$0.2902,1441390315674,"5,471",50% bullish,of 2 ratings,N/A
INTX,$1.97,1441390315724,"15,418",67% bullish,of 3 ratings,N/A
XENT,$24.77,1441390315830,"36,590",50% bullish,of 2 ratings,$36.50
IILG,$19.3,1441390315910,"34,482",100% bearish,of 1 rating,$29
IVAC,$4.65,1441390315959,"13,630",100% bearish,of 1 rating,$6.625
IIN,$6.91,1441390316038,100,100% bearish,of 1 rating,$12
ISIL,$10.37,1441390316072,"324,527",50% bullish,of 6 ratings,$15
ISRG,$506.875,1441390316167,"44,236",67% bullish,of 3 ratings,$600
INTL,$25.6,1441390316194,"23,939",67% bearish,of 3 ratings,N/A
INTLL,$25.993,1441390316220,"1,580",Not yet rated,NULL,N/A
ITCI,$26.4,1441390316241,"152,980",75% bearish,of 4 ratings,$40
INTU,$85.3,1441390316371,"687,116",86% bullish,of 7 ratings,$107.50
INVT,$0.33,1441390316441,"91,670",67% bullish,of 3 ratings,N/A
ISTR,$15.73,1441390316527,304,100% bearish,of 1 rating,$18.50
SNAK,$8.2801,1441390316551,"27,571",50% bullish,of 2 ratings,$14
ISBC,$11.62,1441390316891,"812,105",100% bullish,of 1 rating,$13.25
NVIV,$9.53,1441390316919,"34,209",50% bullish,of 4 ratings,$24.50
DTUL,$64.7,1441390316944,802,Not yet rated,NULL,N/A
DFVL,$66.28,1441390316968,600,Not yet rated,NULL,N/A
IPCM,$79.1,1441390317024,"103,904",50% bullish,of 2 ratings,$80.125
IVTY,$14.11,1441390317099,"13,401",Not yet rated,NULL,$18
IPAS,$1.07,1441390317157,"17,647",67% bullish,of 3 ratings,N/A
ITIC,$70.11,1441390317200,402,100% bearish,of 2 ratings,N/A
IRIX,$6.83,1441390317343,"5,274",100% bearish,of 1 rating,N/A
IRMD,$24.12,1441390317370,"14,050",67% bearish,of 3 ratings,$25
IRDM,$6.9,1441390317421,"171,155",60% bullish,of 5 ratings,$11.50
IPGP,$81.01,1441390317446,"79,594",67% bearish,of 3 ratings,$109.50
IRBT,$29.58,1441390317667,"68,994",67% bullish,of 6 ratings,$37
IRDMB,$269.01,1441390317694,100,67% bearish,of 3 ratings,N/A
FCHI,NULL,1441390317722,0,NULL,NULL,NULL
COMT,$33.22,1441390317750,"3,840",100% bearish,of 1 rating,N/A
IRWD,$11,1441390317823,"500,824",100% bearish,of 1 rating,$13
GNMA,$50.1401,1441390317850,"1,202",Not yet rated,NULL,N/A
IFAS,NULL,1441390317878,0,NULL,NULL,NULL
IRCP,NULL,1441390317903,0,100% bullish,of 2 ratings,N/A
IFEU,$37.19,1441390318049,"67,241",Not yet rated,NULL,N/A
IFGL,$27.33,1441390318111,"28,685",Not yet rated,NULL,N/A
IFNA,NULL,1441390318240,0,NULL,NULL,NULL
ACWX,$39.03,1441390318274,"392,256",100% bearish,of 1 rating,N/A
AXJS,NULL,1441390318339,0,NULL,NULL,NULL
AAXJ,$50.83,1441390318367,"436,190",Not yet rated,NULL,N/A
ACWI,$53.88,1441390318444,"724,120",Not yet rated,NULL,N/A
AAIT,NULL,1441390318470,0,NULL,NULL,NULL
EMEY,NULL,1441390318541,0,NULL,NULL,NULL
EEME,NULL,1441390318578,0,NULL,NULL,NULL
EMDI,NULL,1441390318607,0,NULL,NULL,NULL
EEMA,$47.8853,1441390318689,"45,504",Not yet rated,NULL,N/A
EGRW,NULL,1441390318815,0,NULL,NULL,NULL
EEML,$26.5684,1441390318847,460,Not yet rated,NULL,N/A
EUFN,$20.86,1441390318872,"56,934",100% bearish,of 1 rating,N/A
EVAL,NULL,1441390318949,0,NULL,NULL,NULL
IEUS,$44.46,1441390319202,622,100% bearish,of 1 rating,N/A
QAT,$20.9,1441390319229,"2,582",Not yet rated,NULL,N/A
IBB,$335.15,1441390319257,"570,704",63% bullish,of 8 ratings,N/A
UAE,$17.361,1441390319369,"1,300",Not yet rated,NULL,N/A
EMIF,$27.5,1441390319399,"2,222",Not yet rated,NULL,N/A
ICLN,$9.1076,1441390319419,"10,466",50% bullish,of 2 ratings,N/A
WOOD,$46.88,1441390319499,"1,503",50% bullish,of 2 ratings,N/A
SOXX,$81.28,1441390319550,"167,070",50% bullish,of 2 ratings,N/A
INDY,$25.9399,1441390319630,"134,505",50% bullish,of 2 ratings,N/A
ISHG,$79.6079,1441390319688,"20,160",100% bearish,of 1 rating,N/A
IGOV,$91.01,1441390319720,"32,484",100% bearish,of 1 rating,N/A
ISLE,$19.0399,1441390319817,"135,293",50% bullish,of 4 ratings,$17
ISIS,$51.695,1441390319875,"353,686",53% bullish,of 15 ratings,$67
ISRL,$122.2,1441390320103,72,100% bearish,of 1 rating,N/A
ITRN,$23.95,1441390320145,"3,096",50% bullish,of 2 ratings,N/A
XXIA,$15.12,1441390320175,"102,084",71% bullish,of 7 ratings,$14.625
ITRI,$28.76,1441390320195,"52,373",100% bearish,of 1 rating,$37
ITUS,$3.899,1441390320229,"1,700",Not yet rated,NULL,N/A
IXYS,$11.42,1441390320276,"62,655",50% bullish,of 4 ratings,N/A
JBHT,$74.49,1441390320551,"587,816",50% bullish,of 4 ratings,$89.50
JCOM,$66.559,1441390320583,"29,490",100% bullish,of 2 ratings,$77
JASO,$7.9901,1441390320604,"145,353",82% bullish,of 17 ratings,$10
JJSF,$115.32,1441390320655,"12,634",100% bearish,of 1 rating,N/A
MAYS,NULL,1441390320788,0,Not yet rated,NULL,N/A
JXSB,$24.23,1441390320817,100,Not yet rated,NULL,N/A
JACK,$77.4,1441390320856,"74,027",71% bullish,of 7 ratings,$105
JKHY,$66.12,1441390320919,"41,192",67% bearish,of 3 ratings,$72
JAGX,$3.16,1441390321099,920,Not yet rated,NULL,$10.50
JAXB,NULL,1441390321126,0,100% bullish,of 1 rating,N/A
JMBA,$14.25,1441390321260,"41,086",75% bullish,of 4 ratings,$18
JRVR,$27.73,1441390321290,"20,213",Not yet rated,NULL,$32
JAKK,$9.69,1441390321312,"180,741",60% bearish,of 5 ratings,$11
ERW,NULL,1441390321343,0,Not yet rated,NULL,N/A
JASN,$4.8699,1441390321451,"1,373",50% bullish,of 2 ratings,$9.50
JASNW,NULL,1441390321517,0,50% bullish,of 2 ratings,N/A
JAZZ,$160.25,1441390321557,"141,371",80% bullish,of 15 ratings,$206.50
JD,$22.685,1441390321620,"3,958,487",75% bullish,of 16 ratings,$36
JBLU,$23.63,1441390321658,"2,304,030",94% bullish,of 18 ratings,$27
JTPY,$3,1441390321682,367,100% bearish,of 1 rating,N/A
DATE,$6.0501,1441390321889,"45,144",75% bullish,of 4 ratings,$9
JCTCF,NULL,1441390322051,0,100% bullish,of 1 rating,N/A
JST,$3.59,1441390322076,"6,611",75% bullish,of 4 ratings,N/A
JIVE,$4.63,1441390322097,"251,807",75% bullish,of 4 ratings,$5
JOEZ,$0.1711,1441390322126,"86,199",92% bullish,of 12 ratings,N/A
WYIGU,$9.98,1441390322146,"2,000",100% bearish,of 1 rating,N/A
JBSS,$50.98,1441390322286,"13,242",67% bearish,of 3 ratings,N/A
JNP,$13.45,1441390322441,"73,163",100% bullish,of 3 ratings,$15
JOUT,$23.39,1441390322646,685,100% bearish,of 1 rating,$34
KTWO,$20.378,1441390322713,"14,812",100% bearish,of 1 rating,$28.50
JUNO,$34.949,1441390322814,"230,191",73% bullish,of 11 ratings,$67
KBIO,$3.9,1441390322876,"7,086,428",50% bullish,of 4 ratings,N/A
KALU,$82.09,1441390322954,"40,839",67% bearish,of 3 ratings,$91
KNDI,$6.16,1441390323084,"85,913",86% bullish,of 22 ratings,N/A
KCLI,$46.227,1441390323114,"7,757",Not yet rated,NULL,N/A
KMDA,NULL,1441390323143,0,50% bullish,of 2 ratings,$8
KELYA,$14.2,1441390323324,"14,347",67% bullish,of 6 ratings,$20
KBSF,NULL,1441390323344,0,100% bullish,of 1 rating,N/A
KELYB,NULL,1441390323365,0,50% bullish,of 2 ratings,N/A
KPTI,$13.73,1441390323403,"96,982",67% bearish,of 3 ratings,$39
KCAP,$4.72,1441390323432,"30,126",75% bullish,of 4 ratings,$6
KRNY,$11.25,1441390323534,"105,702",100% bearish,of 1 rating,$12.50
KMPH,$20.3,1441390323561,"5,990",100% bearish,of 2 ratings,$22
KFFB,NULL,1441390323634,0,100% bearish,of 1 rating,N/A
KERX,$4.84,1441390323761,"2,478,553",82% bullish,of 11 ratings,$12
GMCR,$57.49,1441390323855,"738,411",71% bullish,of 42 ratings,$64
