Symbol,Price,Date,Volume,Rating,RatingVoteCount,OneYearEstimate
FCCY,$11.72,1440706802131,320,100% bullish,of 1 rating,$13
PIH,$7.71,1440706802160,"10,100",100% bearish,of 1 rating,N/A
TFSCU,NULL,1440706802182,0,Not yet rated,NULL,N/A
TFSC,NULL,1440706802202,0,100% bearish,of 1 rating,N/A
TFSCW,NULL,1440706802227,0,100% bearish,of 1 rating,N/A
FLWS,$8.4299,1440706802259,"1,276,576",80% bullish,of 5 ratings,$15
FCTY,$7.76,1440706802284,"2,814",100% bullish,of 1 rating,$8.50
TFSCR,NULL,1440706802304,0,Not yet rated,NULL,N/A
SRCE,$29.3829,1440706802532,"38,619",100% bullish,of 3 ratings,$33
USLV,$12.09,1440706802552,"326,871",86% bullish,of 7 ratings,N/A
UGLD,$9.05,1440706802593,"996,913",100% bearish,of 1 rating,N/A
TWOU,$35.031,1440706802627,"181,388",50% bullish,of 2 ratings,$39
DGLD,$83.29,1440706802656,"25,064",100% bullish,of 1 rating,N/A
JOBS,$26.9096,1440706802687,"345,041",50% bullish,of 4 ratings,$36
DSLV,$71.67,1440706802711,"16,710",100% bearish,of 1 rating,N/A
VNET,$17.97,1440706802767,"960,538",60% bullish,of 5 ratings,$29.50
SIXD,$2.88,1440706803092,"175,357",Not yet rated,NULL,N/A
CAFD,$14.31,1440706803162,"609,473",Not yet rated,NULL,$25
AAON,$20.73,1440706803346,"104,721",100% bearish,of 1 rating,$24
ABAX,$47.16,1440706803384,"120,912",100% bearish,of 1 rating,$60
SHLM,$33.99,1440706803414,"95,289",100% bearish,of 1 rating,$47
EGHT,$7.85,1440706803442,"406,994",82% bullish,of 17 ratings,$11
ABEO,$4.7,1440706803463,"55,657",50% bullish,of 4 ratings,$15.50
ABY,$21.6163,1440706803484,"416,580",100% bearish,of 2 ratings,$46
AVHI,$13.69,1440706803518,"110,311",100% bearish,of 1 rating,$19
ABGB,$5.64,1440706803882,"215,632",67% bullish,of 3 ratings,$5.50
ABMD,$98.2,1440706803913,"350,044",75% bullish,of 4 ratings,$100.50
ACAD,$37.8923,1440706803944,"790,378",80% bullish,of 20 ratings,$48
ACTG,$9.33,1440706803970,"237,601",67% bullish,of 3 ratings,$18.50
ABEOW,$1.72,1440706804013,"1,765",100% bullish,of 1 rating,N/A
AXAS,$1.86,1440706804042,"1,192,962",78% bullish,of 9 ratings,$3.50
ACHC,$74.3,1440706804244,"693,019",50% bullish,of 2 ratings,$92
ACST,$0.339,1440706804380,"38,840",100% bullish,of 2 ratings,N/A
ANCX,$19.58,1440706804427,"18,729",Not yet rated,NULL,$20
AXDX,$18.59,1440706804487,"132,580",100% bearish,of 1 rating,N/A
XLRN,$28.5,1440706804564,"123,528",50% bullish,of 2 ratings,$57
ARAY,$6.44,1440706804589,"788,736",100% bearish,of 1 rating,$10.50
VXDN,$1.91,1440706804649,"79,592",100% bearish,of 1 rating,N/A
VXUP,$1.53,1440706804793,"50,677",100% bearish,of 1 rating,N/A
ACET,$22.59,1440706804830,"133,644",75% bullish,of 4 ratings,$30
ACRX,$4.31,1440706804902,"174,135",67% bearish,of 6 ratings,$5.50
AKAO,$6.65,1440706804932,"55,372",75% bullish,of 4 ratings,$15
ACHN,$7.51,1440706804953,"1,727,061",90% bullish,of 21 ratings,$16
ACIW,$21.0742,1440706805035,"615,176",67% bearish,of 3 ratings,$24
ACNB,$19.82,1440706805082,"3,126",Not yet rated,NULL,N/A
ACTS,$1.62,1440706805209,"51,641",100% bearish,of 1 rating,N/A
ACPW,$1.8,1440706805313,"13,406",100% bullish,of 4 ratings,$3.50
ATVI,$27.8724,1440706805410,"4,124,850",68% bullish,of 84 ratings,$31.50
ACTA,$13.09,1440706805479,"100,372",67% bearish,of 3 ratings,$25
ACOR,$31.69,1440706805541,"668,860",67% bearish,of 3 ratings,$38.50
ACUR,$0.549,1440706805631,"118,162",100% bullish,of 5 ratings,$1
ACXM,$20.8842,1440706805655,"311,693",67% bullish,of 3 ratings,N/A
ADMS,$20.06,1440706805879,"44,561",100% bearish,of 2 ratings,$36
ADMP,$3.64,1440706805914,"15,859",50% bullish,of 2 ratings,$10
ADUS,$28.51,1440706805943,"36,454",100% bearish,of 1 rating,$31
AEY,$2.37,1440706806013,"7,215",100% bearish,of 2 ratings,N/A
ADAP,$11.28,1440706806039,"47,580",67% bullish,of 3 ratings,$22
ADEP,$6.79,1440706806085,"19,627",50% bullish,of 2 ratings,$10.75
ADMA,$9.25,1440706806177,"6,150",Not yet rated,NULL,$19
ADBE,$78.91,1440706806205,"2,607,374",65% bullish,of 17 ratings,$90
ADTN,$15.63,1440706806283,"262,680",67% bullish,of 3 ratings,$17.125
ADRO,$21.81,1440706806442,"183,949",80% bullish,of 5 ratings,$45.50
AEIS,$24.59,1440706806467,"151,902",50% bullish,of 2 ratings,$32.50
ADXSW,$10.3,1440706806605,"7,480",100% bullish,of 1 rating,N/A
ADXS,$14.5915,1440706806630,"688,729",64% bullish,of 14 ratings,$27
MULT,$22.9,1440706806683,100,100% bearish,of 1 rating,N/A
AMD,$1.7804,1440706806781,"8,254,510",83% bullish,of 103 ratings,$2
YPRO,$22.99,1440706806943,113,100% bearish,of 1 rating,N/A
AEGN,$18.03,1440706806975,"119,078",100% bearish,of 2 ratings,$21
AMTX,$2.73,1440706806996,"29,307",50% bullish,of 2 ratings,$26.11
AEHR,$2.26,1440706807077,"2,050",50% bullish,of 2 ratings,N/A
AEPI,$54.4,1440706807134,"9,256",100% bearish,of 1 rating,N/A
AERI,$16.4071,1440706807161,"496,067",75% bullish,of 4 ratings,$31.50
AEGR,$17.7458,1440706807188,"367,812",50% bullish,of 6 ratings,$26
AVAV,$24,1440706807438,"84,029",50% bullish,of 4 ratings,$31
AEMD,$7.15,1440706807508,"176,485",Not yet rated,NULL,$27.50
AEZS,$0.0855,1440706807533,"7,062,749",90% bullish,of 21 ratings,$1.50
AFFX,$9.66,1440706807575,"429,165",80% bullish,of 5 ratings,$12
AFMD,$10.1952,1440706807601,"89,702",50% bullish,of 4 ratings,$15
AGEN,$6.91,1440706807676,"629,230",85% bullish,of 13 ratings,$14
AGRX,$8.43,1440706807732,"16,029",100% bearish,of 1 rating,$17.50
AGYS,$9.8,1440706807932,"25,392",100% bearish,of 1 rating,N/A
AGFS,$10.1908,1440706807963,"34,412",100% bearish,of 1 rating,N/A
AGFSW,$2,1440706808003,"17,600",100% bearish,of 2 ratings,N/A
AIMT,$21.35,1440706808027,"49,058",Not yet rated,NULL,N/A
AGIO,$89.9225,1440706808063,"285,930",88% bullish,of 8 ratings,$114
AIRT,$22.71,1440706808090,536,100% bullish,of 1 rating,N/A
AIRM,$36.99,1440706808116,"215,613",80% bearish,of 5 ratings,$53
ATSG,$8.8505,1440706808302,"129,874",67% bullish,of 3 ratings,$13
AKAM,$70.5,1440706808491,"1,338,987",63% bullish,of 8 ratings,$77
AKBA,$6.47,1440706808647,"111,721",100% bearish,of 1 rating,$18
AIXG,$6.02,1440706808779,"25,723",67% bearish,of 3 ratings,$5.25
AMCN,$4.59,1440706808863,"412,688",83% bullish,of 6 ratings,N/A
AKRX,$41.2182,1440706808907,"794,845",78% bullish,of 9 ratings,$56
ALRM,$16.9,1440706808933,"57,187",100% bearish,of 1 rating,$22
ADHD,$7.76,1440706808996,"137,797",50% bullish,of 4 ratings,$18
AKER,$2.79,1440706809017,"5,892",Not yet rated,NULL,N/A
ALDR,$38.6232,1440706809102,"250,162",67% bearish,of 3 ratings,$62
AMRI,$19.96,1440706809230,"130,892",75% bearish,of 4 ratings,$24
ABDC,$12.21,1440706809257,"91,352",Not yet rated,NULL,$15
ALSK,$2.04,1440706809317,"158,320",78% bullish,of 18 ratings,$2
ALXA,$1.18,1440706809396,"19,066",83% bullish,of 6 ratings,$2.125
ALDX,$6.85,1440706809450,"7,841",100% bearish,of 1 rating,$14.50
ALXN,$179.82,1440706809622,"1,190,893",88% bullish,of 8 ratings,$223
ALCO,$42.3,1440706809643,"4,136",50% bullish,of 2 ratings,N/A
ALGN,$56.8314,1440706809726,"267,496",100% bearish,of 2 ratings,$73
ALIM,$3.37,1440706809786,"58,687",80% bullish,of 5 ratings,$10
ALKS,$61.17,1440706809859,"373,134",67% bullish,of 3 ratings,$75
AFOP,$18.6776,1440706809924,"125,879",75% bullish,of 8 ratings,$21
ALLB,$22.79,1440706809949,200,Not yet rated,NULL,N/A
ALGT,$209.79,1440706810027,"180,398",100% bearish,of 2 ratings,$235
AIQ,$13.6,1440706810180,"8,279",67% bullish,of 3 ratings,N/A
AHGP,$36.21,1440706810279,"160,991",67% bullish,of 3 ratings,N/A
AHPI,$1.45,1440706810324,604,50% bullish,of 2 ratings,N/A
ARLP,$24.64,1440706810436,"264,835",67% bearish,of 3 ratings,$32
AMOT,$18.57,1440706810468,"58,953",100% bearish,of 1 rating,N/A
ALQA,$4.31,1440706810489,"5,131",75% bullish,of 4 ratings,$8.50
ALLT,$5.025,1440706810570,"55,914",75% bullish,of 4 ratings,$6.25
AFAM,$45.45,1440706810900,"46,103",50% bullish,of 2 ratings,$44
ALNY,$104.9,1440706810934,"352,481",67% bullish,of 3 ratings,$148.50
SMCP,NULL,1440706810999,0,Not yet rated,NULL,N/A
AOSL,$7.22,1440706811026,"54,332",67% bullish,of 3 ratings,$9
ASPS,$25.8593,1440706811056,"202,801",67% bullish,of 3 ratings,$46.50
ATEC,$0.57,1440706811082,"46,780",100% bullish,of 1 rating,$2
ALTR,$48.62,1440706811160,"2,224,933",80% bearish,of 5 ratings,$54
AMRK,NULL,1440706811348,0,50% bullish,of 2 ratings,$14
AMRN,$2.09,1440706811383,"1,590,636",85% bullish,of 39 ratings,$8
AYA,$20.58,1440706811513,"33,984",100% bearish,of 1 rating,$40
AMAG,$65.78,1440706811541,"400,141",100% bullish,of 2 ratings,$77.50
MDRX,$13.6827,1440706811562,"1,256,773",60% bullish,of 5 ratings,$16
AMBC,$15.8532,1440706811597,"217,118",100% bearish,of 1 rating,$16.50
AIMC,$24.5149,1440706811622,"66,400",100% bearish,of 2 ratings,$28.50
AMZN,$518.37,1440706811694,"3,959,461",81% bullish,of 264 ratings,$646
AMBCW,$7.75,1440706811953,"25,933",100% bearish,of 1 rating,N/A
AMED,$38.98,1440706812037,"180,676",100% bearish,of 1 rating,$42
AMBA,$90.3,1440706812085,"1,897,872",83% bullish,of 12 ratings,$102.50
EPAX,$2.69,1440706812111,"18,600",100% bearish,of 1 rating,N/A
AMCX,$72.8046,1440706812137,"599,921",67% bullish,of 3 ratings,$87.50
DOX,$57.75,1440706812186,"401,467",67% bearish,of 3 ratings,$60
AMDA,$0.4835,1440706812270,"793,529",90% bullish,of 10 ratings,$1
UHAL,$373.05,1440706812447,"12,011",100% bullish,of 2 ratings,$393.50
AGNC,$19.55,1440706812516,"2,120,937",71% bullish,of 28 ratings,$22
AMOV,$18.41,1440706812549,"3,745",100% bearish,of 1 rating,N/A
ASBI,$22.63,1440706812576,"4,537",Not yet rated,NULL,N/A
ATAX,$5.18,1440706812602,"55,519",100% bullish,of 1 rating,$6.50
AGNCB,$24.23,1440706812643,"16,640",Not yet rated,NULL,N/A
AAL,$39.03,1440706812737,"8,551,382",93% bullish,of 88 ratings,$57
AGNCP,$25.25,1440706812765,"4,400",Not yet rated,NULL,N/A
MTGE,$15.56,1440706813003,"296,375",75% bullish,of 4 ratings,$19.50
MTGEP,$24.5,1440706813147,"1,231",Not yet rated,NULL,N/A
AMIC,$10.01,1440706813236,"1,768",Not yet rated,NULL,N/A
ACAS,$13.6322,1440706813272,"1,370,003",60% bullish,of 5 ratings,$16.75
AMNB,$23.22,1440706813339,"8,782",Not yet rated,NULL,$25.50
ACSF,$12.16,1440706813366,"47,653",100% bearish,of 1 rating,$15
AETI,$3.49,1440706813401,"14,169",67% bearish,of 3 ratings,N/A
ANCI,$1.52,1440706813428,350,100% bearish,of 1 rating,N/A
APEI,$21.89,1440706813556,"71,413",100% bearish,of 1 rating,$25.50
ANAT,$100.81,1440706813614,"14,197",100% bullish,of 1 rating,N/A
AMSWA,$8.35,1440706813749,"47,549",100% bearish,of 2 ratings,$10.75
ASEI,$37.98,1440706813790,"34,347",100% bearish,of 1 rating,$52.50
AMRB,$10.06,1440706813879,"1,779",Not yet rated,NULL,$11
ARII,$38.8283,1440706813962,"373,009",67% bearish,of 3 ratings,$45
AMWD,$66.44,1440706814045,"88,439",50% bullish,of 2 ratings,$70
AMSC,$4.51,1440706814176,"166,147",50% bullish,of 4 ratings,N/A
CRMT,$36.12,1440706814210,"43,822",100% bearish,of 1 rating,$39
ABCB,$26.67,1440706814231,"85,076",Not yet rated,NULL,$31
ASRV,$3.3,1440706814260,"1,376",100% bullish,of 2 ratings,N/A
AMSF,$46.85,1440706814317,"49,162",Not yet rated,NULL,$57.50
AMGN,$155.72,1440706814507,"3,296,294",89% bullish,of 19 ratings,$185
ASRVP,NULL,1440706814562,0,Not yet rated,NULL,N/A
FOLD,$14.8352,1440706814612,"864,715",56% bullish,of 9 ratings,$21
ATLO,$24.29,1440706814651,"6,622",Not yet rated,NULL,N/A
AMPH,$13.81,1440706814752,"153,713",50% bullish,of 2 ratings,$20
AMKR,$4.9551,1440706814886,"1,182,327",100% bearish,of 2 ratings,$5
AMSG,$80.39,1440706814911,"263,144",100% bearish,of 1 rating,$85.50
AFSI,$58.7272,1440706814939,"292,481",60% bullish,of 5 ratings,$72
ASYS,$5.4,1440706815116,"44,893",67% bullish,of 3 ratings,$12
AMSGP,$151.88,1440706815148,111,Not yet rated,NULL,N/A
ANAC,$132.7111,1440706815175,"316,800",80% bullish,of 5 ratings,$180.50
AMRS,$1.7,1440706815210,"56,333",70% bullish,of 10 ratings,N/A
ANAD,$0.32,1440706815277,"257,880",100% bullish,of 2 ratings,$.50
ALOG,$78.99,1440706815304,"59,016",100% bearish,of 2 ratings,$100.50
ADI,$56.48,1440706815337,"3,039,961",67% bullish,of 3 ratings,$69
ANCB,$22.1,1440706815695,"1,200",Not yet rated,NULL,$23
AMCF,$0.25,1440706815730,"1,100",100% bullish,of 7 ratings,N/A
ANGI,$5.07,1440706815758,"632,954",64% bullish,of 11 ratings,$5.50
ABCW,$41.29,1440706815790,"11,866",67% bullish,of 3 ratings,N/A
ANGO,$14.58,1440706815826,"120,346",67% bullish,of 3 ratings,$19
ANIK,$35.61,1440706815855,"120,294",60% bullish,of 5 ratings,$51.25
ANSS,$89.808,1440706815881,"273,734",100% bearish,of 1 rating,$100
ANIP,$50.09,1440706815918,"153,137",89% bullish,of 19 ratings,$66
ATRS,$1.7024,1440706816185,"449,605",92% bullish,of 12 ratings,$4.50
APIC,$7.41,1440706816283,"123,446",100% bearish,of 1 rating,$19
ANTH,$7.76,1440706816310,"670,696",80% bullish,of 10 ratings,$13
ABAC,$0.788,1440706816362,"8,241",100% bearish,of 1 rating,N/A
AINV,$6.57,1440706816392,"787,516",50% bullish,of 4 ratings,$8
ATNY,$2.34,1440706816413,"2,800",50% bullish,of 2 ratings,$3.75
APOL,$11.1922,1440706816444,"878,655",87% bearish,of 68 ratings,$14
APOG,$50.76,1440706816581,"138,752",50% bullish,of 2 ratings,$67
AAPL,$112.75,1440706816687,"49,767,135",86% bullish,of 2350 ratings,$150
APPF,$17,1440706816816,"50,686",50% bullish,of 2 ratings,$22
ARCI,NULL,1440706816842,0,Not yet rated,NULL,N/A
APDN,$3.37,1440706816863,"40,036",Not yet rated,NULL,$9
APDNW,$1.24,1440706816891,"5,400",Not yet rated,NULL,N/A
AGTC,$15.9,1440706817026,"72,115",50% bullish,of 2 ratings,$33
AMAT,$15.94,1440706817160,"11,918,312",82% bullish,of 11 ratings,$23
AMCC,$5.66,1440706817181,"519,854",80% bullish,of 5 ratings,$8
AAOI,$20.49,1440706817220,"220,977",50% bullish,of 4 ratings,$26
AREX,$2.05,1440706817260,"866,521",100% bearish,of 1 rating,$3
AQMS,$4.92,1440706817312,"19,383",Not yet rated,NULL,N/A
APRI,$1.27,1440706817339,"46,272",83% bullish,of 6 ratings,$4.86
APTO,$5.08,1440706817364,"9,391",Not yet rated,NULL,$17
AQXP,$17.3199,1440706817627,"352,440",50% bullish,of 2 ratings,$2
AUMA,NULL,1440706817657,0,Not yet rated,NULL,N/A
AUMAU,$10,1440706817705,"8,316",Not yet rated,NULL,N/A
ARDM,NULL,1440706817759,0,100% bullish,of 1 rating,$26
PETX,$17.4374,1440706817846,"221,710",100% bearish,of 2 ratings,$26
ARCW,$3.55,1440706817873,"15,759",100% bearish,of 2 ratings,$10.50
AUMAW,NULL,1440706817893,0,Not yet rated,NULL,N/A
ABUS,$7.27,1440706818024,"321,644",86% bullish,of 14 ratings,$23
RKDA,$6.08,1440706818072,"18,975",100% bearish,of 2 ratings,$10
ARCB,$28.99,1440706818101,"166,965",67% bearish,of 3 ratings,$39.50
ABIO,$0.896,1440706818157,"75,359",50% bullish,of 2 ratings,$3.75
ARDX,$17.63,1440706818298,"99,362",50% bullish,of 2 ratings,$24.50
ACGL,$67.99,1440706818326,"379,637",50% bullish,of 2 ratings,$72
ACAT,$26.07,1440706818352,"118,339",100% bearish,of 3 ratings,$33
ARCC,$15.2861,1440706818509,"1,133,827",67% bearish,of 3 ratings,$17.875
ARNA,$2.65,1440706818538,"2,493,062",90% bullish,of 77 ratings,$5.50
AGII,$55.4954,1440706818643,"111,610",Not yet rated,NULL,$59.50
AGIIL,$25.68,1440706818695,"4,509",Not yet rated,NULL,N/A
ARGS,$6.2,1440706818716,"37,810",50% bullish,of 2 ratings,$19.50
ARIS,$4.02,1440706818796,"60,489",Not yet rated,NULL,$4.50
ARIA,$6.8741,1440706818852,"2,019,396",87% bullish,of 46 ratings,$9
ARMH,$42.72,1440706819244,"2,103,525",54% bearish,of 13 ratings,$61
ARKR,$25.45,1440706819271,204,50% bullish,of 2 ratings,N/A
ARWA,NULL,1440706819434,0,Not yet rated,NULL,N/A
ARWAR,NULL,1440706819461,0,Not yet rated,NULL,N/A
ARTX,$1.45,1440706819483,"68,893",88% bullish,of 16 ratings,$4.50
ARWAU,NULL,1440706819511,0,100% bullish,of 1 rating,N/A
ARWAW,$0.125,1440706819699,"9,610",Not yet rated,NULL,N/A
DWAT,$9.9,1440706819910,"2,900",100% bearish,of 1 rating,N/A
ARRY,$5.83,1440706819941,"987,287",100% bullish,of 7 ratings,$10
ARWR,$5.67,1440706820004,"546,469",75% bullish,of 4 ratings,$10.50
AROW,$27.16,1440706820041,"11,063",Not yet rated,NULL,N/A
ARRS,$26.3353,1440706820068,"626,114",50% bullish,of 2 ratings,$38
ARQL,$1.76,1440706820134,"120,610",75% bullish,of 4 ratings,$5
ASBB,$24.38,1440706820162,103,Not yet rated,NULL,N/A
ARTNA,$22.13,1440706820262,"18,333",100% bearish,of 1 rating,$29
ARTW,$4.29,1440706820351,603,75% bearish,of 4 ratings,N/A
ASND,$20.05,1440706820526,"59,707",100% bullish,of 1 rating,$30
ASNA,$11.6723,1440706820553,"1,744,309",50% bullish,of 2 ratings,$18
APWC,$1.63,1440706820586,"7,363",100% bearish,of 1 rating,N/A
ASTI,$0.1225,1440706820687,"1,628,304",83% bullish,of 6 ratings,$3
ASMI,NULL,1440706820704,0,NULL,NULL,NULL
ASCMA,$26.85,1440706820734,"89,097",100% bearish,of 1 rating,$45
ASML,$92,1440706820754,"968,616",50% bullish,of 4 ratings,$127
AZPN,$37.61,1440706820923,"593,938",50% bullish,of 2 ratings,$42
ASMB,$12.97,1440706821056,"50,102",67% bullish,of 3 ratings,N/A
ASFI,$8.91,1440706821086,"4,215",100% bullish,of 1 rating,N/A
ALOT,$13.97,1440706821115,"1,758",100% bearish,of 1 rating,N/A
ASTE,$36.84,1440706821185,"81,642",100% bearish,of 1 rating,$48
ASTC,$1.99,1440706821251,"24,455",100% bullish,of 5 ratings,N/A
ATRO,$53.6,1440706821287,"112,859",100% bearish,of 2 ratings,$80
ASUR,$5.58,1440706821487,"12,950",50% bullish,of 2 ratings,$8
ATAI,$2.42,1440706821514,"2,222",100% bearish,of 1 rating,N/A
ATRA,$38.7624,1440706821544,"138,401",50% bullish,of 2 ratings,$68
ATHN,$134.56,1440706821650,"217,619",67% bearish,of 3 ratings,$153
AFCB,$27.3,1440706821703,300,Not yet rated,NULL,N/A
AAPC,$10.1,1440706821750,24,Not yet rated,NULL,N/A
ATHX,$1.14,1440706821778,"135,051",89% bullish,of 9 ratings,$5
ACFC,$5.42,1440706821915,"49,556",100% bearish,of 1 rating,$6.50
ATNI,$70.91,1440706821945,"56,568",100% bearish,of 1 rating,$69.50
AAME,$3.57,1440706822043,"3,270",Not yet rated,NULL,N/A
AFH,$16.32,1440706822148,"56,621",Not yet rated,NULL,$21.50
AAWW,$41.18,1440706822173,"319,853",50% bullish,of 2 ratings,$65
ATLC,$3.95,1440706822218,302,67% bullish,of 3 ratings,N/A
ATOS,$0.7375,1440706822376,"82,430",100% bullish,of 7 ratings,$7
ATML,$8.0816,1440706822420,"3,759,719",78% bullish,of 9 ratings,$9.50
ATRC,$25.6793,1440706822482,"196,675",100% bullish,of 1 rating,$30
ATRM,$2.8,1440706822507,"11,305",50% bullish,of 2 ratings,N/A
ATRI,$386.0418,1440706822539,"8,190",Not yet rated,NULL,N/A
ATTU,$13.26,1440706822564,"24,176",100% bearish,of 1 rating,$20.50
AUBN,$26.51,1440706822642,800,Not yet rated,NULL,N/A
LIFE,$15.55,1440706822698,"26,015",86% bullish,of 7 ratings,$43
AUPH,$3.03,1440706822730,"16,550",100% bearish,of 1 rating,$8
EARS,$4.91,1440706822867,"5,396",100% bearish,of 2 ratings,$11.50
AUDC,$3.35,1440706822897,"113,022",80% bullish,of 5 ratings,$5
ADAT,$0.358,1440706822999,"446,415",100% bullish,of 2 ratings,N/A
ABTL,$18.01,1440706823132,"122,024",100% bullish,of 4 ratings,$20.25
ADSK,$45.01,1440706823168,"4,777,302",67% bullish,of 6 ratings,$69.50
AAVL,$10.6839,1440706823302,"263,438",100% bearish,of 1 rating,$20
ADP,$78.03,1440706823323,"2,024,828",100% bearish,of 1 rating,$88
AVGO,$126.6,1440706823355,"5,078,062",88% bullish,of 8 ratings,$165
AVNW,$1.13,1440706823396,"81,019",50% bullish,of 2 ratings,$2.20
AVNU,$12.37,1440706823429,"12,006",Not yet rated,NULL,$14
AVID,$8.0996,1440706823457,"317,417",100% bearish,of 1 rating,$20
AVEO,$1.4,1440706823530,"643,827",75% bullish,of 8 ratings,$3
AVGR,$14.19,1440706823586,"16,548",100% bearish,of 1 rating,$20
CAR,$43.1537,1440706823756,"1,409,742",80% bullish,of 5 ratings,$60
ACLS,$3.15,1440706823781,"430,024",67% bullish,of 6 ratings,$4.75
AWRE,$3.2,1440706823806,"11,992",67% bullish,of 3 ratings,N/A
AXPWW,NULL,1440706823945,0,Not yet rated,NULL,N/A
AXPW,$1.07,1440706824076,"87,679",83% bullish,of 6 ratings,N/A
AXGN,$4.3,1440706824137,"95,044",Not yet rated,NULL,$5
BOSC,$2.24,1440706824211,"5,601",50% bullish,of 2 ratings,N/A
BCOM,$18.39,1440706824239,"1,425",100% bearish,of 1 rating,N/A
RILY,$9.78,1440706824260,600,Not yet rated,NULL,N/A
BEAV,$49.1298,1440706824295,"759,058",67% bearish,of 3 ratings,$59
AXTI,$2.14,1440706824319,"14,777",50% bullish,of 2 ratings,$2.75
BCPC,$57.78,1440706824430,"121,333",100% bearish,of 1 rating,$75
BWINA,NULL,1440706824461,0,Not yet rated,NULL,N/A
BIDU,$152.06,1440706824559,"3,112,511",81% bullish,of 88 ratings,$210
BWINB,$22.97,1440706824655,"8,306",Not yet rated,NULL,N/A
BLDP,$1.24,1440706824748,"356,568",91% bullish,of 22 ratings,$2.50
BANF,$59.93,1440706824850,"11,588",Not yet rated,NULL,$68
BOCH,$5.81,1440706824948,"17,461",Not yet rated,NULL,$6.50
BANFP,NULL,1440706824983,0,Not yet rated,NULL,N/A
BKSC,$16.5,1440706825008,"7,796",Not yet rated,NULL,N/A
BMRC,$48.06,1440706825076,"12,486",Not yet rated,NULL,$52
BKMU,$7.01,1440706825109,"111,973",Not yet rated,NULL,$8
OZRK,$41.6083,1440706825208,"492,864",67% bullish,of 3 ratings,$49.50
BOTJ,$11.1,1440706825235,917,Not yet rated,NULL,N/A
BWFG,$18,1440706825309,"3,002",100% bearish,of 1 rating,N/A
BFIN,$12.04,1440706825439,"24,176",Not yet rated,NULL,$13
BANR,$43.56,1440706825464,"52,691",100% bullish,of 3 ratings,$50
TAPR,$33.03,1440706825597,570,100% bearish,of 1 rating,N/A
BZUN,$5.18,1440706825647,"314,819",50% bullish,of 2 ratings,$11.50
BHAC,$9.81,1440706825683,"2,700",Not yet rated,NULL,N/A
BHACR,NULL,1440706825777,0,Not yet rated,NULL,N/A
BHACU,NULL,1440706825823,0,Not yet rated,NULL,N/A
BBSI,$34.58,1440706825957,"58,299",67% bearish,of 3 ratings,$62.50
BSET,$28.45,1440706826013,"36,129",100% bearish,of 1 rating,$35
BV,$5.05,1440706826058,"390,108",67% bullish,of 6 ratings,$9
BYBK,$4.88,1440706826082,200,100% bearish,of 1 rating,N/A
BYLK,$12.98,1440706826109,505,Not yet rated,NULL,$14
BHACW,$0.135,1440706826139,"2,402",Not yet rated,NULL,N/A
BBCN,$14.31,1440706826317,"305,172",100% bearish,of 1 rating,$16
BCBP,$11.62,1440706826348,505,Not yet rated,NULL,N/A
BDCV,$4.85,1440706826449,"35,589",100% bearish,of 1 rating,$10.19
BECN,$35.28,1440706826517,"345,964",50% bullish,of 2 ratings,$40
BBGI,$4.1616,1440706826593,300,100% bullish,of 1 rating,N/A
BSF,$8.64,1440706826620,"13,099",Not yet rated,NULL,N/A
BEBE,$1.7,1440706826747,"162,598",75% bullish,of 4 ratings,$3.075
BBBY,$62.5,1440706826800,"2,172,889",71% bullish,of 7 ratings,$75
BLPH,$5.09,1440706826855,"13,236",100% bearish,of 1 rating,$12.50
BELFA,NULL,1440706826882,0,100% bearish,of 1 rating,N/A
BLCM,$17.201,1440706826934,"144,501",50% bullish,of 4 ratings,$40
BELFB,$17.77,1440706826962,"32,571",100% bearish,of 1 rating,N/A
BNCL,$12.47,1440706827020,"265,891",100% bullish,of 3 ratings,$12.50
BNTC,$8.25,1440706827122,"28,993",100% bullish,of 1 rating,N/A
BNFT,$34.3662,1440706827188,"123,711",67% bullish,of 3 ratings,$46
BGMD,$0.752,1440706827258,"142,326",100% bullish,of 10 ratings,N/A
BGCP,$8.7609,1440706827390,"1,221,113",88% bullish,of 8 ratings,$14
ORPN,$5.61,1440706827578,"31,350",100% bullish,of 1 rating,$28.50
BGFV,$10.93,1440706827600,"123,908",57% bullish,of 7 ratings,$12
BASI,$1.64,1440706827639,500,Not yet rated,NULL,N/A
BIND,$4.43,1440706827677,"66,563",75% bullish,of 4 ratings,$13.50
BCDA,NULL,1440706827737,0,Not yet rated,NULL,N/A
BCRX,$11.1687,1440706827765,"386,132",63% bullish,of 8 ratings,$18
BIOC,$1.95,1440706827795,"337,605",83% bullish,of 6 ratings,$3.85
BIOD,$0.6692,1440706827898,"83,997",80% bullish,of 5 ratings,$4
BIIB,$304.49,1440706827925,"1,708,747",88% bullish,of 16 ratings,$400
BDSI,$6.6099,1440706827991,"739,092",88% bullish,of 8 ratings,$17
BIOL,$1.43,1440706828127,"30,831",Not yet rated,NULL,N/A
BLFS,$2.02,1440706828183,"17,935",100% bearish,of 1 rating,$4.75
BLRX,$1.36,1440706828236,"75,990",100% bullish,of 12 ratings,$5
BMRN,$130.89,1440706828289,"608,450",80% bullish,of 5 ratings,$160
BVXVW,$0.701,1440706828457,"6,400",100% bearish,of 1 rating,N/A
BRLI,NULL,1440706828484,0,NULL,NULL,NULL
BPTH,$1.07,1440706828528,"46,305",100% bullish,of 2 ratings,$5
BIOS,$2.3286,1440706828553,"809,782",71% bullish,of 7 ratings,$4
BVXV,$3.62,1440706828585,"1,750",Not yet rated,NULL,N/A
BOTA,$2.14,1440706828923,"19,799",88% bullish,of 8 ratings,N/A
BSPM,$0.6789,1440706828952,"12,275",50% bullish,of 2 ratings,N/A
TECH,$96.5193,1440706828979,"219,412",100% bullish,of 1 rating,$117
BBC,$31.07,1440706829007,"9,522",Not yet rated,NULL,N/A
BSTC,$49.5136,1440706829032,"60,740",100% bearish,of 1 rating,$76
BBP,$32.9,1440706829057,"18,809",Not yet rated,NULL,N/A
BEAT,$14.52,1440706829110,"763,184",67% bearish,of 3 ratings,$15
BITI,$16.95,1440706829240,"10,918",100% bullish,of 1 rating,$28
BJRI,$44.39,1440706829650,"214,975",50% bullish,of 2 ratings,$55
BBOX,$14.85,1440706829683,"139,657",100% bearish,of 1 rating,N/A
BDE,$7.4,1440706829785,"165,501",50% bullish,of 2 ratings,$9
BLKB,$57.74,1440706829816,"164,741",100% bearish,of 2 ratings,$66
BBRY,$7.19,1440706829842,"3,893,024",61% bullish,of 330 ratings,$9
BDMS,$12.65,1440706829867,"3,847",100% bearish,of 1 rating,N/A
HAWK,$40.59,1440706829921,"472,754",91% bullish,of 11 ratings,$49
ADRA,$27.3825,1440706830054,398,100% bearish,of 1 rating,N/A
ADRD,$21.88,1440706830087,"11,193",100% bearish,of 1 rating,N/A
BKCC,$9.3427,1440706830186,"461,285",50% bullish,of 2 ratings,$10
ADRU,$21.76,1440706830212,"3,662",100% bearish,of 1 rating,N/A
ADRE,$30.21,1440706830254,"178,659",100% bearish,of 1 rating,N/A
BLMN,$20.1043,1440706830279,"1,005,261",83% bullish,of 6 ratings,$27.50
BCOR,$13.66,1440706830414,"163,150",57% bullish,of 7 ratings,$15
BLBD,$11.8,1440706830444,"25,873",Not yet rated,NULL,N/A
BUFF,$26.05,1440706830465,"147,572",83% bullish,of 12 ratings,$31.50
BPMC,$26.87,1440706830921,"55,396",50% bullish,of 2 ratings,$47.50
BBLU,$0.79,1440706830949,"91,250",100% bullish,of 2 ratings,$4.43
BHBK,$13.82,1440706830970,"61,053",100% bullish,of 1 rating,$14.50
BKEP,$6.24,1440706830999,"26,149",100% bearish,of 1 rating,$8.50
BLUE,$132.3104,1440706831022,"342,623",71% bullish,of 7 ratings,$217.50
BNCN,$20.32,1440706831052,"88,839",Not yet rated,NULL,$24
NILE,$33.61,1440706831073,"128,385",50% bullish,of 2 ratings,$34
BKEPP,$7.6,1440706831204,"5,423",100% bearish,of 1 rating,N/A
BOKF,$61.43,1440706831391,"225,752",100% bearish,of 1 rating,$69
BOFI,$121.5,1440706831424,"156,993",100% bullish,of 6 ratings,$144
WIFI,$7.5,1440706831445,"137,980",50% bullish,of 2 ratings,$13.50
BOBE,$43.65,1440706831474,"129,013",75% bullish,of 4 ratings,$57
BOJA,$21.34,1440706831521,"167,183",100% bullish,of 1 rating,$30
BNSO,$1.2901,1440706831616,"2,500",100% bearish,of 1 rating,N/A
BONA,$11.78,1440706831644,"114,609",75% bullish,of 4 ratings,$8.50
BAMM,$3.18,1440706831772,"9,447",60% bullish,of 5 ratings,N/A
BPFH,$11.79,1440706831800,"408,996",100% bearish,of 1 rating,$14
EPAY,$26.67,1440706831945,"399,488",100% bearish,of 2 ratings,$30
BPFHP,$25.07,1440706831971,"3,550",100% bearish,of 1 rating,N/A
BDBD,$8.1,1440706832064,"623,382",60% bullish,of 5 ratings,$10
BPFHW,NULL,1440706832159,0,100% bearish,of 1 rating,N/A
BBRG,$12.43,1440706832185,"68,193",67% bullish,of 3 ratings,$14.50
BCLI,$2.9,1440706832210,"33,209",80% bullish,of 5 ratings,$12
BBEP,$2.63,1440706832241,"2,028,062",69% bullish,of 13 ratings,$5.625
BBEPP,$13.7,1440706832342,"26,059",100% bearish,of 1 rating,N/A
BLIN,$1.31,1440706832418,"4,390",100% bullish,of 2 ratings,$2.20
BDGE,$26.25,1440706832476,"13,446",Not yet rated,NULL,$31.75
BRCM,$51.69,1440706832672,"5,131,943",75% bullish,of 12 ratings,$56
BRID,$8.8,1440706832697,100,100% bearish,of 1 rating,N/A
BCOV,$5.22,1440706832718,"123,664",67% bullish,of 3 ratings,$10.20
BSFT,$31.2555,1440706832753,"302,878",57% bullish,of 7 ratings,$40.50
BVSN,$6,1440706832848,"48,115",60% bearish,of 5 ratings,N/A
BYFC,NULL,1440706832881,0,50% bullish,of 2 ratings,N/A
BWEN,$3.12,1440706833011,"27,731",100% bullish,of 3 ratings,$8
BRKL,$10.5,1440706833057,"288,912",100% bearish,of 1 rating,$10.75
BRKS,$10.26,1440706833117,"122,023",67% bullish,of 3 ratings,$15.25
BRKR,$18.73,1440706833151,"417,653",100% bearish,of 2 ratings,$22
BRCD,$10.63,1440706833202,"3,267,590",92% bullish,of 13 ratings,$11.50
BMTC,$29.14,1440706833247,"62,757",Not yet rated,NULL,$34
BLMT,$20.67,1440706833272,"8,104",Not yet rated,NULL,N/A
BWLD,$195.6791,1440706833464,"242,842",82% bullish,of 11 ratings,$205
BLDR,$14.1673,1440706833510,"1,043,244",67% bullish,of 3 ratings,$22
BSQR,$6.1278,1440706833541,"49,932",67% bullish,of 3 ratings,N/A
CFFI,$35.04,1440706833649,"1,106",100% bearish,of 1 rating,N/A
CHRW,$67.82,1440706833679,"956,137",Not yet rated,NULL,$72
BUR,$1.83,1440706833727,"6,726",100% bearish,of 1 rating,$8
CA,$27.13,1440706833786,"1,991,929",50% bullish,of 4 ratings,$33
CDNS,$19.944,1440706833919,"1,661,871",75% bullish,of 4 ratings,$22.50
CDZI,$7.71,1440706833947,"60,982",100% bearish,of 1 rating,N/A
CCMP,$43.39,1440706833980,"81,503",50% bullish,of 2 ratings,$59
CZR,$8.64,1440706834008,"2,906,480",60% bearish,of 5 ratings,$10.50
CACQ,$7.29,1440706834139,"71,284",100% bearish,of 1 rating,$12.25
CSTE,$40.62,1440706834209,"412,917",50% bullish,of 2 ratings,$65
PRSS,$4.42,1440706834279,"9,941",80% bullish,of 5 ratings,$4.50
CHI,$10.63,1440706834480,"187,771",100% bearish,of 1 rating,N/A
CHY,$11.39,1440706834511,"225,444",Not yet rated,NULL,N/A
CLBS,$1.36,1440706834532,"159,700",79% bullish,of 14 ratings,$4
CLMS,$10.57,1440706834563,"62,249",Not yet rated,NULL,$10.50
CCD,$18.84,1440706834590,"189,863",Not yet rated,NULL,N/A
CFGE,$10.57,1440706834619,"1,210",Not yet rated,NULL,N/A
CGO,$12.19,1440706834722,"18,843",100% bearish,of 1 rating,N/A
CHW,$7.68,1440706834782,"190,252",100% bearish,of 1 rating,N/A
CVGW,$60.5,1440706834921,"182,796",50% bullish,of 2 ratings,$58.50
CFNB,$13.31,1440706834950,465,100% bearish,of 1 rating,N/A
CSQ,$9.96,1440706834980,"286,773",Not yet rated,NULL,N/A
CAMP,$16.34,1440706835057,"332,799",88% bullish,of 8 ratings,$25
CALA,$5.59,1440706835083,"563,509",100% bullish,of 3 ratings,$19.50
CALD,$15.51,1440706835212,"377,182",100% bearish,of 1 rating,$21
CLMT,$25.61,1440706835306,"233,515",75% bullish,of 8 ratings,$31
ABCD,$5.15,1440706835342,"123,208",83% bullish,of 6 ratings,N/A
CALM,$50.42,1440706835377,"429,067",80% bullish,of 5 ratings,$65
CAMB,$10.05,1440706835442,200,Not yet rated,NULL,N/A
CAMBW,NULL,1440706835471,0,Not yet rated,NULL,N/A
CAMBU,NULL,1440706835500,0,100% bearish,of 1 rating,N/A
CAC,$40.64,1440706835521,"5,166",Not yet rated,NULL,N/A
CSIQ,$18.2501,1440706835720,"1,888,385",86% bullish,of 28 ratings,$42.50
CGIX,$9.74,1440706835801,"45,317",67% bullish,of 3 ratings,$14.375
CAMT,$2.64,1440706835850,"40,687",73% bullish,of 11 ratings,$4
CPLA,$48.03,1440706835983,"125,377",67% bearish,of 3 ratings,$65
CBNJ,$10.85,1440706836014,"16,013",100% bullish,of 1 rating,N/A
CPHC,NULL,1440706836043,0,100% bearish,of 1 rating,N/A
CCBG,$14.77,1440706836116,"9,712",Not yet rated,NULL,$17.25
CPLP,$6.88,1440706836148,"396,312",71% bullish,of 7 ratings,$11
CSWC,$45.75,1440706836170,"7,020",Not yet rated,NULL,N/A
CPTA,$13.91,1440706836200,"38,276",100% bearish,of 1 rating,$18.50
CBF,$29.01,1440706836247,"720,708",Not yet rated,NULL,$32
CFFN,$12.01,1440706836391,"424,455",Not yet rated,NULL,$12.75
CAPNW,$0.6969,1440706836416,100,Not yet rated,NULL,N/A
CAPN,$2.24,1440706836450,"338,326",100% bullish,of 1 rating,$10.85
CPST,$0.371,1440706836595,"513,824",95% bullish,of 22 ratings,$1.25
CAPR,$4.32,1440706836627,"23,464",Not yet rated,NULL,$12
CARB,$11.22,1440706836821,"92,506",75% bullish,of 4 ratings,$12
CARA,$19,1440706836892,"156,070",50% bullish,of 4 ratings,$25
CRDC,$0.3538,1440706836917,"88,404",100% bullish,of 1 rating,$1.25
CFNL,$21.85,1440706836949,"122,490",Not yet rated,NULL,$24
CRME,$8.81,1440706837159,"13,438",89% bullish,of 9 ratings,$11.25
CBYL,$5.09,1440706837185,"60,910",100% bearish,of 1 rating,$20
CSII,$23.5779,1440706837316,"322,311",100% bearish,of 2 ratings,$42.125
CTRE,$11.47,1440706837346,"301,379",50% bullish,of 2 ratings,$13.50
CATM,$34.49,1440706837481,"159,902",100% bearish,of 1 rating,$44
CDNA,$6.95,1440706837510,"5,139",100% bearish,of 1 rating,$9
CECO,$3.51,1440706837531,"290,668",67% bearish,of 3 ratings,$6
CKEC,$23.37,1440706837563,"166,123",50% bullish,of 2 ratings,$35.915
CLBH,$12.75,1440706837662,100,Not yet rated,NULL,$16.50
CARO,$15.5,1440706837752,944,100% bearish,of 1 rating,$19
CART,$5.35,1440706838004,100,100% bearish,of 1 rating,N/A
CRTN,$2.52,1440706838031,"5,363",100% bearish,of 1 rating,N/A
CARV,$7.16,1440706838052,"2,039",50% bullish,of 2 ratings,N/A
CRZO,$32.51,1440706838087,"1,147,937",67% bearish,of 3 ratings,$55.50
CASM,$1.13,1440706838116,"15,133",100% bullish,of 1 rating,$3.50
TAST,$12.53,1440706838189,"426,426",Not yet rated,NULL,$14.25
CSCD,$14.9763,1440706838216,"32,382",100% bullish,of 2 ratings,$17
CACB,$5.28,1440706838361,"39,059",Not yet rated,NULL,$5.50
CASY,$105.7111,1440706838392,"315,274",50% bullish,of 2 ratings,$99.50
CWST,$6.1,1440706838419,"226,638",50% bullish,of 2 ratings,$7.25
CASI,$1.39,1440706838514,"8,556",100% bullish,of 1 rating,$3.50
CATB,$11.93,1440706838560,"12,868",100% bearish,of 1 rating,$28
CPRX,$3.62,1440706838585,"769,861",71% bullish,of 7 ratings,$7
CASS,$48.08,1440706838647,"18,966",100% bearish,of 1 rating,N/A
CATY,$29.4859,1440706838774,"643,119",100% bearish,of 1 rating,$33.50
CATYW,NULL,1440706838874,0,100% bearish,of 1 rating,N/A
CVCO,$70.1369,1440706838899,"28,168",100% bearish,of 1 rating,N/A
CBFV,$20.9399,1440706839031,"4,000",Not yet rated,NULL,$25
CNLM,NULL,1440706839062,0,Not yet rated,NULL,N/A
CAVM,$69.04,1440706839083,"341,204",67% bearish,of 3 ratings,$72
CNLMR,NULL,1440706839103,0,Not yet rated,NULL,N/A
CNLMU,NULL,1440706839234,0,100% bullish,of 1 rating,N/A
CBOE,$63.3927,1440706839270,"385,500",Not yet rated,NULL,$60
CDK,$48.9798,1440706839298,"343,976",67% bearish,of 3 ratings,$50
CNLMW,NULL,1440706839365,0,Not yet rated,NULL,N/A
CECE,$9.48,1440706839510,"115,181",50% bullish,of 2 ratings,$16
CDW,$40.1,1440706839542,"1,016,321",75% bullish,of 4 ratings,$44
CPXX,$2.06,1440706839569,"86,091",100% bullish,of 2 ratings,$7
CELG,$123.04,1440706839640,"3,816,255",92% bullish,of 13 ratings,$155.50
CELGZ,$1.75,1440706839740,"20,100",80% bullish,of 5 ratings,N/A
CLDX,$15.0472,1440706839777,"1,073,135",89% bullish,of 9 ratings,$36
CLDN,$1.07,1440706839838,"131,327",71% bullish,of 7 ratings,$3
CLLS,$32.72,1440706839941,"84,888",75% bullish,of 4 ratings,$51.50
CLRBW,NULL,1440706839983,0,Not yet rated,NULL,N/A
CLRB,$3.09,1440706840043,831,100% bearish,of 1 rating,N/A
CBMG,$22.85,1440706840112,"36,484",50% bullish,of 2 ratings,N/A
CLSN,$1.99,1440706840143,"72,942",80% bullish,of 10 ratings,$7.50
CYAD,$49.01,1440706840243,"3,300",100% bullish,of 1 rating,$87.50
CLTX,$2.23,1440706840336,"531,880",100% bullish,of 2 ratings,N/A
CETX,$2.35,1440706840373,"17,074",Not yet rated,NULL,$5.60
CEMP,$34.5636,1440706840403,"459,430",71% bullish,of 7 ratings,$52
CETV,$2.09,1440706840507,"154,169",67% bullish,of 3 ratings,$2.80
CSFL,$13.63,1440706840538,"134,116",Not yet rated,NULL,$15
CFBK,$1.37,1440706840590,890,Not yet rated,NULL,N/A
CENT,$12.05,1440706840645,"133,053",Not yet rated,NULL,$10
CENTA,$12.45,1440706840774,"226,210",Not yet rated,NULL,N/A
CVCY,$11.25,1440706840799,"2,094",Not yet rated,NULL,$12
CENX,$5.42,1440706840867,"2,798,695",67% bullish,of 6 ratings,$9
CNBKA,$41.87,1440706840892,"1,581",50% bullish,of 2 ratings,N/A
CNTY,$5.75,1440706841029,"33,434",80% bullish,of 5 ratings,$7.75
CPHD,$49.33,1440706841060,"351,887",67% bearish,of 3 ratings,$66.50
CRNT,$1.37,1440706841132,"55,121",50% bullish,of 2 ratings,$2
CERE,$1.17,1440706841160,"174,674",88% bullish,of 8 ratings,N/A
CERU,$3.53,1440706841291,"22,339",75% bullish,of 4 ratings,$15
CERN,$61.44,1440706841332,"1,769,246",67% bullish,of 3 ratings,$79
KOOL,$0.625,1440706841393,"13,556",100% bullish,of 5 ratings,$7
CERS,$4.89,1440706841469,"568,662",75% bullish,of 4 ratings,$7
CEVA,$18.54,1440706841568,"69,674",100% bearish,of 1 rating,$25
CYOU,$20.64,1440706841638,"100,130",50% bullish,of 6 ratings,$24
HOTR,$1.52,1440706841667,"94,353",100% bullish,of 2 ratings,$5
HOTRW,$0.1607,1440706841696,550,Not yet rated,NULL,N/A
GTLS,$23.26,1440706841798,"236,482",50% bullish,of 4 ratings,$40
CTHR,$1.31,1440706841828,"14,874",50% bullish,of 2 ratings,$2.50
CHTR,$180.3426,1440706841930,"567,879",100% bearish,of 2 ratings,$196
CHFN,$12.42,1440706841958,"21,757",Not yet rated,NULL,$14
CHKP,$79.61,1440706842057,"1,005,112",50% bullish,of 4 ratings,$92
CHEK,$2.14,1440706842209,"11,138",Not yet rated,NULL,$7.75
CHEKW,NULL,1440706842283,0,Not yet rated,NULL,N/A
CHFC,$31.08,1440706842347,"72,347",100% bearish,of 1 rating,$36
CEMI,$3.98,1440706842378,"20,076",50% bullish,of 2 ratings,$7.50
CHKE,$25.96,1440706842399,"16,320",100% bearish,of 1 rating,$32.50
CCXI,$6.89,1440706842431,"47,077",67% bullish,of 3 ratings,$14
CHMG,$26.47,1440706842479,102,Not yet rated,NULL,$30
CHMA,$25.92,1440706842610,"63,629",Not yet rated,NULL,$40
CHEV,$14.33,1440706842675,702,Not yet rated,NULL,N/A
CBNK,$16.35,1440706842757,203,100% bearish,of 1 rating,N/A
CADC,$3.03,1440706842785,"5,000",78% bullish,of 9 ratings,N/A
CMRX,$50.5,1440706842810,"252,372",50% bullish,of 2 ratings,$57
PLCE,$59.46,1440706842834,"240,835",100% bearish,of 1 rating,$69
CAAS,$6.38,1440706843050,"35,653",93% bullish,of 14 ratings,$11.50
CALI,$0.86,1440706843076,"2,623",67% bullish,of 3 ratings,N/A
CBAK,$1.92,1440706843151,"17,994",67% bullish,of 9 ratings,N/A
JRJC,$3.54,1440706843223,"190,468",82% bullish,of 11 ratings,N/A
CBPO,$99.3467,1440706843248,"124,593",75% bullish,of 8 ratings,$140.50
CCCL,$0.765,1440706843278,"31,513",100% bullish,of 6 ratings,N/A
CCCR,$0.71,1440706843326,"16,609",67% bearish,of 3 ratings,N/A
CHOP,$1.21,1440706843452,"1,634",50% bullish,of 2 ratings,N/A
CHLN,$2.05,1440706843582,"7,656",67% bullish,of 3 ratings,N/A
HGSH,$1.67,1440706843607,"21,933",67% bullish,of 3 ratings,N/A
CNIT,$1.44,1440706843917,"102,896",67% bullish,of 6 ratings,N/A
HTHT,$26.02,1440706843989,"111,693",50% bullish,of 2 ratings,$28.40
CJJD,$1.84,1440706844019,"41,684",100% bullish,of 1 rating,N/A
CREG,$0.7,1440706844055,"33,099",100% bullish,of 3 ratings,N/A
CHNR,$1.68,1440706844129,"1,316",100% bearish,of 1 rating,N/A
CPGI,$6.83,1440706844154,"1,044",Not yet rated,NULL,N/A
CSUN,$1.42,1440706844175,"30,929",80% bullish,of 5 ratings,N/A
CXDC,$5.81,1440706844335,"54,864",67% bearish,of 3 ratings,N/A
CNTF,$0.845,1440706844432,"116,574",Not yet rated,NULL,N/A
CNYD,$3.52,1440706844460,"35,686",67% bullish,of 3 ratings,N/A
CCIH,$6.47,1440706844492,"234,260",67% bullish,of 6 ratings,$12.65
CNET,$0.8699,1440706844522,"200,546",50% bullish,of 2 ratings,N/A
IMOS,$16.9627,1440706844590,"260,039",60% bullish,of 5 ratings,$21.50
CHSCM,$26.1,1440706844665,"19,610",Not yet rated,NULL,N/A
CHSCL,$26.95,1440706844692,"12,277",Not yet rated,NULL,N/A
CHSCN,$27.07,1440706844851,"7,851",Not yet rated,NULL,N/A
CHSCO,$28.21,1440706845048,"9,556",Not yet rated,NULL,N/A
CMCT,$15.82,1440706845104,544,100% bearish,of 1 rating,N/A
CHSCP,$30.7,1440706845128,"8,106",Not yet rated,NULL,N/A
CHDN,$133.53,1440706845157,"33,844",Not yet rated,NULL,$165
CHUY,$30.735,1440706845212,"177,680",50% bullish,of 2 ratings,$34
CDTX,$14.44,1440706845233,"15,571",Not yet rated,NULL,$22
CIFC,$7.2,1440706845254,"3,368",100% bearish,of 1 rating,N/A
CMPR,$69.5284,1440706845288,"275,075",50% bullish,of 2 ratings,$72.50
CTAS,$85.5,1440706845559,"395,420",100% bearish,of 1 rating,$91
CPHR,$5.57,1440706845586,"7,861",100% bearish,of 1 rating,$17
CRUS,$30.14,1440706845607,"1,079,399",75% bullish,of 12 ratings,$44.50
CIDM,$0.5601,1440706845641,"142,989",50% bullish,of 2 ratings,$2.10
CINF,$53.18,1440706845667,"617,331",50% bullish,of 4 ratings,$50.50
CSCO,$26.17,1440706845750,"24,284,365",84% bullish,of 209 ratings,$32
CZFC,$12.68,1440706845988,900,Not yet rated,NULL,N/A
CZNC,$19.76,1440706846015,"13,815",Not yet rated,NULL,N/A
CTXS,$69.59,1440706846043,"1,209,800",86% bullish,of 7 ratings,$80
CZWI,$8.95,1440706846076,218,Not yet rated,NULL,N/A
CHCO,$47.26,1440706846112,"49,255",Not yet rated,NULL,$46
CIZN,$19.47,1440706846132,372,Not yet rated,NULL,N/A
CTRN,$26.6939,1440706846173,"66,498",100% bearish,of 1 rating,$31.50
CIVB,$10.155,1440706846202,"2,338",Not yet rated,NULL,$11
CIVBP,NULL,1440706846415,0,Not yet rated,NULL,N/A
CLNE,$4.9,1440706846516,"1,265,938",80% bullish,of 15 ratings,$9
CDTI,$1.59,1440706846592,"127,149",75% bullish,of 4 ratings,$3.20
CLNT,$1.36,1440706846619,"13,661",75% bullish,of 8 ratings,N/A
CLRO,$11.46,1440706846748,"6,625",50% bullish,of 2 ratings,$14.25
CBLI,$3.75,1440706846776,"17,413",60% bullish,of 5 ratings,N/A
CLFD,$16.81,1440706846803,"39,253",67% bullish,of 3 ratings,$18
CLIR,$4.45,1440706846837,"72,795",100% bullish,of 3 ratings,N/A
CSBK,$13.62,1440706846906,"74,805",Not yet rated,NULL,N/A
CLVS,$75.2803,1440706846934,"360,796",60% bullish,of 5 ratings,$101.50
CME,$93.77,1440706847067,"1,135,130",67% bullish,of 3 ratings,$102
CMFN,$11.72,1440706847099,"45,047",100% bearish,of 1 rating,$15.50
CISG,$7.79,1440706847165,"64,104",100% bullish,of 5 ratings,$10
CNV,$4.42,1440706847294,"60,373",50% bullish,of 2 ratings,$7.15
CCNE,$16.7,1440706847344,"10,188",50% bullish,of 2 ratings,$21.50
CWAY,$11.19,1440706847393,"3,752",Not yet rated,NULL,N/A
CDXS,$3.61,1440706847527,"27,892",64% bullish,of 11 ratings,$6
COBZ,$12.79,1440706847561,"49,095",100% bullish,of 1 rating,$14
COKE,$157.246,1440706847582,"20,923",79% bullish,of 19 ratings,N/A
CVLY,$20.53,1440706847612,"1,027",Not yet rated,NULL,N/A
CDRB,$12.88,1440706847659,"5,871",67% bullish,of 3 ratings,N/A
JVA,$4.64,1440706847743,"17,538",83% bullish,of 6 ratings,$7
CGNT,$1.5,1440706847812,"24,027",100% bullish,of 2 ratings,$2
CCOI,$27.35,1440706847875,"490,147",50% bullish,of 4 ratings,$35
CGNX,$35.117,1440706847946,"527,153",50% bullish,of 2 ratings,$47
CTSH,$63.8,1440706848019,"2,792,798",90% bullish,of 10 ratings,$75
COHR,$57.02,1440706848079,"83,642",50% bullish,of 2 ratings,$72
CHRS,$28.54,1440706848214,"155,375",67% bearish,of 3 ratings,$37
COHU,$9.43,1440706848276,"105,356",100% bearish,of 1 rating,$14.25
CLCT,$18.5,1440706848317,"18,081",100% bearish,of 1 rating,N/A
COLL,$15.27,1440706848476,"37,295",100% bearish,of 1 rating,$26
CIGI,$43.21,1440706848507,"5,801",100% bearish,of 1 rating,$52
CLCD,$6.35,1440706848531,"26,214",100% bearish,of 1 rating,$20.50
CLRX,$0.554,1440706848552,"38,505",50% bullish,of 2 ratings,N/A
CBAN,$9,1440706848573,"1,100",Not yet rated,NULL,N/A
COLB,$30.05,1440706848642,"213,729",Not yet rated,NULL,$36
COLM,$61.65,1440706848943,"93,666",100% bearish,of 1 rating,$71
CBMX,$1.09,1440706848969,"10,537",83% bullish,of 6 ratings,$3.15
CMCO,$18.38,1440706849105,"64,433",60% bullish,of 5 ratings,$28
CMCSA,$56.77,1440706849131,"9,419,744",66% bullish,of 35 ratings,$69.50
CMCSK,$57.4,1440706849208,"2,492,387",Not yet rated,NULL,$84
CVGI,$4.88,1440706849265,"66,431",50% bullish,of 2 ratings,$6
CBSHP,$24.52,1440706849293,822,100% bearish,of 1 rating,N/A
CUBN,NULL,1440706849313,0,Not yet rated,NULL,N/A
CBSH,$44.7089,1440706849350,"228,491",50% bullish,of 2 ratings,$46
CSAL,$20.6841,1440706849447,"367,499",75% bullish,of 4 ratings,$30
JCS,$9.08,1440706849476,205,67% bullish,of 3 ratings,N/A
COMM,$30.73,1440706849509,"883,625",67% bearish,of 3 ratings,$35
CYHHZ,$0.01,1440706849613,"28,172",100% bullish,of 1 rating,N/A
CTBI,$34.61,1440706849637,"29,397",Not yet rated,NULL,$36
ESXB,$5.1,1440706849662,"1,421",Not yet rated,NULL,N/A
CWBC,$6.79,1440706849832,"5,104",Not yet rated,NULL,N/A
CVLT,$35.9972,1440706849969,"418,352",75% bullish,of 4 ratings,$44.50
CIZ,$33.47,1440706850030,"4,278",100% bearish,of 1 rating,N/A
CID,$33.74,1440706850110,300,Not yet rated,NULL,N/A
COB,$10.31,1440706850142,"14,617",100% bullish,of 1 rating,$11.75
CSF,$36.21,1440706850171,"4,205",100% bearish,of 1 rating,N/A
CIL,$33.87,1440706850197,900,Not yet rated,NULL,N/A
CDC,$34.8,1440706850218,"15,134",Not yet rated,NULL,N/A
CSA,NULL,1440706850250,0,Not yet rated,NULL,N/A
CFO,$35.3,1440706850491,"14,239",100% bearish,of 1 rating,N/A
CFA,$35.71,1440706850544,"15,307",100% bearish,of 1 rating,N/A
CSB,NULL,1440706850585,0,Not yet rated,NULL,N/A
CGEN,$4.88,1440706850614,"86,381",50% bullish,of 2 ratings,$11
CDL,NULL,1440706850639,0,Not yet rated,NULL,N/A
CTG,$6.74,1440706850684,"38,772",100% bearish,of 1 rating,$8.50
CPSI,$45.23,1440706850711,"55,896",100% bearish,of 1 rating,$45.50
CHCI,$0.7201,1440706850968,"6,679",50% bullish,of 2 ratings,N/A
CMTL,$25.29,1440706850997,"86,209",100% bearish,of 2 ratings,$37
CNAT,$3.68,1440706851023,"74,456",83% bullish,of 6 ratings,$13
SCOR,$53.74,1440706851053,"239,774",100% bearish,of 1 rating,$66
CNSI,$18.7987,1440706851153,"72,424",100% bearish,of 2 ratings,$29
CXRX,$72.8,1440706851180,"3,800",100% bearish,of 1 rating,$90
CNCE,$15.4975,1440706851211,"137,978",75% bullish,of 4 ratings,$22
CDOR,$1.32,1440706851506,"2,790",100% bullish,of 1 rating,N/A
CDORO,$17,1440706851569,324,100% bearish,of 1 rating,N/A
CNFR,$10.49,1440706851596,"1,724",Not yet rated,NULL,N/A
CCUR,$4.68,1440706851624,"39,097",75% bullish,of 4 ratings,N/A
CFMS,$19.24,1440706851682,"162,463",Not yet rated,NULL,$27
CNMD,$53.23,1440706851703,"123,787",Not yet rated,NULL,$59
CDORP,NULL,1440706851723,0,100% bearish,of 1 rating,N/A
CNOB,$19.52,1440706851786,"63,803",100% bullish,of 1 rating,$23.50
CTWS,$34.5,1440706851919,"23,526",100% bearish,of 1 rating,$44
CNXR,$6.61,1440706851991,"260,883",100% bearish,of 1 rating,$12
CWCO,$10.39,1440706852024,"65,578",67% bullish,of 3 ratings,$14.50
CONN,$30.3753,1440706852044,"374,146",67% bullish,of 3 ratings,$48.50
CNSL,$19.37,1440706852123,"234,291",100% bearish,of 1 rating,$23
CTCT,$24.4,1440706852255,"169,300",67% bullish,of 3 ratings,$37
CPSS,$5.73,1440706852390,"48,202",100% bullish,of 1 rating,$10
CFRXZ,$0.5,1440706852416,"9,700",Not yet rated,NULL,N/A
CTRV,$3.77,1440706852456,"5,545",Not yet rated,NULL,$6.40
CFRX,$5.02,1440706852493,"16,064",Not yet rated,NULL,$14
CTRL,$8.0811,1440706852544,"131,311",50% bullish,of 2 ratings,$11
CFRXW,$1.74,1440706852587,"1,829",100% bearish,of 1 rating,N/A
CPRT,$34.7269,1440706852616,"265,195",67% bearish,of 3 ratings,$40
CRBP,$1.93,1440706852643,"328,772",100% bullish,of 2 ratings,$6.25
CORT,$5.07,1440706852880,"278,500",67% bullish,of 3 ratings,$12
BVA,NULL,1440706852905,0,50% bullish,of 2 ratings,N/A
CORE,$59.24,1440706852934,"123,578",100% bearish,of 1 rating,$72
CSOD,$36.02,1440706853045,"724,831",50% bullish,of 2 ratings,$42
CRVL,$31.29,1440706853178,"29,211",100% bearish,of 1 rating,N/A
CORI,$10.72,1440706853211,"59,544",100% bearish,of 1 rating,$18
COSI,$1.2,1440706853243,"141,913",100% bullish,of 1 rating,N/A
CPAH,$0.47,1440706853276,"4,029",50% bullish,of 2 ratings,N/A
CSGP,$178.9464,1440706853303,"87,629",50% bullish,of 2 ratings,$235
COST,$140.21,1440706853332,"1,609,593",79% bullish,of 24 ratings,$154.50
ICBK,$18.54,1440706853359,500,Not yet rated,NULL,$21
CVTI,$22.9721,1440706853491,"96,806",67% bearish,of 3 ratings,$39
COWNL,NULL,1440706853622,0,Not yet rated,NULL,N/A
COWN,$5.0554,1440706853647,"1,408,138",75% bullish,of 4 ratings,$7
COVS,$2.61,1440706853676,"107,167",67% bullish,of 3 ratings,N/A
CPSH,$2.24,1440706853779,"2,300",Not yet rated,NULL,N/A
CBRL,$146.3693,1440706853938,"207,850",50% bullish,of 2 ratings,$155
CRAI,$21.45,1440706853963,"35,570",100% bearish,of 1 rating,$36
CRAY,$20.39,1440706854770,"276,137",83% bullish,of 6 ratings,$38.50
GLDI,$10.95,1440706854797,"12,167",100% bearish,of 1 rating,N/A
BREW,$7.56,1440706854833,"29,469",67% bullish,of 6 ratings,$15
SLVO,$9.95,1440706854934,"15,623",100% bearish,of 1 rating,N/A
CREE,$26.9354,1440706854956,"916,871",65% bullish,of 17 ratings,$29.50
CRESY,$10.38,1440706854988,"29,451",100% bearish,of 1 rating,$19
CACC,$197.87,1440706855037,"67,811",50% bullish,of 2 ratings,$158.50
CRTO,$43.6,1440706855087,"251,333",67% bullish,of 6 ratings,$64
CROX,$14.15,1440706855246,"976,382",63% bullish,of 8 ratings,$16.50
CCRN,$13.93,1440706855303,"183,235",100% bearish,of 1 rating,$14.25
CRWS,$8.1,1440706855444,"7,063",Not yet rated,NULL,$10
CRDS,$1,1440706855484,"70,940",75% bullish,of 4 ratings,$4.50
CRWN,$4.45,1440706855513,"59,033",75% bullish,of 4 ratings,N/A
CYRXW,$0.869,1440706855540,"2,900",Not yet rated,NULL,N/A
CYRX,$2.87,1440706855573,"19,771",Not yet rated,NULL,$9
CCLP,$14.25,1440706855611,"61,950",67% bearish,of 3 ratings,$20
CSPI,$5.74,1440706855708,"16,462",67% bullish,of 3 ratings,N/A
CSGS,$30.46,1440706855733,"155,758",Not yet rated,NULL,$40
CTCM,$1.75,1440706855810,"219,058",80% bearish,of 5 ratings,$3.90
CTIB,$3.55,1440706855967,"3,399",100% bearish,of 1 rating,N/A
CTIC,$1.57,1440706855999,"1,085,653",84% bullish,of 76 ratings,$5.75
CTRP,$70,1440706856020,"1,853,106",75% bullish,of 8 ratings,$92
CUI,$4.92,1440706856096,"13,678",50% bullish,of 2 ratings,$10
CPIX,$6.01,1440706856179,"3,300",Not yet rated,NULL,N/A
CUNB,$21.07,1440706856206,"18,215",Not yet rated,NULL,$24.50
CMLS,$1.45,1440706856348,"324,957",50% bullish,of 4 ratings,$6
CUTR,$14.33,1440706856422,"57,021",67% bearish,of 3 ratings,$18
CRIS,$2.47,1440706856449,"377,642",100% bullish,of 8 ratings,$6
CVV,$10.79,1440706856481,"4,524",100% bullish,of 5 ratings,N/A
CVBF,$16,1440706856506,"433,560",Not yet rated,NULL,$18
CYBR,$50.77,1440706856585,"1,084,314",75% bullish,of 8 ratings,$66
CYAN,$7.5,1440706856661,"8,402",100% bearish,of 1 rating,N/A
CYBE,$6.2,1440706856797,"17,455",100% bearish,of 1 rating,N/A
CYBX,$66.81,1440706856823,"281,852",50% bullish,of 4 ratings,$71.50
CYCC,$0.5201,1440706856878,"20,047",73% bullish,of 11 ratings,N/A
CYCCP,NULL,1440706856904,0,100% bearish,of 1 rating,N/A
CBAY,$2.56,1440706856958,"35,570",100% bullish,of 1 rating,$4
CYNA,$16.15,1440706856986,"17,169",100% bullish,of 1 rating,$31.50
CYNO,$31.41,1440706857186,"321,990",67% bearish,of 3 ratings,$45.50
CY,$9.882,1440706857258,"4,162,029",80% bullish,of 10 ratings,$15.50
CYRN,$1.72,1440706857285,"24,475",67% bullish,of 3 ratings,$4
CONE,$32.18,1440706857312,"362,022",67% bearish,of 3 ratings,$35.50
CYTX,$0.29,1440706857455,"2,094,465",83% bullish,of 12 ratings,$5.50
CYTK,$6.7733,1440706857484,"132,764",71% bullish,of 14 ratings,$13.50
CYTR,$2.29,1440706857509,"436,372",67% bullish,of 6 ratings,$10
CTSO,$6.34,1440706857545,"38,386",Not yet rated,NULL,$15.625
DAEG,$0.36,1440706857679,696,100% bearish,of 1 rating,N/A
TVIX,$12.7,1440706857729,"16,207,885",81% bullish,of 16 ratings,N/A
XIV,$27.75,1440706857832,"25,766,136",75% bearish,of 4 ratings,N/A
ZIV,$41.81,1440706857856,"247,971",Not yet rated,NULL,N/A
TVIZ,$18.1,1440706857892,"7,542",100% bearish,of 1 rating,N/A
DAKT,$8.53,1440706858058,"463,233",50% bullish,of 2 ratings,$14
DARA,$0.8401,1440706858087,"51,090",83% bullish,of 6 ratings,$1.50
DJCO,$194.69,1440706858107,974,Not yet rated,NULL,N/A
DAIO,$2.58,1440706858135,"1,277",Not yet rated,NULL,N/A
DRAM,$1.22,1440706858310,"29,128",78% bullish,of 9 ratings,N/A
DTEA,$12.72,1440706858476,"36,649",100% bearish,of 2 ratings,$24
DWSN,$4.25,1440706858528,"32,519",67% bullish,of 3 ratings,N/A
PLAY,$34.7978,1440706858558,"349,684",100% bullish,of 5 ratings,$42
DTLK,$5.76,1440706858579,"65,066",100% bearish,of 1 rating,$9
DBVT,$41.33,1440706858611,"133,858",100% bearish,of 1 rating,$53
DWCH,$5.1,1440706858636,"33,104",75% bullish,of 4 ratings,$8.25
TRAK,$62.89,1440706858661,"325,418",50% bullish,of 2 ratings,$62.50
DHRM,$1.5,1440706858813,"25,021",Not yet rated,NULL,N/A
TACOW,$4.03,1440706858914,"16,422",100% bullish,of 1 rating,N/A
DFRG,$14.4239,1440706858940,"92,716",100% bearish,of 1 rating,$20
DCTH,$0.41,1440706859025,"115,579",78% bullish,of 9 ratings,N/A
DGAS,$20.16,1440706859071,"11,092",67% bearish,of 3 ratings,N/A
TACO,$13.11,1440706859131,"111,448",75% bullish,of 4 ratings,$20
DELT,$2.68,1440706859202,"4,200",Not yet rated,NULL,N/A
DELTW,NULL,1440706859268,0,Not yet rated,NULL,N/A
DENN,$11.5055,1440706859363,"592,204",100% bullish,of 3 ratings,$15
DEPO,$28.8,1440706859464,"586,364",60% bullish,of 5 ratings,$29
XRAY,$53.26,1440706859493,"482,538",100% bullish,of 1 rating,$58
DEST,$11.33,1440706859569,"93,099",50% bullish,of 2 ratings,N/A
DSCI,$5.91,1440706859601,"54,893",50% bullish,of 2 ratings,$16
DERM,$26.33,1440706859645,"84,858",100% bearish,of 1 rating,$33.50
DXLG,$5.31,1440706859672,"212,335",100% bearish,of 1 rating,$8
DSWL,$1.73,1440706859700,660,100% bullish,of 1 rating,N/A
DXM,$0.2418,1440706859828,"295,232",50% bullish,of 2 ratings,N/A
DXCM,$93.74,1440706859969,"652,375",57% bullish,of 7 ratings,$98
DMND,$28.99,1440706860102,"312,630",75% bullish,of 12 ratings,$32
DHXM,NULL,1440706860132,0,Not yet rated,NULL,N/A
FANG,$65.7,1440706860158,"796,011",50% bullish,of 2 ratings,$86.50
DRNA,$10.3928,1440706860185,"60,889",67% bearish,of 3 ratings,$25
DCIX,$1.65,1440706860211,"99,048",50% bullish,of 4 ratings,$3.50
DHIL,$193.7,1440706860232,"5,785",Not yet rated,NULL,N/A
DGII,$9.87,1440706860385,"116,737",100% bearish,of 1 rating,$10
DMRC,$34.6231,1440706860485,"37,087",100% bearish,of 1 rating,$44
DGLY,$8.11,1440706860522,"196,714",50% bullish,of 6 ratings,$20
DCOM,$16.83,1440706860563,"154,621",100% bearish,of 2 ratings,$16.50
APPS,$2.35,1440706860619,"100,383",100% bearish,of 1 rating,$10.25
DRAD,$3.67,1440706860647,"18,312",100% bullish,of 1 rating,$5.25
DIOD,$20.09,1440706860703,"135,471",75% bearish,of 4 ratings,$24
DPRX,$13.18,1440706860916,"7,027",100% bullish,of 2 ratings,$27.75
DISCA,$26.91,1440706860975,"1,821,173",67% bullish,of 3 ratings,$34
DISCB,$27.0801,1440706861004,200,100% bearish,of 1 rating,$35
DSCO,$0.3725,1440706861030,"241,035",83% bullish,of 6 ratings,$2.75
DISH,$59.1246,1440706861105,"1,251,035",69% bullish,of 13 ratings,$73
BAGR,$2.79,1440706861159,"26,491",100% bearish,of 1 rating,$6
DVCR,$10.8,1440706861208,"4,724",100% bullish,of 1 rating,N/A
DISCK,$25.32,1440706861234,"1,429,317",100% bearish,of 1 rating,$32
DLHC,$2.47,1440706861394,"2,234",100% bearish,of 1 rating,N/A
DGICA,$14.43,1440706861467,"12,987",100% bearish,of 1 rating,$17
DNBF,$26.3,1440706861525,300,Not yet rated,NULL,$27.50
DLTR,$76.79,1440706861550,"3,389,136",82% bullish,of 11 ratings,$88
DGICB,NULL,1440706861596,0,100% bearish,of 1 rating,N/A
DMLP,$14.45,1440706861687,"40,853",100% bearish,of 1 rating,N/A
DORM,$50.81,1440706861715,"116,702",100% bearish,of 1 rating,$56
HILL,$9.67,1440706861818,"845,350",60% bearish,of 5 ratings,$9.75
DRWI,$0.22,1440706861963,"89,926",60% bullish,of 5 ratings,$.45
DRYS,$0.45,1440706861993,"5,935,696",77% bullish,of 31 ratings,$.60
DRWIW,$0.049,1440706862022,800,Not yet rated,NULL,N/A
DWA,$20.3241,1440706862043,"772,366",63% bullish,of 8 ratings,$26
DSKX,$3.05,1440706862123,"123,297",100% bullish,of 1 rating,N/A
DSPG,$8.61,1440706862216,"86,956",100% bearish,of 1 rating,$13.50
CADTR,$0.2,1440706862351,"10,800",Not yet rated,NULL,N/A
CADT,NULL,1440706862382,0,Not yet rated,NULL,N/A
CADTW,NULL,1440706862455,0,Not yet rated,NULL,N/A
CADTU,NULL,1440706862484,0,Not yet rated,NULL,N/A
DTSI,$26.59,1440706862505,"65,871",100% bearish,of 2 ratings,$39.50
DNKN,$51.5403,1440706862717,"699,874",67% bullish,of 15 ratings,$56.50
DRRX,$2.02,1440706862933,"169,381",50% bullish,of 6 ratings,$3
BOOM,$9.71,1440706862980,"80,692",67% bullish,of 3 ratings,$12
DYAX,$23.8223,1440706863007,"717,499",89% bullish,of 9 ratings,$30
DYSL,$1.47,1440706863037,"59,325",100% bullish,of 2 ratings,N/A
DXPE,$26.32,1440706863067,"347,100",50% bullish,of 2 ratings,N/A
DYNT,$3,1440706863093,"11,447",75% bullish,of 4 ratings,N/A
ETFC,$26.59,1440706863136,"3,168,398",57% bullish,of 14 ratings,$32.50
DVAX,$28.45,1440706863163,"310,401",70% bullish,of 10 ratings,$40
EGBN,$41.839,1440706863414,"126,965",Not yet rated,NULL,$48
EGLE,$6.69,1440706863439,"19,237",60% bullish,of 5 ratings,N/A
EROC,$1.39,1440706863464,"387,059",50% bullish,of 2 ratings,$3
EBMT,$11.5,1440706863489,"2,802",Not yet rated,NULL,$13.50
EGRX,$81.64,1440706863510,"278,134",67% bullish,of 3 ratings,$97
ELNK,$8.42,1440706863642,"526,549",60% bullish,of 5 ratings,$9.50
EWBC,$40.158,1440706863719,"776,394",100% bearish,of 1 rating,$50
EML,$16.57,1440706863798,"2,222",Not yet rated,NULL,N/A
EBIX,$28.08,1440706863870,"277,354",69% bullish,of 13 ratings,$40
EBAY,$27.1,1440706863901,"10,015,545",81% bullish,of 117 ratings,$48
EVBS,$6.545,1440706863922,"1,300",Not yet rated,NULL,$7
EACQU,NULL,1440706863951,0,Not yet rated,NULL,N/A
ELON,$0.5401,1440706863978,"46,429",50% bullish,of 2 ratings,N/A
ECHO,$23.19,1440706864191,"536,861",67% bearish,of 3 ratings,$35.50
SATS,$44.62,1440706864256,"61,113",50% bullish,of 2 ratings,$60
ECACU,$10.06,1440706864280,200,Not yet rated,NULL,N/A
EEI,$10.96,1440706864305,"11,246",67% bearish,of 3 ratings,N/A
ECTE,$1.53,1440706864355,"1,734",75% bullish,of 4 ratings,N/A
ESES,$3.41,1440706864484,"1,800",100% bearish,of 1 rating,$7
EDAP,$3.59,1440706864627,"117,651",60% bullish,of 5 ratings,$4.50
EDUC,$5.24,1440706864662,"9,180",100% bearish,of 1 rating,N/A
EDGW,$6.99,1440706864690,"9,580",100% bearish,of 1 rating,N/A
EFUT,$4.32,1440706864759,"3,197",Not yet rated,NULL,N/A
EGAN,$3.5,1440706864788,"1,093,761",50% bullish,of 2 ratings,$6.25
EGLT,$10.4,1440706864817,"25,593",50% bullish,of 2 ratings,$21
EHTH,$14.1,1440706864842,"90,130",50% bullish,of 4 ratings,$16.50
LOCO,$12.4771,1440706864975,"681,522",69% bullish,of 13 ratings,$20
EMITF,$1.25,1440706865107,"11,794",75% bullish,of 4 ratings,N/A
ESLT,$77.06,1440706865148,"5,613",67% bullish,of 3 ratings,N/A
ERI,$9.5,1440706865251,"98,953",100% bearish,of 1 rating,$10
ELRC,$10.42,1440706865318,"32,024",100% bearish,of 1 rating,N/A
ESIO,$4.4,1440706865352,"86,801",50% bullish,of 2 ratings,$10
ELSE,$4.01,1440706865455,"2,647",60% bullish,of 5 ratings,N/A
ELEC,NULL,1440706865506,0,Not yet rated,NULL,N/A
ELECU,NULL,1440706865529,0,Not yet rated,NULL,N/A
EA,$67.16,1440706865555,"1,831,396",77% bullish,of 35 ratings,$80
EFII,$44.08,1440706865583,"231,687",80% bullish,of 5 ratings,$55
ELECW,NULL,1440706865681,0,Not yet rated,NULL,N/A
EBIO,$3.63,1440706865754,"450,270",100% bearish,of 2 ratings,$8.35
ESBK,$19.79,1440706865826,600,Not yet rated,NULL,N/A
CAPX,$22.83,1440706865856,"6,100",Not yet rated,NULL,N/A
RDEN,$10.58,1440706865877,"57,875",100% bearish,of 4 ratings,$15
LONG,$17,1440706866007,"40,213",67% bullish,of 3 ratings,$15.75
ELTK,$1.24,1440706866184,"93,989",67% bearish,of 3 ratings,N/A
EMKR,$6.87,1440706866210,"88,360",75% bullish,of 4 ratings,$8.50
EMMS,$1.13,1440706866247,"49,767",83% bullish,of 6 ratings,N/A
EMCI,$22.95,1440706866341,"22,722",Not yet rated,NULL,N/A
ENTA,$42.03,1440706866370,"151,276",50% bullish,of 2 ratings,$42
EMCF,$23.2999,1440706866400,300,100% bearish,of 1 rating,N/A
NYNY,$4.25,1440706866425,"29,146",50% bullish,of 2 ratings,N/A
ERS,$2.77,1440706866472,"2,500",Not yet rated,NULL,N/A
EMMSP,NULL,1440706866690,0,100% bearish,of 1 rating,N/A
ENDP,$79,1440706866744,"956,336",50% bullish,of 6 ratings,$104
WIRE,$31.2,1440706866773,"96,436",100% bearish,of 1 rating,$37
ECPG,$39.26,1440706866830,"147,231",100% bullish,of 2 ratings,$52
ELGX,$12.8525,1440706866874,"429,207",75% bullish,of 4 ratings,$17
ECYT,$5.19,1440706866901,"153,096",83% bullish,of 6 ratings,$12
EIGI,$15.54,1440706866959,"305,979",67% bearish,of 3 ratings,$22.50
EXXI,$1.71,1440706867096,"2,070,214",86% bullish,of 7 ratings,$3.50
WATT,$6.5,1440706867127,"97,236",50% bullish,of 2 ratings,$13
ERII,$2.68,1440706867194,"30,825",80% bullish,of 5 ratings,$2.50
ENOC,$8.33,1440706867226,"277,399",75% bullish,of 4 ratings,$18
EFOI,$19.57,1440706867295,"1,467,290",50% bullish,of 2 ratings,$20.50
ENG,$1.02,1440706867320,"20,370",100% bullish,of 3 ratings,N/A
ENPH,$4.63,1440706867373,"438,846",75% bullish,of 4 ratings,$11
ESGR,$145.85,1440706867506,"38,382",100% bearish,of 1 rating,$185
ENFC,$17.91,1440706867560,"1,604",Not yet rated,NULL,N/A
ENTG,$13.68,1440706867709,"512,025",100% bearish,of 1 rating,$18
ENTL,$21.9017,1440706867734,"13,438",Not yet rated,NULL,$28
EFSC,$23.6,1440706867809,"47,052",Not yet rated,NULL,$27
ETRM,$0.2698,1440706867866,"857,019",69% bearish,of 35 ratings,$1.625
EGT,$2.24,1440706867892,906,100% bullish,of 1 rating,N/A
EBTC,$21.92,1440706867913,"5,982",Not yet rated,NULL,N/A
ENZN,$1.06,1440706868087,"515,108",100% bullish,of 9 ratings,N/A
ENVI,$1.84,1440706868117,"47,860",67% bullish,of 3 ratings,N/A
EPIQ,$13.02,1440706868191,"75,808",100% bearish,of 1 rating,$18
ENZY,$9.14,1440706868217,"5,779",67% bullish,of 3 ratings,$9.50
EPRS,$4.95,1440706868261,"64,371",82% bullish,of 11 ratings,$15
EPZM,$17.5348,1440706868347,"279,758",60% bullish,of 5 ratings,$34
PLUS,$75.08,1440706868380,"69,403",50% bullish,of 2 ratings,$88
EAC,$3.31,1440706868814,"9,623",100% bearish,of 1 rating,$8
EQIX,$266.14,1440706868844,"352,037",75% bullish,of 4 ratings,$312.50
EQFN,$8.03,1440706868898,300,100% bearish,of 1 rating,N/A
ERIE,$82.66,1440706868950,"13,424",Not yet rated,NULL,$73
ERIC,$9.9,1440706868982,"1,226,439",67% bullish,of 9 ratings,$12.20
ESCA,$17.25,1440706869084,"9,890",100% bearish,of 1 rating,$22
ESCRP,$1.4,1440706869112,"3,300",100% bearish,of 1 rating,N/A
ESMC,$1.3,1440706869138,"2,806",Not yet rated,NULL,N/A
ESCR,$0.14,1440706869213,"277,450",50% bullish,of 2 ratings,N/A
EPIX,NULL,1440706869292,0,Not yet rated,NULL,N/A
ESPR,$52.2699,1440706869322,"496,029",70% bearish,of 10 ratings,$123
ESSA,$12.83,1440706869398,752,100% bearish,of 1 rating,N/A
ESND,$34.07,1440706869430,"84,459",100% bearish,of 2 ratings,$40
ESSX,$0.36,1440706869455,"175,521",50% bullish,of 2 ratings,N/A
ETSY,$14.25,1440706869500,"539,468",80% bullish,of 5 ratings,$16
CLWT,$2.5401,1440706869593,300,100% bullish,of 1 rating,N/A
EVEP,$8.08,1440706869871,"327,492",50% bullish,of 2 ratings,$15
ESEA,$5.41,1440706869913,"2,269",100% bullish,of 1 rating,$15
EVLV,$2.63,1440706869940,"190,896",60% bullish,of 5 ratings,$6
EVOK,$3.9,1440706870003,"23,087",100% bearish,of 1 rating,$13.375
EVOL,$6.06,1440706870032,"4,725",75% bullish,of 4 ratings,$10
EEFT,$64.833,1440706870055,"216,022",100% bearish,of 1 rating,$67.50
EVK,$3.75,1440706870075,300,75% bearish,of 4 ratings,N/A
EXA,$11.1,1440706870110,"5,302",100% bearish,of 1 rating,$13
EXEL,$6.08,1440706870297,"6,478,524",81% bullish,of 16 ratings,$6
EXAS,$21.9918,1440706870354,"837,274",78% bullish,of 9 ratings,$31
EXFO,$2.95,1440706870382,"20,652",67% bearish,of 3 ratings,$3.95
EXLS,$37.17,1440706870432,"266,065",50% bullish,of 2 ratings,$41
EXAC,$18.27,1440706870459,"76,447",100% bearish,of 1 rating,$22.50
EXPE,$117.45,1440706870480,"795,168",64% bullish,of 11 ratings,$130
EXPD,$49.92,1440706870614,"1,172,275",80% bullish,of 5 ratings,$52
EXTR,$2.75,1440706870777,"588,912",80% bullish,of 5 ratings,$3
EXLP,$18.86,1440706870806,"140,868",100% bearish,of 1 rating,$25
EXPO,$42.44,1440706870835,"90,024",100% bearish,of 1 rating,$45.50
EYEG,$3.82,1440706870913,"9,151",Not yet rated,NULL,N/A
ESRX,$85.2,1440706870963,"2,517,114",67% bearish,of 6 ratings,$101
EYEGW,$0.7,1440706871045,183,Not yet rated,NULL,N/A
EZCH,$21.92,1440706871104,"175,988",75% bullish,of 8 ratings,$19.50
FB,$89.01,1440706871186,"25,660,286",73% bullish,of 1068 ratings,$111
FFIV,$122.79,1440706871215,"701,938",63% bullish,of 8 ratings,$132
EZPW,$5.75,1440706871247,"283,797",50% bullish,of 4 ratings,$7.50
FRP,$15.87,1440706871356,"139,766",100% bearish,of 1 rating,$18
FCS,$13.7728,1440706871381,"694,461",67% bearish,of 3 ratings,$17
FWM,$2.39,1440706871431,"120,746",100% bearish,of 2 ratings,$3.20
FALC,$1.7,1440706871575,"131,099",63% bearish,of 8 ratings,N/A
DAVE,$14.61,1440706871602,"5,025",100% bearish,of 1 rating,$15.50
FARM,$21.65,1440706871672,"51,276",100% bearish,of 1 rating,$35
FFKT,$25.61,1440706871867,"9,607",Not yet rated,NULL,$29
FARO,$37.72,1440706872043,"54,425",50% bullish,of 2 ratings,$48
FBSS,NULL,1440706872210,0,Not yet rated,NULL,N/A
FMNB,$8.12,1440706872354,"11,575",Not yet rated,NULL,N/A
FATE,$6.67,1440706872438,"24,004",50% bullish,of 2 ratings,$11
FAST,$38.98,1440706872582,"1,835,891",80% bullish,of 5 ratings,$45.50
FBRC,$21.84,1440706873340,"45,270",100% bearish,of 1 rating,$29
FNHC,$21.77,1440706873717,"43,677",100% bearish,of 1 rating,$35
FDML,$8.45,1440706873825,"247,791",50% bullish,of 4 ratings,$14
FEIC,$75.115,1440706873891,"284,585",50% bullish,of 2 ratings,$95.50
FENX,$9.52,1440706874275,"24,047",100% bullish,of 1 rating,$14.25
FHCO,$1.34,1440706874343,"6,688",50% bullish,of 4 ratings,N/A
FGEN,$23.5926,1440706874368,"164,600",100% bearish,of 1 rating,$39
FCSC,$5.59,1440706874405,"78,923",100% bearish,of 1 rating,$8.125
ONEQ,$189.36,1440706874429,"29,089",100% bullish,of 1 rating,N/A
LION,$18.8129,1440706874459,"80,583",100% bullish,of 1 rating,$20
FRGI,$52.26,1440706874562,"135,685",50% bullish,of 2 ratings,$70
FDUS,$14.55,1440706874587,"56,377",50% bullish,of 2 ratings,$18
FSAM,$8.24,1440706874730,"14,210",100% bearish,of 1 rating,$10.25
FSCFL,$24.49,1440706874803,"11,281",Not yet rated,NULL,N/A
FITB,$19.94,1440706875138,"7,643,078",54% bullish,of 13 ratings,$22
FITBI,$27.48,1440706875185,"20,120",Not yet rated,NULL,N/A
FSC,$6.38,1440706875210,"697,378",60% bullish,of 5 ratings,$8
FSFR,$8.89,1440706875237,"70,592",100% bearish,of 1 rating,$11.50
FNGN,$33.2,1440706875365,"279,609",67% bullish,of 3 ratings,$47
FISI,$24.5,1440706875468,"74,209",100% bullish,of 2 ratings,$24.50
FNSR,$15.72,1440706875719,"671,301",71% bullish,of 7 ratings,$24.50
FNJN,$1.89,1440706875740,"63,434",100% bearish,of 1 rating,$5
FNTC,$9.79,1440706875775,301,Not yet rated,NULL,N/A
FEYE,$39.0801,1440706875803,"3,075,684",87% bullish,of 15 ratings,$55.50
FNTCW,NULL,1440706875824,0,Not yet rated,NULL,N/A
FNTCU,NULL,1440706875854,0,Not yet rated,NULL,N/A
FBNC,$17.03,1440706875880,"31,032",100% bullish,of 1 rating,$20
FRBA,$6.0773,1440706876112,"2,300",Not yet rated,NULL,$8
BUSE,$6.35,1440706876182,"57,482",Not yet rated,NULL,$6.875
FCVA,$4.6201,1440706876243,"1,932",Not yet rated,NULL,N/A
FBIZ,$43.97,1440706876274,"12,953",100% bearish,of 2 ratings,$52
FNLC,$18.57,1440706876322,"18,946",100% bullish,of 1 rating,N/A
FCAP,$26.54,1440706876378,"1,211",Not yet rated,NULL,N/A
FCFS,$39.68,1440706876508,"137,680",100% bearish,of 3 ratings,$48
FCNCA,$236.17,1440706876679,"9,489",Not yet rated,NULL,N/A
FCFP,$6.823,1440706876757,250,Not yet rated,NULL,N/A
FCLF,NULL,1440706876861,0,Not yet rated,NULL,N/A
FCBC,$17.45,1440706876894,"19,339",Not yet rated,NULL,$18
FCCO,$12.05,1440706876914,"5,208",Not yet rated,NULL,$13.25
FBNK,$16.96,1440706876997,"35,764",100% bearish,of 1 rating,$17.50
FDEF,$37.71,1440706877071,"31,714",Not yet rated,NULL,$38
FFNM,$6.18,1440706877209,"4,781",Not yet rated,NULL,N/A
FFBC,$18.24,1440706877238,"178,820",67% bearish,of 3 ratings,$20.25
FFBCW,NULL,1440706877339,0,100% bearish,of 1 rating,N/A
FFIN,$30.56,1440706877379,"174,248",50% bullish,of 2 ratings,$31.75
FFWM,$21.44,1440706877412,"32,572",Not yet rated,NULL,$24
THFF,$32.99,1440706877441,"20,115",Not yet rated,NULL,$35
FFNW,$11.9,1440706877514,"14,021",Not yet rated,NULL,$14
INBK,$29.54,1440706877545,"7,612",50% bullish,of 2 ratings,$37
FIBK,$26.3,1440706877648,"85,916",Not yet rated,NULL,$32
FRME,$25.88,1440706877706,"149,606",Not yet rated,NULL,$26.50
FMBH,NULL,1440706877932,0,Not yet rated,NULL,N/A
FNFG,$9.1218,1440706877982,"2,196,805",80% bullish,of 5 ratings,$9
FMBI,$17.44,1440706878011,"316,421",Not yet rated,NULL,$20
FNBC,$34.21,1440706878036,"72,338",Not yet rated,NULL,$40
FSFG,NULL,1440706878180,0,Not yet rated,NULL,N/A
FNWB,$11.83,1440706878211,"4,056",Not yet rated,NULL,N/A
FSLR,$47.84,1440706878239,"1,416,154",72% bullish,of 39 ratings,$65
FSGI,$2.46,1440706878312,"3,291",Not yet rated,NULL,N/A
FSBK,$7.8,1440706878402,"3,728",100% bullish,of 1 rating,N/A
BICK,$19.79,1440706878426,"10,041",100% bullish,of 1 rating,N/A
FCAN,$23.95,1440706878622,"3,251",Not yet rated,NULL,N/A
FTCS,$36.67,1440706878648,"20,446",100% bearish,of 1 rating,N/A
FBZ,NULL,1440706878711,0,Not yet rated,NULL,N/A
IFV,$17.96,1440706878787,"662,340",100% bearish,of 1 rating,N/A
FCA,$19.8,1440706878812,"2,396",Not yet rated,NULL,N/A
FV,$23.6,1440706878837,"4,286,379",100% bearish,of 1 rating,N/A
FEMB,NULL,1440706878866,0,Not yet rated,NULL,N/A
FTSM,$59.85,1440706879001,"15,925",100% bearish,of 1 rating,N/A
TDIV,$24.77,1440706879098,"101,037",100% bearish,of 1 rating,N/A
FEUZ,$31.452,1440706879166,318,Not yet rated,NULL,N/A
MDIV,$19.19,1440706879190,"174,952",Not yet rated,NULL,N/A
FGM,$35.91,1440706879368,"28,582",Not yet rated,NULL,N/A
FTGC,$22.19,1440706879425,"354,786",Not yet rated,NULL,N/A
FTHI,$19.37,1440706879518,"2,600",Not yet rated,NULL,N/A
HYLS,$49.66,1440706879555,"29,876",100% bearish,of 1 rating,N/A
FHK,$33.67,1440706879687,"24,642",Not yet rated,NULL,N/A
FPXI,$27.42,1440706879715,753,Not yet rated,NULL,N/A
SKYY,$29.08,1440706879737,"54,189",100% bullish,of 1 rating,N/A
YDIV,$16.46,1440706879766,"6,330",Not yet rated,NULL,N/A
CU,$12.73,1440706879990,"5,168",100% bearish,of 1 rating,N/A
PLTM,$6.17,1440706880059,"19,478",100% bearish,of 1 rating,N/A
FTLB,$19.25,1440706880218,"1,967",100% bearish,of 1 rating,N/A
FMB,$51.2399,1440706880287,350,Not yet rated,NULL,N/A
LMBS,$50.15,1440706880324,647,Not yet rated,NULL,N/A
FJP,$47.67,1440706880381,"6,378",Not yet rated,NULL,N/A
QABA,$37.27,1440706880414,"16,757",100% bearish,of 1 rating,N/A
CIBR,$17.99,1440706880438,"100,225",Not yet rated,NULL,N/A
FONE,$34.94,1440706880585,"2,037",Not yet rated,NULL,N/A
GRID,NULL,1440706880618,0,100% bearish,of 1 rating,N/A
QCLN,$14.7,1440706880728,"19,033",Not yet rated,NULL,N/A
QQEW,$42.04,1440706881002,"197,277",Not yet rated,NULL,N/A
CARZ,$34.78,1440706881041,"5,852",100% bearish,of 1 rating,N/A
QQXT,$40.78,1440706881099,"34,387",Not yet rated,NULL,N/A
RDVY,$21.26,1440706881130,"11,733",Not yet rated,NULL,N/A
QTEC,$40.25,1440706881154,"65,044",Not yet rated,NULL,N/A
QINC,$20.2205,1440706882123,220,Not yet rated,NULL,N/A
AIRR,$16.08,1440706882151,"19,080",100% bearish,of 1 rating,N/A
FTSL,$48.805,1440706882366,"42,889",100% bearish,of 1 rating,N/A
FKO,$23,1440706882429,247,Not yet rated,NULL,N/A
FDIV,$46.8,1440706882515,"6,891",100% bearish,of 1 rating,N/A
FSZ,$39.09,1440706882562,"7,201",Not yet rated,NULL,N/A
FTW,$31.905,1440706882590,100,Not yet rated,NULL,N/A
TUSA,$24.8499,1440706882695,"2,179",Not yet rated,NULL,N/A
SVVC,$9.41,1440706882728,"14,327",50% bullish,of 2 ratings,$26
FUNC,$8.14,1440706882753,502,Not yet rated,NULL,N/A
FKU,$41.56,1440706882938,"10,514",Not yet rated,NULL,N/A
FSV,$31.39,1440706882969,"4,698",Not yet rated,NULL,$33.60
FMER,$17.7936,1440706882994,"1,234,969",50% bullish,of 2 ratings,$20
FISV,$86.56,1440706883026,"1,292,897",100% bearish,of 3 ratings,$90
FIVE,$37.6,1440706883047,"556,407",75% bearish,of 4 ratings,$44
FPRX,$18.8213,1440706883130,"198,099",50% bullish,of 2 ratings,$35
FIVN,$4.17,1440706883295,"133,801",100% bullish,of 1 rating,$8.50
FLML,$22.49,1440706883378,"211,176",50% bullish,of 2 ratings,$30
FLKS,$12.16,1440706883526,"28,315",50% bullish,of 2 ratings,$27
FLXN,$24.71,1440706883552,"83,557",100% bearish,of 1 rating,$40
MBSD,$24.93,1440706883582,"1,404",Not yet rated,NULL,N/A
SKOR,NULL,1440706883602,0,Not yet rated,NULL,N/A
FLIR,$28.62,1440706883683,"1,160,459",100% bearish,of 1 rating,$38.50
FLEX,$10.5844,1440706883736,"2,006,835",63% bullish,of 8 ratings,$12
FLXS,$31.4,1440706883762,"14,584",100% bearish,of 2 ratings,N/A
FLDM,$11.2231,1440706883840,"608,354",67% bearish,of 3 ratings,$15
FFIC,$19.79,1440706883944,"64,200",Not yet rated,NULL,$21
FOMX,$10.09,1440706883981,"106,587",50% bullish,of 2 ratings,$23.50
FOGO,$18.31,1440706884015,"65,243",50% bullish,of 2 ratings,$25.50
FES,$0.95,1440706884114,"65,928",50% bullish,of 2 ratings,$1
FONR,$9.8,1440706884141,"11,271",100% bullish,of 1 rating,N/A
FORM,$6.34,1440706884298,"218,255",67% bullish,of 3 ratings,$10.50
FORR,$32.13,1440706884329,"44,181",Not yet rated,NULL,N/A
FBIO,$2.66,1440706884392,"43,609",83% bullish,of 6 ratings,N/A
FORTY,NULL,1440706884421,0,100% bearish,of 1 rating,N/A
FTNT,$42.6685,1440706884454,"957,414",80% bullish,of 10 ratings,$52
FORD,$2.34,1440706884558,"8,185,591",67% bullish,of 3 ratings,N/A
FWRD,$45.16,1440706884618,"249,006",100% bearish,of 1 rating,$50
FWP,$26.72,1440706884689,"32,491",100% bearish,of 1 rating,$45
FOSL,$61.14,1440706884720,"644,770",60% bearish,of 5 ratings,$80
FMI,$22.2703,1440706884819,"175,503",100% bearish,of 2 ratings,$27.50
FXCB,$17.1,1440706884869,"33,846",Not yet rated,NULL,$19
FOXF,$15.23,1440706884906,"35,293",100% bearish,of 1 rating,$19
FRAN,$11.1,1440706885099,"398,672",50% bullish,of 4 ratings,$15
FRED,$12.7,1440706885242,"364,954",50% bullish,of 2 ratings,$16.50
FELE,$28.54,1440706885269,"221,263",50% bullish,of 4 ratings,$33
FRPT,$12.69,1440706885461,"413,291",67% bearish,of 3 ratings,$23.50
RAIL,$19.6984,1440706885493,"79,913",100% bearish,of 1 rating,$24.50
FREE,$0.365,1440706885515,"545,559",92% bullish,of 12 ratings,N/A
FEIM,$10.91,1440706885544,"4,411",100% bearish,of 1 rating,N/A
FTRPR,$98.45,1440706885565,"6,795",100% bearish,of 1 rating,N/A
FTR,$4.93,1440706885595,"15,774,499",78% bullish,of 27 ratings,$6.25
FRPH,$31,1440706885741,"5,251",100% bearish,of 1 rating,N/A
FSBW,$23.0001,1440706885808,"1,537",Not yet rated,NULL,N/A
FCEL,$0.74,1440706885874,"1,211,295",88% bullish,of 41 ratings,$2.65
FULL,$3.09,1440706885978,"159,576",67% bearish,of 3 ratings,$4.25
FSYS,$6.53,1440706886005,"25,484",67% bullish,of 3 ratings,$10
FTD,$29.69,1440706886030,"68,744",100% bearish,of 1 rating,$40
FTEK,$2.07,1440706886056,"44,398",75% bullish,of 4 ratings,N/A
FULLL,NULL,1440706886196,0,Not yet rated,NULL,N/A
FLL,$1.5,1440706886294,"9,037",75% bullish,of 4 ratings,$3.50
FSNN,$2.28,1440706886322,300,67% bullish,of 3 ratings,$6
FFHL,$0.8545,1440706886363,"1,000",50% bullish,of 4 ratings,N/A
FXEN,$0.8484,1440706886455,"30,477",75% bullish,of 4 ratings,$1.10
FULT,$12.1024,1440706886488,"672,646",100% bearish,of 1 rating,$13
FXENP,NULL,1440706886513,0,100% bearish,of 1 rating,N/A
GK,$67.61,1440706886584,"61,484",Not yet rated,NULL,$78
WILC,$4.79,1440706886655,"2,355",100% bullish,of 2 ratings,N/A
GAIA,$6.01,1440706886756,"18,310",50% bullish,of 2 ratings,$8.50
GALT,$1.86,1440706886801,"67,914",80% bullish,of 5 ratings,N/A
GLPG,$61,1440706886825,"14,402",100% bullish,of 1 rating,$75
GALTU,NULL,1440706886891,0,100% bearish,of 1 rating,N/A
GALE,$1.49,1440706886965,"701,028",89% bullish,of 47 ratings,$4
GALTW,NULL,1440706886990,0,100% bullish,of 1 rating,N/A
GLMD,$8.97,1440706887067,"10,152",67% bullish,of 3 ratings,$20.50
GPIC,$9.62,1440706887231,812,100% bearish,of 1 rating,N/A
GGAC,$9.9,1440706887261,"22,030",100% bearish,of 1 rating,N/A
GLPI,$31.4,1440706887292,"468,124",100% bearish,of 1 rating,$37.50
GRMN,$38.16,1440706887317,"955,943",50% bullish,of 6 ratings,$46.50
GGACR,$0.24,1440706887349,"419,354",100% bullish,of 1 rating,N/A
GGACU,$10.3,1440706887374,"13,700",Not yet rated,NULL,N/A
GGACW,$0.16,1440706887398,"426,090",Not yet rated,NULL,N/A
GARS,$14.23,1440706887572,"31,412",Not yet rated,NULL,$16
GENC,$9.39,1440706887615,805,100% bearish,of 1 rating,N/A
GFN,$3.63,1440706887712,"7,868",100% bearish,of 2 ratings,$8
GNCMA,$17,1440706887801,"222,607",100% bearish,of 1 rating,$12
GFNSL,$25.7499,1440706887905,"2,900",Not yet rated,NULL,N/A
GFNCP,$91.01,1440706887955,440,Not yet rated,NULL,N/A
GENE,$2.12,1440706888091,"165,541",100% bullish,of 12 ratings,N/A
GNCA,$12.3327,1440706888117,"98,914",100% bearish,of 1 rating,$20
GNMK,$9.4454,1440706888154,"87,750",67% bullish,of 6 ratings,$14
GNTX,$15.4431,1440706888405,"2,015,168",Not yet rated,NULL,$20
THRM,$44.92,1440706888441,"209,289",75% bearish,of 4 ratings,$55.50
GTWN,NULL,1440706888478,0,Not yet rated,NULL,N/A
GHDX,$26.2402,1440706888538,"123,409",50% bullish,of 2 ratings,$30
GNVC,$2.48,1440706888568,"4,600",90% bullish,of 10 ratings,$8.50
GEOS,$15.77,1440706888673,"154,650",100% bearish,of 3 ratings,$21
GABC,$29.24,1440706888722,"15,443",Not yet rated,NULL,$31
GEVO,$2.35,1440706888890,"341,094",75% bullish,of 12 ratings,$5
ROCK,$16.51,1440706888924,"117,386",80% bullish,of 5 ratings,$24
GIGM,$0.55,1440706888954,"41,648",100% bullish,of 2 ratings,N/A
GERN,$3.08,1440706888981,"1,275,575",88% bullish,of 16 ratings,$5.25
GIGA,$1.43,1440706889034,"13,510",100% bearish,of 1 rating,N/A
GIII,$68.51,1440706889065,"212,568",67% bullish,of 3 ratings,$75
GBCI,$25.63,1440706889160,"325,972",50% bullish,of 2 ratings,$31
GILD,$107.99,1440706889226,"9,193,273",91% bullish,of 87 ratings,$129
GOOD,$14.52,1440706889567,"71,434",Not yet rated,NULL,$19
GILT,$4.38,1440706889588,"8,627",50% bullish,of 2 ratings,N/A
GLADO,$25.5899,1440706889621,"1,940",Not yet rated,NULL,N/A
GOODO,$25.0601,1440706889642,"1,019",Not yet rated,NULL,N/A
GLAD,$8.63,1440706889663,"250,192",50% bullish,of 2 ratings,$8.75
GOODN,$25.33,1440706889703,900,Not yet rated,NULL,N/A
GOODP,$25.05,1440706889793,400,Not yet rated,NULL,N/A
GAIN,$7.35,1440706889825,"100,873",100% bullish,of 2 ratings,$8.25
GAINN,$25.1,1440706889923,"5,685",Not yet rated,NULL,N/A
GAINO,$25.33,1440706889993,600,Not yet rated,NULL,N/A
GAINP,$25.73,1440706890030,"2,129",Not yet rated,NULL,N/A
GLBZ,NULL,1440706890075,0,Not yet rated,NULL,N/A
LAND,$9.34,1440706890126,"33,889",50% bullish,of 2 ratings,$13.75
GBT,$42.2,1440706890151,"51,010",100% bearish,of 1 rating,N/A
GDEF,NULL,1440706890295,0,Not yet rated,NULL,N/A
ENT,$11.4973,1440706890367,"172,579",100% bearish,of 1 rating,$18
GPACU,$9.98,1440706890451,1,Not yet rated,NULL,N/A
GSOL,$7.91,1440706890584,"18,276",100% bearish,of 1 rating,N/A
GBLI,$26.57,1440706890614,"10,263",Not yet rated,NULL,N/A
QQQC,$19.6,1440706890634,"6,807",100% bearish,of 1 rating,N/A
ACTX,$13.18,1440706890655,"4,751",100% bullish,of 1 rating,N/A
SOCL,$17.63,1440706890696,"24,944",100% bullish,of 2 ratings,N/A
ALTY,$14.35,1440706890788,658,Not yet rated,NULL,N/A
SRET,$13.22,1440706890814,"4,201",Not yet rated,NULL,N/A
YLCO,NULL,1440706890978,0,Not yet rated,NULL,N/A
GAI,$5.8,1440706891004,48,50% bullish,of 2 ratings,N/A
GSM,$13.66,1440706891030,"440,962",50% bullish,of 2 ratings,$23
GBIM,$2.23,1440706891160,"19,521",50% bullish,of 2 ratings,N/A
GLBS,$0.98,1440706891336,"13,400",67% bullish,of 3 ratings,N/A
GLRI,$0.92,1440706891362,"34,311",100% bearish,of 1 rating,$4.25
GLYC,$7.07,1440706891427,"5,025",50% bullish,of 2 ratings,$14
GOGO,$15.5,1440706891462,"491,513",80% bullish,of 5 ratings,$25
GLUU,$4.3377,1440706891488,"1,989,046",92% bullish,of 26 ratings,$9
GLDC,$4.15,1440706891561,510,50% bullish,of 2 ratings,N/A
GLNG,$36.4,1440706891587,"788,930",83% bullish,of 6 ratings,$58
GMLP,$17.86,1440706891631,"309,345",50% bullish,of 4 ratings,$32.50
GDEN,$9.04,1440706891761,"2,107",50% bullish,of 2 ratings,N/A
GOGL,$2.88,1440706891786,"359,625",75% bullish,of 4 ratings,$5
GTIM,$6.75,1440706891941,"33,873",Not yet rated,NULL,$11.50
GBDC,$16.58,1440706892001,"122,872",Not yet rated,NULL,$17.75
GOOG,$637.15,1440706892072,"2,137,125",89% bullish,of 70 ratings,$825
GOOGL,$667.4,1440706892103,"1,498,171",88% bullish,of 1080 ratings,$749
GPRO,$47.9,1440706892132,"5,313,496",78% bullish,of 58 ratings,$72
GPIAU,NULL,1440706892206,0,Not yet rated,NULL,N/A
GPIA,NULL,1440706892233,0,Not yet rated,NULL,N/A
GMAN,$3.56,1440706892309,"94,940",60% bullish,of 5 ratings,$8.50
GRVY,$3.1,1440706892480,"3,850",50% bullish,of 2 ratings,N/A
LOPE,$37.2291,1440706892513,"212,038",100% bearish,of 2 ratings,$50
GPIAW,$0.975,1440706892538,"4,500",Not yet rated,NULL,N/A
GBSNU,NULL,1440706892570,0,NULL,NULL,NULL
GBSN,$0.3501,1440706892594,"8,355,214",50% bullish,of 2 ratings,$8.25
GLDD,$5.2775,1440706892619,"176,815",100% bearish,of 4 ratings,$7.75
GNBC,$11.64,1440706892859,"11,717",100% bearish,of 1 rating,$16.50
GRBK,$12.13,1440706892961,"207,774",77% bullish,of 13 ratings,N/A
GSBC,$39.7,1440706892990,"28,696",100% bullish,of 1 rating,$44
GPP,$13.52,1440706893017,"54,349",Not yet rated,NULL,$20.50
GPRE,$19.73,1440706893039,"536,707",67% bullish,of 6 ratings,$28.50
GCBC,NULL,1440706893090,0,100% bullish,of 1 rating,N/A
GLRE,$24.99,1440706893172,"183,575",50% bullish,of 2 ratings,$41
GRIF,$32.94,1440706893235,"1,189",100% bearish,of 1 rating,N/A
GRFS,$30.79,1440706893325,"268,612",50% bullish,of 2 ratings,$35
GRPN,$4.28,1440706893386,"6,556,866",61% bullish,of 71 ratings,$6.75
OMAB,$40.98,1440706893412,"28,531",100% bullish,of 1 rating,$44
GGAL,$19.72,1440706893436,"210,565",80% bullish,of 5 ratings,$40
GSIG,$12.9,1440706893470,"40,084",100% bearish,of 2 ratings,N/A
GSIT,$4.66,1440706893569,"10,304",100% bearish,of 1 rating,N/A
GSVC,$8.9,1440706893666,"60,910",50% bullish,of 2 ratings,$14.50
GTXI,$0.83,1440706893821,"27,869",100% bullish,of 5 ratings,$.75
GBNK,$15.48,1440706893854,"18,851",100% bearish,of 1 rating,$18
GUID,$7.19,1440706893929,"131,866",100% bearish,of 3 ratings,$10
GFED,$14.67,1440706893962,442,Not yet rated,NULL,$17
GULTU,$0.3,1440706893982,"278,271",100% bearish,of 1 rating,N/A
GIFI,$11.73,1440706894069,"30,702",100% bearish,of 1 rating,$16
GURE,$1.67,1440706894115,"26,420",88% bullish,of 8 ratings,N/A
GWPH,$107.2504,1440706894175,"151,518",78% bullish,of 9 ratings,$148.50
GPOR,$35.3471,1440706894248,"1,517,845",75% bullish,of 4 ratings,$55
GWGH,NULL,1440706894278,0,100% bearish,of 1 rating,$15.05
GYRO,NULL,1440706894355,0,100% bearish,of 1 rating,N/A
HEES,$18.52,1440706894408,"596,299",67% bearish,of 3 ratings,$31
HLG,$9,1440706894509,"3,174",100% bearish,of 1 rating,N/A
HNRG,$7.45,1440706894643,"109,394",100% bearish,of 1 rating,$10
HALL,$11.25,1440706894667,"18,251",Not yet rated,NULL,N/A
HALO,$17.66,1440706894712,"799,986",67% bullish,of 3 ratings,$22.50
HBK,$13.8,1440706894838,500,50% bullish,of 2 ratings,N/A
HMPR,$1.87,1440706894863,"31,190",100% bullish,of 1 rating,N/A
HBHC,$27.2555,1440706894896,"883,297",50% bullish,of 2 ratings,$30
HBHCL,$24.45,1440706894929,"16,792",Not yet rated,NULL,N/A
HNH,$25.22,1440706894959,"34,502",100% bullish,of 1 rating,N/A
HAFC,$23.98,1440706895027,"149,982",100% bullish,of 2 ratings,$28.50
HNSN,$0.51,1440706895055,"71,567",88% bullish,of 8 ratings,$.40
HQCL,$12.48,1440706895214,"37,923",67% bullish,of 3 ratings,$14
HLIT,$5.67,1440706895312,"297,529",100% bearish,of 1 rating,$6.50
HRMN,NULL,1440706895343,0,Not yet rated,NULL,N/A
HDNG,$9.63,1440706895372,"11,625",50% bullish,of 4 ratings,N/A
HRMNU,NULL,1440706895442,0,Not yet rated,NULL,N/A
HRMNW,NULL,1440706895469,0,Not yet rated,NULL,N/A
TINY,$2.45,1440706895647,"24,287",50% bullish,of 2 ratings,$5.26
HART,$0.9,1440706895722,"62,394",100% bearish,of 1 rating,N/A
HBIO,$4.33,1440706896098,"59,241",Not yet rated,NULL,$10
HCOM,$21.92,1440706896182,"21,989",100% bearish,of 1 rating,$28
HCAPL,$25.15,1440706896207,"1,950",Not yet rated,NULL,N/A
HCAP,$12.24,1440706896238,"16,420",50% bullish,of 2 ratings,$15
HWKN,$36.74,1440706896263,"24,331",Not yet rated,NULL,N/A
HAS,$75.14,1440706896336,"671,910",63% bullish,of 8 ratings,$84.50
HA,$22.77,1440706896409,"741,896",67% bullish,of 9 ratings,$27
HWBK,$13.65,1440706896434,900,100% bearish,of 1 rating,N/A
HIIQ,$4.91,1440706896629,"213,311",50% bullish,of 2 ratings,$7
HAYN,$38.37,1440706896653,"69,684",100% bearish,of 1 rating,$59
HCSG,$33.37,1440706896709,"220,998",50% bullish,of 4 ratings,$35
HDS,$32.7916,1440706896735,"2,704,706",100% bearish,of 2 ratings,$39.50
HQY,$29.36,1440706896756,"180,774",67% bullish,of 3 ratings,$31
HSTM,$25.04,1440706896885,"91,058",50% bullish,of 2 ratings,$33.75
HTLD,$20.45,1440706896911,"403,284",Not yet rated,NULL,$22.50
HWAY,$11.94,1440706896943,"196,726",100% bearish,of 1 rating,$15
HTLF,$35.74,1440706897043,"35,722",100% bullish,of 1 rating,$39.50
HTWR,$86.38,1440706897117,"180,904",50% bullish,of 2 ratings,$103
HTBX,$5.15,1440706897180,"7,475",50% bullish,of 2 ratings,$15.50
HSII,$19.66,1440706897278,"55,366",100% bullish,of 3 ratings,$25
HELE,$85.25,1440706897350,"132,307",67% bearish,of 3 ratings,$100
HMNY,NULL,1440706897378,0,100% bearish,of 1 rating,N/A
HCACU,$9.94,1440706897423,"1,418",Not yet rated,NULL,N/A
HMTV,$13.56,1440706897508,"23,718",100% bearish,of 1 rating,$16
HNNA,$24.725,1440706897579,"6,531",Not yet rated,NULL,N/A
HERO,NULL,1440706897610,0,NULL,NULL,NULL
HSIC,$138.68,1440706897653,"377,460",83% bullish,of 6 ratings,$146
HTBK,$10.63,1440706897711,"36,607",Not yet rated,NULL,$12
HFWA,$17.49,1440706897781,"40,853",100% bullish,of 1 rating,$20
HEOP,$7.67,1440706897879,"15,419",Not yet rated,NULL,$8.50
MLHR,$26.9954,1440706897954,"415,400",50% bullish,of 2 ratings,$33.50
HFFC,$15.99,1440706898157,"3,204",Not yet rated,NULL,N/A
HSKA,$33.49,1440706898183,"29,235",100% bearish,of 1 rating,$38
HCCI,$11.06,1440706898214,"34,375",100% bearish,of 1 rating,$16.50
HRTX,$35.36,1440706898245,"369,202",67% bullish,of 6 ratings,$41
HPJ,$2.19,1440706898316,"47,402",75% bullish,of 4 ratings,$12.43
HIBB,$38.68,1440706898346,"261,383",100% bearish,of 1 rating,$46.50
HIHO,$3.9,1440706898373,"7,696",Not yet rated,NULL,N/A
HIMX,$6.74,1440706898397,"696,618",86% bullish,of 21 ratings,$8.50
HIFS,$117,1440706898585,"4,127",Not yet rated,NULL,N/A
HMNF,$11.14,1440706898612,"3,550",Not yet rated,NULL,N/A
HSGX,$6.13,1440706898637,903,100% bearish,of 1 rating,$17
HMSY,$10.07,1440706898688,"1,018,206",67% bullish,of 3 ratings,$19.35
HOLI,$17.89,1440706898818,"214,655",50% bullish,of 4 ratings,$27
HOLX,$39.31,1440706898916,"1,555,945",67% bullish,of 3 ratings,$42
HBCP,$24.5,1440706898943,"1,969",Not yet rated,NULL,$29
AWAY,$29,1440706899006,"874,372",67% bullish,of 3 ratings,$36
HFBL,$21.54,1440706899072,300,Not yet rated,NULL,N/A
HOMB,$37.87,1440706899102,"273,593",Not yet rated,NULL,$42
HMIN,$27.5,1440706899133,"194,716",100% bearish,of 2 ratings,$35
HMST,$21.75,1440706899203,"114,554",100% bullish,of 2 ratings,$27
HTBI,$18.1687,1440706899303,"41,775",67% bullish,of 3 ratings,$18.625
HKTV,$4.61,1440706899353,"29,158",100% bearish,of 1 rating,N/A
CETC,$0.72,1440706899387,"82,368",86% bullish,of 7 ratings,N/A
HFBC,$11.23,1440706899449,"2,760",Not yet rated,NULL,N/A
HOFT,$23.33,1440706899492,"41,026",100% bearish,of 1 rating,N/A
HZNP,$30.98,1440706899588,"1,979,093",85% bullish,of 20 ratings,$40
HBNC,$23.32,1440706899620,"10,708",100% bullish,of 1 rating,$27
HRZN,$10.14,1440706899672,"31,900",50% bullish,of 2 ratings,$14.25
HMHC,$22.75,1440706899847,"1,122,492",Not yet rated,NULL,$27
ZINC,$7.3954,1440706899877,"685,701",100% bearish,of 1 rating,$17
HWCC,$7.35,1440706899950,"70,329",100% bearish,of 1 rating,$9
HOVNP,$4.49,1440706899974,"3,213",100% bearish,of 1 rating,N/A
HDP,$24.27,1440706900002,"227,789",67% bearish,of 3 ratings,$30.50
HBMD,$14.48,1440706900027,"2,156",100% bearish,of 1 rating,N/A
HSNI,$62.2324,1440706900186,"177,546",Not yet rated,NULL,$80
HUBG,$37.74,1440706900231,"215,016",100% bearish,of 1 rating,$43
HTGM,$5.65,1440706900317,"38,705",100% bearish,of 1 rating,$19.50
HCBK,$9.45,1440706900405,"1,580,443",83% bullish,of 6 ratings,$8.61
HBAN,$10.86,1440706900459,"7,134,280",76% bullish,of 17 ratings,$12.29
HDSN,$3.05,1440706900484,"5,955",100% bullish,of 1 rating,$6.25
HSON,$2.6,1440706900531,"13,371",100% bearish,of 1 rating,$5
HBANP,$1355,1440706900556,66,100% bearish,of 1 rating,N/A
HURC,$30.59,1440706900638,"15,175",100% bearish,of 1 rating,N/A
HURN,$72.8564,1440706900765,"134,763",50% bullish,of 2 ratings,$80
HBP,$3.06,1440706900798,"1,472",100% bullish,of 1 rating,N/A
HDRAR,NULL,1440706900856,0,Not yet rated,NULL,N/A
HTCH,$1.43,1440706900897,"65,004",100% bearish,of 1 rating,$3.50
HDRAW,$0.264,1440706900951,"5,226",Not yet rated,NULL,N/A
HDRA,$9.69,1440706900975,"11,400",Not yet rated,NULL,N/A
HDRAU,NULL,1440706901002,0,Not yet rated,NULL,N/A
HYGS,$8.76,1440706901133,"27,221",50% bullish,of 2 ratings,$13
IACI,$71.66,1440706901221,"537,939",75% bullish,of 4 ratings,$90
IKGH,$1.77,1440706901292,"160,691",75% bullish,of 4 ratings,N/A
IDSY,$3.8,1440706901330,"10,880",100% bearish,of 1 rating,$7
IBKC,$59.92,1440706901351,"141,208",100% bullish,of 1 rating,$70
ICAD,$3.78,1440706901380,"108,076",100% bullish,of 2 ratings,$7.25
ICFI,$34.04,1440706901423,"41,327",50% bullish,of 2 ratings,$48.50
IEP,$72.36,1440706901448,"119,303",75% bullish,of 4 ratings,$99
ICUI,$113.45,1440706901672,"129,756",Not yet rated,NULL,$122
ICLR,$78.848,1440706901697,"383,498",100% bearish,of 3 ratings,$85
ICON,$13.34,1440706901739,"678,550",50% bullish,of 2 ratings,$18.50
IPWR,$7.27,1440706901764,"2,810",100% bullish,of 1 rating,$15
INVE,$3.98,1440706901898,"41,335",75% bullish,of 4 ratings,$4
IDXX,$73.4347,1440706901926,"246,943",100% bearish,of 1 rating,$77
IDRA,$2.88,1440706901955,"1,800,801",89% bullish,of 9 ratings,$6.50
DSKY,$11.03,1440706901976,"145,825",67% bullish,of 6 ratings,$11.50
IRG,$4.56,1440706902105,"8,780",100% bearish,of 1 rating,$4.25
IROQ,$16.99,1440706902130,206,100% bullish,of 1 rating,N/A
RXDX,$13.52,1440706902178,"145,620",100% bullish,of 1 rating,$20
IIVI,$16.77,1440706902292,"698,283",100% bearish,of 1 rating,$22
KANG,$15.95,1440706902318,"270,221",50% bullish,of 2 ratings,$22.55
IKAN,$2.72,1440706902344,"33,071",83% bullish,of 6 ratings,$5
ILMN,$202.09,1440706902475,"943,103",80% bullish,of 5 ratings,$245
IKNX,NULL,1440706902501,0,100% bearish,of 1 rating,N/A
IMDZ,$16.2123,1440706902632,"66,841",100% bearish,of 1 rating,$33
ICCC,$7.36,1440706902656,"11,588",100% bullish,of 1 rating,N/A
IMMR,$11.8009,1440706902709,"94,027",80% bullish,of 5 ratings,$15.50
IMMU,$1.96,1440706902846,"596,793",86% bullish,of 7 ratings,$2
ISNS,$3.93,1440706902875,"4,134",50% bullish,of 2 ratings,N/A
IMNP,$1.32,1440706902903,"85,143",50% bullish,of 2 ratings,$6
IMGN,$14.0808,1440706902929,"556,491",75% bullish,of 4 ratings,$17.50
IPXL,$43.97,1440706902950,"492,173",67% bullish,of 3 ratings,$46.50
IMMY,$7.69,1440706903086,"15,991",100% bearish,of 1 rating,$11
INCR,$42.36,1440706903118,"226,205",50% bullish,of 2 ratings,$53
SAAS,$7.6,1440706903146,"296,200",50% bullish,of 2 ratings,$15
INCY,$113.85,1440706903219,"935,002",50% bullish,of 6 ratings,$125.50
INDB,$44.34,1440706903291,"62,234",Not yet rated,NULL,$44
IBCP,$14.1,1440706903460,"70,185",100% bullish,of 1 rating,$14.50
IDSA,$3.72,1440706903518,"5,809",Not yet rated,NULL,N/A
INFN,$22.152,1440706903599,"1,689,961",71% bullish,of 7 ratings,$28
IBTX,$40.3353,1440706903619,"17,131",100% bullish,of 2 ratings,$47.25
INFI,$9.04,1440706903654,"295,382",50% bullish,of 4 ratings,$18
IFON,$1.23,1440706903683,"83,079",75% bullish,of 4 ratings,N/A
IPCC,$77.36,1440706903712,"23,565",Not yet rated,NULL,$77.50
III,$3.96,1440706903786,"105,250",57% bullish,of 7 ratings,$6
INWK,$7.06,1440706903990,"91,134",50% bullish,of 2 ratings,$10
IMKTA,$51.1216,1440706904016,"61,097",100% bearish,of 1 rating,N/A
INNL,$11.67,1440706904043,6,100% bearish,of 1 rating,$16.50
INOD,$2.33,1440706904095,"41,620",100% bearish,of 1 rating,N/A
IOSP,$47.69,1440706904227,"228,950",100% bearish,of 1 rating,N/A
IPHS,$48.15,1440706904253,"96,406",100% bearish,of 1 rating,$60
ISSC,$2.88,1440706904274,"1,460",67% bearish,of 3 ratings,N/A
INGN,$47.41,1440706904413,"101,660",100% bearish,of 1 rating,$50.50
INOV,$21.06,1440706904771,"662,294",100% bearish,of 1 rating,$33
INO,$6.96,1440706904815,"1,038,354",89% bullish,of 18 ratings,$20
ITEK,$12.2175,1440706904870,"395,078",100% bearish,of 3 ratings,$20
NSIT,$25.53,1440706904895,"108,385",50% bullish,of 2 ratings,N/A
INSM,$24.8419,1440706904925,"266,633",71% bullish,of 7 ratings,$31.50
ISIG,$2.7,1440706904950,"265,876",100% bearish,of 1 rating,N/A
IIIN,$17.05,1440706904976,"36,590",100% bearish,of 2 ratings,N/A
PODD,$29.3277,1440706905105,"195,403",67% bearish,of 3 ratings,$35
IDTI,$19.4039,1440706905264,"3,906,432",60% bullish,of 5 ratings,$25
NTEC,$5.68,1440706905292,"3,801",100% bearish,of 1 rating,N/A
IART,$60.54,1440706905313,"180,206",100% bearish,of 1 rating,$71.50
INSY,$33.0376,1440706905334,"387,049",75% bullish,of 4 ratings,$48
IESC,$6.93,1440706905370,"19,681",100% bearish,of 1 rating,N/A
INTC,$27.72,1440706905630,"23,454,417",82% bullish,of 238 ratings,$36
IQNT,$18.79,1440706905772,"187,733",86% bullish,of 7 ratings,$20
ISSI,$21.88,1440706905811,"131,719",67% bullish,of 3 ratings,$19.75
ININ,$35.39,1440706905837,"115,063",67% bearish,of 3 ratings,$57
IPCI,$2.17,1440706905864,"88,505",67% bullish,of 6 ratings,$8
IPAR,$25.4,1440706905897,"83,683",67% bullish,of 3 ratings,$38
IBKR,$39.81,1440706906003,"633,286",100% bullish,of 1 rating,N/A
ICLDW,NULL,1440706906306,0,100% bearish,of 1 rating,N/A
IDCC,$49.5199,1440706906446,"285,103",80% bullish,of 5 ratings,$63
ICLD,$1.82,1440706906471,"171,805",75% bullish,of 4 ratings,N/A
ICPT,$189.34,1440706906504,"122,750",70% bullish,of 10 ratings,$359.50
TILE,$23.93,1440706906542,"591,929",100% bearish,of 3 ratings,$27
IMI,$2.1,1440706906772,"87,007",67% bullish,of 3 ratings,$2.22
INAP,$7.83,1440706906804,"178,913",75% bullish,of 4 ratings,$11
ISCA,$31.2,1440706906824,"90,204",100% bearish,of 1 rating,N/A
IBOC,$25.065,1440706906861,"135,179",100% bearish,of 1 rating,N/A
PTNT,$2.98,1440706906956,"1,600",Not yet rated,NULL,N/A
IGLD,$6.94,1440706906982,"3,400",50% bullish,of 2 ratings,N/A
INPH,$0.28,1440706907015,"63,259",50% bullish,of 2 ratings,N/A
IIJI,$10.07,1440706907036,190,50% bullish,of 2 ratings,$11.50
INTX,$1.91,1440706907118,"51,642",67% bullish,of 3 ratings,N/A
XENT,$25.6692,1440706907177,"129,784",50% bullish,of 2 ratings,$36.50
ISIL,$10.5921,1440706907308,"924,099",50% bullish,of 6 ratings,$15
IILG,$19.78,1440706907442,"150,779",100% bearish,of 1 rating,$29
INTL,$25.8939,1440706907527,"56,088",67% bearish,of 3 ratings,N/A
INTLL,NULL,1440706907611,0,Not yet rated,NULL,N/A
IVAC,$4.7,1440706907763,"57,631",100% bearish,of 1 rating,$6.625
ITCI,$25.96,1440706907851,"286,878",75% bearish,of 4 ratings,$40
ISRG,$515.57,1440706907894,"138,273",67% bullish,of 3 ratings,$600
INTU,$86.6,1440706907919,"2,059,380",86% bullish,of 7 ratings,$107.50
IIN,$6.07,1440706907998,"1,900",100% bearish,of 1 rating,$12
INVT,$0.2705,1440706908104,"13,897",67% bullish,of 3 ratings,N/A
SNAK,$8.4,1440706908572,"98,380",50% bullish,of 2 ratings,$14
ISTR,$15.62,1440706908633,"5,117",100% bearish,of 1 rating,$18.50
ITIC,NULL,1440706908760,0,100% bearish,of 2 ratings,N/A
ISBC,$11.75,1440706908785,"2,182,457",100% bullish,of 1 rating,$13.25
NVIV,$9.33,1440706909028,"194,446",50% bullish,of 4 ratings,$24.50
IVTY,$14.1,1440706909060,"22,246",Not yet rated,NULL,$18
IPAS,$1.08,1440706909086,"75,065",67% bullish,of 3 ratings,N/A
DTUL,NULL,1440706909114,0,Not yet rated,NULL,N/A
DFVL,NULL,1440706909157,0,Not yet rated,NULL,N/A
IPCM,$79.14,1440706909219,"181,269",50% bullish,of 2 ratings,$80.125
IPGP,$85.8272,1440706909259,"544,170",100% bearish,of 2 ratings,$109.50
IRMD,$25.34,1440706909285,"9,431",67% bearish,of 3 ratings,$25
IRDM,$7.11,1440706909414,"562,213",60% bullish,of 5 ratings,$11.50
IRBT,$28.48,1440706909545,"196,705",67% bullish,of 6 ratings,$37
IRIX,$6.72,1440706909570,"8,550",100% bearish,of 1 rating,N/A
IRDMB,$279.2,1440706909596,554,67% bearish,of 3 ratings,N/A
IRWD,$10.9905,1440706909622,"860,332",100% bearish,of 1 rating,$13
IRCP,NULL,1440706909649,0,100% bullish,of 2 ratings,N/A
COMT,$32.83,1440706909840,"31,987",100% bearish,of 1 rating,N/A
GNMA,$50.25,1440706910203,"4,341",Not yet rated,NULL,N/A
FCHI,NULL,1440706910257,0,NULL,NULL,NULL
IFAS,NULL,1440706910358,0,NULL,NULL,NULL
IFEU,$38.24,1440706910386,"7,404",Not yet rated,NULL,N/A
IFGL,$28.87,1440706910491,"250,674",Not yet rated,NULL,N/A
ACWX,$41.17,1440706910915,"1,184,998",100% bearish,of 1 rating,N/A
AXJS,NULL,1440706910941,0,NULL,NULL,NULL
IFNA,NULL,1440706911016,0,NULL,NULL,NULL
ACWI,$56.35,1440706911086,"2,119,303",Not yet rated,NULL,N/A
AAIT,NULL,1440706911485,0,NULL,NULL,NULL
AAXJ,$54.27,1440706911545,"1,102,232",Not yet rated,NULL,N/A
EEMA,$51.06,1440706911733,"38,856",Not yet rated,NULL,N/A
EEME,NULL,1440706911793,0,NULL,NULL,NULL
EMDI,NULL,1440706911815,0,NULL,NULL,NULL
EGRW,NULL,1440706911892,0,NULL,NULL,NULL
EMEY,NULL,1440706911988,0,NULL,NULL,NULL
EEML,$27.92,1440706912156,"9,006",Not yet rated,NULL,N/A
EVAL,NULL,1440706912216,0,NULL,NULL,NULL
IEUS,$45.47,1440706912384,"4,169",100% bearish,of 1 rating,N/A
QAT,$21.6,1440706912411,"13,695",Not yet rated,NULL,N/A
EUFN,$22.05,1440706912432,"55,343",100% bearish,of 1 rating,N/A
IBB,$347.2773,1440706912461,"1,433,004",63% bullish,of 8 ratings,N/A
EMIF,$29.12,1440706912590,"4,166",Not yet rated,NULL,N/A
UAE,$18.3,1440706912616,"17,620",Not yet rated,NULL,N/A
SOXX,$82.77,1440706912637,"692,426",50% bullish,of 2 ratings,N/A
ICLN,$9.66,1440706912682,"22,300",50% bullish,of 2 ratings,N/A
WOOD,$48.13,1440706912781,"9,339",50% bullish,of 2 ratings,N/A
INDY,$27.98,1440706912809,"291,675",50% bullish,of 2 ratings,N/A
ISHG,$79.6,1440706912833,"16,680",100% bearish,of 1 rating,N/A
IGOV,$90.865,1440706912939,"16,724",100% bearish,of 1 rating,N/A
ISIS,$51.56,1440706912977,"1,136,145",53% bullish,of 15 ratings,$67
ISLE,$17,1440706913130,"250,629",50% bullish,of 4 ratings,$16
XXIA,$15.09,1440706913563,"319,840",71% bullish,of 7 ratings,$14.625
ISRL,$131,1440706913590,268,100% bearish,of 1 rating,N/A
ITUS,$4.08,1440706913615,"9,184",Not yet rated,NULL,N/A
ITRN,$24.18,1440706913647,"16,603",50% bullish,of 2 ratings,N/A
ITRI,$29.64,1440706913668,"330,846",Not yet rated,NULL,$37
IXYS,$10.83,1440706913719,"89,499",50% bullish,of 4 ratings,N/A
JJSF,$114.43,1440706913923,"33,985",100% bearish,of 1 rating,N/A
MAYS,NULL,1440706913978,0,Not yet rated,NULL,N/A
JKHY,$67.8336,1440706914008,"406,038",50% bullish,of 2 ratings,$72
JCOM,$69.21,1440706914042,"170,304",100% bullish,of 2 ratings,$77
JACK,$81.24,1440706914074,"313,349",83% bullish,of 6 ratings,$105
JXSB,NULL,1440706914140,0,Not yet rated,NULL,N/A
JASO,$7.97,1440706914169,"846,098",82% bullish,of 17 ratings,$10
JBHT,$73.51,1440706914203,"721,788",50% bullish,of 4 ratings,$89.50
JAXB,NULL,1440706914306,0,100% bullish,of 1 rating,N/A
JAGX,$4.15,1440706914553,"15,594",Not yet rated,NULL,N/A
JAKK,$9.3181,1440706914578,"579,293",60% bearish,of 5 ratings,$11
JRVR,$26.6,1440706914615,"51,225",Not yet rated,NULL,$32
JD,$27.2,1440706914751,"6,152,601",75% bullish,of 16 ratings,$36
JASN,$4.8861,1440706914806,"9,904",50% bullish,of 2 ratings,$9.50
JMBA,$13.6777,1440706914831,"83,843",75% bullish,of 4 ratings,$18
ERW,NULL,1440706914856,0,Not yet rated,NULL,N/A
JASNW,NULL,1440706914989,0,50% bullish,of 2 ratings,N/A
JBLU,$22.3845,1440706915233,"6,142,307",94% bullish,of 18 ratings,$27
JTPY,$2.89,1440706915276,"1,564",100% bearish,of 1 rating,N/A
JAZZ,$170.77,1440706915436,"244,261",80% bullish,of 15 ratings,$206.50
JCTCF,$9.5,1440706915606,"2,400",100% bullish,of 1 rating,N/A
DATE,$5.9,1440706915714,"111,515",75% bullish,of 4 ratings,$9
JST,$3.85,1440706915915,"38,232",75% bullish,of 4 ratings,N/A
JIVE,$4.32,1440706915974,"350,774",75% bullish,of 4 ratings,$5
WYIGU,$10,1440706916930,"3,300",Not yet rated,NULL,N/A
JOEZ,$0.169,1440706917153,"106,474",92% bullish,of 12 ratings,N/A
JBSS,$53.28,1440706917223,"36,531",67% bearish,of 3 ratings,N/A
JOUT,$22.59,1440706917283,"10,744",100% bearish,of 1 rating,$34
JNP,$11,1440706917415,"68,801",100% bullish,of 3 ratings,$15
KBIO,$1.97,1440706917623,"27,678",50% bullish,of 4 ratings,N/A
JUNO,$37.2742,1440706917649,"817,662",73% bullish,of 11 ratings,$71.50
