Symbol,Price,Date,Volume,Rating,RatingVoteCount,OneYearEstimate
TFSCR,NULL,1441052402741,0,Not yet rated,NULL,N/A
TFSCU,$10.21,1441052402818,"1,300",Not yet rated,NULL,N/A
SRCE,$29.95,1441052402856,"12,393",100% bullish,of 3 ratings,$33
FCCY,$11.65,1441052402882,591,100% bullish,of 1 rating,$13
TFSCW,$0.23,1441052402918,932,100% bearish,of 1 rating,N/A
FCTY,$7.8605,1441052402943,"2,843",100% bullish,of 1 rating,$8.50
TFSC,$9.7401,1441052402968,539,100% bearish,of 1 rating,N/A
PIH,$7.7099,1441052402989,"9,000",100% bearish,of 1 rating,N/A
FLWS,$8.385,1441052403163,"483,796",80% bullish,of 5 ratings,$15
TWOU,$35.01,1441052403217,"149,499",50% bullish,of 2 ratings,$39
UGLD,$9.248,1441052403349,"171,931",100% bearish,of 1 rating,N/A
JOBS,$26.97,1441052403385,"86,049",50% bullish,of 4 ratings,$36
VNET,$17.89,1441052403411,"274,307",60% bullish,of 5 ratings,$35
DSLV,$69.1132,1441052403436,"6,900",100% bearish,of 1 rating,N/A
DGLD,$80.7101,1441052403460,"9,481",100% bullish,of 1 rating,N/A
USLV,$12.56,1441052403491,"218,690",86% bullish,of 7 ratings,N/A
CAFD,$14.92,1441052403860,"114,300",Not yet rated,NULL,$25
EGHT,$7.71,1441052403889,"225,437",82% bullish,of 17 ratings,$11
AVHI,$14.27,1441052403915,"23,003",100% bearish,of 1 rating,$19
SIXD,$2.39,1441052403992,"76,170",Not yet rated,NULL,N/A
SHLM,$34.25,1441052404067,"32,789",100% bearish,of 1 rating,$47
ABY,$22.78,1441052404263,"404,305",100% bearish,of 2 ratings,$46
ABAX,$47.01,1441052404320,"64,915",100% bearish,of 1 rating,$60
ABGB,$5.82,1441052404359,"28,139",67% bullish,of 3 ratings,$5.50
ABEOW,$1.8,1441052404386,"2,875",100% bullish,of 1 rating,N/A
AAON,$20.68,1441052404419,"48,745",100% bearish,of 1 rating,$24
ABMD,$96.16,1441052404440,"195,169",75% bullish,of 4 ratings,$100.50
AXAS,$1.96,1441052404530,"708,397",78% bullish,of 9 ratings,$3.50
ACTG,$9.52,1441052404566,"104,531",67% bullish,of 3 ratings,$18.50
ABEO,$4.69,1441052404721,"63,431",50% bullish,of 4 ratings,$15.50
ACHC,$73.026,1441052404819,"353,893",50% bullish,of 2 ratings,$92
ACAD,$36.95,1441052404844,"398,879",80% bullish,of 20 ratings,$48
XLRN,$29.03,1441052405116,"55,797",50% bullish,of 2 ratings,$57
ACST,$0.355,1441052405140,"28,022",100% bullish,of 2 ratings,N/A
ARAY,$6.91,1441052405200,"796,116",100% bearish,of 1 rating,$10.50
AXDX,$19.64,1441052405227,"100,326",100% bearish,of 1 rating,N/A
ANCX,$20.46,1441052405288,"18,471",Not yet rated,NULL,$20
ACRX,$4.3,1441052405379,"178,365",67% bearish,of 6 ratings,$5.50
ACET,$22.43,1441052405443,"28,418",75% bullish,of 4 ratings,$30
AKAO,$6.9,1441052405470,"23,046",75% bullish,of 4 ratings,$15
VXDN,$1.96,1441052405601,"32,910",100% bearish,of 1 rating,N/A
VXUP,$1.5554,1441052405636,"45,383",100% bearish,of 1 rating,N/A
ACHN,$7.43,1441052405697,"1,158,296",90% bullish,of 21 ratings,$16
ACIW,$21.34,1441052405788,"154,211",67% bearish,of 3 ratings,$24
ACNB,$20,1441052405887,670,Not yet rated,NULL,N/A
ACOR,$31.99,1441052406028,"470,525",67% bearish,of 3 ratings,$38.50
ACPW,$2.0399,1441052406114,"113,672",100% bullish,of 4 ratings,$3.50
ACTS,$1.71,1441052406157,"82,175",100% bearish,of 1 rating,N/A
ATVI,$28.68,1441052406186,"6,919,027",67% bullish,of 84 ratings,$31.50
ACXM,$21,1441052406247,"209,713",67% bullish,of 3 ratings,N/A
ACTA,$14.22,1441052406278,"39,028",67% bearish,of 3 ratings,$25
ACUR,$3,1441052406303,"19,779",100% bullish,of 5 ratings,$5
ADMS,$19.98,1441052406450,"32,389",100% bearish,of 2 ratings,$36
ADMP,$3.66,1441052406628,"11,141",50% bullish,of 2 ratings,$10
ADUS,$28.78,1441052406658,"35,889",100% bearish,of 1 rating,$31
ADAP,$10.83,1441052406733,"74,032",67% bullish,of 3 ratings,$22
AEY,$2.39,1441052406758,"10,328",100% bearish,of 2 ratings,N/A
ADEP,$7.07,1441052406888,"97,215",50% bullish,of 2 ratings,$10.75
ADMA,$9.1801,1441052407016,"11,903",Not yet rated,NULL,$19
ADTN,$16.022,1441052407045,"238,464",67% bullish,of 3 ratings,$17.125
AEIS,$24.2722,1441052407113,"93,497",50% bullish,of 2 ratings,$32.50
ADBE,$78.566,1441052407144,"886,997",65% bullish,of 17 ratings,$90
ADRO,$19.34,1441052407173,"173,987",80% bullish,of 5 ratings,$45.50
ADXS,$14.7978,1441052407198,"568,187",64% bullish,of 14 ratings,$27
AMD,$1.815,1441052407246,"3,966,644",83% bullish,of 103 ratings,$2
ADXSW,$10.4099,1441052407374,"6,165",100% bullish,of 1 rating,N/A
YPRO,$23.0899,1441052407509,185,100% bearish,of 1 rating,N/A
MULT,$23.103,1441052407580,200,100% bearish,of 1 rating,N/A
AEGR,$17.79,1441052407611,"125,395",50% bullish,of 6 ratings,$26
AEGN,$18.42,1441052407673,"64,015",100% bearish,of 2 ratings,$21
AMTX,$3.0699,1441052407834,"7,000",50% bullish,of 2 ratings,$26.11
AEHR,$2.3101,1441052407859,"4,322",50% bullish,of 2 ratings,N/A
AERI,$15.79,1441052407886,"416,838",75% bullish,of 4 ratings,$31.50
AEPI,$54.45,1441052407915,"14,591",100% bearish,of 1 rating,N/A
AEMD,$7.58,1441052408017,"186,791",Not yet rated,NULL,$27.50
AFMD,$10.08,1441052408085,"91,721",50% bullish,of 4 ratings,$15
AVAV,$23.97,1441052408112,"33,855",50% bullish,of 4 ratings,$31
AEZS,$0.087,1441052408248,"9,290,093",90% bullish,of 21 ratings,$1.50
AFFX,$9.34,1441052408304,"239,215",80% bullish,of 5 ratings,$12.50
AGRX,$8.82,1441052408353,"5,876",100% bearish,of 1 rating,$17.50
AGEN,$7.13,1441052408378,"346,457",85% bullish,of 13 ratings,$14
AGFS,$9.8707,1441052408696,"55,490",100% bearish,of 1 rating,N/A
AIMT,$21.073,1441052408728,"139,697",Not yet rated,NULL,N/A
AGYS,$10.27,1441052408757,"23,802",100% bearish,of 1 rating,N/A
AIRM,$37.45,1441052408798,"96,742",80% bearish,of 5 ratings,$53
AGFSW,$2.02,1441052408825,"43,936",100% bearish,of 2 ratings,N/A
ATSG,$9.09,1441052408855,"80,305",67% bullish,of 3 ratings,$13
AGIO,$87.19,1441052408885,"138,929",88% bullish,of 8 ratings,$114
AIRT,$22.485,1441052409017,768,100% bullish,of 1 rating,N/A
AMCN,$4.57,1441052409114,"79,908",83% bullish,of 6 ratings,N/A
AIXG,$6.36,1441052409144,"8,112",67% bearish,of 3 ratings,$5.25
AKAM,$71.41,1441052409246,"720,838",63% bullish,of 8 ratings,$77
AKBA,$6.97,1441052409273,"103,417",100% bearish,of 1 rating,$18
AKRX,$39.83,1441052409558,"296,769",78% bullish,of 9 ratings,$56
ALRM,$17.09,1441052409629,"48,364",100% bearish,of 1 rating,$22
AKER,$2.56,1441052409661,"20,189",Not yet rated,NULL,N/A
ALSK,$2.22,1441052409683,"105,742",78% bullish,of 18 ratings,$2
AMRI,$19.9378,1441052409715,"86,017",75% bearish,of 4 ratings,$24
ABDC,$13.04,1441052409757,"26,977",Not yet rated,NULL,$15
ALDR,$38.81,1441052409846,"261,332",67% bearish,of 3 ratings,$62
ADHD,$7.7,1441052409873,"113,510",50% bullish,of 4 ratings,$18
ALXA,$1.14,1441052410178,"3,860",83% bullish,of 6 ratings,$2.125
ALDX,$7.2,1441052410208,"4,086",100% bearish,of 1 rating,$14.50
ALXN,$173.31,1441052410233,"742,754",88% bullish,of 8 ratings,$223
ALCO,$42.0678,1441052410263,"3,950",50% bullish,of 2 ratings,N/A
ALKS,$59.556,1441052410431,"335,035",67% bullish,of 3 ratings,$75
ALIM,$3.4,1441052410463,"35,779",80% bullish,of 5 ratings,$10
ALGN,$56.596,1441052410488,"173,529",100% bearish,of 2 ratings,$73
AIQ,$14.3178,1441052410625,"7,394",67% bullish,of 3 ratings,N/A
AFOP,$18.92,1441052410672,"126,458",75% bullish,of 8 ratings,$21
ALGT,$203.2578,1441052410724,"94,312",100% bearish,of 2 ratings,$235
ARLP,$25.66,1441052410932,"117,851",67% bearish,of 3 ratings,$32
ALLB,$22.64,1441052411063,100,Not yet rated,NULL,N/A
AMOT,$19.0178,1441052411157,"63,484",100% bearish,of 1 rating,N/A
AHGP,$36.0122,1441052411182,"58,304",67% bullish,of 3 ratings,N/A
AHPI,$1.45,1441052411218,"1,280",50% bullish,of 2 ratings,N/A
ALQA,$4.5,1441052411262,"26,489",75% bullish,of 4 ratings,$8.50
MDRX,$13.79,1441052411310,"1,055,998",60% bullish,of 5 ratings,$16
ALLT,$5.23,1441052411356,"216,775",75% bullish,of 4 ratings,$6.25
ATEC,$0.565,1441052411724,"56,800",100% bullish,of 1 rating,$2
AOSL,$7.57,1441052411754,"120,181",67% bullish,of 3 ratings,$9
SMCP,NULL,1441052411775,0,Not yet rated,NULL,N/A
AFAM,$44.3022,1441052411832,"37,167",50% bullish,of 2 ratings,$44
ALNY,$102.906,1441052411855,"825,933",67% bullish,of 3 ratings,$148.50
ALTR,$48.546,1441052411876,"773,444",80% bearish,of 5 ratings,$54
ASPS,$27.21,1441052411909,"122,300",67% bullish,of 3 ratings,$46.50
AIMC,$25,1441052412223,"46,712",100% bearish,of 2 ratings,$28.50
AMAG,$62.538,1441052412253,"369,815",100% bullish,of 2 ratings,$77.50
AMRK,$10.55,1441052412308,"5,600",50% bullish,of 2 ratings,$14
AYA,$20.7323,1441052412356,"7,693",100% bearish,of 1 rating,$40
AMZN,$514.77,1441052412445,"1,251,408",81% bullish,of 264 ratings,$646
AMRN,$2.2,1441052412644,"880,712",85% bullish,of 39 ratings,$8
AMBCW,$7.75,1441052412721,500,100% bearish,of 1 rating,N/A
AMBC,$16.32,1441052412819,"149,562",100% bearish,of 1 rating,$16.50
DOX,$57.32,1441052412841,"150,279",67% bearish,of 3 ratings,$60
EPAX,$2.69,1441052412873,"7,100",100% bearish,of 1 rating,N/A
AMDA,$0.4666,1441052412915,"405,993",90% bullish,of 10 ratings,$1
AMBA,$96.14,1441052412945,"1,832,385",83% bullish,of 12 ratings,$102.50
AMCX,$72.376,1441052413050,"268,267",67% bullish,of 3 ratings,$87.50
UHAL,$374.5563,1441052413232,"8,525",100% bullish,of 2 ratings,$393.50
ASBI,$22.76,1441052413315,986,Not yet rated,NULL,N/A
AMED,$38.7,1441052413362,"147,921",100% bearish,of 1 rating,$42
AGNC,$19.16,1441052413447,"2,328,277",71% bullish,of 28 ratings,$22
AMOV,$18.2,1441052413580,598,100% bearish,of 1 rating,N/A
AAL,$39.07,1441052413610,"6,398,402",93% bullish,of 88 ratings,$57
ATAX,$5.39,1441052413637,"97,597",100% bullish,of 1 rating,$6.50
AGNCB,$24.2599,1441052413711,"24,108",Not yet rated,NULL,N/A
AGNCP,$25.35,1441052413766,"5,318",Not yet rated,NULL,N/A
MTGEP,$24.2001,1441052413853,"2,800",Not yet rated,NULL,N/A
ACSF,$12.1801,1441052413939,"26,336",100% bearish,of 1 rating,$15
ANCI,$1.55,1441052414180,200,100% bearish,of 1 rating,N/A
AETI,$3.39,1441052414220,"9,500",67% bearish,of 3 ratings,N/A
MTGE,$15.28,1441052414251,"342,453",75% bullish,of 4 ratings,$19.50
AMIC,NULL,1441052414312,0,100% bearish,of 1 rating,N/A
ACAS,$13.9,1441052414348,"854,107",60% bullish,of 5 ratings,$16.75
AMNB,$23.69,1441052414443,"7,747",Not yet rated,NULL,$25.50
APEI,$22.01,1441052414603,"70,747",100% bearish,of 1 rating,$25.50
ARII,$41.72,1441052414702,"159,002",67% bearish,of 3 ratings,$45
AMRB,$10.06,1441052414742,"61,477",Not yet rated,NULL,$11
ASEI,$39.3078,1441052414771,"16,936",100% bearish,of 1 rating,$52.50
ANAT,$99.24,1441052414804,"42,184",100% bullish,of 1 rating,N/A
AMSWA,$9.14,1441052414875,"188,016",100% bearish,of 2 ratings,$10.75
AMSC,$5.47,1441052414935,"292,775",50% bullish,of 4 ratings,N/A
AMWD,$66.2822,1441052414960,"76,117",50% bullish,of 2 ratings,$70
CRMT,$35.7978,1441052415223,"14,384",100% bearish,of 1 rating,$39
ABCB,$27.2678,1441052415268,"58,731",Not yet rated,NULL,$31
AMSF,$46.83,1441052415367,"33,795",Not yet rated,NULL,$57.50
ASRV,$3.296,1441052415464,"2,477",100% bullish,of 2 ratings,N/A
AMGN,$152.81,1441052415492,"1,954,001",89% bullish,of 19 ratings,$185
FOLD,$14.43,1441052415522,"1,144,290",56% bullish,of 9 ratings,$21
ATLO,$23.6678,1441052415593,"1,250",Not yet rated,NULL,N/A
ASRVP,NULL,1441052415620,0,Not yet rated,NULL,N/A
AMKR,$5.44,1441052415680,"1,588,007",100% bearish,of 2 ratings,$5
AMSG,$78.71,1441052415823,"144,773",100% bearish,of 1 rating,$85.50
ASYS,$5.45,1441052415956,"31,457",67% bullish,of 3 ratings,$12
AFSI,$58.25,1441052415982,"177,470",60% bullish,of 5 ratings,$72
AMPH,$12.8678,1441052416012,"67,063",50% bullish,of 2 ratings,$20
AMSGP,$149.73,1441052416038,600,Not yet rated,NULL,N/A
AMRS,$1.82,1441052416117,"117,455",70% bullish,of 10 ratings,N/A
ANAC,$130.4078,1441052416283,"235,335",80% bullish,of 5 ratings,$180.50
ADI,$55.856,1441052416433,"1,249,051",67% bullish,of 3 ratings,$69
ANAD,$0.3276,1441052416458,"57,984",100% bullish,of 2 ratings,$.50
ANCB,$21.98,1441052416493,500,Not yet rated,NULL,$23
ALOG,$80.58,1441052416526,"56,632",100% bearish,of 2 ratings,$100.50
AMCF,$0.205,1441052416626,"164,735",100% bullish,of 7 ratings,N/A
ABCW,$40.91,1441052416656,"8,439",67% bullish,of 3 ratings,N/A
ANGI,$5.31,1441052416753,"437,831",64% bullish,of 11 ratings,$5.50
ANGO,$14.76,1441052416880,"92,843",67% bullish,of 3 ratings,$19
ANIK,$35.34,1441052416981,"102,330",60% bullish,of 5 ratings,$51.25
ANSS,$88.596,1441052417015,"195,963",100% bearish,of 1 rating,$100
ANIP,$49.01,1441052417041,"81,835",89% bullish,of 19 ratings,$66
ATRS,$1.8,1441052417112,"356,288",92% bullish,of 12 ratings,$4.50
ANTH,$6.87,1441052417190,"396,047",80% bullish,of 10 ratings,$13
ABAC,$0.786,1441052417240,"3,025",100% bearish,of 1 rating,N/A
ATNY,$2.34,1441052417410,"3,702",50% bullish,of 2 ratings,$3.75
APIC,$6.51,1441052417469,"37,556",100% bearish,of 1 rating,$19
AINV,$6.525,1441052417572,"1,547,214",50% bullish,of 4 ratings,$8
APOL,$11.11,1441052417596,"719,901",87% bearish,of 68 ratings,$14
APOG,$52.27,1441052417658,"96,979",50% bullish,of 2 ratings,$67
AAPL,$112.93,1441052417682,"27,673,434",86% bullish,of 2357 ratings,$150
APPF,$16.01,1441052417860,"40,126",50% bullish,of 2 ratings,$22
ARCI,$1.18,1441052417885,"3,600",Not yet rated,NULL,N/A
APDNW,$1.3601,1441052418017,"8,520",Not yet rated,NULL,N/A
APDN,$3.5301,1441052418090,"75,357",Not yet rated,NULL,$9
AMCC,$5.85,1441052418119,"237,329",80% bullish,of 5 ratings,$8
AGTC,$16.43,1441052418139,"19,819",50% bullish,of 2 ratings,$33
AMAT,$16.115,1441052418167,"7,583,759",82% bullish,of 11 ratings,$23
AAOI,$20.61,1441052418330,"175,763",50% bullish,of 4 ratings,$26
AREX,$2.57,1441052418357,"529,091",100% bearish,of 1 rating,$3
APRI,$1.692,1441052418414,"1,299,280",83% bullish,of 6 ratings,$4.86
AQMS,$4.986,1441052418488,"31,745",Not yet rated,NULL,N/A
APTO,$5.4,1441052418617,"3,976",Not yet rated,NULL,$17
AUMA,NULL,1441052418642,0,Not yet rated,NULL,N/A
AQXP,$17.01,1441052418663,"228,164",50% bullish,of 2 ratings,$2
ARDM,$6.8999,1441052418918,"2,451",100% bullish,of 1 rating,$26
AUMAU,NULL,1441052418948,0,Not yet rated,NULL,N/A
PETX,$17.79,1441052418969,"124,819",100% bearish,of 2 ratings,$26
ABUS,$7.145,1441052419019,"254,164",86% bullish,of 14 ratings,$23
AUMAW,NULL,1441052419099,0,Not yet rated,NULL,N/A
ARCW,$3.67,1441052419169,"6,359",100% bearish,of 2 ratings,$10.50
ABIO,$0.8999,1441052419194,"111,236",50% bullish,of 2 ratings,$3.75
RKDA,$6.5122,1441052419224,"11,262",100% bearish,of 2 ratings,$10
ARCB,$28.97,1441052419355,"85,308",67% bearish,of 3 ratings,$39.50
ACGL,$68.41,1441052419494,"214,028",50% bullish,of 2 ratings,$72
ACAT,$26.4322,1441052419522,"92,269",100% bearish,of 3 ratings,$33
ARCC,$15.8,1441052419651,"882,803",67% bearish,of 3 ratings,$17.75
ARNA,$2.71,1441052419710,"1,689,269",90% bullish,of 78 ratings,$5.50
ARDX,$18.93,1441052419731,"49,603",50% bullish,of 2 ratings,$24.50
AGIIL,$25.18,1441052419817,"2,925",Not yet rated,NULL,N/A
AGII,$56.01,1441052419842,"53,077",Not yet rated,NULL,$59.50
ARGS,$6.2,1441052420033,"59,643",50% bullish,of 2 ratings,$19.50
ARKR,$24.8391,1441052420133,927,50% bullish,of 2 ratings,N/A
ARIS,$3.7,1441052420238,"9,243",Not yet rated,NULL,$4.50
ARIA,$9.51,1441052420269,"7,520,077",87% bullish,of 46 ratings,$9
ARWA,NULL,1441052420309,0,Not yet rated,NULL,N/A
ARMH,$42.245,1441052420373,"965,931",54% bearish,of 13 ratings,$60
ARTX,$1.47,1441052420400,"13,861",88% bullish,of 16 ratings,$4.50
ARWAR,NULL,1441052420444,0,Not yet rated,NULL,N/A
ARWAU,NULL,1441052420589,0,100% bullish,of 1 rating,N/A
ARWAW,NULL,1441052420681,0,Not yet rated,NULL,N/A
ARQL,$1.69,1441052420850,"87,568",75% bullish,of 4 ratings,$5
ARRY,$5.9,1441052420875,"1,170,296",100% bullish,of 7 ratings,$10
ARRS,$26.49,1441052420904,"421,506",50% bullish,of 2 ratings,$38
DWAT,$10.01,1441052420925,5,100% bearish,of 1 rating,N/A
ARTNA,$21.9878,1441052421066,"5,302",100% bearish,of 1 rating,$29
AROW,$27.5278,1441052421112,"3,511",Not yet rated,NULL,N/A
ARTW,$4.2899,1441052421292,964,75% bearish,of 4 ratings,N/A
ARWR,$5.95,1441052421324,"519,663",75% bullish,of 4 ratings,$10.50
ASBB,NULL,1441052421355,0,Not yet rated,NULL,N/A
ASND,$19.12,1441052421395,"21,242",50% bullish,of 2 ratings,$30
ASNA,$12.07,1441052421424,"1,191,964",50% bullish,of 2 ratings,$18
APWC,$1.7499,1441052421453,"2,070",100% bearish,of 1 rating,N/A
ASCMA,$27.99,1441052421582,"35,911",100% bearish,of 1 rating,$45
ASTI,$0.1097,1441052421616,"1,400,125",83% bullish,of 6 ratings,$3
ASMI,NULL,1441052421845,0,NULL,NULL,NULL
ASML,$91.32,1441052421871,"349,897",50% bullish,of 4 ratings,$127
ASMB,$13.71,1441052421952,"53,220",67% bullish,of 3 ratings,N/A
AZPN,$38,1441052422002,"167,756",50% bullish,of 2 ratings,$42
ASTE,$39.51,1441052422198,"111,113",100% bearish,of 1 rating,$48
ALOT,$13.526,1441052422231,"1,416",100% bearish,of 1 rating,N/A
ATRO,$51.64,1441052422291,"59,130",100% bearish,of 2 ratings,$80
ASTC,$2.01,1441052422326,"27,567",100% bullish,of 5 ratings,N/A
ASUR,$5.75,1441052422355,"10,600",50% bullish,of 2 ratings,$8
ASFI,$8.9,1441052422381,"2,800",100% bullish,of 1 rating,N/A
ATRA,$40.97,1441052422458,"170,051",50% bullish,of 2 ratings,$68
AFCB,NULL,1441052422619,0,Not yet rated,NULL,N/A
ATAI,$2.4086,1441052422711,"3,942",100% bearish,of 1 rating,N/A
ATHX,$1.14,1441052422749,"102,951",89% bullish,of 9 ratings,$5
ATHN,$133.37,1441052422774,"113,038",67% bearish,of 3 ratings,$153
AAPC,NULL,1441052422962,0,Not yet rated,NULL,N/A
AAME,$3.54,1441052423098,300,Not yet rated,NULL,N/A
AFH,$16.1322,1441052423172,"19,250",Not yet rated,NULL,$21.50
AAWW,$41.37,1441052423197,"109,565",50% bullish,of 2 ratings,$65
ATLC,$3.9899,1441052423225,"1,899",67% bullish,of 3 ratings,N/A
ATNI,$71.4478,1441052423250,"49,336",100% bearish,of 1 rating,$69.50
ATOS,$0.79,1441052423279,"17,268",100% bullish,of 7 ratings,$7
ACFC,$5.3,1441052423440,"57,333",100% bearish,of 1 rating,$6.50
ATML,$8.16,1441052423526,"3,713,001",78% bullish,of 9 ratings,$9.50
ATRC,$24.44,1441052423613,"73,150",100% bullish,of 1 rating,$30
ATRI,$386.9978,1441052423654,"1,078",Not yet rated,NULL,N/A
ATRM,$2.8599,1441052423716,"1,000",50% bullish,of 2 ratings,N/A
ATTU,$13,1441052423888,"18,729",100% bearish,of 1 rating,$20.50
LIFE,$14.48,1441052423940,"15,204",86% bullish,of 7 ratings,$43
EARS,$4.81,1441052424088,"5,341",100% bearish,of 2 ratings,$11
AUDC,$3.3911,1441052424116,"46,815",80% bullish,of 5 ratings,$5
ABTL,$17.65,1441052424159,"47,177",100% bullish,of 4 ratings,$20.25
AUBN,$26.5,1441052424191,100,Not yet rated,NULL,N/A
AUPH,$3.4,1441052424244,"53,745",100% bearish,of 1 rating,$8
ADAT,$0.3086,1441052424273,"203,069",100% bullish,of 2 ratings,N/A
ADP,$77.51,1441052424300,"1,144,870",100% bearish,of 1 rating,$88
AVGO,$126.61,1441052424464,"1,347,702",88% bullish,of 8 ratings,$165
ADSK,$46.91,1441052424507,"2,194,369",67% bullish,of 6 ratings,$66
AVNU,$12.3101,1441052424691,"21,652",Not yet rated,NULL,$14
AAVL,$10.48,1441052424724,"159,362",100% bearish,of 1 rating,$20
AVEO,$1.39,1441052424749,"414,307",75% bullish,of 8 ratings,$3
AVNW,$1.17,1441052424922,"57,737",50% bullish,of 2 ratings,$2.20
AVID,$8.31,1441052424951,"141,427",100% bearish,of 1 rating,$20
CAR,$44.25,1441052424977,"796,581",80% bullish,of 5 ratings,$60
ACLS,$3.26,1441052424997,"423,277",67% bullish,of 6 ratings,$4.75
AVGR,$14.44,1441052425159,"6,675",100% bearish,of 1 rating,$20
AXPWW,NULL,1441052425186,0,Not yet rated,NULL,N/A
AWRE,$3.18,1441052425213,"2,950",67% bullish,of 3 ratings,N/A
AXPW,$2.46,1441052425238,"5,062,390",83% bullish,of 6 ratings,N/A
AXGN,$4.8,1441052425407,"226,578",Not yet rated,NULL,$5
AXTI,$2.17,1441052425476,"30,518",50% bullish,of 2 ratings,$2.75
BCOM,NULL,1441052425579,0,100% bearish,of 1 rating,N/A
BOSC,$2.21,1441052425723,"2,380",50% bullish,of 2 ratings,N/A
BEAV,$48.87,1441052425748,"374,477",67% bearish,of 3 ratings,$59
RILY,$10.15,1441052425780,200,Not yet rated,NULL,N/A
BCPC,$58.53,1441052425952,"70,390",100% bearish,of 1 rating,$75
BWINA,$23.31,1441052425978,280,Not yet rated,NULL,N/A
BLDP,$1.3383,1441052426003,"169,382",91% bullish,of 22 ratings,$2.50
BIDU,$147.59,1441052426138,"1,680,584",81% bullish,of 88 ratings,$210
BANF,$60.56,1441052426201,"8,816",Not yet rated,NULL,$68
BWINB,$22.9178,1441052426240,"3,419",Not yet rated,NULL,N/A
BOCH,$5.76,1441052426277,"2,407",Not yet rated,NULL,$6.50
BANFP,NULL,1441052426305,0,Not yet rated,NULL,N/A
BMRC,$48.0022,1441052426372,"18,483",Not yet rated,NULL,$52
BKMU,$7.23,1441052426402,"20,659",Not yet rated,NULL,$8
BOTJ,NULL,1441052426658,0,Not yet rated,NULL,N/A
BKSC,$16.75,1441052426912,"6,407",Not yet rated,NULL,N/A
BZUN,$5.13,1441052426995,"112,629",50% bullish,of 2 ratings,$11.50
BANR,$44.4122,1441052427030,"50,148",100% bullish,of 3 ratings,$50
BHAC,NULL,1441052427059,0,Not yet rated,NULL,N/A
BWFG,$18.1799,1441052427121,306,100% bearish,of 1 rating,N/A
OZRK,$41.83,1441052427146,"169,716",67% bullish,of 3 ratings,$49.50
BFIN,$12.29,1441052427171,"11,047",Not yet rated,NULL,$13
TAPR,NULL,1441052427215,0,100% bearish,of 1 rating,N/A
BBSI,$35.58,1441052427435,"43,422",67% bearish,of 3 ratings,$62.50
BHACR,NULL,1441052427507,0,Not yet rated,NULL,N/A
BSET,$29.02,1441052427573,"37,568",100% bearish,of 1 rating,$35
BHACW,$0.1399,1441052427679,200,Not yet rated,NULL,N/A
BHACU,NULL,1441052427896,0,Not yet rated,NULL,N/A
BV,$5.205,1441052427927,"269,391",67% bullish,of 6 ratings,$9
BCBP,$11.4522,1441052428002,"2,000",Not yet rated,NULL,N/A
BYBK,$5.03,1441052428029,"4,693",100% bearish,of 1 rating,N/A
BBCN,$14.55,1441052428059,"97,291",100% bearish,of 1 rating,$16
BDCV,$4.9506,1441052428160,"14,736",100% bearish,of 1 rating,$10.19
BECN,$36.26,1441052428190,"210,824",50% bullish,of 2 ratings,$40
BYLK,$12.8236,1441052428215,"5,186",Not yet rated,NULL,$14
BBGI,$4,1441052428384,"4,893",100% bearish,of 1 rating,N/A
BEBE,$1.36,1441052428485,"648,186",75% bullish,of 4 ratings,$2.125
BBBY,$62.24,1441052428511,"719,396",71% bullish,of 7 ratings,$75
BSF,$8.56,1441052428536,"2,044",Not yet rated,NULL,N/A
BELFB,$17.66,1441052428772,"33,790",100% bearish,of 1 rating,N/A
BELFA,$14.8701,1441052428809,210,100% bearish,of 1 rating,N/A
BLPH,$5.15,1441052428831,"10,331",100% bearish,of 1 rating,$12.50
BLCM,$17.15,1441052428903,"144,376",50% bullish,of 4 ratings,$40
BNCL,$12.44,1441052428929,"129,697",100% bullish,of 3 ratings,$12.50
BNTC,$8,1441052428976,"15,745",100% bullish,of 1 rating,N/A
BNFT,$36.76,1441052429228,"61,255",67% bullish,of 3 ratings,$46
BGFV,$11.5,1441052429324,"125,731",57% bullish,of 7 ratings,$12
BGMD,$0.72,1441052429354,"97,528",100% bullish,of 10 ratings,N/A
BGCP,$8.77,1441052429376,"485,056",88% bullish,of 8 ratings,$14
ORPN,$5.76,1441052429404,"8,349",100% bullish,of 1 rating,$28.50
BIND,$4.69,1441052429550,"160,947",75% bullish,of 4 ratings,$13.50
BCDA,NULL,1441052429691,0,Not yet rated,NULL,N/A
BIOC,$1.97,1441052429768,"90,386",83% bullish,of 6 ratings,$3.85
BASI,$1.65,1441052429803,"5,448",Not yet rated,NULL,N/A
BCRX,$11.695,1441052429865,"588,405",63% bullish,of 8 ratings,$18
BIIB,$297.3,1441052429896,"711,293",88% bullish,of 16 ratings,$400
BDSI,$6.75,1441052429924,"410,178",88% bullish,of 8 ratings,$17
BIOD,$0.6637,1441052429996,"23,449",80% bullish,of 5 ratings,$4
BIOL,$1.49,1441052430127,"22,464",Not yet rated,NULL,N/A
BLRX,$1.52,1441052430261,"95,064",100% bullish,of 12 ratings,$5
BLFS,$2.75,1441052430337,"6,215,261",100% bearish,of 1 rating,$4.75
BRLI,NULL,1441052430364,0,NULL,NULL,NULL
BMRN,$129.2271,1441052430433,"403,830",80% bullish,of 5 ratings,$160
BVXVW,$0.75,1441052430462,"4,500",100% bearish,of 1 rating,N/A
BVXV,$3.5001,1441052430490,"7,670",Not yet rated,NULL,N/A
BPTH,$1.11,1441052430532,"138,800",100% bullish,of 2 ratings,$5
BBC,$31.32,1441052430727,"12,311",Not yet rated,NULL,N/A
BIOS,$2.4378,1441052430778,"391,979",71% bullish,of 7 ratings,$4
BBP,$32.76,1441052430871,"8,093",Not yet rated,NULL,N/A
BSTC,$49.6899,1441052430922,"70,194",100% bearish,of 1 rating,$76
BSPM,$0.7,1441052430953,"7,084",50% bullish,of 2 ratings,N/A
BOTA,$2.14,1441052430974,"22,069",88% bullish,of 8 ratings,N/A
TECH,$94.69,1441052431051,"76,478",100% bullish,of 1 rating,$117
BEAT,$14.2878,1441052431279,"256,863",67% bearish,of 3 ratings,$15
BDMS,NULL,1441052431339,0,100% bearish,of 1 rating,N/A
BBOX,$15.4022,1441052431415,"61,863",100% bearish,of 1 rating,N/A
BITI,$17.1,1441052431441,"6,244",100% bullish,of 1 rating,$28
BJRI,$42.99,1441052431579,"92,542",50% bullish,of 2 ratings,$55
BLKB,$57.12,1441052431619,"63,492",100% bearish,of 2 ratings,$66
BDE,$7.47,1441052431650,"95,810",50% bullish,of 2 ratings,$9
BBRY,$7.6,1441052431710,"2,553,801",61% bullish,of 330 ratings,$9
HAWK,$39.53,1441052431849,"196,108",91% bullish,of 11 ratings,$49
BKCC,$9.43,1441052431915,"206,391",50% bullish,of 2 ratings,$10
ADRA,$27.1605,1441052431985,845,100% bearish,of 1 rating,N/A
ADRU,$21.79,1441052432117,551,100% bearish,of 1 rating,N/A
ADRD,$22.0799,1441052432144,"8,464",100% bearish,of 1 rating,N/A
ADRE,$29.77,1441052432341,"8,149",100% bearish,of 1 rating,N/A
BLMN,$20.7022,1441052432395,"1,045,883",83% bullish,of 6 ratings,$27.50
BUFF,$25.46,1441052432420,"534,970",83% bullish,of 12 ratings,$31.50
BCOR,$13.97,1441052432449,"126,542",57% bullish,of 7 ratings,$15
BLBD,$11.8178,1441052432470,"5,114",Not yet rated,NULL,N/A
BHBK,$14.1478,1441052432600,"96,998",100% bullish,of 1 rating,$14.50
BBLU,$0.7567,1441052432658,"81,932",100% bullish,of 2 ratings,$4.43
NILE,$34.0578,1441052432684,"81,283",50% bullish,of 2 ratings,$34
BLUE,$133.47,1441052432814,"340,207",71% bullish,of 7 ratings,$217.50
BKEP,$6.175,1441052432899,"40,935",100% bearish,of 1 rating,$8.50
BKEPP,NULL,1441052432923,0,100% bearish,of 1 rating,N/A
BPMC,$27.46,1441052433135,"23,992",50% bullish,of 2 ratings,$47.50
BOFI,$115.84,1441052433160,"206,961",100% bullish,of 6 ratings,$144
BNCN,$20.65,1441052433185,"196,481",Not yet rated,NULL,$24
BOBE,$45.21,1441052433239,"247,119",75% bullish,of 4 ratings,$57
BNSO,$1.2548,1441052433391,266,100% bearish,of 1 rating,N/A
WIFI,$7.54,1441052433440,"115,763",50% bullish,of 2 ratings,$13.50
BOKF,$63.355,1441052433522,"94,634",100% bearish,of 1 rating,$69
BOJA,$20.81,1441052433606,"125,368",100% bullish,of 1 rating,$30
BAMM,$3.19,1441052433634,"27,593",60% bullish,of 5 ratings,N/A
BPFH,$11.9,1441052433661,"121,220",100% bearish,of 1 rating,$14
BONA,$11.59,1441052433689,"62,948",75% bullish,of 4 ratings,$8.50
BPFHP,$25,1441052433871,"2,705",100% bearish,of 1 rating,N/A
BPFHW,NULL,1441052433902,0,100% bearish,of 1 rating,N/A
BDBD,$8.18,1441052434099,"476,297",60% bullish,of 5 ratings,$10
EPAY,$26.79,1441052434144,"73,620",100% bearish,of 2 ratings,$30
BCLI,$3.0101,1441052434231,"47,556",80% bullish,of 5 ratings,$12
BBRG,$12.75,1441052434307,"55,836",67% bullish,of 3 ratings,$14.50
BBEPP,$14.48,1441052434409,"24,728",100% bearish,of 1 rating,N/A
BBEP,$2.87,1441052434434,"1,736,165",69% bullish,of 13 ratings,$5.625
BDGE,$26.34,1441052434461,"17,499",Not yet rated,NULL,$31.75
BLIN,$1.35,1441052434488,"1,000",100% bullish,of 2 ratings,$2.20
BCOV,$5.3322,1441052434617,"31,472",67% bullish,of 3 ratings,$10.20
BRID,NULL,1441052434688,0,100% bearish,of 1 rating,N/A
BRCM,$51.8,1441052434765,"1,904,599",75% bullish,of 12 ratings,$56
BSFT,$31.44,1441052434928,"54,697",57% bullish,of 7 ratings,$40.50
BYFC,$1.46,1441052434955,107,50% bullish,of 2 ratings,N/A
BVSN,$5.98,1441052434981,"4,579",60% bearish,of 5 ratings,N/A
BWEN,$3.19,1441052435142,"14,965",75% bullish,of 4 ratings,$8
BRKL,$10.54,1441052435216,"112,030",100% bearish,of 1 rating,$10.75
BMTC,$29.7,1441052435448,"30,993",Not yet rated,NULL,$34
BRKS,$10.38,1441052435477,"71,100",67% bullish,of 3 ratings,$15.25
BWLD,$189.6822,1441052435538,"99,438",82% bullish,of 11 ratings,$205
BRCD,$10.655,1441052435564,"1,520,404",92% bullish,of 13 ratings,$11.50
BRKR,$18.41,1441052435594,"172,393",100% bearish,of 2 ratings,$22
BLMT,$20.75,1441052435619,"11,197",Not yet rated,NULL,N/A
BLDR,$14.81,1441052435875,"569,041",67% bullish,of 3 ratings,$22
BSQR,$6.08,1441052435908,"51,756",67% bullish,of 3 ratings,N/A
BUR,$1.75,1441052436042,"21,100",100% bearish,of 1 rating,$8
CFFI,$36.06,1441052436067,189,100% bearish,of 1 rating,N/A
CHRW,$67.57,1441052436093,"625,445",Not yet rated,NULL,$72
CCMP,$43.46,1441052436223,"38,653",50% bullish,of 2 ratings,$59
CA,$27.36,1441052436248,"1,070,221",50% bullish,of 4 ratings,$33
CDNS,$20.07,1441052436418,"592,430",75% bullish,of 4 ratings,$22.50
CDZI,$8.001,1441052436526,"53,004",100% bearish,of 1 rating,N/A
CACQ,$7.1,1441052436554,"48,542",100% bearish,of 1 rating,$12.25
CSTE,$39.84,1441052436582,"112,065",50% bullish,of 2 ratings,$65
PRSS,$4.27,1441052436609,"36,146",80% bullish,of 5 ratings,$4.50
CZR,$9.55,1441052436638,"472,621",60% bearish,of 5 ratings,$10.50
CLMS,$10.56,1441052436740,"53,423",Not yet rated,NULL,$10.50
CLBS,$1.54,1441052436871,"118,041",79% bullish,of 14 ratings,$4
CHY,$11.4,1441052436955,"187,330",Not yet rated,NULL,N/A
CFGE,$10.5301,1441052437160,755,Not yet rated,NULL,N/A
CHI,$10.62,1441052437185,"171,922",100% bearish,of 1 rating,N/A
CGO,$12.11,1441052437231,"14,271",100% bearish,of 1 rating,N/A
CCD,$19.22,1441052437257,"91,528",Not yet rated,NULL,N/A
CHW,$7.58,1441052437278,"146,204",100% bearish,of 1 rating,N/A
CVGW,$58.25,1441052437408,"84,978",50% bullish,of 2 ratings,$62
CSQ,$9.96,1441052437433,"249,168",Not yet rated,NULL,N/A
CAMP,$16.54,1441052437473,"191,058",88% bullish,of 8 ratings,$25
CFNB,NULL,1441052437646,0,100% bearish,of 1 rating,N/A
CALA,$5.85,1441052437700,"344,901",100% bullish,of 3 ratings,$19.50
CALD,$15.78,1441052437782,"205,449",100% bearish,of 1 rating,$21
CALM,$53.17,1441052437855,"529,169",80% bullish,of 5 ratings,$65
ABCD,$5.19,1441052437880,"148,092",83% bullish,of 6 ratings,N/A
CLMT,$25.97,1441052438020,"109,079",75% bullish,of 8 ratings,$31
CAMB,NULL,1441052438191,0,Not yet rated,NULL,N/A
CAMBU,NULL,1441052438220,0,100% bearish,of 1 rating,N/A
CAMT,$2.6786,1441052438323,"22,109",73% bullish,of 11 ratings,$4
CAC,$40.0122,1441052438353,"2,488",Not yet rated,NULL,N/A
CAMBW,NULL,1441052438381,0,Not yet rated,NULL,N/A
CGIX,$9.6275,1441052438430,"10,322",67% bullish,of 3 ratings,$14.375
CSIQ,$18.77,1441052438455,"983,730",86% bullish,of 28 ratings,$42.50
CPHC,$10.38,1441052438587,100,100% bearish,of 1 rating,N/A
CBNJ,$11.1398,1441052438663,"17,122",100% bearish,of 1 rating,N/A
CPLA,$48.7,1441052438755,"94,052",67% bearish,of 3 ratings,$65
CBF,$30.79,1441052438793,"126,697",Not yet rated,NULL,$32
CCBG,$14.9378,1441052438818,"4,611",Not yet rated,NULL,$17.25
CPLP,$7.06,1441052438958,"240,496",71% bullish,of 7 ratings,$11
CSWC,$45.76,1441052439088,"8,612",Not yet rated,NULL,N/A
CPTA,$13.73,1441052439115,"30,702",100% bearish,of 1 rating,$18.50
CAPN,$2.3101,1441052439247,"123,190",100% bullish,of 1 rating,$10.85
CAPR,$4.8,1441052439280,"12,100",Not yet rated,NULL,$12
CFFN,$12.08,1441052439301,"327,266",Not yet rated,NULL,$12.75
CAPNW,$0.6898,1441052439322,100,Not yet rated,NULL,N/A
CARA,$18.92,1441052439379,"231,480",50% bullish,of 4 ratings,$25
CPST,$0.4013,1441052439511,"811,636",95% bullish,of 22 ratings,$1.25
CARB,$11.01,1441052439593,"75,605",75% bullish,of 4 ratings,$12
CBYL,$5.45,1441052439737,"6,733",100% bearish,of 1 rating,$20
CRDC,$0.33,1441052439766,"89,233",100% bullish,of 1 rating,$1.25
CFNL,$22.31,1441052439845,"36,259",Not yet rated,NULL,$24
CRME,$8.79,1441052439872,"12,143",89% bullish,of 9 ratings,$11.25
CDNA,$6.98,1441052440046,"3,000",100% bearish,of 1 rating,$9
CSII,$24.0778,1441052440104,"98,792",100% bearish,of 2 ratings,$42.125
CECO,$3.71,1441052440131,"176,939",67% bearish,of 3 ratings,$6
CATM,$34.43,1441052440181,"189,465",100% bearish,of 1 rating,$44
CLBH,$12.7,1441052440377,408,Not yet rated,NULL,$16.50
CKEC,$23.81,1441052440435,"86,769",50% bullish,of 2 ratings,$35.915
CTRE,$11.22,1441052440481,"807,961",50% bullish,of 2 ratings,$13.50
CARO,$15.44,1441052440610,"1,507",100% bearish,of 1 rating,$19
CART,$5.35,1441052440663,"2,200",100% bearish,of 1 rating,N/A
CRZO,$36.51,1441052440716,"941,630",67% bearish,of 3 ratings,$54.50
TAST,$12.65,1441052440742,"240,123",Not yet rated,NULL,$14.25
CARV,$6.45,1441052440869,"34,753",50% bullish,of 2 ratings,N/A
CACB,$5.4078,1441052440897,"48,940",Not yet rated,NULL,$5.50
CRTN,$2.49,1441052440939,"2,200",100% bearish,of 1 rating,N/A
CASM,$1.16,1441052440967,"17,137",100% bullish,of 1 rating,$3.50
CSCD,$15.42,1441052441107,"36,529",100% bullish,of 2 ratings,$17
CWST,$6.16,1441052441286,"35,305",50% bullish,of 2 ratings,$7.25
CASY,$105.95,1441052441313,"84,523",50% bullish,of 2 ratings,$99.50
CASI,$1.38,1441052441333,"8,256",100% bullish,of 1 rating,$3.50
CPRX,$3.63,1441052441503,"230,237",71% bullish,of 7 ratings,$7
CATB,$11.3899,1441052441528,"11,525",100% bearish,of 1 rating,$28
CATYW,NULL,1441052441659,0,100% bearish,of 1 rating,N/A
CASS,$48.19,1441052441689,"9,402",100% bearish,of 1 rating,N/A
CATY,$29.69,1441052441800,"243,632",100% bearish,of 1 rating,$33.50
CBFV,$20.46,1441052441831,886,Not yet rated,NULL,$25
CAVM,$68.11,1441052441856,"175,529",67% bearish,of 3 ratings,$72
CVCO,$71.5478,1441052441903,"7,026",100% bearish,of 1 rating,N/A
CNLM,NULL,1441052441927,0,Not yet rated,NULL,N/A
CNLMR,NULL,1441052442114,0,Not yet rated,NULL,N/A
CNLMU,NULL,1441052442247,0,100% bullish,of 1 rating,N/A
CNLMW,NULL,1441052442298,0,Not yet rated,NULL,N/A
CBOE,$63.37,1441052442318,"209,926",Not yet rated,NULL,$60
CECE,$9.68,1441052442448,"49,503",50% bullish,of 2 ratings,$16
CDK,$49.75,1441052442477,"264,202",67% bearish,of 3 ratings,$50
CDW,$39.855,1441052442546,"717,125",75% bullish,of 4 ratings,$44
CPXX,$2.16,1441052442577,"90,178",100% bullish,of 2 ratings,$7
CELG,$118.7,1441052442607,"3,454,077",92% bullish,of 13 ratings,$155.50
CLDX,$14.905,1441052442705,"672,197",89% bullish,of 9 ratings,$36
CELGZ,$1.66,1441052442732,"31,341",80% bullish,of 5 ratings,N/A
CLDN,$1.13,1441052442775,"60,361",71% bullish,of 7 ratings,$3
CLRBW,$0.92,1441052443033,100,Not yet rated,NULL,N/A
CLSN,$2.085,1441052443166,"43,936",80% bullish,of 10 ratings,$7.50
CBMG,$23.41,1441052443197,"45,451",50% bullish,of 2 ratings,N/A
CLLS,$34,1441052443220,"75,698",75% bullish,of 4 ratings,$51.50
CLRB,$3.1499,1441052443241,485,100% bearish,of 1 rating,N/A
CYAD,$48.79,1441052443274,150,100% bullish,of 1 rating,$87.50
CLTX,$2.488,1441052443299,"421,813",100% bullish,of 2 ratings,N/A
CEMP,$34.3978,1441052443479,"432,185",71% bullish,of 7 ratings,$52
CSFL,$13.82,1441052443580,"55,844",Not yet rated,NULL,$15
CENTA,$12.65,1441052443752,"259,274",Not yet rated,NULL,N/A
CETX,$2.27,1441052443781,"10,952",Not yet rated,NULL,$5.60
CVCY,$11.55,1441052443808,"1,184",Not yet rated,NULL,$12
CETV,$2.1978,1441052443828,"65,602",67% bullish,of 3 ratings,$2.80
CFBK,NULL,1441052443858,0,Not yet rated,NULL,N/A
CENT,$12.24,1441052443878,"73,958",Not yet rated,NULL,$10
CENX,$5.64,1441052444108,"1,259,649",67% bullish,of 6 ratings,$9
CPHD,$48.87,1441052444237,"197,472",67% bearish,of 3 ratings,$66.50
CNBKA,$41.6878,1441052444263,235,50% bullish,of 2 ratings,N/A
CERE,$1.165,1441052444284,"197,619",88% bullish,of 8 ratings,N/A
CNTY,$5.7906,1441052444316,"31,394",80% bullish,of 5 ratings,$7.75
CRNT,$1.477,1441052444337,"188,330",50% bullish,of 2 ratings,$2
CERN,$61.89,1441052444365,"950,329",67% bullish,of 3 ratings,$79
CERU,$4.039,1441052444578,"74,223",75% bullish,of 4 ratings,$14
KOOL,$0.683,1441052444680,"9,299",100% bullish,of 5 ratings,$7
CERS,$4.96,1441052444724,"334,395",75% bullish,of 4 ratings,$7
CEVA,$19.2522,1441052444753,"29,114",100% bearish,of 1 rating,$25
CYOU,$21.01,1441052444780,"210,020",50% bullish,of 6 ratings,$24
HOTRW,NULL,1441052444857,0,Not yet rated,NULL,N/A
HOTR,$1.469,1441052444911,"79,237",100% bullish,of 2 ratings,$5
CTHR,$1.35,1441052444989,"6,256",50% bullish,of 2 ratings,$2.50
GTLS,$25.61,1441052445141,"194,289",50% bullish,of 4 ratings,$40
CHFN,$12.52,1441052445211,"18,095",Not yet rated,NULL,$14
CHTR,$182.1,1441052445282,"562,973",100% bearish,of 2 ratings,$202
CHKP,$78.06,1441052445341,"668,272",50% bullish,of 4 ratings,$92
CHEKW,NULL,1441052445485,0,Not yet rated,NULL,N/A
CEMI,$4.14,1441052445516,"11,374",50% bullish,of 2 ratings,$7.50
CHEK,$2.1101,1441052445556,440,Not yet rated,NULL,$7.75
CHMG,$26.5,1441052445618,200,Not yet rated,NULL,$30
CCXI,$6.58,1441052445643,"60,768",67% bullish,of 3 ratings,$14
CHFC,$31.86,1441052445870,"29,313",100% bearish,of 1 rating,$36
CHKE,$25.83,1441052445912,"23,027",100% bearish,of 1 rating,$32.50
PLCE,$59.9222,1441052446013,"90,393",100% bearish,of 1 rating,$69
CHEV,$14.32,1441052446052,230,Not yet rated,NULL,N/A
CBNK,$16.3,1441052446183,"23,445",100% bearish,of 1 rating,N/A
CMRX,$48.9378,1441052446208,"136,570",50% bullish,of 2 ratings,$57
CHMA,$25.74,1441052446236,"43,344",Not yet rated,NULL,$40
CADC,$2.63,1441052446381,"3,203",78% bullish,of 9 ratings,N/A
CALI,$0.885,1441052446594,700,67% bullish,of 3 ratings,N/A
CBAK,$1.9896,1441052446623,"14,271",67% bullish,of 9 ratings,N/A
CBPO,$96.1749,1441052446651,"119,834",75% bullish,of 8 ratings,$140.50
CAAS,$6.25,1441052446681,"20,739",93% bullish,of 14 ratings,$11.50
CCCL,$0.7501,1441052446749,"5,900",100% bullish,of 6 ratings,N/A
JRJC,$3.7,1441052446776,"42,922",82% bullish,of 11 ratings,N/A
CHOP,$1.1601,1441052446929,"5,938",50% bullish,of 2 ratings,N/A
CCCR,$0.7361,1441052446974,"44,775",67% bearish,of 3 ratings,N/A
HGSH,$1.8801,1441052447140,"3,740",67% bullish,of 3 ratings,N/A
CJJD,$1.81,1441052447178,"1,365",100% bullish,of 1 rating,N/A
CHLN,$2.02,1441052447208,"2,600",67% bullish,of 3 ratings,N/A
CNIT,$1.29,1441052447235,"147,043",67% bullish,of 6 ratings,N/A
CHNR,$1.6,1441052447314,"8,781",100% bearish,of 1 rating,N/A
HTHT,$25.67,1441052447373,"150,193",50% bullish,of 2 ratings,$28.40
CREG,$0.6949,1441052447418,"40,287",100% bullish,of 3 ratings,N/A
CPGI,$6.96,1441052447548,"1,179",Not yet rated,NULL,N/A
CSUN,$1.47,1441052447576,"6,759",80% bullish,of 5 ratings,N/A
CXDC,$5.74,1441052447609,"24,004",67% bearish,of 3 ratings,N/A
CNTF,$0.84,1441052447635,"52,600",Not yet rated,NULL,N/A
CNYD,$3.2,1441052447701,"3,616",67% bullish,of 3 ratings,N/A
CNET,$0.8601,1441052447802,"54,062",50% bullish,of 2 ratings,N/A
CCIH,$7.19,1441052447862,"94,260",67% bullish,of 6 ratings,$12.65
IMOS,$18.51,1441052448034,"160,157",60% bullish,of 5 ratings,$21.50
CHSCL,$27.28,1441052448098,"18,993",Not yet rated,NULL,N/A
CHSCM,$26.34,1441052448164,"18,440",Not yet rated,NULL,N/A
CHSCO,$28.39,1441052448202,"6,771",Not yet rated,NULL,N/A
CHSCN,$27.13,1441052448237,"26,389",Not yet rated,NULL,N/A
CHSCP,$30.76,1441052448331,"4,980",Not yet rated,NULL,N/A
CHUY,$30.63,1441052448356,"96,908",50% bullish,of 2 ratings,$34
CDTX,$14.232,1441052448385,"18,910",Not yet rated,NULL,$22
CHDN,$133.015,1441052448431,"45,531",Not yet rated,NULL,$165
CMCT,$15.1999,1441052448600,900,100% bearish,of 1 rating,N/A
CIFC,$7.0378,1441052448627,562,100% bearish,of 1 rating,N/A
CMPR,$70.21,1441052448701,"234,848",50% bullish,of 2 ratings,$72.50
CINF,$52.4,1441052448766,"329,366",50% bullish,of 4 ratings,$50.50
CIDM,$0.565,1441052448874,"138,653",50% bullish,of 2 ratings,$2.10
CTAS,$85.26,1441052448946,"250,079",100% bearish,of 1 rating,$91
CRUS,$30.16,1441052449051,"564,251",75% bullish,of 12 ratings,$44.50
CZNC,$19.9778,1441052449203,"6,300",Not yet rated,NULL,N/A
CZWI,$9.1,1441052449232,402,Not yet rated,NULL,N/A
CPHR,$5.3999,1441052449291,"24,550",100% bearish,of 1 rating,$17
CSCO,$25.87,1441052449333,"13,703,728",84% bullish,of 209 ratings,$32
CZFC,$12.6801,1441052449359,750,Not yet rated,NULL,N/A
CTRN,$26.455,1441052449388,"33,321",100% bearish,of 1 rating,$31.50
CIZN,$19.4,1441052449592,616,Not yet rated,NULL,N/A
CHCO,$47.6222,1441052449723,"19,629",Not yet rated,NULL,$46
CIVB,$9.9,1441052449749,497,Not yet rated,NULL,$11
CTXS,$68.17,1441052449815,"790,089",86% bullish,of 7 ratings,$80
CDTI,$1.65,1441052449922,"26,512",75% bullish,of 4 ratings,$3.20
CIVBP,NULL,1441052450003,0,Not yet rated,NULL,N/A
CLNE,$5.34,1441052450069,"656,061",80% bullish,of 15 ratings,$9
CLRO,$11.424,1441052450103,"7,153",50% bullish,of 2 ratings,$14.25
CLNT,$1.4393,1441052450130,"11,339",75% bullish,of 8 ratings,N/A
CLFD,$16.99,1441052450204,"29,134",67% bullish,of 3 ratings,$18
CLIR,$4.93,1441052450259,"23,215",100% bullish,of 3 ratings,N/A
CBLI,$4.0303,1441052450359,"27,211",60% bullish,of 5 ratings,N/A
CLVS,$78.38,1441052450399,"300,636",60% bullish,of 5 ratings,$101.50
CSBK,$13.7878,1441052450424,"22,877",Not yet rated,NULL,N/A
CMFN,$11.55,1441052450611,"15,449",100% bearish,of 1 rating,$15.50
CME,$94.77,1441052450743,"1,406,286",67% bullish,of 3 ratings,$102
CNV,$4.4703,1441052450875,"6,338",50% bullish,of 2 ratings,$7.15
CISG,$7.64,1441052450901,"55,268",100% bullish,of 5 ratings,$10
COBZ,$12.8822,1441052450922,"24,315",100% bullish,of 1 rating,$14
CCNE,$17.05,1441052450954,"8,880",50% bullish,of 2 ratings,$21.50
CWAY,$11.12,1441052451053,"2,200",Not yet rated,NULL,N/A
COKE,$154.23,1441052451098,"19,586",79% bullish,of 19 ratings,N/A
CDRB,$14.17,1441052451151,"3,801",67% bullish,of 3 ratings,N/A
CDXS,$3.73,1441052451183,"11,480",64% bullish,of 11 ratings,$6
CVLY,$20.7,1441052451319,200,Not yet rated,NULL,N/A
CCOI,$27.77,1441052451348,"188,810",50% bullish,of 4 ratings,$35
JVA,$4.6514,1441052451451,"7,495",83% bullish,of 6 ratings,$7
CGNT,$1.58,1441052451478,"6,273",100% bullish,of 2 ratings,$2
CTSH,$62.94,1441052451611,"1,957,140",90% bullish,of 10 ratings,$75
COHR,$58.2978,1441052451642,"41,618",50% bullish,of 2 ratings,$72
CGNX,$35.65,1441052451712,"206,328",50% bullish,of 2 ratings,$47
CHRS,$27.76,1441052451794,"53,785",67% bearish,of 3 ratings,$37
CLRX,$0.57,1441052451874,"47,360",50% bullish,of 2 ratings,N/A
CLCT,$18.6678,1441052451903,"11,000",100% bearish,of 1 rating,N/A
COHU,$9.7022,1441052451929,"62,937",100% bearish,of 1 rating,$14.25
COLL,$15.1178,1441052451959,"28,897",100% bearish,of 1 rating,$26
CIGI,$43.8689,1441052452032,"31,567",100% bearish,of 1 rating,$52
CBAN,$8.75,1441052452170,"1,200",Not yet rated,NULL,N/A
CLCD,$6.5401,1441052452249,"21,249",100% bearish,of 1 rating,$20.50
COLM,$61.37,1441052452344,"87,719",100% bearish,of 1 rating,$71
COLB,$30.37,1441052452369,"114,863",Not yet rated,NULL,$36
CMCO,$19.07,1441052452444,"21,310",60% bullish,of 5 ratings,$28
CMCSA,$56.46,1441052452543,"4,394,902",66% bullish,of 35 ratings,$69.50
CBMX,$1.1,1441052452574,"6,390",83% bullish,of 6 ratings,$3.15
CBSHP,$25.4,1441052452599,"2,386",100% bearish,of 1 rating,N/A
CMCSK,$57.35,1441052452672,"1,929,142",Not yet rated,NULL,$84
CUBN,$14.1273,1441052452799,"1,250",Not yet rated,NULL,N/A
CBSH,$44.86,1441052452825,"207,997",50% bullish,of 2 ratings,$46
COMM,$32.59,1441052452855,"701,084",67% bearish,of 3 ratings,$35
CSAL,$20.1,1441052452954,"530,144",75% bullish,of 4 ratings,$30
CVGI,$5.13,1441052452995,"64,947",50% bullish,of 2 ratings,$6
JCS,$8.88,1441052453059,"6,610",67% bullish,of 3 ratings,N/A
ESXB,$5.06,1441052453129,"12,057",Not yet rated,NULL,N/A
CYHHZ,$0.01,1441052453193,717,100% bullish,of 1 rating,N/A
COB,$10.5278,1441052453322,"4,230",100% bullish,of 1 rating,$11.75
CTBI,$35.23,1441052453348,"8,895",Not yet rated,NULL,$36
CWBC,$6.8399,1441052453379,"2,615",Not yet rated,NULL,N/A
CIZ,$33.2572,1441052453478,"2,776",100% bearish,of 1 rating,N/A
CVLT,$35.86,1441052453514,"249,706",75% bullish,of 4 ratings,$44.50
CID,$33.57,1441052453681,300,Not yet rated,NULL,N/A
CIL,$33.59,1441052453709,700,Not yet rated,NULL,N/A
CSA,$33.03,1441052453737,605,Not yet rated,NULL,N/A
CDC,$34.64,1441052453811,"5,701",Not yet rated,NULL,N/A
CSF,$36.7689,1441052453867,"1,348",100% bearish,of 1 rating,N/A
CFA,$35.5603,1441052453945,"2,300",100% bearish,of 1 rating,N/A
CFO,$35.5401,1441052454078,"30,912",100% bearish,of 1 rating,N/A
CSB,$33.02,1441052454125,100,Not yet rated,NULL,N/A
CDL,$33.5,1441052454149,110,Not yet rated,NULL,N/A
CGEN,$4.92,1441052454292,"87,714",50% bullish,of 2 ratings,$11
CPSI,$46.1,1441052454317,"44,099",100% bearish,of 1 rating,$45.50
SCOR,$52.14,1441052454384,"168,256",100% bearish,of 1 rating,$66
CTG,$6.72,1441052454412,"25,304",100% bearish,of 1 rating,$8.50
CMTL,$26.59,1441052454543,"39,690",100% bearish,of 2 ratings,$37
CHCI,$0.66,1441052454625,"8,073",50% bullish,of 2 ratings,N/A
CNSI,$18.95,1441052454652,"100,106",100% bearish,of 2 ratings,$29
CNAT,$3.94,1441052454678,"35,008",83% bullish,of 6 ratings,$13
CNCE,$15.56,1441052454810,"71,716",75% bullish,of 4 ratings,$22
CCUR,$5.38,1441052455027,"31,077",75% bullish,of 4 ratings,N/A
CXRX,$76.9559,1441052455157,"5,074",100% bearish,of 1 rating,$90
CDORO,NULL,1441052455184,0,100% bearish,of 1 rating,N/A
CDORP,$7,1441052455204,700,100% bearish,of 1 rating,N/A
CNFR,$9.96,1441052455233,"4,169",Not yet rated,NULL,N/A
CFMS,$16.02,1441052455254,"1,324,347",100% bearish,of 1 rating,$27
CDOR,$1.39,1441052455285,300,100% bullish,of 1 rating,N/A
CNMD,$53.08,1441052455421,"66,370",Not yet rated,NULL,$59
CNOB,$19.14,1441052455565,"23,231",100% bullish,of 1 rating,$23.50
CTWS,$34.7478,1441052455593,"19,648",100% bearish,of 1 rating,$44
CWCO,$10.62,1441052455650,"57,872",67% bullish,of 3 ratings,$14.50
CONN,$30.02,1441052455675,"305,654",67% bullish,of 3 ratings,$48.50
CNSL,$19.48,1441052455808,"73,884",100% bearish,of 1 rating,$23
CTCT,$24.7622,1441052455866,"109,152",67% bullish,of 3 ratings,$37
CNXR,$7.15,1441052455892,"46,246",100% bearish,of 1 rating,$12
CFRX,$4.95,1441052456048,"16,361",Not yet rated,NULL,$14
CPSS,$5.72,1441052456182,"13,163",100% bullish,of 1 rating,$10
CFRXW,$1.9,1441052456210,"1,600",100% bearish,of 1 rating,N/A
CFRXZ,$0.49,1441052456235,"1,498",Not yet rated,NULL,N/A
CTRV,$3.7199,1441052456420,"24,085",Not yet rated,NULL,$6.40
CTRL,$8.9678,1441052456450,"51,416",50% bullish,of 2 ratings,$11
CPRT,$34.97,1441052456476,"206,894",67% bearish,of 3 ratings,$40
CRBP,$2,1441052456550,"141,856",100% bullish,of 2 ratings,$6.25
CORT,$4.97,1441052456609,"211,345",67% bullish,of 3 ratings,$12
BVA,$3.849,1441052456694,"13,283",50% bullish,of 2 ratings,N/A
CORI,$10.0063,1441052456723,"114,961",100% bearish,of 1 rating,$18
CORE,$60.2,1441052456820,"83,694",100% bearish,of 1 rating,$72
CSOD,$35.74,1441052456860,"254,486",50% bullish,of 2 ratings,$42
CRVL,$30.15,1441052457021,"30,289",100% bearish,of 1 rating,N/A
COST,$140.05,1441052457127,"1,193,364",79% bullish,of 24 ratings,$154.50
ICBK,$18.47,1441052457185,900,Not yet rated,NULL,$21
CPAH,$0.46,1441052457259,"2,700",50% bullish,of 2 ratings,N/A
CVTI,$23.62,1441052457283,"45,699",67% bearish,of 3 ratings,$39
COVS,$2.7,1441052457534,"82,788",67% bullish,of 3 ratings,N/A
COSI,$1.19,1441052457565,"244,663",100% bullish,of 1 rating,N/A
CSGP,$176.92,1441052457597,"85,425",50% bullish,of 2 ratings,$235
COWNL,$25.7101,1441052457622,"9,110",Not yet rated,NULL,N/A
COWN,$5.3,1441052457698,"376,613",75% bullish,of 4 ratings,$7
CPSH,$2.41,1441052457727,300,Not yet rated,NULL,N/A
CRAI,$22.71,1441052457785,"20,855",100% bearish,of 1 rating,$36
CBRL,$144.26,1441052457811,"183,267",50% bullish,of 2 ratings,$155
BREW,$8.1722,1441052458003,"14,161",67% bullish,of 6 ratings,$15
CRAY,$21.187,1441052458087,"110,272",83% bullish,of 6 ratings,$38.50
CACC,$203.21,1441052458162,"74,795",50% bullish,of 2 ratings,$158.50
CREE,$27.3,1441052458267,"390,453",65% bullish,of 17 ratings,$29.50
GLDI,$11.0499,1441052458299,"7,687",100% bearish,of 1 rating,N/A
CRTO,$39.26,1441052458400,"386,875",67% bullish,of 6 ratings,$64
CRESY,$10.53,1441052458426,"11,472",100% bearish,of 1 rating,$19
CROX,$14.72,1441052458451,"533,535",63% bullish,of 8 ratings,$16.50
SLVO,$9.99,1441052458476,"1,471",100% bearish,of 1 rating,N/A
CCRN,$13.8922,1441052458612,"210,442",100% bearish,of 1 rating,$14.25
CRWN,$5.33,1441052458717,"466,196",75% bullish,of 4 ratings,N/A
CRDS,$1.01,1441052458754,"14,054",75% bullish,of 4 ratings,$4.50
CRWS,$8.14,1441052458890,"1,192",Not yet rated,NULL,$10
CYRX,$2.81,1441052458915,"17,480",Not yet rated,NULL,$9
CSGS,$30.91,1441052459092,"101,882",Not yet rated,NULL,$40
CYRXW,$0.77,1441052459120,"17,601",Not yet rated,NULL,N/A
CCLP,$15.4,1441052459191,"46,451",67% bearish,of 3 ratings,$20
CTCM,$1.83,1441052459221,"66,590",80% bearish,of 5 ratings,$3.90
CUNB,$21.42,1441052459316,"9,834",Not yet rated,NULL,$24.50
CTIB,$3.699,1441052459348,100,100% bearish,of 1 rating,N/A
CTIC,$1.58,1441052459396,"252,541",84% bullish,of 76 ratings,$5.75
CSPI,$5.7,1441052459479,100,67% bullish,of 3 ratings,N/A
CTRP,$66.39,1441052459525,"991,541",75% bullish,of 8 ratings,$92.50
CUI,$5.16,1441052459553,"10,873",50% bullish,of 2 ratings,$10
CPIX,$6.055,1441052459624,"3,733",Not yet rated,NULL,N/A
CMLS,$1.43,1441052459684,"295,657",50% bullish,of 4 ratings,$6
CRIS,$2.62,1441052459982,"266,664",100% bullish,of 8 ratings,$6
CVV,$10.995,1441052460140,"5,948",100% bullish,of 5 ratings,N/A
CYBX,$65.44,1441052460171,"100,887",50% bullish,of 4 ratings,$71.50
CVBF,$16.27,1441052460192,"174,253",Not yet rated,NULL,$18
CYBR,$50.56,1441052460213,"419,485",75% bullish,of 8 ratings,$66
CUTR,$14.62,1441052460252,"635,125",67% bearish,of 3 ratings,$18
CYAN,$6.96,1441052460273,"7,150",100% bearish,of 1 rating,N/A
CYBE,$6.88,1441052460344,"12,784",100% bearish,of 1 rating,N/A
CBAY,$2.65,1441052460484,"44,079",100% bullish,of 1 rating,$4
CYCCP,NULL,1441052460588,0,100% bearish,of 1 rating,N/A
CYCC,$0.5699,1441052460618,"57,652",73% bullish,of 11 ratings,N/A
CYNO,$31.6422,1441052460644,"81,744",67% bearish,of 3 ratings,$45.50
CYNA,$15.85,1441052460670,"32,523",50% bullish,of 2 ratings,$31.50
CY,$10.01,1441052460691,"2,336,544",80% bullish,of 10 ratings,$15.50
CYRN,$1.71,1441052460927,"15,866",67% bullish,of 3 ratings,$4
CYTX,$0.362,1441052461014,"2,359,297",83% bullish,of 12 ratings,$5.50
CONE,$31.68,1441052461062,"350,694",67% bearish,of 3 ratings,$35.50
CYTK,$6.92,1441052461099,"102,817",71% bullish,of 14 ratings,$13.50
CYTR,$2.46,1441052461120,"281,292",67% bullish,of 6 ratings,$10
CTSO,$6.88,1441052461141,"35,485",Not yet rated,NULL,$15.625
DAEG,$0.37,1441052461202,500,100% bearish,of 1 rating,N/A
TVIZ,$20.24,1441052461230,"3,400",100% bearish,of 1 rating,N/A
TVIX,$14.4,1441052461421,"11,678,697",81% bullish,of 16 ratings,N/A
XIV,$26,1441052461502,"14,012,442",75% bearish,of 4 ratings,N/A
ZIV,$38.6599,1441052461572,"92,413",Not yet rated,NULL,N/A
DJCO,$194.9578,1441052461640,279,Not yet rated,NULL,N/A
DAKT,$8.6878,1441052461771,"109,662",50% bullish,of 2 ratings,$12
DTLK,$5.7978,1441052461798,"36,309",100% bearish,of 1 rating,$9
DARA,$0.8899,1441052461831,"36,964",83% bullish,of 6 ratings,$1.50
DAIO,$2.66,1441052461852,"1,112",Not yet rated,NULL,N/A
DRAM,$1.4199,1441052461926,"34,284",78% bullish,of 9 ratings,N/A
DTEA,$13.65,1441052462027,"47,967",100% bearish,of 2 ratings,$24
DWSN,$4.63,1441052462053,"11,721",67% bullish,of 3 ratings,N/A
PLAY,$34.36,1441052462085,"197,811",100% bullish,of 5 ratings,$42
DBVT,$39.33,1441052462186,"128,618",100% bearish,of 1 rating,$53
DWCH,$5.19,1441052462383,"30,593",75% bullish,of 4 ratings,$8.25
TRAK,$62.73,1441052462412,"236,399",50% bullish,of 2 ratings,$62.50
DHRM,$1.51,1441052462546,"8,833",Not yet rated,NULL,N/A
DFRG,$14.93,1441052462623,"88,437",100% bearish,of 1 rating,$20
TACOW,$3.85,1441052462649,"8,450",100% bullish,of 1 rating,N/A
TACO,$12.8,1441052462682,"113,800",75% bullish,of 4 ratings,$20
DCTH,$0.4379,1441052462781,"52,124",78% bullish,of 9 ratings,N/A
DGAS,$20.3119,1441052462808,"6,129",67% bearish,of 3 ratings,N/A
DELTW,NULL,1441052462886,0,Not yet rated,NULL,N/A
DENN,$11.23,1441052462936,"209,021",100% bullish,of 3 ratings,$15
DELT,$2.374,1441052462963,"1,000",Not yet rated,NULL,N/A
DEPO,$26.927,1441052463100,"480,561",60% bullish,of 5 ratings,$29
XRAY,$52.53,1441052463130,"203,773",100% bullish,of 1 rating,$58
DERM,$25.77,1441052463155,"174,925",100% bearish,of 1 rating,$33.50
DSCI,$5.79,1441052463208,"38,850",50% bullish,of 2 ratings,$16
DEST,$11.4,1441052463342,"37,933",50% bullish,of 2 ratings,N/A
DHXM,NULL,1441052463576,0,Not yet rated,NULL,N/A
DSWL,$1.7,1441052463602,"8,619",100% bullish,of 1 rating,N/A
DXLG,$6.04,1441052463627,"302,256",100% bearish,of 1 rating,$8
DXCM,$94.25,1441052463661,"406,665",57% bullish,of 7 ratings,$98
DMND,$30.14,1441052463682,"127,535",75% bullish,of 12 ratings,$32
DXM,$0.26,1441052463758,"102,550",50% bullish,of 2 ratings,N/A
DHIL,$194.7178,1441052463894,"2,201",Not yet rated,NULL,N/A
FANG,$68.33,1441052463948,"926,674",50% bullish,of 2 ratings,$86.50
DGII,$10.24,1441052464027,"43,153",100% bearish,of 1 rating,$11
DMRC,$38.16,1441052464158,"34,838",100% bearish,of 1 rating,$44
DGLY,$8.35,1441052464330,"61,667",50% bullish,of 6 ratings,$20
DCIX,$1.68,1441052464513,"30,405",50% bullish,of 4 ratings,$3.50
DRAD,$3.81,1441052464586,"16,584",100% bullish,of 1 rating,$5.25
APPS,$2.63,1441052464615,"111,932",100% bearish,of 1 rating,$10.25
DRNA,$10.9678,1441052464642,"57,993",67% bearish,of 3 ratings,$25
DCOM,$17.0322,1441052464671,"80,547",100% bearish,of 2 ratings,$16
DIOD,$19.75,1441052464716,"64,747",75% bearish,of 4 ratings,$24
DPRX,$14.99,1441052464775,"12,220",100% bullish,of 2 ratings,$27.75
DISCA,$26.65,1441052464862,"998,358",67% bullish,of 3 ratings,$34
DISCB,NULL,1441052464907,0,100% bearish,of 1 rating,$35
DSCO,$0.4151,1441052465064,"322,121",83% bullish,of 6 ratings,$2.75
DISCK,$25.35,1441052465093,"644,672",100% bearish,of 1 rating,$32
DISH,$59.4,1441052465118,"535,183",69% bullish,of 13 ratings,$73
DVCR,$10.575,1441052465143,"4,207",100% bullish,of 1 rating,N/A
DLHC,$2.4999,1441052465338,"7,102",100% bearish,of 1 rating,N/A
BAGR,$2.75,1441052465365,"12,912",100% bearish,of 1 rating,$6
DNBF,$26.07,1441052465407,"3,600",Not yet rated,NULL,$27.50
DGICA,$14.2878,1441052465733,"7,238",100% bearish,of 1 rating,$17
DORM,$50.4,1441052465764,"54,918",100% bearish,of 1 rating,$56
DLTR,$76.62,1441052465793,"2,463,978",82% bullish,of 11 ratings,$88
DMLP,$15.56,1441052465863,"41,434",100% bearish,of 1 rating,N/A
DGICB,NULL,1441052465892,0,100% bearish,of 1 rating,N/A
DRWI,$0.205,1441052465995,"104,278",60% bullish,of 5 ratings,$.45
HILL,$9.667,1441052466022,"797,756",60% bearish,of 5 ratings,$9.75
DWA,$20,1441052466047,"199,793",63% bullish,of 8 ratings,$26
DRWIW,NULL,1441052466319,0,Not yet rated,NULL,N/A
CADT,NULL,1441052466344,0,Not yet rated,NULL,N/A
DRYS,$0.4522,1441052466365,"2,689,394",77% bullish,of 31 ratings,$.60
DSKX,$3.34,1441052466505,"82,878",100% bullish,of 1 rating,N/A
CADTR,NULL,1441052466530,0,Not yet rated,NULL,N/A
CADTW,NULL,1441052466551,0,Not yet rated,NULL,N/A
DSPG,$8.75,1441052466579,"93,752",100% bearish,of 1 rating,$13.50
DNKN,$50.28,1441052466996,"585,544",67% bullish,of 15 ratings,$56.50
DTSI,$26.5278,1441052467034,"23,678",100% bearish,of 2 ratings,$39.50
DRRX,$2.06,1441052467061,"125,998",50% bullish,of 6 ratings,$3
CADTU,NULL,1441052467086,0,Not yet rated,NULL,N/A
DXPE,$30,1441052467124,"127,583",50% bullish,of 2 ratings,N/A
DYAX,$23.01,1441052467149,"417,182",89% bullish,of 9 ratings,$30
DYSL,$1.49,1441052467211,"22,770",100% bullish,of 2 ratings,N/A
BOOM,$11.32,1441052467312,"48,069",67% bullish,of 3 ratings,$12
DYNT,$3.05,1441052467359,200,75% bullish,of 4 ratings,N/A
ETFC,$26.36,1441052467579,"1,035,389",57% bullish,of 14 ratings,$32.50
DVAX,$28.358,1441052467639,"264,698",70% bullish,of 10 ratings,$40
EBMT,$11.6,1441052467664,604,Not yet rated,NULL,$13.50
EGLE,$7.14,1441052467798,"25,612",60% bullish,of 5 ratings,N/A
EGBN,$41.9078,1441052467846,"33,592",Not yet rated,NULL,$48
ELNK,$8.39,1441052467893,"361,826",60% bullish,of 5 ratings,$9.50
EWBC,$40.48,1441052467917,"324,903",100% bearish,of 1 rating,$50
EGRX,$78.99,1441052467942,"129,409",67% bullish,of 3 ratings,$97
EACQU,$10.2,1441052467990,"2,504",Not yet rated,NULL,N/A
EML,$16.4599,1441052468142,"2,114",Not yet rated,NULL,N/A
EROC,$1.59,1441052468167,"338,866",50% bullish,of 2 ratings,$3
EBIX,$28.52,1441052468239,"226,926",69% bullish,of 13 ratings,$40
EVBS,$6.5642,1441052468464,"10,516",Not yet rated,NULL,$7
ELON,$0.5802,1441052468490,"68,749",50% bullish,of 2 ratings,N/A
EBAY,$27.19,1441052468511,"6,050,437",81% bullish,of 117 ratings,$34
ECACU,$10.08,1441052468653,450,Not yet rated,NULL,N/A
ECHO,$23.2578,1441052468680,"106,725",67% bearish,of 3 ratings,$34.50
SATS,$44.59,1441052468701,"79,636",50% bullish,of 2 ratings,$60
EEI,$11.2699,1441052468748,760,67% bearish,of 3 ratings,N/A
EDAP,$3.65,1441052468882,"38,446",60% bullish,of 5 ratings,$4.50
ESES,$3.2,1441052468988,400,100% bearish,of 1 rating,$7
ECTE,$1.475,1441052469060,"5,704",75% bullish,of 4 ratings,N/A
EDGW,$7.1501,1441052469116,"4,435",100% bearish,of 1 rating,N/A
EDUC,$6.01,1441052469186,"22,693",100% bearish,of 1 rating,N/A
EFUT,NULL,1441052469275,0,Not yet rated,NULL,N/A
EGAN,$3.61,1441052469367,"6,986",50% bullish,of 2 ratings,$6.25
EGLT,$11.2078,1441052469394,"148,714",50% bullish,of 2 ratings,$21
EHTH,$14.96,1441052469527,"56,459",50% bullish,of 4 ratings,$16.50
LOCO,$13.05,1441052469658,"597,473",69% bullish,of 13 ratings,$19.50
EMITF,$1.21,1441052469684,"21,160",75% bullish,of 4 ratings,N/A
ESLT,$76.76,1441052469711,"4,645",67% bullish,of 3 ratings,N/A
ERI,$9.44,1441052469845,"77,142",100% bearish,of 1 rating,$10
ELRC,$10.6578,1441052469907,"13,762",100% bearish,of 1 rating,N/A
EA,$66.41,1441052469931,"1,464,952",77% bullish,of 35 ratings,$80
ESIO,$4.64,1441052469988,"49,471",50% bullish,of 2 ratings,$10
EFII,$43.767,1441052470135,"39,548",80% bullish,of 5 ratings,$55
ELEC,NULL,1441052470184,0,Not yet rated,NULL,N/A
ELSE,$3.89,1441052470280,51,60% bullish,of 5 ratings,N/A
EBIO,$3.54,1441052470421,"99,152",100% bearish,of 2 ratings,$8.35
ELECW,$0.239,1441052470450,100,Not yet rated,NULL,N/A
RDEN,$10.97,1441052470475,"44,626",100% bearish,of 4 ratings,$15
CAPX,$22.81,1441052470502,903,Not yet rated,NULL,N/A
ELECU,NULL,1441052470528,0,Not yet rated,NULL,N/A
ELTK,$1.2798,1441052470765,"89,111",67% bearish,of 3 ratings,N/A
LONG,$17.12,1441052470791,"7,009",67% bullish,of 3 ratings,$15.75
ESBK,$19.67,1441052470815,317,Not yet rated,NULL,N/A
EMCI,$22.8778,1441052470842,"8,388",Not yet rated,NULL,N/A
EMCF,$23.2999,1441052470974,350,100% bearish,of 1 rating,N/A
EMKR,$6.985,1441052471003,"92,522",75% bullish,of 4 ratings,$8.50
EMMS,$1.201,1441052471107,"30,807",83% bullish,of 6 ratings,N/A
NYNY,$4.2578,1441052471236,"18,865",50% bullish,of 2 ratings,N/A
ENTA,$39.22,1441052471298,"103,591",50% bullish,of 2 ratings,$42
EMMSP,$3,1441052471327,200,100% bearish,of 1 rating,N/A
ERS,$2.8616,1441052471348,"1,700",Not yet rated,NULL,N/A
ECPG,$40.55,1441052471429,"141,341",100% bullish,of 2 ratings,$52
WIRE,$32.57,1441052471502,"47,727",100% bearish,of 1 rating,$37
ENDP,$77.28,1441052471576,"650,249",50% bullish,of 6 ratings,$104
ELGX,$13,1441052471888,"145,713",75% bullish,of 4 ratings,$17
EIGI,$15.32,1441052471915,"164,740",67% bearish,of 3 ratings,$22.50
ECYT,$5.27,1441052471940,"215,637",83% bullish,of 6 ratings,$12
EFOI,$21.82,1441052471987,"886,650",50% bullish,of 2 ratings,$24.50
ERII,$2.67,1441052472020,"65,462",80% bullish,of 5 ratings,$2.50
WATT,$7.17,1441052472041,"105,509",50% bullish,of 2 ratings,$13
EXXI,$1.93,1441052472116,"1,318,128",86% bullish,of 7 ratings,$3.50
ENOC,$9.34,1441052472328,"115,936",75% bullish,of 4 ratings,$18
ENG,$1.0316,1441052472358,"15,290",100% bullish,of 3 ratings,N/A
ENPH,$4.59,1441052472385,"518,796",75% bullish,of 4 ratings,$11
ENFC,$17.8,1441052472428,"2,200",Not yet rated,NULL,N/A
ESGR,$146.03,1441052472529,"5,733",100% bearish,of 1 rating,$185
ENTL,$22.2578,1441052472582,"9,045",Not yet rated,NULL,$28
ETRM,$0.2739,1441052472607,"616,791",69% bearish,of 35 ratings,$1.625
ENTG,$13.73,1441052472663,"393,191",100% bearish,of 1 rating,$18
EBTC,$21.8878,1441052472838,"1,692",Not yet rated,NULL,N/A
ENZY,$9.9456,1441052472982,"15,620",67% bullish,of 3 ratings,$9.50
EGT,$2,1441052473009,"1,716",100% bullish,of 1 rating,N/A
ENZN,$0.992,1441052473029,"347,656",100% bullish,of 9 ratings,N/A
EFSC,$23.91,1441052473162,"18,687",Not yet rated,NULL,$27
EPRS,$5.09,1441052473189,"53,206",82% bullish,of 11 ratings,$15
EPIQ,$12.82,1441052473219,"70,775",100% bearish,of 1 rating,$18
ENVI,$1.89,1441052473327,"25,258",67% bullish,of 3 ratings,N/A
EPZM,$20.11,1441052473354,"242,856",60% bullish,of 5 ratings,$34
EQFN,$8.39,1441052473483,35,100% bearish,of 1 rating,N/A
PLUS,$75.93,1441052473511,"45,593",50% bullish,of 2 ratings,$88
EQIX,$268.335,1441052473533,"891,553",75% bullish,of 4 ratings,$312.50
EAC,$3.48,1441052473806,"13,973",100% bearish,of 1 rating,$8
ERIC,$9.775,1441052473878,"1,132,509",67% bullish,of 9 ratings,$12.20
ESCRP,$1.4599,1441052473952,"3,444",100% bearish,of 1 rating,N/A
ERIE,$81.5,1441052473981,"21,523",Not yet rated,NULL,$73
ESCR,$0.1199,1441052474002,"147,913",50% bullish,of 2 ratings,N/A
ESCA,$17.8922,1441052474038,"4,783",100% bearish,of 1 rating,$22
ESMC,$1.3916,1441052474059,"4,666",Not yet rated,NULL,N/A
ESPR,$48.32,1441052474132,"729,608",70% bearish,of 10 ratings,$122.50
ETSY,$14.3322,1441052474443,"523,345",80% bullish,of 5 ratings,$16
ESSX,$0.487,1441052474489,"36,619",50% bullish,of 2 ratings,N/A
ESND,$34.5,1441052474520,"69,084",100% bearish,of 2 ratings,$40
EPIX,NULL,1441052474540,0,Not yet rated,NULL,N/A
ESSA,$12.9399,1441052474617,"1,059",100% bearish,of 1 rating,N/A
ESEA,$5.1,1441052474718,"4,470",100% bullish,of 1 rating,$15
EEFT,$64.56,1441052474878,"106,696",100% bearish,of 1 rating,$67.50
EVEP,$8.86,1441052474906,"233,236",50% bullish,of 2 ratings,$15
EXA,$10.97,1441052474982,"3,979",100% bearish,of 1 rating,$13
EVK,$3.96,1441052475036,832,75% bearish,of 4 ratings,N/A
EVLV,$2.69,1441052475115,"91,565",60% bullish,of 5 ratings,$5.125
EVOK,$3.87,1441052475169,"20,815",100% bearish,of 1 rating,$13.375
CLWT,$2.5,1441052475196,300,100% bullish,of 1 rating,N/A
EVOL,$5.98,1441052475217,"4,356",75% bullish,of 4 ratings,$10
EXAS,$22.15,1441052475418,"372,689",78% bullish,of 9 ratings,$31
EXAC,$19.57,1441052475486,"37,238",100% bearish,of 1 rating,$22.50
EXLS,$36.21,1441052475571,"47,367",50% bullish,of 2 ratings,$41
EXPD,$49.09,1441052475726,"596,773",80% bullish,of 5 ratings,$52
EXEL,$5.98,1441052475753,"4,858,723",81% bullish,of 16 ratings,$6
EXFO,$3.01,1441052475774,"9,355",67% bearish,of 3 ratings,$3.95
EXPE,$114.986,1441052475809,"455,232",64% bullish,of 11 ratings,$130
EXLP,$21.71,1441052475900,"247,379",100% bearish,of 1 rating,$25
ESRX,$83.83,1441052475939,"2,130,510",67% bearish,of 6 ratings,$101
EXPO,$42.75,1441052475966,"42,909",100% bearish,of 1 rating,$45.50
EXTR,$3,1441052475998,"854,904",80% bullish,of 5 ratings,$3
EZCH,$22.92,1441052476184,"62,251",75% bullish,of 8 ratings,$19.50
EYEG,$3.67,1441052476208,"7,137",Not yet rated,NULL,N/A
EYEGW,NULL,1441052476233,0,Not yet rated,NULL,N/A
FFIV,$121.62,1441052476363,"275,592",63% bullish,of 8 ratings,$132
EZPW,$6.32,1441052476435,"182,326",50% bullish,of 4 ratings,$7
FB,$89.56,1441052476604,"16,788,624",73% bullish,of 1072 ratings,$111
FALC,$1.7101,1441052476633,"30,070",63% bearish,of 8 ratings,N/A
FWM,$2.2722,1441052476665,"108,097",100% bearish,of 2 ratings,$3.20
FRP,$16.37,1441052476762,"98,937",100% bearish,of 1 rating,$18
FCS,$13.6,1441052476789,"296,249",67% bearish,of 3 ratings,$17
DAVE,$14.66,1441052476822,"26,004",100% bearish,of 1 rating,$15.50
FARM,$22.56,1441052476843,"23,574",100% bearish,of 1 rating,$35
FMNB,$8.3078,1441052476922,"13,620",Not yet rated,NULL,N/A
FARO,$38.83,1441052477057,"47,787",50% bullish,of 2 ratings,$48
FFKT,$25.94,1441052477187,"10,169",Not yet rated,NULL,$29
FAST,$38.65,1441052477212,"975,750",80% bullish,of 5 ratings,$45.50
FBRC,$21.94,1441052477346,"13,609",100% bearish,of 1 rating,$29
FBSS,NULL,1441052477372,0,Not yet rated,NULL,N/A
FDML,$9.29,1441052477545,"203,734",50% bullish,of 4 ratings,$14
FNHC,$21.885,1441052477588,"40,990",100% bearish,of 1 rating,$35
FHCO,$1.43,1441052477612,"44,828",50% bullish,of 4 ratings,N/A
FATE,$6.49,1441052477674,"30,261",50% bullish,of 2 ratings,$11
FEIC,$75.4778,1441052477700,"127,499",50% bullish,of 2 ratings,$95.50
FENX,$9.96,1441052477740,"37,084",100% bullish,of 1 rating,$14.25
FCSC,$5.64,1441052477776,"57,075",100% bearish,of 1 rating,$8.125
FGEN,$24.497,1441052477837,"235,717",100% bearish,of 1 rating,$39
ONEQ,$188.2242,1441052478053,"9,158",100% bullish,of 1 rating,N/A
FDUS,$14.68,1441052478107,"19,493",50% bullish,of 2 ratings,$18
LION,$19.35,1441052478133,"69,020",100% bullish,of 1 rating,$20
FRGI,$51.637,1441052478282,"101,357",50% bullish,of 2 ratings,$70
FSCFL,$24.4175,1441052478322,"3,975",Not yet rated,NULL,N/A
FSC,$6.555,1441052478350,"545,411",60% bullish,of 5 ratings,$8
FSAM,$8.2678,1441052478414,"2,452",100% bearish,of 1 rating,$10.25
FSFR,$8.85,1441052478447,"25,034",100% bearish,of 1 rating,$11.50
FITBI,$27.45,1441052478551,"28,604",Not yet rated,NULL,N/A
FITB,$19.96,1441052478595,"2,479,440",54% bullish,of 13 ratings,$22
FNGN,$32.45,1441052478622,"210,538",67% bullish,of 3 ratings,$47
FNJN,$1.9235,1441052478758,"9,978",100% bearish,of 1 rating,$5
FNSR,$15.47,1441052478805,"516,259",71% bullish,of 7 ratings,$24.50
FISI,$24.75,1441052478830,"17,025",100% bullish,of 2 ratings,$24.50
FNTC,NULL,1441052478966,0,Not yet rated,NULL,N/A
FNTCW,$0.39,1441052479099,"2,898",Not yet rated,NULL,N/A
FNTCU,NULL,1441052479126,0,Not yet rated,NULL,N/A
FNLC,$18.55,1441052479260,"13,016",100% bullish,of 1 rating,N/A
BUSE,$6.4,1441052479284,"22,265",Not yet rated,NULL,$6.875
FBNC,$17.0222,1441052479309,"10,937",100% bullish,of 1 rating,$20
FRBA,$6.09,1441052479348,"2,000",Not yet rated,NULL,$8
FBIZ,$22.4,1441052479657,"29,537",100% bearish,of 2 ratings,$52
FCFS,$41.27,1441052479688,"75,889",100% bearish,of 3 ratings,$47
FCNCA,$237.1822,1441052479725,"6,319",Not yet rated,NULL,N/A
FCAP,NULL,1441052479783,0,Not yet rated,NULL,N/A
FCBC,$17.77,1441052479856,"6,288",Not yet rated,NULL,$18
FCLF,$9.1999,1441052479882,"2,000",Not yet rated,NULL,N/A
FCCO,$12.15,1441052480178,"7,300",Not yet rated,NULL,$13.25
FCVA,$4.78,1441052480257,"5,090",Not yet rated,NULL,N/A
FEYE,$37.89,1441052480347,"1,862,918",87% bullish,of 15 ratings,$55.50
FCFP,$6.884,1441052480501,"2,600",Not yet rated,NULL,N/A
FFNM,$6.39,1441052480527,200,Not yet rated,NULL,N/A
FBNK,$16.9978,1441052480574,"23,800",100% bearish,of 1 rating,$17.50
FFBC,$18.4,1441052480742,"56,144",67% bearish,of 3 ratings,$20.25
FDEF,$37.71,1441052480771,"10,165",Not yet rated,NULL,$38
FFBCW,NULL,1441052480792,0,100% bearish,of 1 rating,N/A
FFIN,$31.13,1441052480812,"113,586",50% bullish,of 2 ratings,$31.75
FFWM,$21.1978,1441052480960,"9,290",Not yet rated,NULL,$24
FFNW,$12.3,1441052480993,"6,656",Not yet rated,NULL,$14
THFF,$32.98,1441052481042,"4,733",Not yet rated,NULL,$35
INBK,$31.33,1441052481098,"19,030",50% bullish,of 2 ratings,$37
FRME,$25.97,1441052481200,"46,383",Not yet rated,NULL,$26.50
FIBK,$26.69,1441052481306,"68,141",Not yet rated,NULL,$32
FMBI,$17.64,1441052481529,"156,868",Not yet rated,NULL,$20
FNFG,$9.265,1441052481556,"787,657",80% bullish,of 5 ratings,$9
FNBC,$35.01,1441052481585,"56,107",Not yet rated,NULL,$40
FNWB,$12.0201,1441052481612,"5,350",Not yet rated,NULL,N/A
FSGI,$2.49,1441052481637,"8,641",Not yet rated,NULL,N/A
FMBH,NULL,1441052481686,0,Not yet rated,NULL,N/A
FSFG,$30.07,1441052481846,100,Not yet rated,NULL,N/A
BICK,$19.56,1441052481878,773,100% bullish,of 1 rating,N/A
FSLR,$47.98,1441052481905,"581,741",72% bullish,of 39 ratings,$65
FBZ,$9.67,1441052481985,600,Not yet rated,NULL,N/A
FCAN,$24.71,1441052482038,800,Not yet rated,NULL,N/A
FTCS,$36.3595,1441052482120,"4,252",100% bearish,of 1 rating,N/A
FCA,$19.7532,1441052482279,344,Not yet rated,NULL,N/A
FSBK,$7.85,1441052482363,"2,178",100% bullish,of 1 rating,N/A
IFV,$17.75,1441052482536,"216,838",100% bearish,of 1 rating,N/A
FV,$23.39,1441052482571,"1,603,952",100% bearish,of 1 rating,N/A
FTSM,$59.98,1441052482592,"200,809",100% bearish,of 1 rating,N/A
FEMB,$41.5,1441052482621,456,Not yet rated,NULL,N/A
TDIV,$24.83,1441052482667,"54,165",100% bearish,of 1 rating,N/A
FEUZ,$31.11,1441052482695,"1,425",Not yet rated,NULL,N/A
MDIV,$19.23,1441052482755,"117,009",Not yet rated,NULL,N/A
FGM,$35.63,1441052482797,"9,182",Not yet rated,NULL,N/A
FTGC,$22.61,1441052482980,"48,567",Not yet rated,NULL,N/A
HYLS,$49.675,1441052483071,"127,485",100% bearish,of 1 rating,N/A
FTHI,$19.43,1441052483111,"1,441",Not yet rated,NULL,N/A
FHK,$33.1,1441052483239,"18,690",Not yet rated,NULL,N/A
SKYY,$28.901,1441052483323,"51,737",100% bullish,of 1 rating,N/A
FPXI,$27.14,1441052483385,"1,180",Not yet rated,NULL,N/A
YDIV,$16.4505,1441052483451,"2,620",Not yet rated,NULL,N/A
CU,$13.07,1441052483477,"7,889",100% bearish,of 1 rating,N/A
FJP,$47.17,1441052483497,"50,451",Not yet rated,NULL,N/A
LMBS,$50.2322,1441052483549,"1,389",Not yet rated,NULL,N/A
PLTM,$6.41,1441052483678,"6,357",100% bearish,of 1 rating,N/A
FTLB,$19.2999,1441052483755,"1,341",100% bearish,of 1 rating,N/A
FMB,NULL,1441052483784,0,Not yet rated,NULL,N/A
QABA,$37.59,1441052483913,"5,364",100% bearish,of 1 rating,N/A
FONE,$35.25,1441052483994,650,Not yet rated,NULL,N/A
CIBR,$17.89,1441052484042,"46,532",Not yet rated,NULL,N/A
QCLN,$15.12,1441052484233,"8,288",Not yet rated,NULL,N/A
QQEW,$41.73,1441052484302,"60,691",Not yet rated,NULL,N/A
RDVY,$21.1196,1441052484327,"2,773",Not yet rated,NULL,N/A
GRID,$33,1441052484378,112,100% bearish,of 1 rating,N/A
CARZ,$34.97,1441052484407,"3,369",100% bearish,of 1 rating,N/A
QQXT,$40.41,1441052484535,"14,612",Not yet rated,NULL,N/A
QTEC,$40.1,1441052484704,"23,309",Not yet rated,NULL,N/A
FTSL,$48.781,1441052484763,"28,320",100% bearish,of 1 rating,N/A
FKO,NULL,1441052484788,0,Not yet rated,NULL,N/A
QINC,$20.151,1441052484820,257,Not yet rated,NULL,N/A
AIRR,$16.64,1441052484846,"18,024",100% bearish,of 1 rating,N/A
FSZ,$39.11,1441052484926,"14,428",Not yet rated,NULL,N/A
FDIV,$46.0801,1441052485013,"2,046",100% bearish,of 1 rating,N/A
FUNC,$8.0538,1441052485223,"2,704",Not yet rated,NULL,N/A
FTW,$31.85,1441052485251,500,Not yet rated,NULL,N/A
FKU,$41.6,1441052485278,"9,846",Not yet rated,NULL,N/A
TUSA,$24.847,1441052485303,"3,444",Not yet rated,NULL,N/A
SVVC,$9.37,1441052485328,"5,294",50% bullish,of 2 ratings,$26
FSV,$31.8847,1441052485470,"8,383",Not yet rated,NULL,$33.60
FMER,$17.96,1441052485522,"538,219",50% bullish,of 2 ratings,$20
FISV,$85.48,1441052485547,"594,210",100% bearish,of 3 ratings,$90
FIVE,$38.75,1441052485676,"518,177",75% bearish,of 4 ratings,$44
FPRX,$19.28,1441052485708,"641,084",50% bullish,of 2 ratings,$35
FIVN,$3.9278,1441052485805,"57,172",100% bullish,of 1 rating,$8.50
FLKS,$12.085,1441052485865,"15,764",50% bullish,of 2 ratings,$27
FLML,$22.26,1441052485906,"46,766",50% bullish,of 2 ratings,$30
MBSD,$24.98,1441052486082,"1,385",Not yet rated,NULL,N/A
FLXN,$24.1078,1441052486113,"85,092",100% bearish,of 1 rating,$40
SKOR,$50.3,1441052486139,"5,500",Not yet rated,NULL,N/A
FLXS,$30.8,1441052486215,"21,973",100% bearish,of 2 ratings,N/A
FLIR,$28.7,1441052486277,"490,526",100% bearish,of 1 rating,$38.50
FLEX,$10.535,1441052486303,"1,223,873",63% bullish,of 8 ratings,$12
FLDM,$12.275,1441052486383,"203,337",67% bearish,of 3 ratings,$15
FFIC,$19.95,1441052486435,"26,808",Not yet rated,NULL,$20.50
FOMX,$10.1578,1441052486574,"116,977",50% bullish,of 2 ratings,$23.50
FES,$0.91,1441052486821,"56,877",50% bullish,of 2 ratings,$1
FOGO,$19.22,1441052486852,"154,297",50% bullish,of 2 ratings,$25.50
FONR,$9.66,1441052486882,"2,981",100% bullish,of 1 rating,N/A
FTNT,$42.23,1441052486948,"520,041",80% bullish,of 10 ratings,$52
FORTY,$32.4504,1441052486980,378,100% bearish,of 1 rating,N/A
FORM,$6.67,1441052487007,"132,711",67% bullish,of 3 ratings,$10.50
FORR,$31.6078,1441052487139,"12,252",Not yet rated,NULL,N/A
FORD,$1.3801,1441052487238,"1,061,002",67% bullish,of 3 ratings,N/A
FWRD,$45.11,1441052487269,"96,062",100% bearish,of 1 rating,$50
FBIO,$2.76,1441052487295,"78,773",83% bullish,of 6 ratings,N/A
FOSL,$61.67,1441052487374,"257,335",60% bearish,of 5 ratings,$80
FMI,$23.64,1441052487427,"159,219",100% bearish,of 2 ratings,$27.50
FXCB,$17.29,1441052487521,"19,281",Not yet rated,NULL,$19
FWP,$26.1701,1441052487552,"16,296",100% bearish,of 1 rating,$45
FRAN,$11.24,1441052487778,"237,346",50% bullish,of 4 ratings,$15
FOXF,$15.02,1441052487807,"30,778",100% bearish,of 1 rating,$19
FREE,$0.3999,1441052487884,"1,410,834",92% bullish,of 12 ratings,N/A
FRED,$13.12,1441052487914,"138,611",50% bullish,of 2 ratings,$15.50
FRPT,$13,1441052488015,"253,571",67% bearish,of 3 ratings,$23.50
FELE,$29.29,1441052488039,"77,030",50% bullish,of 4 ratings,$33
FEIM,$11.183,1441052488090,953,100% bearish,of 1 rating,N/A
FTR,$5.08,1441052488228,"8,541,103",78% bullish,of 27 ratings,$6.25
FTRPR,$100.8,1441052488258,"6,433",100% bearish,of 1 rating,N/A
RAIL,$21.615,1441052488283,"103,452",100% bearish,of 1 rating,$24.50
FRPH,$31.11,1441052488331,"9,668",100% bearish,of 1 rating,N/A
FSBW,$23.28,1441052488428,"2,104",Not yet rated,NULL,N/A
FTD,$29.8878,1441052488603,"87,900",100% bearish,of 1 rating,$40
FSYS,$6.85,1441052488649,"15,324",67% bullish,of 3 ratings,$10
FTEK,$2.04,1441052488679,"23,789",75% bullish,of 4 ratings,N/A
FULL,$3.1636,1441052488782,"19,174",67% bearish,of 3 ratings,$4.25
FCEL,$0.8253,1441052488834,"596,523",88% bullish,of 41 ratings,$2.65
FULT,$12.17,1441052488940,"234,828",100% bearish,of 1 rating,$13
FULLL,NULL,1441052488968,0,Not yet rated,NULL,N/A
FLL,$1.55,1441052488994,"14,185",75% bullish,of 4 ratings,$3.50
FFHL,$1.06,1441052489025,"2,050",50% bullish,of 4 ratings,N/A
FXEN,$0.9707,1441052489121,"56,173",75% bullish,of 4 ratings,$1.10
FXENP,$15.6499,1441052489202,812,100% bearish,of 1 rating,N/A
FSNN,$2.14,1441052489252,"4,982",67% bullish,of 3 ratings,$6
GK,$67.61,1441052489379,"30,888",Not yet rated,NULL,$78
WILC,$4.99,1441052489479,"3,252",100% bullish,of 2 ratings,N/A
GLPG,$60.63,1441052489508,"16,936",100% bullish,of 1 rating,$75
GAIA,$6.07,1441052489614,"5,286",50% bullish,of 2 ratings,$8.50
GALTW,NULL,1441052489653,0,100% bullish,of 1 rating,N/A
GALTU,NULL,1441052489679,0,100% bearish,of 1 rating,N/A
GALT,$2.21,1441052489699,"151,917",80% bullish,of 5 ratings,N/A
GALE,$1.58,1441052489733,"877,979",89% bullish,of 47 ratings,$4
GLMD,$8.84,1441052489898,"12,237",67% bullish,of 3 ratings,$20.50
GPIC,$9.54,1441052489985,"1,152",100% bearish,of 1 rating,N/A
GLPI,$31.04,1441052490014,"231,683",100% bearish,of 1 rating,$37.50
GRMN,$37.7,1441052490116,"432,443",50% bullish,of 6 ratings,$46.50
GGAC,NULL,1441052490140,0,100% bearish,of 1 rating,N/A
GGACR,$0.2643,1441052490173,"14,000",100% bullish,of 1 rating,N/A
GGACU,$10.25,1441052490358,100,Not yet rated,NULL,N/A
GGACW,$0.13,1441052490382,"84,760",Not yet rated,NULL,N/A
GENC,$9.05,1441052490536,"3,900",100% bearish,of 1 rating,N/A
GNCMA,$16.85,1441052490619,"83,812",100% bearish,of 1 rating,$12
GARS,$14.5403,1441052490647,"42,288",Not yet rated,NULL,$16
GFN,$3.825,1441052490669,"15,514",100% bearish,of 2 ratings,$8
GENE,$2.3499,1441052490803,"126,953",100% bullish,of 12 ratings,N/A
GFNSL,$25.6,1441052490827,"1,400",Not yet rated,NULL,N/A
GNTX,$15.5,1441052491008,"849,032",Not yet rated,NULL,$20
GNMK,$10.34,1441052491086,"179,380",67% bullish,of 6 ratings,$14
GFNCP,$91.9999,1441052491157,100,Not yet rated,NULL,N/A
GNCA,$11.68,1441052491183,"169,078",100% bearish,of 1 rating,$20
THRM,$45.59,1441052491260,"102,478",75% bearish,of 4 ratings,$55.50
GHDX,$27.78,1441052491513,"118,020",50% bullish,of 2 ratings,$30
GNVC,$2.534,1441052491534,"8,018",90% bullish,of 10 ratings,$8.50
GEOS,$17.7122,1441052491570,"71,233",100% bearish,of 3 ratings,$21
GTWN,$18.97,1441052491591,100,Not yet rated,NULL,N/A
GABC,$28.98,1441052491625,"4,692",Not yet rated,NULL,$31
GEVO,$2.41,1441052491665,"188,637",75% bullish,of 12 ratings,$5
GERN,$3.045,1441052491723,"1,281,558",88% bullish,of 16 ratings,$5.25
ROCK,$16.39,1441052491903,"105,323",80% bullish,of 5 ratings,$24
GIGM,$0.5202,1441052492048,"48,786",100% bullish,of 2 ratings,N/A
GIGA,$1.4801,1441052492076,"150,821",100% bearish,of 1 rating,N/A
GIII,$69.67,1441052492179,"182,553",67% bullish,of 3 ratings,$75
GILT,$4.27,1441052492237,"8,307",50% bullish,of 2 ratings,N/A
GBCI,$25.96,1441052492317,"158,671",50% bullish,of 2 ratings,$31
GLAD,$9.07,1441052492419,"189,652",50% bullish,of 2 ratings,$8.75
GILD,$105.355,1441052492551,"4,623,745",91% bullish,of 87 ratings,$129
GOOD,$14.4,1441052492583,"71,066",Not yet rated,NULL,$19
GLADO,$25.49,1441052492603,"1,725",Not yet rated,NULL,N/A
GOODO,$25.021,1441052492683,"3,077",Not yet rated,NULL,N/A
GOODP,$25.14,1441052492746,7,Not yet rated,NULL,N/A
GOODN,$25.594,1441052492771,"2,508",Not yet rated,NULL,N/A
GAIN,$7.5,1441052492841,"121,471",100% bullish,of 2 ratings,$8.25
GAINN,$25.16,1441052492946,"95,572",Not yet rated,NULL,N/A
GAINO,$25.35,1441052493141,"1,142",Not yet rated,NULL,N/A
LAND,$9.08,1441052493271,"31,057",50% bullish,of 2 ratings,$13.75
GLBZ,$11.72,1441052493317,454,Not yet rated,NULL,N/A
GAINP,$25.9735,1441052493346,731,Not yet rated,NULL,N/A
GBT,$48.51,1441052493367,"102,606",100% bearish,of 1 rating,N/A
GDEF,$10.52,1441052493397,1,Not yet rated,NULL,N/A
ENT,$11.79,1441052493596,"115,047",100% bearish,of 1 rating,$18
GSOL,$8.2078,1441052493728,"9,710",100% bearish,of 1 rating,N/A
ACTX,$13.15,1441052493757,"74,850",100% bullish,of 1 rating,N/A
GPACU,NULL,1441052493859,0,Not yet rated,NULL,N/A
SOCL,$17.62,1441052493891,"20,685",100% bullish,of 2 ratings,N/A
GBLI,$26.844,1441052493912,"7,160",Not yet rated,NULL,N/A
QQQC,$19.2,1441052493990,"1,322",100% bearish,of 1 rating,N/A
ALTY,$14.41,1441052494042,"3,025",Not yet rated,NULL,N/A
GAI,$6.0924,1441052494492,"2,951",50% bullish,of 2 ratings,N/A
YLCO,$11.82,1441052494519,"3,020",Not yet rated,NULL,N/A
GLRI,$1,1441052494540,"7,176",100% bearish,of 1 rating,$4.25
GLBS,$1.04,1441052494572,"11,896",67% bullish,of 3 ratings,N/A
GSM,$13.7378,1441052494600,"260,378",50% bullish,of 2 ratings,$22
GLUU,$4.59,1441052494675,"1,036,905",92% bullish,of 26 ratings,$9
SRET,$13.1984,1441052494702,532,Not yet rated,NULL,N/A
GBIM,$2.82,1441052494736,"56,878",50% bullish,of 2 ratings,N/A
GOGO,$15.88,1441052494939,"275,833",80% bullish,of 5 ratings,$25
GLYC,$6.99,1441052495120,"5,960",50% bullish,of 2 ratings,$14
GMLP,$19.54,1441052495146,"179,901",50% bullish,of 4 ratings,$30.50
GDEN,$9.13,1441052495167,"9,041",50% bullish,of 2 ratings,N/A
GLNG,$38.93,1441052495196,"569,202",83% bullish,of 6 ratings,$55.50
GLDC,$4,1441052495232,553,50% bullish,of 2 ratings,N/A
GOGL,$3.05,1441052495329,"198,342",75% bullish,of 4 ratings,$5
GBDC,$16.6921,1441052495354,"79,636",Not yet rated,NULL,$17.75
GOOGL,$647.817,1441052495508,"696,537",88% bullish,of 1082 ratings,$749
GMAN,$3.79,1441052495582,"34,043",60% bullish,of 5 ratings,$8.50
GPRO,$46.7,1441052495609,"2,810,949",78% bullish,of 58 ratings,$72
GOOG,$619.6,1441052495641,"837,641",89% bullish,of 71 ratings,$825
GTIM,$6.89,1441052495666,"17,164",Not yet rated,NULL,$11.50
GPIAU,NULL,1441052495875,0,Not yet rated,NULL,N/A
GPIAW,NULL,1441052495933,0,Not yet rated,NULL,N/A
GPIA,NULL,1441052495962,0,100% bearish,of 1 rating,N/A
GBSNU,NULL,1441052496062,0,NULL,NULL,NULL
GRVY,$3.2489,1441052496089,"3,700",50% bullish,of 2 ratings,N/A
GBSN,$0.3077,1441052496151,"5,514,239",50% bullish,of 2 ratings,$8.25
GLDD,$5.55,1441052496222,"68,933",100% bearish,of 4 ratings,$7.75
LOPE,$36.957,1441052496247,"139,807",100% bearish,of 2 ratings,$50
GSBC,$40.27,1441052496379,"13,122",100% bullish,of 1 rating,$44
GNBC,$11.9578,1441052496451,"9,947",100% bearish,of 1 rating,$16.50
GPRE,$21.32,1441052496518,"288,599",67% bullish,of 6 ratings,$28.50
GPP,$14.4,1441052496543,"108,491",Not yet rated,NULL,$20.50
GRBK,$12.18,1441052496617,"131,939",77% bullish,of 13 ratings,N/A
GLRE,$25.56,1441052496775,"67,998",50% bullish,of 2 ratings,$41
GCBC,$28.495,1441052496800,"1,836",100% bullish,of 1 rating,N/A
GRIF,$31.7999,1441052496862,100,100% bearish,of 1 rating,N/A
GRPN,$4.5,1441052496993,"3,845,511",61% bullish,of 71 ratings,$6.75
GRFS,$30.36,1441052497022,"97,227",50% bullish,of 2 ratings,$35
OMAB,$42,1441052497124,"46,623",100% bullish,of 1 rating,$44
GGAL,$19.185,1441052497184,"82,643",80% bullish,of 5 ratings,$40
GBNK,$16.0378,1441052497547,"14,109",100% bearish,of 1 rating,$18
GSVC,$8.86,1441052497589,"37,981",50% bullish,of 2 ratings,$14.50
GSIT,$4.64,1441052497649,"4,314",100% bearish,of 1 rating,N/A
GSIG,$12.9878,1441052497676,"14,839",100% bearish,of 2 ratings,N/A
GTXI,$0.9,1441052497726,"42,858",100% bullish,of 5 ratings,$.75
GUID,$7.115,1441052497753,"5,630",100% bearish,of 3 ratings,$10
GFED,$14.835,1441052497774,"1,806",Not yet rated,NULL,$17
GULTU,$0.3001,1441052497834,"1,227,407",100% bearish,of 1 rating,N/A
GIFI,$12.63,1441052498059,"27,328",100% bearish,of 1 rating,$16
GPOR,$35.91,1441052498197,"1,007,642",75% bullish,of 4 ratings,$55
GWPH,$106.7637,1441052498222,"53,673",78% bullish,of 9 ratings,$148.50
GURE,$1.7001,1441052498248,"5,950",88% bullish,of 8 ratings,N/A
GWGH,$7.72,1441052498381,"2,450",100% bearish,of 1 rating,$15.05
GYRO,$2.8007,1441052498406,"3,500",100% bearish,of 1 rating,N/A
HEES,$20.7,1441052498432,"288,435",67% bearish,of 3 ratings,$31
HLG,$9.51,1441052498571,"3,304",100% bearish,of 1 rating,N/A
HNRG,$8.01,1441052498672,"85,678",100% bearish,of 1 rating,$10
HBK,$13.67,1441052498701,100,50% bullish,of 2 ratings,N/A
HALO,$17.54,1441052498728,"501,185",67% bullish,of 3 ratings,$22.50
HMPR,$1.8322,1441052498874,"6,343",100% bullish,of 1 rating,N/A
HALL,$11.4221,1441052498960,"19,142",Not yet rated,NULL,N/A
HBHC,$28.21,1441052499190,"502,388",50% bullish,of 2 ratings,$30
HBHCL,$24.18,1441052499234,"20,798",Not yet rated,NULL,N/A
HNH,$25.2178,1441052499267,"9,655",100% bullish,of 1 rating,N/A
HAFC,$24.2,1441052499367,"158,021",100% bullish,of 2 ratings,$28.50
HNSN,$0.55,1441052499401,"61,953",88% bullish,of 8 ratings,$.40
HQCL,$13.3699,1441052499427,"16,425",67% bullish,of 3 ratings,$14
HRMN,$9.9001,1441052499497,400,Not yet rated,NULL,N/A
HDNG,$10.25,1441052499521,"14,119",50% bullish,of 4 ratings,N/A
HLIT,$5.775,1441052499679,"211,145",100% bearish,of 1 rating,$6.50
HRMNU,$10.2,1441052499766,"2,100",Not yet rated,NULL,N/A
HRMNW,$0.34,1441052499808,"10,000",Not yet rated,NULL,N/A
HBIO,$4.38,1441052499873,"45,276",100% bearish,of 1 rating,$10
TINY,$2.4999,1441052499901,"15,886",50% bullish,of 2 ratings,$5.26
HART,$1.3808,1441052499937,"958,032",100% bearish,of 1 rating,N/A
HCAP,$12.08,1441052500135,"9,904",50% bullish,of 2 ratings,$15
HCAPL,$25.7399,1441052500208,"4,400",Not yet rated,NULL,N/A
HAS,$74.85,1441052500269,"462,717",63% bullish,of 8 ratings,$84.50
HA,$22.68,1441052500297,"345,548",67% bullish,of 9 ratings,$27
HAYN,$38.2,1441052500461,"16,526",100% bearish,of 1 rating,$59
HCOM,$22.0122,1441052500493,"2,430",100% bearish,of 1 rating,$28
HWKN,$37.98,1441052500521,"15,833",Not yet rated,NULL,N/A
HWBK,$14.05,1441052500591,200,100% bearish,of 1 rating,N/A
HDS,$33.04,1441052500618,"658,849",100% bearish,of 2 ratings,$39.50
HCSG,$33.46,1441052500891,"76,827",50% bullish,of 4 ratings,$35
HIIQ,$5.19,1441052500922,"24,476",50% bullish,of 2 ratings,$7
HSTM,$24.76,1441052501058,"31,637",50% bullish,of 2 ratings,$33.75
HWAY,$12.17,1441052501082,"111,574",100% bearish,of 1 rating,$15
HTLF,$36.4,1441052501129,"19,485",100% bullish,of 1 rating,$39.50
HTLD,$20.23,1441052501154,"273,960",Not yet rated,NULL,$22.50
HTBX,$4.84,1441052501401,"12,030",50% bullish,of 2 ratings,$15.50
HTWR,$85.6,1441052501434,"103,636",50% bullish,of 2 ratings,$103
HQY,$29.317,1441052501538,"129,656",67% bullish,of 3 ratings,$32
HMNY,$2.18,1441052501598,200,100% bearish,of 1 rating,N/A
HSII,$19.4878,1441052501623,"55,875",100% bullish,of 3 ratings,$25
HELE,$85.43,1441052501680,"61,205",67% bearish,of 3 ratings,$100
HMTV,$13.6078,1441052501947,"10,745",100% bearish,of 1 rating,$16
HERO,NULL,1441052501971,0,NULL,NULL,NULL
HSIC,$136.806,1441052502053,"174,965",83% bullish,of 6 ratings,$146
HEOP,$7.7678,1441052502104,"4,079",Not yet rated,NULL,$8.50
HFWA,$17.72,1441052502134,"19,736",100% bullish,of 1 rating,$20
HTBK,$10.53,1441052502164,"28,498",Not yet rated,NULL,$12
HNNA,$24.72,1441052502185,"4,928",Not yet rated,NULL,N/A
HCACU,$9.92,1441052502234,"16,912",Not yet rated,NULL,N/A
HRTX,$38.97,1441052502467,"1,352,451",67% bullish,of 6 ratings,$41
HCCI,$11.92,1441052502492,"85,957",100% bearish,of 1 rating,$16.50
MLHR,$27.25,1441052502516,"135,333",50% bullish,of 2 ratings,$33.50
HSKA,$33.75,1441052502541,"31,700",100% bearish,of 1 rating,$38
HIBB,$39.4978,1441052502673,"179,322",100% bearish,of 1 rating,$46.50
HFFC,$16,1441052502710,"37,778",Not yet rated,NULL,N/A
HIMX,$6.92,1441052502849,"793,479",86% bullish,of 21 ratings,$8.50
HPJ,$2.18,1441052502889,"19,920",75% bullish,of 4 ratings,$12.43
HIFS,$116.98,1441052502991,"1,458",Not yet rated,NULL,N/A
HIHO,$4.218,1441052503021,"44,477",Not yet rated,NULL,N/A
HSGX,$6.19,1441052503048,"7,272",100% bearish,of 1 rating,$17
HMNF,$11.7,1441052503122,200,Not yet rated,NULL,N/A
HMSY,$10.46,1441052503185,"693,102",67% bullish,of 3 ratings,$19.35
HOLI,$17.61,1441052503341,"52,072",50% bullish,of 4 ratings,$27
HOLX,$38.9,1441052503369,"901,145",50% bullish,of 4 ratings,$42
HBCP,$24.615,1441052503500,929,Not yet rated,NULL,$29
HFBL,$21.9999,1441052503546,100,Not yet rated,NULL,N/A
HOMB,$38.17,1441052503591,"103,428",Not yet rated,NULL,$42
HMIN,$26.49,1441052503630,"34,684",100% bearish,of 2 ratings,$35
AWAY,$28.76,1441052503690,"290,959",67% bullish,of 3 ratings,$36
HTBI,$18.2,1441052503833,"32,795",67% bullish,of 3 ratings,$18.625
HMST,$22.24,1441052503860,"40,326",100% bullish,of 2 ratings,$27
CETC,$0.74,1441052503887,"10,751",86% bullish,of 7 ratings,N/A
HKTV,$4.37,1441052503915,"4,393",100% bearish,of 1 rating,N/A
HFBC,$11.4599,1441052504050,"1,700",Not yet rated,NULL,N/A
HOFT,$23.8578,1441052504106,"25,229",100% bearish,of 1 rating,N/A
HBNC,$23.68,1441052504190,"12,830",100% bullish,of 1 rating,$27
HZNP,$29.32,1441052504242,"825,029",85% bullish,of 20 ratings,$40
HRZN,$10.56,1441052504347,"34,580",50% bullish,of 2 ratings,$14.25
ZINC,$8.19,1441052504480,"683,104",100% bearish,of 1 rating,$17
HDP,$23.73,1441052504501,"177,443",67% bearish,of 3 ratings,$30.50
HBMD,$14.46,1441052504586,600,100% bearish,of 1 rating,N/A
HMHC,$22.56,1441052504674,"357,921",Not yet rated,NULL,$27
HWCC,$7.68,1441052504711,"63,283",100% bearish,of 1 rating,$9
HOVNP,$4.04,1441052504736,"3,951",100% bearish,of 1 rating,N/A
HSNI,$60.807,1441052504763,"165,848",Not yet rated,NULL,$80
HUBG,$37.8,1441052504810,"101,388",100% bearish,of 1 rating,$43
HTGM,$5.5701,1441052505006,"6,999",100% bearish,of 1 rating,$19.50
HCBK,$9.335,1441052505033,"853,642",83% bullish,of 6 ratings,$8.61
HSON,$2.595,1441052505093,"5,404",100% bearish,of 1 rating,$5
HDSN,$3.12,1441052505199,"4,039",100% bullish,of 1 rating,$6.25
HBANP,NULL,1441052505223,0,100% bearish,of 1 rating,N/A
HBAN,$10.91,1441052505249,"2,721,490",76% bullish,of 17 ratings,$12.29
HURC,$30.81,1441052505378,"5,889",100% bearish,of 1 rating,N/A
HURN,$72.58,1441052505475,"91,037",50% bullish,of 2 ratings,$80
HTCH,$1.49,1441052505549,"73,572",100% bearish,of 1 rating,$3.50
HBP,$3.1499,1441052505614,"2,700",100% bullish,of 1 rating,N/A
HDRAR,$0.36,1441052505640,"10,000",Not yet rated,NULL,N/A
HDRA,NULL,1441052505671,0,Not yet rated,NULL,N/A
HDRAU,NULL,1441052505775,0,Not yet rated,NULL,N/A
HDRAW,$0.264,1441052505904,900,Not yet rated,NULL,N/A
HYGS,$9.31,1441052505929,"26,243",50% bullish,of 2 ratings,$13
IDSY,$3.75,1441052505978,"11,250",100% bearish,of 1 rating,$7
IKGH,$1.39,1441052506174,"27,416",75% bullish,of 4 ratings,N/A
IACI,$69.89,1441052506214,"420,611",75% bullish,of 4 ratings,$90
IBKC,$60.9,1441052506308,"75,708",100% bullish,of 1 rating,$70
ICFI,$34.31,1441052506344,"32,111",50% bullish,of 2 ratings,$48.50
IEP,$73.5,1441052506406,"38,027",75% bullish,of 4 ratings,$99
ICLR,$77.58,1441052506430,"297,335",100% bearish,of 3 ratings,$85
ICUI,$113.18,1441052506674,"50,953",Not yet rated,NULL,$122
IPWR,$7.34,1441052506758,"5,208",100% bullish,of 1 rating,$15
IDRA,$3.02,1441052506816,"1,207,242",89% bullish,of 9 ratings,$6.50
INVE,$4.64,1441052506841,"62,195",75% bullish,of 4 ratings,$4
ICAD,$3.96,1441052507010,"27,026",100% bullish,of 2 ratings,$7.25
IDXX,$71.75,1441052507038,"244,016",100% bearish,of 1 rating,$76
ICON,$13.94,1441052507090,"403,452",50% bullish,of 2 ratings,$18.50
IRG,$4.95,1441052507194,"11,108",100% bearish,of 1 rating,$4.25
DSKY,$11,1441052507215,"75,536",67% bullish,of 6 ratings,$11.50
RXDX,$13.69,1441052507297,"69,565",100% bullish,of 1 rating,$20
IROQ,$16.99,1441052507374,981,100% bullish,of 1 rating,N/A
KANG,$15.74,1441052507503,"199,515",50% bullish,of 2 ratings,$22.55
IKAN,$2.7216,1441052507542,"96,730",83% bullish,of 6 ratings,$5
ILMN,$197.607,1441052507576,"545,239",80% bullish,of 5 ratings,$245
IIVI,$16.9,1441052507672,"136,618",100% bearish,of 1 rating,$22
IKNX,$12.37,1441052507696,"4,510",100% bearish,of 1 rating,N/A
IMMR,$11.587,1441052507851,"85,234",80% bullish,of 5 ratings,$15.50
ISNS,$4.12,1441052507877,"24,315",50% bullish,of 2 ratings,N/A
ICCC,$7.2601,1441052508008,"6,292",100% bullish,of 1 rating,N/A
IMNP,$1.32,1441052508039,"70,123",50% bullish,of 2 ratings,$6
IMMU,$2.16,1441052508067,"400,257",86% bullish,of 7 ratings,$2
IMDZ,$15.92,1441052508088,"43,128",100% bearish,of 1 rating,$33
IMGN,$13.56,1441052508119,"508,341",75% bullish,of 4 ratings,$17.50
IPXL,$41.03,1441052508250,"628,154",67% bullish,of 3 ratings,$46.50
IMMY,$7.695,1441052508278,"4,800",100% bearish,of 1 rating,$11
INCR,$41.06,1441052508431,"224,160",50% bullish,of 2 ratings,$53
SAAS,$7.55,1441052508456,"237,009",50% bullish,of 2 ratings,$15
INDB,$45.23,1441052508595,"50,495",Not yet rated,NULL,$44
IBTX,$42.3878,1441052508700,"9,619",100% bullish,of 2 ratings,$47.25
IDSA,$3.617,1441052508805,"1,004",Not yet rated,NULL,N/A
IBCP,$14.05,1441052508863,"41,428",100% bullish,of 1 rating,$14.50
INCY,$116.615,1441052508884,"729,472",50% bullish,of 6 ratings,$125.50
INFI,$8.82,1441052508935,"253,498",50% bullish,of 4 ratings,$18
INFN,$21.88,1441052508963,"1,341,490",71% bullish,of 7 ratings,$28
IPCC,$77.28,1441052509037,"7,939",Not yet rated,NULL,$77.50
INWK,$7.26,1441052509170,"48,806",50% bullish,of 2 ratings,$10
IFON,$1.27,1441052509237,"14,860",75% bullish,of 4 ratings,N/A
III,$3.71,1441052509405,"61,010",57% bullish,of 7 ratings,$6
INOD,$2.4,1441052509450,"39,305",100% bearish,of 1 rating,N/A
IMKTA,$49.71,1441052509481,"54,720",100% bearish,of 1 rating,N/A
INNL,$13,1441052509502,"1,800",100% bearish,of 1 rating,$16.50
IPHS,$48.09,1441052509583,"65,464",100% bearish,of 1 rating,$60
IOSP,$49.1,1441052509687,"178,158",100% bearish,of 1 rating,N/A
INGN,$49.32,1441052509831,"142,719",100% bearish,of 1 rating,$50.50
ITEK,$12.34,1441052509858,"160,051",100% bearish,of 3 ratings,$20
ISSC,$2.79,1441052509881,"2,600",67% bearish,of 3 ratings,N/A
NSIT,$25.34,1441052509901,"78,897",50% bullish,of 2 ratings,N/A
INOV,$21.89,1441052510036,"209,208",100% bearish,of 1 rating,$33
ISIG,$2.68,1441052510101,"19,894",100% bearish,of 1 rating,N/A
INO,$7.5,1441052510126,"692,756",89% bullish,of 18 ratings,$20
INSM,$24.61,1441052510187,"200,031",71% bullish,of 7 ratings,$31.50
IIIN,$17.3122,1441052510406,"28,105",100% bearish,of 2 ratings,N/A
INSY,$32.417,1441052510467,"222,250",75% bullish,of 4 ratings,$48
NTEC,$5.5,1441052510550,"29,600",100% bearish,of 1 rating,N/A
ISSI,$21.98,1441052510695,"114,340",67% bullish,of 3 ratings,$19.75
PODD,$29.75,1441052510727,"169,672",67% bearish,of 3 ratings,$35
IESC,$7.25,1441052510752,"9,100",100% bearish,of 1 rating,N/A
IDTI,$19.05,1441052510782,"883,807",60% bullish,of 5 ratings,$25
INTC,$28.685,1441052510825,"19,843,228",82% bullish,of 238 ratings,$36
IART,$60.09,1441052510853,"198,932",100% bearish,of 2 ratings,$71.50
IQNT,$18.3,1441052510982,"155,442",86% bullish,of 7 ratings,$20
IPCI,$2.2716,1441052511009,"63,231",67% bullish,of 6 ratings,$8
IPAR,$25.697,1441052511159,"56,071",67% bullish,of 3 ratings,$38
ICPT,$190.53,1441052511243,"167,071",70% bullish,of 10 ratings,$359.50
ININ,$35.11,1441052511335,"61,859",67% bearish,of 3 ratings,$57
IDCC,$49.4722,1441052511411,"163,510",80% bullish,of 5 ratings,$63
IBKR,$39.85,1441052511468,"346,794",100% bullish,of 1 rating,N/A
ICLDW,NULL,1441052511493,0,100% bearish,of 1 rating,N/A
ICLD,$1.88,1441052511520,"79,655",75% bullish,of 4 ratings,N/A
IMI,$2.06,1441052511666,"26,364",67% bullish,of 3 ratings,$2.22
TILE,$24.28,1441052511722,"468,576",100% bearish,of 3 ratings,$27
IBOC,$25.65,1441052511799,"47,689",100% bearish,of 1 rating,N/A
ISCA,$32.0884,1441052511853,"51,249",100% bearish,of 1 rating,N/A
INAP,$7.97,1441052511940,"67,073",75% bullish,of 4 ratings,$11
IIJI,NULL,1441052511969,0,50% bullish,of 2 ratings,$11.50
IGLD,$6.8901,1441052511998,937,50% bullish,of 2 ratings,N/A
PTNT,$3.03,1441052512105,300,Not yet rated,NULL,N/A
INPH,$0.3,1441052512245,"25,084",50% bullish,of 2 ratings,N/A
XENT,$25.49,1441052512280,"113,503",50% bullish,of 2 ratings,$36.50
INTX,$2.04,1441052512409,"78,780",67% bullish,of 3 ratings,N/A
ISIL,$10.55,1441052512434,"355,133",50% bullish,of 6 ratings,$15
IILG,$20.03,1441052512459,"81,145",100% bearish,of 1 rating,$29
IVAC,$4.67,1441052512484,"15,980",100% bearish,of 1 rating,$6.625
INTL,$26.4622,1441052512617,"49,531",67% bearish,of 3 ratings,N/A
INTLL,$25.926,1441052512696,"2,100",Not yet rated,NULL,N/A
ITCI,$26.79,1441052512750,"272,464",75% bearish,of 4 ratings,$40
IIN,$6.9,1441052512858,"2,045",100% bearish,of 1 rating,$12
SNAK,$8.6478,1441052512889,"22,672",50% bullish,of 2 ratings,$14
INTU,$85.87,1441052512917,"1,146,549",86% bullish,of 7 ratings,$107.50
INVT,$0.338,1441052512940,"127,154",67% bullish,of 3 ratings,N/A
ISRG,$510.954,1441052512994,"87,330",67% bullish,of 3 ratings,$600
ISTR,$15.61,1441052513096,302,100% bearish,of 1 rating,$18.50
ISBC,$11.795,1441052513227,"789,720",100% bullish,of 1 rating,$13.25
ITIC,$71.02,1441052513328,534,100% bearish,of 2 ratings,N/A
IVTY,$13.35,1441052513355,"5,533",Not yet rated,NULL,$18
NVIV,$9.75,1441052513380,"120,309",50% bullish,of 4 ratings,$24.50
IPAS,$1.08,1441052513429,"32,981",67% bullish,of 3 ratings,N/A
DTUL,NULL,1441052513562,0,Not yet rated,NULL,N/A
DFVL,$66.6,1441052513622,3,Not yet rated,NULL,N/A
IPGP,$84.64,1441052513731,"133,100",67% bearish,of 3 ratings,$109.50
IPCM,$79.49,1441052513805,"75,398",50% bullish,of 2 ratings,$80.125
IRIX,$6.78,1441052513863,"34,813",100% bearish,of 1 rating,N/A
IRDM,$7.42,1441052513902,"444,792",60% bullish,of 5 ratings,$11.50
IRMD,$23.8978,1441052513929,"25,826",67% bearish,of 3 ratings,$25
IRDMB,$279,1441052513956,100,67% bearish,of 3 ratings,N/A
IRBT,$29.3,1441052514172,"100,613",67% bullish,of 6 ratings,$37
IRWD,$11.045,1441052514234,"422,377",100% bearish,of 1 rating,$13
COMT,$34.49,1441052514259,"17,787",100% bearish,of 1 rating,N/A
FCHI,NULL,1441052514285,0,NULL,NULL,NULL
IRCP,NULL,1441052514306,0,100% bullish,of 2 ratings,N/A
IFAS,NULL,1441052514442,0,NULL,NULL,NULL
GNMA,$50.18,1441052514469,"7,403",Not yet rated,NULL,N/A
IFEU,$37.97,1441052514607,"79,055",Not yet rated,NULL,N/A
ACWX,$40.77,1441052514678,"187,110",100% bearish,of 1 rating,N/A
IFNA,NULL,1441052514733,0,NULL,NULL,NULL
IFGL,$28.25,1441052514757,"701,480",Not yet rated,NULL,N/A
AAXJ,$53.37,1441052514810,"1,131,692",Not yet rated,NULL,N/A
ACWI,$55.93,1441052514844,"980,919",Not yet rated,NULL,N/A
AXJS,NULL,1441052514884,0,NULL,NULL,NULL
EMDI,NULL,1441052514940,0,NULL,NULL,NULL
AAIT,NULL,1441052514962,0,NULL,NULL,NULL
EEMA,$50.23,1441052515101,"44,969",Not yet rated,NULL,N/A
EMEY,NULL,1441052515124,0,NULL,NULL,NULL
EEME,NULL,1441052515142,0,NULL,NULL,NULL
EGRW,NULL,1441052515185,0,NULL,NULL,NULL
EEML,$27.4,1441052515285,"2,600",Not yet rated,NULL,N/A
EVAL,NULL,1441052515424,0,NULL,NULL,NULL
IEUS,$45.91,1441052515555,"4,507",100% bearish,of 1 rating,N/A
EUFN,$21.77,1441052515591,"40,647",100% bearish,of 1 rating,N/A
IBB,$343.2,1441052515620,"727,192",63% bullish,of 8 ratings,N/A
UAE,$18.74,1441052515645,"2,485",Not yet rated,NULL,N/A
SOXX,$83.26,1441052515725,"302,688",50% bullish,of 2 ratings,N/A
QAT,$21.86,1441052515782,"12,800",Not yet rated,NULL,N/A
ICLN,$9.4601,1441052515857,"6,637",50% bullish,of 2 ratings,N/A
EMIF,$28.74,1441052515954,"28,278",Not yet rated,NULL,N/A
WOOD,$48.12,1441052515985,"19,475",50% bullish,of 2 ratings,N/A
INDY,$27.43,1441052516084,"43,449",50% bullish,of 2 ratings,N/A
IGOV,$90.416,1441052516278,"213,771",100% bearish,of 1 rating,N/A
ISHG,$79.4401,1441052516312,"3,812",100% bearish,of 1 rating,N/A
ISLE,$18.49,1441052516358,"356,623",50% bullish,of 4 ratings,$16
ISIS,$50.24,1441052516413,"1,065,671",53% bullish,of 15 ratings,$67
ISRL,$130.9978,1441052516439,211,100% bearish,of 1 rating,N/A
ITRI,$30.02,1441052516487,"164,324",100% bearish,of 1 rating,$37
ITRN,$24.1,1441052516565,"1,739",50% bullish,of 2 ratings,N/A
XXIA,$15.48,1441052516640,"394,784",71% bullish,of 7 ratings,$14.625
ITUS,$4.19,1441052516732,"1,600",Not yet rated,NULL,N/A
IXYS,$11.73,1441052516803,"153,157",50% bullish,of 4 ratings,N/A
JJSF,$114.13,1441052516830,"20,199",100% bearish,of 1 rating,N/A
MAYS,$59.93,1441052517004,160,Not yet rated,NULL,N/A
JBHT,$72.94,1441052517031,"437,254",50% bullish,of 4 ratings,$89.50
JCOM,$69.5765,1441052517068,"125,774",100% bullish,of 2 ratings,$77
JASO,$8.02,1441052517103,"630,494",82% bullish,of 17 ratings,$10
JAXB,$13.925,1441052517317,600,100% bullish,of 1 rating,N/A
JKHY,$68.16,1441052517378,"124,033",50% bullish,of 2 ratings,$72
JXSB,NULL,1441052517407,0,Not yet rated,NULL,N/A
JACK,$78.44,1441052517432,"267,014",83% bullish,of 6 ratings,$105
JAKK,$9.53,1441052517620,"579,618",60% bearish,of 5 ratings,$11
JMBA,$13.82,1441052517671,"65,710",75% bullish,of 4 ratings,$18
JRVR,$27.65,1441052517702,"47,820",Not yet rated,NULL,$32
JAGX,$3.1,1441052517800,"16,103",Not yet rated,NULL,$10.50
JASN,$4.985,1441052517829,"3,775",50% bullish,of 2 ratings,$9.50
ERW,$50.26,1441052517853,159,Not yet rated,NULL,N/A
JAZZ,$168.816,1441052518038,"185,046",80% bullish,of 15 ratings,$206.50
JBLU,$22.39,1441052518129,"2,862,652",94% bullish,of 18 ratings,$27
JASNW,NULL,1441052518156,0,50% bullish,of 2 ratings,N/A
JD,$25.895,1441052518188,"5,219,173",75% bullish,of 16 ratings,$36
JTPY,$2.95,1441052518288,"1,570",100% bearish,of 1 rating,N/A
JCTCF,NULL,1441052518313,0,100% bullish,of 1 rating,N/A
DATE,$6.06,1441052518398,"20,382",75% bullish,of 4 ratings,$9
JST,$3.85,1441052518529,"15,135",75% bullish,of 4 ratings,N/A
JIVE,$4.51,1441052518557,"127,759",75% bullish,of 4 ratings,$5
WYIGU,NULL,1441052518577,0,100% bearish,of 1 rating,N/A
JBSS,$51.6878,1441052518722,"18,671",67% bearish,of 3 ratings,N/A
JOEZ,$0.1639,1441052518768,"105,264",92% bullish,of 12 ratings,N/A
JUNO,$36.42,1441052518866,"509,558",73% bullish,of 11 ratings,$71.50
JOUT,$25.0722,1441052518936,"8,123",100% bearish,of 1 rating,$34
KALU,$83.5758,1441052519036,"49,696",67% bearish,of 3 ratings,$91
