Symbol,Price,Date,Volume,Rating,RatingVoteCount,OneYearEstimate
TFSCR,NULL,1441221302900,0,Not yet rated,NULL,N/A
PIH,NULL,1441221302934,0,100% bearish,of 1 rating,N/A
TFSCU,NULL,1441221302960,0,Not yet rated,NULL,N/A
TFSCW,NULL,1441221302987,0,100% bearish,of 1 rating,N/A
FLWS,$8.51,1441221303008,"168,867",80% bullish,of 5 ratings,$15
FCTY,$7.74,1441221303030,890,100% bullish,of 1 rating,$8.50
FCCY,$11.74,1441221303062,150,100% bullish,of 1 rating,$13
TFSC,NULL,1441221303084,0,100% bearish,of 1 rating,N/A
SRCE,$29.6,1441221303222,"8,751",100% bullish,of 3 ratings,$33
USLV,$12.71,1441221303331,"213,638",86% bullish,of 7 ratings,N/A
DSLV,$68.66,1441221303352,"15,540",100% bearish,of 1 rating,N/A
VNET,$16.51,1441221303374,"288,433",60% bullish,of 5 ratings,$35
UGLD,$9.2628,1441221303418,"102,698",100% bearish,of 1 rating,N/A
TWOU,$34.91,1441221303448,"72,270",50% bullish,of 2 ratings,$39
DGLD,$80.9601,1441221303469,"4,925",100% bullish,of 1 rating,N/A
JOBS,$26.55,1441221303503,"70,150",50% bullish,of 4 ratings,$36
EGHT,$7.69,1441221303858,"159,606",82% bullish,of 17 ratings,$11
ABGB,$5.25,1441221303909,"15,197",67% bullish,of 3 ratings,$5.50
SIXD,$2.7,1441221303934,"26,477",Not yet rated,NULL,N/A
CAFD,$14.86,1441221303968,"95,840",Not yet rated,NULL,$24.50
ABAX,$47.16,1441221303990,"69,281",100% bearish,of 1 rating,$60
AVHI,$13.95,1441221304019,"11,690",100% bearish,of 1 rating,$19
SHLM,$32.94,1441221304066,"56,962",100% bearish,of 1 rating,$47
AAON,$20,1441221304098,"47,971",100% bearish,of 1 rating,$24
ABY,$22.33,1441221304150,"317,355",100% bearish,of 2 ratings,$46
ABEO,$4.81,1441221304200,"56,558",50% bullish,of 4 ratings,$15.50
ABMD,$94.49,1441221304255,"252,523",75% bullish,of 4 ratings,$100.50
AXAS,$1.72,1441221304293,"614,230",78% bullish,of 9 ratings,$3.50
ABEOW,$1.8,1441221304318,400,100% bullish,of 1 rating,N/A
ACTG,$9.14,1441221304357,"253,350",67% bullish,of 3 ratings,$18.50
ACHC,$72.79,1441221304452,"147,991",50% bullish,of 2 ratings,$92
ACAD,$37.33,1441221304555,"387,809",80% bullish,of 20 ratings,$48
ARAY,$6.59,1441221304683,"277,980",100% bearish,of 1 rating,$10.50
AXDX,$19.25,1441221304713,"45,633",100% bearish,of 1 rating,N/A
ACST,$0.3421,1441221304756,"1,190",100% bullish,of 2 ratings,N/A
ANCX,$20.07,1441221304785,"9,994",Not yet rated,NULL,$20
XLRN,$29.38,1441221304814,"38,845",50% bullish,of 2 ratings,$57
ACRX,$4.48,1441221304893,"262,496",67% bearish,of 6 ratings,$5.50
VXDN,$1.8799,1441221304925,"20,545",100% bearish,of 1 rating,N/A
ACET,$21.74,1441221304951,"47,067",75% bullish,of 4 ratings,$30
VXUP,$1.6827,1441221305027,"21,972",100% bearish,of 1 rating,N/A
AKAO,$7,1441221305078,"35,101",75% bullish,of 4 ratings,$15
ACHN,$7.33,1441221305114,"1,936,501",90% bullish,of 21 ratings,$16
ACIW,$21.14,1441221305140,"186,464",67% bearish,of 3 ratings,$24
ACNB,$20.35,1441221305172,463,Not yet rated,NULL,N/A
ACOR,$32.085,1441221305274,"284,967",67% bearish,of 3 ratings,$38.50
ACTS,$1.6,1441221305362,"8,148",100% bearish,of 1 rating,N/A
ACPW,$1.955,1441221305459,"20,092",100% bullish,of 4 ratings,$3.25
ATVI,$28.11,1441221305489,"6,021,733",67% bullish,of 84 ratings,$31.50
ACTA,$13.79,1441221305520,"39,542",67% bearish,of 3 ratings,$25
ACUR,$2.85,1441221305557,"1,848",100% bullish,of 5 ratings,$5
ACXM,$20.49,1441221305625,"99,248",67% bullish,of 3 ratings,N/A
ADMS,$19.665,1441221305650,"23,424",100% bearish,of 2 ratings,$36
ADMP,$3.89,1441221305680,"13,989",50% bullish,of 2 ratings,$10
ADUS,$29.43,1441221305786,"17,761",100% bearish,of 1 rating,$31
ADAP,$11.4662,1441221305815,"23,643",67% bullish,of 3 ratings,$22
ADEP,$6.97,1441221305923,"29,578",50% bullish,of 2 ratings,$10.75
AEY,$2.35,1441221305949,"9,438",100% bearish,of 2 ratings,N/A
ADBE,$76.9,1441221306083,"988,155",65% bullish,of 17 ratings,$90
ADMA,$9,1441221306109,"4,581",Not yet rated,NULL,$19
ADTN,$15.67,1441221306187,"85,499",67% bullish,of 3 ratings,$17.125
ADRO,$19.1,1441221306244,"109,886",80% bullish,of 5 ratings,$45.50
AEIS,$24.14,1441221306322,"55,632",50% bullish,of 2 ratings,$32.50
AMD,$1.755,1441221306353,"2,866,448",83% bullish,of 103 ratings,$2
ADXS,$13.32,1441221306375,"490,506",64% bullish,of 14 ratings,$27
ADXSW,$9.1234,1441221306403,"5,850",100% bullish,of 1 rating,N/A
MULT,NULL,1441221306428,0,100% bearish,of 1 rating,N/A
YPRO,$22.9,1441221306559,2,100% bearish,of 1 rating,N/A
AEGN,$17.96,1441221306604,"31,989",100% bearish,of 2 ratings,$21
AEGR,$17.76,1441221306631,"89,281",50% bullish,of 6 ratings,$26
AEHR,$2.3,1441221306693,"3,386",50% bullish,of 2 ratings,N/A
AMTX,$2.79,1441221306721,"5,868",50% bullish,of 2 ratings,$26.11
AEPI,$55.94,1441221306786,"11,708",100% bearish,of 1 rating,N/A
AERI,$15.53,1441221306864,"390,368",75% bullish,of 4 ratings,$31.50
AVAV,$21.06,1441221306970,"563,940",50% bullish,of 4 ratings,$31
AEZS,$0.0886,1441221307040,"7,578,838",90% bullish,of 21 ratings,$1.50
AEMD,$7.4128,1441221307070,"10,898",Not yet rated,NULL,$27.50
AGEN,$7.04,1441221307142,"227,445",85% bullish,of 13 ratings,$14
AGRX,$8.4,1441221307167,"16,581",100% bearish,of 1 rating,$17.50
AFFX,$9.1,1441221307196,"149,453",80% bullish,of 5 ratings,$12.50
AFMD,$10.29,1441221307227,"92,290",50% bullish,of 4 ratings,$15
AGYS,$9.795,1441221307324,"6,724",100% bearish,of 1 rating,N/A
AGIO,$86.42,1441221307355,"65,017",88% bullish,of 8 ratings,$114
AGFSW,$1.98,1441221307419,200,100% bearish,of 2 ratings,N/A
AGFS,$9.61,1441221307484,"150,364",100% bearish,of 1 rating,N/A
AIMT,$22.045,1441221307509,"66,452",Not yet rated,NULL,$35.50
AIRM,$36.18,1441221307828,"66,897",80% bearish,of 5 ratings,$53
ATSG,$8.8,1441221307896,"80,678",67% bullish,of 3 ratings,$13
AIRT,$22.542,1441221307933,"1,076",100% bullish,of 1 rating,N/A
AMCN,$4.46,1441221307954,"46,761",83% bullish,of 6 ratings,N/A
AIXG,$6.33,1441221307987,"4,200",67% bearish,of 3 ratings,$5.25
AKAM,$70.76,1441221308027,"568,863",63% bullish,of 8 ratings,$77.50
AKBA,$7.52,1441221308058,"180,175",100% bearish,of 1 rating,$18
AKER,$2.63,1441221308084,"23,130",Not yet rated,NULL,N/A
AKRX,$39.26,1441221308155,"224,757",78% bullish,of 9 ratings,$56
ALRM,$15.78,1441221308254,"113,224",100% bearish,of 1 rating,$22
ALSK,$2.215,1441221308284,"49,180",78% bullish,of 18 ratings,$2
AMRI,$19.86,1441221308327,"54,599",75% bearish,of 4 ratings,$24
ADHD,$7.92,1441221308384,"113,026",50% bullish,of 4 ratings,$18
ABDC,$12.94,1441221308410,"13,773",Not yet rated,NULL,$15
ALDR,$40.51,1441221308465,"409,805",67% bearish,of 3 ratings,$62
ALDX,$7.2,1441221308645,"6,759",100% bearish,of 1 rating,$14.50
ALXA,$1.2,1441221308674,"3,500",83% bullish,of 6 ratings,$2.125
ALCO,$41.515,1441221308706,"3,852",50% bullish,of 2 ratings,N/A
ALXN,$173.24,1441221308736,"448,710",88% bullish,of 8 ratings,$223.50
ALIM,$3.16,1441221308773,"37,694",80% bullish,of 5 ratings,$10
ALGN,$54.46,1441221308800,"252,858",100% bearish,of 2 ratings,$73
ALGT,$204.79,1441221308835,"87,424",100% bearish,of 2 ratings,$235
ALLB,$22.66,1441221308865,300,Not yet rated,NULL,N/A
ALKS,$61.77,1441221308970,"498,206",67% bullish,of 3 ratings,$75
AFOP,$19.17,1441221309015,"171,804",75% bullish,of 8 ratings,$21
AHGP,$35.2,1441221309262,"14,353",67% bullish,of 3 ratings,N/A
ARLP,$24.6,1441221309288,"142,984",67% bearish,of 3 ratings,$32
AHPI,$1.49,1441221309353,300,50% bullish,of 2 ratings,N/A
ALQA,$4.64,1441221309378,"10,479",75% bullish,of 4 ratings,$8.50
AIQ,$14.31,1441221309437,"3,907",67% bullish,of 3 ratings,N/A
MDRX,$13.14,1441221309541,"2,017,668",60% bullish,of 5 ratings,$16
AFAM,$44.93,1441221309588,"34,552",50% bullish,of 2 ratings,$44
AMOT,$17.99,1441221309643,"116,755",100% bearish,of 1 rating,N/A
ALLT,$5.08,1441221309672,"32,995",75% bullish,of 4 ratings,$6.25
ALNY,$99.7,1441221309694,"227,242",67% bullish,of 3 ratings,$151.50
AOSL,$8.12,1441221309727,"98,436",67% bullish,of 3 ratings,$9
SMCP,$22.84,1441221309756,211,Not yet rated,NULL,N/A
ALTR,$48.7,1441221309829,"844,758",80% bearish,of 5 ratings,$54
ASPS,$25.63,1441221309891,"93,090",67% bullish,of 3 ratings,$46.50
ATEC,$0.58,1441221309916,"12,554",100% bullish,of 1 rating,$2
AIMC,$23.44,1441221309965,"57,335",100% bearish,of 2 ratings,$28.50
AYA,$20.41,1441221310216,"15,832",100% bearish,of 1 rating,$40
AMZN,$504.32,1441221310266,"1,286,064",81% bullish,of 267 ratings,$646
AMRN,$2.285,1441221310292,"1,379,083",85% bullish,of 40 ratings,$8
AMRK,$10.52,1441221310314,"1,100",50% bullish,of 2 ratings,$14
AMAG,$64.62,1441221310349,"279,172",100% bullish,of 2 ratings,$75
AMBC,$16.67,1441221310373,"192,858",100% bearish,of 1 rating,$16.50
AMBCW,$8.6,1441221310403,"3,300",100% bearish,of 1 rating,N/A
EPAX,$2.69,1441221310429,"23,941",100% bearish,of 1 rating,N/A
AMBA,$79.34,1441221310503,"5,224,012",83% bullish,of 12 ratings,$102.50
AMCX,$69.335,1441221310593,"328,882",67% bullish,of 3 ratings,$87.50
DOX,$56.23,1441221310619,"320,326",67% bearish,of 3 ratings,$60
AMED,$40.86,1441221310648,"123,840",100% bearish,of 1 rating,$42
AMDA,$0.4689,1441221310673,"333,954",90% bullish,of 10 ratings,$1
ATAX,$5.3,1441221310954,"22,206",100% bullish,of 1 rating,$6.50
AAL,$41.06,1441221310986,"8,260,221",93% bullish,of 88 ratings,$57
AGNC,$19.0599,1441221311016,"946,370",71% bullish,of 28 ratings,$22
AMOV,$17.8899,1441221311048,"4,703",100% bearish,of 1 rating,N/A
UHAL,$368.63,1441221311075,"6,891",100% bullish,of 2 ratings,$393.50
ASBI,$22.66,1441221311104,"11,000",Not yet rated,NULL,N/A
AGNCB,$24.2299,1441221311146,"2,100",Not yet rated,NULL,N/A
AGNCP,$25.2999,1441221311209,"6,748",Not yet rated,NULL,N/A
ACAS,$13.57,1441221311430,"608,779",60% bullish,of 5 ratings,$16.75
MTGE,$15.16,1441221311563,"209,480",75% bullish,of 4 ratings,$19.50
ACSF,$12.2899,1441221311597,"12,466",100% bearish,of 1 rating,$15
MTGEP,$24.3,1441221311618,"1,200",Not yet rated,NULL,N/A
AMIC,NULL,1441221311695,0,100% bearish,of 1 rating,N/A
AMNB,$23.2256,1441221311722,"2,558",Not yet rated,NULL,$25.50
ANCI,$1.54,1441221311756,300,100% bearish,of 1 rating,N/A
AETI,$3.95,1441221311785,300,67% bearish,of 3 ratings,N/A
ANAT,$97.8512,1441221311888,"10,782",100% bullish,of 1 rating,N/A
APEI,$21.47,1441221311934,"15,550",100% bearish,of 1 rating,$25.50
ARII,$40.56,1441221312019,"90,010",67% bearish,of 3 ratings,$45
ASEI,$38.69,1441221312048,"20,515",100% bearish,of 1 rating,$52.50
AMSWA,$8.94,1441221312069,"28,692",100% bearish,of 2 ratings,$10.75
AMRB,$10.14,1441221312090,"2,200",Not yet rated,NULL,$11
AMSC,$4.93,1441221312234,"29,169",50% bullish,of 4 ratings,N/A
AMWD,$65.27,1441221312271,"56,728",50% bullish,of 2 ratings,$70
ABCB,$26.396,1441221312371,"63,861",Not yet rated,NULL,$31
CRMT,$35.15,1441221312392,"31,437",100% bearish,of 1 rating,$39
ASRV,$3.27,1441221312429,"7,874",100% bullish,of 2 ratings,N/A
AMSF,$46.03,1441221312455,"20,521",Not yet rated,NULL,$57.50
ATLO,$23.75,1441221312480,"2,079",Not yet rated,NULL,N/A
ASRVP,NULL,1441221312521,0,Not yet rated,NULL,N/A
AMGN,$149.81,1441221312771,"1,382,612",89% bullish,of 19 ratings,$185
AMKR,$5.1,1441221312821,"620,698",100% bearish,of 2 ratings,$5
FOLD,$14.62,1441221312848,"589,098",56% bullish,of 9 ratings,$21
AMPH,$13.45,1441221312878,"53,409",50% bullish,of 2 ratings,$20
AMSGP,$146.04,1441221312899,100,Not yet rated,NULL,N/A
ASYS,$5.34,1441221312931,"12,003",67% bullish,of 3 ratings,$12
AMSG,$77.48,1441221312952,"168,184",100% bearish,of 1 rating,$85.50
AFSI,$56.17,1441221313166,"161,773",60% bullish,of 5 ratings,$72
ADI,$53.98,1441221313196,"701,970",75% bullish,of 4 ratings,$69
AMRS,$1.67,1441221313225,"80,094",70% bullish,of 10 ratings,N/A
ANAC,$132.14,1441221313252,"154,781",80% bullish,of 5 ratings,$180.50
ANAD,$0.32,1441221313302,"94,736",100% bullish,of 2 ratings,$.50
ALOG,$80.6,1441221313330,"32,949",100% bearish,of 2 ratings,$100.50
ANCB,$21.44,1441221313387,"1,400",Not yet rated,NULL,$23
AMCF,NULL,1441221313465,0,NULL,NULL,NULL
ABCW,$40.55,1441221313522,"4,164",67% bullish,of 3 ratings,N/A
ANGI,$5.11,1441221313559,"119,530",64% bullish,of 11 ratings,$5.50
ANGO,$14.65,1441221313581,"55,559",67% bullish,of 3 ratings,$19
ANIP,$50.35,1441221313652,"74,350",89% bullish,of 19 ratings,$66
ANIK,$35.51,1441221313682,"88,660",60% bullish,of 5 ratings,$51.25
ANTH,$7.28,1441221313784,"395,259",80% bullish,of 10 ratings,$13
ATRS,$1.825,1441221313808,"295,431",92% bullish,of 12 ratings,$4.50
ANSS,$88.05,1441221313866,"241,278",100% bearish,of 1 rating,$100
ABAC,$0.798,1441221313939,"2,001",100% bearish,of 1 rating,N/A
ATNY,$2.42,1441221313964,"9,634",50% bullish,of 2 ratings,$3.75
APIC,$6.53,1441221314023,"36,193",100% bearish,of 1 rating,$19
APPF,$15.64,1441221314160,"24,765",50% bullish,of 2 ratings,$22
APOL,$10.87,1441221314258,"364,189",87% bearish,of 68 ratings,$14
APOG,$51.63,1441221314288,"89,158",50% bullish,of 2 ratings,$67
ARCI,$1.26,1441221314317,"7,512",Not yet rated,NULL,N/A
APDN,$3.44,1441221314344,"26,223",Not yet rated,NULL,$9
AINV,$6.41,1441221314369,"691,481",50% bullish,of 4 ratings,$8
AAPL,$110.845,1441221314399,"24,563,029",86% bullish,of 2362 ratings,$150
APDNW,$1.46,1441221314598,700,Not yet rated,NULL,N/A
AGTC,$16.24,1441221314630,"27,137",50% bullish,of 2 ratings,$33
AMAT,$15.545,1441221314664,"5,506,688",82% bullish,of 11 ratings,$23
AMCC,$5.655,1441221314731,"223,747",80% bullish,of 5 ratings,$8
AAOI,$20.2,1441221314764,"98,074",50% bullish,of 4 ratings,$26
AREX,$2.39,1441221314789,"757,846",50% bullish,of 2 ratings,$3
APRI,$1.67,1441221314861,"299,419",83% bullish,of 6 ratings,$4.86
APTO,$5.4299,1441221314889,"3,630",Not yet rated,NULL,$17
AQMS,$4.8122,1441221314933,"2,213",Not yet rated,NULL,N/A
AQXP,$16.31,1441221315016,"115,395",50% bullish,of 2 ratings,$2
AUMAW,NULL,1441221315079,0,Not yet rated,NULL,N/A
AUMAU,$9.94,1441221315112,200,Not yet rated,NULL,N/A
AUMA,NULL,1441221315164,0,Not yet rated,NULL,N/A
ARDM,$7.3,1441221315210,300,100% bullish,of 1 rating,$26
PETX,$18.26,1441221315240,"168,834",100% bearish,of 2 ratings,$26
ARCW,$3.45,1441221315380,"30,357",100% bearish,of 2 ratings,$10.50
ABIO,$0.92,1441221315405,"11,466",50% bullish,of 2 ratings,$3.75
ABUS,$6.95,1441221315584,"438,655",86% bullish,of 14 ratings,$23
ARCB,$27.77,1441221315628,"82,397",67% bearish,of 3 ratings,$39.50
RKDA,$6.02,1441221315661,"3,534",100% bearish,of 2 ratings,$10
ARDX,$19.43,1441221315682,"45,846",50% bullish,of 2 ratings,$24.50
ARNA,$2.66,1441221315703,"662,891",90% bullish,of 78 ratings,$5.50
ACAT,$25.755,1441221315743,"48,695",100% bearish,of 3 ratings,$33
AGII,$55.115,1441221315771,"18,046",Not yet rated,NULL,$59.50
ACGL,$68.29,1441221315849,"96,642",50% bullish,of 2 ratings,$72
ARCC,$15.345,1441221315910,"734,744",67% bearish,of 3 ratings,$17.75
AGIIL,$25.1299,1441221315981,"6,716",Not yet rated,NULL,N/A
ARGS,$6.2,1441221316010,"22,941",50% bullish,of 2 ratings,$19.50
ARIS,$3.71,1441221316086,"3,694",Not yet rated,NULL,$4.50
ARIA,$7.5125,1441221316151,"6,015,605",87% bullish,of 46 ratings,$9
ARTX,$1.43,1441221316256,"36,309",88% bullish,of 16 ratings,$4.50
ARMH,$42.14,1441221316339,"533,117",54% bearish,of 13 ratings,$60
ARWA,NULL,1441221316374,0,Not yet rated,NULL,N/A
ARKR,$25,1441221316404,"6,409",50% bullish,of 2 ratings,N/A
ARWAW,$0.17,1441221316433,"7,500",Not yet rated,NULL,N/A
ARQL,$1.69,1441221316460,"34,907",75% bullish,of 4 ratings,$5
ARWAR,NULL,1441221316490,0,Not yet rated,NULL,N/A
ARWAU,NULL,1441221316510,0,100% bullish,of 1 rating,N/A
ARRY,$5.9,1441221316716,"593,129",100% bullish,of 7 ratings,$10
DWAT,$9.7101,1441221316751,"2,700",100% bearish,of 1 rating,N/A
ARRS,$25.79,1441221316780,"437,654",50% bullish,of 2 ratings,$38
ARWR,$5.68,1441221316853,"638,749",75% bullish,of 4 ratings,$10.50
ARTNA,$21.818,1441221316881,"3,946",100% bearish,of 1 rating,$29
AROW,$27.02,1441221316910,"2,216",Not yet rated,NULL,N/A
ARTW,$4.12,1441221317011,"4,657",75% bearish,of 4 ratings,N/A
ASND,$19.64,1441221317090,"11,855",50% bullish,of 2 ratings,$30
ASNA,$12.2,1441221317143,"1,125,089",50% bullish,of 2 ratings,$18
ASBB,$24.49,1441221317176,300,Not yet rated,NULL,N/A
ASTI,$0.3249,1441221317204,"11,379,633",83% bullish,of 6 ratings,$3
APWC,$1.75,1441221317230,"1,068",100% bearish,of 1 rating,N/A
ASCMA,$27.7,1441221317251,"21,900",100% bearish,of 1 rating,$45
ASMI,NULL,1441221317290,0,NULL,NULL,NULL
AZPN,$37.28,1441221317384,"155,458",50% bullish,of 2 ratings,$42
ASML,$89.61,1441221317412,"514,519",50% bullish,of 4 ratings,$127
ASFI,$8.8699,1441221317549,"1,279",100% bullish,of 1 rating,N/A
ASMB,$14.41,1441221317569,"23,613",67% bullish,of 3 ratings,N/A
ASTE,$37.99,1441221317651,"61,701",100% bearish,of 1 rating,$49
ALOT,$13.8,1441221317731,"2,424",100% bearish,of 1 rating,N/A
ATRO,$50.45,1441221317760,"49,711",100% bearish,of 2 ratings,$80
ASTC,$2.1,1441221317794,"8,500",100% bullish,of 5 ratings,N/A
ATRA,$42.18,1441221317863,"135,399",50% bullish,of 2 ratings,$68
ATHN,$130.77,1441221317896,"99,752",67% bearish,of 3 ratings,$153
ASUR,$5.4,1441221317926,"2,426",50% bullish,of 2 ratings,$8
ATAI,$2.47,1441221317952,"8,896",100% bearish,of 1 rating,N/A
ATHX,$1.15,1441221317991,"50,356",89% bullish,of 9 ratings,$5
AAPC,NULL,1441221318024,0,Not yet rated,NULL,N/A
AFCB,NULL,1441221318152,0,Not yet rated,NULL,N/A
AAME,$3.4973,1441221318236,601,Not yet rated,NULL,N/A
ACFC,$5.4714,1441221318342,"13,853",100% bearish,of 1 rating,$6.50
ATLC,$3.91,1441221318368,"10,057",67% bullish,of 3 ratings,N/A
ATNI,$72.06,1441221318397,"35,226",100% bearish,of 1 rating,$69.50
AFH,$16.26,1441221318502,"52,355",Not yet rated,NULL,$21.50
AAWW,$38.71,1441221318529,"134,407",50% bullish,of 2 ratings,$65
ATML,$7.81,1441221318556,"2,275,156",78% bullish,of 9 ratings,$9.50
ATRI,$386.81,1441221318578,500,Not yet rated,NULL,N/A
ATTU,$13.197,1441221318713,"7,324",100% bearish,of 1 rating,$20.50
ATOS,$0.8,1441221318738,"25,382",100% bullish,of 7 ratings,$7
ATRM,$2.83,1441221318772,800,50% bullish,of 2 ratings,N/A
AUBN,$26.5,1441221318807,323,Not yet rated,NULL,N/A
ATRC,$24.67,1441221318832,"38,494",100% bullish,of 1 rating,$30
LIFE,$14.03,1441221318906,"25,960",86% bullish,of 7 ratings,$43
AUDC,$3.28,1441221318936,"26,380",80% bullish,of 5 ratings,$5
AUPH,$3.4199,1441221319159,"13,760",100% bearish,of 1 rating,$8
EARS,$4.31,1441221319210,"17,680",100% bearish,of 2 ratings,$11
ADAT,$0.26,1441221319241,"125,584",100% bullish,of 2 ratings,N/A
ABTL,$17.95,1441221319275,"38,985",100% bullish,of 4 ratings,$20.25
ADSK,$45.51,1441221319301,"3,212,613",67% bullish,of 6 ratings,$66
AVGO,$121.95,1441221319340,"1,279,315",88% bullish,of 8 ratings,$165
ADP,$76.33,1441221319369,"767,951",100% bearish,of 1 rating,$88
AAVL,$10.61,1441221319394,"128,295",100% bearish,of 1 rating,$20
AVNU,$12.99,1441221319526,"87,004",Not yet rated,NULL,$14
AVEO,$1.346,1441221319595,"347,188",75% bullish,of 8 ratings,$3
AVNW,$1.2,1441221319663,"22,750",50% bullish,of 2 ratings,N/A
CAR,$43.04,1441221319689,"697,105",80% bullish,of 5 ratings,$60
AVID,$8.31,1441221319719,"179,276",100% bearish,of 1 rating,$20
AVGR,$14.68,1441221319744,"5,746",100% bearish,of 1 rating,$20
ACLS,$3.21,1441221319820,"160,372",67% bullish,of 6 ratings,$4.75
AWRE,$3.2215,1441221319953,"9,703",67% bullish,of 3 ratings,N/A
AXPW,$2.1869,1441221319983,"2,484,777",86% bullish,of 7 ratings,N/A
AXPWW,NULL,1441221320012,0,Not yet rated,NULL,N/A
BCOM,NULL,1441221320055,0,100% bearish,of 1 rating,N/A
AXGN,$4.6899,1441221320084,"64,379",Not yet rated,NULL,$5
AXTI,$2.147,1441221320110,"8,599",50% bullish,of 2 ratings,$2.75
BOSC,$2.11,1441221320191,"3,600",50% bullish,of 2 ratings,N/A
BEAV,$48.68,1441221320318,"489,680",67% bearish,of 3 ratings,$59
RILY,NULL,1441221320382,0,Not yet rated,NULL,N/A
BIDU,$146.21,1441221320412,"708,844",81% bullish,of 88 ratings,$210
BCPC,$58.56,1441221320448,"49,123",100% bearish,of 1 rating,$75
BWINA,NULL,1441221320473,0,Not yet rated,NULL,N/A
BWINB,$22.51,1441221320516,"3,461",Not yet rated,NULL,N/A
BLDP,$1.31,1441221320603,"223,803",91% bullish,of 22 ratings,$2.50
BANF,$59.55,1441221320716,"13,621",Not yet rated,NULL,$68
BKMU,$7.02,1441221320741,"9,035",Not yet rated,NULL,$8
BANFP,NULL,1441221320771,0,Not yet rated,NULL,N/A
BMRC,$47.9001,1441221320804,"17,982",Not yet rated,NULL,$52
BOCH,$5.73,1441221320826,"6,547",Not yet rated,NULL,$6.50
BKSC,$16.9,1441221320901,"3,126",Not yet rated,NULL,N/A
BOTJ,NULL,1441221320928,0,Not yet rated,NULL,N/A
OZRK,$40.26,1441221321059,"248,257",67% bullish,of 3 ratings,$49.50
BWFG,$18.03,1441221321114,"1,863",100% bearish,of 1 rating,N/A
BFIN,$12.2,1441221321139,"16,757",Not yet rated,NULL,$13
BANR,$43.372,1441221321171,"7,456",100% bullish,of 3 ratings,$50
TAPR,$33.5299,1441221321269,"1,331",100% bearish,of 1 rating,N/A
BHACU,NULL,1441221321353,0,Not yet rated,NULL,N/A
BZUN,$4.947,1441221321386,"43,529",50% bullish,of 2 ratings,$11.50
BHACR,NULL,1441221321419,0,Not yet rated,NULL,N/A
BHACW,NULL,1441221321440,0,Not yet rated,NULL,N/A
BHAC,$9.83,1441221321483,200,Not yet rated,NULL,N/A
BBSI,$34.95,1441221321519,"7,460",67% bearish,of 3 ratings,$62.50
BSET,$28.88,1441221321618,"32,002",100% bearish,of 1 rating,$35
BYBK,$5.05,1441221321642,910,100% bearish,of 1 rating,N/A
BYLK,$12.9925,1441221321672,"5,486",Not yet rated,NULL,$14
BV,$4.97,1441221321820,"508,987",67% bullish,of 6 ratings,$8.75
BBCN,$14.11,1441221321906,"84,081",100% bearish,of 1 rating,$16
BCBP,$11.64,1441221321949,861,Not yet rated,NULL,N/A
BECN,$35.99,1441221321978,"92,707",50% bullish,of 2 ratings,$40
BSF,$8.51,1441221322038,"3,207",Not yet rated,NULL,N/A
BDCV,$4.86,1441221322063,"1,626",100% bearish,of 1 rating,$10.19
BBGI,$4.15,1441221322107,507,100% bearish,of 1 rating,N/A
BEBE,$1.25,1441221322132,"244,303",75% bullish,of 4 ratings,$2.125
BLPH,$4.09,1441221322303,"24,793",100% bearish,of 1 rating,$12.50
BELFA,$15.105,1441221322338,"1,223",100% bearish,of 1 rating,N/A
BLCM,$16.48,1441221322367,"55,452",50% bullish,of 4 ratings,$40
BELFB,$18.1763,1441221322388,"6,078",100% bearish,of 1 rating,N/A
BBBY,$61.47,1441221322416,"611,788",71% bullish,of 7 ratings,$75
BNFT,$36.21,1441221322446,"52,105",67% bullish,of 3 ratings,$46
BNCL,$12.39,1441221322579,"200,083",100% bullish,of 3 ratings,$12.50
BNTC,$7.79,1441221322625,"1,940",100% bullish,of 1 rating,N/A
BGCP,$8.7899,1441221322654,"263,164",88% bullish,of 8 ratings,$14
BGMD,$0.6616,1441221322713,"83,884",100% bullish,of 10 ratings,N/A
BIND,$4.93,1441221322754,"154,528",75% bullish,of 4 ratings,$13.50
BGFV,$11.35,1441221322821,"47,035",57% bullish,of 7 ratings,$12
ORPN,$5.675,1441221322926,"3,840",100% bullish,of 1 rating,$28.50
BCDA,NULL,1441221322974,0,Not yet rated,NULL,N/A
BIOD,$0.6999,1441221323000,"63,978",80% bullish,of 5 ratings,$4
BASI,$1.64,1441221323028,"6,500",Not yet rated,NULL,N/A
BIOC,$1.95,1441221323061,"67,563",83% bullish,of 6 ratings,$3.85
BCRX,$11.4,1441221323091,"184,486",63% bullish,of 8 ratings,$18
BDSI,$6.13,1441221323161,"866,124",88% bullish,of 8 ratings,$17
BIIB,$301.94,1441221323226,"651,695",88% bullish,of 16 ratings,$400
BIOL,$1.58,1441221323292,"39,123",Not yet rated,NULL,N/A
BLRX,$1.5699,1441221323374,"160,027",100% bullish,of 12 ratings,$5
BLFS,$2.41,1441221323402,"181,728",100% bearish,of 1 rating,$4.75
BMRN,$127.55,1441221323461,"173,917",80% bullish,of 5 ratings,$160
BVXV,$4.35,1441221323560,"1,621,956",Not yet rated,NULL,N/A
BVXVW,$0.8102,1441221323588,"77,645",100% bearish,of 1 rating,N/A
BPTH,$1.17,1441221323621,"121,625",100% bullish,of 2 ratings,$5
BRLI,NULL,1441221323640,0,NULL,NULL,NULL
BIOS,$2.415,1441221323661,"304,153",71% bullish,of 7 ratings,$4
BBC,$31.63,1441221323720,"5,972",Not yet rated,NULL,N/A
BSTC,$50.25,1441221323793,"30,024",100% bearish,of 1 rating,$76
BBP,$32.4644,1441221323826,"6,162",Not yet rated,NULL,N/A
BSPM,$0.6401,1441221323926,"10,566",50% bullish,of 2 ratings,N/A
BOTA,$2.19,1441221323953,"3,220",88% bullish,of 8 ratings,N/A
TECH,$92.9,1441221323978,"55,714",100% bullish,of 1 rating,$117
BEAT,$15.38,1441221324109,"605,626",67% bearish,of 3 ratings,$15
BJRI,$43.6,1441221324195,"100,908",50% bullish,of 2 ratings,$55
BITI,$16.67,1441221324221,"10,297",100% bullish,of 1 rating,$28
BDMS,$12.89,1441221324262,350,100% bearish,of 1 rating,N/A
BBOX,$15.13,1441221324295,"17,267",100% bearish,of 1 rating,N/A
BDE,$7.26,1441221324354,"78,436",50% bullish,of 2 ratings,$9
BBRY,$7.41,1441221324383,"1,316,591",61% bullish,of 330 ratings,$9
BLKB,$56.37,1441221324404,"24,271",100% bearish,of 2 ratings,$66
BKCC,$9.24,1441221324440,"120,179",50% bullish,of 2 ratings,$10
HAWK,$38.85,1441221324536,"142,905",91% bullish,of 11 ratings,$49
ADRA,$26.41,1441221324635,"1,935",100% bearish,of 1 rating,N/A
ADRE,$29.03,1441221324662,"4,443",100% bearish,of 1 rating,N/A
ADRD,$21.6,1441221324692,"23,836",100% bearish,of 1 rating,N/A
ADRU,$21.2801,1441221324797,112,100% bearish,of 1 rating,N/A
BLMN,$20.565,1441221324828,"386,931",83% bullish,of 6 ratings,$27.50
BCOR,$13.33,1441221324877,"56,935",57% bullish,of 7 ratings,$15
BBLU,$0.8869,1441221324928,"155,433",100% bullish,of 2 ratings,$4.43
BUFF,$23.4925,1441221324975,"281,371",83% bullish,of 12 ratings,$31.50
BHBK,$14.03,1441221325008,"29,353",100% bullish,of 1 rating,$14.50
NILE,$33.87,1441221325062,"139,660",50% bullish,of 2 ratings,$34
BLBD,$11.82,1441221325087,"14,500",Not yet rated,NULL,N/A
BLUE,$129.72,1441221325220,"139,955",71% bullish,of 7 ratings,$217.50
BKEP,$6.18,1441221325253,"19,642",100% bearish,of 1 rating,$8.50
BKEPP,$7.59,1441221325299,24,100% bearish,of 1 rating,N/A
BPMC,$27.75,1441221325352,"19,954",50% bullish,of 2 ratings,$47.50
BOBE,$47.95,1441221325439,"490,709",75% bullish,of 4 ratings,$57
BNCN,$20.79,1441221325464,"27,379",Not yet rated,NULL,$24
BOFI,$106.35,1441221325520,"292,532",100% bullish,of 6 ratings,$144
WIFI,$7.44,1441221325549,"86,666",50% bullish,of 2 ratings,$13.50
BOJA,$20.93,1441221325617,"71,690",100% bullish,of 1 rating,$30
BOKF,$61.62,1441221325645,"92,444",100% bearish,of 1 rating,$69
BPFHP,$24.9999,1441221325807,"9,035",100% bearish,of 1 rating,N/A
BAMM,$3.18,1441221325863,"2,295",60% bullish,of 5 ratings,N/A
BONA,$11.38,1441221325889,"31,457",75% bullish,of 4 ratings,$8.50
BNSO,$1.2788,1441221325915,100,100% bearish,of 1 rating,N/A
BPFH,$11.59,1441221325937,"146,398",100% bearish,of 1 rating,$14
BPFHW,$4.8,1441221325972,100,100% bearish,of 1 rating,N/A
EPAY,$26.38,1441221326071,"73,653",100% bearish,of 2 ratings,$30
BCLI,$3.1,1441221326118,"40,480",80% bullish,of 5 ratings,$12
BDBD,$8.34,1441221326250,"224,596",60% bullish,of 5 ratings,$10
BBRG,$12.51,1441221326277,"18,697",67% bullish,of 3 ratings,$14.50
BBEP,$2.71,1441221326298,"958,156",69% bullish,of 13 ratings,$5.625
BDGE,$26.42,1441221326434,"3,732",Not yet rated,NULL,$31.75
BLIN,$1.39,1441221326464,"6,278",100% bullish,of 2 ratings,$2.20
BBEPP,$14.0442,1441221326491,"12,463",100% bearish,of 1 rating,N/A
BRID,$8.4,1441221326526,"1,115",100% bearish,of 1 rating,N/A
BSFT,$31.41,1441221326547,"49,278",57% bullish,of 7 ratings,$40.50
BRCM,$50.15,1441221326577,"1,784,028",69% bullish,of 13 ratings,$56
BCOV,$5.2,1441221326612,"39,402",67% bullish,of 3 ratings,$10.20
BVSN,$5.95,1441221326710,366,60% bearish,of 5 ratings,N/A
BWEN,$3.11,1441221326788,"14,789",75% bullish,of 4 ratings,$8
BYFC,NULL,1441221326875,0,50% bullish,of 2 ratings,N/A
BRKL,$10.115,1441221326926,"290,416",100% bearish,of 1 rating,$10.75
BRCD,$10.15,1441221327031,"1,209,223",92% bullish,of 13 ratings,$12
BLMT,$20.803,1441221327064,"1,054",Not yet rated,NULL,N/A
BRKS,$10.22,1441221327100,"33,514",67% bullish,of 3 ratings,$15.25
BRKR,$17.975,1441221327121,"318,026",100% bearish,of 2 ratings,$22
BMTC,$29.12,1441221327196,"18,369",Not yet rated,NULL,$34
BSQR,$6.11,1441221327228,"19,578",67% bullish,of 3 ratings,N/A
BLDR,$15.25,1441221327296,"657,736",67% bullish,of 3 ratings,$22
BWLD,$192.88,1441221327326,"118,091",82% bullish,of 11 ratings,$205
BUR,NULL,1441221327367,0,100% bearish,of 1 rating,$8
CHRW,$68.1,1441221327393,"710,647",Not yet rated,NULL,$72
CA,$26.9,1441221327456,"996,571",50% bullish,of 4 ratings,$33
CFFI,$35.59,1441221327482,200,100% bearish,of 1 rating,N/A
CCMP,$42.51,1441221327631,"15,044",50% bullish,of 2 ratings,$59
CDNS,$19.71,1441221327668,"812,133",75% bullish,of 4 ratings,$22.50
CACQ,$7.27,1441221327797,"5,071",100% bearish,of 1 rating,$12.25
CDZI,$7.61,1441221327828,"13,456",100% bearish,of 1 rating,N/A
CSTE,$38.5911,1441221327849,"295,436",50% bullish,of 2 ratings,$65
CZR,$9.01,1441221327884,"289,569",60% bearish,of 5 ratings,$10.50
CLBS,$1.65,1441221327934,"119,873",79% bullish,of 14 ratings,$4
CLMS,$9.94,1441221327984,"40,181",Not yet rated,NULL,$10.50
CHY,$11.24,1441221328011,"162,516",Not yet rated,NULL,N/A
PRSS,$4.4,1441221328036,"8,100",80% bullish,of 5 ratings,$4.50
CHI,$10.4211,1441221328168,"154,450",100% bearish,of 1 rating,N/A
CCD,$19.201,1441221328244,"59,456",Not yet rated,NULL,N/A
CFGE,$10.33,1441221328278,"2,400",Not yet rated,NULL,N/A
CHW,$7.41,1441221328309,"139,803",100% bearish,of 1 rating,N/A
CSQ,$9.775,1441221328378,"183,998",Not yet rated,NULL,N/A
CGO,$11.9504,1441221328404,"9,166",100% bearish,of 1 rating,N/A
CAMP,$16,1441221328429,"98,583",88% bullish,of 8 ratings,$25
CFNB,$13.3,1441221328564,200,100% bearish,of 1 rating,N/A
CVGW,$57.82,1441221328642,"80,539",50% bullish,of 2 ratings,$62
CALA,$5.57,1441221328694,"158,480",67% bullish,of 3 ratings,$19.50
CALD,$15.845,1441221328722,"163,037",100% bearish,of 1 rating,$21
ABCD,$5.07,1441221328743,"50,079",83% bullish,of 6 ratings,N/A
CALM,$51.5,1441221328764,"293,933",80% bullish,of 5 ratings,$63.50
CLMT,$25.36,1441221328804,"172,121",75% bullish,of 8 ratings,$31
CAMBU,NULL,1441221328899,0,100% bearish,of 1 rating,N/A
CAMBW,$0.15,1441221328930,200,Not yet rated,NULL,N/A
CAMB,$10.05,1441221329000,400,Not yet rated,NULL,N/A
CAC,$40.22,1441221329059,"2,282",Not yet rated,NULL,N/A
CAMT,$2.64,1441221329088,"20,413",73% bullish,of 11 ratings,$4
CSIQ,$18.17,1441221329109,"561,053",86% bullish,of 28 ratings,$42.50
CBNJ,$10.94,1441221329307,"28,662",100% bearish,of 1 rating,N/A
CPHC,$10.28,1441221329341,100,100% bearish,of 1 rating,N/A
CGIX,$9.72,1441221329363,"8,353",67% bullish,of 3 ratings,$14.375
CPLA,$48.51,1441221329442,"29,844",67% bearish,of 3 ratings,$65
CBF,$29.92,1441221329473,"22,800",Not yet rated,NULL,$32
CCBG,$15.11,1441221329504,"8,129",Not yet rated,NULL,$17.25
CPLP,$7.11,1441221329525,"113,668",71% bullish,of 7 ratings,$11
CSWC,$44.51,1441221329579,"17,657",Not yet rated,NULL,N/A
CPTA,$13.66,1441221329686,"14,598",100% bearish,of 1 rating,$18.50
CFFN,$11.7,1441221329765,"401,915",Not yet rated,NULL,$12.75
CAPN,$2.17,1441221329795,"58,260",100% bullish,of 1 rating,$10.85
CAPR,$4.565,1441221329899,"18,115",Not yet rated,NULL,$12
CARA,$19.1,1441221329925,"69,360",50% bullish,of 4 ratings,$25
CPST,$0.3792,1441221330002,"302,408",95% bullish,of 22 ratings,$1.25
CAPNW,$0.6789,1441221330054,100,Not yet rated,NULL,N/A
CARB,$11.2,1441221330187,"22,089",75% bullish,of 4 ratings,$12
CRDC,$0.3,1441221330252,"169,194",100% bullish,of 1 rating,$1.25
CBYL,$4.82,1441221330278,"32,875",100% bearish,of 1 rating,$20
CRME,$9.14,1441221330317,"6,810",89% bullish,of 9 ratings,$11.25
CFNL,$22.05,1441221330347,"31,462",Not yet rated,NULL,$24
CSII,$23.5,1441221330451,"68,701",100% bearish,of 2 ratings,$42.125
CATM,$33.79,1441221330481,"125,385",100% bearish,of 1 rating,$44
CDNA,$6.99,1441221330503,"3,498",100% bearish,of 1 rating,$9
CTRE,$10.955,1441221330583,"159,557",50% bullish,of 2 ratings,$13.50
CECO,$3.6,1441221330656,"96,393",67% bearish,of 3 ratings,$6
CKEC,$23.145,1441221330792,"38,750",50% bullish,of 2 ratings,$35.915
CLBH,$12.74,1441221330820,743,Not yet rated,NULL,$16.50
CARO,$15.23,1441221330846,"2,245",100% bearish,of 1 rating,$19
CART,$5.39,1441221330895,"1,300",100% bearish,of 1 rating,N/A
CRZO,$34.56,1441221330979,"416,175",67% bearish,of 3 ratings,$54.50
TAST,$12.71,1441221331038,"80,958",Not yet rated,NULL,$14.25
CASM,$1.19,1441221331193,"4,082",100% bullish,of 1 rating,$3.50
CSCD,$15.0599,1441221331235,"4,239",100% bullish,of 2 ratings,$17
CRTN,$2.5,1441221331265,502,100% bearish,of 1 rating,N/A
CASY,$104.46,1441221331314,"146,508",50% bullish,of 2 ratings,$99.50
CARV,NULL,1441221331335,0,50% bullish,of 2 ratings,N/A
CACB,$5.3599,1441221331363,"30,790",Not yet rated,NULL,$5.50
CASS,$47.93,1441221331531,"4,152",100% bearish,of 1 rating,N/A
CWST,$6.25,1441221331663,"29,124",50% bullish,of 2 ratings,$7.25
CASI,$1.3701,1441221331694,"2,800",100% bullish,of 1 rating,$3.50
CATY,$28.82,1441221331714,"194,908",100% bearish,of 1 rating,$33.50
CATYW,NULL,1441221331797,0,100% bearish,of 1 rating,N/A
CATB,$11.6,1441221331848,"15,078",100% bearish,of 1 rating,$28
CPRX,$3.71,1441221331877,"103,974",71% bullish,of 7 ratings,$7
CBFV,$21.4899,1441221331981,807,Not yet rated,NULL,$25
CAVM,$66.43,1441221332017,"98,562",67% bearish,of 3 ratings,$72
CNLM,$9.92,1441221332043,100,Not yet rated,NULL,N/A
CVCO,$72.32,1441221332084,"11,682",100% bearish,of 1 rating,N/A
CNLMR,NULL,1441221332183,0,Not yet rated,NULL,N/A
CNLMU,NULL,1441221332216,0,100% bullish,of 1 rating,N/A
CNLMW,NULL,1441221332240,0,Not yet rated,NULL,N/A
CBOE,$63.39,1441221332311,"285,430",Not yet rated,NULL,$60
CDK,$48.23,1441221332401,"146,011",67% bearish,of 3 ratings,$50
CDW,$38.34,1441221332505,"375,518",75% bullish,of 4 ratings,$44
CELG,$118.14,1441221332541,"2,115,952",92% bullish,of 13 ratings,$156
CECE,$9.77,1441221332571,"43,249",50% bullish,of 2 ratings,$16
CPXX,$2.205,1441221332592,"110,904",100% bullish,of 2 ratings,$7
CELGZ,$1.84,1441221332635,"14,810",80% bullish,of 5 ratings,N/A
CLDN,$1.17,1441221332668,"46,675",71% bullish,of 7 ratings,$3
CLDX,$14.59,1441221332731,"364,163",89% bullish,of 9 ratings,$36
CLLS,$32.43,1441221332826,"35,534",75% bullish,of 4 ratings,$51.50
CLRBW,$0.9201,1441221332860,"1,000",Not yet rated,NULL,N/A
CLRB,$3.08,1441221332886,726,100% bearish,of 1 rating,N/A
CBMG,$23.646,1441221333018,"63,180",50% bullish,of 2 ratings,N/A
CLSN,$2.0403,1441221333044,"10,670",80% bullish,of 10 ratings,$7.50
CEMP,$34.36,1441221333173,"203,339",71% bullish,of 7 ratings,$52
CYAD,$49.73,1441221333201,"3,770",100% bullish,of 1 rating,$87.50
CLTX,$2.18,1441221333234,"157,248",100% bullish,of 2 ratings,N/A
CSFL,$13.71,1441221333330,"35,300",Not yet rated,NULL,$15
CETX,$2.3801,1441221333360,"8,628",Not yet rated,NULL,$5.60
CETV,$2.05,1441221333392,"21,453",67% bullish,of 3 ratings,$2.80
CENT,$12.96,1441221333463,"73,853",Not yet rated,NULL,$10
CFBK,$1.37,1441221333489,700,Not yet rated,NULL,N/A
CENTA,$13.4,1441221333528,"89,810",Not yet rated,NULL,N/A
CVCY,$11.7,1441221333618,"1,100",Not yet rated,NULL,$12
CENX,$5.14,1441221333643,"1,130,334",67% bullish,of 6 ratings,$9
CNBKA,$41.31,1441221333694,201,50% bullish,of 2 ratings,N/A
CPHD,$48.118,1441221333859,"160,290",67% bearish,of 3 ratings,$66.50
CNTY,$5.9499,1441221333889,"10,917",80% bullish,of 5 ratings,$7.75
CERU,$4.21,1441221333994,"17,525",75% bullish,of 4 ratings,$14
CRNT,$1.407,1441221334026,"54,758",50% bullish,of 2 ratings,$2
CERN,$60.66,1441221334058,"512,829",67% bullish,of 3 ratings,$79
KOOL,$0.6672,1441221334129,"19,345",100% bullish,of 5 ratings,$7
CERE,$1.075,1441221334156,"157,322",88% bullish,of 8 ratings,N/A
CEVA,$18.91,1441221334184,"14,314",100% bearish,of 1 rating,$25
CYOU,$19.37,1441221334212,"98,366",50% bullish,of 6 ratings,$24
CERS,$4.895,1441221334376,"240,897",75% bullish,of 4 ratings,$7
HOTR,$1.42,1441221334405,"50,087",100% bullish,of 2 ratings,$5
CTHR,$1.35,1441221334470,571,50% bullish,of 2 ratings,$2.50
HOTRW,$0.205,1441221334504,200,Not yet rated,NULL,N/A
GTLS,$23.18,1441221334604,"289,281",50% bullish,of 4 ratings,$40
CHTR,$178.2375,1441221334631,"304,939",100% bearish,of 2 ratings,$202
CHFN,$12.4,1441221334657,"12,675",Not yet rated,NULL,$14
CHEKW,$0.74,1441221334803,115,Not yet rated,NULL,N/A
CHEK,$2.21,1441221334842,"3,781",Not yet rated,NULL,$7.75
CHFC,$30.69,1441221334871,"17,484",100% bearish,of 1 rating,$36
CHKP,$78.1,1441221334943,"695,149",50% bullish,of 4 ratings,$92
CCXI,$6.51,1441221334964,"13,455",67% bullish,of 3 ratings,$14
CEMI,$4.2,1441221334997,"10,747",50% bullish,of 2 ratings,$7.50
CHMG,$26.38,1441221335045,"1,200",Not yet rated,NULL,$30
CHKE,$25.61,1441221335127,"23,413",100% bearish,of 1 rating,$32.50
CHEV,$14.5401,1441221335155,"4,198",Not yet rated,NULL,N/A
CBNK,NULL,1441221335290,0,100% bearish,of 1 rating,N/A
CHMA,$27.13,1441221335316,"85,660",Not yet rated,NULL,$40
PLCE,$58.92,1441221335371,"107,809",100% bearish,of 1 rating,$69
CMRX,$50.24,1441221335402,"98,378",50% bullish,of 2 ratings,$57
CADC,$3.33,1441221335448,200,78% bullish,of 9 ratings,N/A
CAAS,$6.12,1441221335504,"6,172",93% bullish,of 14 ratings,$11.50
CBPO,$94.99,1441221335591,"57,677",75% bullish,of 8 ratings,$140.50
CALI,$0.8461,1441221335635,"22,235",67% bullish,of 3 ratings,N/A
CBAK,$1.775,1441221335668,"55,184",67% bullish,of 9 ratings,N/A
CCCL,NULL,1441221335698,0,100% bullish,of 6 ratings,N/A
JRJC,$3.4,1441221335765,"90,819",82% bullish,of 11 ratings,N/A
CCCR,$0.7244,1441221335791,"1,545",67% bearish,of 3 ratings,N/A
CHOP,$1.12,1441221335867,"2,810",50% bullish,of 2 ratings,N/A
HGSH,$1.73,1441221335947,"6,003",67% bullish,of 3 ratings,N/A
CHLN,$1.9365,1441221335983,"2,680",67% bullish,of 3 ratings,N/A
CNIT,$1.19,1441221336077,"93,634",67% bullish,of 6 ratings,N/A
CJJD,$1.8201,1441221336104,"3,578",100% bullish,of 1 rating,N/A
HTHT,$25.62,1441221336178,"56,239",50% bullish,of 2 ratings,$28.40
CREG,$0.66,1441221336248,"4,350",100% bullish,of 3 ratings,N/A
CHNR,$1.6199,1441221336274,585,100% bearish,of 1 rating,N/A
CPGI,NULL,1441221336314,0,Not yet rated,NULL,N/A
CSUN,$1.42,1441221336348,"4,326",80% bullish,of 5 ratings,N/A
CNTF,$0.81,1441221336448,"20,122",Not yet rated,NULL,N/A
CNYD,$3.31,1441221336526,310,67% bullish,of 3 ratings,N/A
IMOS,$18.72,1441221336635,"127,023",60% bullish,of 5 ratings,$21.50
CNET,$0.86,1441221336677,"6,962",50% bullish,of 2 ratings,N/A
CCIH,$7.22,1441221336707,"28,373",67% bullish,of 6 ratings,$12.65
CXDC,$5.862,1441221336739,"14,147",67% bearish,of 3 ratings,N/A
CHSCL,$27.145,1441221336771,"18,112",Not yet rated,NULL,N/A
CHSCN,$27.04,1441221336811,"10,883",Not yet rated,NULL,N/A
CHSCM,$26.2462,1441221336836,"11,869",Not yet rated,NULL,N/A
CHSCP,$30.461,1441221336991,"4,217",Not yet rated,NULL,N/A
CHSCO,$28.38,1441221337053,"1,422",Not yet rated,NULL,N/A
CHDN,$133.44,1441221337108,"23,852",Not yet rated,NULL,$165
CHUY,$31.75,1441221337135,"105,402",50% bullish,of 2 ratings,$34
CDTX,$14.19,1441221337160,"3,881",Not yet rated,NULL,$22
CIFC,$7.03,1441221337195,603,100% bearish,of 1 rating,N/A
CMCT,$15.5,1441221337266,225,100% bearish,of 1 rating,N/A
CMPR,$68.87,1441221337293,"105,574",50% bullish,of 2 ratings,$72.50
CINF,$51.9,1441221337424,"266,821",50% bullish,of 4 ratings,$50.50
CIDM,$0.5593,1441221337459,"14,881",50% bullish,of 2 ratings,$2.10
CPHR,$4.7605,1441221337550,"10,555",100% bearish,of 1 rating,$17
CTAS,$84.3,1441221337575,"137,966",100% bearish,of 1 rating,$91
CRUS,$29.09,1441221337631,"308,325",75% bullish,of 12 ratings,$44.50
CTRN,$26.15,1441221337656,"28,898",100% bearish,of 1 rating,$31.50
CZNC,$19.51,1441221337734,"1,506",Not yet rated,NULL,N/A
CSCO,$25.38,1441221337791,"10,330,203",83% bullish,of 210 ratings,$32
CZWI,$8.95,1441221337819,307,Not yet rated,NULL,N/A
CTXS,$66.73,1441221337866,"1,049,882",86% bullish,of 7 ratings,$80
CZFC,NULL,1441221337953,0,Not yet rated,NULL,N/A
CIZN,$19.62,1441221337993,100,Not yet rated,NULL,N/A
CHCO,$46.775,1441221338019,"14,098",Not yet rated,NULL,$46
CIVB,$10.01,1441221338055,962,Not yet rated,NULL,$11
CIVBP,NULL,1441221338157,0,Not yet rated,NULL,N/A
CDTI,$1.53,1441221338266,"97,117",75% bullish,of 4 ratings,$3.20
CLNT,$1.51,1441221338376,"12,646",75% bullish,of 8 ratings,N/A
CLNE,$5.07,1441221338415,"403,164",80% bullish,of 15 ratings,$9
CLRO,$11.39,1441221338446,"6,108",50% bullish,of 2 ratings,$14.25
CLIR,$4.89,1441221338512,"11,830",100% bullish,of 3 ratings,N/A
CLFD,$17.22,1441221338543,"27,236",67% bullish,of 3 ratings,$18
CBLI,$4.26,1441221338564,"252,776",60% bullish,of 5 ratings,N/A
CSBK,$13.83,1441221338596,"17,712",Not yet rated,NULL,N/A
CLVS,$82.72,1441221338623,"193,304",60% bullish,of 5 ratings,$101.50
CMFN,$11.4,1441221338728,"9,521",100% bearish,of 1 rating,$15.50
CME,$91.86,1441221338789,"463,799",67% bullish,of 3 ratings,$102
CISG,$7.91,1441221338864,"14,536",100% bullish,of 5 ratings,$10
CCNE,$17.05,1441221338889,"5,372",50% bullish,of 2 ratings,$21.50
CNV,$4.43,1441221338915,"4,128",50% bullish,of 2 ratings,$7.15
CWAY,$11.103,1441221339065,"4,332",Not yet rated,NULL,N/A
COBZ,$12.65,1441221339194,"30,371",100% bullish,of 1 rating,$14
CDXS,$3.64,1441221339225,"6,400",64% bullish,of 11 ratings,$6
CVLY,NULL,1441221339255,0,Not yet rated,NULL,N/A
COKE,$156.93,1441221339291,"7,326",79% bullish,of 19 ratings,N/A
JVA,$4.73,1441221339316,"16,532",83% bullish,of 6 ratings,$7
CDRB,$9.04,1441221339341,"160,445",67% bullish,of 3 ratings,N/A
CGNX,$34.65,1441221339697,"135,290",50% bullish,of 2 ratings,$47
CTSH,$61.86,1441221339798,"1,331,889",90% bullish,of 10 ratings,$75
CCOI,$27.23,1441221339827,"140,599",50% bullish,of 4 ratings,$35
CGNT,$1.57,1441221339883,"11,361",100% bullish,of 2 ratings,$2
COHR,$55.79,1441221339930,"43,167",50% bullish,of 2 ratings,$72
CHRS,$27.51,1441221340061,"17,672",67% bearish,of 3 ratings,$37
CLCT,$17.56,1441221340118,"18,780",100% bearish,of 1 rating,N/A
COHU,$9.52,1441221340143,"33,346",100% bearish,of 1 rating,$14.25
COLL,$14.9,1441221340175,"87,050",100% bearish,of 1 rating,$26
CLRX,$0.651,1441221340205,"94,059",50% bullish,of 2 ratings,N/A
CLCD,$6.07,1441221340278,"39,350",100% bearish,of 1 rating,$20.50
CIGI,$45.17,1441221340310,"34,450",100% bearish,of 1 rating,$52
CBAN,$8.98,1441221340346,401,Not yet rated,NULL,N/A
COLB,$29.16,1441221340449,"70,281",Not yet rated,NULL,$36
COLM,$60.49,1441221340474,"53,887",100% bearish,of 1 rating,$71
CMCO,$18.98,1441221340500,"37,116",60% bullish,of 5 ratings,$28
CBMX,$1.151,1441221340782,"10,164",83% bullish,of 6 ratings,$3.15
CMCSA,$55.66,1441221340812,"7,352,547",66% bullish,of 35 ratings,$69.50
CBSHP,$25.45,1441221340834,"1,200",100% bearish,of 1 rating,N/A
CMCSK,$56.7501,1441221340916,"1,481,213",Not yet rated,NULL,$84
CSAL,$20.49,1441221340970,"260,403",75% bullish,of 4 ratings,$30
COMM,$32.06,1441221341002,"563,246",67% bearish,of 3 ratings,$35
CBSH,$43.33,1441221341023,"156,588",50% bullish,of 2 ratings,$46
CUBN,$13.4,1441221341043,"3,573",Not yet rated,NULL,N/A
CVGI,$4.99,1441221341239,"33,721",50% bullish,of 2 ratings,$6
JCS,$9.26,1441221341267,"1,613",67% bullish,of 3 ratings,N/A
ESXB,$5.09,1441221341374,101,Not yet rated,NULL,N/A
CYHHZ,$0.0101,1441221341404,"16,241",100% bullish,of 1 rating,N/A
CTBI,$34.44,1441221341431,"7,533",Not yet rated,NULL,$36
CVLT,$35.14,1441221341452,"101,487",75% bullish,of 4 ratings,$44.50
COB,$10.31,1441221341485,"3,267",100% bullish,of 1 rating,$11.75
CWBC,$6.85,1441221341509,"47,462",Not yet rated,NULL,N/A
CIL,NULL,1441221341713,0,Not yet rated,NULL,N/A
CDC,$33.88,1441221341765,"11,846",Not yet rated,NULL,N/A
CID,NULL,1441221341789,0,Not yet rated,NULL,N/A
CSA,$32.46,1441221341813,105,Not yet rated,NULL,N/A
CIZ,NULL,1441221341837,0,100% bearish,of 1 rating,N/A
CSF,$36.15,1441221341993,275,100% bearish,of 1 rating,N/A
CFO,$34.79,1441221342018,"3,091",100% bearish,of 1 rating,N/A
CFA,NULL,1441221342087,0,100% bearish,of 1 rating,N/A
CDL,$32.94,1441221342178,180,Not yet rated,NULL,N/A
CTG,$6.73,1441221342209,"9,337",100% bearish,of 1 rating,$8.50
CSB,$32.3,1441221342229,"1,172",Not yet rated,NULL,N/A
CPSI,$45.63,1441221342266,"41,590",100% bearish,of 1 rating,$45.50
CGEN,$4.92,1441221342287,"22,081",50% bullish,of 2 ratings,$11
SCOR,$44.54,1441221342364,"875,542",100% bearish,of 1 rating,$66
CHCI,$0.67,1441221342469,"1,500",50% bullish,of 2 ratings,N/A
CMTL,$25.8,1441221342532,"27,766",100% bearish,of 2 ratings,$37
CNSI,$18.0501,1441221342618,"46,532",100% bearish,of 2 ratings,$29
CNAT,$3.92,1441221342747,"68,148",83% bullish,of 6 ratings,$13
CNCE,$16.41,1441221342776,"54,287",75% bullish,of 4 ratings,$22
CXRX,$79.0928,1441221342815,706,100% bearish,of 1 rating,$90
CCUR,$5.27,1441221342844,"16,651",75% bullish,of 4 ratings,N/A
CDORP,$6.491,1441221342872,100,100% bearish,of 1 rating,N/A
CDORO,$19,1441221342898,160,100% bearish,of 1 rating,N/A
CDOR,$1.28,1441221342969,"2,785",100% bullish,of 1 rating,N/A
CNFR,$10.06,1441221343032,"1,454",Not yet rated,NULL,N/A
CFMS,$14.265,1441221343074,"278,617",100% bearish,of 1 rating,$26.50
CNMD,$50.99,1441221343138,"139,765",Not yet rated,NULL,$59
CNXR,$7.02,1441221343229,"36,549",100% bearish,of 1 rating,$12
CNOB,$19.03,1441221343257,"11,233",100% bullish,of 1 rating,$23.50
CTWS,$34.8194,1441221343278,"11,859",100% bearish,of 1 rating,$44
CONN,$28.02,1441221343442,"200,654",67% bullish,of 3 ratings,$48.50
CNSL,$19.44,1441221343519,"85,997",100% bearish,of 1 rating,$23
CWCO,$10.36,1441221343545,"33,878",67% bullish,of 3 ratings,$14.50
CTCT,$24.11,1441221343578,"87,727",67% bullish,of 3 ratings,$37
CPSS,$5.5999,1441221343603,"16,058",100% bullish,of 1 rating,$10
CFRXW,NULL,1441221343628,0,100% bearish,of 1 rating,N/A
CFRX,$4.8,1441221343673,"9,398",Not yet rated,NULL,$14
CTRV,$3.72,1441221343798,"7,763",Not yet rated,NULL,$6.40
CFRXZ,$0.39,1441221343828,"1,750",Not yet rated,NULL,N/A
CPRT,$34.77,1441221343893,"170,325",67% bearish,of 3 ratings,$40
CTRL,$8.31,1441221343934,"41,065",50% bullish,of 2 ratings,$11
CRBP,$1.8501,1441221343959,"89,075",100% bullish,of 2 ratings,$6.25
CORT,$5.02,1441221344108,"139,502",67% bullish,of 3 ratings,$12
BVA,NULL,1441221344140,0,50% bullish,of 2 ratings,N/A
CRVL,$31.055,1441221344272,"7,915",100% bearish,of 1 rating,N/A
CORE,$60.02,1441221344297,"45,042",100% bearish,of 1 rating,$72
CSOD,$36.0275,1441221344322,"144,981",50% bullish,of 2 ratings,$42
COST,$139.5,1441221344455,"603,947",79% bullish,of 24 ratings,$154.50
CSGP,$173.37,1441221344488,"61,153",50% bullish,of 2 ratings,$235
CORI,$10.79,1441221344517,"33,693",100% bearish,of 1 rating,$18
COSI,$1.13,1441221344547,"24,776",100% bullish,of 1 rating,N/A
CVTI,$22.66,1441221344648,"51,993",67% bearish,of 3 ratings,$39
CPAH,$0.4305,1441221344781,400,50% bullish,of 2 ratings,N/A
COVS,$2.555,1441221344806,"37,470",67% bullish,of 3 ratings,N/A
ICBK,$18.38,1441221344831,"1,100",Not yet rated,NULL,$21
COWNL,$26.153,1441221345065,"1,700",Not yet rated,NULL,N/A
COWN,$5.1,1441221345134,"306,920",75% bullish,of 4 ratings,$7
CRAI,$23.45,1441221345155,"22,910",100% bearish,of 1 rating,$36
CBRL,$145.11,1441221345186,"72,112",50% bullish,of 2 ratings,$155
CPSH,$2.377,1441221345212,"4,400",Not yet rated,NULL,N/A
CRAY,$20.5,1441221345248,"91,720",83% bullish,of 6 ratings,$38.50
BREW,$7.7475,1441221345317,"6,863",67% bullish,of 6 ratings,$15
CACC,$200.685,1441221345345,"84,621",50% bullish,of 2 ratings,$158.50
GLDI,$11.0399,1441221345445,"3,572",100% bearish,of 1 rating,N/A
CREE,$26.16,1441221345502,"390,113",65% bullish,of 17 ratings,$29.50
SLVO,$10.154,1441221345581,"2,485",100% bearish,of 1 rating,N/A
CRESY,$10.065,1441221345631,"19,098",100% bearish,of 1 rating,$19
CRTO,$38.04,1441221345763,"348,299",67% bullish,of 6 ratings,$64
CROX,$14.1,1441221345799,"292,593",63% bullish,of 8 ratings,$16.50
CCRN,$14.03,1441221345828,"68,193",100% bearish,of 1 rating,$14.25
CRDS,$0.9811,1441221345857,"47,382",50% bullish,of 4 ratings,$4.50
CRWS,$7.99,1441221345988,"5,200",Not yet rated,NULL,$10
CYRX,$2.92,1441221346021,913,Not yet rated,NULL,$9
CRWN,$4.895,1441221346092,"129,792",75% bullish,of 4 ratings,N/A
CSGS,$30.32,1441221346125,"74,021",Not yet rated,NULL,$40
CYRXW,$0.74,1441221346148,"6,600",Not yet rated,NULL,N/A
CCLP,$14.0601,1441221346181,"35,337",67% bearish,of 3 ratings,$20
CSPI,$5.8,1441221346231,899,67% bullish,of 3 ratings,N/A
CTIC,$1.57,1441221346326,"222,997",84% bullish,of 76 ratings,$5.75
CTCM,$1.68,1441221346400,"49,821",80% bearish,of 5 ratings,$3.90
CTIB,$3.7455,1441221346505,"1,000",100% bearish,of 1 rating,N/A
CUNB,$21.84,1441221346558,"12,726",Not yet rated,NULL,$24.50
CTRP,$64.8,1441221346583,"557,979",75% bullish,of 8 ratings,$92.50
CUI,$5.48,1441221346649,"16,489",50% bullish,of 2 ratings,$10
CMLS,$1.32,1441221346782,"187,194",50% bullish,of 4 ratings,$6
CPIX,$6.14,1441221346814,"4,913",Not yet rated,NULL,N/A
CRIS,$2.63,1441221346841,"84,159",100% bullish,of 8 ratings,$6
CUTR,$14.92,1441221346868,"26,933",67% bearish,of 3 ratings,$18
CVBF,$15.77,1441221346921,"118,239",Not yet rated,NULL,$18
CVV,$11.48,1441221347002,"8,659",100% bullish,of 5 ratings,N/A
CYBR,$50.445,1441221347061,"548,306",75% bullish,of 8 ratings,$68.50
CYAN,$6.5001,1441221347088,"1,650",100% bearish,of 1 rating,N/A
CYBX,$63.41,1441221347147,"115,348",50% bullish,of 4 ratings,$71.50
CYBE,$6.76,1441221347249,"4,153",100% bearish,of 1 rating,N/A
CYCC,$0.5597,1441221347274,"36,383",73% bullish,of 11 ratings,N/A
CYNA,$16.05,1441221347459,"15,549",50% bullish,of 2 ratings,$31.50
CYCCP,NULL,1441221347488,0,100% bearish,of 1 rating,N/A
CBAY,$2.63,1441221347520,"23,088",100% bullish,of 1 rating,$4
CY,$10.095,1441221347566,"5,236,135",80% bullish,of 10 ratings,$15.50
CYNO,$31.92,1441221347623,"84,406",67% bearish,of 3 ratings,$45.50
CYRN,$1.767,1441221347653,"1,300",67% bullish,of 3 ratings,$4
CYTK,$7.07,1441221347758,"137,519",71% bullish,of 14 ratings,$13.50
CONE,$31.11,1441221347783,"100,538",67% bearish,of 3 ratings,$35.50
CYTX,$0.3581,1441221347831,"811,821",83% bullish,of 12 ratings,$5.50
CTSO,$7.43,1441221347857,"78,588",Not yet rated,NULL,$15.625
CYTR,$2.37,1441221347923,"146,716",67% bullish,of 6 ratings,$10
TVIZ,$23.62,1441221347995,"13,735",100% bearish,of 1 rating,N/A
DAEG,$0.3535,1441221348055,"8,728",100% bearish,of 1 rating,N/A
ZIV,$35.69,1441221348187,"96,865",Not yet rated,NULL,N/A
TVIX,$16.5001,1441221348216,"9,437,135",81% bullish,of 16 ratings,N/A
XIV,$23.57,1441221348243,"13,252,313",75% bearish,of 4 ratings,N/A
DJCO,$196,1441221348319,202,Not yet rated,NULL,N/A
DRAM,$1.35,1441221348378,"5,092",78% bullish,of 9 ratings,N/A
DAKT,$8.58,1441221348412,"65,492",50% bullish,of 2 ratings,$12
DAIO,$2.65,1441221348433,"3,954",Not yet rated,NULL,N/A
DARA,$0.8594,1441221348454,"15,809",83% bullish,of 6 ratings,$1.50
DTLK,$5.56,1441221348522,"22,832",100% bearish,of 1 rating,$9
DWCH,$5.05,1441221348662,"8,086",75% bullish,of 4 ratings,$8.25
PLAY,$35.41,1441221348739,"103,672",100% bullish,of 5 ratings,$42
DTEA,$12.92,1441221348768,"21,283",100% bearish,of 2 ratings,$24
DWSN,$4.34,1441221348789,"8,513",67% bullish,of 3 ratings,N/A
DBVT,$37.997,1441221348920,"39,431",100% bearish,of 1 rating,$53
DHRM,$1.63,1441221348947,"2,190",Not yet rated,NULL,N/A
TACOW,$3.7,1441221349145,"154,400",100% bullish,of 1 rating,N/A
DCTH,$0.41,1441221349176,"110,299",78% bullish,of 9 ratings,N/A
TACO,$12.735,1441221349197,"131,238",75% bullish,of 4 ratings,$20
DFRG,$14.48,1441221349240,"79,530",100% bearish,of 1 rating,$20
TRAK,$62.78,1441221349261,"234,759",50% bullish,of 2 ratings,$62.50
DELT,$2.25,1441221349328,100,Not yet rated,NULL,N/A
DGAS,$20.67,1441221349364,"1,010",67% bearish,of 3 ratings,N/A
DELTW,NULL,1441221349384,0,Not yet rated,NULL,N/A
DENN,$11.23,1441221349459,"186,123",100% bullish,of 3 ratings,$15
XRAY,$51.31,1441221349525,"178,264",100% bullish,of 1 rating,$58
DEPO,$26.86,1441221349660,"243,605",60% bullish,of 5 ratings,$29
DSCI,$5.8901,1441221349732,"34,189",50% bullish,of 2 ratings,$16
DERM,$26.14,1441221349830,"27,510",100% bearish,of 1 rating,$33.50
DEST,$10.94,1441221349860,"25,966",50% bullish,of 2 ratings,N/A
DSWL,$1.5401,1441221349888,"9,104",100% bullish,of 1 rating,N/A
DXLG,$6.42,1441221349911,"112,017",100% bearish,of 1 rating,$8
DXCM,$88.39,1441221349963,"205,540",57% bullish,of 7 ratings,$98
DXM,$0.2886,1441221350046,"233,696",50% bullish,of 2 ratings,N/A
DHXM,$6.8,1441221350124,400,Not yet rated,NULL,N/A
DMND,$30.06,1441221350177,"72,686",75% bullish,of 12 ratings,$32
FANG,$66.73,1441221350209,"432,655",50% bullish,of 2 ratings,$86
DHIL,$189,1441221350240,902,Not yet rated,NULL,N/A
DCIX,$1.5999,1441221350308,"42,691",50% bullish,of 4 ratings,$3.50
DRNA,$11.2,1441221350336,"75,070",67% bearish,of 3 ratings,$25
DGII,$10.16,1441221350563,"5,992",100% bearish,of 1 rating,$11
DMRC,$38.51,1441221350591,"18,285",100% bearish,of 1 rating,$44
DGLY,$7.185,1441221350626,"158,294",50% bullish,of 6 ratings,$20
DRAD,$3.7801,1441221350647,"8,644",100% bullish,of 1 rating,$5.25
APPS,$2.202,1441221350720,"334,315",100% bearish,of 1 rating,$10.25
DCOM,$16.52,1441221350750,"26,231",100% bearish,of 2 ratings,$16
DIOD,$19.38,1441221350855,"36,856",75% bearish,of 4 ratings,$24
DISCA,$26.48,1441221350888,"1,000,024",67% bullish,of 3 ratings,$34
DISCB,NULL,1441221350925,0,100% bearish,of 1 rating,$35
DISCK,$25.2801,1441221350983,"396,971",100% bearish,of 1 rating,$32
DPRX,$14.7501,1441221351016,"9,855",100% bullish,of 2 ratings,$27.75
DSCO,$0.4318,1441221351042,"162,139",83% bullish,of 6 ratings,$2.75
DISH,$58.99,1441221351067,"630,755",69% bullish,of 13 ratings,$73
DVCR,$10.93,1441221351243,"1,727",100% bullish,of 1 rating,N/A
BAGR,$2.72,1441221351336,"9,500",100% bearish,of 1 rating,$6
DLHC,$2.762,1441221351394,"2,671",100% bearish,of 1 rating,N/A
DGICA,$14.12,1441221351465,"11,180",100% bearish,of 1 rating,$17
DNBF,$26.05,1441221351491,"1,428",Not yet rated,NULL,$27.50
DGICB,NULL,1441221351512,0,100% bearish,of 1 rating,N/A
DLTR,$66.755,1441221351544,"5,148,473",82% bullish,of 11 ratings,$88
DMLP,$14.9799,1441221351643,"37,046",100% bearish,of 1 rating,N/A
DRWI,$0.2101,1441221351738,"1,194,537",60% bullish,of 5 ratings,$.45
DRWIW,NULL,1441221351773,0,Not yet rated,NULL,N/A
DWA,$19.94,1441221351804,"769,940",63% bullish,of 8 ratings,$26
DORM,$50.27,1441221351825,"139,244",100% bearish,of 1 rating,$56
HILL,$9.69,1441221351868,"603,352",60% bearish,of 5 ratings,$9.75
DSKX,$3.5,1441221351901,"80,282",100% bullish,of 1 rating,N/A
DRYS,$0.4294,1441221351954,"999,255",77% bullish,of 31 ratings,$.60
DSPG,$8.72,1441221352052,"14,963",100% bearish,of 1 rating,$13.50
CADTR,NULL,1441221352178,0,Not yet rated,NULL,N/A
CADT,$9.98,1441221352278,300,Not yet rated,NULL,N/A
CADTW,NULL,1441221352377,0,Not yet rated,NULL,N/A
DTSI,$28.1,1441221352410,"116,890",100% bearish,of 2 ratings,$39.50
DXPE,$29.65,1441221352439,"83,367",50% bullish,of 2 ratings,N/A
DNKN,$48.8,1441221352481,"796,659",67% bullish,of 15 ratings,$56.50
DRRX,$2.055,1441221352510,"103,871",50% bullish,of 6 ratings,$3
CADTU,NULL,1441221352537,0,Not yet rated,NULL,N/A
DYAX,$22.56,1441221352612,"183,327",89% bullish,of 9 ratings,$30
BOOM,$10.62,1441221352713,"90,985",67% bullish,of 3 ratings,$12
DYNT,$3,1441221352740,"3,927",75% bullish,of 4 ratings,N/A
DVAX,$28.63,1441221352787,"98,872",70% bullish,of 10 ratings,$40
EBMT,$11.69,1441221352928,"1,300",Not yet rated,NULL,$13.50
ETFC,$25.1,1441221352959,"1,086,747",57% bullish,of 14 ratings,$32.50
DYSL,$1.54,1441221352985,"11,457",100% bullish,of 2 ratings,N/A
EGBN,$40.75,1441221353064,"78,832",Not yet rated,NULL,$48
EGLE,$6.98,1441221353119,"7,208",60% bullish,of 5 ratings,N/A
EGRX,$80.7401,1441221353144,"81,076",67% bullish,of 3 ratings,$97
ELNK,$8.33,1441221353323,"216,320",60% bullish,of 5 ratings,$9.50
EROC,$1.4901,1441221353369,"118,950",50% bullish,of 2 ratings,$3
EWBC,$38.63,1441221353400,"313,496",100% bearish,of 1 rating,$50
EML,$16.23,1441221353508,"2,789",Not yet rated,NULL,N/A
EVBS,$6.52,1441221353542,"1,450",Not yet rated,NULL,$7
EBAY,$26.625,1441221353567,"4,464,715",81% bullish,of 117 ratings,$34
EACQU,$10.15,1441221353593,"1,400",Not yet rated,NULL,N/A
EBIX,$28.12,1441221353638,"91,395",69% bullish,of 13 ratings,$40
ELON,$0.595,1441221353726,"11,949",50% bullish,of 2 ratings,N/A
ECHO,$21.91,1441221353773,"87,230",67% bearish,of 3 ratings,$34.50
ECTE,$1.52,1441221353934,"3,095",75% bullish,of 4 ratings,N/A
SATS,$43.55,1441221354116,"48,061",50% bullish,of 2 ratings,$60
ECACU,$10.1,1441221354146,200,Not yet rated,NULL,N/A
EEI,$11.7599,1441221354177,"5,400",67% bearish,of 3 ratings,N/A
EDAP,$3.62,1441221354248,"15,733",60% bullish,of 5 ratings,$4.50
ESES,$4,1441221354274,400,100% bearish,of 1 rating,$7
EDGW,$7.19,1441221354309,"1,559",100% bearish,of 1 rating,N/A
EGAN,$3.69,1441221354406,"6,025",50% bullish,of 2 ratings,$6.25
EDUC,$6.3275,1441221354434,"55,196",100% bearish,of 1 rating,N/A
EFUT,$4.6611,1441221354463,"1,400",Not yet rated,NULL,N/A
EHTH,$14.96,1441221354566,"66,020",50% bullish,of 4 ratings,$16.50
EMITF,$1.2299,1441221354701,"1,472",75% bullish,of 4 ratings,N/A
EGLT,$12.45,1441221354786,"77,349",50% bullish,of 2 ratings,$21
ESLT,$78.297,1441221354922,"4,233",67% bullish,of 3 ratings,N/A
ERI,$9.42,1441221354954,"74,101",100% bearish,of 1 rating,$10
ESIO,$4.53,1441221354980,"24,139",50% bullish,of 2 ratings,$10
LOCO,$12.4742,1441221355001,"205,575",69% bullish,of 13 ratings,$19.50
ELRC,$10.48,1441221355033,"14,553",100% bearish,of 1 rating,N/A
EA,$64.09,1441221355063,"1,378,869",78% bullish,of 36 ratings,$80
EFII,$43.22,1441221355171,"47,693",80% bullish,of 5 ratings,$55
ELSE,$3.9001,1441221355198,"2,000",60% bullish,of 5 ratings,N/A
ELECU,$9.99,1441221355470,"5,700",Not yet rated,NULL,N/A
ELECW,NULL,1441221355496,0,Not yet rated,NULL,N/A
EBIO,$3.47,1441221355522,"119,942",100% bearish,of 2 ratings,$8.35
ELEC,NULL,1441221355542,0,Not yet rated,NULL,N/A
RDEN,$11.18,1441221355571,"36,617",100% bearish,of 4 ratings,$15
ESBK,$19.85,1441221355703,639,Not yet rated,NULL,N/A
CAPX,$22.74,1441221355770,1,Not yet rated,NULL,N/A
ELTK,$1.3399,1441221355896,"30,260",67% bearish,of 3 ratings,N/A
EMCF,NULL,1441221355927,0,100% bearish,of 1 rating,N/A
EMCI,$22.59,1441221355948,"18,505",Not yet rated,NULL,N/A
EMKR,$6.86,1441221355985,"36,852",75% bullish,of 4 ratings,$8.50
LONG,$16.91,1441221356026,"2,208",67% bullish,of 3 ratings,$15.75
EMMSP,$3.2,1441221356118,325,100% bearish,of 1 rating,N/A
EMMS,$1.17,1441221356145,"12,324",83% bullish,of 6 ratings,N/A
NYNY,$4.205,1441221356300,"11,953",50% bullish,of 2 ratings,N/A
ERS,$3.395,1441221356378,"10,165",Not yet rated,NULL,N/A
ENTA,$38.795,1441221356480,"66,685",50% bullish,of 2 ratings,$42
ECPG,$38.42,1441221356571,"91,210",100% bullish,of 2 ratings,$52
ENDP,$74.01,1441221356612,"451,878",50% bullish,of 6 ratings,$101.50
WIRE,$31.55,1441221356637,"39,517",100% bearish,of 1 rating,$37
ELGX,$12.53,1441221356662,"161,802",75% bullish,of 4 ratings,$17
ECYT,$5.24,1441221356695,"107,701",83% bullish,of 6 ratings,$12
EIGI,$14.87,1441221356716,"195,084",67% bearish,of 3 ratings,$22.50
EFOI,$24.21,1441221357007,"815,990",50% bullish,of 2 ratings,$24.50
WATT,$7.05,1441221357091,"19,072",50% bullish,of 2 ratings,$13
EXXI,$1.75,1441221357136,"838,452",86% bullish,of 7 ratings,$3.50
ERII,$2.57,1441221357164,"41,493",80% bullish,of 5 ratings,$2.50
ENOC,$8.96,1441221357185,"77,875",75% bullish,of 4 ratings,$18
ENPH,$4.38,1441221357218,"336,730",75% bullish,of 4 ratings,$11
ENG,$1.04,1441221357243,"35,679",100% bullish,of 3 ratings,N/A
ENFC,$17.8,1441221357475,200,Not yet rated,NULL,N/A
ESGR,$148.41,1441221357559,"22,528",100% bearish,of 1 rating,$185
ENTG,$13.39,1441221357593,"105,960",100% bearish,of 1 rating,$18
EBTC,$21.55,1441221357631,410,Not yet rated,NULL,N/A
EGT,$2.01,1441221357653,"5,001",100% bullish,of 1 rating,N/A
ENTL,$21.34,1441221357687,"14,320",Not yet rated,NULL,$28
ENVI,$1.8799,1441221357722,"22,091",67% bullish,of 3 ratings,N/A
ETRM,$0.3188,1441221357752,"4,299,292",69% bearish,of 35 ratings,$1.625
EFSC,$23.82,1441221357824,"11,406",Not yet rated,NULL,$27
ENZY,$10.3,1441221358133,"25,627",67% bullish,of 3 ratings,$9.50
PLUS,$73.08,1441221358164,"28,025",50% bullish,of 2 ratings,$88
EPRS,$5.08,1441221358185,"14,524",82% bullish,of 11 ratings,$15
EPZM,$20.33,1441221358217,"183,947",60% bullish,of 5 ratings,$34
ENZN,$0.9725,1441221358263,"166,719",100% bullish,of 9 ratings,N/A
EPIQ,$12.77,1441221358316,"23,106",100% bearish,of 1 rating,$18
EAC,$3.4,1441221358414,"4,867",100% bearish,of 1 rating,$8
EQIX,$267.36,1441221358442,"341,848",75% bullish,of 4 ratings,$312.50
EQFN,NULL,1441221358514,0,100% bearish,of 1 rating,N/A
ERIE,$81.51,1441221358591,"8,883",Not yet rated,NULL,$73
ESCA,$18.09,1441221358624,"7,552",100% bearish,of 1 rating,$22
ERIC,$9.5875,1441221358645,"780,291",67% bullish,of 9 ratings,$12.20
ESCR,$0.1501,1441221358727,"46,573",50% bullish,of 2 ratings,N/A
ESMC,$1.4,1441221358776,740,Not yet rated,NULL,N/A
ESCRP,NULL,1441221358802,0,100% bearish,of 1 rating,N/A
ESPR,$47.58,1441221358974,"606,506",70% bearish,of 10 ratings,$115
ESSA,$12.95,1441221359023,"4,965",100% bearish,of 1 rating,N/A
ESND,$33.14,1441221359155,"87,330",100% bearish,of 2 ratings,$40
EPIX,$5.95,1441221359218,100,Not yet rated,NULL,N/A
ESSX,$0.4985,1441221359244,"8,849",50% bullish,of 2 ratings,N/A
EEFT,$63.88,1441221359273,"73,905",100% bearish,of 1 rating,$67.50
ETSY,$14.23,1441221359301,"213,929",80% bullish,of 5 ratings,$16
ESEA,$4.6342,1441221359322,"10,285",100% bullish,of 1 rating,$15
CLWT,NULL,1441221359356,0,100% bullish,of 1 rating,N/A
EVEP,$8.51,1441221359522,"80,615",50% bullish,of 2 ratings,$15
EVOK,$3.3499,1441221359626,"23,369",100% bearish,of 1 rating,$13.375
EVK,$3.95,1441221359695,200,75% bearish,of 4 ratings,N/A
EVLV,$2.65,1441221359720,"41,397",60% bullish,of 5 ratings,$4.625
EVOL,$5.89,1441221359763,"7,548",75% bullish,of 4 ratings,$10
EXA,$10.4385,1441221359853,"97,702",100% bearish,of 1 rating,$13
EXAS,$21.95,1441221359897,"464,148",78% bullish,of 9 ratings,$31
EXEL,$5.76,1441221359929,"2,544,532",81% bullish,of 16 ratings,$6
EXAC,$19.105,1441221359958,"10,969",100% bearish,of 1 rating,$22.50
EXFO,$2.91,1441221360031,200,67% bearish,of 3 ratings,$3.95
EXLS,$36.74,1441221360062,"71,160",50% bullish,of 2 ratings,$41
EXPO,$42.44,1441221360090,"34,596",100% bearish,of 1 rating,$45.50
EXPE,$111.89,1441221360111,"313,828",64% bullish,of 11 ratings,$130
EXPD,$49.38,1441221360258,"757,935",80% bullish,of 5 ratings,$52
ESRX,$82.645,1441221360295,"1,123,640",67% bearish,of 6 ratings,$101
EXLP,$19.17,1441221360321,"86,974",100% bearish,of 1 rating,$25
EXTR,$3.045,1441221360402,"276,319",80% bullish,of 5 ratings,$3
FFIV,$120.03,1441221360601,"431,974",63% bullish,of 8 ratings,$132
EZCH,$22.51,1441221360632,"28,423",75% bullish,of 8 ratings,$19.50
FB,$88.6492,1441221360672,"11,609,795",73% bullish,of 1074 ratings,$111
FCS,$13.2601,1441221360697,"216,050",67% bearish,of 3 ratings,$17
EYEGW,$1,1441221360726,"1,700",Not yet rated,NULL,N/A
EYEG,$3.685,1441221360756,"5,408",Not yet rated,NULL,N/A
FWM,$2.17,1441221360865,"68,595",100% bearish,of 2 ratings,$3.20
EZPW,$6.15,1441221360900,"116,757",50% bullish,of 4 ratings,$7
FRP,$15.98,1441221360936,"25,257",100% bearish,of 1 rating,$18
FALC,$1.75,1441221361005,"17,673",63% bearish,of 8 ratings,N/A
DAVE,$14.38,1441221361111,"5,263",100% bearish,of 1 rating,$15.50
FARM,$22.32,1441221361252,"28,944",100% bearish,of 1 rating,$35
FFKT,$26.05,1441221361575,"4,316",Not yet rated,NULL,$29
FMNB,$8.23,1441221361600,"1,500",Not yet rated,NULL,N/A
FARO,$37.5201,1441221361657,"26,308",50% bullish,of 2 ratings,$48
FATE,$6.27,1441221361683,"8,149",50% bullish,of 2 ratings,$11
FBSS,NULL,1441221361738,0,Not yet rated,NULL,N/A
FDML,$8.73,1441221361764,"94,286",50% bullish,of 4 ratings,$14
FBRC,$22.15,1441221361785,"25,602",100% bearish,of 1 rating,$29
FAST,$38.21,1441221361818,"709,651",80% bullish,of 5 ratings,$45.50
FNHC,$22.07,1441221362023,"18,389",100% bearish,of 1 rating,$35
FEIC,$74.37,1441221362052,"133,419",50% bullish,of 2 ratings,$95.50
FHCO,$1.395,1441221362085,"8,184",50% bullish,of 4 ratings,N/A
FENX,$9.72,1441221362133,"48,934",100% bullish,of 1 rating,$14.25
FCSC,$5.53,1441221362185,"36,468",100% bearish,of 1 rating,$8.125
FGEN,$23.45,1441221362210,"85,350",100% bearish,of 1 rating,$39
ONEQ,$185.2,1441221362234,"14,420",100% bullish,of 1 rating,N/A
LION,$19.02,1441221362641,"21,039",100% bullish,of 1 rating,$20
FRGI,$51.7,1441221362668,"52,293",50% bullish,of 2 ratings,$70
FSC,$6.5299,1441221362694,"329,428",60% bullish,of 5 ratings,$8
FSAM,$7.9,1441221362728,"2,451",100% bearish,of 1 rating,$10.25
FDUS,$14.92,1441221362749,"13,668",50% bullish,of 2 ratings,$18
FSFR,$8.76,1441221362782,"103,291",100% bearish,of 1 rating,$11.50
FITB,$19.25,1441221362822,"1,698,009",54% bullish,of 13 ratings,$22
FSCFL,$24.4117,1441221362885,"3,062",Not yet rated,NULL,N/A
FITBI,$27.455,1441221362982,"12,242",Not yet rated,NULL,N/A
FNGN,$30.67,1441221363056,"173,446",67% bullish,of 3 ratings,$47
FNSR,$15.11,1441221363115,"298,425",71% bullish,of 7 ratings,$24
FISI,$24.6335,1441221363140,"10,035",100% bullish,of 2 ratings,$24.50
FNJN,$1.78,1441221363304,"6,300",100% bearish,of 1 rating,$5
FNTCW,NULL,1441221363329,0,Not yet rated,NULL,N/A
FNTCU,NULL,1441221363386,0,Not yet rated,NULL,N/A
FBNC,$16.85,1441221363418,"2,515",100% bullish,of 1 rating,$20
FNTC,NULL,1441221363438,0,Not yet rated,NULL,N/A
FEYE,$37.104,1441221363474,"1,412,763",88% bullish,of 16 ratings,$55.50
FNLC,$18.8,1441221363504,"4,444",100% bullish,of 1 rating,N/A
FRBA,$6.05,1441221363567,"7,815",Not yet rated,NULL,$8
FBIZ,$22.5,1441221363604,"42,436",100% bearish,of 2 ratings,$26
BUSE,$6.35,1441221363776,"55,478",Not yet rated,NULL,$6.875
FCVA,$4.7501,1441221363802,500,Not yet rated,NULL,N/A
FCAP,$26.9,1441221363858,39,Not yet rated,NULL,N/A
FCFS,$39.74,1441221363931,"34,254",100% bearish,of 3 ratings,$47
FCNCA,$232.06,1441221364075,"1,808",Not yet rated,NULL,N/A
FCCO,$12.09,1441221364103,775,Not yet rated,NULL,$13.25
FCFP,$6.905,1441221364131,500,Not yet rated,NULL,N/A
FCBC,$17.345,1441221364159,"4,367",Not yet rated,NULL,$18
FCLF,$9.35,1441221364181,371,Not yet rated,NULL,N/A
FBNK,$16.85,1441221364215,"9,220",100% bearish,of 1 rating,$17.50
FDEF,$36.91,1441221364307,"9,790",Not yet rated,NULL,$38
FFNM,$6.2286,1441221364342,200,Not yet rated,NULL,N/A
FFBCW,NULL,1441221364438,0,100% bearish,of 1 rating,N/A
FFBC,$18.13,1441221364470,"49,547",67% bearish,of 3 ratings,$20.25
FFIN,$29.82,1441221364496,"51,733",50% bullish,of 2 ratings,$31.75
THFF,$32.57,1441221364652,"1,699",Not yet rated,NULL,$35
FRME,$25.99,1441221364845,"94,072",Not yet rated,NULL,$26.50
INBK,$30.24,1441221364881,"8,683",50% bullish,of 2 ratings,$37
FFWM,$21.09,1441221364902,"4,046",Not yet rated,NULL,$24
FFNW,$12.12,1441221364923,"7,069",Not yet rated,NULL,$14
FIBK,$26.24,1441221364945,"44,118",Not yet rated,NULL,$32
FNBC,$33.85,1441221364993,"86,877",Not yet rated,NULL,$40
FMBH,$22.35,1441221365013,382,Not yet rated,NULL,N/A
FNFG,$8.87,1441221365086,"731,308",80% bullish,of 5 ratings,$9
FNWB,$11.97,1441221365225,"2,460",Not yet rated,NULL,N/A
FMBI,$17.13,1441221365250,"127,604",Not yet rated,NULL,$20
FSFG,NULL,1441221365297,0,Not yet rated,NULL,N/A
FSLR,$47.52,1441221365466,"611,003",72% bullish,of 39 ratings,$65
FSGI,$2.48,1441221365513,"4,500",Not yet rated,NULL,N/A
FSBK,$7.83,1441221365546,"6,700",100% bullish,of 1 rating,N/A
BICK,NULL,1441221365576,0,100% bullish,of 1 rating,N/A
FBZ,$9.44,1441221365646,200,Not yet rated,NULL,N/A
FCAN,$24.16,1441221365677,"27,649",Not yet rated,NULL,N/A
FTCS,$35.8165,1441221365705,"255,684",100% bearish,of 1 rating,N/A
FV,$22.975,1441221365779,"1,454,934",100% bearish,of 1 rating,N/A
FCA,$18.866,1441221365920,107,Not yet rated,NULL,N/A
IFV,$17.41,1441221365968,"259,350",100% bearish,of 1 rating,N/A
FEMB,NULL,1441221366006,0,Not yet rated,NULL,N/A
FTSM,$59.95,1441221366102,"20,349",100% bearish,of 1 rating,N/A
FEUZ,$30.4415,1441221366131,102,Not yet rated,NULL,N/A
TDIV,$24.3679,1441221366272,"78,884",100% bearish,of 1 rating,N/A
MDIV,$18.93,1441221366297,"161,693",Not yet rated,NULL,N/A
FGM,$35.1108,1441221366367,"6,697",Not yet rated,NULL,N/A
FTGC,$22.3004,1441221366423,"141,183",Not yet rated,NULL,N/A
HYLS,$49.54,1441221366455,"67,667",100% bearish,of 1 rating,N/A
FTHI,$19.17,1441221366524,"1,051",Not yet rated,NULL,N/A
FHK,$32.33,1441221366554,"6,308",Not yet rated,NULL,N/A
YDIV,$16.1501,1441221366695,"1,923",Not yet rated,NULL,N/A
FPXI,$26.4,1441221366723,200,Not yet rated,NULL,N/A
CU,$12.56,1441221366744,920,100% bearish,of 1 rating,N/A
SKYY,$28.36,1441221366798,"34,045",100% bullish,of 1 rating,N/A
FJP,$45.2701,1441221366875,"19,590",Not yet rated,NULL,N/A
PLTM,$6.16,1441221366930,"3,135",100% bearish,of 1 rating,N/A
FTLB,$18.91,1441221367006,1,100% bearish,of 1 rating,N/A
LMBS,$50.3999,1441221367097,"1,477",Not yet rated,NULL,N/A
FMB,$50.97,1441221367140,"6,650",Not yet rated,NULL,N/A
QABA,$36.703,1441221367167,"5,870",100% bearish,of 1 rating,N/A
CIBR,$17.5,1441221367226,"23,733",Not yet rated,NULL,N/A
FONE,NULL,1441221367302,0,Not yet rated,NULL,N/A
QCLN,$14.8799,1441221367326,"10,189",Not yet rated,NULL,N/A
GRID,$31.04,1441221367459,330,100% bearish,of 1 rating,N/A
CARZ,$34.0182,1441221367503,392,100% bearish,of 1 rating,N/A
QQXT,$39.7924,1441221367597,"13,525",Not yet rated,NULL,N/A
RDVY,$20.62,1441221367628,"3,888",Not yet rated,NULL,N/A
QQEW,$41.06,1441221367653,"173,955",Not yet rated,NULL,N/A
QTEC,$39.31,1441221367738,"15,373",Not yet rated,NULL,N/A
QINC,NULL,1441221367841,0,Not yet rated,NULL,N/A
FTSL,$48.8376,1441221367871,"47,419",100% bearish,of 1 rating,N/A
AIRR,$16.27,1441221367938,"7,562",100% bearish,of 1 rating,N/A
FDIV,$47.0499,1441221367967,"1,921",100% bearish,of 1 rating,N/A
FKO,$22.47,1441221367996,312,Not yet rated,NULL,N/A
FSZ,$38.47,1441221368051,"68,229",Not yet rated,NULL,N/A
FTW,$31.5,1441221368127,758,Not yet rated,NULL,N/A
TUSA,$24.32,1441221368205,"3,337",Not yet rated,NULL,N/A
FUNC,$8.15,1441221368281,500,Not yet rated,NULL,N/A
FKU,$41.29,1441221368306,"66,799",Not yet rated,NULL,N/A
SVVC,$9.23,1441221368363,"7,320",50% bullish,of 2 ratings,$26
FMER,$17.215,1441221368389,"260,468",50% bullish,of 2 ratings,$20
FISV,$84.25,1441221368524,"488,786",100% bearish,of 3 ratings,$90
FSV,$32.13,1441221368554,"26,779",Not yet rated,NULL,$33.60
FIVE,$37.73,1441221368589,"592,419",75% bearish,of 4 ratings,$44
FPRX,$19.4751,1441221368651,"110,785",50% bullish,of 2 ratings,$35
FLML,$22.96,1441221368683,"96,756",50% bullish,of 2 ratings,$30
FLKS,$11.65,1441221368754,"27,059",50% bullish,of 2 ratings,$27
FIVN,$3.89,1441221368781,"53,008",100% bullish,of 1 rating,$8.50
FLXN,$25.33,1441221368830,"85,708",100% bearish,of 1 rating,$40
SKOR,$50.34,1441221368932,"7,400",Not yet rated,NULL,N/A
MBSD,$24.91,1441221368970,315,Not yet rated,NULL,N/A
FLEX,$10.26,1441221369066,"623,633",63% bullish,of 8 ratings,$12
FLXS,$30.875,1441221369113,"7,693",100% bearish,of 2 ratings,N/A
FLIR,$28.16,1441221369199,"509,556",100% bearish,of 2 ratings,$38.50
FFIC,$19.47,1441221369337,"50,219",Not yet rated,NULL,$20.50
FOGO,$19.33,1441221369366,"49,478",50% bullish,of 2 ratings,$25.50
FOMX,$10.06,1441221369391,"49,214",50% bullish,of 2 ratings,$23.50
FLDM,$11.35,1441221369420,"108,590",67% bearish,of 3 ratings,$15
FES,$0.87,1441221369446,"32,811",50% bullish,of 2 ratings,$1
FONR,$9.7601,1441221369501,"5,404",100% bullish,of 1 rating,N/A
FORM,$6.37,1441221369633,"149,436",67% bullish,of 3 ratings,$10.50
FORTY,$30.17,1441221369668,200,100% bearish,of 1 rating,N/A
FTNT,$41.45,1441221369713,"440,342",80% bullish,of 10 ratings,$52
FORR,$31.33,1441221369740,"23,420",Not yet rated,NULL,N/A
FBIO,$2.62,1441221369870,"51,635",83% bullish,of 6 ratings,N/A
FORD,$1.66,1441221369899,"1,936,231",67% bullish,of 3 ratings,N/A
FWRD,$43.78,1441221369919,"96,970",100% bearish,of 1 rating,$50
FWP,$27,1441221370084,"52,024",100% bearish,of 1 rating,$45
FMI,$23.135,1441221370147,"84,945",100% bearish,of 2 ratings,$27.50
FOSL,$60.08,1441221370172,"227,807",60% bearish,of 5 ratings,$80
FOXF,$15.31,1441221370315,"10,315",100% bearish,of 1 rating,$19
FRED,$12.78,1441221370363,"58,574",50% bullish,of 2 ratings,$15.50
FRAN,$11.38,1441221370394,"264,355",50% bullish,of 4 ratings,$15
FREE,$0.3814,1441221370416,"3,617,143",92% bullish,of 12 ratings,N/A
FELE,$27.72,1441221370436,"122,804",50% bullish,of 4 ratings,$33
FXCB,$17.23,1441221370492,"4,897",Not yet rated,NULL,$19
FEIM,$11.05,1441221370578,"3,658",100% bearish,of 1 rating,N/A
RAIL,$20.7,1441221370608,"47,031",100% bearish,of 1 rating,$24.50
FRPT,$12.24,1441221370681,"195,881",67% bearish,of 3 ratings,$23.50
FTRPR,$103.42,1441221370759,"4,100",100% bearish,of 1 rating,N/A
FTR,$5.175,1441221370814,"9,944,576",78% bullish,of 27 ratings,$6.25
FSBW,$23.09,1441221370901,"5,080",Not yet rated,NULL,N/A
FRPH,$31.1,1441221370926,"2,002",100% bearish,of 1 rating,N/A
FTEK,$1.995,1441221371133,"12,629",75% bullish,of 4 ratings,N/A
FTD,$29.7,1441221371158,"17,103",100% bearish,of 1 rating,$40
FCEL,$0.8781,1441221371188,"620,823",88% bullish,of 41 ratings,$2.65
FSYS,$6.36,1441221371216,"190,634",67% bullish,of 3 ratings,$10
FULLL,NULL,1441221371287,0,Not yet rated,NULL,N/A
FULL,$3.0838,1441221371394,"9,266",67% bearish,of 3 ratings,$4.25
FLL,$1.48,1441221371422,"54,922",75% bullish,of 4 ratings,$3.50
FULT,$11.74,1441221371447,"209,074",100% bearish,of 1 rating,$13
FFHL,$0.9947,1441221371584,870,50% bullish,of 4 ratings,N/A
FSNN,$2.08,1441221371611,"6,900",67% bullish,of 3 ratings,$6
FXEN,$1.01,1441221371639,"145,287",75% bullish,of 4 ratings,$1.10
GK,$67.48,1441221371830,"42,971",Not yet rated,NULL,$78
FXENP,NULL,1441221371861,0,100% bearish,of 1 rating,N/A
WILC,$4.88,1441221371893,"2,110",100% bullish,of 2 ratings,N/A
GAIA,$6.05,1441221371979,"179,765",50% bullish,of 2 ratings,$8.50
GALT,$2.09,1441221372025,"46,868",80% bullish,of 5 ratings,N/A
GLPG,$57.63,1441221372054,"9,158",100% bullish,of 1 rating,$75
GALTU,$5.19,1441221372157,200,100% bearish,of 1 rating,N/A
GALE,$1.6,1441221372210,"483,039",89% bullish,of 47 ratings,$4
GALTW,$0.55,1441221372237,"5,162",100% bullish,of 1 rating,N/A
GPIC,$9.76,1441221372367,100,100% bearish,of 1 rating,N/A
GLPI,$30.7,1441221372399,"190,392",100% bearish,of 1 rating,$37.50
GLMD,$8.55,1441221372420,"23,539",67% bullish,of 3 ratings,$20.50
GRMN,$37.0201,1441221372458,"266,872",50% bullish,of 6 ratings,$46.50
GGAC,NULL,1441221372552,0,100% bearish,of 1 rating,N/A
GGACU,$10.24,1441221372580,100,Not yet rated,NULL,N/A
GGACR,$0.259,1441221372690,"27,400",100% bullish,of 1 rating,N/A
GGACW,$0.1436,1441221372835,"3,816",Not yet rated,NULL,N/A
GARS,$14.4001,1441221372870,"30,609",Not yet rated,NULL,$16
GNCMA,$16.85,1441221372914,"58,422",100% bearish,of 1 rating,$12
GFN,$3.87,1441221372974,"3,828",100% bearish,of 2 ratings,$8
GFNSL,$25.75,1441221373004,"2,200",Not yet rated,NULL,N/A
GENC,NULL,1441221373026,0,100% bearish,of 1 rating,N/A
GENE,$2.36,1441221373078,"38,101",100% bullish,of 12 ratings,N/A
GFNCP,NULL,1441221373105,0,Not yet rated,NULL,N/A
GNMK,$9.67,1441221373386,"72,810",67% bullish,of 6 ratings,$14
GNTX,$15.485,1441221373474,"913,453",Not yet rated,NULL,$20
GNCA,$11.31,1441221373518,"60,770",100% bearish,of 1 rating,$20
THRM,$44.98,1441221373545,"75,069",75% bearish,of 4 ratings,$55.50
GNVC,$2.375,1441221373570,"4,334",90% bullish,of 10 ratings,$8.50
GHDX,$26.2,1441221373595,"105,894",50% bullish,of 2 ratings,$30
GTWN,$18.97,1441221373770,500,Not yet rated,NULL,N/A
GEOS,$16.85,1441221373830,"43,556",100% bearish,of 3 ratings,$21
GABC,$28.69,1441221373870,"6,158",Not yet rated,NULL,$31
GERN,$2.93,1441221373896,"839,355",88% bullish,of 16 ratings,$5.25
GIGM,$0.5214,1441221373961,"3,679",100% bullish,of 2 ratings,N/A
ROCK,$16.54,1441221374012,"82,235",80% bullish,of 5 ratings,$24
GEVO,$2.36,1441221374037,"147,699",75% bullish,of 12 ratings,$5
GIGA,$1.484,1441221374066,"30,458",100% bearish,of 1 rating,N/A
GILT,$4.1714,1441221374225,"1,536",50% bullish,of 2 ratings,N/A
GIII,$67.43,1441221374251,"557,072",67% bullish,of 3 ratings,$75
GILD,$102.82,1441221374383,"3,788,619",91% bullish,of 87 ratings,$129
GBCI,$25.61,1441221374408,"150,371",50% bullish,of 2 ratings,$31
GLADO,$25.5,1441221374466,"1,427",Not yet rated,NULL,N/A
GLAD,$8.637,1441221374491,"79,285",50% bullish,of 2 ratings,$8.75
GOODO,$25.4599,1441221374624,203,Not yet rated,NULL,N/A
GOODN,$25.609,1441221374652,100,Not yet rated,NULL,N/A
GOOD,$14.14,1441221374688,"33,323",Not yet rated,NULL,$19
GOODP,$25.2,1441221374709,"1,112",Not yet rated,NULL,N/A
GAINO,$25.19,1441221374789,1,Not yet rated,NULL,N/A
GAIN,$7.395,1441221374819,"57,077",100% bullish,of 2 ratings,$8.25
GAINN,$25.33,1441221374867,"24,096",Not yet rated,NULL,N/A
GAINP,$25.598,1441221374970,"6,544",Not yet rated,NULL,N/A
GLBZ,NULL,1441221375024,0,Not yet rated,NULL,N/A
LAND,$9.11,1441221375103,"17,666",50% bullish,of 2 ratings,$13.75
GBT,$49.91,1441221375163,"86,178",100% bearish,of 1 rating,N/A
GDEF,$10.65,1441221375229,400,Not yet rated,NULL,N/A
GBLI,$27.38,1441221375326,"7,574",Not yet rated,NULL,N/A
ENT,$11.01,1441221375353,"24,536",100% bearish,of 1 rating,$18
GPACU,NULL,1441221375498,0,Not yet rated,NULL,N/A
ACTX,$12.94,1441221375531,"3,200",100% bullish,of 1 rating,N/A
GSOL,$8.23,1441221375560,"13,319",100% bearish,of 1 rating,N/A
QQQC,$18.35,1441221375588,"6,300",100% bearish,of 1 rating,N/A
ALTY,$14.04,1441221375630,660,Not yet rated,NULL,N/A
SOCL,$17.235,1441221375660,"34,916",100% bullish,of 2 ratings,N/A
YLCO,$11.66,1441221375790,600,Not yet rated,NULL,N/A
SRET,$12.9145,1441221375861,"2,873",Not yet rated,NULL,N/A
GAI,$6.15,1441221375892,"1,300",50% bullish,of 2 ratings,N/A
GSM,$13.6,1441221376020,"112,343",50% bullish,of 2 ratings,$22
GLBS,$1.05,1441221376121,400,67% bullish,of 3 ratings,N/A
GBIM,$2.46,1441221376166,"5,476",50% bullish,of 2 ratings,N/A
GLRI,$1.04,1441221376199,"37,107",100% bearish,of 1 rating,$4.25
GLYC,$7,1441221376233,"1,300",50% bullish,of 2 ratings,$14
GLUU,$4.29,1441221376258,"753,838",92% bullish,of 26 ratings,$9
GLNG,$38.56,1441221376297,"343,187",83% bullish,of 6 ratings,$55.50
GOGO,$16.24,1441221376336,"380,661",80% bullish,of 5 ratings,$25
GLDC,$4.0001,1441221376434,"2,050",50% bullish,of 2 ratings,N/A
GMLP,$20.13,1441221376470,"81,578",50% bullish,of 4 ratings,$29
GOGL,$3.01,1441221376567,"139,615",75% bullish,of 4 ratings,$5
GDEN,$8.9501,1441221376598,"7,525",50% bullish,of 2 ratings,N/A
GBDC,$17.0533,1441221376699,"120,188",Not yet rated,NULL,$17.75
GOOG,$606.9,1441221376923,"737,374",88% bullish,of 73 ratings,$787.50
GOOGL,$637.83,1441221376958,"477,126",88% bullish,of 1082 ratings,$749
GPIA,NULL,1441221376985,0,100% bearish,of 1 rating,N/A
GTIM,$6.8101,1441221377010,"11,746",Not yet rated,NULL,$11.50
GPRO,$40.49,1441221377042,"10,316,252",78% bullish,of 58 ratings,$72
GPIAW,NULL,1441221377070,0,Not yet rated,NULL,N/A
GMAN,$3.68,1441221377091,"20,781",60% bullish,of 5 ratings,$8.50
LOPE,$36.69,1441221377143,"69,444",100% bearish,of 2 ratings,$50
GPIAU,$9.96,1441221377275,"4,600",Not yet rated,NULL,N/A
GBSN,$0.269,1441221377307,"2,927,935",50% bullish,of 2 ratings,$8.25
GBSNU,NULL,1441221377355,0,NULL,NULL,NULL
GRVY,NULL,1441221377406,0,50% bullish,of 2 ratings,N/A
GLDD,$5.46,1441221377542,"97,581",100% bearish,of 4 ratings,$7.75
GSBC,$40.33,1441221377644,"13,328",100% bullish,of 1 rating,$44
GRBK,$11.73,1441221377677,"82,169",77% bullish,of 13 ratings,N/A
GPRE,$20.08,1441221377743,"190,164",67% bullish,of 6 ratings,$28.50
GNBC,$11.76,1441221377778,"4,396",100% bearish,of 1 rating,$16.50
GCBC,$28.5,1441221377800,101,100% bullish,of 1 rating,N/A
GLRE,$24.95,1441221377878,"113,742",50% bullish,of 2 ratings,$41
GPP,$14.43,1441221377908,"24,860",Not yet rated,NULL,$20.50
GRIF,NULL,1441221377958,0,100% bearish,of 1 rating,N/A
GRPN,$4.315,1441221377987,"1,656,556",61% bullish,of 71 ratings,$6.75
GRFS,$29.7,1441221378093,"176,267",50% bullish,of 2 ratings,$35
OMAB,$41.33,1441221378119,"13,153",100% bullish,of 1 rating,$44
GGAL,$18.63,1441221378248,"61,109",80% bullish,of 5 ratings,$40
GSIG,$12.83,1441221378273,"6,600",100% bearish,of 2 ratings,N/A
GSIT,$4.59,1441221378411,"7,400",100% bearish,of 1 rating,N/A
GSVC,$8.7601,1441221378438,"31,299",50% bullish,of 2 ratings,$15.75
GTXI,$0.8943,1441221378519,"12,646",100% bullish,of 5 ratings,$.75
GUID,$7.06,1441221378623,"76,462",100% bearish,of 3 ratings,$10
GFED,$14.97,1441221378659,300,Not yet rated,NULL,$17
GIFI,$12.68,1441221378726,"31,229",100% bearish,of 1 rating,$16
GURE,$1.6999,1441221378752,"24,028",88% bullish,of 8 ratings,N/A
GBNK,$15.908,1441221378787,"64,060",100% bearish,of 1 rating,$18
GULTU,$0.33,1441221378819,"54,718",100% bearish,of 1 rating,N/A
GPOR,$34.04,1441221378846,"434,496",75% bullish,of 4 ratings,$54
GWPH,$104.55,1441221378930,"61,694",78% bullish,of 9 ratings,$148.50
GWGH,$8.12,1441221378978,100,100% bearish,of 1 rating,$15.05
GYRO,$30.65,1441221379125,"5,200",100% bearish,of 1 rating,N/A
HEES,$18.78,1441221379235,"199,835",67% bearish,of 3 ratings,$31
HNRG,$7.67,1441221379302,"35,152",100% bearish,of 1 rating,$10
HALL,$11.4,1441221379338,"4,085",Not yet rated,NULL,N/A
HALO,$17.45,1441221379364,"313,317",67% bullish,of 3 ratings,$22.50
HLG,NULL,1441221379392,0,100% bearish,of 1 rating,N/A
HBK,NULL,1441221379433,0,50% bullish,of 2 ratings,N/A
HMPR,$1.86,1441221379496,"9,799",100% bullish,of 1 rating,N/A
HBHC,$26.81,1441221379533,"130,965",50% bullish,of 2 ratings,$30
HBHCL,$24.32,1441221379949,"37,692",Not yet rated,NULL,N/A
HAFC,$23.72,1441221379975,"29,093",100% bullish,of 2 ratings,$28.50
HQCL,$12.35,1441221379996,"11,032",67% bullish,of 3 ratings,$14
HNH,$24.65,1441221380026,"18,567",100% bullish,of 1 rating,N/A
HDNG,$9.99,1441221380047,"4,047",50% bullish,of 4 ratings,N/A
HNSN,$0.538,1441221380080,"26,323",88% bullish,of 8 ratings,$.40
HLIT,$5.66,1441221380179,"110,505",100% bearish,of 1 rating,$6.50
HRMN,NULL,1441221380215,0,Not yet rated,NULL,N/A
HRMNU,NULL,1441221380315,0,Not yet rated,NULL,N/A
TINY,$2.42,1441221380349,"11,358",50% bullish,of 2 ratings,$5.26
HCAP,$11.9636,1441221380421,"2,157",50% bullish,of 2 ratings,$15
HBIO,$4.4,1441221380481,"36,680",100% bearish,of 1 rating,$10
HRMNW,$0.4375,1441221380512,100,Not yet rated,NULL,N/A
HART,$1.1301,1441221380534,"155,644",100% bearish,of 1 rating,N/A
HCAPL,$25.45,1441221380584,300,Not yet rated,NULL,N/A
HAS,$74.43,1441221380610,"981,580",63% bullish,of 8 ratings,$84.50
HA,$23.775,1441221380863,"313,862",67% bullish,of 9 ratings,$27
HWKN,$38.33,1441221380912,"4,856",Not yet rated,NULL,N/A
HCOM,$21.88,1441221380937,"3,313",100% bearish,of 1 rating,$28
HDS,$32.06,1441221380995,"847,880",100% bearish,of 2 ratings,$39.50
HQY,$29.82,1441221381071,"76,587",67% bullish,of 3 ratings,$35
HIIQ,$4.77,1441221381099,"17,834",50% bullish,of 2 ratings,$7
HCSG,$32.84,1441221381130,"66,523",50% bullish,of 4 ratings,$35
HWBK,$13.56,1441221381156,300,100% bearish,of 1 rating,N/A
HAYN,$38.26,1441221381234,"12,444",100% bearish,of 1 rating,$59
HSTM,$24.24,1441221381290,"64,974",50% bullish,of 2 ratings,$33.75
HTLD,$20.05,1441221381315,"218,636",Not yet rated,NULL,$22.50
HTWR,$62.96,1441221381451,"1,630,603",50% bullish,of 2 ratings,$103
HTLF,$35.9,1441221381488,"4,775",100% bullish,of 1 rating,$39.50
HWAY,$11.93,1441221381545,"84,674",100% bearish,of 1 rating,$15
HTBX,$4.1001,1441221381678,"18,720",50% bullish,of 2 ratings,$15.50
HMNY,NULL,1441221381725,0,100% bearish,of 1 rating,N/A
HSII,$19.94,1441221381761,"13,484",100% bullish,of 3 ratings,$25
HELE,$82.8,1441221381782,"69,655",67% bearish,of 3 ratings,$100
HMTV,$13.36,1441221381858,"3,139",100% bearish,of 1 rating,$16
HNNA,$24.65,1441221381889,"4,694",Not yet rated,NULL,N/A
HERO,NULL,1441221381984,0,NULL,NULL,NULL
HCACU,$9.99,1441221382018,700,Not yet rated,NULL,N/A
HSIC,$134.005,1441221382058,"126,726",83% bullish,of 6 ratings,$146
HFWA,$17.4,1441221382148,"83,417",100% bullish,of 1 rating,$20
HTBK,$10.31,1441221382176,"30,371",Not yet rated,NULL,$12
HCCI,$11.79,1441221382232,"14,655",100% bearish,of 1 rating,$16.50
HEOP,$7.67,1441221382257,"6,649",Not yet rated,NULL,$8.50
MLHR,$26.62,1441221382473,"172,423",50% bullish,of 2 ratings,$33.50
HRTX,$36.1925,1441221382505,"358,716",57% bullish,of 7 ratings,$41
HFFC,$15.99,1441221382553,"6,900",Not yet rated,NULL,N/A
HSKA,$34,1441221382602,"37,134",100% bearish,of 1 rating,$38
HIBB,$38.48,1441221382630,"177,748",100% bearish,of 1 rating,$46.50
HPJ,$2.1799,1441221382656,"24,822",75% bullish,of 4 ratings,$12.43
HIHO,$4.1376,1441221382677,"7,680",Not yet rated,NULL,N/A
HIMX,$6.72,1441221382806,"917,120",86% bullish,of 21 ratings,$8.50
HIFS,$114,1441221382831,"7,488",Not yet rated,NULL,N/A
HMNF,$10.9554,1441221383007,100,Not yet rated,NULL,N/A
HSGX,$6.03,1441221383038,"1,104",100% bearish,of 1 rating,$17
HOLX,$37.4,1441221383066,"1,817,411",50% bullish,of 4 ratings,$42
HMSY,$9.8201,1441221383091,"348,305",67% bullish,of 3 ratings,$19.35
HOLI,$16.705,1441221383142,"114,902",50% bullish,of 4 ratings,$27
HOMB,$37.05,1441221383275,"39,388",Not yet rated,NULL,$42
HBCP,$24.825,1441221383300,207,Not yet rated,NULL,$29
HFBL,$22,1441221383473,700,Not yet rated,NULL,N/A
HTBI,$18,1441221383554,"35,021",67% bullish,of 3 ratings,$18.625
AWAY,$27.915,1441221383584,"314,668",67% bullish,of 3 ratings,$36
HMIN,$25.41,1441221383605,"38,835",100% bearish,of 2 ratings,$35
HKTV,$4.28,1441221383641,"16,446",100% bearish,of 1 rating,N/A
HMST,$21.91,1441221383662,"75,852",100% bullish,of 2 ratings,$27
CETC,$0.7601,1441221383694,"30,095",86% bullish,of 7 ratings,N/A
HOFT,$23.55,1441221383748,"47,599",100% bearish,of 1 rating,N/A
HBNC,$23.85,1441221383918,"3,301",100% bullish,of 1 rating,$27
ZINC,$7.2,1441221383967,"667,040",100% bearish,of 1 rating,$17
HZNP,$29.88,1441221384000,"573,985",85% bullish,of 20 ratings,$40
HRZN,$10.4399,1441221384053,"7,961",50% bullish,of 2 ratings,$14.25
HFBC,$11.35,1441221384097,"2,200",Not yet rated,NULL,N/A
HDP,$23.434,1441221384186,"148,881",67% bearish,of 3 ratings,$30.50
HBMD,$13.832,1441221384355,249,100% bearish,of 1 rating,N/A
HSNI,$59.71,1441221384382,"45,791",Not yet rated,NULL,$80
HOVNP,$4,1441221384416,"5,100",100% bearish,of 1 rating,N/A
HWCC,$7.53,1441221384438,"66,987",100% bearish,of 1 rating,$9
HMHC,$22.12,1441221384471,"478,927",Not yet rated,NULL,$27
HTGM,$5.72,1441221384510,"2,803",100% bearish,of 1 rating,$19.50
HUBG,$37.38,1441221384573,"50,306",100% bearish,of 1 rating,$43
HCBK,$9,1441221384612,"895,014",83% bullish,of 6 ratings,$8.61
HBAN,$10.51,1441221384811,"2,467,507",76% bullish,of 17 ratings,$12.29
HSON,$2.71,1441221384837,"17,143",100% bearish,of 1 rating,$5
HBANP,$1347,1441221384862,29,100% bearish,of 1 rating,N/A
HDSN,$3.11,1441221384904,"5,900",100% bullish,of 1 rating,$6.25
HURC,$29.34,1441221384994,"11,242",100% bearish,of 1 rating,N/A
HTCH,$1.4,1441221385076,"64,795",100% bearish,of 1 rating,$3.50
HURN,$72.02,1441221385107,"47,380",50% bullish,of 2 ratings,$80
HDRA,NULL,1441221385207,0,Not yet rated,NULL,N/A
HDRAR,NULL,1441221385278,0,Not yet rated,NULL,N/A
HBP,$3.1296,1441221385311,"6,528",100% bullish,of 1 rating,N/A
HDRAU,$10.18,1441221385332,900,Not yet rated,NULL,N/A
HDRAW,NULL,1441221385366,0,Not yet rated,NULL,N/A
HYGS,$8.8397,1441221385387,"26,187",50% bullish,of 2 ratings,$13
IDSY,$3.69,1441221385464,"76,200",100% bearish,of 1 rating,$7
IACI,$69.65,1441221385561,"400,656",80% bullish,of 5 ratings,$90
IKGH,$1.44,1441221385617,"4,300",75% bullish,of 4 ratings,N/A
IBKC,$59.15,1441221385750,"33,706",100% bullish,of 1 rating,$70
ICAD,$3.71,1441221385858,"29,537",100% bullish,of 2 ratings,$7.25
IEP,$68.76,1441221385898,"36,348",75% bullish,of 4 ratings,$99
ICLR,$75.94,1441221385929,"168,656",100% bearish,of 3 ratings,$85
ICFI,$34.11,1441221385950,"25,962",50% bullish,of 2 ratings,$48.50
ICUI,$110.97,1441221385984,"78,699",Not yet rated,NULL,$122
ICON,$13.045,1441221386033,"297,555",50% bullish,of 2 ratings,$28
IPWR,$7.47,1441221386084,"7,198",100% bullish,of 1 rating,$15
IDRA,$2.84,1441221386244,"265,389",89% bullish,of 9 ratings,$6.50
IROQ,$16.83,1441221386329,100,100% bullish,of 1 rating,N/A
INVE,$4.5,1441221386396,"24,380",75% bullish,of 4 ratings,$4
DSKY,$10.9,1441221386423,"32,815",67% bullish,of 6 ratings,$11.50
IDXX,$72.11,1441221386444,"196,246",100% bearish,of 1 rating,$76
IRG,$4.96,1441221386472,"8,416",100% bearish,of 1 rating,$4.25
RXDX,$14.26,1441221386601,"58,624",100% bullish,of 1 rating,$20
IIVI,$16.49,1441221386704,"96,000",100% bearish,of 1 rating,$22
IKNX,NULL,1441221386759,0,100% bearish,of 1 rating,N/A
IKAN,$2.74,1441221386789,"16,483",83% bullish,of 6 ratings,$5
KANG,$15.53,1441221386866,"244,575",50% bullish,of 2 ratings,$23.10
IMMR,$11.62,1441221386894,"112,601",80% bullish,of 5 ratings,$15.50
ILMN,$195.67,1441221386926,"219,885",80% bullish,of 5 ratings,$245
ICCC,$6.5501,1441221386969,"21,955",100% bullish,of 1 rating,N/A
ISNS,$4.125,1441221387109,"6,394",50% bullish,of 2 ratings,N/A
IMDZ,$16.46,1441221387134,"25,733",100% bearish,of 1 rating,$33
IMGN,$13.26,1441221387197,"284,138",75% bullish,of 4 ratings,$17.50
IPXL,$40.72,1441221387300,"137,298",67% bullish,of 3 ratings,$46.50
IMMU,$2.12,1441221387326,"258,447",86% bullish,of 7 ratings,$2
IMNP,$1.23,1441221387354,"34,465",50% bullish,of 2 ratings,$6
IMMY,$7.73,1441221387382,"1,203",100% bearish,of 1 rating,$11
INCR,$42.49,1441221387407,"204,539",50% bullish,of 2 ratings,$53
INCY,$119.62,1441221387598,"798,303",50% bullish,of 6 ratings,$125.50
SAAS,$7.18,1441221387646,"298,221",50% bullish,of 2 ratings,$15
INDB,$44,1441221387733,"36,749",Not yet rated,NULL,$44
IBCP,$14.02,1441221387759,"41,994",100% bullish,of 1 rating,$14.50
IBTX,$39.87,1441221387786,"7,156",100% bullish,of 2 ratings,$47.25
INFN,$21.88,1441221387919,"339,893",71% bullish,of 7 ratings,$28
IDSA,NULL,1441221387947,0,Not yet rated,NULL,N/A
INFI,$8.94,1441221387972,"133,880",50% bullish,of 4 ratings,$16.50
IPCC,$75.76,1441221388125,"11,149",Not yet rated,NULL,$77.50
III,$3.75,1441221388159,"63,236",57% bullish,of 7 ratings,$6
IMKTA,$49.73,1441221388224,"32,241",100% bearish,of 1 rating,N/A
INWK,$7.0199,1441221388250,"50,156",50% bullish,of 2 ratings,$10
IFON,$1.3,1441221388277,"11,324",75% bullish,of 4 ratings,N/A
INNL,NULL,1441221388298,0,100% bearish,of 1 rating,$16.50
INOD,$2.35,1441221388331,"1,837",100% bearish,of 1 rating,N/A
IOSP,$49.5,1441221388547,"154,619",100% bearish,of 1 rating,N/A
IPHS,$46.57,1441221388647,"29,004",100% bearish,of 1 rating,$60
ISSC,$2.82,1441221388673,"16,600",67% bearish,of 3 ratings,N/A
ITEK,$14.0138,1441221388700,"469,913",100% bearish,of 3 ratings,$20
INGN,$49.985,1441221388720,"65,283",100% bearish,of 1 rating,$50.50
INOV,$21.752,1441221388748,"202,031",100% bearish,of 1 rating,$33
INO,$7.0799,1441221388903,"383,863",89% bullish,of 18 ratings,$20
ISIG,$2.7,1441221389036,"5,450",100% bearish,of 1 rating,N/A
INSM,$24.55,1441221389066,"104,276",71% bullish,of 7 ratings,$31.50
NSIT,$24.76,1441221389087,"84,380",50% bullish,of 2 ratings,N/A
INSY,$33.73,1441221389114,"210,909",75% bullish,of 4 ratings,$48
IIIN,$17.46,1441221389151,"13,099",100% bearish,of 2 ratings,N/A
PODD,$28.56,1441221389220,"87,083",67% bearish,of 3 ratings,$35
IART,$59.82,1441221389253,"135,298",100% bearish,of 2 ratings,$71.50
NTEC,$5.66,1441221389349,"4,620",100% bearish,of 1 rating,N/A
ISSI,$22,1441221389479,"69,603",67% bullish,of 3 ratings,$19.75
IESC,$7.21,1441221389504,"1,605",100% bearish,of 1 rating,N/A
IDTI,$18.74,1441221389530,"675,709",60% bullish,of 5 ratings,$25
IQNT,$18.53,1441221389662,"84,344",86% bullish,of 7 ratings,$20
IPCI,$2.28,1441221389711,"22,858",67% bullish,of 6 ratings,$8
IPAR,$24.94,1441221389738,"16,997",67% bullish,of 3 ratings,$38
INTC,$28.2399,1441221389759,"13,974,037",82% bullish,of 238 ratings,$36
ICLD,$1.88,1441221389815,"86,774",75% bullish,of 4 ratings,N/A
ICPT,$186.789,1441221389897,"76,941",70% bullish,of 10 ratings,$359.50
ICLDW,$1.17,1441221389947,200,100% bearish,of 1 rating,N/A
IBKR,$37.345,1441221389998,"450,245",100% bullish,of 1 rating,N/A
ININ,$34.53,1441221390079,"34,599",67% bearish,of 3 ratings,$57
IDCC,$48.54,1441221390133,"61,886",80% bullish,of 5 ratings,$63
TILE,$23.97,1441221390231,"208,003",100% bearish,of 3 ratings,$27
IMI,$2.02,1441221390331,"5,444",67% bullish,of 3 ratings,$2.22
INAP,$9.04,1441221390365,"250,697",75% bullish,of 4 ratings,$11
IGLD,$7.35,1441221390412,520,50% bullish,of 2 ratings,N/A
ISCA,$32.17,1441221390462,"23,772",100% bearish,of 1 rating,N/A
IBOC,$24.78,1441221390491,"32,736",100% bearish,of 1 rating,N/A
PTNT,$3.02,1441221390519,200,Not yet rated,NULL,N/A
IIJI,$9.14,1441221390543,100,50% bullish,of 2 ratings,$11.50
INPH,NULL,1441221390736,0,50% bullish,of 2 ratings,N/A
XENT,$25.8,1441221390764,"41,370",50% bullish,of 2 ratings,$36.50
ISIL,$10.41,1441221390800,"333,373",50% bullish,of 6 ratings,$15
INTX,$2.03,1441221390844,"32,276",67% bullish,of 3 ratings,N/A
IILG,$19.495,1441221390981,"19,384",100% bearish,of 1 rating,$29
IVAC,$4.62,1441221391002,"15,584",100% bearish,of 1 rating,$6.625
INTL,$25.42,1441221391036,"50,825",67% bearish,of 3 ratings,N/A
IIN,$6.6,1441221391170,"1,500",100% bearish,of 1 rating,$12
INTLL,$25.6138,1441221391201,"6,000",Not yet rated,NULL,N/A
ITCI,$27.19,1441221391235,"614,842",75% bearish,of 4 ratings,$40
INTU,$85.26,1441221391261,"806,467",86% bullish,of 7 ratings,$107.50
ISRG,$507.195,1441221391302,"78,052",67% bullish,of 3 ratings,$600
INVT,$0.3203,1441221391331,"121,700",67% bullish,of 3 ratings,N/A
SNAK,$8.37,1441221391465,"27,764",50% bullish,of 2 ratings,$14
ISTR,$15.6,1441221391494,849,100% bearish,of 1 rating,$18.50
ISBC,$11.5,1441221391598,"1,378,072",100% bullish,of 1 rating,$13.25
IVTY,$13.74,1441221391700,"6,782",Not yet rated,NULL,$18
ITIC,$71.12,1441221391729,400,100% bearish,of 2 ratings,N/A
NVIV,$9.29,1441221391760,"59,409",50% bullish,of 4 ratings,$24.50
IPAS,$1.04,1441221391780,"210,343",67% bullish,of 3 ratings,N/A
IPCM,$79.49,1441221391866,"161,929",50% bullish,of 2 ratings,$80.125
DTUL,NULL,1441221391912,0,Not yet rated,NULL,N/A
DFVL,NULL,1441221392041,0,Not yet rated,NULL,N/A
IRMD,$23.3201,1441221392144,"12,506",67% bearish,of 3 ratings,$25
IRIX,$6.81,1441221392173,"6,149",100% bearish,of 1 rating,N/A
IRDMB,$267.5,1441221392226,"10,873",67% bearish,of 3 ratings,N/A
IPGP,$82.83,1441221392299,"163,588",67% bearish,of 3 ratings,$109.50
IRDM,$6.9,1441221392324,"1,241,425",60% bullish,of 5 ratings,$11.50
IRBT,$29.3,1441221392359,"85,119",67% bullish,of 6 ratings,$37
IRCP,NULL,1441221392403,0,100% bullish,of 2 ratings,N/A
IRWD,$10.93,1441221392485,"564,852",100% bearish,of 1 rating,$13
COMT,$33.0597,1441221392587,"4,841",100% bearish,of 1 rating,N/A
GNMA,$50.2,1441221392851,"1,086",Not yet rated,NULL,N/A
FCHI,NULL,1441221393911,0,NULL,NULL,NULL
IFAS,NULL,1441221393988,0,NULL,NULL,NULL
IFEU,$37.6152,1441221394268,"8,089",Not yet rated,NULL,N/A
IFGL,$27.87,1441221394398,"28,426",Not yet rated,NULL,N/A
IFNA,NULL,1441221395297,0,NULL,NULL,NULL
AXJS,NULL,1441221395603,0,NULL,NULL,NULL
AAXJ,$52.06,1441221395656,"735,109",Not yet rated,NULL,N/A
ACWX,$39.78,1441221395687,"487,373",100% bearish,of 1 rating,N/A
ACWI,$54.59,1441221395716,"3,155,244",Not yet rated,NULL,N/A
AAIT,NULL,1441221395734,0,NULL,NULL,NULL
EEME,NULL,1441221395752,0,NULL,NULL,NULL
EMDI,NULL,1441221395786,0,NULL,NULL,NULL
EEMA,$49.09,1441221395812,"32,396",Not yet rated,NULL,N/A
EMEY,NULL,1441221395898,0,NULL,NULL,NULL
EGRW,NULL,1441221395957,0,NULL,NULL,NULL
EEML,$26.6707,1441221396026,250,Not yet rated,NULL,N/A
EVAL,NULL,1441221396051,0,NULL,NULL,NULL
EUFN,$21.3828,1441221396119,"59,158",100% bearish,of 1 rating,N/A
QAT,$21.33,1441221396223,4,Not yet rated,NULL,N/A
IEUS,$44.54,1441221396248,"4,406",100% bearish,of 1 rating,N/A
UAE,$17.52,1441221396384,"9,579",Not yet rated,NULL,N/A
EMIF,$27.776,1441221396491,"3,879",Not yet rated,NULL,N/A
ICLN,$9.21,1441221396515,"20,550",50% bullish,of 2 ratings,N/A
WOOD,$47.1599,1441221396544,"23,030",50% bullish,of 2 ratings,N/A
SOXX,$81.24,1441221396569,"240,457",50% bullish,of 2 ratings,N/A
IBB,$340.61,1441221396602,"399,467",63% bullish,of 8 ratings,N/A
INDY,$26.67,1441221396699,"45,951",50% bullish,of 2 ratings,N/A
ISHG,$79.6901,1441221396727,"12,610",100% bearish,of 1 rating,N/A
IGOV,$91.0099,1441221396788,"49,949",100% bearish,of 1 rating,N/A
ISLE,$18.83,1441221396977,"728,750",50% bullish,of 4 ratings,$16
ITRI,$29.25,1441221397051,"94,296",100% bearish,of 1 rating,$37
ISRL,$126.18,1441221397078,2,100% bearish,of 1 rating,N/A
ISIS,$51.05,1441221397104,"564,718",53% bullish,of 15 ratings,$67
ITRN,$23.81,1441221397133,"1,507",50% bullish,of 2 ratings,N/A
XXIA,$15.14,1441221397239,"115,284",71% bullish,of 7 ratings,$14.625
ITUS,$4.0799,1441221397269,"3,800",Not yet rated,NULL,N/A
IXYS,$11.17,1441221397373,"90,125",50% bullish,of 4 ratings,N/A
JJSF,$112.315,1441221397551,"19,536",100% bearish,of 1 rating,N/A
MAYS,$57,1441221397583,300,Not yet rated,NULL,N/A
JASO,$7.87,1441221397605,"383,641",82% bullish,of 17 ratings,$10
JBHT,$73.155,1441221397625,"492,907",50% bullish,of 4 ratings,$89.50
JKHY,$66.2824,1441221397664,"208,054",67% bearish,of 3 ratings,$72
JCOM,$66.64,1441221397693,"115,631",100% bullish,of 2 ratings,$77
JACK,$77.5,1441221397771,"193,003",71% bullish,of 7 ratings,$105
JAXB,NULL,1441221397999,0,100% bullish,of 1 rating,N/A
JXSB,NULL,1441221398026,0,Not yet rated,NULL,N/A
JAGX,$3.3999,1441221398052,"5,004",Not yet rated,NULL,$10.50
JAKK,$9.52,1441221398187,"155,828",60% bearish,of 5 ratings,$11
JMBA,$14.31,1441221398218,"82,610",75% bullish,of 4 ratings,$18
JRVR,$27.07,1441221398274,"30,305",Not yet rated,NULL,$32
JASN,$4.9,1441221398302,"7,753",50% bullish,of 2 ratings,$9.50
ERW,NULL,1441221398327,0,Not yet rated,NULL,N/A
JASNW,NULL,1441221398358,0,50% bullish,of 2 ratings,N/A
JAZZ,$165.955,1441221398386,"77,095",80% bullish,of 15 ratings,$206.50
JD,$24.45,1441221398458,"3,014,996",75% bullish,of 16 ratings,$36
JBLU,$23.32,1441221398536,"3,737,718",94% bullish,of 18 ratings,$27
JTPY,NULL,1441221398561,0,100% bearish,of 1 rating,N/A
JCTCF,$9.65,1441221398736,100,100% bullish,of 1 rating,N/A
JST,$3.79,1441221398778,"3,770",75% bullish,of 4 ratings,N/A
DATE,$6.29,1441221398808,"47,530",75% bullish,of 4 ratings,$9
WYIGU,NULL,1441221398864,0,100% bearish,of 1 rating,N/A
JBSS,$49.64,1441221398940,"13,816",67% bearish,of 3 ratings,N/A
JIVE,$4.6,1441221399000,"107,751",75% bullish,of 4 ratings,$5
JOEZ,$0.17,1441221399033,"139,947",92% bullish,of 12 ratings,N/A
JUNO,$35.495,1441221399131,"437,172",73% bullish,of 11 ratings,$71.50
JOUT,$24.055,1441221399157,"8,116",100% bearish,of 1 rating,$34
JNP,$11.6,1441221399284,"64,511",100% bullish,of 3 ratings,$15
KBIO,$2.06,1441221399316,"10,481",50% bullish,of 4 ratings,N/A
KALU,$81.16,1441221399347,"74,541",67% bearish,of 3 ratings,$91
KMDA,$3.5,1441221399413,"2,700",50% bullish,of 2 ratings,$8
KTWO,$20.92,1441221399443,"38,240",100% bearish,of 1 rating,$28.50
KNDI,$6.28,1441221399572,"142,620",86% bullish,of 22 ratings,N/A
KCLI,$46.5188,1441221399601,"9,525",Not yet rated,NULL,N/A
KPTI,$14.39,1441221399704,"163,652",67% bearish,of 3 ratings,$39
KBSF,NULL,1441221399736,0,100% bullish,of 1 rating,N/A
KELYA,$14.44,1441221399766,"28,995",67% bullish,of 6 ratings,$20
KCAP,$4.6399,1441221399838,"34,098",75% bullish,of 4 ratings,$6
